  <div class='ocr_page' id='page_1' title='image "/cluster/home/n/w/nwhite01/storage/ocr_20150623/55/nnc1.0046980016/242.png"; bbox 0 0 4108 6344; ppageno 0'>
   <div class='ocr_carea' id='block_1_1' title="bbox 384 480 1953 554">
    <p class='ocr_par' dir='ltr' id='par_1_1' title="bbox 384 480 1953 554">
     <span class='ocr_line' id='line_1_1' title="bbox 384 480 1953 554; baseline -0.006 -17"><span class='ocrx_word' id='word_1_1' title='bbox 384 486 522 545; x_wconf 76' lang='grc' dir='ltr'>πῶν,</span> <span class='ocrx_word' id='word_1_2' title='bbox 545 483 637 541; x_wconf 69' lang='grc' dir='ltr'>καὶ</span> <span class='ocrx_word' id='word_1_3' title='bbox 653 484 721 538; x_wconf 82' lang='grc' dir='ltr'>τὰ</span> <span class='ocrx_word' id='word_1_4' title='bbox 741 483 892 554; x_wconf 82' lang='grc' dir='ltr'>χείλη</span> <span class='ocrx_word' id='word_1_5' title='bbox 912 485 1139 537; x_wconf 87' lang='grc' dir='ltr'>κινεῖται</span> <span class='ocrx_word' id='word_1_6' title='bbox 1164 483 1356 552; x_wconf 84' lang='grc' dir='ltr'>μάτην,</span> <span class='ocrx_word' id='word_1_7' title='bbox 1378 483 1471 536; x_wconf 68' lang='grc' dir='ltr'>καὶ</span> <span class='ocrx_word' id='word_1_8' title='bbox 1504 482 1593 534; x_wconf 79' lang='grc' dir='ltr'>ἐπὶ</span> <span class='ocrx_word' id='word_1_9' title='bbox 1634 480 1953 548; x_wconf 79' lang='grc' dir='ltr'>κατακρίσει</span> 
     </span>
    </p>
   </div>
   <div class='ocr_carea' id='block_1_2' title="bbox 381 561 1957 638">
    <p class='ocr_par' dir='ltr' id='par_1_2' title="bbox 381 561 1957 638">
     <span class='ocr_line' id='line_1_2' title="bbox 381 561 1957 638; baseline -0.003 -22"><span class='ocrx_word' id='word_1_10' title='bbox 381 565 476 619; x_wconf 79' lang='grc' dir='ltr'>τοῦ</span> <span class='ocrx_word' id='word_1_11' title='bbox 515 565 889 638; x_wconf 77' lang='grc' dir='ltr'>λέγοντος.Ἂν</span> <span class='ocrx_word' id='word_1_12' title='bbox 909 566 966 619; x_wconf 80' lang='grc' dir='ltr'>δὲ</span> <span class='ocrx_word' id='word_1_13' title='bbox 985 566 1082 632; x_wconf 78' lang='grc' dir='ltr'>τὴν</span> <span class='ocrx_word' id='word_1_14' title='bbox 1101 565 1335 620; x_wconf 86' lang='grc' dir='ltr'>διάνοιάν</span> <span class='ocrx_word' id='word_1_15' title='bbox 1353 581 1436 628; x_wconf 77' lang='grc' dir='ltr'>τις</span> <span class='ocrx_word' id='word_1_16' title='bbox 1471 565 1757 635; x_wconf 82' lang='grc' dir='ltr'>ἐρευνήσῃ,</span> <span class='ocrx_word' id='word_1_17' title='bbox 1793 561 1957 613; x_wconf 76' lang='grc' dir='ltr'>πολὺν</span> 
     </span>
    </p>
   </div>
   <div class='ocr_carea' id='block_1_3' title="bbox 385 645 1956 721">
    <p class='ocr_par' dir='ltr' id='par_1_3' title="bbox 385 645 1956 721">
     <span class='ocr_line' id='line_1_3' title="bbox 385 645 1956 721; baseline -0.006 -17"><span class='ocrx_word' id='word_1_18' title='bbox 385 652 606 721; x_wconf 76' lang='grc' dir='ltr'>εύριισει</span> <span class='ocrx_word' id='word_1_19' title='bbox 623 649 716 701; x_wconf 78' lang='grc' dir='ltr'>τὸν</span> <span class='ocrx_word' id='word_1_20' title='bbox 735 650 967 719; x_wconf 75' lang='grc' dir='ltr'>πόλεμον</span> <span class='ocrx_word' id='word_1_21' title='bbox 987 650 1135 703; x_wconf 78' lang='grc' dir='ltr'>ὄντα.</span> <span class='ocrx_word' id='word_1_22' title='bbox 1152 649 1234 702; x_wconf 89' lang='grc' dir='ltr'>Σὺ</span> <span class='ocrx_word' id='word_1_23' title='bbox 1255 648 1322 702; x_wconf 75' lang='grc' dir='ltr'>δὲ</span> <span class='ocrx_word' id='word_1_24' title='bbox 1340 649 1636 718; x_wconf 82' lang='grc' dir='ltr'>ἐμίσησας</span> <span class='ocrx_word' id='word_1_25' title='bbox 1661 645 1956 706; x_wconf 74' lang='grc' dir='ltr'>παιδείαν,</span> 
     </span>
    </p>
   </div>
   <div class='ocr_carea' id='block_1_4' title="bbox 385 730 1958 802">
    <p class='ocr_par' dir='ltr' id='par_1_4' title="bbox 385 730 1958 802">
     <span class='ocr_line' id='line_1_4' title="bbox 385 730 1958 802; baseline -0.004 -16"><span class='ocrx_word' id='word_1_26' title='bbox 385 734 484 786; x_wconf 77' lang='grc' dir='ltr'>καὶ</span> <span class='ocrx_word' id='word_1_27' title='bbox 519 731 799 798; x_wconf 73' lang='grc' dir='ltr'>ἐξέϐαλες</span> <span class='ocrx_word' id='word_1_28' title='bbox 838 733 978 798; x_wconf 90' lang='grc' dir='ltr'><em>τοὺς</em></span> <span class='ocrx_word' id='word_1_29' title='bbox 1013 734 1234 802; x_wconf 72' lang='grc' dir='ltr'>λόγους</span> <span class='ocrx_word' id='word_1_30' title='bbox 1256 749 1374 801; x_wconf 87' lang='grc' dir='ltr'>μου</span> <span class='ocrx_word' id='word_1_31' title='bbox 1399 734 1484 796; x_wconf 84' lang='grc' dir='ltr'><em>είς</em></span> <span class='ocrx_word' id='word_1_32' title='bbox 1502 730 1565 783; x_wconf 84' lang='grc' dir='ltr'>τὸ</span> <span class='ocrx_word' id='word_1_33' title='bbox 1589 731 1797 782; x_wconf 84' lang='grc' dir='ltr'>ὀπίσω.</span> <span class='ocrx_word' id='word_1_34' title='bbox 1822 730 1958 782; x_wconf 85' lang='grc' dir='ltr'>Παι-</span> 
     </span>
    </p>
   </div>
   <div class='ocr_carea' id='block_1_5' title="bbox 384 810 1961 888">
    <p class='ocr_par' dir='ltr' id='par_1_5' title="bbox 384 810 1961 888">
     <span class='ocr_line' id='line_1_5' title="bbox 384 810 1961 888; baseline -0.005 -18"><span class='ocrx_word' id='word_1_35' title='bbox 384 818 531 870; x_wconf 88' lang='grc' dir='ltr'>δείαν</span> <span class='ocrx_word' id='word_1_36' title='bbox 567 815 801 870; x_wconf 88' lang='grc' dir='ltr'>ἐνταῦθά</span> <span class='ocrx_word' id='word_1_37' title='bbox 838 833 971 886; x_wconf 84' lang='grc' dir='ltr'>φησι</span> <span class='ocrx_word' id='word_1_38' title='bbox 1010 817 1108 888; x_wconf 83' lang='grc' dir='ltr'>τὴν</span> <span class='ocrx_word' id='word_1_39' title='bbox 1148 815 1241 869; x_wconf 91' lang='grc' dir='ltr'>τοῦ</span> <span class='ocrx_word' id='word_1_40' title='bbox 1277 817 1441 886; x_wconf 72' lang='grc' dir='ltr'>νόμου</span> <span class='ocrx_word' id='word_1_41' title='bbox 1477 811 1842 874; x_wconf 88' lang='grc' dir='ltr'>διδασκαλίαν,</span> <span class='ocrx_word' id='word_1_42' title='bbox 1863 810 1961 882; x_wconf 77' lang='grc' dir='ltr'>τὴν</span> 
     </span>
    </p>
   </div>
   <div class='ocr_carea' id='block_1_6' title="bbox 383 895 1962 970">
    <p class='ocr_par' dir='ltr' id='par_1_6' title="bbox 383 895 1962 970">
     <span class='ocr_line' id='line_1_6' title="bbox 383 895 1962 970; baseline -0.009 -11"><span class='ocrx_word' id='word_1_43' title='bbox 383 899 522 970; x_wconf 70' lang='grc' dir='ltr'>τὴνα</span> <span class='ocrx_word' id='word_1_44' title='bbox 561 898 740 969; x_wconf 79' lang='grc' dir='ltr'>ψυχὴν</span> <span class='ocrx_word' id='word_1_45' title='bbox 779 897 1162 969; x_wconf 76' lang='grc' dir='ltr'>ρυθμίζουσαν,</span> <span class='ocrx_word' id='word_1_46' title='bbox 1183 899 1280 970; x_wconf 85' lang='grc' dir='ltr'>τὴν</span> <span class='ocrx_word' id='word_1_47' title='bbox 1300 901 1396 970; x_wconf 85' lang='grc' dir='ltr'>τὴν</span> <span class='ocrx_word' id='word_1_48' title='bbox 1417 899 1612 951; x_wconf 93' lang='grc' dir='ltr'>κακίαν</span> <span class='ocrx_word' id='word_1_49' title='bbox 1635 895 1962 948; x_wconf 83' lang='grc' dir='ltr'>ἀπελαύνου-</span> 
     </span>
    </p>
   </div>
   <div class='ocr_carea' id='block_1_7' title="bbox 388 974 1964 1054">
    <p class='ocr_par' dir='ltr' id='par_1_7' title="bbox 388 974 1964 1054">
     <span class='ocr_line' id='line_1_7' title="bbox 388 974 1964 1054; baseline -0.008 -16"><span class='ocrx_word' id='word_1_50' title='bbox 388 1000 507 1047; x_wconf 85' lang='grc' dir='ltr'>σαν,</span> <span class='ocrx_word' id='word_1_51' title='bbox 529 984 622 1035; x_wconf 80' lang='grc' dir='ltr'>καὶ</span> <span class='ocrx_word' id='word_1_52' title='bbox 657 984 754 1052; x_wconf 81' lang='grc' dir='ltr'>τὴν</span> <span class='ocrx_word' id='word_1_53' title='bbox 795 983 992 1054; x_wconf 84' lang='grc' dir='ltr'>ἀρετὴν</span> <span class='ocrx_word' id='word_1_54' title='bbox 1022 981 1516 1050; x_wconf 81' lang='grc' dir='ltr'>καταφυτεύουσαν.</span> <span class='ocrx_word' id='word_1_55' title='bbox 1541 980 1664 1042; x_wconf 84' lang='grc' dir='ltr'>Πῶς</span> <span class='ocrx_word' id='word_1_56' title='bbox 1682 974 1774 1031; x_wconf 84' lang='grc' dir='ltr'>οῦν</span> <span class='ocrx_word' id='word_1_57' title='bbox 1796 978 1964 1045; x_wconf 78' lang='grc' dir='ltr'>αὐτὴν</span> 
     </span>
    </p>
   </div>
   <div class='ocr_carea' id='block_1_8' title="bbox 392 1060 1964 1136">
    <p class='ocr_par' dir='ltr' id='par_1_8' title="bbox 392 1060 1964 1136">
     <span class='ocr_line' id='line_1_8' title="bbox 392 1060 1964 1136; baseline -0.003 -18"><span class='ocrx_word' id='word_1_58' title='bbox 392 1064 804 1136; x_wconf 72' lang='grc' dir='ltr'>μεταχειρίζεις,</span> <span class='ocrx_word' id='word_1_59' title='bbox 826 1067 919 1117; x_wconf 76' lang='grc' dir='ltr'>καὶ</span> <span class='ocrx_word' id='word_1_60' title='bbox 939 1068 1016 1127; x_wconf 81' lang='grc' dir='ltr'>εἰς</span> <span class='ocrx_word' id='word_1_61' title='bbox 1039 1065 1254 1134; x_wconf 81' lang='grc' dir='ltr'>ἐτέρους</span> <span class='ocrx_word' id='word_1_62' title='bbox 1279 1063 1538 1128; x_wconf 78' lang='grc' dir='ltr'>σπείρεις,</span> <span class='ocrx_word' id='word_1_63' title='bbox 1563 1062 1722 1125; x_wconf 77' lang='grc' dir='ltr'>αὐτὸς</span> <span class='ocrx_word' id='word_1_64' title='bbox 1755 1061 1836 1114; x_wconf 75' lang='grc' dir='ltr'>διὰ</span> <span class='ocrx_word' id='word_1_65' title='bbox 1858 1060 1964 1113; x_wconf 86' lang='grc' dir='ltr'>τῶν</span> 
     </span>
    </p>
   </div>
   <div class='ocr_carea' id='block_1_9' title="bbox 392 1142 1960 1220">
    <p class='ocr_par' dir='ltr' id='par_1_9' title="bbox 392 1142 1960 1220">
     <span class='ocr_line' id='line_1_9' title="bbox 392 1142 1960 1220; baseline -0.005 -17"><span class='ocrx_word' id='word_1_66' title='bbox 392 1151 564 1220; x_wconf 85' lang='grc' dir='ltr'>Ιίργων</span> <span class='ocrx_word' id='word_1_67' title='bbox 602 1149 769 1218; x_wconf 77' lang='grc' dir='ltr'>αὐτὴν</span> <span class='ocrx_word' id='word_1_68' title='bbox 813 1147 886 1219; x_wconf 81' lang='grc' dir='ltr'>μὴ</span> <span class='ocrx_word' id='word_1_69' title='bbox 921 1147 1092 1218; x_wconf 78' lang='grc' dir='ltr'>ἔχων;</span> <span class='ocrx_word' id='word_1_70' title='bbox 1124 1149 1432 1213; x_wconf 73' lang='grc' dir='ltr'><em>Ὲξέὅαλες</em></span> <span class='ocrx_word' id='word_1_71' title='bbox 1470 1147 1598 1217; x_wconf 72' lang='grc' dir='ltr'>γὰρ,</span> <span class='ocrx_word' id='word_1_72' title='bbox 1638 1145 1790 1216; x_wconf 67' lang='grc' dir='ltr'>φησι,</span> <span class='ocrx_word' id='word_1_73' title='bbox 1825 1142 1960 1208; x_wconf 82' lang='grc' dir='ltr'><em>τοὺς</em></span> 
     </span>
    </p>
   </div>
   <div class='ocr_carea' id='block_1_10' title="bbox 389 1231 1164 1300">
    <p class='ocr_par' dir='ltr' id='par_1_10' title="bbox 389 1231 1164 1300">
     <span class='ocr_line' id='line_1_10' title="bbox 389 1231 1164 1300; baseline -0.006 -14"><span class='ocrx_word' id='word_1_74' title='bbox 389 1236 612 1300; x_wconf 70' lang='grc' dir='ltr'>λόγους</span> <span class='ocrx_word' id='word_1_75' title='bbox 625 1249 742 1299; x_wconf 82' lang='grc' dir='ltr'>μου</span> <span class='ocrx_word' id='word_1_76' title='bbox 762 1233 844 1296; x_wconf 85' lang='grc' dir='ltr'>είς</span> <span class='ocrx_word' id='word_1_77' title='bbox 865 1231 936 1283; x_wconf 85' lang='grc' dir='ltr'><em>τὰ</em></span> <span class='ocrx_word' id='word_1_78' title='bbox 957 1231 1164 1282; x_wconf 72' lang='grc' dir='ltr'>ὀπίσω.</span> 
     </span>
    </p>
   </div>
   <div class='ocr_carea' id='block_1_11' title="bbox 464 1308 1964 1385">
    <p class='ocr_par' dir='ltr' id='par_1_11' title="bbox 464 1308 1964 1385">
     <span class='ocr_line' id='line_1_11' title="bbox 464 1308 1964 1385; baseline -0.005 -18"><span class='ocrx_word' id='word_1_79' title='bbox 464 1314 610 1378; x_wconf 79' lang='grc' dir='ltr'>ζ’.ού</span> <span class='ocrx_word' id='word_1_80' title='bbox 624 1317 730 1385; x_wconf 87' lang='grc' dir='ltr'>γὰρ</span> <span class='ocrx_word' id='word_1_81' title='bbox 749 1314 907 1383; x_wconf 78' lang='grc' dir='ltr'>μόνον</span> <span class='ocrx_word' id='word_1_82' title='bbox 926 1315 984 1366; x_wconf 81' lang='grc' dir='ltr'>ού</span> <span class='ocrx_word' id='word_1_83' title='bbox 1009 1311 1314 1383; x_wconf 86' lang='grc' dir='ltr'>προέθηκάς</span> <span class='ocrx_word' id='word_1_84' title='bbox 1332 1329 1384 1364; x_wconf 88' lang='grc' dir='ltr'>τι</span> <span class='ocrx_word' id='word_1_85' title='bbox 1405 1309 1554 1381; x_wconf 85' lang='grc' dir='ltr'>παρά</span> <span class='ocrx_word' id='word_1_86' title='bbox 1573 1310 1671 1379; x_wconf 81' lang='grc' dir='ltr'>τῆς</span> <span class='ocrx_word' id='word_1_87' title='bbox 1689 1308 1782 1361; x_wconf 92' lang='grc' dir='ltr'>τοῦ</span> <span class='ocrx_word' id='word_1_88' title='bbox 1802 1309 1964 1378; x_wconf 78' lang='grc' dir='ltr'>νόμου</span> 
     </span>
    </p>
   </div>
   <div class='ocr_carea' id='block_1_12' title="bbox 393 1393 1968 1465">
    <p class='ocr_par' dir='ltr' id='par_1_12' title="bbox 393 1393 1968 1465">
     <span class='ocr_line' id='line_1_12' title="bbox 393 1393 1968 1465; baseline -0.004 -14"><span class='ocrx_word' id='word_1_89' title='bbox 393 1397 755 1458; x_wconf 79' lang='grc' dir='ltr'>διδασκαλίας,</span> <span class='ocrx_word' id='word_1_90' title='bbox 779 1396 913 1449; x_wconf 81' lang='grc' dir='ltr'>ἀλλά</span> <span class='ocrx_word' id='word_1_91' title='bbox 933 1397 1025 1449; x_wconf 72' lang='grc' dir='ltr'>καὶ</span> <span class='ocrx_word' id='word_1_92' title='bbox 1043 1395 1070 1446; x_wconf 87' lang='grc' dir='ltr'><strong>ὃ</strong></span> <span class='ocrx_word' id='word_1_93' title='bbox 1094 1397 1198 1447; x_wconf 83' lang='grc' dir='ltr'>ἀπὸ</span> <span class='ocrx_word' id='word_1_94' title='bbox 1217 1395 1315 1464; x_wconf 80' lang='grc' dir='ltr'>τῆς</span> <span class='ocrx_word' id='word_1_95' title='bbox 1335 1394 1546 1462; x_wconf 82' lang='grc' dir='ltr'>φύσεως</span> <span class='ocrx_word' id='word_1_96' title='bbox 1568 1393 1731 1462; x_wconf 76' lang='grc' dir='ltr'>ἔχεις,</span> <span class='ocrx_word' id='word_1_97' title='bbox 1751 1394 1968 1465; x_wconf 78' lang='grc' dir='ltr'>ἐπήρω-</span> 
     </span>
    </p>
   </div>
   <div class='ocr_carea' id='block_1_13' title="bbox 397 1477 1966 1549">
    <p class='ocr_par' dir='ltr' id='par_1_13' title="bbox 397 1477 1966 1549">
     <span class='ocr_line' id='line_1_13' title="bbox 397 1477 1966 1549; baseline -0.003 -16"><span class='ocrx_word' id='word_1_98' title='bbox 397 1499 514 1542; x_wconf 86' lang='grc' dir='ltr'>σας.</span> <span class='ocrx_word' id='word_1_99' title='bbox 539 1480 657 1532; x_wconf 90' lang='grc' dir='ltr'>Τῶν</span> <span class='ocrx_word' id='word_1_100' title='bbox 689 1480 798 1548; x_wconf 82' lang='grc' dir='ltr'>γὰρ</span> <span class='ocrx_word' id='word_1_101' title='bbox 817 1480 877 1531; x_wconf 87' lang='grc' dir='ltr'>ού</span> <span class='ocrx_word' id='word_1_102' title='bbox 900 1480 1208 1549; x_wconf 78' lang='grc' dir='ltr'>πρακτέων,</span> <span class='ocrx_word' id='word_1_103' title='bbox 1230 1479 1325 1531; x_wconf 77' lang='grc' dir='ltr'>καὶ</span> <span class='ocrx_word' id='word_1_104' title='bbox 1363 1478 1470 1531; x_wconf 87' lang='grc' dir='ltr'>τῶν</span> <span class='ocrx_word' id='word_1_105' title='bbox 1497 1477 1570 1548; x_wconf 85' lang='grc' dir='ltr'>μὴ</span> <span class='ocrx_word' id='word_1_106' title='bbox 1590 1477 1843 1530; x_wconf 79' lang='grc' dir='ltr'>τοιούτων</span> <span class='ocrx_word' id='word_1_107' title='bbox 1864 1494 1966 1544; x_wconf 89' lang='grc' dir='ltr'>φυ-</span> 
     </span>
    </p>
   </div>
   <div class='ocr_carea' id='block_1_14' title="bbox 397 1559 1965 1632">
    <p class='ocr_par' dir='ltr' id='par_1_14' title="bbox 397 1559 1965 1632">
     <span class='ocr_line' id='line_1_14' title="bbox 397 1559 1965 1632; baseline -0.002 -18"><span class='ocrx_word' id='word_1_108' title='bbox 397 1563 563 1625; x_wconf 89' lang='grc' dir='ltr'>σικῶς</span> <span class='ocrx_word' id='word_1_109' title='bbox 583 1562 1008 1632; x_wconf 80' lang='grc' dir='ltr'>ἐγκεινταιήμῖν</span> <span class='ocrx_word' id='word_1_110' title='bbox 1027 1564 1076 1614; x_wconf 76' lang='grc' dir='ltr'>οἱ</span> <span class='ocrx_word' id='word_1_111' title='bbox 1098 1563 1264 1630; x_wconf 88' lang='grc' dir='ltr'>λόγοι.</span> <span class='ocrx_word' id='word_1_112' title='bbox 1306 1562 1376 1614; x_wconf 78' lang='grc' dir='ltr'>Σὺ</span> <span class='ocrx_word' id='word_1_113' title='bbox 1414 1562 1470 1614; x_wconf 84' lang='grc' dir='ltr'>δὲ</span> <span class='ocrx_word' id='word_1_114' title='bbox 1510 1562 1706 1622; x_wconf 78' lang='grc' dir='ltr'>αὐτοὺς</span> <span class='ocrx_word' id='word_1_115' title='bbox 1742 1559 1965 1622; x_wconf 80' lang='grc' dir='ltr'>ἀπώσω,</span> 
     </span>
    </p>
   </div>
   <div class='ocr_carea' id='block_1_15' title="bbox 396 1640 1969 1715">
    <p class='ocr_par' dir='ltr' id='par_1_15' title="bbox 396 1640 1969 1715">
     <span class='ocr_line' id='line_1_15' title="bbox 396 1640 1969 1715; baseline -0.003 -17"><span class='ocrx_word' id='word_1_116' title='bbox 396 1648 492 1698; x_wconf 81' lang='lat' dir='ltr'><em>xal</em></span> <span class='ocrx_word' id='word_1_117' title='bbox 511 1647 610 1698; x_wconf 85' lang='grc' dir='ltr'>οὐκ</span> <span class='ocrx_word' id='word_1_118' title='bbox 631 1640 773 1715; x_wconf 57' lang='grc' dir='ltr'>εἶχες</span> <span class='ocrx_word' id='word_1_119' title='bbox 793 1647 850 1696; x_wconf 89' lang='grc' dir='ltr'>ἐν</span> <span class='ocrx_word' id='word_1_120' title='bbox 875 1647 1079 1715; x_wconf 86' lang='grc' dir='ltr'>μνήμῃ.</span> <span class='ocrx_word' id='word_1_121' title='bbox 1102 1647 1170 1697; x_wconf 79' lang='lat' dir='ltr'><em>El</em></span> <span class='ocrx_word' id='word_1_122' title='bbox 1203 1643 1466 1712; x_wconf 82' lang='grc' dir='ltr'>ἐθεώρεις</span> <span class='ocrx_word' id='word_1_123' title='bbox 1497 1643 1783 1710; x_wconf 70' lang='grc' dir='ltr'>κλέπτην,</span> <span class='ocrx_word' id='word_1_124' title='bbox 1821 1657 1969 1701; x_wconf 76' lang='grc' dir='ltr'>συν-</span> 
     </span>
    </p>
   </div>
   <div class='ocr_carea' id='block_1_16' title="bbox 396 1725 1966 1798">
    <p class='ocr_par' dir='ltr' id='par_1_16' title="bbox 396 1725 1966 1798">
     <span class='ocr_line' id='line_1_16' title="bbox 396 1725 1966 1798; baseline -0.004 -15"><span class='ocrx_word' id='word_1_125' title='bbox 396 1729 630 1798; x_wconf 79' lang='grc' dir='ltr'>ἐτρεχες</span> <span class='ocrx_word' id='word_1_126' title='bbox 651 1727 828 1792; x_wconf 83' lang='grc' dir='ltr'>αὐτῷ,</span> <span class='ocrx_word' id='word_1_127' title='bbox 851 1728 948 1781; x_wconf 77' lang='grc' dir='ltr'>καὶ</span> <span class='ocrx_word' id='word_1_128' title='bbox 961 1728 1222 1796; x_wconf 73' lang='grc' dir='ltr'>μετὰμοι</span> <span class='ocrx_word' id='word_1_129' title='bbox 1228 1727 1336 1795; x_wconf 84' lang='grc' dir='ltr'>χοῦ</span> <span class='ocrx_word' id='word_1_130' title='bbox 1357 1727 1472 1794; x_wconf 78' lang='grc' dir='ltr'>τὴν</span> <span class='ocrx_word' id='word_1_131' title='bbox 1487 1729 1696 1797; x_wconf 83' lang='grc' dir='ltr'>μερίδα</span> <span class='ocrx_word' id='word_1_132' title='bbox 1717 1743 1830 1780; x_wconf 87' lang='grc' dir='ltr'>σου</span> <span class='ocrx_word' id='word_1_133' title='bbox 1849 1725 1939 1778; x_wconf 85' lang='grc' dir='ltr'><em>ἑτί</em></span> <span class='ocrx_word' id='word_1_134' title='bbox 1957 1758 1966 1766; x_wconf 93' lang='grc'><strong><em>-</em></strong></span> 
     </span>
    </p>
   </div>
   <div class='ocr_carea' id='block_1_17' title="bbox 397 1810 1972 1882">
    <p class='ocr_par' dir='ltr' id='par_1_17' title="bbox 397 1810 1972 1882">
     <span class='ocr_line' id='line_1_17' title="bbox 397 1810 1972 1882; baseline -0.004 -15"><span class='ocrx_word' id='word_1_135' title='bbox 397 1818 539 1877; x_wconf 86' lang='grc' dir='ltr'>θεις.</span> <span class='ocrx_word' id='word_1_136' title='bbox 557 1812 771 1877; x_wconf 82' lang='grc' dir='ltr'>Ἐπειδὴ</span> <span class='ocrx_word' id='word_1_137' title='bbox 791 1813 899 1881; x_wconf 85' lang='grc' dir='ltr'>γάρ</span> <span class='ocrx_word' id='word_1_138' title='bbox 919 1813 1017 1864; x_wconf 79' lang='grc' dir='ltr'>οὐκ</span> <span class='ocrx_word' id='word_1_139' title='bbox 1037 1811 1181 1865; x_wconf 77' lang='grc' dir='ltr'>ἐστιν</span> <span class='ocrx_word' id='word_1_140' title='bbox 1200 1810 1484 1880; x_wconf 83' lang='grc' dir='ltr'>ἄνθρωπον</span> <span class='ocrx_word' id='word_1_141' title='bbox 1519 1813 1692 1882; x_wconf 81' lang='grc' dir='ltr'>εὑρεῖν</span> <span class='ocrx_word' id='word_1_142' title='bbox 1727 1811 1826 1862; x_wconf 89' lang='grc' dir='ltr'>ἀνα</span> <span class='ocrx_word' id='word_1_143' title='bbox 1835 1810 1907 1878; x_wconf 90' lang='grc' dir='ltr'>μά</span> <span class='ocrx_word' id='word_1_144' title='bbox 1916 1826 1972 1879; x_wconf 89' lang='grc' dir='ltr'>ρ-</span> 
     </span>
    </p>
   </div>
   <div class='ocr_carea' id='block_1_18' title="bbox 398 1892 1972 1966">
    <p class='ocr_par' dir='ltr' id='par_1_18' title="bbox 398 1892 1972 1966">
     <span class='ocr_line' id='line_1_18' title="bbox 398 1892 1972 1966; baseline -0.003 -19"><span class='ocrx_word' id='word_1_145' title='bbox 398 1913 557 1966; x_wconf 89' lang='grc' dir='ltr'>τητον</span> <span class='ocrx_word' id='word_1_146' title='bbox 596 1894 822 1946; x_wconf 85' lang='grc' dir='ltr'>καθόλου</span> <span class='ocrx_word' id='word_1_147' title='bbox 845 1910 858 1923; x_wconf 88' lang='grc'>·</span> <span class='ocrx_word' id='word_1_148' title='bbox 899 1893 977 1946; x_wconf 87' lang='grc' dir='ltr'>διὸ</span> <span class='ocrx_word' id='word_1_149' title='bbox 1014 1894 1106 1947; x_wconf 85' lang='grc' dir='ltr'>καί</span> <span class='ocrx_word' id='word_1_150' title='bbox 1138 1911 1218 1956; x_wconf 89' lang='grc' dir='ltr'>τις</span> <span class='ocrx_word' id='word_1_151' title='bbox 1253 1893 1432 1960; x_wconf 78' lang='grc' dir='ltr'>ἔλεγε·</span> <span class='ocrx_word' id='word_1_152' title='bbox 1475 1894 1568 1958; x_wconf 81' lang='grc' dir='ltr'>Τίς</span> <span class='ocrx_word' id='word_1_153' title='bbox 1603 1892 1972 1961; x_wconf 77' lang='grc' dir='ltr'>καυχήσεται</span> 
     </span>
    </p>
   </div>
   <div class='ocr_carea' id='block_1_19' title="bbox 398 1974 1972 2047">
    <p class='ocr_par' dir='ltr' id='par_1_19' title="bbox 398 1974 1972 2047">
     <span class='ocr_line' id='line_1_19' title="bbox 398 1974 1972 2047; baseline -0.004 -15"><span class='ocrx_word' id='word_1_154' title='bbox 398 1977 594 2047; x_wconf 71' lang='grc' dir='ltr'><em>ἁγνὴν</em></span> <span class='ocrx_word' id='word_1_155' title='bbox 629 1977 793 2046; x_wconf 77' lang='grc' dir='ltr'><em>ἔχειν</em></span> <span class='ocrx_word' id='word_1_156' title='bbox 827 1976 942 2044; x_wconf 77' lang='grc' dir='ltr'>τὴν</span> <span class='ocrx_word' id='word_1_157' title='bbox 979 1977 1262 2044; x_wconf 83' lang='grc' dir='ltr'>καρδίαν;</span> <span class='ocrx_word' id='word_1_158' title='bbox 1298 1976 1335 2044; x_wconf 75' lang='grc' dir='ltr'>ἢ</span> <span class='ocrx_word' id='word_1_159' title='bbox 1375 1977 1466 2042; x_wconf 86' lang='grc' dir='ltr'>τίς</span> <span class='ocrx_word' id='word_1_160' title='bbox 1502 1974 1972 2043; x_wconf 72' lang='grc' dir='ltr'>πορῤησιάσεται</span> 
     </span>
    </p>
   </div>
   <div class='ocr_carea' id='block_1_20' title="bbox 400 2057 1970 2130">
    <p class='ocr_par' dir='ltr' id='par_1_20' title="bbox 400 2057 1970 2130">
     <span class='ocr_line' id='line_1_20' title="bbox 400 2057 1970 2130; baseline -0.004 -15"><span class='ocrx_word' id='word_1_161' title='bbox 400 2061 658 2130; x_wconf 72' lang='grc' dir='ltr'>καθαρὸς</span> <span class='ocrx_word' id='word_1_162' title='bbox 691 2057 840 2113; x_wconf 75' lang='grc' dir='ltr'><em>εἶναι</em></span> <span class='ocrx_word' id='word_1_163' title='bbox 873 2059 990 2113; x_wconf 80' lang='grc' dir='ltr'>ἀπὸ</span> <span class='ocrx_word' id='word_1_164' title='bbox 1026 2059 1345 2128; x_wconf 81' lang='grc' dir='ltr'>ἁμαρτίας;</span> <span class='ocrx_word' id='word_1_165' title='bbox 1397 2059 1490 2111; x_wconf 77' lang='grc' dir='ltr'>καὶ</span> <span class='ocrx_word' id='word_1_166' title='bbox 1528 2058 1734 2120; x_wconf 77' lang='grc' dir='ltr'>Παῦλος</span> <span class='ocrx_word' id='word_1_167' title='bbox 1770 2057 1970 2122; x_wconf 69' lang='grc' dir='ltr'>εἰπὼν,</span> 
     </span>
    </p>
   </div>
   <div class='ocr_carea' id='block_1_21' title="bbox 403 2139 1976 2213">
    <p class='ocr_par' dir='ltr' id='par_1_21' title="bbox 403 2139 1976 2213">
     <span class='ocr_line' id='line_1_21' title="bbox 403 2139 1976 2213; baseline -0.004 -16"><span class='ocrx_word' id='word_1_168' title='bbox 403 2145 596 2198; x_wconf 68' lang='grc' dir='ltr'>Οὐδὲν</span> <span class='ocrx_word' id='word_1_169' title='bbox 628 2143 859 2212; x_wconf 78' lang='grc' dir='ltr'>ἐμαυτῷ</span> <span class='ocrx_word' id='word_1_170' title='bbox 896 2142 1169 2204; x_wconf 83' lang='grc' dir='ltr'>σύνοιδα,</span> <span class='ocrx_word' id='word_1_171' title='bbox 1206 2145 1514 2213; x_wconf 83' lang='grc' dir='ltr'>ἐπήγαγεν·</span> <span class='ocrx_word' id='word_1_172' title='bbox 1563 2143 1726 2196; x_wconf 72' lang='grc' dir='ltr'>Ἀλλ’</span> <span class='ocrx_word' id='word_1_173' title='bbox 1758 2143 1867 2194; x_wconf 77' lang='grc' dir='ltr'>οὐκ</span> <span class='ocrx_word' id='word_1_174' title='bbox 1905 2139 1976 2192; x_wconf 79' lang='grc' dir='ltr'>ἐν</span> 
     </span>
    </p>
   </div>
   <div class='ocr_carea' id='block_1_22' title="bbox 401 2229 1978 2300">
    <p class='ocr_par' dir='ltr' id='par_1_22' title="bbox 401 2229 1978 2300">
     <span class='ocr_line' id='line_1_22' title="bbox 401 2229 1978 2300; baseline -0.005 -13"><span class='ocrx_word' id='word_1_175' title='bbox 401 2235 588 2296; x_wconf 80' lang='grc' dir='ltr'>τούτῳ</span> <span class='ocrx_word' id='word_1_176' title='bbox 618 2232 1021 2300; x_wconf 81' lang='grc' dir='ltr'>δεδικαίωμαι·</span> <span class='ocrx_word' id='word_1_177' title='bbox 1061 2232 1175 2292; x_wconf 70' lang='grc' dir='ltr'>καὶ,</span> <span class='ocrx_word' id='word_1_178' title='bbox 1211 2231 1444 2296; x_wconf 83' lang='grc' dir='ltr'>Δίκαιος</span> <span class='ocrx_word' id='word_1_179' title='bbox 1482 2229 1550 2282; x_wconf 87' lang='grc' dir='ltr'>δὲ</span> <span class='ocrx_word' id='word_1_180' title='bbox 1583 2229 1798 2282; x_wconf 80' lang='grc' dir='ltr'>ἑαυτοῦ</span> <span class='ocrx_word' id='word_1_181' title='bbox 1838 2245 1978 2280; x_wconf 82' lang='grc' dir='ltr'>κατ-</span> 
     </span>
    </p>
   </div>
   <div class='ocr_carea' id='block_1_23' title="bbox 401 2315 1976 2390">
    <p class='ocr_par' dir='ltr' id='par_1_23' title="bbox 401 2315 1976 2390">
     <span class='ocr_line' id='line_1_23' title="bbox 401 2315 1976 2390; baseline -0.003 -18"><span class='ocrx_word' id='word_1_182' title='bbox 401 2320 614 2390; x_wconf 77' lang='grc' dir='ltr'>ήγορος</span> <span class='ocrx_word' id='word_1_183' title='bbox 640 2320 706 2373; x_wconf 76' lang='grc' dir='ltr'>ἐν</span> <span class='ocrx_word' id='word_1_184' title='bbox 725 2320 1116 2388; x_wconf 75' lang='grc' dir='ltr'>πρωτολογίςι,</span> <span class='ocrx_word' id='word_1_185' title='bbox 1140 2317 1359 2389; x_wconf 78' lang='grc' dir='ltr'>εῦδηλον</span> <span class='ocrx_word' id='word_1_186' title='bbox 1395 2319 1477 2370; x_wconf 85' lang='grc' dir='ltr'>ὅτι</span> <span class='ocrx_word' id='word_1_187' title='bbox 1507 2315 1620 2372; x_wconf 85' lang='grc' dir='ltr'>τῶν</span> <span class='ocrx_word' id='word_1_188' title='bbox 1655 2315 1976 2389; x_wconf 72' lang='grc' dir='ltr'>ἡμαρτημέ-</span> 
     </span>
    </p>
   </div>
   <div class='ocr_carea' id='block_1_24' title="bbox 403 2402 1976 2477">
    <p class='ocr_par' dir='ltr' id='par_1_24' title="bbox 403 2402 1976 2477">
     <span class='ocr_line' id='line_1_24' title="bbox 403 2402 1976 2477; baseline -0.004 -16"><span class='ocrx_word' id='word_1_189' title='bbox 403 2427 510 2461; x_wconf 85' lang='grc' dir='ltr'>νων</span> <span class='ocrx_word' id='word_1_190' title='bbox 529 2409 706 2477; x_wconf 79' lang='grc' dir='ltr'>αὐτῳ·</span> <span class='ocrx_word' id='word_1_191' title='bbox 733 2407 818 2459; x_wconf 83' lang='grc' dir='ltr'>ἵνα</span> <span class='ocrx_word' id='word_1_192' title='bbox 841 2403 932 2459; x_wconf 78' lang='grc' dir='ltr'>οὖν</span> <span class='ocrx_word' id='word_1_193' title='bbox 974 2407 1157 2477; x_wconf 70' lang='grc' dir='ltr'>μηδεὶς</span> <span class='ocrx_word' id='word_1_194' title='bbox 1180 2406 1276 2476; x_wconf 79' lang='grc' dir='ltr'>ἔχῃ</span> <span class='ocrx_word' id='word_1_195' title='bbox 1305 2405 1502 2473; x_wconf 89' lang='grc' dir='ltr'>λέγειν,</span> <span class='ocrx_word' id='word_1_196' title='bbox 1522 2402 1606 2459; x_wconf 80' lang='grc' dir='ltr'>ὅτι</span> <span class='ocrx_word' id='word_1_197' title='bbox 1623 2406 1680 2456; x_wconf 67' lang='lat' dir='ltr'>Et</span> <span class='ocrx_word' id='word_1_198' title='bbox 1704 2406 1902 2467; x_wconf 84' lang='grc' dir='ltr'>πάντες</span> <span class='ocrx_word' id='word_1_199' title='bbox 1923 2406 1976 2455; x_wconf 86' lang='grc' dir='ltr'>ἐν</span> 
     </span>
    </p>
   </div>
   <div class='ocr_carea' id='block_1_25' title="bbox 405 2492 1978 2566">
    <p class='ocr_par' dir='ltr' id='par_1_25' title="bbox 405 2492 1978 2566">
     <span class='ocr_line' id='line_1_25' title="bbox 405 2492 1978 2566; baseline -0.003 -18"><span class='ocrx_word' id='word_1_200' title='bbox 405 2497 714 2566; x_wconf 75' lang='grc' dir='ltr'>ἁμαρτίαις,</span> <span class='ocrx_word' id='word_1_201' title='bbox 735 2496 826 2548; x_wconf 77' lang='grc' dir='ltr'>τὸν</span> <span class='ocrx_word' id='word_1_202' title='bbox 865 2495 922 2546; x_wconf 84' lang='grc' dir='ltr'>δὲ</span> <span class='ocrx_word' id='word_1_203' title='bbox 960 2493 1278 2564; x_wconf 77' lang='grc' dir='ltr'>ἁμαρτωλὸν</span> <span class='ocrx_word' id='word_1_204' title='bbox 1308 2492 1557 2545; x_wconf 87' lang='grc' dir='ltr'>ἐκέλευσε</span> <span class='ocrx_word' id='word_1_205' title='bbox 1582 2493 1654 2562; x_wconf 82' lang='grc' dir='ltr'>μὴ</span> <span class='ocrx_word' id='word_1_206' title='bbox 1675 2492 1978 2563; x_wconf 79' lang='grc' dir='ltr'>διηγεῖσθαι</span> 
     </span>
    </p>
   </div>
   <div class='ocr_carea' id='block_1_26' title="bbox 403 2581 1980 2653">
    <p class='ocr_par' dir='ltr' id='par_1_26' title="bbox 403 2581 1980 2653">
     <span class='ocr_line' id='line_1_26' title="bbox 403 2581 1980 2653; baseline -0.002 -18"><span class='ocrx_word' id='word_1_207' title='bbox 403 2584 473 2635; x_wconf 67' lang='grc' dir='ltr'>τά</span> <span class='ocrx_word' id='word_1_208' title='bbox 507 2582 970 2653; x_wconf 62' lang='grc' dir='ltr'>δικαιώματαζτίς</span> <span class='ocrx_word' id='word_1_209' title='bbox 1007 2581 1156 2633; x_wconf 83' lang='grc' dir='ltr'>ἔσται</span> <span class='ocrx_word' id='word_1_210' title='bbox 1183 2583 1210 2634; x_wconf 76' lang='grc' dir='ltr'>ὁ</span> <span class='ocrx_word' id='word_1_211' title='bbox 1229 2581 1650 2651; x_wconf 81' lang='grc' dir='ltr'>διηγησόμενος;</span> <span class='ocrx_word' id='word_1_212' title='bbox 1690 2581 1776 2633; x_wconf 83' lang='grc' dir='ltr'>ἴνα</span> <span class='ocrx_word' id='word_1_213' title='bbox 1800 2581 1872 2652; x_wconf 88' lang='grc' dir='ltr'>μή</span> <span class='ocrx_word' id='word_1_214' title='bbox 1897 2597 1980 2644; x_wconf 90' lang='grc' dir='ltr'>τις</span> 
     </span>
    </p>
   </div>
   <div class='ocr_carea' id='block_1_27' title="bbox 405 2665 1976 2740">
    <p class='ocr_par' dir='ltr' id='par_1_27' title="bbox 405 2665 1976 2740">
     <span class='ocr_line' id='line_1_27' title="bbox 405 2665 1976 2740; baseline -0.004 -16"><span class='ocrx_word' id='word_1_215' title='bbox 405 2667 496 2724; x_wconf 65' lang='grc' dir='ltr'>οὖν</span> <span class='ocrx_word' id='word_1_216' title='bbox 527 2670 700 2723; x_wconf 81' lang='grc' dir='ltr'>ταῦτα</span> <span class='ocrx_word' id='word_1_217' title='bbox 734 2669 888 2740; x_wconf 97' lang='grc' dir='ltr'>λέγῃ,</span> <span class='ocrx_word' id='word_1_218' title='bbox 909 2669 1087 2738; x_wconf 76' lang='grc' dir='ltr'>τίθησι</span> <span class='ocrx_word' id='word_1_219' title='bbox 1109 2668 1201 2722; x_wconf 81' lang='grc' dir='ltr'>καὶ</span> <span class='ocrx_word' id='word_1_220' title='bbox 1221 2671 1338 2722; x_wconf 84' lang='grc' dir='ltr'>κατ’</span> <span class='ocrx_word' id='word_1_221' title='bbox 1358 2665 1494 2732; x_wconf 80' lang='grc' dir='ltr'>εἶδος</span> <span class='ocrx_word' id='word_1_222' title='bbox 1528 2669 1810 2739; x_wconf 89' lang='grc' dir='ltr'>ἁμαρτιῶν</span> <span class='ocrx_word' id='word_1_223' title='bbox 1841 2670 1976 2737; x_wconf 77' lang='grc' dir='ltr'>εἴδη.</span> 
     </span>
    </p>
   </div>
   <div class='ocr_carea' id='block_1_28' title="bbox 410 2756 1980 2829">
    <p class='ocr_par' dir='ltr' id='par_1_28' title="bbox 410 2756 1980 2829">
     <span class='ocr_line' id='line_1_28' title="bbox 410 2756 1980 2829; baseline -0.001 -18"><span class='ocrx_word' id='word_1_224' title='bbox 410 2759 584 2812; x_wconf 86' lang='grc' dir='ltr'><em>Ἔστι</em></span> <span class='ocrx_word' id='word_1_225' title='bbox 629 2759 733 2828; x_wconf 74' lang='grc' dir='ltr'>γὰρ</span> <span class='ocrx_word' id='word_1_226' title='bbox 773 2759 1026 2825; x_wconf 82' lang='grc' dir='ltr'>ἁμαρτία</span> <span class='ocrx_word' id='word_1_227' title='bbox 1066 2758 1215 2826; x_wconf 80' lang='grc' dir='ltr'>πρὸς</span> <span class='ocrx_word' id='word_1_228' title='bbox 1254 2756 1529 2821; x_wconf 74' lang='grc' dir='ltr'>θάνατον,</span> <span class='ocrx_word' id='word_1_229' title='bbox 1552 2759 1801 2829; x_wconf 83' lang='grc' dir='ltr'>καθάπερ</span> <span class='ocrx_word' id='word_1_230' title='bbox 1839 2758 1980 2811; x_wconf 71' lang='grc' dir='ltr'>καὶὸ</span> 
     </span>
    </p>
   </div>
   <div class='ocr_carea' id='block_1_29' title="bbox 419 2844 1977 2914">
    <p class='ocr_par' dir='ltr' id='par_1_29' title="bbox 419 2844 1977 2914">
     <span class='ocr_line' id='line_1_29' title="bbox 419 2844 1977 2914; baseline -0.002 -15"><span class='ocrx_word' id='word_1_231' title='bbox 419 2846 564 2899; x_wconf 73' lang='grc' dir='ltr'>Ἠλεὶ</span> <span class='ocrx_word' id='word_1_232' title='bbox 607 2845 820 2912; x_wconf 76' lang='grc' dir='ltr'>ἔλεγεν·</span> <span class='ocrx_word' id='word_1_233' title='bbox 869 2845 1010 2898; x_wconf 74' lang='grc' dir='ltr'>Ἐὰν·</span> <span class='ocrx_word' id='word_1_234' title='bbox 1055 2845 1328 2914; x_wconf 80' lang='grc' dir='ltr'>ἁμαρτὼν</span> <span class='ocrx_word' id='word_1_235' title='bbox 1377 2844 1600 2913; x_wconf 74' lang='grc' dir='ltr'>ἁμάρτῃ</span> <span class='ocrx_word' id='word_1_236' title='bbox 1651 2845 1977 2913; x_wconf 77' lang='grc' dir='ltr'>ἅνθρωπος,</span> 
     </span>
    </p>
   </div>
   <div class='ocr_carea' id='block_1_30' title="bbox 408 2931 1983 3002">
    <p class='ocr_par' dir='ltr' id='par_1_30' title="bbox 408 2931 1983 3002">
     <span class='ocr_line' id='line_1_30' title="bbox 408 2931 1983 3002; baseline -0.001 -16"><span class='ocrx_word' id='word_1_237' title='bbox 408 2933 800 3002; x_wconf 76' lang='grc' dir='ltr'>προσεύξεται</span> <span class='ocrx_word' id='word_1_238' title='bbox 819 2933 948 3000; x_wconf 73' lang='grc' dir='ltr'>περὶ</span> <span class='ocrx_word' id='word_1_239' title='bbox 971 2933 1154 2985; x_wconf 79' lang='grc' dir='ltr'><em>αὑτοῦ</em></span> <span class='ocrx_word' id='word_1_240' title='bbox 1175 2935 1208 2985; x_wconf 85' lang='grc' dir='ltr'><strong><em>ό</em></strong></span> <span class='ocrx_word' id='word_1_241' title='bbox 1231 2933 1418 2998; x_wconf 85' lang='grc' dir='ltr'>ἱερεύς</span> <span class='ocrx_word' id='word_1_242' title='bbox 1437 2948 1450 2959; x_wconf 93' lang='grc'>·</span> <span class='ocrx_word' id='word_1_243' title='bbox 1477 2932 1584 2985; x_wconf 82' lang='grc' dir='ltr'>ἐὰν</span> <span class='ocrx_word' id='word_1_244' title='bbox 1601 2931 1670 2984; x_wconf 87' lang='grc' dir='ltr'>δὲ</span> <span class='ocrx_word' id='word_1_245' title='bbox 1689 2932 1767 2997; x_wconf 87' lang='grc' dir='ltr'>τῷ</span> <span class='ocrx_word' id='word_1_246' title='bbox 1789 2933 1983 3000; x_wconf 78' lang='grc' dir='ltr'>Κυρίῳ</span> 
     </span>
    </p>
   </div>
   <div class='ocr_carea' id='block_1_31' title="bbox 409 3017 1982 3089">
    <p class='ocr_par' dir='ltr' id='par_1_31' title="bbox 409 3017 1982 3089">
     <span class='ocr_line' id='line_1_31' title="bbox 409 3017 1982 3089; baseline -0.001 -17"><span class='ocrx_word' id='word_1_247' title='bbox 409 3021 658 3088; x_wconf 79' lang='grc' dir='ltr'>ἁμάρτῃ,</span> <span class='ocrx_word' id='word_1_248' title='bbox 683 3021 772 3085; x_wconf 83' lang='grc' dir='ltr'>τίς</span> <span class='ocrx_word' id='word_1_249' title='bbox 814 3018 1208 3088; x_wconf 80' lang='grc' dir='ltr'>προσεύξεται</span> <span class='ocrx_word' id='word_1_250' title='bbox 1247 3019 1380 3086; x_wconf 75' lang='grc' dir='ltr'>περὶ</span> <span class='ocrx_word' id='word_1_251' title='bbox 1420 3017 1635 3083; x_wconf 83' lang='grc' dir='ltr'>αὐτοῦ;</span> <span class='ocrx_word' id='word_1_252' title='bbox 1670 3020 1779 3072; x_wconf 84' lang='lat' dir='ltr'><em>Kal</em></span> <span class='ocrx_word' id='word_1_253' title='bbox 1813 3021 1871 3071; x_wconf 88' lang='grc' dir='ltr'>ἐν</span> <span class='ocrx_word' id='word_1_254' title='bbox 1904 3019 1982 3089; x_wconf 86' lang='grc' dir='ltr'>τῷ</span> 
     </span>
    </p>
   </div>
   <div class='ocr_carea' id='block_1_32' title="bbox 409 3103 1978 3178">
    <p class='ocr_par' dir='ltr' id='par_1_32' title="bbox 409 3103 1978 3178">
     <span class='ocr_line' id='line_1_32' title="bbox 409 3103 1978 3178; baseline -0.001 -17"><span class='ocrx_word' id='word_1_255' title='bbox 409 3109 558 3178; x_wconf 74' lang='grc' dir='ltr'>νόμῳ</span> <span class='ocrx_word' id='word_1_256' title='bbox 576 3108 632 3160; x_wconf 80' lang='grc' dir='ltr'>δὲ</span> <span class='ocrx_word' id='word_1_257' title='bbox 652 3107 717 3160; x_wconf 78' lang='grc' dir='ltr'>τὰ</span> <span class='ocrx_word' id='word_1_258' title='bbox 742 3108 839 3178; x_wconf 85' lang='grc' dir='ltr'>μὲν</span> <span class='ocrx_word' id='word_1_259' title='bbox 857 3103 924 3178; x_wconf 77' lang='grc' dir='ltr'>ἦν</span> <span class='ocrx_word' id='word_1_260' title='bbox 945 3107 1158 3171; x_wconf 86' lang='grc' dir='ltr'>ἀνίατα,</span> <span class='ocrx_word' id='word_1_261' title='bbox 1181 3107 1256 3170; x_wconf 80' lang='grc' dir='ltr'>ὡς</span> <span class='ocrx_word' id='word_1_262' title='bbox 1275 3107 1369 3160; x_wconf 72' lang='grc' dir='ltr'>καὶ</span> <span class='ocrx_word' id='word_1_263' title='bbox 1390 3105 1604 3176; x_wconf 83' lang='grc' dir='ltr'>θανάτῳ</span> <span class='ocrx_word' id='word_1_264' title='bbox 1624 3105 1943 3169; x_wconf 76' lang='grc' dir='ltr'>κολάξεσθαι</span> <span class='ocrx_word' id='word_1_265' title='bbox 1964 3124 1978 3138; x_wconf 95' lang='grc'>·</span> 
     </span>
    </p>
   </div>
   <div class='ocr_carea' id='block_1_33' title="bbox 409 3191 1986 3266">
    <p class='ocr_par' dir='ltr' id='par_1_33' title="bbox 409 3191 1986 3266">
     <span class='ocr_line' id='line_1_33' title="bbox 409 3191 1986 3266; baseline -0.001 -18"><span class='ocrx_word' id='word_1_266' title='bbox 409 3198 478 3248; x_wconf 88' lang='grc' dir='ltr'>τά</span> <span class='ocrx_word' id='word_1_267' title='bbox 497 3197 554 3248; x_wconf 85' lang='grc' dir='ltr'>δὲ</span> <span class='ocrx_word' id='word_1_268' title='bbox 572 3191 682 3266; x_wconf 83' lang='grc' dir='ltr'>εἶχέ</span> <span class='ocrx_word' id='word_1_269' title='bbox 702 3212 820 3247; x_wconf 86' lang='grc' dir='ltr'>τινα</span> <span class='ocrx_word' id='word_1_270' title='bbox 838 3194 1096 3264; x_wconf 83' lang='grc' dir='ltr'>ταχίστην</span> <span class='ocrx_word' id='word_1_271' title='bbox 1117 3193 1465 3264; x_wconf 83' lang='grc' dir='ltr'>παραμυθίαν</span> <span class='ocrx_word' id='word_1_272' title='bbox 1485 3209 1497 3222; x_wconf 88' lang='grc'>·</span> <span class='ocrx_word' id='word_1_273' title='bbox 1539 3193 1679 3246; x_wconf 79' lang='grc' dir='ltr'>οὓτω</span> <span class='ocrx_word' id='word_1_274' title='bbox 1698 3195 1789 3249; x_wconf 81' lang='grc' dir='ltr'>καὶ</span> <span class='ocrx_word' id='word_1_275' title='bbox 1809 3195 1836 3246; x_wconf 91' lang='lat'>6</span> <span class='ocrx_word' id='word_1_276' title='bbox 1855 3196 1986 3265; x_wconf 91' lang='grc' dir='ltr'>Χρι-</span> 
     </span>
    </p>
   </div>
   <div class='ocr_carea' id='block_1_34' title="bbox 415 3280 1984 3353">
    <p class='ocr_par' dir='ltr' id='par_1_34' title="bbox 415 3280 1984 3353">
     <span class='ocr_line' id='line_1_34' title="bbox 415 3280 1984 3353; baseline -0.001 -18"><span class='ocrx_word' id='word_1_277' title='bbox 415 3284 536 3345; x_wconf 80' lang='grc' dir='ltr'>στὸς</span> <span class='ocrx_word' id='word_1_278' title='bbox 555 3284 612 3335; x_wconf 81' lang='grc' dir='ltr'>ἐν</span> <span class='ocrx_word' id='word_1_279' title='bbox 631 3285 697 3352; x_wconf 81' lang='grc' dir='ltr'>τῇ</span> <span class='ocrx_word' id='word_1_280' title='bbox 721 3285 894 3353; x_wconf 81' lang='grc' dir='ltr'>Καινῇ</span> <span class='ocrx_word' id='word_1_281' title='bbox 912 3299 925 3312; x_wconf 95' lang='grc'>·</span> <span class='ocrx_word' id='word_1_282' title='bbox 944 3283 1085 3335; x_wconf 82' lang='grc' dir='ltr'>Ἐὰν</span> <span class='ocrx_word' id='word_1_283' title='bbox 1102 3281 1333 3350; x_wconf 82' lang='grc' dir='ltr'>ἁμάρτῃ</span> <span class='ocrx_word' id='word_1_284' title='bbox 1371 3283 1404 3334; x_wconf 84' lang='grc' dir='ltr'><strong><em>ό</em></strong></span> <span class='ocrx_word' id='word_1_285' title='bbox 1423 3280 1684 3349; x_wconf 66' lang='grc' dir='ltr'><em>ἁδελφός</em></span> <span class='ocrx_word' id='word_1_286' title='bbox 1716 3291 1853 3344; x_wconf 84' lang='grc' dir='ltr'>σου,</span> <span class='ocrx_word' id='word_1_287' title='bbox 1878 3299 1984 3352; x_wconf 81' lang='grc' dir='ltr'>φη-</span> 
     </span>
    </p>
   </div>
   <div class='ocr_carea' id='block_1_35' title="bbox 414 3369 1982 3440">
    <p class='ocr_par' dir='ltr' id='par_1_35' title="bbox 414 3369 1982 3440">
     <span class='ocr_line' id='line_1_35' title="bbox 414 3369 1982 3440; baseline -0.001 -16"><span class='ocrx_word' id='word_1_288' title='bbox 414 3374 519 3433; x_wconf 78' lang='grc' dir='ltr'>σὶν,</span> <span class='ocrx_word' id='word_1_289' title='bbox 544 3371 796 3440; x_wconf 76' lang='grc' dir='ltr'>ἔλεγξον</span> <span class='ocrx_word' id='word_1_290' title='bbox 815 3371 1000 3424; x_wconf 83' lang='grc' dir='ltr'><em>αὑτὸν</em></span> <span class='ocrx_word' id='word_1_291' title='bbox 1011 3370 1240 3439; x_wconf 81' lang='grc' dir='ltr'>μεταξὺ</span> <span class='ocrx_word' id='word_1_292' title='bbox 1269 3369 1386 3424; x_wconf 91' lang='grc' dir='ltr'>σοῦ</span> <span class='ocrx_word' id='word_1_293' title='bbox 1425 3370 1522 3423; x_wconf 80' lang='grc' dir='ltr'>καὶ</span> <span class='ocrx_word' id='word_1_294' title='bbox 1550 3369 1736 3422; x_wconf 86' lang='grc' dir='ltr'>αὐτοῦ</span> <span class='ocrx_word' id='word_1_295' title='bbox 1768 3370 1982 3438; x_wconf 81' lang='grc' dir='ltr'>μόνον.</span> 
     </span>
    </p>
   </div>
   <div class='ocr_carea' id='block_1_36' title="bbox 428 3455 1985 3526">
    <p class='ocr_par' dir='ltr' id='par_1_36' title="bbox 428 3455 1985 3526">
     <span class='ocr_line' id='line_1_36' title="bbox 428 3455 1985 3526; baseline 0.001 -17"><span class='ocrx_word' id='word_1_296' title='bbox 428 3459 561 3512; x_wconf 83' lang='grc' dir='ltr'>Ἐὰν</span> <span class='ocrx_word' id='word_1_297' title='bbox 578 3457 646 3511; x_wconf 86' lang='grc' dir='ltr'>δὲ</span> <span class='ocrx_word' id='word_1_298' title='bbox 673 3457 759 3526; x_wconf 81' lang='grc' dir='ltr'>μὴ</span> <span class='ocrx_word' id='word_1_299' title='bbox 779 3459 1035 3525; x_wconf 77' lang='grc' dir='ltr'>ἀκούσῃ,</span> <span class='ocrx_word' id='word_1_300' title='bbox 1062 3457 1366 3524; x_wconf 62' lang='grc' dir='ltr'>παράλαϐε</span> <span class='ocrx_word' id='word_1_301' title='bbox 1400 3455 1532 3510; x_wconf 70' lang='grc' dir='ltr'>ἔτιιι</span> <span class='ocrx_word' id='word_1_302' title='bbox 1566 3458 1718 3524; x_wconf 80' lang='grc' dir='ltr'>μετὰ</span> <span class='ocrx_word' id='word_1_303' title='bbox 1756 3457 1985 3511; x_wconf 85' lang='grc' dir='ltr'><em>σαυτοῦ</em></span> 
     </span>
    </p>
   </div>
   <div class='ocr_carea' id='block_1_37' title="bbox 414 3543 1987 3615">
    <p class='ocr_par' dir='ltr' id='par_1_37' title="bbox 414 3543 1987 3615">
     <span class='ocr_line' id='line_1_37' title="bbox 414 3543 1987 3615; baseline -0.001 -18"><span class='ocrx_word' id='word_1_304' title='bbox 414 3544 543 3610; x_wconf 78' lang='grc' dir='ltr'>δύο,</span> <span class='ocrx_word' id='word_1_305' title='bbox 571 3545 911 3615; x_wconf 75' lang='grc' dir='ltr'>φησίν.Ἐὰν</span> <span class='ocrx_word' id='word_1_306' title='bbox 943 3545 1098 3613; x_wconf 81' lang='grc' dir='ltr'>μηδὲ</span> <span class='ocrx_word' id='word_1_307' title='bbox 1134 3545 1361 3598; x_wconf 82' lang='grc' dir='ltr'>τούτων</span> <span class='ocrx_word' id='word_1_308' title='bbox 1393 3543 1650 3611; x_wconf 81' lang='grc' dir='ltr'><em>ἀκούσῃ,</em></span> <span class='ocrx_word' id='word_1_309' title='bbox 1695 3543 1851 3596; x_wconf 83' lang='grc' dir='ltr'>ἒστω</span> <span class='ocrx_word' id='word_1_310' title='bbox 1887 3558 1987 3596; x_wconf 85' lang='grc' dir='ltr'>σοι</span> 
     </span>
    </p>
   </div>
   <div class='ocr_carea' id='block_1_38' title="bbox 414 3629 1992 3699">
    <p class='ocr_par' dir='ltr' id='par_1_38' title="bbox 414 3629 1992 3699">
     <span class='ocr_line' id='line_1_38' title="bbox 414 3629 1992 3699; baseline -0.001 -15"><span class='ocrx_word' id='word_1_311' title='bbox 414 3633 494 3698; x_wconf 81' lang='grc' dir='ltr'>ὡς</span> <span class='ocrx_word' id='word_1_312' title='bbox 515 3635 546 3685; x_wconf 90' lang='lat' dir='ltr'>o&#39;</span> <span class='ocrx_word' id='word_1_313' title='bbox 567 3631 802 3697; x_wconf 76' lang='grc' dir='ltr'>ἐθνικὸς</span> <span class='ocrx_word' id='word_1_314' title='bbox 824 3632 920 3684; x_wconf 80' lang='grc' dir='ltr'>καί</span> <span class='ocrx_word' id='word_1_315' title='bbox 947 3629 1228 3698; x_wconf 78' lang='grc' dir='ltr'>τελώνης.</span> <span class='ocrx_word' id='word_1_316' title='bbox 1256 3629 1446 3682; x_wconf 82' lang='grc' dir='ltr'>Καίτοι</span> <span class='ocrx_word' id='word_1_317' title='bbox 1464 3647 1527 3697; x_wconf 91' lang='grc' dir='ltr'>γε</span> <span class='ocrx_word' id='word_1_318' title='bbox 1548 3629 1780 3699; x_wconf 80' lang='grc' dir='ltr'>ἀλλαχοῦ</span> <span class='ocrx_word' id='word_1_319' title='bbox 1810 3630 1992 3683; x_wconf 72' lang='grc' dir='ltr'>εἰπόν-</span> 
     </span>
    </p>
   </div>
   <div class='ocr_carea' id='block_1_39' title="bbox 414 3718 1989 3790">
    <p class='ocr_par' dir='ltr' id='par_1_39' title="bbox 414 3718 1989 3790">
     <span class='ocr_line' id='line_1_39' title="bbox 414 3718 1989 3790; baseline -0.003 -15"><span class='ocrx_word' id='word_1_320' title='bbox 414 3739 503 3784; x_wconf 86' lang='grc' dir='ltr'>τος</span> <span class='ocrx_word' id='word_1_321' title='bbox 543 3720 635 3773; x_wconf 89' lang='grc' dir='ltr'>τοῦ</span> <span class='ocrx_word' id='word_1_322' title='bbox 673 3721 876 3790; x_wconf 85' lang='grc' dir='ltr'>Πέτρου</span> <span class='ocrx_word' id='word_1_323' title='bbox 897 3737 910 3752; x_wconf 92' lang='grc'>·</span> <span class='ocrx_word' id='word_1_324' title='bbox 941 3718 1224 3785; x_wconf 83' lang='grc' dir='ltr'>Ποσὰκις,</span> <span class='ocrx_word' id='word_1_325' title='bbox 1256 3719 1364 3772; x_wconf 77' lang='grc' dir='ltr'>ἐὰν</span> <span class='ocrx_word' id='word_1_326' title='bbox 1401 3718 1627 3788; x_wconf 77' lang='grc' dir='ltr'>ἁμάρτῃ</span> <span class='ocrx_word' id='word_1_327' title='bbox 1660 3723 1692 3772; x_wconf 86' lang='lat' dir='ltr'>d</span> <span class='ocrx_word' id='word_1_328' title='bbox 1726 3719 1989 3786; x_wconf 65' lang='grc' dir='ltr'>ἀδελφός</span> 
     </span>
    </p>
   </div>
   <div class='ocr_carea' id='block_1_40' title="bbox 413 3804 1990 3878">
    <p class='ocr_par' dir='ltr' id='par_1_40' title="bbox 413 3804 1990 3878">
     <span class='ocr_line' id='line_1_40' title="bbox 413 3804 1990 3878; baseline -0.001 -18"><span class='ocrx_word' id='word_1_329' title='bbox 413 3825 530 3878; x_wconf 82' lang='grc' dir='ltr'>μου</span> <span class='ocrx_word' id='word_1_330' title='bbox 561 3810 648 3874; x_wconf 84' lang='grc' dir='ltr'>είς</span> <span class='ocrx_word' id='word_1_331' title='bbox 672 3807 796 3876; x_wconf 82' lang='grc' dir='ltr'>ἐμὲ,</span> <span class='ocrx_word' id='word_1_332' title='bbox 829 3806 1045 3876; x_wconf 69' lang='grc' dir='ltr'>ἀφήσω</span> <span class='ocrx_word' id='word_1_333' title='bbox 1080 3804 1270 3870; x_wconf 58' lang='lat' dir='ltr'>cubui);</span> <span class='ocrx_word' id='word_1_334' title='bbox 1307 3807 1399 3859; x_wconf 83' lang='lat' dir='ltr'><em>xal</em></span> <span class='ocrx_word' id='word_1_335' title='bbox 1434 3805 1793 3868; x_wconf 81' lang='grc' dir='ltr'>ἀκούσαντος·</span> <span class='ocrx_word' id='word_1_336' title='bbox 1836 3805 1990 3870; x_wconf 77' lang='grc' dir='ltr'>’Ἑως</span> 
     </span>
    </p>
   </div>
   <div class='ocr_carea' id='block_1_41' title="bbox 417 3893 1990 3964">
    <p class='ocr_par' dir='ltr' id='par_1_41' title="bbox 417 3893 1990 3964">
     <span class='ocr_line' id='line_1_41' title="bbox 417 3893 1990 3964; baseline -0.002 -15"><span class='ocrx_word' id='word_1_337' title='bbox 417 3893 914 3964; x_wconf 59' lang='grc' dir='ltr'>ἑϐδομηκοντάκις</span> <span class='ocrx_word' id='word_1_338' title='bbox 934 3893 1083 3947; x_wconf 79' lang='grc' dir='ltr'>ἑπτά</span> <span class='ocrx_word' id='word_1_339' title='bbox 1097 3911 1108 3922; x_wconf 92' lang='grc'>·</span> <span class='ocrx_word' id='word_1_340' title='bbox 1134 3893 1366 3947; x_wconf 87' lang='grc' dir='ltr'>ἐνταῦθα</span> <span class='ocrx_word' id='word_1_341' title='bbox 1385 3894 1440 3947; x_wconf 81' lang='grc' dir='ltr'>δέ</span> <span class='ocrx_word' id='word_1_342' title='bbox 1463 3893 1598 3963; x_wconf 80' lang='grc' dir='ltr'>μετὰ</span> <span class='ocrx_word' id='word_1_343' title='bbox 1617 3893 1708 3946; x_wconf 88' lang='grc' dir='ltr'>δύο</span> <span class='ocrx_word' id='word_1_344' title='bbox 1730 3910 1804 3946; x_wconf 87' lang='grc' dir='ltr'>πα</span> <span class='ocrx_word' id='word_1_345' title='bbox 1814 3893 1990 3962; x_wconf 65' lang='grc' dir='ltr'>ραινέα</span> 
     </span>
    </p>
   </div>
   <div class='ocr_carea' id='block_1_42' title="bbox 418 3983 1990 4054">
    <p class='ocr_par' dir='ltr' id='par_1_42' title="bbox 418 3983 1990 4054">
     <span class='ocr_line' id='line_1_42' title="bbox 418 3983 1990 4054; baseline -0.001 -18"><span class='ocrx_word' id='word_1_346' title='bbox 418 4000 531 4048; x_wconf 81' lang='grc' dir='ltr'>σεις</span> <span class='ocrx_word' id='word_1_347' title='bbox 553 3984 690 4054; x_wconf 83' lang='grc' dir='ltr'>μέγα</span> <span class='ocrx_word' id='word_1_348' title='bbox 707 3984 941 4036; x_wconf 81' lang='grc' dir='ltr'>δείκνυσι</span> <span class='ocrx_word' id='word_1_349' title='bbox 962 3983 1023 4035; x_wconf 81' lang='grc' dir='ltr'>τὸ</span> <span class='ocrx_word' id='word_1_350' title='bbox 1042 3983 1146 4051; x_wconf 85' lang='grc' dir='ltr'>πλη</span> <span class='ocrx_word' id='word_1_351' title='bbox 1156 3983 1438 4053; x_wconf 87' lang='grc' dir='ltr'>μμέλημα.</span> <span class='ocrx_word' id='word_1_352' title='bbox 1461 3983 1554 4035; x_wconf 79' lang='grc' dir='ltr'>καὶ</span> <span class='ocrx_word' id='word_1_353' title='bbox 1574 3984 1671 4034; x_wconf 74' lang='grc' dir='ltr'>οὐκ</span> <span class='ocrx_word' id='word_1_354' title='bbox 1691 3983 1990 4050; x_wconf 73' lang='grc' dir='ltr'>ἀναγκάζει</span> 
     </span>
    </p>
   </div>
   <div class='ocr_carea' id='block_1_43' title="bbox 418 4065 1993 4142">
    <p class='ocr_par' dir='ltr' id='par_1_43' title="bbox 418 4065 1993 4142">
     <span class='ocr_line' id='line_1_43' title="bbox 418 4065 1993 4142; baseline -0.001 -19"><span class='ocrx_word' id='word_1_355' title='bbox 418 4074 750 4142; x_wconf 85' lang='grc' dir='ltr'>παραμεῖναι</span> <span class='ocrx_word' id='word_1_356' title='bbox 789 4071 969 4124; x_wconf 86' lang='grc' dir='ltr'>πάλιν.</span> <span class='ocrx_word' id='word_1_357' title='bbox 994 4070 1058 4121; x_wconf 87' lang='grc' dir='ltr'>Τί</span> <span class='ocrx_word' id='word_1_358' title='bbox 1093 4065 1184 4122; x_wconf 82' lang='grc' dir='ltr'>οὖν</span> <span class='ocrx_word' id='word_1_359' title='bbox 1205 4088 1218 4134; x_wconf 90' lang='grc'><strong>;</strong></span> <span class='ocrx_word' id='word_1_360' title='bbox 1241 4070 1455 4124; x_wconf 81' lang='grc' dir='ltr'>ἐναντία</span> <span class='ocrx_word' id='word_1_361' title='bbox 1477 4068 1625 4140; x_wconf 74' lang='grc'>[2³55]</span> <span class='ocrx_word' id='word_1_362' title='bbox 1648 4069 1815 4122; x_wconf 90' lang='grc' dir='ltr'>ταῦτα</span> <span class='ocrx_word' id='word_1_363' title='bbox 1849 4070 1993 4123; x_wconf 87' lang='grc' dir='ltr'>ἐκεί-</span> 
     </span>
    </p>
   </div>
   <div class='ocr_carea' id='block_1_44' title="bbox 419 4159 1992 4228">
    <p class='ocr_par' dir='ltr' id='par_1_44' title="bbox 419 4159 1992 4228">
     <span class='ocr_line' id='line_1_44' title="bbox 419 4159 1992 4228; baseline 0.001 -17"><span class='ocrx_word' id='word_1_364' title='bbox 419 4175 558 4222; x_wconf 73' lang='lat' dir='ltr'>ww;</span> <span class='ocrx_word' id='word_1_365' title='bbox 585 4160 795 4226; x_wconf 82' lang='grc' dir='ltr'>Ἀπαγε</span> <span class='ocrx_word' id='word_1_366' title='bbox 816 4176 829 4188; x_wconf 96' lang='grc'>·</span> <span class='ocrx_word' id='word_1_367' title='bbox 853 4159 986 4213; x_wconf 85' lang='grc' dir='ltr'>ἀλλά</span> <span class='ocrx_word' id='word_1_368' title='bbox 1018 4160 1098 4219; x_wconf 78' lang='grc' dir='ltr'>τὸ,</span> <span class='ocrx_word' id='word_1_369' title='bbox 1145 4159 1675 4228; x_wconf 75' lang='grc' dir='ltr'>Ἑϐδομηκοντάκις</span> <span class='ocrx_word' id='word_1_370' title='bbox 1708 4159 1876 4225; x_wconf 80' lang='grc' dir='ltr'>ἑπτὰ,</span> <span class='ocrx_word' id='word_1_371' title='bbox 1897 4160 1992 4212; x_wconf 76' lang='grc' dir='ltr'>ἐάν</span> 
     </span>
    </p>
   </div>
   <div class='ocr_carea' id='block_1_45' title="bbox 424 4240 1994 4318">
    <p class='ocr_par' dir='ltr' id='par_1_45' title="bbox 424 4240 1994 4318">
     <span class='ocr_line' id='line_1_45' title="bbox 424 4240 1994 4318; baseline 0.001 -20"><span class='ocrx_word' id='word_1_372' title='bbox 424 4249 675 4317; x_wconf 81' lang='grc' dir='ltr'>μετανοῇ,</span> <span class='ocrx_word' id='word_1_373' title='bbox 698 4240 863 4313; x_wconf 88' lang='grc' dir='ltr'>λέγει.</span> <span class='ocrx_word' id='word_1_374' title='bbox 888 4247 1010 4309; x_wconf 85' lang='grc' dir='ltr'>Πῶς</span> <span class='ocrx_word' id='word_1_375' title='bbox 1029 4251 1136 4314; x_wconf 81' lang='grc' dir='ltr'>γὰρ</span> <span class='ocrx_word' id='word_1_376' title='bbox 1156 4247 1219 4300; x_wconf 82' lang='grc' dir='ltr'>ἄν</span> <span class='ocrx_word' id='word_1_377' title='bbox 1239 4263 1320 4310; x_wconf 88' lang='grc' dir='ltr'>τις</span> <span class='ocrx_word' id='word_1_378' title='bbox 1341 4247 1539 4316; x_wconf 77' lang='grc' dir='ltr'>ἀφήσει</span> <span class='ocrx_word' id='word_1_379' title='bbox 1558 4245 1636 4315; x_wconf 82' lang='grc' dir='ltr'>τῷ</span> <span class='ocrx_word' id='word_1_380' title='bbox 1662 4247 1791 4316; x_wconf 81' lang='grc' dir='ltr'>μηδὲ</span> <span class='ocrx_word' id='word_1_381' title='bbox 1815 4248 1994 4318; x_wconf 81' lang='grc' dir='ltr'>ἡμαρ-</span> 
     </span>
    </p>
   </div>
   <div class='ocr_carea' id='block_1_46' title="bbox 418 4333 1992 4404">
    <p class='ocr_par' dir='ltr' id='par_1_46' title="bbox 418 4333 1992 4404">
     <span class='ocr_line' id='line_1_46' title="bbox 418 4333 1992 4404; baseline 0.001 -19"><span class='ocrx_word' id='word_1_382' title='bbox 418 4334 641 4403; x_wconf 77' lang='grc' dir='ltr'>τηκέναι</span> <span class='ocrx_word' id='word_1_383' title='bbox 676 4333 1040 4404; x_wconf 82' lang='grc' dir='ltr'>ὁμολογοῦντι,</span> <span class='ocrx_word' id='word_1_384' title='bbox 1065 4333 1197 4404; x_wconf 85' lang='grc' dir='ltr'>μηδέ</span> <span class='ocrx_word' id='word_1_385' title='bbox 1237 4333 1616 4402; x_wconf 86' lang='grc' dir='ltr'>μετανοοῦντι;</span> <span class='ocrx_word' id='word_1_386' title='bbox 1649 4333 1755 4385; x_wconf 85' lang='lat' dir='ltr'><em>Kal</em></span> <span class='ocrx_word' id='word_1_387' title='bbox 1775 4334 1881 4404; x_wconf 78' lang='grc' dir='ltr'>γὰρ</span> <span class='ocrx_word' id='word_1_388' title='bbox 1901 4334 1992 4387; x_wconf 80' lang='grc' dir='ltr'>τὸν</span> 
     </span>
    </p>
   </div>
   <div class='ocr_carea' id='block_1_47' title="bbox 424 4421 1990 4493">
    <p class='ocr_par' dir='ltr' id='par_1_47' title="bbox 424 4421 1990 4493">
     <span class='ocr_line' id='line_1_47' title="bbox 424 4421 1990 4493; baseline 0 -18"><span class='ocrx_word' id='word_1_389' title='bbox 424 4423 604 4493; x_wconf 71' lang='grc' dir='ltr'>ἰατρὸν</span> <span class='ocrx_word' id='word_1_390' title='bbox 640 4425 902 4493; x_wconf 79' lang='grc' dir='ltr'>φάρμακα</span> <span class='ocrx_word' id='word_1_391' title='bbox 929 4421 1301 4483; x_wconf 76' lang='grc' dir='ltr'>ἀπαιτοῦντες,</span> <span class='ocrx_word' id='word_1_392' title='bbox 1325 4421 1416 4473; x_wconf 70' lang='grc' dir='ltr'>καὶ</span> <span class='ocrx_word' id='word_1_393' title='bbox 1434 4421 1493 4473; x_wconf 77' lang='grc' dir='ltr'>τὸ</span> <span class='ocrx_word' id='word_1_394' title='bbox 1512 4421 1666 4483; x_wconf 67' lang='grc' dir='ltr'>ἕλκος</span> <span class='ocrx_word' id='word_1_395' title='bbox 1687 4421 1990 4491; x_wconf 87' lang='grc' dir='ltr'>δείκνυμεν.</span> 
     </span>
    </p>
   </div>
   <div class='ocr_carea' id='block_1_48' title="bbox 422 4505 1990 4582">
    <p class='ocr_par' dir='ltr' id='par_1_48' title="bbox 422 4505 1990 4582">
     <span class='ocr_line' id='line_1_48' title="bbox 422 4505 1990 4582; baseline -0.001 -17"><span class='ocrx_word' id='word_1_396' title='bbox 422 4513 519 4575; x_wconf 83' lang='grc' dir='ltr'>Τίς</span> <span class='ocrx_word' id='word_1_397' title='bbox 554 4507 645 4564; x_wconf 86' lang='grc' dir='ltr'>οὖν</span> <span class='ocrx_word' id='word_1_398' title='bbox 683 4513 830 4563; x_wconf 88' lang='grc' dir='ltr'>ἐστιν</span> <span class='ocrx_word' id='word_1_399' title='bbox 849 4513 878 4563; x_wconf 96' lang='lat'>6</span> <span class='ocrx_word' id='word_1_400' title='bbox 897 4509 1233 4581; x_wconf 78' lang='grc' dir='ltr'>ἁμαρτωλὸς,</span> <span class='ocrx_word' id='word_1_401' title='bbox 1261 4511 1386 4581; x_wconf 74' lang='grc' dir='ltr'>περὶ</span> <span class='ocrx_word' id='word_1_402' title='bbox 1423 4505 1483 4563; x_wconf 79' lang='grc' dir='ltr'>οῦ</span> <span class='ocrx_word' id='word_1_403' title='bbox 1523 4527 1684 4580; x_wconf 83' lang='grc' dir='ltr'>φησιν</span> <span class='ocrx_word' id='word_1_404' title='bbox 1705 4511 1936 4563; x_wconf 87' lang='grc' dir='ltr'>ἐνταῦθα</span> <span class='ocrx_word' id='word_1_405' title='bbox 1955 4513 1990 4582; x_wconf 84' lang='grc' dir='ltr'>ἡ</span> 
     </span>
    </p>
   </div>
   <div class='ocr_carea' id='block_1_49' title="bbox 421 4598 1993 4671">
    <p class='ocr_par' dir='ltr' id='par_1_49' title="bbox 421 4598 1993 4671">
     <span class='ocr_line' id='line_1_49' title="bbox 421 4598 1993 4671; baseline 0 -19"><span class='ocrx_word' id='word_1_406' title='bbox 421 4601 646 4671; x_wconf 81' lang='grc' dir='ltr'>Γραφή;</span> <span class='ocrx_word' id='word_1_407' title='bbox 693 4599 1034 4668; x_wconf 83' lang='grc' dir='ltr'>Ἀκούσωμεν</span> <span class='ocrx_word' id='word_1_408' title='bbox 1074 4598 1210 4669; x_wconf 85' lang='grc' dir='ltr'>μετά</span> <span class='ocrx_word' id='word_1_409' title='bbox 1246 4598 1547 4670; x_wconf 74' lang='grc' dir='ltr'>ἀκριΰείας.</span> <span class='ocrx_word' id='word_1_410' title='bbox 1572 4599 1682 4651; x_wconf 83' lang='lat' dir='ltr'><em>Kal</em></span> <span class='ocrx_word' id='word_1_411' title='bbox 1720 4599 1826 4668; x_wconf 76' lang='grc' dir='ltr'>γὰρ</span> <span class='ocrx_word' id='word_1_412' title='bbox 1860 4600 1993 4652; x_wconf 87' lang='grc' dir='ltr'>ὑπο-</span> 
     </span>
    </p>
   </div>
   <div class='ocr_carea' id='block_1_50' title="bbox 421 4685 1993 4756">
    <p class='ocr_par' dir='ltr' id='par_1_50' title="bbox 421 4685 1993 4756">
     <span class='ocr_line' id='line_1_50' title="bbox 421 4685 1993 4756; baseline -0.002 -16"><span class='ocrx_word' id='word_1_413' title='bbox 421 4688 619 4756; x_wconf 78' lang='grc' dir='ltr'>γράφει</span> <span class='ocrx_word' id='word_1_414' title='bbox 657 4687 839 4752; x_wconf 79' lang='grc' dir='ltr'>αὑτὸν,</span> <span class='ocrx_word' id='word_1_415' title='bbox 859 4687 945 4739; x_wconf 77' lang='grc' dir='ltr'>διὰ</span> <span class='ocrx_word' id='word_1_416' title='bbox 979 4687 1086 4738; x_wconf 88' lang='grc' dir='ltr'>τῶν</span> <span class='ocrx_word' id='word_1_417' title='bbox 1106 4687 1233 4755; x_wconf 74' lang='grc' dir='ltr'>ἑξῆς</span> <span class='ocrx_word' id='word_1_418' title='bbox 1252 4685 1392 4738; x_wconf 72' lang='grc' dir='ltr'>οὕτω</span> <span class='ocrx_word' id='word_1_419' title='bbox 1410 4685 1581 4754; x_wconf 87' lang='grc' dir='ltr'>λέγων</span> <span class='ocrx_word' id='word_1_420' title='bbox 1600 4703 1613 4716; x_wconf 90' lang='grc'>·</span> <span class='ocrx_word' id='word_1_421' title='bbox 1637 4688 1706 4739; x_wconf 81' lang='lat' dir='ltr'>El</span> <span class='ocrx_word' id='word_1_422' title='bbox 1729 4686 1993 4753; x_wconf 77' lang='grc' dir='ltr'>ἐθεώρεις</span> 
     </span>
    </p>
   </div>
   <div class='ocr_carea' id='block_1_51' title="bbox 422 4772 1995 4842">
    <p class='ocr_par' dir='ltr' id='par_1_51' title="bbox 422 4772 1995 4842">
     <span class='ocr_line' id='line_1_51' title="bbox 422 4772 1995 4842; baseline 0.001 -16"><span class='ocrx_word' id='word_1_423' title='bbox 422 4773 705 4840; x_wconf 68' lang='grc' dir='ltr'>κλέπτην,</span> <span class='ocrx_word' id='word_1_424' title='bbox 729 4774 1083 4842; x_wconf 78' lang='grc' dir='ltr'>συνέτρεχες</span> <span class='ocrx_word' id='word_1_425' title='bbox 1104 4772 1284 4838; x_wconf 80' lang='grc' dir='ltr'>αὐτῷ,</span> <span class='ocrx_word' id='word_1_426' title='bbox 1313 4772 1408 4826; x_wconf 79' lang='grc' dir='ltr'>καὶ</span> <span class='ocrx_word' id='word_1_427' title='bbox 1441 4772 1592 4841; x_wconf 81' lang='grc' dir='ltr'>μετὰ</span> <span class='ocrx_word' id='word_1_428' title='bbox 1621 4773 1850 4842; x_wconf 75' lang='grc' dir='ltr'>μοιχῶν</span> <span class='ocrx_word' id='word_1_429' title='bbox 1881 4773 1995 4841; x_wconf 77' lang='grc' dir='ltr'>τὴν</span> 
     </span>
    </p>
   </div>
   <div class='ocr_carea' id='block_1_52' title="bbox 417 4859 1996 4929">
    <p class='ocr_par' dir='ltr' id='par_1_52' title="bbox 417 4859 1996 4929">
     <span class='ocr_line' id='line_1_52' title="bbox 417 4859 1996 4929; baseline 0.001 -16"><span class='ocrx_word' id='word_1_430' title='bbox 417 4861 628 4929; x_wconf 72' lang='grc' dir='ltr'>μερίδα</span> <span class='ocrx_word' id='word_1_431' title='bbox 647 4877 762 4914; x_wconf 89' lang='grc' dir='ltr'>σου</span> <span class='ocrx_word' id='word_1_432' title='bbox 781 4861 1011 4925; x_wconf 78' lang='grc' dir='ltr'>ἐτίθεις.</span> <span class='ocrx_word' id='word_1_433' title='bbox 1043 4861 1112 4914; x_wconf 84' lang='grc' dir='ltr'>Τὸ</span> <span class='ocrx_word' id='word_1_434' title='bbox 1151 4860 1342 4928; x_wconf 81' lang='grc' dir='ltr'><em>στόμα</em></span> <span class='ocrx_word' id='word_1_435' title='bbox 1366 4876 1477 4913; x_wconf 86' lang='grc' dir='ltr'>σου</span> <span class='ocrx_word' id='word_1_436' title='bbox 1518 4859 1854 4914; x_wconf 77' lang='grc' dir='ltr'><em>ἐπλεόνασε</em></span> <span class='ocrx_word' id='word_1_437' title='bbox 1893 4878 1996 4914; x_wconf 84' lang='grc' dir='ltr'>κα-</span> 
     </span>
    </p>
   </div>
   <div class='ocr_carea' id='block_1_53' title="bbox 423 4945 1990 5016">
    <p class='ocr_par' dir='ltr' id='par_1_53' title="bbox 423 4945 1990 5016">
     <span class='ocr_line' id='line_1_53' title="bbox 423 4945 1990 5016; baseline 0.001 -17"><span class='ocrx_word' id='word_1_438' title='bbox 423 4948 580 5009; x_wconf 76' lang='grc' dir='ltr'>κίαν,</span> <span class='ocrx_word' id='word_1_439' title='bbox 608 4948 703 4999; x_wconf 77' lang='grc' dir='ltr'>καί</span> <span class='ocrx_word' id='word_1_440' title='bbox 731 4949 769 5014; x_wconf 75' lang='grc' dir='ltr'>ἡ</span> <span class='ocrx_word' id='word_1_441' title='bbox 792 4945 1044 5016; x_wconf 79' lang='grc' dir='ltr'>γλῶσσὰ</span> <span class='ocrx_word' id='word_1_442' title='bbox 1082 4964 1197 5000; x_wconf 89' lang='grc' dir='ltr'>σου</span> <span class='ocrx_word' id='word_1_443' title='bbox 1241 4946 1590 5013; x_wconf 78' lang='grc' dir='ltr'>περιέπλεκε</span> <span class='ocrx_word' id='word_1_444' title='bbox 1621 4947 1990 5015; x_wconf 75' lang='grc' dir='ltr'><em>δολιότητας.</em></span> 
     </span>
    </p>
   </div>
   <div class='ocr_carea' id='block_1_54' title="bbox 423 5033 1993 5103">
    <p class='ocr_par' dir='ltr' id='par_1_54' title="bbox 423 5033 1993 5103">
     <span class='ocr_line' id='line_1_54' title="bbox 423 5033 1993 5103; baseline 0.001 -17"><span class='ocrx_word' id='word_1_445' title='bbox 423 5033 765 5103; x_wconf 76' lang='grc' dir='ltr'>Ιιάθήμενος</span> <span class='ocrx_word' id='word_1_446' title='bbox 784 5036 931 5088; x_wconf 82' lang='grc' dir='ltr'><em>κατὰ</em></span> <span class='ocrx_word' id='word_1_447' title='bbox 948 5034 1054 5088; x_wconf 90' lang='grc' dir='ltr'>τοῦ</span> <span class='ocrx_word' id='word_1_448' title='bbox 1075 5033 1341 5102; x_wconf 67' lang='grc' dir='ltr'>ἀδελφοῦ</span> <span class='ocrx_word' id='word_1_449' title='bbox 1361 5050 1476 5087; x_wconf 86' lang='grc' dir='ltr'>σου</span> <span class='ocrx_word' id='word_1_450' title='bbox 1507 5035 1875 5099; x_wconf 61' lang='grc' dir='ltr'><em>κατελιὶ..ίεις,</em></span> <span class='ocrx_word' id='word_1_451' title='bbox 1895 5035 1993 5088; x_wconf 76' lang='grc' dir='ltr'>καί</span> 
     </span>
    </p>
   </div>
   <div class='ocr_carea' id='block_1_55' title="bbox 425 5121 1990 5191">
    <p class='ocr_par' dir='ltr' id='par_1_55' title="bbox 425 5121 1990 5191">
     <span class='ocr_line' id='line_1_55' title="bbox 425 5121 1990 5191; baseline 0.002 -18"><span class='ocrx_word' id='word_1_452' title='bbox 425 5123 574 5176; x_wconf 82' lang='grc' dir='ltr'>κατὰ</span> <span class='ocrx_word' id='word_1_453' title='bbox 593 5122 698 5176; x_wconf 85' lang='grc' dir='ltr'>τοῦ</span> <span class='ocrx_word' id='word_1_454' title='bbox 718 5122 852 5176; x_wconf 89' lang='grc' dir='ltr'>υίοῦ</span> <span class='ocrx_word' id='word_1_455' title='bbox 874 5121 982 5188; x_wconf 82' lang='grc' dir='ltr'>τῆς</span> <span class='ocrx_word' id='word_1_456' title='bbox 994 5123 1220 5191; x_wconf 81' lang='grc' dir='ltr'>μητρός</span> <span class='ocrx_word' id='word_1_457' title='bbox 1249 5139 1364 5175; x_wconf 88' lang='grc' dir='ltr'>σου</span> <span class='ocrx_word' id='word_1_458' title='bbox 1387 5123 1599 5188; x_wconf 84' lang='grc' dir='ltr'><em>ἐτίθεις</em></span> <span class='ocrx_word' id='word_1_459' title='bbox 1620 5122 1990 5176; x_wconf 70' lang='grc' dir='ltr'><em>σκάνδαλον.</em></span> 
     </span>
    </p>
   </div>
   <div class='ocr_carea' id='block_1_56' title="bbox 425 5206 1996 5281">
    <p class='ocr_par' dir='ltr' id='par_1_56' title="bbox 425 5206 1996 5281">
     <span class='ocr_line' id='line_1_56' title="bbox 425 5206 1996 5281; baseline 0.001 -19"><span class='ocrx_word' id='word_1_460' title='bbox 425 5206 576 5273; x_wconf 78' lang='grc' dir='ltr'>Εἶδες</span> <span class='ocrx_word' id='word_1_461' title='bbox 615 5211 862 5280; x_wconf 86' lang='grc' dir='ltr'>καθάπερ</span> <span class='ocrx_word' id='word_1_462' title='bbox 899 5213 956 5263; x_wconf 83' lang='grc' dir='ltr'>ἐν</span> <span class='ocrx_word' id='word_1_463' title='bbox 993 5212 1158 5263; x_wconf 74' lang='grc' dir='ltr'>εἰκόνι</span> <span class='ocrx_word' id='word_1_464' title='bbox 1177 5212 1274 5280; x_wconf 86' lang='grc' dir='ltr'>τῆς</span> <span class='ocrx_word' id='word_1_465' title='bbox 1293 5211 1488 5273; x_wconf 84' lang='grc' dir='ltr'>κακίας</span> <span class='ocrx_word' id='word_1_466' title='bbox 1506 5212 1573 5263; x_wconf 70' lang='grc' dir='ltr'>τὰ</span> <span class='ocrx_word' id='word_1_467' title='bbox 1593 5210 1878 5281; x_wconf 86' lang='grc' dir='ltr'>χρώματα,</span> <span class='ocrx_word' id='word_1_468' title='bbox 1904 5213 1996 5264; x_wconf 79' lang='grc' dir='ltr'>καὶ</span> 
     </span>
    </p>
   </div>
   <div class='ocr_carea' id='block_1_57' title="bbox 427 5297 1998 5370">
    <p class='ocr_par' dir='ltr' id='par_1_57' title="bbox 427 5297 1998 5370">
     <span class='ocr_line' id='line_1_57' title="bbox 427 5297 1998 5370; baseline 0 -21"><span class='ocrx_word' id='word_1_469' title='bbox 427 5297 544 5361; x_wconf 82' lang='grc' dir='ltr'>πῶς</span> <span class='ocrx_word' id='word_1_470' title='bbox 581 5297 767 5367; x_wconf 79' lang='grc' dir='ltr'>θηρίον</span> <span class='ocrx_word' id='word_1_471' title='bbox 803 5301 830 5350; x_wconf 89' lang='lat'>6</span> <span class='ocrx_word' id='word_1_472' title='bbox 869 5300 1101 5368; x_wconf 76' lang='grc' dir='ltr'>πονηρὸς</span> <span class='ocrx_word' id='word_1_473' title='bbox 1139 5298 1326 5366; x_wconf 87' lang='grc' dir='ltr'>γέγονε</span> <span class='ocrx_word' id='word_1_474' title='bbox 1346 5301 1411 5370; x_wconf 83' lang='grc' dir='ltr'>τῇ</span> <span class='ocrx_word' id='word_1_475' title='bbox 1435 5297 1620 5367; x_wconf 82' lang='grc' dir='ltr'>κακίᾳ,</span> <span class='ocrx_word' id='word_1_476' title='bbox 1645 5298 1744 5366; x_wconf 74' lang='grc' dir='ltr'>τῆς</span> <span class='ocrx_word' id='word_1_477' title='bbox 1785 5298 1998 5366; x_wconf 85' lang='grc' dir='ltr'>φύσεως</span> 
     </span>
    </p>
   </div>
   <div class='ocr_carea' id='block_1_58' title="bbox 426 5385 1998 5457">
    <p class='ocr_par' dir='ltr' id='par_1_58' title="bbox 426 5385 1998 5457">
     <span class='ocr_line' id='line_1_58' title="bbox 426 5385 1998 5457; baseline 0.001 -20"><span class='ocrx_word' id='word_1_478' title='bbox 426 5385 521 5456; x_wconf 70' lang='grc' dir='ltr'>τὴν</span> <span class='ocrx_word' id='word_1_479' title='bbox 563 5385 837 5450; x_wconf 69' lang='grc' dir='ltr'>εὐγένειαν</span> <span class='ocrx_word' id='word_1_480' title='bbox 876 5387 1136 5456; x_wconf 84' lang='grc' dir='ltr'>προδούς;</span> <span class='ocrx_word' id='word_1_481' title='bbox 1168 5387 1257 5457; x_wconf 82' lang='grc' dir='ltr'>Μή</span> <span class='ocrx_word' id='word_1_482' title='bbox 1278 5387 1455 5438; x_wconf 84' lang='grc' dir='ltr'>τοίνυν</span> <span class='ocrx_word' id='word_1_483' title='bbox 1479 5385 1660 5447; x_wconf 84' lang='grc' dir='ltr'>ἁπλῶς</span> <span class='ocrx_word' id='word_1_484' title='bbox 1683 5385 1998 5454; x_wconf 81' lang='grc' dir='ltr'>ἐπέλθωμεν</span> 
     </span>
    </p>
   </div>
   <div class='ocr_carea' id='block_1_59' title="bbox 427 5472 1999 5545">
    <p class='ocr_par' dir='ltr' id='par_1_59' title="bbox 427 5472 1999 5545">
     <span class='ocr_line' id='line_1_59' title="bbox 427 5472 1999 5545; baseline 0 -19"><span class='ocrx_word' id='word_1_485' title='bbox 427 5473 524 5545; x_wconf 64' lang='grc' dir='ltr'>τὴν</span> <span class='ocrx_word' id='word_1_486' title='bbox 562 5472 764 5537; x_wconf 75' lang='grc' dir='ltr'>εἰκόνα,</span> <span class='ocrx_word' id='word_1_487' title='bbox 786 5473 901 5525; x_wconf 81' lang='grc' dir='ltr'>ἀλλ’</span> <span class='ocrx_word' id='word_1_488' title='bbox 920 5473 1163 5544; x_wconf 71' lang='grc' dir='ltr'>ἀκριϐῶς</span> <span class='ocrx_word' id='word_1_489' title='bbox 1203 5473 1297 5526; x_wconf 79' lang='grc' dir='ltr'>καὶ</span> <span class='ocrx_word' id='word_1_490' title='bbox 1337 5472 1455 5525; x_wconf 85' lang='grc' dir='ltr'>καθ’</span> <span class='ocrx_word' id='word_1_491' title='bbox 1478 5473 1704 5525; x_wconf 72' lang='grc' dir='ltr'>ἕκαστον</span> <span class='ocrx_word' id='word_1_492' title='bbox 1725 5472 1999 5537; x_wconf 77' lang='grc' dir='ltr'>ἐξετάζον-</span> 
     </span>
    </p>
   </div>
   <div class='ocr_carea' id='block_1_60' title="bbox 491 5649 1681 5712">
    <p class='ocr_par' dir='ltr' id='par_1_60' title="bbox 491 5649 1681 5712">
     <span class='ocr_line' id='line_1_60' title="bbox 491 5649 1681 5712; baseline -0.004 -13"><span class='ocrx_word' id='word_1_493' title='bbox 491 5654 519 5682; x_wconf 78' lang='grc'>¹¹</span> <span class='ocrx_word' id='word_1_494' title='bbox 541 5651 620 5701; x_wconf 77' lang='lat' dir='ltr'>Sic</span> <span class='ocrx_word' id='word_1_495' title='bbox 637 5650 772 5712; x_wconf 68' lang='lat' dir='ltr'>Colb,</span> <span class='ocrx_word' id='word_1_496' title='bbox 799 5652 995 5709; x_wconf 73' lang='lat' dir='ltr'>melius,</span> <span class='ocrx_word' id='word_1_497' title='bbox 1017 5649 1236 5712; x_wconf 75' lang='lat' dir='ltr'>repetito</span> <span class='ocrx_word' id='word_1_498' title='bbox 1255 5651 1556 5712; x_wconf 61' lang='lat' dir='ltr'>praenomine</span> <span class='ocrx_word' id='word_1_499' title='bbox 1577 5649 1681 5705; x_wconf 85' lang='grc' dir='ltr'>τήν.</span> 
     </span>
    </p>
   </div>
   <div class='ocr_carea' id='block_1_61' title="bbox 491 5710 1992 5772">
    <p class='ocr_par' dir='ltr' id='par_1_61' title="bbox 491 5710 1992 5772">
     <span class='ocr_line' id='line_1_61' title="bbox 491 5710 1992 5772; baseline 0.001 -10"><span class='ocrx_word' id='word_1_500' title='bbox 491 5713 524 5754; x_wconf 76' lang='grc' dir='ltr'>ιι</span> <span class='ocrx_word' id='word_1_501' title='bbox 545 5712 668 5768; x_wconf 79' lang='grc' dir='ltr'>Ἔτι,</span> <span class='ocrx_word' id='word_1_502' title='bbox 690 5720 738 5762; x_wconf 83' lang='lat' dir='ltr'><em>el</em></span> <span class='ocrx_word' id='word_1_503' title='bbox 761 5710 879 5762; x_wconf 78' lang='lat' dir='ltr'>infra</span> <span class='ocrx_word' id='word_1_504' title='bbox 905 5713 991 5768; x_wconf 81' lang='grc' dir='ltr'>ἕως</span> <span class='ocrx_word' id='word_1_505' title='bbox 1015 5710 1129 5760; x_wconf 77' lang='lat' dir='ltr'>anie</span> <span class='ocrx_word' id='word_1_506' title='bbox 1155 5710 1551 5772; x_wconf 69' lang='grc' dir='ltr'>ἑϐδομηκοντάκις</span> <span class='ocrx_word' id='word_1_507' title='bbox 1576 5712 1782 5764; x_wconf 74' lang='lat' dir='ltr'>deerant</span> <span class='ocrx_word' id='word_1_508' title='bbox 1800 5713 1850 5762; x_wconf 86' lang='lat' dir='ltr'>in</span> <span class='ocrx_word' id='word_1_509' title='bbox 1875 5710 1992 5763; x_wconf 76' lang='lat' dir='ltr'>edit.</span> 
     </span>
    </p>
   </div>
   <div class='ocr_carea' id='block_1_62' title="bbox 428 5772 1450 5836">
    <p class='ocr_par' dir='ltr' id='par_1_62' title="bbox 428 5772 1450 5836">
     <span class='ocr_line' id='line_1_62' title="bbox 428 5772 1450 5836; baseline -0.004 -10"><span class='ocrx_word' id='word_1_510' title='bbox 428 5773 623 5836; x_wconf 60' lang='grc' dir='ltr'>λίθεοι,</span> <span class='ocrx_word' id='word_1_511' title='bbox 647 5775 734 5825; x_wconf 80' lang='lat' dir='ltr'>sed</span> <span class='ocrx_word' id='word_1_512' title='bbox 756 5774 997 5824; x_wconf 79' lang='lat' dir='ltr'><strong>habemur</strong></span> <span class='ocrx_word' id='word_1_513' title='bbox 1015 5772 1067 5823; x_wconf 88' lang='lat' dir='ltr'><strong>in</strong></span> <span class='ocrx_word' id='word_1_514' title='bbox 1086 5787 1202 5823; x_wconf 85' lang='lat' dir='ltr'>mss.</span> <span class='ocrx_word' id='word_1_515' title='bbox 1227 5783 1280 5823; x_wconf 73' lang='lat' dir='ltr'>et</span> <span class='ocrx_word' id='word_1_516' title='bbox 1302 5772 1450 5822; x_wconf 66' lang='lat' dir='ltr'>Savil.</span> 
     </span>
    </p>
   </div>
   <div class='ocr_carea' id='block_1_63' title="bbox 1431 361 2499 423">
    <p class='ocr_par' dir='ltr' id='par_1_63' title="bbox 1431 361 2499 423">
     <span class='ocr_line' id='line_1_63' title="bbox 1431 361 2499 423; baseline -0.003 -2"><span class='ocrx_word' id='word_1_517' title='bbox 1431 365 1796 423; x_wconf 73' lang='lat' dir='ltr'>EXPOSITIO</span> <span class='ocrx_word' id='word_1_518' title='bbox 1829 364 1898 419; x_wconf 76' lang='grc' dir='ltr'>ιΝ</span> <span class='ocrx_word' id='word_1_519' title='bbox 1933 361 2272 421; x_wconf 77' lang='lat' dir='ltr'>PSALMUM</span> <span class='ocrx_word' id='word_1_520' title='bbox 2313 363 2499 418; x_wconf 66' lang='lat' dir='ltr'>XLIX.</span> 
     </span>
    </p>
   </div>
   <div class='ocr_carea' id='block_1_64' title="bbox 3531 365 3638 422">
    <p class='ocr_par' dir='ltr' id='par_1_64' title="bbox 3531 365 3638 422">
     <span class='ocr_line' id='line_1_64' title="bbox 3531 365 3638 422; baseline -0.019 0"><span class='ocrx_word' id='word_1_521' title='bbox 3531 365 3638 422; x_wconf 71' lang='grc' dir='ltr'>εεε</span> 
     </span>
    </p>
   </div>
   <div class='ocr_carea' id='block_1_65' title="bbox 2056 474 3634 545">
    <p class='ocr_par' dir='ltr' id='par_1_65' title="bbox 2056 474 3634 545">
     <span class='ocr_line' id='line_1_65' title="bbox 2056 474 3634 545; baseline 0 -16"><span class='ocrx_word' id='word_1_522' title='bbox 2056 495 2163 539; x_wconf 87' lang='grc' dir='ltr'>τες.</span> <span class='ocrx_word' id='word_1_523' title='bbox 2215 480 2274 532; x_wconf 81' lang='grc' dir='ltr'>Εἰ</span> <span class='ocrx_word' id='word_1_524' title='bbox 2294 474 2562 545; x_wconf 84' lang='grc' dir='ltr'>ἐθεώρεις</span> <span class='ocrx_word' id='word_1_525' title='bbox 2585 474 2876 539; x_wconf 74' lang='grc' dir='ltr'>κλέπτην,</span> <span class='ocrx_word' id='word_1_526' title='bbox 2898 474 3048 541; x_wconf 63' lang='grc' dir='ltr'>φησὶ,</span> <span class='ocrx_word' id='word_1_527' title='bbox 3071 474 3324 542; x_wconf 75' lang='grc' dir='ltr'>συνέτρε</span> <span class='ocrx_word' id='word_1_528' title='bbox 3329 494 3432 545; x_wconf 85' lang='grc' dir='ltr'>χες</span> <span class='ocrx_word' id='word_1_529' title='bbox 3452 477 3634 544; x_wconf 79' lang='grc' dir='ltr'><em>αὐτῷ.</em></span> 
     </span>
    </p>
   </div>
   <div class='ocr_carea' id='block_1_66' title="bbox 2127 555 3639 628">
    <p class='ocr_par' dir='ltr' id='par_1_66' title="bbox 2127 555 3639 628">
     <span class='ocr_line' id='line_1_66' title="bbox 2127 555 3639 628; baseline 0.001 -18"><span class='ocrx_word' id='word_1_530' title='bbox 2127 559 2294 612; x_wconf 85' lang='grc' dir='ltr'>Τοῦτο</span> <span class='ocrx_word' id='word_1_531' title='bbox 2310 559 2526 611; x_wconf 87' lang='grc' dir='ltr'>πάντων</span> <span class='ocrx_word' id='word_1_532' title='bbox 2543 557 2711 609; x_wconf 80' lang='grc' dir='ltr'>αἴτιον</span> <span class='ocrx_word' id='word_1_533' title='bbox 2732 555 2838 608; x_wconf 85' lang='grc' dir='ltr'>τῶν</span> <span class='ocrx_word' id='word_1_534' title='bbox 2859 557 3043 608; x_wconf 90' lang='grc' dir='ltr'>κακῶν</span> <span class='ocrx_word' id='word_1_535' title='bbox 3060 573 3072 586; x_wconf 96' lang='grc'>·</span> <span class='ocrx_word' id='word_1_536' title='bbox 3091 556 3249 610; x_wconf 89' lang='grc' dir='ltr'>τοῦτο</span> <span class='ocrx_word' id='word_1_537' title='bbox 3273 559 3504 628; x_wconf 78' lang='grc' dir='ltr'>μάλιστά</span> <span class='ocrx_word' id='word_1_538' title='bbox 3523 561 3639 612; x_wconf 88' lang='grc' dir='ltr'>ἐστι</span> 
     </span>
    </p>
   </div>
   <div class='ocr_carea' id='block_1_67' title="bbox 2055 638 3641 712">
    <p class='ocr_par' dir='ltr' id='par_1_67' title="bbox 2055 638 3641 712">
     <span class='ocr_line' id='line_1_67' title="bbox 2055 638 3641 712; baseline 0.002 -20"><span class='ocrx_word' id='word_1_539' title='bbox 2055 641 2116 693; x_wconf 81' lang='grc' dir='ltr'>τὸ</span> <span class='ocrx_word' id='word_1_540' title='bbox 2134 642 2266 692; x_wconf 82' lang='grc' dir='ltr'>ἀνατ</span> <span class='ocrx_word' id='word_1_541' title='bbox 2276 643 2436 712; x_wconf 84' lang='grc' dir='ltr'>ρέπον</span> <span class='ocrx_word' id='word_1_542' title='bbox 2458 638 2678 710; x_wconf 82' lang='grc' dir='ltr'>ἀρετὴν,</span> <span class='ocrx_word' id='word_1_543' title='bbox 2700 639 2759 691; x_wconf 76' lang='grc' dir='ltr'>τὸ</span> <span class='ocrx_word' id='word_1_544' title='bbox 2779 638 2967 692; x_wconf 86' lang='grc' dir='ltr'>ἐκλύον</span> <span class='ocrx_word' id='word_1_545' title='bbox 2988 639 3084 709; x_wconf 80' lang='grc' dir='ltr'>τὴν</span> <span class='ocrx_word' id='word_1_546' title='bbox 3109 657 3172 692; x_wconf 85' lang='grc' dir='ltr'>πε</span> <span class='ocrx_word' id='word_1_547' title='bbox 3185 641 3235 710; x_wconf 77' lang='lat' dir='ltr'><em>pl</em></span> <span class='ocrx_word' id='word_1_548' title='bbox 3269 641 3338 694; x_wconf 88' lang='grc' dir='ltr'>τὰ</span> <span class='ocrx_word' id='word_1_549' title='bbox 3377 641 3516 695; x_wconf 76' lang='grc' dir='ltr'>καλά</span> <span class='ocrx_word' id='word_1_550' title='bbox 3533 643 3641 695; x_wconf 84' lang='grc' dir='ltr'>τῶν</span> 
     </span>
    </p>
   </div>
   <div class='ocr_carea' id='block_1_68' title="bbox 2059 721 3638 794">
    <p class='ocr_par' dir='ltr' id='par_1_68' title="bbox 2059 721 3638 794">
     <span class='ocr_line' id='line_1_68' title="bbox 2059 721 3638 794; baseline 0.001 -19"><span class='ocrx_word' id='word_1_551' title='bbox 2059 723 2265 775; x_wconf 83' lang='grc' dir='ltr'>πολλῶν</span> <span class='ocrx_word' id='word_1_552' title='bbox 2307 723 2561 793; x_wconf 79' lang='grc' dir='ltr'>σπουδὴν,</span> <span class='ocrx_word' id='word_1_553' title='bbox 2583 723 2711 774; x_wconf 83' lang='grc' dir='ltr'>ὅταν</span> <span class='ocrx_word' id='word_1_554' title='bbox 2737 721 2810 792; x_wconf 81' lang='grc' dir='ltr'>μὴ</span> <span class='ocrx_word' id='word_1_555' title='bbox 2844 722 3001 790; x_wconf 82' lang='grc' dir='ltr'>μόνον</span> <span class='ocrx_word' id='word_1_556' title='bbox 3040 723 3112 791; x_wconf 84' lang='grc' dir='ltr'>μὴ</span> <span class='ocrx_word' id='word_1_557' title='bbox 3159 724 3452 794; x_wconf 87' lang='grc' dir='ltr'>ἐπιτιμῶσί</span> <span class='ocrx_word' id='word_1_558' title='bbox 3475 741 3638 787; x_wconf 88' lang='grc' dir='ltr'>τινες,</span> 
     </span>
    </p>
   </div>
   <div class='ocr_carea' id='block_1_69' title="bbox 2059 806 3696 875">
    <p class='ocr_par' dir='ltr' id='par_1_69' title="bbox 2059 806 3696 875">
     <span class='ocr_line' id='line_1_69' title="bbox 2059 806 3696 875; baseline -0.001 -14"><span class='ocrx_word' id='word_1_559' title='bbox 2059 807 2194 861; x_wconf 79' lang='grc' dir='ltr'>ἀλλά</span> <span class='ocrx_word' id='word_1_560' title='bbox 2234 808 2326 860; x_wconf 70' lang='grc' dir='ltr'>καὶ</span> <span class='ocrx_word' id='word_1_561' title='bbox 2366 807 2698 875; x_wconf 82' lang='grc' dir='ltr'>συνήδωνται</span> <span class='ocrx_word' id='word_1_562' title='bbox 2738 808 2850 867; x_wconf 77' lang='grc' dir='ltr'>τοῖς</span> <span class='ocrx_word' id='word_1_563' title='bbox 2903 806 3292 875; x_wconf 75' lang='grc' dir='ltr'>ἁμαρτάνουσι.</span> <span class='ocrx_word' id='word_1_564' title='bbox 3340 807 3508 859; x_wconf 87' lang='grc' dir='ltr'>Τοῦτο</span> <span class='ocrx_word' id='word_1_565' title='bbox 3545 807 3641 859; x_wconf 88' lang='grc' dir='ltr'>τοῦ</span> <span class='ocrx_word' id='word_1_566' title='bbox 3693 826 3696 828; x_wconf 93' lang='grc'>·</span> 
     </span>
    </p>
   </div>
   <div class='ocr_carea' id='block_1_70' title="bbox 2061 889 3642 962">
    <p class='ocr_par' dir='ltr' id='par_1_70' title="bbox 2061 889 3642 962">
     <span class='ocr_line' id='line_1_70' title="bbox 2061 889 3642 962; baseline -0.001 -19"><span class='ocrx_word' id='word_1_567' title='bbox 2061 890 2393 962; x_wconf 83' lang='grc' dir='ltr'>ἁμαρτάνειν</span> <span class='ocrx_word' id='word_1_568' title='bbox 2424 890 2522 942; x_wconf 74' lang='grc' dir='ltr'>οὐκ</span> <span class='ocrx_word' id='word_1_569' title='bbox 2543 889 2959 941; x_wconf 81' lang='grc' dir='ltr'>ἐλαττον.Ἀκου</span> <span class='ocrx_word' id='word_1_570' title='bbox 2970 905 3057 940; x_wconf 82' lang='grc' dir='ltr'>σον</span> <span class='ocrx_word' id='word_1_571' title='bbox 3079 889 3208 956; x_wconf 88' lang='grc' dir='ltr'>γοῦν</span> <span class='ocrx_word' id='word_1_572' title='bbox 3233 889 3443 942; x_wconf 78' lang='grc' dir='ltr'>Παύλου</span> <span class='ocrx_word' id='word_1_573' title='bbox 3466 890 3642 957; x_wconf 84' lang='grc' dir='ltr'>λέγον-</span> 
     </span>
    </p>
   </div>
   <div class='ocr_carea' id='block_1_71' title="bbox 2060 970 3644 1040">
    <p class='ocr_par' dir='ltr' id='par_1_71' title="bbox 2060 970 3644 1040">
     <span class='ocr_line' id='line_1_71' title="bbox 2060 970 3644 1040; baseline -0.003 -13"><span class='ocrx_word' id='word_1_574' title='bbox 2060 991 2180 1035; x_wconf 87' lang='grc' dir='ltr'>τος·</span> <span class='ocrx_word' id='word_1_575' title='bbox 2228 975 2310 1026; x_wconf 91' lang='grc' dir='ltr'>Οὺ</span> <span class='ocrx_word' id='word_1_576' title='bbox 2343 973 2536 1040; x_wconf 77' lang='grc' dir='ltr'><em>μόνον</em></span> <span class='ocrx_word' id='word_1_577' title='bbox 2554 972 2706 1024; x_wconf 79' lang='grc' dir='ltr'><em>αὐτὰ</em></span> <span class='ocrx_word' id='word_1_578' title='bbox 2726 970 3024 1032; x_wconf 82' lang='grc' dir='ltr'>ποιοῦσιν,</span> <span class='ocrx_word' id='word_1_579' title='bbox 3050 971 3212 1024; x_wconf 71' lang='grc' dir='ltr'>ἀλλὰ</span> <span class='ocrx_word' id='word_1_580' title='bbox 3236 972 3331 1024; x_wconf 80' lang='grc' dir='ltr'>καὶ</span> <span class='ocrx_word' id='word_1_581' title='bbox 3353 971 3644 1025; x_wconf 85' lang='grc' dir='ltr'>συνευδο-</span> 
     </span>
    </p>
   </div>
   <div class='ocr_carea' id='block_1_72' title="bbox 2061 1052 3646 1123">
    <p class='ocr_par' dir='ltr' id='par_1_72' title="bbox 2061 1052 3646 1123">
     <span class='ocr_line' id='line_1_72' title="bbox 2061 1052 3646 1123; baseline -0.002 -14"><span class='ocrx_word' id='word_1_582' title='bbox 2061 1057 2238 1110; x_wconf 76' lang='grc' dir='ltr'>κοῦσι</span> <span class='ocrx_word' id='word_1_583' title='bbox 2280 1054 2406 1121; x_wconf 84' lang='grc' dir='ltr'>τοῖς</span> <span class='ocrx_word' id='word_1_584' title='bbox 2447 1055 2853 1123; x_wconf 80' lang='grc' dir='ltr'>πράσσουσιν.</span> <span class='ocrx_word' id='word_1_585' title='bbox 2893 1052 2968 1104; x_wconf 84' lang='grc' dir='ltr'>Οὐ</span> <span class='ocrx_word' id='word_1_586' title='bbox 3031 1053 3220 1122; x_wconf 75' lang='grc' dir='ltr'>μικρὸν</span> <span class='ocrx_word' id='word_1_587' title='bbox 3257 1053 3313 1105; x_wconf 83' lang='grc' dir='ltr'>δέ</span> <span class='ocrx_word' id='word_1_588' title='bbox 3353 1055 3446 1106; x_wconf 68' lang='lat' dir='ltr'><em>xal</em></span> <span class='ocrx_word' id='word_1_589' title='bbox 3485 1054 3646 1107; x_wconf 87' lang='grc' dir='ltr'>τοῦτο</span> 
     </span>
    </p>
   </div>
   <div class='ocr_carea' id='block_1_73' title="bbox 2062 1135 3643 1210">
    <p class='ocr_par' dir='ltr' id='par_1_73' title="bbox 2062 1135 3643 1210">
     <span class='ocr_line' id='line_1_73' title="bbox 2062 1135 3643 1210; baseline -0.005 -17"><span class='ocrx_word' id='word_1_590' title='bbox 2062 1139 2388 1210; x_wconf 87' lang='grc' dir='ltr'>ἁμάρτημα,</span> <span class='ocrx_word' id='word_1_591' title='bbox 2410 1136 2511 1190; x_wconf 85' lang='grc' dir='ltr'>κᾶν</span> <span class='ocrx_word' id='word_1_592' title='bbox 2536 1135 2610 1208; x_wconf 86' lang='grc' dir='ltr'>μὴ</span> <span class='ocrx_word' id='word_1_593' title='bbox 2631 1135 2845 1206; x_wconf 81' lang='grc' dir='ltr'>πράττῃ</span> <span class='ocrx_word' id='word_1_594' title='bbox 2863 1152 2942 1197; x_wconf 82' lang='grc' dir='ltr'>τις</span> <span class='ocrx_word' id='word_1_595' title='bbox 2965 1135 3031 1188; x_wconf 88' lang='grc' dir='ltr'>τά</span> <span class='ocrx_word' id='word_1_596' title='bbox 3053 1137 3216 1196; x_wconf 73' lang='grc' dir='ltr'>κακὰ,</span> <span class='ocrx_word' id='word_1_597' title='bbox 3239 1137 3297 1188; x_wconf 75' lang='grc' dir='ltr'>τὸ</span> <span class='ocrx_word' id='word_1_598' title='bbox 3328 1137 3643 1207; x_wconf 78' lang='grc' dir='ltr'>συνήδεσθαι</span> 
     </span>
    </p>
   </div>
   <div class='ocr_carea' id='block_1_74' title="bbox 2061 1217 3645 1288">
    <p class='ocr_par' dir='ltr' id='par_1_74' title="bbox 2061 1217 3645 1288">
     <span class='ocr_line' id='line_1_74' title="bbox 2061 1217 3645 1288; baseline -0.003 -15"><span class='ocrx_word' id='word_1_599' title='bbox 2061 1224 2176 1283; x_wconf 87' lang='grc' dir='ltr'>τοῖς</span> <span class='ocrx_word' id='word_1_600' title='bbox 2214 1222 2420 1282; x_wconf 80' lang='grc' dir='ltr'>κακοῖς.</span> <span class='ocrx_word' id='word_1_601' title='bbox 2441 1219 2501 1274; x_wconf 85' lang='grc' dir='ltr'><strong>Ὀ</strong></span> <span class='ocrx_word' id='word_1_602' title='bbox 2523 1220 2620 1288; x_wconf 83' lang='grc' dir='ltr'>μὲν</span> <span class='ocrx_word' id='word_1_603' title='bbox 2640 1218 2748 1287; x_wconf 77' lang='grc' dir='ltr'>γάρ</span> <span class='ocrx_word' id='word_1_604' title='bbox 2777 1218 2888 1288; x_wconf 79' lang='grc' dir='ltr'>ἔχει</span> <span class='ocrx_word' id='word_1_605' title='bbox 2920 1217 3018 1288; x_wconf 79' lang='grc' dir='ltr'>τὴν</span> <span class='ocrx_word' id='word_1_606' title='bbox 3042 1219 3286 1288; x_wconf 83' lang='grc' dir='ltr'>ἀνάγκην</span> <span class='ocrx_word' id='word_1_607' title='bbox 3319 1221 3488 1271; x_wconf 87' lang='grc' dir='ltr'>εἰπεῖν</span> <span class='ocrx_word' id='word_1_608' title='bbox 3509 1259 3522 1280; x_wconf 89' lang='grc'>,</span> <span class='ocrx_word' id='word_1_609' title='bbox 3548 1218 3645 1288; x_wconf 81' lang='grc' dir='ltr'>τὴν</span> 
     </span>
    </p>
   </div>
   <div class='ocr_carea' id='block_1_75' title="bbox 2064 1299 3640 1372">
    <p class='ocr_par' dir='ltr' id='par_1_75' title="bbox 2064 1299 3640 1372">
     <span class='ocr_line' id='line_1_75' title="bbox 2064 1299 3640 1372; baseline -0.001 -16"><span class='ocrx_word' id='word_1_610' title='bbox 2064 1303 2251 1356; x_wconf 86' lang='grc' dir='ltr'>πενίαν</span> <span class='ocrx_word' id='word_1_611' title='bbox 2272 1301 2622 1355; x_wconf 81' lang='grc' dir='ltr'>αἰτιάσασθαι</span> <span class='ocrx_word' id='word_1_612' title='bbox 2646 1313 2691 1363; x_wconf 76' lang='grc' dir='ltr'>ε,</span> <span class='ocrx_word' id='word_1_613' title='bbox 2717 1304 2763 1353; x_wconf 88' lang='grc' dir='ltr'>εἰ</span> <span class='ocrx_word' id='word_1_614' title='bbox 2785 1301 2877 1353; x_wconf 75' lang='grc' dir='ltr'>καὶ</span> <span class='ocrx_word' id='word_1_615' title='bbox 2903 1301 2976 1370; x_wconf 83' lang='grc' dir='ltr'>μὴ</span> <span class='ocrx_word' id='word_1_616' title='bbox 3000 1299 3208 1368; x_wconf 67' lang='grc' dir='ltr'>ἐξιλογοι</span> <span class='ocrx_word' id='word_1_617' title='bbox 3245 1304 3296 1353; x_wconf 80' lang='grc' dir='ltr'>αἱ</span> <span class='ocrx_word' id='word_1_618' title='bbox 3323 1303 3640 1372; x_wconf 83' lang='grc' dir='ltr'>προφάσεις·</span> 
     </span>
    </p>
   </div>
   <div class='ocr_carea' id='block_1_76' title="bbox 2067 1383 3647 1454">
    <p class='ocr_par' dir='ltr' id='par_1_76' title="bbox 2067 1383 3647 1454">
     <span class='ocr_line' id='line_1_76' title="bbox 2067 1383 3647 1454; baseline -0.003 -14"><span class='ocrx_word' id='word_1_619' title='bbox 2067 1389 2130 1441; x_wconf 81' lang='grc' dir='ltr'>σὺ</span> <span class='ocrx_word' id='word_1_620' title='bbox 2151 1388 2206 1440; x_wconf 80' lang='grc' dir='ltr'>δὲ</span> <span class='ocrx_word' id='word_1_621' title='bbox 2229 1387 2391 1439; x_wconf 86' lang='grc' dir='ltr'>πόθεν</span> <span class='ocrx_word' id='word_1_622' title='bbox 2414 1388 2654 1448; x_wconf 79' lang='grc' dir='ltr'>ἐπαινεῖς</span> <span class='ocrx_word' id='word_1_623' title='bbox 2693 1385 2753 1437; x_wconf 82' lang='grc' dir='ltr'>τὸ</span> <span class='ocrx_word' id='word_1_624' title='bbox 2791 1383 3176 1453; x_wconf 81' lang='grc' dir='ltr'>γεγενημένον,</span> <span class='ocrx_word' id='word_1_625' title='bbox 3199 1385 3317 1438; x_wconf 71' lang='grc' dir='ltr'>οὐδὲ</span> <span class='ocrx_word' id='word_1_626' title='bbox 3351 1385 3449 1454; x_wconf 75' lang='grc' dir='ltr'>τὴν</span> <span class='ocrx_word' id='word_1_627' title='bbox 3472 1385 3530 1448; x_wconf 82' lang='grc' dir='ltr'>ἐξ</span> <span class='ocrx_word' id='word_1_628' title='bbox 3551 1385 3647 1437; x_wconf 89' lang='grc' dir='ltr'>αύ-</span> 
     </span>
    </p>
   </div>
   <div class='ocr_carea' id='block_1_77' title="bbox 2065 1469 3649 1541">
    <p class='ocr_par' dir='ltr' id='par_1_77' title="bbox 2065 1469 3649 1541">
     <span class='ocr_line' id='line_1_77' title="bbox 2065 1469 3649 1541; baseline -0.003 -18"><span class='ocrx_word' id='word_1_629' title='bbox 2065 1471 2158 1524; x_wconf 88' lang='grc' dir='ltr'>τοῦ</span> <span class='ocrx_word' id='word_1_630' title='bbox 2199 1469 2574 1541; x_wconf 75' lang='grc' dir='ltr'>καρπούμενος</span> <span class='ocrx_word' id='word_1_631' title='bbox 2613 1470 2805 1539; x_wconf 77' lang='grc' dir='ltr'>ἡδονήν</span> <span class='ocrx_word' id='word_1_632' title='bbox 2828 1485 2841 1532; x_wconf 90' lang='lat'><strong>;</strong></span> <span class='ocrx_word' id='word_1_633' title='bbox 2881 1470 3142 1530; x_wconf 67' lang='grc' dir='ltr'>Κάκεῖνος</span> <span class='ocrx_word' id='word_1_634' title='bbox 3167 1469 3263 1538; x_wconf 83' lang='grc' dir='ltr'>μὲν</span> <span class='ocrx_word' id='word_1_635' title='bbox 3287 1469 3412 1532; x_wconf 75' lang='grc' dir='ltr'>ἴσως</span> <span class='ocrx_word' id='word_1_636' title='bbox 3437 1469 3528 1520; x_wconf 71' lang='grc' dir='ltr'>καὶ</span> <span class='ocrx_word' id='word_1_637' title='bbox 3553 1483 3649 1538; x_wconf 83' lang='grc' dir='ltr'>με·</span> 
     </span>
    </p>
   </div>
   <div class='ocr_carea' id='block_1_78' title="bbox 2064 1551 3644 1623">
    <p class='ocr_par' dir='ltr' id='par_1_78' title="bbox 2064 1551 3644 1623">
     <span class='ocr_line' id='line_1_78' title="bbox 2064 1551 3644 1623; baseline -0.001 -17"><span class='ocrx_word' id='word_1_638' title='bbox 2064 1553 2398 1620; x_wconf 80' lang='grc' dir='ltr'>ταγνῶσεται</span> <span class='ocrx_word' id='word_1_639' title='bbox 2419 1572 2431 1583; x_wconf 90' lang='grc'>·</span> <span class='ocrx_word' id='word_1_640' title='bbox 2461 1555 2523 1605; x_wconf 77' lang='grc' dir='ltr'>σὺ</span> <span class='ocrx_word' id='word_1_641' title='bbox 2564 1553 2619 1604; x_wconf 83' lang='grc' dir='ltr'>δὲ</span> <span class='ocrx_word' id='word_1_642' title='bbox 2661 1554 2753 1604; x_wconf 77' lang='grc' dir='ltr'>καὶ</span> <span class='ocrx_word' id='word_1_643' title='bbox 2790 1551 2990 1614; x_wconf 88' lang='grc' dir='ltr'>ταύτας</span> <span class='ocrx_word' id='word_1_644' title='bbox 3011 1552 3318 1614; x_wconf 79' lang='grc' dir='ltr'>ἀποκλείεις</span> <span class='ocrx_word' id='word_1_645' title='bbox 3338 1553 3432 1614; x_wconf 77' lang='grc' dir='ltr'>τὰς</span> <span class='ocrx_word' id='word_1_646' title='bbox 3455 1551 3644 1623; x_wconf 85' lang='grc' dir='ltr'>θύρας,</span> 
     </span>
    </p>
   </div>
   <div class='ocr_carea' id='block_1_79' title="bbox 2067 1633 3649 1706">
    <p class='ocr_par' dir='ltr' id='par_1_79' title="bbox 2067 1633 3649 1706">
     <span class='ocr_line' id='line_1_79' title="bbox 2067 1633 3649 1706; baseline -0.001 -18"><span class='ocrx_word' id='word_1_647' title='bbox 2067 1638 2161 1689; x_wconf 75' lang='grc' dir='ltr'>καὶ</span> <span class='ocrx_word' id='word_1_648' title='bbox 2180 1637 2240 1688; x_wconf 79' lang='grc' dir='ltr'>τὸ</span> <span class='ocrx_word' id='word_1_649' title='bbox 2259 1637 2546 1706; x_wconf 80' lang='grc' dir='ltr'>φάρμακον</span> <span class='ocrx_word' id='word_1_650' title='bbox 2566 1636 2826 1704; x_wconf 85' lang='grc' dir='ltr'>ἀναιρεῖς,</span> <span class='ocrx_word' id='word_1_651' title='bbox 2851 1635 2942 1686; x_wconf 79' lang='lat' dir='ltr'><em>xal</em></span> <span class='ocrx_word' id='word_1_652' title='bbox 2963 1635 3285 1703; x_wconf 81' lang='grc' dir='ltr'>ἀνατρέπεις</span> <span class='ocrx_word' id='word_1_653' title='bbox 3318 1635 3419 1702; x_wconf 82' lang='grc' dir='ltr'>τὴν</span> <span class='ocrx_word' id='word_1_654' title='bbox 3451 1633 3649 1686; x_wconf 86' lang='grc' dir='ltr'>τοσαύ-</span> 
     </span>
    </p>
   </div>
   <div class='ocr_carea' id='block_1_80' title="bbox 2068 1717 3649 1789">
    <p class='ocr_par' dir='ltr' id='par_1_80' title="bbox 2068 1717 3649 1789">
     <span class='ocr_line' id='line_1_80' title="bbox 2068 1717 3649 1789; baseline -0.001 -19"><span class='ocrx_word' id='word_1_655' title='bbox 2068 1738 2164 1789; x_wconf 80' lang='grc' dir='ltr'>την</span> <span class='ocrx_word' id='word_1_656' title='bbox 2187 1720 2562 1789; x_wconf 85' lang='grc' dir='ltr'>παραμυθίαν,</span> <span class='ocrx_word' id='word_1_657' title='bbox 2587 1718 2850 1772; x_wconf 84' lang='grc' dir='ltr'>πάντοθεν</span> <span class='ocrx_word' id='word_1_658' title='bbox 2874 1718 3050 1788; x_wconf 79' lang='grc' dir='ltr'>ἐαυτῷ</span> <span class='ocrx_word' id='word_1_659' title='bbox 3072 1719 3420 1788; x_wconf 79' lang='grc' dir='ltr'>προσχωννῦς</span> <span class='ocrx_word' id='word_1_660' title='bbox 3441 1717 3531 1770; x_wconf 68' lang='grc' dir='ltr'>τὶν</span> <span class='ocrx_word' id='word_1_661' title='bbox 3570 1717 3649 1769; x_wconf 90' lang='grc' dir='ltr'>λι-</span> 
     </span>
    </p>
   </div>
   <div class='ocr_carea' id='block_1_81' title="bbox 2071 1801 3649 1878">
    <p class='ocr_par' dir='ltr' id='par_1_81' title="bbox 2071 1801 3649 1878">
     <span class='ocr_line' id='line_1_81' title="bbox 2071 1801 3649 1878; baseline -0.001 -20"><span class='ocrx_word' id='word_1_662' title='bbox 2071 1809 2203 1878; x_wconf 81' lang='grc' dir='ltr'>μένα</span> <span class='ocrx_word' id='word_1_663' title='bbox 2240 1808 2336 1876; x_wconf 83' lang='grc' dir='ltr'>τῆς</span> <span class='ocrx_word' id='word_1_664' title='bbox 2381 1807 2473 1858; x_wconf 77' lang='grc' dir='ltr'>ἐπὶ</span> <span class='ocrx_word' id='word_1_665' title='bbox 2514 1807 2613 1876; x_wconf 76' lang='grc' dir='ltr'>τὴν</span> <span class='ocrx_word' id='word_1_666' title='bbox 2660 1803 2939 1877; x_wconf 85' lang='grc' dir='ltr'>μετάνοιαν</span> <span class='ocrx_word' id='word_1_667' title='bbox 2975 1806 3426 1858; x_wconf 78' lang='grc' dir='ltr'>ἐπανόδου.”οταν</span> <span class='ocrx_word' id='word_1_668' title='bbox 3447 1801 3539 1858; x_wconf 81' lang='grc' dir='ltr'>οὖν</span> <span class='ocrx_word' id='word_1_669' title='bbox 3565 1805 3649 1877; x_wconf 77' lang='grc' dir='ltr'>ἴδῃ</span> 
     </span>
    </p>
   </div>
   <div class='ocr_carea' id='block_1_82' title="bbox 2071 1891 3650 1961">
    <p class='ocr_par' dir='ltr' id='par_1_82' title="bbox 2071 1891 3650 1961">
     <span class='ocr_line' id='line_1_82' title="bbox 2071 1891 3650 1961; baseline -0.001 -17"><span class='ocrx_word' id='word_1_670' title='bbox 2071 1910 2150 1954; x_wconf 88' lang='grc' dir='ltr'>σε,</span> <span class='ocrx_word' id='word_1_671' title='bbox 2172 1892 2261 1944; x_wconf 84' lang='grc' dir='ltr'>τὸν</span> <span class='ocrx_word' id='word_1_672' title='bbox 2300 1891 2454 1953; x_wconf 82' lang='grc' dir='ltr'>ἐκτὸς</span> <span class='ocrx_word' id='word_1_673' title='bbox 2478 1891 2574 1960; x_wconf 77' lang='grc' dir='ltr'>τῆς</span> <span class='ocrx_word' id='word_1_674' title='bbox 2601 1892 2892 1961; x_wconf 86' lang='grc' dir='ltr'>ἁμαρτίας,</span> <span class='ocrx_word' id='word_1_675' title='bbox 2917 1891 3118 1944; x_wconf 75' lang='grc' dir='ltr'>καὶτὸν</span> <span class='ocrx_word' id='word_1_676' title='bbox 3157 1891 3439 1961; x_wconf 80' lang='grc' dir='ltr'>ὀφείλοντα</span> <span class='ocrx_word' id='word_1_677' title='bbox 3479 1896 3650 1943; x_wconf 82' lang='grc' dir='ltr'>ἐπιτι-</span> 
     </span>
    </p>
   </div>
   <div class='ocr_carea' id='block_1_83' title="bbox 2073 1980 3739 2052">
    <p class='ocr_par' dir='ltr' id='par_1_83' title="bbox 2073 1980 3739 2052">
     <span class='ocr_line' id='line_1_83' title="bbox 2073 1980 3739 2052; baseline -0.001 -18"><span class='ocrx_word' id='word_1_678' title='bbox 2073 1985 2259 2052; x_wconf 83' lang='grc' dir='ltr'>μῆσαι,</span> <span class='ocrx_word' id='word_1_679' title='bbox 2283 1982 2343 2034; x_wconf 85' lang='grc' dir='ltr'>ού</span> <span class='ocrx_word' id='word_1_680' title='bbox 2387 1981 2545 2050; x_wconf 86' lang='grc' dir='ltr'>μόνον</span> <span class='ocrx_word' id='word_1_681' title='bbox 2573 1983 2645 2050; x_wconf 79' lang='grc' dir='ltr'>μὴ</span> <span class='ocrx_word' id='word_1_682' title='bbox 2671 1980 3028 2050; x_wconf 84' lang='grc' dir='ltr'>ἐπιτιμῶντα,</span> <span class='ocrx_word' id='word_1_683' title='bbox 3053 1981 3185 2034; x_wconf 86' lang='grc' dir='ltr'>ἀλλά</span> <span class='ocrx_word' id='word_1_684' title='bbox 3205 1983 3297 2034; x_wconf 76' lang='grc' dir='ltr'>καὶ</span> <span class='ocrx_word' id='word_1_685' title='bbox 3336 1981 3652 2045; x_wconf 77' lang='grc' dir='ltr'>συσκιάζον·</span> <span class='ocrx_word' id='word_1_686' title='bbox 3737 1984 3739 1986; x_wconf 80' lang='grc'><em>’</em></span> 
     </span>
    </p>
   </div>
   <div class='ocr_carea' id='block_1_84' title="bbox 2070 2067 3653 2139">
    <p class='ocr_par' dir='ltr' id='par_1_84' title="bbox 2070 2067 3653 2139">
     <span class='ocr_line' id='line_1_84' title="bbox 2070 2067 3653 2139; baseline 0 -17"><span class='ocrx_word' id='word_1_687' title='bbox 2070 2087 2157 2131; x_wconf 91' lang='grc' dir='ltr'>τα,</span> <span class='ocrx_word' id='word_1_688' title='bbox 2182 2069 2276 2121; x_wconf 70' lang='grc' dir='ltr'>καὶ</span> <span class='ocrx_word' id='word_1_689' title='bbox 2301 2068 2374 2138; x_wconf 80' lang='grc' dir='ltr'>μὴ</span> <span class='ocrx_word' id='word_1_690' title='bbox 2400 2067 2757 2130; x_wconf 76' lang='grc' dir='ltr'>συσκιάζοντα</span> <span class='ocrx_word' id='word_1_691' title='bbox 2792 2069 2970 2138; x_wconf 86' lang='grc' dir='ltr'>μόνον,</span> <span class='ocrx_word' id='word_1_692' title='bbox 2995 2068 3128 2122; x_wconf 85' lang='grc' dir='ltr'>ἀλλὰ</span> <span class='ocrx_word' id='word_1_693' title='bbox 3165 2070 3258 2122; x_wconf 78' lang='grc' dir='ltr'>καὶ</span> <span class='ocrx_word' id='word_1_694' title='bbox 3281 2087 3342 2121; x_wconf 84' lang='grc' dir='ltr'>συ</span> <span class='ocrx_word' id='word_1_695' title='bbox 3353 2069 3653 2139; x_wconf 85' lang='grc' dir='ltr'>μπράττον-</span> 
     </span>
    </p>
   </div>
   <div class='ocr_carea' id='block_1_85' title="bbox 2069 2156 3652 2227">
    <p class='ocr_par' dir='ltr' id='par_1_85' title="bbox 2069 2156 3652 2227">
     <span class='ocr_line' id='line_1_85' title="bbox 2069 2156 3652 2227; baseline -0.001 -18"><span class='ocrx_word' id='word_1_696' title='bbox 2069 2175 2155 2220; x_wconf 85' lang='grc' dir='ltr'>τα,</span> <span class='ocrx_word' id='word_1_697' title='bbox 2177 2157 2228 2208; x_wconf 88' lang='grc' dir='ltr'>τί</span> <span class='ocrx_word' id='word_1_698' title='bbox 2251 2157 2513 2226; x_wconf 78' lang='grc' dir='ltr'>ἡγήσεται</span> <span class='ocrx_word' id='word_1_699' title='bbox 2542 2157 2666 2226; x_wconf 78' lang='grc' dir='ltr'>περὶ</span> <span class='ocrx_word' id='word_1_700' title='bbox 2691 2156 2914 2222; x_wconf 82' lang='grc' dir='ltr'>ἐαυτοῦ;</span> <span class='ocrx_word' id='word_1_701' title='bbox 2941 2157 2990 2208; x_wconf 90' lang='grc' dir='ltr'>τί</span> <span class='ocrx_word' id='word_1_702' title='bbox 3012 2156 3066 2208; x_wconf 82' lang='grc' dir='ltr'>δὲ</span> <span class='ocrx_word' id='word_1_703' title='bbox 3088 2158 3216 2227; x_wconf 73' lang='grc' dir='ltr'>περὶ</span> <span class='ocrx_word' id='word_1_704' title='bbox 3239 2157 3330 2209; x_wconf 93' lang='grc' dir='ltr'>τοῦ</span> <span class='ocrx_word' id='word_1_705' title='bbox 3356 2157 3652 2226; x_wconf 76' lang='grc' dir='ltr'>τολμηθένο</span> 
     </span>
    </p>
   </div>
   <div class='ocr_carea' id='block_1_86' title="bbox 2070 2244 3653 2316">
    <p class='ocr_par' dir='ltr' id='par_1_86' title="bbox 2070 2244 3653 2316">
     <span class='ocr_line' id='line_1_86' title="bbox 2070 2244 3653 2316; baseline 0 -18"><span class='ocrx_word' id='word_1_706' title='bbox 2070 2261 2192 2309; x_wconf 88' lang='grc' dir='ltr'>τος;</span> <span class='ocrx_word' id='word_1_707' title='bbox 2221 2246 2306 2307; x_wconf 87' lang='grc' dir='ltr'>Ὠς</span> <span class='ocrx_word' id='word_1_708' title='bbox 2331 2245 2437 2314; x_wconf 84' lang='grc' dir='ltr'>γὰρ</span> <span class='ocrx_word' id='word_1_709' title='bbox 2461 2244 2528 2296; x_wconf 81' lang='grc' dir='ltr'>τὰ</span> <span class='ocrx_word' id='word_1_710' title='bbox 2553 2244 2721 2296; x_wconf 76' lang='grc' dir='ltr'>πολλὰ</span> <span class='ocrx_word' id='word_1_711' title='bbox 2744 2245 2793 2298; x_wconf 88' lang='grc' dir='ltr'>οἱ</span> <span class='ocrx_word' id='word_1_712' title='bbox 2818 2244 2997 2297; x_wconf 82' lang='grc' dir='ltr'>πολλοὶ</span> <span class='ocrx_word' id='word_1_713' title='bbox 3015 2247 3121 2297; x_wconf 86' lang='grc' dir='ltr'>τῶν</span> <span class='ocrx_word' id='word_1_714' title='bbox 3145 2244 3446 2316; x_wconf 84' lang='grc' dir='ltr'>ἀνθρώπων</span> <span class='ocrx_word' id='word_1_715' title='bbox 3467 2247 3567 2298; x_wconf 68' lang='grc' dir='ltr'>οὐκ</span> <span class='ocrx_word' id='word_1_716' title='bbox 3588 2246 3653 2298; x_wconf 78' lang='grc' dir='ltr'>ὲκ</span> 
     </span>
    </p>
   </div>
   <div class='ocr_carea' id='block_1_87' title="bbox 2072 2331 3652 2404">
    <p class='ocr_par' dir='ltr' id='par_1_87' title="bbox 2072 2331 3652 2404">
     <span class='ocr_line' id='line_1_87' title="bbox 2072 2331 3652 2404; baseline 0.001 -20"><span class='ocrx_word' id='word_1_717' title='bbox 2072 2332 2307 2395; x_wconf 83' lang='grc' dir='ltr'>διανοίας</span> <span class='ocrx_word' id='word_1_718' title='bbox 2358 2333 2516 2402; x_wconf 80' lang='grc' dir='ltr'>μόνον</span> <span class='ocrx_word' id='word_1_719' title='bbox 2556 2331 2758 2394; x_wconf 84' lang='grc' dir='ltr'>ταύτας</span> <span class='ocrx_word' id='word_1_720' title='bbox 2805 2333 2933 2402; x_wconf 85' lang='grc' dir='ltr'>περὶ</span> <span class='ocrx_word' id='word_1_721' title='bbox 2971 2332 3078 2385; x_wconf 90' lang='grc' dir='ltr'>τῶν</span> <span class='ocrx_word' id='word_1_722' title='bbox 3118 2333 3406 2404; x_wconf 85' lang='grc' dir='ltr'>πρακτέων</span> <span class='ocrx_word' id='word_1_723' title='bbox 3428 2334 3652 2404; x_wconf 83' lang='grc' dir='ltr'>φέρουσι</span> 
     </span>
    </p>
   </div>
   <div class='ocr_carea' id='block_1_88' title="bbox 2071 2417 3655 2491">
    <p class='ocr_par' dir='ltr' id='par_1_88' title="bbox 2071 2417 3655 2491">
     <span class='ocr_line' id='line_1_88' title="bbox 2071 2417 3655 2491; baseline 0 -19"><span class='ocrx_word' id='word_1_724' title='bbox 2071 2420 2168 2482; x_wconf 78' lang='grc' dir='ltr'>τὰς</span> <span class='ocrx_word' id='word_1_725' title='bbox 2191 2420 2422 2486; x_wconf 73' lang='grc' dir='ltr'>ψήφους,</span> <span class='ocrx_word' id='word_1_726' title='bbox 2445 2417 2584 2472; x_wconf 87' lang='grc' dir='ltr'>ἀλλά</span> <span class='ocrx_word' id='word_1_727' title='bbox 2608 2420 2700 2471; x_wconf 79' lang='grc' dir='ltr'>καὶ</span> <span class='ocrx_word' id='word_1_728' title='bbox 2724 2419 2787 2471; x_wconf 87' lang='grc' dir='ltr'>ἐκ</span> <span class='ocrx_word' id='word_1_729' title='bbox 2807 2421 2906 2489; x_wconf 85' lang='grc' dir='ltr'>τῆς</span> <span class='ocrx_word' id='word_1_730' title='bbox 2929 2421 3132 2490; x_wconf 86' lang='grc' dir='ltr'>ἐτέρων</span> <span class='ocrx_word' id='word_1_731' title='bbox 3157 2421 3526 2491; x_wconf 87' lang='grc' dir='ltr'>προαιρέσεως</span> <span class='ocrx_word' id='word_1_732' title='bbox 3545 2421 3655 2474; x_wconf 88' lang='grc' dir='ltr'>δια-</span> 
     </span>
    </p>
   </div>
   <div class='ocr_carea' id='block_1_89' title="bbox 2076 2503 3654 2577">
    <p class='ocr_par' dir='ltr' id='par_1_89' title="bbox 2076 2503 3654 2577">
     <span class='ocr_line' id='line_1_89' title="bbox 2076 2503 3654 2577; baseline 0.001 -20"><span class='ocrx_word' id='word_1_733' title='bbox 2076 2505 2416 2575; x_wconf 86' lang='grc' dir='ltr'>φθειρόμενοι</span> <span class='ocrx_word' id='word_1_734' title='bbox 2439 2523 2452 2536; x_wconf 91' lang='grc'>·</span> <span class='ocrx_word' id='word_1_735' title='bbox 2484 2503 2585 2557; x_wconf 77' lang='grc' dir='ltr'>κᾶν</span> <span class='ocrx_word' id='word_1_736' title='bbox 2633 2505 2730 2572; x_wconf 75' lang='grc' dir='ltr'>μὲν</span> <span class='ocrx_word' id='word_1_737' title='bbox 2776 2504 2859 2576; x_wconf 74' lang='grc' dir='ltr'>ἴδῃ</span> <span class='ocrx_word' id='word_1_738' title='bbox 2899 2505 3106 2569; x_wconf 85' lang='grc' dir='ltr'>πάντας</span> <span class='ocrx_word' id='word_1_739' title='bbox 3145 2506 3654 2577; x_wconf 73' lang='grc' dir='ltr'>ἀποστρεφομένους</span> 
     </span>
    </p>
   </div>
   <div class='ocr_carea' id='block_1_90' title="bbox 2076 2590 3654 2663">
    <p class='ocr_par' dir='ltr' id='par_1_90' title="bbox 2076 2590 3654 2663">
     <span class='ocr_line' id='line_1_90' title="bbox 2076 2590 3654 2663; baseline 0 -18"><span class='ocrx_word' id='word_1_740' title='bbox 2076 2592 2238 2646; x_wconf 78' lang='grc' dir='ltr'>αὑτὸν</span> <span class='ocrx_word' id='word_1_741' title='bbox 2275 2593 2302 2644; x_wconf 90' lang='grc' dir='ltr'>ὁ</span> <span class='ocrx_word' id='word_1_742' title='bbox 2344 2590 2696 2661; x_wconf 78' lang='grc' dir='ltr'>ἡμαρτηκὼς,</span> <span class='ocrx_word' id='word_1_743' title='bbox 2723 2591 2861 2661; x_wconf 86' lang='grc' dir='ltr'>μέγα</span> <span class='ocrx_word' id='word_1_744' title='bbox 2897 2609 2950 2644; x_wconf 85' lang='grc' dir='ltr'>τι</span> <span class='ocrx_word' id='word_1_745' title='bbox 2992 2592 3086 2645; x_wconf 68' lang='grc' dir='ltr'>καὶ</span> <span class='ocrx_word' id='word_1_746' title='bbox 3115 2593 3348 2663; x_wconf 77' lang='grc' dir='ltr'>πονηρὸν</span> <span class='ocrx_word' id='word_1_747' title='bbox 3391 2595 3654 2663; x_wconf 79' lang='grc' dir='ltr'>ἡγήσεται</span> 
     </span>
    </p>
   </div>
   <div class='ocr_carea' id='block_1_91' title="bbox 2077 2679 3656 2751">
    <p class='ocr_par' dir='ltr' id='par_1_91' title="bbox 2077 2679 3656 2751">
     <span class='ocr_line' id='line_1_91' title="bbox 2077 2679 3656 2751; baseline -0.001 -18"><span class='ocrx_word' id='word_1_748' title='bbox 2077 2681 2363 2751; x_wconf 73' lang='grc' dir='ltr'>εἰργάσθαι</span> <span class='ocrx_word' id='word_1_749' title='bbox 2381 2694 2394 2707; x_wconf 96' lang='grc'>·</span> <span class='ocrx_word' id='word_1_750' title='bbox 2437 2681 2564 2732; x_wconf 82' lang='grc' dir='ltr'>ὅταν</span> <span class='ocrx_word' id='word_1_751' title='bbox 2585 2679 2640 2731; x_wconf 80' lang='grc' dir='ltr'>δὲ</span> <span class='ocrx_word' id='word_1_752' title='bbox 2665 2679 2738 2750; x_wconf 86' lang='grc' dir='ltr'>μὴ</span> <span class='ocrx_word' id='word_1_753' title='bbox 2762 2681 2918 2750; x_wconf 81' lang='grc' dir='ltr'>μόνον</span> <span class='ocrx_word' id='word_1_754' title='bbox 2945 2679 3017 2750; x_wconf 86' lang='grc' dir='ltr'>μὴ</span> <span class='ocrx_word' id='word_1_755' title='bbox 3040 2681 3496 2748; x_wconf 79' lang='grc' dir='ltr'>ἀγανακτοῦντας,</span> <span class='ocrx_word' id='word_1_756' title='bbox 3523 2680 3656 2750; x_wconf 80' lang='grc' dir='ltr'>μηδὲ</span> 
     </span>
    </p>
   </div>
   <div class='ocr_carea' id='block_1_92' title="bbox 2079 2765 3658 2838">
    <p class='ocr_par' dir='ltr' id='par_1_92' title="bbox 2079 2765 3658 2838">
     <span class='ocr_line' id='line_1_92' title="bbox 2079 2765 3658 2838; baseline -0.001 -19"><span class='ocrx_word' id='word_1_757' title='bbox 2079 2767 2548 2836; x_wconf 86' lang='grc' dir='ltr'>δυσχεραίνοντας,</span> <span class='ocrx_word' id='word_1_758' title='bbox 2572 2765 2706 2820; x_wconf 83' lang='grc' dir='ltr'>ἀλλά</span> <span class='ocrx_word' id='word_1_759' title='bbox 2749 2767 2842 2819; x_wconf 70' lang='grc' dir='ltr'>καὶ</span> <span class='ocrx_word' id='word_1_760' title='bbox 2885 2770 3074 2836; x_wconf 77' lang='grc' dir='ltr'>πράως</span> <span class='ocrx_word' id='word_1_761' title='bbox 3113 2769 3397 2838; x_wconf 78' lang='grc' dir='ltr'>φέροντας,</span> <span class='ocrx_word' id='word_1_762' title='bbox 3423 2769 3514 2820; x_wconf 67' lang='grc' dir='ltr'>καὶ</span> <span class='ocrx_word' id='word_1_763' title='bbox 3539 2785 3658 2819; x_wconf 87' lang='grc' dir='ltr'>συν-</span> 
     </span>
    </p>
   </div>
   <div class='ocr_carea' id='block_1_93' title="bbox 2080 2853 3656 2925">
    <p class='ocr_par' dir='ltr' id='par_1_93' title="bbox 2080 2853 3656 2925">
     <span class='ocr_line' id='line_1_93' title="bbox 2080 2853 3656 2925; baseline 0 -19"><span class='ocrx_word' id='word_1_764' title='bbox 2080 2853 2504 2923; x_wconf 81' lang='grc' dir='ltr'>εφαπτομένους,</span> <span class='ocrx_word' id='word_1_765' title='bbox 2525 2853 2586 2905; x_wconf 77' lang='grc' dir='ltr'>τὸ</span> <span class='ocrx_word' id='word_1_766' title='bbox 2609 2854 2672 2905; x_wconf 85' lang='grc' dir='ltr'>ἐκ</span> <span class='ocrx_word' id='word_1_767' title='bbox 2693 2853 2785 2905; x_wconf 85' lang='grc' dir='ltr'>τοῦ</span> <span class='ocrx_word' id='word_1_768' title='bbox 2810 2853 3104 2916; x_wconf 85' lang='grc' dir='ltr'>συνειδότος</span> <span class='ocrx_word' id='word_1_769' title='bbox 3137 2853 3451 2925; x_wconf 78' lang='grc' dir='ltr'>διαφθείρας</span> <span class='ocrx_word' id='word_1_770' title='bbox 3473 2854 3656 2906; x_wconf 83' lang='grc' dir='ltr'>λοιπὸν</span> 
     </span>
    </p>
   </div>
   <div class='ocr_carea' id='block_1_94' title="bbox 2079 2938 3658 3011">
    <p class='ocr_par' dir='ltr' id='par_1_94' title="bbox 2079 2938 3658 3011">
     <span class='ocr_line' id='line_1_94' title="bbox 2079 2938 3658 3011; baseline -0.001 -18"><span class='ocrx_word' id='word_1_771' title='bbox 2079 2940 2446 3009; x_wconf 85' lang='grc' dir='ltr'>δικαστήριον,</span> <span class='ocrx_word' id='word_1_772' title='bbox 2468 2939 2568 3008; x_wconf 83' lang='grc' dir='ltr'>τῆς</span> <span class='ocrx_word' id='word_1_773' title='bbox 2606 2939 2713 2991; x_wconf 90' lang='grc' dir='ltr'>τῶν</span> <span class='ocrx_word' id='word_1_774' title='bbox 2749 2938 2958 2990; x_wconf 84' lang='grc' dir='ltr'>πολλῶν</span> <span class='ocrx_word' id='word_1_775' title='bbox 2977 2938 3156 3008; x_wconf 81' lang='grc' dir='ltr'>ψήφου</span> <span class='ocrx_word' id='word_1_776' title='bbox 3199 2939 3658 3011; x_wconf 78' lang='grc' dir='ltr'>συμπραττούσης</span> 
     </span>
    </p>
   </div>
   <div class='ocr_carea' id='block_1_95' title="bbox 2080 3025 3658 3098">
    <p class='ocr_par' dir='ltr' id='par_1_95' title="bbox 2080 3025 3658 3098">
     <span class='ocr_line' id='line_1_95' title="bbox 2080 3025 3658 3098; baseline -0.001 -18"><span class='ocrx_word' id='word_1_777' title='bbox 2080 3028 2244 3080; x_wconf 77' lang='grc' dir='ltr'>αὑτοῦ</span> <span class='ocrx_word' id='word_1_778' title='bbox 2271 3031 2336 3097; x_wconf 81' lang='grc' dir='ltr'>τῇ</span> <span class='ocrx_word' id='word_1_779' title='bbox 2361 3026 2726 3096; x_wconf 76' lang='grc' dir='ltr'>διεφθαρμένη</span> <span class='ocrx_word' id='word_1_780' title='bbox 2747 3025 2958 3098; x_wconf 82' lang='grc' dir='ltr'>γνώμῃ,</span> <span class='ocrx_word' id='word_1_781' title='bbox 2982 3027 3034 3079; x_wconf 89' lang='grc' dir='ltr'>τί</span> <span class='ocrx_word' id='word_1_782' title='bbox 3055 3027 3114 3078; x_wconf 90' lang='grc' dir='ltr'>ού</span> <span class='ocrx_word' id='word_1_783' title='bbox 3138 3026 3396 3097; x_wconf 87' lang='grc' dir='ltr'>τολμήσει</span> <span class='ocrx_word' id='word_1_784' title='bbox 3418 3044 3432 3090; x_wconf 90' lang='lat'><strong>;</strong></span> <span class='ocrx_word' id='word_1_785' title='bbox 3456 3028 3580 3079; x_wconf 81' lang='grc' dir='ltr'>πότε</span> <span class='ocrx_word' id='word_1_786' title='bbox 3601 3028 3658 3080; x_wconf 77' lang='grc' dir='ltr'>δὲ</span> 
     </span>
    </p>
   </div>
   <div class='ocr_carea' id='block_1_96' title="bbox 2082 3112 3662 3186">
    <p class='ocr_par' dir='ltr' id='par_1_96' title="bbox 2082 3112 3662 3186">
     <span class='ocr_line' id='line_1_96' title="bbox 2082 3112 3662 3186; baseline 0.001 -20"><span class='ocrx_word' id='word_1_787' title='bbox 2082 3114 2491 3181; x_wconf 85' lang='grc' dir='ltr'>καταγνώσεται</span> <span class='ocrx_word' id='word_1_788' title='bbox 2530 3114 2744 3176; x_wconf 86' lang='grc' dir='ltr'>ἐαυτοῦ,</span> <span class='ocrx_word' id='word_1_789' title='bbox 2769 3114 2862 3166; x_wconf 75' lang='grc' dir='ltr'>καὶ</span> <span class='ocrx_word' id='word_1_790' title='bbox 2898 3112 3158 3166; x_wconf 84' lang='grc' dir='ltr'>παύσεται</span> <span class='ocrx_word' id='word_1_791' title='bbox 3185 3115 3276 3166; x_wconf 89' lang='grc' dir='ltr'>τοῦ</span> <span class='ocrx_word' id='word_1_792' title='bbox 3298 3113 3466 3176; x_wconf 82' lang='grc' dir='ltr'>ἀδεῶς</span> <span class='ocrx_word' id='word_1_793' title='bbox 3489 3117 3662 3186; x_wconf 87' lang='grc' dir='ltr'>ἀμαρ-</span> 
     </span>
    </p>
   </div>
   <div class='ocr_carea' id='block_1_97' title="bbox 2081 3198 3663 3270">
    <p class='ocr_par' dir='ltr' id='par_1_97' title="bbox 2081 3198 3663 3270">
     <span class='ocr_line' id='line_1_97' title="bbox 2081 3198 3663 3270; baseline 0.001 -18"><span class='ocrx_word' id='word_1_794' title='bbox 2081 3201 2296 3266; x_wconf 86' lang='grc' dir='ltr'>τάνειν;</span> <span class='ocrx_word' id='word_1_795' title='bbox 2322 3199 2410 3251; x_wconf 79' lang='grc' dir='ltr'>Διὸ</span> <span class='ocrx_word' id='word_1_796' title='bbox 2431 3200 2557 3269; x_wconf 78' lang='grc' dir='ltr'>χρὴ,</span> <span class='ocrx_word' id='word_1_797' title='bbox 2583 3198 2682 3251; x_wconf 78' lang='grc' dir='ltr'>κᾶν</span> <span class='ocrx_word' id='word_1_798' title='bbox 2707 3201 2920 3270; x_wconf 82' lang='grc' dir='ltr'>πράττῃ</span> <span class='ocrx_word' id='word_1_799' title='bbox 2945 3217 3029 3262; x_wconf 88' lang='grc' dir='ltr'>τις</span> <span class='ocrx_word' id='word_1_800' title='bbox 3065 3200 3124 3252; x_wconf 81' lang='grc' dir='ltr'>τὺ</span> <span class='ocrx_word' id='word_1_801' title='bbox 3159 3217 3292 3269; x_wconf 88' lang='grc' dir='ltr'>πονη</span> <span class='ocrx_word' id='word_1_802' title='bbox 3303 3200 3412 3269; x_wconf 80' lang='grc' dir='ltr'>ρὸν,</span> <span class='ocrx_word' id='word_1_803' title='bbox 3435 3218 3663 3269; x_wconf 85' lang='grc' dir='ltr'>καταγι-</span> 
     </span>
    </p>
   </div>
   <div class='ocr_carea' id='block_1_98' title="bbox 2084 3287 3661 3359">
    <p class='ocr_par' dir='ltr' id='par_1_98' title="bbox 2084 3287 3661 3359">
     <span class='ocr_line' id='line_1_98' title="bbox 2084 3287 3661 3359; baseline 0.001 -17"><span class='ocrx_word' id='word_1_804' title='bbox 2084 3288 2314 3342; x_wconf 86' lang='grc' dir='ltr'>νώσκειν</span> <span class='ocrx_word' id='word_1_805' title='bbox 2335 3287 2527 3340; x_wconf 76' lang='grc' dir='ltr'>ἐαυτοῦ</span> <span class='ocrx_word' id='word_1_806' title='bbox 2552 3305 2565 3317; x_wconf 96' lang='grc'>·</span> <span class='ocrx_word' id='word_1_807' title='bbox 2589 3288 2705 3351; x_wconf 82' lang='grc' dir='ltr'>ὁδὸς</span> <span class='ocrx_word' id='word_1_808' title='bbox 2727 3289 2834 3358; x_wconf 76' lang='grc' dir='ltr'>γὰρ</span> <span class='ocrx_word' id='word_1_809' title='bbox 2858 3288 3014 3341; x_wconf 89' lang='grc' dir='ltr'>τοῦτο</span> <span class='ocrx_word' id='word_1_810' title='bbox 3039 3290 3132 3341; x_wconf 79' lang='grc' dir='ltr'>ἐπὶ</span> <span class='ocrx_word' id='word_1_811' title='bbox 3151 3288 3212 3341; x_wconf 85' lang='grc' dir='ltr'>τὸ</span> <span class='ocrx_word' id='word_1_812' title='bbox 3234 3289 3533 3359; x_wconf 78' lang='grc' dir='ltr'>ἀποστῆναι</span> <span class='ocrx_word' id='word_1_813' title='bbox 3565 3289 3661 3344; x_wconf 87' lang='grc' dir='ltr'>τοῦ</span> 
     </span>
    </p>
   </div>
   <div class='ocr_carea' id='block_1_99' title="bbox 2084 3375 3660 3450">
    <p class='ocr_par' dir='ltr' id='par_1_99' title="bbox 2084 3375 3660 3450">
     <span class='ocr_line' id='line_1_99' title="bbox 2084 3375 3660 3450; baseline 0.001 -20"><span class='ocrx_word' id='word_1_814' title='bbox 2084 3377 2321 3448; x_wconf 85' lang='grc' dir='ltr'>πονηροῦ</span> <span class='ocrx_word' id='word_1_815' title='bbox 2341 3392 2354 3406; x_wconf 95' lang='grc'>·</span> <span class='ocrx_word' id='word_1_816' title='bbox 2379 3375 2480 3429; x_wconf 82' lang='grc' dir='ltr'>κᾶν</span> <span class='ocrx_word' id='word_1_817' title='bbox 2509 3375 2583 3447; x_wconf 84' lang='grc' dir='ltr'>μὴ</span> <span class='ocrx_word' id='word_1_818' title='bbox 2607 3376 2820 3450; x_wconf 83' lang='grc' dir='ltr'>πράττῃ</span> <span class='ocrx_word' id='word_1_819' title='bbox 2840 3377 2907 3431; x_wconf 76' lang='grc' dir='ltr'>τὰ</span> <span class='ocrx_word' id='word_1_820' title='bbox 2935 3377 3095 3440; x_wconf 83' lang='grc' dir='ltr'>καλὰ,</span> <span class='ocrx_word' id='word_1_821' title='bbox 3119 3380 3359 3430; x_wconf 75' lang='grc' dir='ltr'>ἐπαινεῖν</span> <span class='ocrx_word' id='word_1_822' title='bbox 3394 3379 3462 3431; x_wconf 89' lang='grc' dir='ltr'>τά</span> <span class='ocrx_word' id='word_1_823' title='bbox 3502 3379 3660 3432; x_wconf 87' lang='grc' dir='ltr'>καλά.</span> 
     </span>
    </p>
   </div>
   <div class='ocr_carea' id='block_1_100' title="bbox 2097 3464 3664 3538">
    <p class='ocr_par' dir='ltr' id='par_1_100' title="bbox 2097 3464 3664 3538">
     <span class='ocr_line' id='line_1_100' title="bbox 2097 3464 3664 3538; baseline 0.001 -19"><span class='ocrx_word' id='word_1_824' title='bbox 2097 3466 2242 3528; x_wconf 74' lang='grc' dir='ltr'>Ὀδδς</span> <span class='ocrx_word' id='word_1_825' title='bbox 2284 3465 2385 3536; x_wconf 84' lang='grc' dir='ltr'>γὰρ</span> <span class='ocrx_word' id='word_1_826' title='bbox 2432 3465 2520 3516; x_wconf 72' lang='grc' dir='ltr'>ἐπὶ</span> <span class='ocrx_word' id='word_1_827' title='bbox 2563 3464 2656 3534; x_wconf 77' lang='grc' dir='ltr'>τὴν</span> <span class='ocrx_word' id='word_1_828' title='bbox 2695 3464 2954 3534; x_wconf 81' lang='grc' dir='ltr'>ἐργασίαν</span> <span class='ocrx_word' id='word_1_829' title='bbox 2993 3468 3027 3536; x_wconf 84' lang='grc' dir='ltr'>ἡ</span> <span class='ocrx_word' id='word_1_830' title='bbox 3075 3465 3366 3538; x_wconf 82' lang='grc' dir='ltr'>προθυμία.</span> <span class='ocrx_word' id='word_1_831' title='bbox 3400 3466 3664 3520; x_wconf 81' lang='grc' dir='ltr'>Ἐνταῦθα</span> 
     </span>
    </p>
   </div>
   <div class='ocr_carea' id='block_1_101' title="bbox 2089 3548 3666 3622">
    <p class='ocr_par' dir='ltr' id='par_1_101' title="bbox 2089 3548 3666 3622">
     <span class='ocr_line' id='line_1_101' title="bbox 2089 3548 3666 3622; baseline 0.001 -19"><span class='ocrx_word' id='word_1_832' title='bbox 2089 3551 2290 3622; x_wconf 88' lang='grc' dir='ltr'>μέντοι,</span> <span class='ocrx_word' id='word_1_833' title='bbox 2315 3548 2499 3618; x_wconf 83' lang='grc' dir='ltr'>ἐπειδὴ</span> <span class='ocrx_word' id='word_1_834' title='bbox 2526 3549 2617 3600; x_wconf 73' lang='grc' dir='ltr'>καὶ</span> <span class='ocrx_word' id='word_1_835' title='bbox 2637 3550 3033 3618; x_wconf 86' lang='grc' dir='ltr'>συνεφάπτεται</span> <span class='ocrx_word' id='word_1_836' title='bbox 3054 3549 3159 3603; x_wconf 89' lang='grc' dir='ltr'>τῶν</span> <span class='ocrx_word' id='word_1_837' title='bbox 3179 3550 3499 3619; x_wconf 84' lang='grc' dir='ltr'>γινομένων,</span> <span class='ocrx_word' id='word_1_838' title='bbox 3522 3553 3666 3604; x_wconf 81' lang='grc' dir='ltr'>εἰκό-</span> 
     </span>
    </p>
   </div>
   <div class='ocr_carea' id='block_1_102' title="bbox 2084 3633 3664 3710">
    <p class='ocr_par' dir='ltr' id='par_1_102' title="bbox 2084 3633 3664 3710">
     <span class='ocr_line' id='line_1_102' title="bbox 2084 3633 3664 3710; baseline 0.001 -20"><span class='ocrx_word' id='word_1_839' title='bbox 2084 3654 2192 3699; x_wconf 86' lang='grc' dir='ltr'>τως</span> <span class='ocrx_word' id='word_1_840' title='bbox 2212 3637 2374 3688; x_wconf 71' lang='grc' dir='ltr'>αὐτὸν</span> <span class='ocrx_word' id='word_1_841' title='bbox 2400 3634 2519 3703; x_wconf 85' lang='grc' dir='ltr'>μεθ’</span> <span class='ocrx_word' id='word_1_842' title='bbox 2543 3633 2693 3706; x_wconf 72' lang='grc'>[256]</span> <span class='ocrx_word' id='word_1_843' title='bbox 2717 3636 3021 3707; x_wconf 77' lang='grc' dir='ltr'>ὑπερϐολῆς</span> <span class='ocrx_word' id='word_1_844' title='bbox 3044 3637 3212 3700; x_wconf 80' lang='grc' dir='ltr'>στίςει</span> <span class='ocrx_word' id='word_1_845' title='bbox 3236 3639 3433 3706; x_wconf 85' lang='grc' dir='ltr'>πάσης.</span> <span class='ocrx_word' id='word_1_846' title='bbox 3472 3640 3531 3691; x_wconf 72' lang='lat' dir='ltr'>EE</span> <span class='ocrx_word' id='word_1_847' title='bbox 3556 3639 3664 3710; x_wconf 77' lang='grc' dir='ltr'>γὰρ</span> 
     </span>
    </p>
   </div>
   <div class='ocr_carea' id='block_1_103' title="bbox 2089 3723 3663 3797">
    <p class='ocr_par' dir='ltr' id='par_1_103' title="bbox 2089 3723 3663 3797">
     <span class='ocr_line' id='line_1_103' title="bbox 2089 3723 3663 3797; baseline -0.001 -18"><span class='ocrx_word' id='word_1_848' title='bbox 2089 3724 2466 3796; x_wconf 87' lang='grc' dir='ltr'>ἐπιτιμωμένη</span> <span class='ocrx_word' id='word_1_849' title='bbox 2486 3724 2518 3792; x_wconf 89' lang='grc' dir='ltr'>ή</span> <span class='ocrx_word' id='word_1_850' title='bbox 2541 3723 2706 3775; x_wconf 88' lang='grc' dir='ltr'>κακία</span> <span class='ocrx_word' id='word_1_851' title='bbox 2725 3724 2974 3777; x_wconf 90' lang='grc' dir='ltr'>τοσοῦτον</span> <span class='ocrx_word' id='word_1_852' title='bbox 2997 3726 3166 3788; x_wconf 85' lang='grc' dir='ltr'>ἀνθεῖ,</span> <span class='ocrx_word' id='word_1_853' title='bbox 3188 3727 3280 3778; x_wconf 55' lang='grc' dir='ltr'>καὶ⁴</span> <span class='ocrx_word' id='word_1_854' title='bbox 3298 3727 3663 3797; x_wconf 75' lang='grc' dir='ltr'>ἐπαινουμένη</span> 
     </span>
    </p>
   </div>
   <div class='ocr_carea' id='block_1_104' title="bbox 2088 3811 3665 3884">
    <p class='ocr_par' dir='ltr' id='par_1_104' title="bbox 2088 3811 3665 3884">
     <span class='ocr_line' id='line_1_104' title="bbox 2088 3811 3665 3884; baseline 0 -18"><span class='ocrx_word' id='word_1_855' title='bbox 2088 3815 2122 3884; x_wconf 80' lang='grc' dir='ltr'><strong>ἡ</strong></span> <span class='ocrx_word' id='word_1_856' title='bbox 2142 3813 2309 3882; x_wconf 82' lang='grc' dir='ltr'>ἀρετὴ</span> <span class='ocrx_word' id='word_1_857' title='bbox 2333 3811 2483 3882; x_wconf 85' lang='grc' dir='ltr'>μόλις</span> <span class='ocrx_word' id='word_1_858' title='bbox 2506 3811 2812 3864; x_wconf 81' lang='grc' dir='ltr'>ἐκκαλεῖται</span> <span class='ocrx_word' id='word_1_859' title='bbox 2833 3813 2968 3884; x_wconf 81' lang='grc' dir='ltr'>πρὸς</span> <span class='ocrx_word' id='word_1_860' title='bbox 2984 3814 3109 3874; x_wconf 78' lang='grc' dir='ltr'>τοὺς</span> <span class='ocrx_word' id='word_1_861' title='bbox 3133 3813 3360 3883; x_wconf 86' lang='grc' dir='ltr'>ἱδρῶτας</span> <span class='ocrx_word' id='word_1_862' title='bbox 3391 3816 3514 3878; x_wconf 82' lang='grc' dir='ltr'>τοὺς</span> <span class='ocrx_word' id='word_1_863' title='bbox 3537 3817 3665 3867; x_wconf 83' lang='grc' dir='ltr'>ἑαυ-</span> 
     </span>
    </p>
   </div>
   <div class='ocr_carea' id='block_1_105' title="bbox 2086 3898 3668 3970">
    <p class='ocr_par' dir='ltr' id='par_1_105' title="bbox 2086 3898 3668 3970">
     <span class='ocr_line' id='line_1_105' title="bbox 2086 3898 3668 3970; baseline 0.015 -23"><span class='ocrx_word' id='word_1_864' title='bbox 2086 3900 2188 3968; x_wconf 77' lang='grc' dir='ltr'>τῆς</span> <span class='ocrx_word' id='word_1_865' title='bbox 2204 3916 2218 3930; x_wconf 91' lang='grc'>·</span> <span class='ocrx_word' id='word_1_866' title='bbox 2240 3899 2292 3952; x_wconf 87' lang='grc' dir='ltr'>τί</span> <span class='ocrx_word' id='word_1_867' title='bbox 2313 3898 2461 3952; x_wconf 77' lang='grc' dir='ltr'>ἔσται</span> <span class='ocrx_word' id='word_1_868' title='bbox 2485 3899 2534 3950; x_wconf 83' lang='grc' dir='ltr'>εἰ</span> <span class='ocrx_word' id='word_1_869' title='bbox 2559 3899 2633 3970; x_wconf 83' lang='grc' dir='ltr'>μὴ</span> <span class='ocrx_word' id='word_1_870' title='bbox 2651 3899 2809 3953; x_wconf 84' lang='grc' dir='ltr'>τοῦτο</span> <span class='ocrx_word' id='word_1_871' title='bbox 2826 3901 3060 3966; x_wconf 79' lang='grc' dir='ltr'>γένοιτος</span> <span class='ocrx_word' id='word_1_872' title='bbox 3082 3901 3251 3953; x_wconf 90' lang='grc' dir='ltr'>Τοῦτο</span> <span class='ocrx_word' id='word_1_873' title='bbox 3272 3901 3368 3953; x_wconf 81' lang='grc' dir='ltr'>ἴδοι</span> <span class='ocrx_word' id='word_1_874' title='bbox 3388 3920 3470 3965; x_wconf 82' lang='grc' dir='ltr'>τις</span> <span class='ocrx_word' id='word_1_875' title='bbox 3490 3902 3553 3956; x_wconf 76' lang='grc' dir='ltr'>ἂν</span> <span class='ocrx_word' id='word_1_876' title='bbox 3572 3902 3668 3955; x_wconf 62' lang='grc' dir='ltr'>καὶ</span> 
     </span>
    </p>
   </div>
   <div class='ocr_carea' id='block_1_106' title="bbox 2089 3984 3658 4059">
    <p class='ocr_par' dir='ltr' id='par_1_106' title="bbox 2089 3984 3658 4059">
     <span class='ocr_line' id='line_1_106' title="bbox 2089 3984 3658 4059; baseline 0.003 -21"><span class='ocrx_word' id='word_1_877' title='bbox 2089 3987 2147 4038; x_wconf 88' lang='grc' dir='ltr'>ἐν</span> <span class='ocrx_word' id='word_1_878' title='bbox 2167 3985 2312 4056; x_wconf 79' lang='grc' dir='ltr'>χορῷ</span> <span class='ocrx_word' id='word_1_879' title='bbox 2337 3985 2527 4050; x_wconf 79' lang='grc' dir='ltr'>ἱερέων</span> <span class='ocrx_word' id='word_1_880' title='bbox 2549 3984 2806 4047; x_wconf 82' lang='grc' dir='ltr'>πολλάκις</span> <span class='ocrx_word' id='word_1_881' title='bbox 2823 3986 3104 4055; x_wconf 77' lang='grc' dir='ltr'>γινόμενον</span> <span class='ocrx_word' id='word_1_882' title='bbox 3126 4003 3140 4017; x_wconf 94' lang='grc'>·</span> <span class='ocrx_word' id='word_1_883' title='bbox 3179 3987 3302 4039; x_wconf 78' lang='grc' dir='ltr'>εἰδὲ</span> <span class='ocrx_word' id='word_1_884' title='bbox 3323 3987 3540 4040; x_wconf 75' lang='grc' dir='ltr'>ἐπὶτῶν</span> <span class='ocrx_word' id='word_1_885' title='bbox 3564 4006 3658 4059; x_wconf 85' lang='grc' dir='ltr'>μα·</span> 
     </span>
    </p>
   </div>
   <div class='ocr_carea' id='block_1_107' title="bbox 2093 4072 3668 4144">
    <p class='ocr_par' dir='ltr' id='par_1_107' title="bbox 2093 4072 3668 4144">
     <span class='ocr_line' id='line_1_107' title="bbox 2093 4072 3668 4144; baseline 0.003 -18"><span class='ocrx_word' id='word_1_886' title='bbox 2093 4073 2271 4144; x_wconf 86' lang='grc' dir='ltr'>θητῶν</span> <span class='ocrx_word' id='word_1_887' title='bbox 2292 4072 2524 4144; x_wconf 84' lang='grc' dir='ltr'>χαλεπὸν</span> <span class='ocrx_word' id='word_1_888' title='bbox 2543 4073 2722 4139; x_wconf 87' lang='grc' dir='ltr'>τοῦτο,</span> <span class='ocrx_word' id='word_1_889' title='bbox 2745 4074 2924 4144; x_wconf 80' lang='grc' dir='ltr'>πολλῷ</span> <span class='ocrx_word' id='word_1_890' title='bbox 2948 4075 3148 4144; x_wconf 84' lang='grc' dir='ltr'>μᾶλλον</span> <span class='ocrx_word' id='word_1_891' title='bbox 3171 4075 3264 4127; x_wconf 80' lang='grc' dir='ltr'>ἐπὶ</span> <span class='ocrx_word' id='word_1_892' title='bbox 3282 4077 3390 4128; x_wconf 88' lang='grc' dir='ltr'>τῶν</span> <span class='ocrx_word' id='word_1_893' title='bbox 3411 4077 3668 4132; x_wconf 85' lang='grc' dir='ltr'>διδασκά-</span> 
     </span>
    </p>
   </div>
   <div class='ocr_carea' id='block_1_108' title="bbox 2093 4175 2218 4214">
    <p class='ocr_par' dir='ltr' id='par_1_108' title="bbox 2093 4175 2218 4214">
     <span class='ocr_line' id='line_1_108' title="bbox 2093 4175 2218 4214; baseline 0.024 -3"><span class='ocrx_word' id='word_1_894' title='bbox 2093 4175 2218 4214; x_wconf 79' lang='grc' dir='ltr'>Αων.</span> 
     </span>
    </p>
   </div>
   <div class='ocr_carea' id='block_1_109' title="bbox 2162 4289 3662 4364">
    <p class='ocr_par' dir='ltr' id='par_1_109' title="bbox 2162 4289 3662 4364">
     <span class='ocr_line' id='line_1_109' title="bbox 2162 4289 3662 4364; baseline 0.001 -20"><span class='ocrx_word' id='word_1_895' title='bbox 2162 4293 2281 4362; x_wconf 84' lang='grc' dir='ltr'>η⁹.Τ</span> <span class='ocrx_word' id='word_1_896' title='bbox 2288 4291 2303 4343; x_wconf 93' lang='grc' dir='ltr'>ί</span> <span class='ocrx_word' id='word_1_897' title='bbox 2325 4290 2610 4354; x_wconf 81' lang='grc' dir='ltr'>ποιεῖς,άνθ</span> <span class='ocrx_word' id='word_1_898' title='bbox 2621 4307 2767 4360; x_wconf 86' lang='grc' dir='ltr'>ρωπε</span> <span class='ocrx_word' id='word_1_899' title='bbox 2789 4307 2803 4356; x_wconf 88' lang='grc'><strong>;</strong></span> <span class='ocrx_word' id='word_1_900' title='bbox 2825 4289 3117 4362; x_wconf 82' lang='grc' dir='ltr'>Παρεὸἀθη</span> <span class='ocrx_word' id='word_1_901' title='bbox 3137 4292 3165 4342; x_wconf 90' lang='lat'>6</span> <span class='ocrx_word' id='word_1_902' title='bbox 3184 4291 3367 4361; x_wconf 76' lang='grc' dir='ltr'>νόμος,</span> <span class='ocrx_word' id='word_1_903' title='bbox 3390 4310 3662 4364; x_wconf 80' lang='grc' dir='ltr'>κατεφροο</span> 
     </span>
    </p>
   </div>
   <div class='ocr_carea' id='block_1_110' title="bbox 2092 4379 3658 4453">
    <p class='ocr_par' dir='ltr' id='par_1_110' title="bbox 2092 4379 3658 4453">
     <span class='ocr_line' id='line_1_110' title="bbox 2092 4379 3658 4453; baseline 0.001 -18"><span class='ocrx_word' id='word_1_904' title='bbox 2092 4380 2232 4450; x_wconf 78' lang='grc' dir='ltr'>νήθη</span> <span class='ocrx_word' id='word_1_905' title='bbox 2255 4379 2597 4450; x_wconf 80' lang='grc' dir='ltr'>σωφροσύνη,</span> <span class='ocrx_word' id='word_1_906' title='bbox 2640 4380 3084 4450; x_wconf 81' lang='grc' dir='ltr'>πλημμελήματα</span> <span class='ocrx_word' id='word_1_907' title='bbox 3106 4379 3340 4433; x_wconf 88' lang='grc' dir='ltr'>τοσαῦτα</span> <span class='ocrx_word' id='word_1_908' title='bbox 3386 4382 3658 4453; x_wconf 83' lang='grc' dir='ltr'>ἐτολμήθη</span> 
     </span>
    </p>
   </div>
   <div class='ocr_carea' id='block_1_111' title="bbox 2093 4469 3670 4541">
    <p class='ocr_par' dir='ltr' id='par_1_111' title="bbox 2093 4469 3670 4541">
     <span class='ocr_line' id='line_1_111' title="bbox 2093 4469 3670 4541; baseline 0.001 -17"><span class='ocrx_word' id='word_1_909' title='bbox 2093 4471 2244 4541; x_wconf 86' lang='grc' dir='ltr'>παρά</span> <span class='ocrx_word' id='word_1_910' title='bbox 2278 4487 2422 4532; x_wconf 88' lang='grc' dir='ltr'>τινος</span> <span class='ocrx_word' id='word_1_911' title='bbox 2455 4469 2564 4521; x_wconf 90' lang='grc' dir='ltr'>τῶν</span> <span class='ocrx_word' id='word_1_912' title='bbox 2605 4471 2931 4540; x_wconf 85' lang='grc' dir='ltr'>ἱερωμένων.</span> <span class='ocrx_word' id='word_1_913' title='bbox 2957 4471 3024 4522; x_wconf 85' lang='grc' dir='ltr'>τά</span> <span class='ocrx_word' id='word_1_914' title='bbox 3044 4470 3155 4523; x_wconf 83' lang='grc' dir='ltr'>ἄνω</span> <span class='ocrx_word' id='word_1_915' title='bbox 3174 4472 3322 4524; x_wconf 87' lang='grc' dir='ltr'>κάτω</span> <span class='ocrx_word' id='word_1_916' title='bbox 3341 4472 3549 4541; x_wconf 73' lang='grc' dir='ltr'>γέγονε,</span> <span class='ocrx_word' id='word_1_917' title='bbox 3573 4474 3670 4526; x_wconf 77' lang='grc' dir='ltr'>καὶ</span> 
     </span>
    </p>
   </div>
   <div class='ocr_carea' id='block_1_112' title="bbox 2091 4555 3666 4628">
    <p class='ocr_par' dir='ltr' id='par_1_112' title="bbox 2091 4555 3666 4628">
     <span class='ocr_line' id='line_1_112' title="bbox 2091 4555 3666 4628; baseline 0.004 -19"><span class='ocrx_word' id='word_1_918' title='bbox 2091 4558 2151 4609; x_wconf 86' lang='grc' dir='ltr'>ού</span> <span class='ocrx_word' id='word_1_919' title='bbox 2176 4557 2415 4628; x_wconf 87' lang='grc' dir='ltr'>φρίττεις</span> <span class='ocrx_word' id='word_1_920' title='bbox 2437 4574 2451 4618; x_wconf 87' lang='grc'>;</span> <span class='ocrx_word' id='word_1_921' title='bbox 2485 4555 2622 4608; x_wconf 85' lang='grc' dir='ltr'>Ἀλλ’</span> <span class='ocrx_word' id='word_1_922' title='bbox 2643 4559 2671 4609; x_wconf 90' lang='lat'>6</span> <span class='ocrx_word' id='word_1_923' title='bbox 2694 4557 2792 4625; x_wconf 84' lang='grc' dir='ltr'>μὲν</span> <span class='ocrx_word' id='word_1_924' title='bbox 2815 4559 3097 4628; x_wconf 84' lang='grc' dir='ltr'>προφήτης</span> <span class='ocrx_word' id='word_1_925' title='bbox 3117 4559 3208 4610; x_wconf 74' lang='grc' dir='ltr'>καὶ</span> <span class='ocrx_word' id='word_1_926' title='bbox 3240 4559 3378 4614; x_wconf 87' lang='grc' dir='ltr'>αύτά</span> <span class='ocrx_word' id='word_1_927' title='bbox 3411 4559 3477 4612; x_wconf 88' lang='grc' dir='ltr'>τὰ</span> <span class='ocrx_word' id='word_1_928' title='bbox 3512 4562 3666 4615; x_wconf 83' lang='grc' dir='ltr'>ἀναί-</span> 
     </span>
    </p>
   </div>
   <div class='ocr_carea' id='block_1_113' title="bbox 2094 4644 3667 4714">
    <p class='ocr_par' dir='ltr' id='par_1_113' title="bbox 2094 4644 3667 4714">
     <span class='ocr_line' id='line_1_113' title="bbox 2094 4644 3667 4714; baseline 0.004 -18"><span class='ocrx_word' id='word_1_929' title='bbox 2094 4645 2264 4713; x_wconf 85' lang='grc' dir='ltr'>σθητα</span> <span class='ocrx_word' id='word_1_930' title='bbox 2287 4647 2527 4712; x_wconf 89' lang='grc' dir='ltr'>στοιχεῖα</span> <span class='ocrx_word' id='word_1_931' title='bbox 2559 4644 2715 4696; x_wconf 85' lang='grc' dir='ltr'>καλεῖ</span> <span class='ocrx_word' id='word_1_932' title='bbox 2747 4645 2882 4714; x_wconf 73' lang='grc' dir='ltr'>πρὸς</span> <span class='ocrx_word' id='word_1_933' title='bbox 2917 4645 3136 4697; x_wconf 75' lang='grc' dir='ltr'>ἔκτασιν</span> <span class='ocrx_word' id='word_1_934' title='bbox 3158 4646 3251 4698; x_wconf 74' lang='grc' dir='ltr'>καὶ</span> <span class='ocrx_word' id='word_1_935' title='bbox 3273 4647 3553 4700; x_wconf 86' lang='grc' dir='ltr'>κοινωνίαν</span> <span class='ocrx_word' id='word_1_936' title='bbox 3571 4649 3667 4702; x_wconf 90' lang='grc' dir='ltr'>τοῦ</span> 
     </span>
    </p>
   </div>
   <div class='ocr_carea' id='block_1_114' title="bbox 2096 4730 3668 4806">
    <p class='ocr_par' dir='ltr' id='par_1_114' title="bbox 2096 4730 3668 4806">
     <span class='ocr_line' id='line_1_114' title="bbox 2096 4730 3668 4806; baseline 0.004 -22"><span class='ocrx_word' id='word_1_937' title='bbox 2096 4731 2292 4804; x_wconf 84' lang='grc' dir='ltr'>θρήνου</span> <span class='ocrx_word' id='word_1_938' title='bbox 2313 4732 2420 4784; x_wconf 89' lang='grc' dir='ltr'>τῶν</span> <span class='ocrx_word' id='word_1_939' title='bbox 2441 4734 2593 4802; x_wconf 85' lang='grc' dir='ltr'>κοινῇ</span> <span class='ocrx_word' id='word_1_940' title='bbox 2619 4730 2797 4800; x_wconf 88' lang='grc' dir='ltr'>πεπλη</span> <span class='ocrx_word' id='word_1_941' title='bbox 2807 4732 2982 4804; x_wconf 86' lang='grc' dir='ltr'>μμελη</span> <span class='ocrx_word' id='word_1_942' title='bbox 2991 4733 3168 4802; x_wconf 91' lang='grc' dir='ltr'>μένων</span> <span class='ocrx_word' id='word_1_943' title='bbox 3195 4734 3396 4798; x_wconf 85' lang='grc' dir='ltr'>κακῶν,</span> <span class='ocrx_word' id='word_1_944' title='bbox 3417 4735 3668 4806; x_wconf 79' lang='grc' dir='ltr'>Ἑξέστη</span> 
     </span>
    </p>
   </div>
   <div class='ocr_carea' id='block_1_115' title="bbox 2095 4819 3669 4893">
    <p class='ocr_par' dir='ltr' id='par_1_115' title="bbox 2095 4819 3669 4893">
     <span class='ocr_line' id='line_1_115' title="bbox 2095 4819 3669 4893; baseline 0.003 -19"><span class='ocrx_word' id='word_1_945' title='bbox 2095 4824 2126 4874; x_wconf 83' lang='grc' dir='ltr'><em>ό</em></span> <span class='ocrx_word' id='word_1_946' title='bbox 2147 4819 2420 4888; x_wconf 81' lang='grc' dir='ltr'>οὐρανὸς,</span> <span class='ocrx_word' id='word_1_947' title='bbox 2436 4819 2628 4889; x_wconf 88' lang='grc' dir='ltr'>λέγων,</span> <span class='ocrx_word' id='word_1_948' title='bbox 2648 4819 2746 4874; x_wconf 78' lang='grc' dir='ltr'>καί</span> <span class='ocrx_word' id='word_1_949' title='bbox 2764 4820 3006 4888; x_wconf 64' lang='grc' dir='ltr'>ἔφριξεν</span> <span class='ocrx_word' id='word_1_950' title='bbox 3022 4823 3060 4889; x_wconf 78' lang='grc' dir='ltr'><em>ὴ</em></span> <span class='ocrx_word' id='word_1_951' title='bbox 3081 4821 3156 4889; x_wconf 74' lang='grc' dir='ltr'>γῆ</span> <span class='ocrx_word' id='word_1_952' title='bbox 3175 4823 3272 4876; x_wconf 78' lang='grc' dir='ltr'>ἐπὶ</span> <span class='ocrx_word' id='word_1_953' title='bbox 3295 4824 3505 4877; x_wconf 77' lang='grc' dir='ltr'>πλεῖον</span> <span class='ocrx_word' id='word_1_954' title='bbox 3517 4827 3669 4893; x_wconf 66' lang='grc' dir='ltr'>σφό-</span> 
     </span>
    </p>
   </div>
   <div class='ocr_carea' id='block_1_116' title="bbox 2095 4907 3672 4980">
    <p class='ocr_par' dir='ltr' id='par_1_116' title="bbox 2095 4907 3672 4980">
     <span class='ocr_line' id='line_1_116' title="bbox 2095 4907 3672 4980; baseline 0.005 -22"><span class='ocrx_word' id='word_1_955' title='bbox 2095 4907 2224 4974; x_wconf 74' lang='grc' dir='ltr'><em>δρα.</em></span> <span class='ocrx_word' id='word_1_956' title='bbox 2263 4908 2373 4960; x_wconf 85' lang='lat' dir='ltr'><em>Kal</em></span> <span class='ocrx_word' id='word_1_957' title='bbox 2407 4908 2599 4960; x_wconf 78' lang='grc' dir='ltr'>πάλιν·</span> <span class='ocrx_word' id='word_1_958' title='bbox 2625 4908 2921 4974; x_wconf 79' lang='grc' dir='ltr'><em>Πενθήσει</em></span> <span class='ocrx_word' id='word_1_959' title='bbox 2951 4910 2983 4961; x_wconf 86' lang='grc' dir='ltr'><strong><em>ό</em></strong></span> <span class='ocrx_word' id='word_1_960' title='bbox 3019 4907 3353 4977; x_wconf 81' lang='grc' dir='ltr'>Κάρμηλος,</span> <span class='ocrx_word' id='word_1_961' title='bbox 3381 4912 3672 4980; x_wconf 78' lang='grc' dir='ltr'>πενθήσει</span> 
     </span>
    </p>
   </div>
   <div class='ocr_carea' id='block_1_117' title="bbox 2095 4990 3670 5068">
    <p class='ocr_par' dir='ltr' id='par_1_117' title="bbox 2095 4990 3670 5068">
     <span class='ocr_line' id='line_1_117' title="bbox 2095 4990 3670 5068; baseline 0.004 -22"><span class='ocrx_word' id='word_1_962' title='bbox 2095 4990 2279 5060; x_wconf 75' lang='grc' dir='ltr'>οἶνος,</span> <span class='ocrx_word' id='word_1_963' title='bbox 2299 4996 2584 5060; x_wconf 80' lang='grc' dir='ltr'>πενθήσει</span> <span class='ocrx_word' id='word_1_964' title='bbox 2608 4995 2892 5064; x_wconf 78' lang='grc' dir='ltr'><em>ἄμπελος.</em></span> <span class='ocrx_word' id='word_1_965' title='bbox 2917 4995 3026 5048; x_wconf 84' lang='lat' dir='ltr'><em>Kal</em></span> <span class='ocrx_word' id='word_1_966' title='bbox 3043 4996 3112 5048; x_wconf 88' lang='grc' dir='ltr'>τά</span> <span class='ocrx_word' id='word_1_967' title='bbox 3133 4997 3232 5066; x_wconf 84' lang='grc' dir='ltr'>μὲν</span> <span class='ocrx_word' id='word_1_968' title='bbox 3251 4997 3431 5068; x_wconf 74' lang='grc' dir='ltr'>ἄψυχα</span> <span class='ocrx_word' id='word_1_969' title='bbox 3466 5000 3670 5063; x_wconf 86' lang='grc' dir='ltr'>πενθεῖ,</span> 
     </span>
    </p>
   </div>
   <div class='ocr_carea' id='block_1_118' title="bbox 2098 5082 3671 5157">
    <p class='ocr_par' dir='ltr' id='par_1_118' title="bbox 2098 5082 3671 5157">
     <span class='ocr_line' id='line_1_118' title="bbox 2098 5082 3671 5157; baseline 0.004 -24"><span class='ocrx_word' id='word_1_970' title='bbox 2098 5082 2188 5134; x_wconf 72' lang='lat' dir='ltr'><em>xal</em></span> <span class='ocrx_word' id='word_1_971' title='bbox 2225 5083 2396 5134; x_wconf 85' lang='grc' dir='ltr'>στένει</span> <span class='ocrx_word' id='word_1_972' title='bbox 2428 5082 2478 5143; x_wconf 73' lang='grc' dir='ltr'>ιι,</span> <span class='ocrx_word' id='word_1_973' title='bbox 2506 5083 2600 5137; x_wconf 71' lang='grc' dir='ltr'>καὶ</span> <span class='ocrx_word' id='word_1_974' title='bbox 2631 5086 3024 5150; x_wconf 87' lang='grc' dir='ltr'>συναγανακτεῖ</span> <span class='ocrx_word' id='word_1_975' title='bbox 3051 5084 3128 5154; x_wconf 80' lang='grc' dir='ltr'>τῷ</span> <span class='ocrx_word' id='word_1_976' title='bbox 3164 5086 3435 5157; x_wconf 82' lang='grc' dir='ltr'>Δεσπότῃ·</span> <span class='ocrx_word' id='word_1_977' title='bbox 3462 5089 3525 5140; x_wconf 83' lang='grc' dir='ltr'>σὺ</span> <span class='ocrx_word' id='word_1_978' title='bbox 3557 5087 3612 5139; x_wconf 81' lang='grc' dir='ltr'>δὲ</span> <span class='ocrx_word' id='word_1_979' title='bbox 3643 5089 3671 5140; x_wconf 87' lang='grc' dir='ltr'><strong>ὁ</strong></span> 
     </span>
    </p>
   </div>
   <div class='ocr_carea' id='block_1_119' title="bbox 2097 5167 3673 5244">
    <p class='ocr_par' dir='ltr' id='par_1_119' title="bbox 2097 5167 3673 5244">
     <span class='ocr_line' id='line_1_119' title="bbox 2097 5167 3673 5244; baseline 0.005 -26"><span class='ocrx_word' id='word_1_980' title='bbox 2097 5167 2310 5235; x_wconf 78' lang='grc' dir='ltr'>λογικὸς</span> <span class='ocrx_word' id='word_1_981' title='bbox 2341 5170 2440 5222; x_wconf 88' lang='grc' dir='ltr'>ούκ</span> <span class='ocrx_word' id='word_1_982' title='bbox 2473 5170 2687 5238; x_wconf 85' lang='grc' dir='ltr'>ἀλγεῖς;</span> <span class='ocrx_word' id='word_1_983' title='bbox 2729 5173 2829 5224; x_wconf 84' lang='grc' dir='ltr'>οὐκ</span> <span class='ocrx_word' id='word_1_984' title='bbox 2863 5173 3117 5242; x_wconf 80' lang='grc' dir='ltr'>ἐπιτιμᾷς</span> <span class='ocrx_word' id='word_1_985' title='bbox 3138 5213 3153 5235; x_wconf 90' lang='grc'>,</span> <span class='ocrx_word' id='word_1_986' title='bbox 3196 5174 3256 5225; x_wconf 85' lang='grc' dir='ltr'>ού</span> <span class='ocrx_word' id='word_1_987' title='bbox 3285 5174 3410 5244; x_wconf 84' lang='grc' dir='ltr'>γίνῃ</span> <span class='ocrx_word' id='word_1_988' title='bbox 3440 5174 3673 5243; x_wconf 79' lang='grc' dir='ltr'>χαλεπὸς</span> 
     </span>
    </p>
   </div>
   <div class='ocr_carea' id='block_1_120' title="bbox 2096 5256 3672 5328">
    <p class='ocr_par' dir='ltr' id='par_1_120' title="bbox 2096 5256 3672 5328">
     <span class='ocr_line' id='line_1_120' title="bbox 2096 5256 3672 5328; baseline 0.004 -21"><span class='ocrx_word' id='word_1_989' title='bbox 2096 5256 2333 5326; x_wconf 75' lang='grc' dir='ltr'>τιμωρὸς</span> <span class='ocrx_word' id='word_1_990' title='bbox 2358 5257 2466 5308; x_wconf 87' lang='grc' dir='ltr'>τῶν</span> <span class='ocrx_word' id='word_1_991' title='bbox 2487 5257 2579 5310; x_wconf 90' lang='grc' dir='ltr'>τοῦ</span> <span class='ocrx_word' id='word_1_992' title='bbox 2604 5257 2737 5310; x_wconf 85' lang='grc' dir='ltr'>Θεοῦ</span> <span class='ocrx_word' id='word_1_993' title='bbox 2755 5257 2952 5328; x_wconf 86' lang='grc' dir='ltr'>νόμων,</span> <span class='ocrx_word' id='word_1_994' title='bbox 2973 5259 3106 5312; x_wconf 86' lang='grc' dir='ltr'>ἀλλά</span> <span class='ocrx_word' id='word_1_995' title='bbox 3123 5261 3214 5312; x_wconf 74' lang='grc' dir='ltr'>καὶ</span> <span class='ocrx_word' id='word_1_996' title='bbox 3235 5266 3504 5324; x_wconf 86' lang='grc' dir='ltr'>κοινωνεῖς</span> <span class='ocrx_word' id='word_1_997' title='bbox 3523 5278 3537 5323; x_wconf 87' lang='grc'><strong>;</strong></span> <span class='ocrx_word' id='word_1_998' title='bbox 3567 5263 3672 5314; x_wconf 77' lang='grc' dir='ltr'>Καὶ</span> 
     </span>
    </p>
   </div>
   <div class='ocr_carea' id='block_1_121' title="bbox 2100 5343 3670 5418">
    <p class='ocr_par' dir='ltr' id='par_1_121' title="bbox 2100 5343 3670 5418">
     <span class='ocr_line' id='line_1_121' title="bbox 2100 5343 3670 5418; baseline 0.005 -24"><span class='ocrx_word' id='word_1_999' title='bbox 2100 5343 2258 5395; x_wconf 84' lang='grc' dir='ltr'>ποίαν</span> <span class='ocrx_word' id='word_1_1000' title='bbox 2295 5343 2360 5397; x_wconf 86' lang='grc' dir='ltr'>ἂν</span> <span class='ocrx_word' id='word_1_1001' title='bbox 2384 5344 2570 5416; x_wconf 86' lang='grc' dir='ltr'>σχοίης</span> <span class='ocrx_word' id='word_1_1002' title='bbox 2602 5346 2930 5416; x_wconf 82' lang='grc' dir='ltr'>συγγνώμην</span> <span class='ocrx_word' id='word_1_1003' title='bbox 2952 5363 2966 5412; x_wconf 87' lang='grc'><strong>;</strong></span> <span class='ocrx_word' id='word_1_1004' title='bbox 2989 5347 3080 5416; x_wconf 80' lang='grc' dir='ltr'>Μὴ</span> <span class='ocrx_word' id='word_1_1005' title='bbox 3106 5346 3212 5418; x_wconf 80' lang='grc' dir='ltr'>γὰρ</span> <span class='ocrx_word' id='word_1_1006' title='bbox 3237 5348 3264 5398; x_wconf 89' lang='grc' dir='ltr'>ὁ</span> <span class='ocrx_word' id='word_1_1007' title='bbox 3297 5348 3426 5413; x_wconf 84' lang='grc' dir='ltr'>Θεὸς</span> <span class='ocrx_word' id='word_1_1008' title='bbox 3456 5349 3670 5402; x_wconf 84' lang='grc' dir='ltr'>ἐκδίκου</span> 
     </span>
    </p>
   </div>
   <div class='ocr_carea' id='block_1_122' title="bbox 2163 5529 3675 5601">
    <p class='ocr_par' dir='ltr' id='par_1_122' title="bbox 2163 5529 3675 5601">
     <span class='ocr_line' id='line_1_122' title="bbox 2163 5529 3675 5601; baseline 0.01 -25"><span class='ocrx_word' id='word_1_1009' title='bbox 2163 5529 2296 5601; x_wconf 47' lang='lat' dir='ltr'>cf“;</span> <span class='ocrx_word' id='word_1_1010' title='bbox 2322 5529 2517 5601; x_wconf 65' lang='grc' dir='ltr'>Μοτειη</span> <span class='ocrx_word' id='word_1_1011' title='bbox 2534 5532 2711 5601; x_wconf 38' lang='grc' dir='ltr'>-Βεξιςη</span> <span class='ocrx_word' id='word_1_1012' title='bbox 2731 5534 2827 5601; x_wconf 70' lang='grc' dir='ltr'>ὀμ.</span> <span class='ocrx_word' id='word_1_1013' title='bbox 2859 5549 2905 5592; x_wconf 87' lang='grc' dir='ltr'>γ.</span> <span class='ocrx_word' id='word_1_1014' title='bbox 3007 5535 3062 5601; x_wconf 67' lang='grc' dir='ltr'>τὸ</span> <span class='ocrx_word' id='word_1_1015' title='bbox 3087 5533 3231 5601; x_wconf 81' lang='grc' dir='ltr'>πάθος</span> <span class='ocrx_word' id='word_1_1016' title='bbox 3261 5537 3412 5601; x_wconf 79' lang='grc' dir='ltr'>εἰπεῖν</span> <span class='ocrx_word' id='word_1_1017' title='bbox 3440 5538 3572 5588; x_wconf 83' lang='lat' dir='ltr'>Colb.</span> <span class='ocrx_word' id='word_1_1018' title='bbox 3620 5548 3675 5591; x_wconf 75' lang='lat' dir='ltr'>et</span> 
     </span>
    </p>
   </div>
   <div class='ocr_carea' id='block_1_123' title="bbox 2096 5591 3676 5700">
    <p class='ocr_par' dir='ltr' id='par_1_123' title="bbox 2096 5591 3676 5700">
     <span class='ocr_line' id='line_1_123' title="bbox 2096 5591 3676 5688; baseline 0.006 -47"><span class='ocrx_word' id='word_1_1019' title='bbox 2096 5591 2246 5688; x_wconf 65' lang='lat' dir='ltr'>§avi|.</span> <span class='ocrx_word' id='word_1_1020' title='bbox 2273 5593 2299 5638; x_wconf 89' lang='lat'>6</span> <span class='ocrx_word' id='word_1_1021' title='bbox 2322 5609 2370 5653; x_wconf 84' lang='grc' dir='ltr'>μ.</span> <span class='ocrx_word' id='word_1_1022' title='bbox 2391 5593 2479 5655; x_wconf 83' lang='grc' dir='ltr'>γὰρ</span> <span class='ocrx_word' id='word_1_1023' title='bbox 2498 5594 2566 5655; x_wconf 82' lang='grc' dir='ltr'>τῷ</span> <span class='ocrx_word' id='word_1_1024' title='bbox 2587 5595 2671 5650; x_wconf 80' lang='grc' dir='ltr'>τήν</span> <span class='ocrx_word' id='word_1_1025' title='bbox 2691 5591 2896 5655; x_wconf 78' lang='grc' dir='ltr'>ἀνάγκην</span> <span class='ocrx_word' id='word_1_1026' title='bbox 2920 5595 3062 5642; x_wconf 79' lang='grc' dir='ltr'>εἰπεῖν</span> <span class='ocrx_word' id='word_1_1027' title='bbox 3084 5597 3168 5652; x_wconf 82' lang='grc' dir='ltr'>τήν</span> <span class='ocrx_word' id='word_1_1028' title='bbox 3187 5599 3347 5644; x_wconf 80' lang='grc' dir='ltr'>πενίαν</span> <span class='ocrx_word' id='word_1_1029' title='bbox 3371 5600 3676 5656; x_wconf 66' lang='grc' dir='ltr'>αἰτιάσασθαι</span> 
     </span>
     <span class='ocr_line' id='line_1_124' title="bbox 2100 5669 2216 5700; baseline -0.009 0"><span class='ocrx_word' id='word_1_1030' title='bbox 2100 5669 2216 5700; x_wconf 78' lang='grc' dir='ltr'>..νει.</span> 
     </span>
    </p>
   </div>
   <div class='ocr_carea' id='block_1_124' title="bbox 2100 5671 3676 5782">
    <p class='ocr_par' dir='ltr' id='par_1_124' title="bbox 2100 5671 3676 5782">
     <span class='ocr_line' id='line_1_125' title="bbox 2100 5671 3676 5782; baseline 0.013 -24"><span class='ocrx_word' id='word_1_1031' title='bbox 2100 5671 2305 5782; x_wconf 33' lang='grc' dir='ltr'>’ἦῗιμκεὶ</span> <span class='ocrx_word' id='word_1_1032' title='bbox 2330 5715 2480 5782; x_wconf 72' lang='grc' dir='ltr'>στένει</span> <span class='ocrx_word' id='word_1_1033' title='bbox 2509 5722 2616 5782; x_wconf 72' lang='grc' dir='ltr'>ροξιῑ</span> <span class='ocrx_word' id='word_1_1034' title='bbox 2639 5715 2792 5782; x_wconf 67' lang='grc' dir='ltr'>πενθεῖ</span> <span class='ocrx_word' id='word_1_1035' title='bbox 2826 5729 2886 5782; x_wconf 61' lang='lat' dir='ltr'>eg;</span> <span class='ocrx_word' id='word_1_1036' title='bbox 2913 5729 3028 5782; x_wconf 60' lang='lat' dir='ltr'>mss.</span> <span class='ocrx_word' id='word_1_1037' title='bbox 3051 5718 3361 5782; x_wconf 77' lang='lat' dir='ltr'>desumplum</span> <span class='ocrx_word' id='word_1_1038' title='bbox 3390 5737 3400 5764; x_wconf 85' lang='lat'><strong>:</strong></span> <span class='ocrx_word' id='word_1_1039' title='bbox 3424 5723 3597 5774; x_wconf 74' lang='lat' dir='ltr'>deerat</span> <span class='ocrx_word' id='word_1_1040' title='bbox 3620 5727 3676 5777; x_wconf 77' lang='lat' dir='ltr'>In</span> 
     </span>
    </p>
   </div>
   <div class='ocr_carea' id='block_1_125' title="bbox 2102 5775 3002 5840">
    <p class='ocr_par' dir='ltr' id='par_1_125' title="bbox 2102 5775 3002 5840">
     <span class='ocr_line' id='line_1_126' title="bbox 2102 5775 3002 5840; baseline 0.006 -17"><span class='ocrx_word' id='word_1_1041' title='bbox 2102 5775 2220 5824; x_wconf 75' lang='lat' dir='ltr'>edit.</span> <span class='ocrx_word' id='word_1_1042' title='bbox 2250 5776 2420 5826; x_wconf 75' lang='lat' dir='ltr'>Morel.</span> <span class='ocrx_word' id='word_1_1043' title='bbox 2446 5775 2543 5826; x_wconf 80' lang='lat' dir='ltr'>Sed</span> <span class='ocrx_word' id='word_1_1044' title='bbox 2572 5777 2755 5840; x_wconf 71' lang='lat' dir='ltr'>legitur</span> <span class='ocrx_word' id='word_1_1045' title='bbox 2779 5777 2830 5826; x_wconf 83' lang='lat' dir='ltr'>in</span> <span class='ocrx_word' id='word_1_1046' title='bbox 2854 5779 3002 5828; x_wconf 74' lang='lat' dir='ltr'><em>Savll.</em></span> 
     </span>
    </p>
   </div>
  </div>
