4080 6340
439 409 551 465 253

439 520 649 581 δεῖται;
689 514 763 587 ph
803 512 910 586 7&9
952 512 1288 586 βοηθούντων
1329 514 1551 586 χρῄζει;
1606 513 1742 567 ἀλλὰ
1774 512 2021 584 βούλεταί

444 621 505 658 σε
554 602 834 674 ὑπηρέτην
870 599 1057 653 τούτου
1107 600 1384 668 γενέσθαι,
1441 599 1528 653 ἵνα
1577 602 1651 671 μὴ
1683 603 1796 663 τοῖς
1840 600 2022 663 αὐτοῖς

443 690 765 761 περιπέσῃς,
793 690 851 743 ἐν
876 691 942 760 τῇ
973 688 1094 743 καθ’
1128 689 1315 759 ἐτέρου
1344 689 1715 759 ἀγανακτήσει
1748 686 2022 759 σωφρονέ-

444 794 631 849 στερος
651 777 953 848 γινόμενος,
984 777 1069 829 ἵνα
1105 776 1399 831 κάντεῦθεν
1421 775 1482 828 τὸ
1509 775 1753 845 φιλόθεόν
1793 793 1887 829 σου
1910 774 2021 828 δεί-

445 863 561 936 ξῃς.
603 864 771 917 Ὅταν
801 862 910 936 7&9
932 864 1271 933 ἁμαρτόντος
1297 863 1485 933 ἐτέρου
1510 861 1895 933 παραδράμῃς,
1926 861 2023 915 καὶ

448 953 522 1023 μὴ
557 950 846 1020 ἐπεξέλθῃς
864 962 912 1013 ι,
943 948 1074 1020 μηδὲ
1102 949 1365 1022 ἀλγὴσῃς,
1395 948 1770 1020 ῥᾳθυμοτέραν
1807 965 1898 1001 σου
1921 948 2021 1019 τήν

442 1038 619 1109 ψυχὴν
654 1041 823 1101 ποιεῖς
849 1039 944 1091 καὶ
967 1038 1337 1108 εύέμπτωτον,
1367 1038 1462 1091 καὶ
1490 1038 1724 1108 μάλιστα
1761 1036 2021 1100 πολλάκις

445 1124 885 1197 παρασκευάζεις
905 1124 934 1164 b
957 1126 1068 1187 τοῖς
1094 1125 1276 1188 αὐτοῖς
1306 1127 1624 1195 περιπεσεῖν
1642 1139 1656 1154 ⁸
1684 1125 1932 1178 κάκεῖνον
1962 1122 2021 1176 δὲ

443 1215 506 1266 οὐ
530 1213 598 1267 τά
626 1213 855 1283 τυχόντα
891 1211 1299 1284 παραϐλάπτεις
1330 1215 1396 1284 τῇ
1424 1213 1638 1284 ἀκαίρῳ
1679 1212 1862 1283 χάριτι
1890 1212 2021 1265 ταύ-

444 1317 534 1376 τῃ,
566 1299 968 1371 αὐστηροτέρας
996 1299 1145 1370 αύτῴ
1173 1300 1339 1353 ποιῶν
1366 1300 1465 1365 τάς
1491 1303 1548 1354 ἐν
1567 1300 1647 1371 τῷ
1671 1299 1913 1371 μέλλοντι
1933 1300 2021 1353 εὐ-

447 1390 631 1452 θύνας,
653 1388 901 1459 καὶπρὸς
922 1385 990 1441 τά
1020 1387 1263 1458 παρόντα
1293 1388 1661 1459 ῥᾳθυμότερον
1686 1387 2023 1442 κατασκευάο

445 1477 574 1541 ζων.
610 1475 795 1529 Ταῦτα
819 1475 876 1527 δὲ
910 1476 972 1527 οὐ
999 1476 1128 1546 περὶ
1151 1475 1400 1528 κλεπτῶν
1433 1476 1593 1546 μόνον
1618 1477 1853 1547 εἴρηται,
1885 1474 2023 1528 ἀλλὰ

446 1562 692 1635 καὶπερὶ
717 1561 917 1625 παντὸς
943 1561 1359 1631 ἁμαρτήματοςο
1388 1562 1450 1614 τὸ
1475 1563 1533 1616 δὲ
1560 1563 1784 1632 ἔσχατον
1810 1560 2021 1614 τέθεικε

444 1652 555 1706 τῶν
587 1649 1090 1723 πλημμελημάτων,
1122 1650 1188 1703 ἶν’
1213 1651 1358 1722 εἰδῇς
1395 1650 1476 1703 ὅτι
1509 1653 1538 1704 6
1570 1652 1663 1703 ἐπὶ
1688 1648 1767 1720 τῷ
1799 1647 2022 1716 τοιούτῳ

447 1739 777 1812 συγγνώμην
808 1741 909 1793 οὐκ
932 1738 1091 1809 έχων,
1121 1738 1304 1809 πολλῷ
1331 1739 1531 1810 μᾶλλον
1570 1740 1653 1808 ἐφ’
1687 1738 1875 1810 ἐτέρου
1920 1738 2023 1790 οὐκ

448 1827 811 1884 ἀπολαύσεται
839 1825 1043 1896 ταύτης
1063 1826 1161 1897 τῆς
1191 1827 1565 1897 παραμυθίας.
1600 1827 1866 1879 ’Ἄκουσον
1892 1824 2023 1893 γοῦν

450 1918 544 1970 καὶ
567 1914 695 1986 ἑξῆς
713 1915 766 1968 τί
788 1930 949 1984 φησι·
975 1913 1085 1968 Καὶ
1110 1915 1260 1984 μετὰ
1276 1912 1508 1984 μοιχῶν
1533 1913 1648 1982 τὴν
1665 1912 1877 1983 μερίδα
1905 1929 2021 1966 σου

445 2005 686 2070 ἐτίθεις’
712 2003 806 2057 ἐπὶ
834 2003 896 2055 τὸ
924 2001 1105 2072 μεῖζον
1134 2001 1322 2055 ἐλθών.
1353 2000 1539 2071 Πολλῷ
1570 2001 1680 2072 7&9
1702 2001 1878 2053 ἐκεῖνο
1898 1998 2023 2052 τού-

447 2108 541 2144 του
565 2089 805 2143 ἔλαττον.
832 2088 942 2143 Καί
971 2105 1054 2151 τις
1086 2087 1195 2140 τῶν
1222 2087 1631 2159 ἁμαρτημάτων
1657 2086 1861 2140 τούτων
1893 2085 2024 2154 σύγ-

449 2194 631 2250 κρισιν
659 2176 979 2247 ποιούμενος
1008 2174 1179 2239 οὕτως
1206 2175 1411 2244 ἔλεγεν·
1442 2177 1525 2229 Οὐ
1545 2172 1891 2244 θαυμαστὸν
1915 2173 2026 2227 ἐὰν

447 2262 576 2330 ἁλῷ
594 2281 682 2332 τις
700 2263 990 2318 κλέπτων·
1016 2262 1257 2317 κλέπτει
1283 2263 1393 2333 γὰρ
1412 2263 1512 2316 ἵνα
1536 2261 1652 2331 τὴν
1680 2260 1893 2330 ψυχὴν
1915 2262 2023 2315 αὐ-

450 2351 557 2405 τοῦ
574 2349 859 2421 ἐμπλήσῃ
894 2348 1218 2403 πεινῶσαν.
1248 2351 1312 2403 Εἰ
1338 2350 1519 2404 τοίνυν
1550 2348 1707 2402 τοῦτο
1738 2348 2023 2417 ἀσύγγνω-

451 2456 596 2504 στον,
636 2437 815 2509 πολλῷ
867 2438 1065 2509 μᾶλλον
1101 2438 1336 2509 μοιχεία.
1381 2436 1645 2492 Ἐνταῦθα
1681 2437 1739 2491 δέ
1779 2438 2024 2507 μοιχείαν

449 2527 549 2597 τὴν
591 2527 846 2599 πορνείαν
890 2526 1073 2597 φησίν.
1114 2528 1212 2579 Ἂν
1246 2525 1572 2597 τοίνυνίδῃς
1603 2524 1727 2579 τινὰ
1748 2525 1856 2577 τῶν
1888 2524 2025 2596 μετά

452 2614 547 2669 σοῦ
571 2612 983 2685 ἀγελαζομένων
1013 2612 1364 2685 πορνεύοντα,
1396 2612 1487 2666 καὶ
1511 2612 1827 2683 μυστηρίοις
1854 2629 2025 2683 προσ-

448 2701 763 2774 ερχόμενον,
804 2701 923 2754 είπέ
955 2700 1031 2771 τῷ
1059 2700 1456 2770 διακονουμένῳ
1497 2702 1565 2771 τῇ
1601 2702 1805 2752 τούτων
1852 2698 2027 2752 διανο-

452 2792 527 2860 μῇ
552 2799 574 2828 ο
594 2806 609 2820 '
641 2789 698 2842 '0
726 2787 871 2841 δεῖνα
905 2787 1122 2852 ἀνάξιος
1150 2786 1260 2841 τῶν
1295 2786 1626 2858 μυστηρίων,
1659 2785 1901 2839 κώλυσον
1928 2784 2027 2849 τὰς

451 2876 708 2948 βεϐήλους
750 2878 956 2948 χεῖρας.
994 2876 1058 2929 Εἰ
1079 2874 1186 2946 7&9
1222 2875 1356 2946 μηδὲ
1384 2874 1686 2945 διηγεῖσθαι
1711 2872 1781 2926 τὰ
1803 2872 2025 2927 δικαιώ-

452 2982 598 3035 ματα
618 2964 786 3029 ἄξιος,
816 2963 1088 3035 ἐννόησον,
1110 2957 1166 3015 οἷ
1184 2961 1516 3033 προϐήσεται
1542 2961 1611 3015 τὰ
1633 2962 1733 3031 τῆς
1753 2961 2026 3025 κολάσεως

448 3055 617 3127 αὐτῷ,
664 3056 791 3110 ὅταν
839 3056 934 3108 καὶ
982 3053 1084 3121 τῆς
1129 3053 1282 3124 ἱερᾶς
1315 3053 1553 3123 ἀπτηται
1582 3052 1882 3122 τραπέζης,
1924 3053 2026 3107 οὐκ

448 3143 597 3215 αὐτῷ
623 3143 679 3197 δὲ
704 3144 883 3215 μόνον,
921 3141 1059 3197 ἀλλὰ
1085 3144 1179 3196 καὶ
1199 3140 1274 3212 τῷ
1307 3141 1672 3206 συσκιάζοντι.
1708 3142 1782 3195 Ub
1808 3141 1918 3215 7&9
1948 3137 2027 3195 εἷ-

450 3252 544 3298 πε,
583 3235 693 3288 Καὶ
715 3235 1017 3305 ἐμοίχευες,
1049 3232 1204 3298 ἀλλὰ,
1232 3231 1393 3286 Μετὰ
1416 3230 1645 3301 μοιχῶν
1669 3231 1784 3300 τὴν
1814 3232 2027 3301 μερίδα

451 3325 605 3398 ἵῖὖἹ]
633 3339 750 3380 σου
778 3327 1008 3392 ἐτίθεις.
1051 3324 1246 3385 Βαϐαῖ,
1278 3322 1464 3393 ἡλίκον
1484 3325 1602 3376 ἐστὶ
1627 3324 1796 3378 κακὸν
1832 3326 1897 3378 ἐκ
1928 3325 2024 3379 τοῦ

453 3416 820 3490 περιστέλλειν
844 3416 954 3469 τῶν
984 3414 1157 3470 ἄλλων
1190 3414 1287 3477 τὰς
1322 3413 1637 3484 σηπεδόνας,
1668 3415 1803 3468 ὅπου
1840 3431 1903 3483 γε
1934 3417 2028 3469 καὶ

452 3508 705 3563 κοινωνὸν
735 3507 895 3561 αὐτόν
924 3523 1087 3576 φησιν
1110 3503 1247 3559 εἶναι
1266 3505 1361 3574 τῆς
1383 3505 1475 3557 ἐπὶ
1492 3504 1571 3575 τῷ
1596 3504 1702 3576 πλη
1711 3505 1886 3576 μμελή
1896 3524 2025 3576 ματι

450 3598 738 3669 τιμωρίας,
769 3596 861 3649 καὶ
881 3596 980 3648 οὐκ
1006 3594 1222 3647 ἔλαττον
1248 3593 1279 3663 ἢ
1310 3595 1532 3657 ἐκεῖνος.
1574 3593 1635 3648 '0
1665 3595 1761 3664 μὲν
1783 3594 1892 3665 7&9
1914 3595 2026 3666 ἔχει

452 3686 513 3739 τὸ
545 3685 716 3749 πάθος
757 3686 953 3749 εἰπεῖν,
1004 3684 1053 3735 εί
1094 3682 1191 3735 καὶ
1231 3681 1618 3750 ἀσύγγνωστος
1661 3685 1694 3753 ή
1732 3685 2023 3754 πρόφασις,

454 3772 594 3826 καθά
620 3773 648 3824 ὁ
679 3771 913 3843 κλέπτης
954 3770 1044 3822 τὸν
1074 3769 1251 3839 λιμὸν’
1291 3771 1354 3821 σὺ
1400 3770 1457 3821 δὲ
1499 3770 1822 3823 οὐδὲτοῦτο.
1870 3773 2027 3835 Τίνος

451 3856 544 3913 οὖν
575 3860 782 3923 ἐνεκεν,
807 3859 905 3929 τῆς
929 3853 1122 3929 ἡδονῆς
1150 3857 1249 3909 οὐκ
1276 3855 1582 3921 ἀπολαύων,
1622 3856 1723 3927 τῆς
1753 3857 2026 3923 κολάσεως

452 3955 724 4016 κοινωνεῖς
776 3952 871 4005 καὶ
928 3950 1190 4021 μεριστὴς
1230 3948 1384 4019 γίνῃ;
1436 3946 1535 4000 Διὰ
1568 3947 1632 4019 δὴ
1659 3947 1817 4001 τοῦτο
1845 3951 1937 4002 καί⁸
1976 3951 2026 4002 οἱ

453 4040 650 4104 ἔξωθεν
684 4039 933 4093 δικασταὶ
962 4039 1082 4107 ούχὶ
1103 4039 1229 4101 τοὺς
1256 4036 1636 4107 τολμήσαντας
1676 4038 1856 4107 μόνον,
1889 4040 2028 4093 ἀλλά

454 4136 548 4188 καὶ
584 4132 692 4185 τῶν
720 4130 947 4185 οἰκετῶν
985 4131 1050 4185 ἂν
1088 4130 1238 4183 ἴδωσι
1272 4131 1579 4193 συνειδότας
1617 4131 1696 4203 τῷ
1741 4135 2025 4205 πράγματι

455 4224 759 4289 κολάζουσι,
782 4224 876 4277 καὶ
906 4223 954 4276 οἱ
983 4222 1365 4294 παραδιδόντες
1391 4222 1647 4276 δεσπόται
1675 4222 1844 4293 ἡδέως
1871 4224 1937 4277 ἂν
1966 4224 2026 4278 τὸ

454 4310 593 4386 αἷμα
620 4315 797 4369 αὐτῶν
825 4313 1087 4375 ἐκπίοιεν,
1112 4313 1335 4368 καὶτῶν
1368 4313 1584 4382 σαρκῶν
1608 4313 2022 4382 ἀπογεύσαιντο,

457 4406 552 4458 καὶ
582 4406 761 4470 αὐτοῖς
791 4403 1091 4472 λογίζονται
1124 4404 1222 4474 τὴν
1257 4404 1505 4469 ἐξουσίαν
1530 4403 1621 4457 τοῦ
1657 4405 2023 4475 γεγενημένου

456 4496 556 4549 οὐκ
585 4495 824 4558 ἔλαττον,
857 4496 891 4566 ἢ
926 4497 991 4566 τῇ
1023 4494 1390 4568 μοιχευθείσῃ.
1423 4496 1487 4548 Οἱ
1522 4494 1631 4567 γὰρ
1674 4496 1744 4549 τὰ
1771 4514 2023 4567 παραπεο

455 4586 706 4657 τάσματσ.
750 4587 825 4657 ph
858 4586 1292 4651 ἀναστείλαντες,
1338 4587 1491 4639 αὐτοὶ
1539 4586 1760 4641 πλείονα
1801 4587 1900 4651 τὴν
1934 4589 2024 4655 ἐξ·

456 4679 640 4731 ουσίαν
671 4680 783 4741 τοῖς
822 4677 1217 4747 κρυπτομένοις
1260 4675 1574 4730 δεδώκασιν·
1615 4672 1758 4731 οὗτοι
1797 4680 1892 4733 καὶ
1925 4678 2024 4751 τὴν

458 4768 835 4843 μοιχευθεῖσαν
878 4767 974 4823 καὶ
1013 4768 1105 4821 τὸν
1125 4768 1452 4840 ἠδικημένον
1480 4767 1708 4841 ὕϐρισαν
1734 4769 1901 4840 ἄνδρα
1929 4771 2025 4825 καί⁵

454 4862 615 4916 αὐτὸν
640 4861 731 4914 τὸν
764 4859 1145 4931 μοιχεύσαντα.
1180 4860 1243 4914 El
1283 4860 1391 4930 7&9
1433 4861 1928 4931 προκατήγγειλαν,
1974 4865 2024 4917 εί

452 4956 562 5026 7&9
583 4956 741 5028 δῆλον
768 4956 1051 5026 ἐποίησαν,
1085 4957 1264 5011 πᾶσαν
1299 4956 1364 5009 ἂν
1392 4955 1492 5028 τήν
1530 4958 1705 5029 ἄγραν
1734 4958 2022 5030 ἐσόϐησαν.

452 5049 564 5102 Καὶ
603 5048 854 5119 καθάπερ
887 5050 1082 5102 ἐκεῖνοι
1125 5048 1359 5118 μάλιστά
1395 5051 1534 5102 εἰσιν
1580 5051 1629 5101 οἱ
1666 5049 2023 5118 ἐμϐάλλοντες

452 5143 533 5205 είς
568 5140 665 5205 τὰς
707 5140 909 5208 πάγας,
960 5141 1009 5193 οἱ
1055 5140 1153 5202 τὰς
1195 5139 1377 5208 πάγας
1433 5139 1888 5211 περιστέλλοντες,
1929 5140 2024 5194 καὶ

454 5231 723 5303 περικαθή
733 5248 881 5301 μενοι
904 5233 1014 5295 τοῖς
1035 5231 1318 5303 μέλλουσιν
1338 5230 1677 5295 ἁλίσκεσθαι,
1709 5231 1801 5284 καὶ
1823 5231 2022 5285 πάντοο

453 5323 544 5376 θεν
574 5323 787 5378 ἅπαντα
816 5323 1144 5393 κρύπτοντες
1172 5323 1341 5384 δόλον,
1368 5322 1462 5376 καὶ
1500 5323 1636 5393 μήτε
1665 5321 1856 5391 ψόφον,
1885 5323 2022 5394 μήτε

452 5414 580 5469 ἄλλο
614 5431 667 5469 τι
697 5415 1101 5486 συγχωροῦντες
1139 5413 1393 5483 γενέσθαι
1425 5413 1484 5466 τὸ
1524 5414 1820 5483 δυνάμενον
1863 5415 2025 5485 σοϐἧ-

515 5591 543 5621 ⁸
572 5589 656 5639 Sic
675 5602 789 5638 mss.
813 5595 866 5637 et
888 5588 1060 5652 Savil.,
1078 5592 1229 5652 recte.
1260 5586 1430 5652 Morel.
1459 5587 1652 5652 cylleg.
1676 5590 1941 5652 ὑπεξέλοῃς.

516 5652 545 5691 b
566 5653 724 5719 pereat
760 5651 1043 5719 παρασλιηῇη
1075 5651 1219 5719 Ηυξ,
1250 5648 1378 5719 ,μθ-ις.
1405 5654 1459 5697 et
1491 5648 1656 5699 Monil‘.
1691 5651 1817 5700 Illud
1855 5648 2021 5702 a'utem

455 5711 735 5775 suppletum
760 5711 841 5759 esl‘
857 5725 885 5759 ε
907 5712 1040 5761 Colh.
1077 5720 1131 5758 et
1152 5711 1300 5760 Savil.
1327 5711 1461 5758 Ευιτ.

519 5777 545 5805 α
576 5773 710 5840 υηυε
752 5772 871 5840 I193.
892 5772 977 5829 τὴν
1012 5771 1623 5840 tqﬁtwv_81&vophv._{nfra
1647 5773 1693 5820 οἶ
1730 5774 2019 5839 προϐήσεται

458 5848 572 5883 mss.
593 5839 646 5883 el
667 5831 847 5894 Savil.;
870 5839 1023 5883 recte.
1055 5832 1225 5882 Morel.
1254 5831 1681 5896 οίονπροϐἠσεται.

1119 404 1177 460 S.
1215 401 1501 462 JOANNIS
1537 399 2031 460 CHRYSOSTOMI
2068 401 2390 459 ARCIIIEP.
2428 403 2975 462 CONSTAKTINOP.

3588 403 3696 461 ΞΜ

2130 531 2219 569 σαι
2248 516 2346 587 τὴν
2368 516 2560 588 θήρανο
2582 516 2722 571 οὕτω
2743 517 2804 590 δὴ
2830 518 2925 572 καὶ
2953 515 3205 576 ἐνταῦθα.
3227 515 3293 571 ἂν
3321 513 3694 587 παρακαθίσῃς

2125 606 2192 676 τῇ
2216 603 2444 676 κειμένῃ
2474 605 2623 676 παρά
2648 606 2742 658 τοῦ
2769 606 3013 659 διαϐόλου
3045 604 3251 673 παγίδι.
3282 605 3375 658 καὶ
3398 601 3551 667 εἰδὼς
3578 601 3696 672 μίλ-

2126 689 2284 745 λοντα
2334 692 2627 761 ἐμπίπτειν
2674 693 2763 746 τὸν
2818 692 3002 763 μοιχὸν
3057 692 3131 762 μὴ
3183 690 3505 762 θορυϐήσῃς,
3560 688 3694 760 μηδὲ

2127 780 2390 851 πτοήσῃς,
2413 779 2534 832 τότε
2575 779 2809 851 μάλιστα
2834 779 2995 833 αὐτὸν
3020 778 3258 840 ἀπολεῖς.

2195 866 2288 937 Μή
2313 864 2421 933 γάρ
2459 882 2550 936 μοι
2584 867 2761 919 ἐκεῖνο
2788 866 2851 919 τὸ
2888 866 3039 935 ῥῆμα
3068 864 3194 933 λέγε
3217 863 3276 916 τδ
3309 861 3510 933 πολλῆς
3529 861 3697 933 γέμον

2125 953 2478 1023 ἀναλγησίας
2509 952 2574 1006 Τί
2609 953 2666 1008 δέ
2706 971 2795 1024 μοι
2828 953 3015 1024 μέλει;
3053 952 3120 1005 τά
3161 950 3394 1022 ἐμαυτοῦ
3427 950 3694 1021 μεριμνῶο

2124 1040 2247 1094 τότε
2285 1039 2393 1110 7&9
2431 1040 2664 1112 μάλιστα
2717 1042 3073 1111 μεριμνήσεις
3116 1038 3187 1093 τά
3235 1037 3323 1095 σὰ.
3363 1038 3488 1091 ὅταν
3526 1038 3594 1091 τά
3630 1036 3700 1091 σά

2126 1124 2294 1199 ζητῇς
2325 1130 2383 1182 ἐν
2414 1127 2493 1197 τῷ
2517 1126 2614 1180 τοῦ
2644 1126 2869 1198 πλησίον
2899 1125 3245 1197 συμφέροντι.
3270 1124 3362 1177 Διὸ
3384 1124 3478 1177 καὶ
3502 1125 3531 1177 6
3562 1124 3702 1178 Παῦ-

2124 1214 2215 1280 λος
2244 1215 2415 1285 ἔλεγε·
2446 1215 2669 1284 Μηδεὶς
2701 1215 2766 1269 τὸ
2787 1214 3005 1269 ἑαυτοῦ
3032 1213 3285 1281 ζητείτω,
3315 1214 3477 1269 ἀλλὰ
3502 1215 3567 1267 τό
3592 1206 3699 1269 τοῦ

2125 1307 2351 1377 ἐτέρου.
2388 1308 2523 1373 Ἰνα,
2561 1309 2744 1378 φησὶν,
2778 1306 2944 1379 εὕρῃς
2974 1307 3035 1360 τὸ
3061 1306 3280 1371 σαυτοῦ,
3313 1303 3463 1377 ζήτει
3501 1306 3563 1359 τὸ
3605 1304 3699 1360 τοῦ

2126 1395 2335 1467 ἐτέρου.
2374 1396 2444 1451 Τὸ
2480 1397 2673 1465 στόμα
2703 1410 2819 1450 σου
2862 1394 3196 1449 ἐπλεόνασε
3243 1396 3479 1456 κακίαν,
3528 1394 3628 1448 καί
3658 1399 3698 1461 η

2125 1482 2377 1552 γλῶσσά
2406 1498 2522 1537 σου
2557 1483 2905 1551 περιέπλεκε
2950 1481 3317 1549 δολιότητας.
3358 1481 3701 1550 Καθήμενος

2126 1575 2275 1629 κατὰ
2298 1575 2404 1629 τοῦ
2426 1575 2693 1645 ἀδελφοῦ
2729 1590 2846 1628 σου
2877 1573 3247 1638 κατελάλεις,
3283 1572 3380 1626 καί
3409 1572 3558 1625 κατὰ
3592 1569 3700 1624 τοῦ

2126 1664 2261 1719 υἱοῦ
2293 1664 2403 1733 τῆς
2418 1666 2642 1735 μητρός
2670 1680 2787 1717 σου
2809 1664 3019 1728 ἐτίθεις
3056 1662 3421 1715 σκάνδαλον.
3454 1661 3569 1714 Ἵνα
3591 1660 3699 1733 γάρ

2132 1756 2207 1828 ph
2243 1756 2376 1828 λέγῃ
2402 1773 2417 1789 ο
2459 1757 2590 1810 ’Δπὸ
2616 1754 3026 1827 φιλανθρωπίας
3071 1751 3241 1807 ταῦτα
3269 1751 3407 1805 ποιῶ
3426 1765 3440 1780 ’
3472 1752 3698 1823 μάλιστα

2131 1850 2252 1918 μὲν,
2290 1850 2417 1903 ποία
2457 1848 2524 1903 ἂν
2555 1848 2641 1920 εῐη
2680 1849 2836 1903 τοῦτο
2866 1845 3276 1917 φιλανθρωπία,
3304 1845 3396 1899 τὸν
3443 1844 3697 1915 μέλλοντα

2128 1941 2208 2004 είς
2236 1940 2508 2012 βάραθρον
2545 1940 2840 2010 ἐμπίπτειν
2879 1938 2953 2008 μὴ
2989 1936 3238 2000 κωλύειν,
3278 1935 3411 2007 μηδὲ
3439 1934 3703 1988 ἀναστέ)·-

2126 2027 2271 2093 λειν;
2302 2028 2364 2082 τὸ
2395 2027 2714 2100 χαρίζεσθαι
2736 2026 2895 2097 ἡδονῇ
2924 2026 3127 2094 ἁδίκῳ;
3158 2024 3218 2077 τὸ
3259 2024 3512 2094 περιορᾷν
3538 2020 3702 2093 δηληο

2127 2117 2315 2186 τήριον
2348 2116 2639 2186 φάρμακον
2668 2113 2889 2166 πίνοντα
2914 2129 2929 2179 ;
2957 2110 3101 2181 Πλὴν
3127 2110 3241 2162 ἀλλ’
3273 2107 3395 2162 οὐδὲ
3420 2107 3577 2161 τοῦτο
3612 2105 3703 2158 δυ-

2128 2207 2270 2279 νήσῃ
2297 2204 2493 2274 λέγειν.
2528 2206 2652 2258 ὐτι
2688 2204 2799 2277 7&9
2828 2203 2890 2258 οὐ
2931 2203 3337 2277 φιλανθρωπίας
3371 2202 3550 2262 τοῦτο.
3587 2200 3700 2255 ἀλλ’

2131 2293 2300 2347 ὕπνου
2335 2292 2430 2346 καὶ
2455 2292 2681 2356 νωθείας
2707 2293 2800 2346 καὶ
2828 2291 3122 2363 ῥᾳθυμίας,
3153 2291 3268 2355 πῶς
3291 2291 3383 2344 τὸν
3415 2288 3702 2344 ἀδικοῦντα

2129 2382 2288 2451 ἀφεὶς
2327 2381 2419 2434 τὸν
2457 2380 2609 2434 οὐδὲν
2651 2380 2948 2452 ἠδικηκότα
2994 2378 3223 2449 ἀδελφὸν
3261 2377 3446 2441 κακῶς
3483 2377 3700 2444 λέγεις;

2130 2471 2250 2534 πῶς
2278 2470 2641 2534 ἐπιϐουλεύεις
2663 2469 2741 2540 τῷ
2772 2468 2936 2541 μηδὲν
2959 2467 3261 2538 ἠδικηκότι,
3293 2467 3429 2539 μηδὲ
3456 2465 3704 2536 πεπλημ-

2133 2560 2420 2632 μεληκότι;
2448 2560 2589 2632 Ὅρα
2614 2559 2815 2614 κακίαν
2856 2559 3195 2630 ἑκατέρωθεν
3218 2559 3299 2622 είς
3332 2558 3501 2627 ἄκρον
3527 2557 3701 2609 ἐκτει-

2131 2650 2380 2720 νομένην.
2417 2647 2520 2701 Τὸν
2567 2647 2664 2718 μὲν
2699 2645 2806 2699 ὑπὸ
2845 2645 2944 2715 τῆς
2989 2643 3283 2715 ἐπιθυμίας
3331 2641 3595 2714 μεθύοντα
3638 2641 3701 2693 ού

2131 2735 2361 2799 κωλύεις
2383 2734 2620 2806 μεθύειν,
2656 2734 2798 2788 ὥστε
2819 2732 3186 2804 σωφρονῆσαι,
3208 2730 3297 2784 τὸν
3328 2728 3384 2782 δὲ
3419 2728 3568 2782 οὐδὲν
3589 2727 3702 2797 ἠδι-

2132 2826 2337 2897 κηκότα
2374 2824 2639 2889 κολάζεις.
2681 2822 3025 2892 Καθήμενος
3063 2819 3172 2891 7&9
3211 2819 3363 2874 κατὰ
3393 2817 3498 2872 τοῦ
3526 2816 3702 2871 ἀδελ-

2130 2917 2248 2987 φοῦ
2274 2931 2392 2971 σου
2422 2915 2793 2983 κατελάλεις,
2826 2914 2924 2969 καὶ
2957 2914 3107 2967 κατὰ
3145 2910 3252 2968 τοῦ
3276 2910 3408 2967 υίοῦ
3446 2907 3554 2978 τῆς
3587 2924 3700 2979 μη-

2130 3007 2268 3074 τρός
2297 3020 2415 3059 σου
2439 3004 2651 3069 ἐτίθεις
2675 3001 3049 3056 σκάνδαλον.

2202 3095 2264 3149 θ’.
2291 3093 2441 3167 1258]
2472 3095 2611 3167 Ὅρα
2642 3094 2758 3157 πῶς
2786 3096 2852 3163 τῇ
2892 3091 3222 3163 ἐπεξηγήσει
3244 3089 3342 3162 τὴν
3366 3085 3696 3159 κατηγορίαν

2132 3184 2304 3249 αὔξει.
2334 3183 2437 3236 Τὸν
2461 3184 2560 3247 τὰς
2583 3182 2751 3246 αὑτὰς
2773 3181 3011 3236 λύσαντά
3033 3198 3134 3242 σοι,
3160 3181 3342 3250 φησὶν,
3363 3176 3574 3241 ὠδῖνας,
3603 3175 3696 3229 τὸν

2131 3272 2228 3342 τῆς
2256 3270 2426 3341 αὐτῆς
2455 3286 2537 3323 σοι
2568 3269 2998 3340 κεκοινωνηκότα
3025 3267 3238 3337 νηδύος,
3274 3264 3365 3318 τὸν
3400 3265 3572 3327 οἰκίας
3601 3262 3695 3316 καὶ

2131 3361 2405 3432 τραπέζης
2430 3361 2524 3414 καὶ
2545 3361 2750 3433 τροφῆς
2781 3359 3114 3431 μετασχόντα
3142 3359 3240 3429 τῆς
3266 3358 3452 3427 αὐτῆς,
3474 3357 3563 3409 τὸν
3590 3353 3699 3409 ἀπὸ

2135 3452 2263 3522 μιᾶς
2299 3450 2671 3522 βλαστήσαντα
2715 3451 2892 3521 ῥίζης,
2920 3450 3011 3504 τὸν
3044 3451 3141 3520 τὴν
3180 3449 3349 3521 αὐτὴν
3375 3448 3565 3519 ἔχοντα
3599 3445 3699 3516 τῆς

2131 3542 2396 3612 γενέσεως
2417 3542 2613 3613 ἀρχὴν,
2638 3542 2731 3595 τὸν
2753 3544 2818 3596 ἐκ
2841 3542 3062 3615 πρώτης
3086 3542 3298 3613 ήλικίας
3327 3539 3699 3594 συναναϐάντα

2133 3652 2238 3698 σοι,
2266 3634 2452 3688 τοῦτον
2476 3633 2662 3697 κακῶς
2697 3634 2894 3703 λέγεις,
2928 3636 3022 3688 καὶ
3056 3634 3117 3687 ού
3165 3632 3345 3696 κακῶς
3382 3632 3559 3701 λέγεις
3598 3630 3696 3701 μό-

2131 3744 2241 3789 νον,
2262 3725 2399 3780 ἀλλὰ
2416 3726 2508 3779 καί¹
2530 3727 2609 3789 είς
2636 3725 2795 3794 ἔργον
2817 3726 2917 3797 τὴν
2943 3725 3233 3795 ἐπιϐουλὴν
3257 3724 3500 3793 ἐξάγεις;
3531 3722 3698 3776 Τοῦτο

2130 3817 2240 3889 γάρ
2266 3819 2433 3880 ἐστιν,
2469 3819 2713 3883 Ἐτίθεις
2755 3818 3123 3872 σκάνδαλον.
3159 3818 3223 3871 Εί
3245 3816 3303 3870 δὲ
3333 3817 3425 3870 τὸν
3458 3814 3696 3886 φυσικῶν

2130 3912 2530 3982 κοινωνήσαντα
2571 3910 2778 3964 ὠδίνων
2826 3910 2887 3962 ού
2940 3910 3022 3963 δεῖ
3060 3910 3238 3977 λέγειν
3282 3910 3485 3972 κακῶς,
3521 3906 3696 3978 πολλῷ

2134 4003 2332 4074 μᾶλλον
2354 4002 2444 4056 τὸν
2469 4001 2872 4072 πνευματικῶν.
2897 4002 2987 4072 Μὴ
3009 4003 3181 4055 τοίνυν
3208 4003 3345 4072 μήτε
3366 4001 3458 4055 τὸν
3483 4000 3697 4071 μέλλον-

2130 4113 2198 4149 τα
2227 4096 2491 4166 ἁμαρτεῖν
2533 4094 2597 4147 ἔα
2634 4094 3016 4157 καταπίπτειν,
3044 4096 3179 4164 μήτε
3211 4093 3301 4147 τὸν
3329 4093 3480 4146 οὐδὲν
3503 4093 3695 4163 ἠδικη-

2132 4187 2263 4241 κότα
2305 4185 2553 4240 διάϐαλλε
2587 4186 2683 4240 καί
2722 4185 2968 4256 λοιδόρει.
2998 4184 3072 4238 Τὸ
3101 4185 3200 4255 μὲν
3242 4185 3350 4256 γάρ
3383 4183 3596 4255 φθόνου,
3634 4185 3697 4236 τὸ

2104 4280 2186 4347 ςδέ
2214 4278 2565 4351 ἀναλγησίας·
2596 4277 2656 4330 τὸ
2675 4277 2784 4349 γὰρ
2813 4278 2887 4348 μὴ
2920 4276 3285 4348 ἀναχαιτίζειν
3317 4277 3407 4331 τὸν
3438 4276 3696 4347 μέλλοντα

2131 4369 2371 4435 πίπτειν,
2397 4368 2726 4439 ἀναλγησίας
2743 4383 2758 4399 °
2788 4368 2979 4438 φθόνου
3001 4367 3077 4430 δὲ,
3099 4368 3160 4421 τὸ
3182 4368 3273 4422 τὸν
3304 4369 3512 4423 ἑστῶτα
3531 4385 3698 4422 κατα-

2132 4462 2368 4516 ϐάλλειν.
2398 4462 2505 4515 Καὶ
2530 4462 2631 4533 δρα
2656 4462 2773 4526 πῶς
2804 4462 2900 4531 οὺχ
2936 4460 3120 4524 ἁπλῶς
3150 4462 3241 4516 τὸν
3284 4463 3585 4535 κατήγορον
3612 4463 3697 4516 αί-

2129 4555 2382 4618 νίττεται,
2409 4551 2547 4605 ἀλλὰ
2577 4554 2669 4606 τὸν
2703 4551 2840 4622 μετὰ
2871 4552 3023 4606 δόλου
3059 4552 3153 4607 καὶ
3189 4553 3423 4624 σπουδῆς
3449 4553 3509 4607 τὸ
3536 4553 3696 4624 ἔργον

2129 4638 2286 4694 τοῦτο
2311 4640 2650 4712 ποιούμενον.
2682 4640 3026 4711 Καθήμενος
3063 4642 3190 4713 γὰρ,
3223 4642 3378 4713 φησὶ,
3413 4646 3563 4697 κατὰ
3588 4642 3696 4697 τοῦ

2128 4730 2392 4801 ἀδελφοῦ
2415 4746 2532 4785 σου
2560 4730 2929 4797 κατελιιὶεις.
2955 4733 3064 4785 Καὶ
3089 4735 3117 4785 6
3147 4732 3248 4803 μὲν
3272 4734 3411 4786 Κάῐν
3436 4733 3526 4786 τὸν
3552 4732 3697 4787 ἀδελ-

2130 4823 2229 4893 φὸν
2253 4821 2473 4886 ἀνελὼν,
2504 4822 2599 4875 ἕνα
2631 4821 2789 4893 μόνον
2811 4822 2908 4893 τῆς
2938 4822 3214 4895 παρούσης
3238 4823 3383 4894 ζωῆς
3412 4823 3692 4895 ἐξήλασεν·

2128 4908 2272 4968 οὗτοι
2303 4913 2360 4967 δὲ
2396 4900 2639 4984 μυρίους,
2664 4913 2731 4966 δι’
2764 4911 2838 4967 ῶν
2865 4914 3050 4978 κακῶς
3074 4914 3313 4984 λέγουσι,
3334 4916 3694 4970 καταϐάλλου-

2130 5021 2205 5069 σι,
2237 5005 2333 5058 καὶ
2361 5005 2586 5068 ἑαυτοὺς
2613 5002 2882 5076 πρώτους.
2909 5007 2982 5058 Οὐ
3015 5006 3122 5076 γάρ
3165 5006 3256 5060 τὸν
3292 5008 3696 5080 κατηγορούμε-

2128 5113 2218 5150 νον
2252 5097 2430 5166 μόνον,
2477 5094 2613 5148 ἀλλὰ
2644 5095 2737 5148 καὶ
2783 5096 3002 5166 ἑτέρους
3043 5094 3357 5166 βλάπτουσι·
3392 5098 3591 5168 μᾶλλον
3636 5098 3694 5150 δὲ

2130 5188 2367 5251 ἐκείνους
2404 5188 2564 5259 μόνον
2588 5187 2714 5250 τοὺς
2737 5187 3231 5258 παραδεχομένους.
3280 5189 3338 5243 '0
3369 5189 3479 5262 7&9
3512 5189 3696 5254 κακῶς

2127 5279 2339 5332 ἀκούων
2359 5278 2588 5350 ψευδῶς,
2611 5281 2671 5333 οὐ
2699 5282 2857 5351 μόνον
2883 5280 2984 5334 οὐκ
3007 5280 3280 5352 ἠδίκηται,
3310 5281 3447 5334 ἀλλά
3475 5281 3570 5334 καὶ
3600 5299 3693 5351 μι-

2129 5371 2254 5424 σθὸν
2298 5370 2412 5442 ἔχει
2441 5372 2719 5441 μέγιστον.
2752 5372 2829 5426 Οῦ
2861 5373 2971 5443 γὰρ
3006 5373 3035 5424 6
3073 5371 3316 5442 πάσχων,
3351 5372 3464 5425 ἀλλ’
3489 5375 3518 5425 6
3553 5372 3697 5443 δρῶν

2129 5462 2334 5527 κακῶς,
2364 5456 2520 5526 οὗτός
2548 5465 2695 5517 ἐστιν
2720 5466 2749 5518 6
2772 5465 2867 5535 τῆς
2887 5464 3152 5535 τιμωρίας
3178 5463 3345 5530 ἄξιος
3371 5464 3513 5518 οὕτω
3547 5466 3638 5517 καὶ
3665 5464 3696 5515 ό

2127 5554 2320 5624 λέγων,
2351 5556 2470 5626 οὐχὶ
2498 5557 2527 5608 6
2552 5554 2785 5620 ἀκούων,
2823 5557 2981 5627 μόνον
3024 5556 3091 5611 ἂν
3124 5557 3198 5627 μὴ
3228 5555 3486 5629 παράσχῃ
3525 5555 3694 5619 λαϐἀς

2126 5648 2227 5718 τῆς
2272 5646 2609 5720 κακηγορίας
2659 5648 2914 5716 εὐλόγους
2950 5650 3175 5712 ἐκεῖνος.
3203 5648 3295 5718 Mh
3326 5648 3390 5718 6h
3422 5644 3513 5701 οὖν
3538 5646 3694 5702 τοῦτο

2134 5738 2536 5808 σπουδάζωμεν,
2576 5737 2716 5791 ὥστε
2750 5738 2826 5809 ph
2876 5737 3062 5801 κακῶς
3105 5737 3326 5791 ἀκούειν
3359 5735 3536 5808 (τοῦτο
3583 5736 3693 5806 γὰρ

2130 5830 2431 5901 ἀμήχανον·
2459 5829 2552 5885 καὶ
2577 5829 2847 5900 ἀπόφασίς
2889 5832 3005 5886 ἐστι
3045 5828 3141 5884 τοῦ
3165 5826 3402 5899 Χριστοῦ
3438 5826 3696 5896 λέγουσα,
