4108 6344
380 434 485 492 255

381 560 716 624 violatarum,
738 554 832 612 sed
861 569 922 612 es
948 554 1104 610 etiam
1129 557 1467 625 peccatorum
1493 548 1704 604 socius?
1730 553 1782 600 et
1807 559 1954 615 qure-

380 666 502 705 nam
529 648 621 704 tibi
647 648 814 718 possit
837 646 950 701 dari
971 643 1167 700 venia?
1191 641 1455 712 Numquid
1481 641 1623 696 enim
1651 639 1792 693 Deus
1821 651 1956 707 opus

377 743 539 796 habet
583 740 778 806 ultore,
815 736 1073 808 numquid
1101 737 1164 790 iis
1207 734 1296 804 qui
1339 747 1493 815 opem
1543 731 1719 786 ferant
1759 729 1958 798 indiget

376 834 527 905 (Isai.
566 832 656 888 40.
690 832 811 900 l5)?
847 829 940 884 sed
975 829 1087 884 vult
1113 837 1163 882 te
1200 826 1356 897 hujus
1382 825 1458 880 rei
1490 838 1606 878 esse
1633 820 1953 882 ministrum,

377 944 446 983 ne
475 928 527 981 in
557 926 742 981 eadem
774 922 996 987 incidas,
1027 921 1152 976 dum
1171 919 1255 973 alii
1282 931 1560 973 succenses
1587 915 1804 971 effectus
1823 923 1956 966 tem-

374 1016 669 1088 perantior,
703 1023 758 1067 ut
782 1028 848 1072 ex
876 1027 943 1068 eo
970 1020 1113 1066 tuam
1143 1011 1194 1064 in
1220 1011 1386 1064 Deum
1408 1009 1657 1078 pietatem
1685 1003 1952 1058 ostendas.

373 1105 598 1176 Quando
638 1105 810 1168 enim,
852 1118 973 1158 cum
1016 1103 1150 1156 alius
1201 1101 1460 1170 peccarit,
1498 1096 1949 1166 prietercurreris,

374 1211 549 1266 neque
587 1192 1015 1264 reprehenderis,
1065 1207 1238 1261 neque
1280 1204 1421 1260 mgre
1459 1188 1674 1253 tuleris,
1719 1186 1952 1240 animum

375 1297 521 1343 tuum
553 1287 986 1357 negligeiitiorem
1021 1295 1075 1340 et
1116 1283 1182 1338 ad
1208 1299 1390 1338 casum
1420 1281 1720 1352 proniorem
1760 1278 1950 1345 efﬁcis,

372 1390 430 1436 et
458 1380 687 1435 maxime
731 1393 982 1448 procuras
1011 1386 1067 1430 ιιι
1088 1378 1138 1431 in
1160 1376 1346 1431 eadem
1375 1391 1514 1444 saepe
1543 1373 1738 1428 incidat
1763 1390 1774 1424 :
1805 1371 1950 1424 illiilli

371 1483 548 1526 autem
580 1473 878 1541 importuna
911 1469 1008 1522 hac
1039 1478 1123 1522 tua
1149 1469 1317 1538 gratia
1355 1483 1458 1522 non
1488 1467 1676 1521 leviter
1701 1463 1945 1527 offendis,

373 1562 612 1617 efficiens
639 1562 766 1615 utin
807 1561 987 1615 futuro
1011 1561 1077 1614 sit
1109 1560 1318 1630 gravior
1341 1559 1391 1614 ei
1418 1557 1685 1612 reddenda
1716 1558 1870 1622 ratio,
1898 1563 1950 1610 et

373 1654 438 1708 ad
463 1654 736 1723 praesentia
758 1667 878 1707 eum
903 1651 1128 1706 reddens
1144 1651 1461 1720 segniorem.
1505 1649 1629 1703 llzec
1646 1657 1947 1702 autemnon

373 1747 546 1801 solum
570 1745 637 1799 de
665 1744 865 1798 furibus
895 1743 1035 1797 dicta
1061 1753 1204 1808 sunt,
1235 1742 1326 1796 sed
1357 1742 1515 1796 etiam
1543 1741 1609 1796 de
1635 1741 1819 1810 quovis
1845 1741 1950 1792 alio

373 1847 590 1908 peccato
629 1837 809 1906 :qiiod
855 1845 937 1891 est
963 1845 1138 1889 autem
1176 1835 1414 1888 ultimum
1452 1843 1810 1904 peccatorum,
1843 1832 1950 1901 pri-

372 1944 516 1983 mum
548 1929 742 1998 posuit,
783 1936 842 1982 ut
884 1927 1020 1981 scias
1062 1941 1182 1981 eum
1214 1925 1300 1994 qui
1341 1934 1556 1993 propter
1595 1923 1696 1978 hoc
1741 1924 1948 1976 veniam

372 2037 478 2075 non
509 2021 826 2089 assequitur,
856 2019 1023 2073 multo
1053 2017 1220 2087 magis
1246 2017 1299 2070 in
1325 2015 1430 2070 alio
1458 2031 1562 2069 non
1591 2023 1950 2084 consequutu-

371 2129 512 2170 riim.
535 2114 672 2168 Audi
697 2128 825 2182 ergo
849 2111 1097 2182 quidnam
1126 2110 1374 2178 deinceps
1395 2109 1523 2162 dicit
1546 2126 1558 2162 :
1584 2106 1649 2161 Et
1671 2123 1783 2160 cum
1803 2107 1950 2158 adul-

373 2210 492 2263 teris
516 2204 789 2278 portionem
834 2215 972 2258 tuam
999 2203 1253 2272 ponebas;
1279 2202 1496 2256 veniens
1523 2200 1589 2254 ad
1622 2200 1670 2252 id
1701 2198 1840 2268 quod
1869 2207 1951 2252 est

371 2299 564 2369 majus.
594 2297 720 2352 Illud
757 2297 898 2350 enim
932 2296 1032 2350 hoc
1061 2295 1215 2364 longe
1242 2293 1416 2347 minus
1457 2301 1558 2347 est.
1607 2290 1829 2360 Quidam
1857 2305 1951 2341 aii-

373 2399 481 2446 tem
511 2388 624 2443 brae
663 2397 877 2458 peccata
910 2387 1048 2441 inter
1076 2400 1134 2440 se
1172 2385 1468 2444 conferetis,
1497 2382 1574 2436 sic
1615 2381 1747 2435 dixit
1776 2398 1788 2434 :
1826 2379 1950 2433 Non

371 2492 446 2537 est
485 2483 668 2536 mirum
695 2481 739 2534 si
775 2481 885 2551 quis
928 2481 1104 2547 furans
1146 2476 1483 2546 deprehensus
1521 2475 1710 2544 fuerit:
1751 2477 1950 2543 furatur

372 2575 504 2628 enim
521 2583 573 2626 ut
598 2589 744 2626 suam
758 2571 980 2624 animam
998 2569 1206 2638 impleat
1235 2568 1528 2621 esurientem
1555 2563 1734 2635 (Prov.
1758 2563 1811 2618 6.
1837 2563 1946 2633 30).

373 2663 430 2717 Si
456 2661 577 2716 huic
591 2677 717 2731 ergo
739 2661 935 2730 ignosci
959 2675 1060 2712 non
1092 2665 1282 2728 potest,
1306 2656 1472 2710 multo
1493 2655 1660 2724 magis
1680 2669 1780 2709 nec
1799 2653 1951 2707 adul-

373 2755 529 2809 terio.
559 2753 885 2808 Adulterium
912 2759 1087 2804 autem
1131 2749 1217 2803 hic
1246 2755 1402 2802 vocat
1443 2746 1864 2799 fornicationem.
1893 2743 1949 2798 Si

373 2844 570 2900 videris
595 2859 722 2914 ergo
747 2843 975 2912 aliquem
1010 2855 1192 2895 eorum
1226 2840 1314 2908 qui
1354 2847 1526 2892 tecum
1565 2847 1951 2905 congregantur

373 2937 744 3002 fornicantem,
772 2935 910 2991 etad
936 2941 1264 2988 sacramenta
1292 2929 1650 2995 accedentem,
1680 2927 1766 2983 die
1785 2927 1834 2983 ei
1860 2927 1950 2997 qui

374 3041 458 3090 est
485 3031 723 3085 minister
755 3026 1137 3083 distributionis
1170 3039 1356 3080 eorum
1390 3039 1405 3076 :
1450 3023 1546 3076 llic
1588 3031 1670 3076 est
1706 3020 1951 3090 indiguus

374 3123 741 3188 sacramentis,
764 3136 886 3175 arce
907 3118 1151 3189 profanas
1174 3131 1382 3171 manus.
1399 3114 1456 3170 Si
1475 3115 1615 3168 enim
1636 3129 1701 3168 ne
1721 3112 1950 3183 justitias

375 3215 588 3285 quidem
617 3227 864 3268 enarrare
889 3211 1078 3281 dignus
1105 3218 1208 3276 est,
1241 3207 1516 3262 considera
1555 3222 1660 3277 quo
1688 3207 1802 3275 ejus
1828 3221 1954 3275 pro-

374 3307 532 3362 cedet
560 3305 796 3375 punitio,
834 3301 1045 3372 quando
1084 3315 1288 3355 sacram
1314 3299 1472 3353 etiam
1511 3313 1747 3352 mensam
1791 3311 1950 3350 ausus

375 3397 534 3452 fuerit
572 3396 860 3464 attingere,
909 3407 1015 3446 non
1064 3390 1235 3444 solum
1279 3398 1453 3442 autem
1493 3388 1630 3457 ejus,
1669 3386 1762 3442 sed
1809 3386 1951 3440 illius

376 3490 536 3544 etiam
561 3488 653 3558 qui
678 3487 942 3541 connivet.
969 3482 1083 3538 Non
1106 3481 1239 3536 dixit
1260 3481 1424 3548 enim,
1454 3479 1522 3533 Et
1544 3478 1948 3544 adulterabaris,

376 3581 491 3647 sed,
524 3578 658 3634 Cum
694 3577 936 3631 adulteris
977 3575 1256 3646 portionem
1296 3581 1432 3625 tuam
1475 3569 1710 3641 ponebas.
1756 3569 1947 3638 Papae,

376 3680 630 3740 quantum
667 3669 863 3722 malum
903 3681 968 3721 ex
1002 3679 1066 3719 eo
1102 3663 1242 3732 quod
1280 3662 1520 3716 celentur
1544 3669 1598 3715 et
1639 3660 1952 3730 obtegantur

375 3765 603 3819 aliorum
641 3761 980 3832 putredines,
1029 3756 1242 3827 quando
1281 3754 1409 3808 dicit
1444 3768 1565 3808 eum
1601 3767 1720 3806 esse
1749 3752 1949 3805 socium

376 3852 621 3910 solvendi
660 3867 756 3922 pro
782 3858 1000 3921 peccato
1024 3846 1288 3916 supplicii,
1330 3860 1427 3899 nec
1451 3843 1550 3897 hoc
1580 3843 1671 3896 illo
1699 3857 1816 3897 esse
1848 3842 1950 3894 mi-

377 3947 517 4002 nus!
562 3945 652 3999 llle
680 3943 819 3998 enim
849 3948 1024 4011 potest
1063 3937 1349 3993 obtendere
1386 3936 1549 3988 animi
1594 3932 1950 4002 perturbatio-

377 4051 522 4101 nem,
553 4035 676 4089 licet
713 4034 782 4087 sit
817 4038 1104 4101 praetextas
1144 4029 1226 4082 cui
1250 4043 1352 4080 non
1398 4026 1514 4079 dari
1543 4025 1710 4092 possit
1747 4022 1897 4077 venia
1931 4037 1945 4074 :

377 4123 819 4196 quemadmodum
863 4128 920 4176 et
944 4119 1046 4180 fur,
1078 4117 1300 4180 famem;
1329 4125 1379 4169 tn
1415 4122 1588 4168 autem
1617 4129 1682 4167 ne
1710 4113 1809 4166 hoc
1834 4113 1950 4181 qui-

376 4217 520 4272 dem.
552 4216 788 4283 Quanam
827 4227 954 4283 ergo
992 4211 1059 4266 de
1096 4224 1274 4270 causa,
1315 4223 1433 4262 cum
1478 4222 1582 4261 non
1630 4205 1821 4260 fruaris
1861 4221 1953 4259 vo-

379 4309 599 4378 luptate,
630 4305 872 4382 supplicii
909 4305 1084 4358 socius
1114 4312 1166 4357 et
1197 4301 1456 4371 particeps
1494 4298 1707 4353 evadis?
1737 4299 1800 4352 Et
1831 4297 1952 4352 ideo

377 4400 582 4456 externi
608 4414 816 4469 quoque
839 4397 1043 4467 judices
1069 4411 1172 4449 non
1201 4409 1294 4449 eos
1321 4393 1489 4446 solum
1518 4391 1606 4460 qui
1634 4391 1806 4445 scelus
1835 4405 1954 4458 per-

378 4502 681 4564 petrarunt,
722 4491 815 4545 sed
854 4503 1037 4546 servos
1067 4490 1222 4543 etiam
1247 4529 1260 4549 ,
1291 4501 1425 4556 quos
1465 4485 1692 4540 viderint
1734 4484 1953 4539 sceleris

383 4585 544 4640 fuisse
568 4583 829 4648 conscios,
858 4577 1081 4652 puniunt
1117 4597 1130 4632 :
1163 4589 1218 4635 et
1249 4579 1446 4634 domini
1479 4579 1568 4648 qui
1598 4593 1691 4631 eos
1719 4577 1948 4643 tradunt,

381 4678 623 4732 lubenter
647 4691 830 4732 eorum
870 4675 1176 4744 sanguinein
1204 4673 1474 4735 biberent,
1508 4679 1562 4726 et
1588 4669 1839 4724 carnibus
1865 4685 1955 4722 ve-

379 4776 673 4831 scerentur,
699 4781 796 4821 nec
817 4766 1072 4818 minorem
1094 4763 1224 4831 ejus,
1248 4761 1383 4832 quod
1406 4761 1596 4816 factum
1619 4770 1719 4825 est,
1743 4760 1950 4829 culpam

382 4860 435 4912 iu
472 4873 566 4912 eos
590 4856 887 4920 conferunt,
928 4870 1088 4925 quam
1127 4854 1180 4908 in
1211 4869 1326 4907 eam
1365 4868 1483 4922 qua:
1521 4861 1604 4907 est
1635 4851 1954 4908 adulterata.

381 4948 483 5015 Qui
529 4948 668 5002 enim
707 4960 938 5015 expansa
980 4945 1094 4999 vela
1141 4958 1246 4998 non
1276 4951 1670 5006 contraxerunt,
1715 4942 1798 5007 iis,
1833 4957 1953 5012 qua:

382 5039 593 5094 occulte
634 5038 848 5103 fiebant,
878 5036 1138 5092 dederunt
1175 5035 1429 5105 majorem
1460 5035 1759 5089 facultatem
1791 5053 1804 5090 :
1836 5035 1871 5088 ii
1897 5043 1952 5090 et

383 5132 642 5189 adulterio
666 5131 913 5200 pollutam
940 5130 1236 5192 mulierem,
1263 5139 1317 5183 et
1339 5129 1584 5183 maritum
1606 5128 1691 5182 cui
1718 5127 1848 5181 facta
1870 5136 1953 5182 est

383 5221 594 5292 injuria,
617 5231 670 5276 et
700 5237 822 5276 eum
854 5221 1026 5290 ipsum
1056 5219 1145 5288 qui
1171 5219 1485 5274 adulterium
1513 5219 1797 5284 commisit,
1825 5234 1952 5273 con-

381 5313 596 5368 tumelia
630 5321 684 5366 et
722 5313 915 5381 probro
956 5310 1263 5366 affecerunt.
1313 5311 1370 5364 Si
1411 5311 1551 5364 enim
1597 5309 1951 5379 praenuntias-

382 5413 521 5465 sent.
553 5404 596 5458 si
618 5403 669 5458 id
695 5403 1098 5471 significassent,
1139 5401 1322 5456 abacta
1346 5410 1398 5456 et
1419 5402 1623 5457 sublata
1657 5410 1800 5458 esset
1832 5417 1950 5456 om-

383 5501 466 5553 nis
505 5497 728 5552 venatio.
765 5495 831 5550 Et
866 5495 1310 5564 quemadmodum
1339 5496 1391 5549 in
1429 5494 1561 5549 retia
1588 5496 1815 5549 maxime
1855 5494 1955 5548 im-

383 5588 623 5654 mittunt,
654 5588 742 5657 qui
791 5587 923 5642 retia
968 5586 1288 5650 extendiint,
1337 5595 1391 5641 et
1433 5586 1496 5640 iis
1539 5601 1657 5655 qua:
1697 5585 1952 5656 capienda

383 5686 509 5733 sunt
526 5677 779 5742 assident,
801 5691 1120 5746 omnemque
1137 5677 1315 5731 dolum
1337 5678 1481 5732 omni
1502 5691 1565 5730 ex
1587 5684 1736 5746 parte
1756 5677 1948 5741 celant,

384 5784 484 5824 nec
502 5769 801 5837 strepitum,
825 5783 923 5823 nec
941 5767 1133 5838 aliquid
1155 5767 1296 5822 aliud
1321 5768 1432 5823 fieri
1460 5769 1786 5837 permittunt,
1812 5768 1951 5838 quod

384 5870 565 5933 posset
604 5859 770 5916 feram
798 5860 1008 5932 abigere
1039 5877 1053 5914 :
1082 5861 1152 5916 ita
1179 5860 1263 5916 hic
1291 5861 1472 5928 etiam,
1500 5861 1545 5917 si
1583 5859 1845 5918 assedcris
1876 5860 1948 5916 la-

1487 427 1844 487 EXPOblTIO
1883 426 1946 484 IN
1984 425 2308 486 PSALMUM
2346 427 2538 487 XLIX.

3540 435 3648 494 254

2063 556 2221 612 queo,
2247 543 2336 613 qui
2356 550 2437 598 est
2458 542 2660 614 positus
2679 557 2706 597 a
2731 543 2964 613 diabolo,
2997 555 3186 602 etcum
3209 551 3346 604 scias
3372 550 3485 608 fore
3507 565 3561 608 ut
3591 556 3645 610 in

2058 648 2179 687 eum
2209 634 2418 689 adulter
2458 636 2673 703 incidat,
2716 654 2890 709 neque
2933 643 3214 710 strepitum
3247 645 3392 712 edas,
3426 664 3523 704 nec
3554 661 3638 704 tu-

2061 725 2282 778 multum
2317 729 2538 794 excites,
2571 736 2698 782 tunc
2725 745 2843 784 eum
2876 735 3104 788 maxime
3135 737 3330 802 perdis.

2132 815 2363 871 Proximi
2390 835 2512 872 cura
2538 821 2780 874 habenda.
2800 853 2874 862 -—
2892 823 2969 878 Ne
2990 828 3129 880 enim
3157 827 3352 884 leL'l'lS
3380 832 3506 887 illtid
3525 850 3641 888 ver-

2061 904 2208 969 bum,
2233 908 2371 976 qnod
2404 925 2589 979 magna
2623 911 2909 966 indolentia
2944 917 3153 983 plenum
3191 930 3271 973 est
3302 938 3314 972 :
3345 922 3481 990 Quid
3511 926 3639 980 mihi

2058 1014 2198 1053 eui-ie
2222 1001 2342 1054 est?
2380 1017 2508 1055 curo
2538 1018 2637 1073 ego
2668 1020 2782 1058 mea
2811 1022 2824 1058 :
2867 1018 2993 1061 tunc
3021 1011 3159 1063 enim
3189 1020 3271 1064 tua
3299 1017 3523 1071 maxime
3549 1033 3642 1072 cu-

2058 1092 2219 1155 rabis,
2254 1095 2463 1162 quando
2506 1105 2589 1148 tua
2617 1112 2824 1166 quaeres
2854 1098 2906 1152 iii
2936 1115 3002 1154 eo
3026 1103 3164 1171 quod
3193 1113 3272 1158 est
3303 1107 3427 1161 utile
3455 1111 3636 1177 proxi-

2058 1197 2164 1236 mo.
2198 1184 2396 1239 Etidco
2423 1186 2628 1241 dicebat
2649 1189 2842 1245 Paulus
2867 1208 2881 1244 :
2914 1191 3078 1246 Nemo
3099 1196 3230 1263 quod
3249 1215 3395 1250 suum
3415 1210 3487 1254 est
3507 1219 3639 1270 qua:-

2057 1285 2156 1342 rat,
2185 1277 2274 1330 sed
2306 1281 2440 1348 quod
2480 1280 2685 1334 alterius
2715 1282 2792 1352 (1.
2835 1282 2951 1338 Cor.
2987 1286 3072 1340 10.
3106 1287 3217 1357 24).
3263 1289 3334 1345 Ut
3375 1292 3634 1361 invenias,

2056 1371 2244 1441 inquit,
2273 1373 2412 1442 quod
2447 1383 2588 1428 tniim
2633 1385 2733 1440 est,
2760 1394 2938 1446 quaere
2978 1380 3118 1449 quod
3153 1391 3236 1437 est
3269 1384 3509 1441 alterius.
3559 1387 3630 1441 Os

2056 1472 2195 1515 tuum
2237 1464 2505 1518 abundat-it
2534 1468 2747 1534 malitia,
2789 1480 2835 1522 et
2861 1471 3032 1541 lingua
3070 1485 3155 1526 tua
3191 1479 3517 1532 concinnabat
3544 1481 3638 1532 do~

2057 1555 2152 1610 los.
2195 1556 2390 1611 Sedens
2432 1559 2670 1613 adversus
2700 1564 2908 1630 fratrem
2952 1574 3092 1618 tuum
3118 1568 3417 1636 loquebaris,
3446 1583 3492 1625 et
3537 1575 3635 1626 ad-

2057 1663 2227 1704 versus
2252 1651 2414 1718 [ilium
2441 1653 2614 1705 matris
2651 1663 2749 1707 tua:
2786 1657 3002 1719 ponebas
3039 1661 3357 1720 scandalum.
3383 1664 3459 1719 Ne
3491 1666 3634 1720 enim

2057 1739 2291 1796 diceret:
2325 1742 2436 1798 lloc
2467 1744 2598 1798 facio
2625 1761 2689 1800 ex
2721 1746 3050 1804 humanitate
3081 1770 3092 1800 :
3141 1767 3305 1823 ecqua
3347 1766 3489 1811 certe
3517 1756 3633 1814 fue-

2053 1831 2120 1884 rit
2149 1833 2466 1898 humanitas,
2492 1849 2613 1889 eum
2638 1838 2725 1906 qui
2748 1851 2970 1893 casurus
2994 1849 3074 1894 est
3099 1841 3149 1894 in
3186 1843 3492 1900 barathrum
3526 1863 3632 1902 non

2055 1920 2336 1988 prohibere
2375 1939 2473 1978 nec
2497 1925 2773 1980 retinere?
2805 1928 2994 1997 iniqua:
3036 1931 3284 1999 voluptati
3311 1937 3635 2003 gratificari?

2053 2027 2174 2066 eum
2203 2015 2290 2082 qui
2320 2017 2650 2071 mortiferum
2679 2019 2808 2072 bibit
2828 2036 3087 2075 venenum
3111 2026 3413 2095 negligere?
3438 2028 3632 2083 Verum

2052 2122 2122 2162 ne
2146 2107 2245 2163 hoc
2265 2110 2478 2178 quidem
2510 2113 2708 2180 poteris
2735 2113 2933 2168 dicere.
2959 2114 3108 2182 Quod
3135 2119 3275 2171 enini
3308 2136 3410 2173 non
3440 2121 3500 2174 sit
3535 2123 3633 2178 hoc

2053 2196 2413 2258 humanitatis.
2444 2202 2534 2255 sed
2592 2205 2979 2269 somnolentiaa,
3008 2207 3246 2275 scgnitiei
3275 2220 3328 2262 et
3354 2212 3627 2278 socordiai,

2054 2287 2175 2342 hinc
2200 2305 2387 2344 cernas
2417 2309 2428 2343 :
2461 2293 2728 2361 quomodo
2757 2310 2823 2349 eo
2848 2295 3068 2350 dimisso
3095 2299 3182 2367 qui
3216 2298 3339 2354 facit
3362 2301 3629 2370 injuriam,

2051 2377 2268 2434 fratrem
2314 2381 2595 2438 maledicto
2623 2384 2788 2440 afficis
2817 2386 2906 2454 qui
2945 2387 3138 2442 nullam
3181 2389 3306 2443 fecit
3345 2392 3632 2461 injuri-am?

2051 2475 2314 2541 quomodo
2335 2474 2598 2530 insidiaris
2616 2478 2662 2531 ei
2683 2479 2770 2547 qui
2792 2478 2919 2532 nihil
2940 2479 3176 2545 offendit,
3203 2483 3333 2536 nihil
3373 2483 3632 2556 deliquit?

2053 2561 2187 2617 Vide
2211 2579 2472 2618 summam
2501 2566 2778 2638 utrobique
2807 2571 3111 2639 nequitiam.
3144 2572 3276 2626 Eum
3303 2575 3515 2642 quidem
3542 2578 3630 2644 qui

2051 2664 2134 2709 est
2151 2657 2328 2711 ebrius
2355 2659 2662 2728 cupiditate,
2687 2677 2790 2715 non
2819 2662 3067 2730 prohibes
3092 2667 3373 2734 quominus
3401 2667 3628 2724 inebrie-

2054 2755 2156 2812 tur,
2189 2757 2248 2802 ut
2271 2750 2341 2804 sit
2368 2758 2693 2820 temperatus
2721 2771 2733 2806 :
2767 2769 2888 2808 eum
2915 2765 3088 2810 autem
3133 2759 3220 2826 qui
3265 2760 3460 2812 nullam
3509 2760 3634 2816 fecit

2052 2836 2322 2907 injuriam,
2367 2843 2540 2909 punis.
2577 2842 2770 2896 Sedens
2798 2845 2937 2897 enim
2966 2846 3204 2900 adversus
3245 2851 3452 2917 fratrem
3491 2860 3631 2904 tuum

2053 2928 2349 2997 loquebaris,
2382 2939 2429 2984 et
2460 2931 2698 2988 adversus
2729 2933 2894 3001 filium
2918 2936 3092 2988 matris
3119 2945 3218 2989 tua:
3241 2939 3459 3006 ponebas
3479 2957 3631 2994 scan-

2054 3020 2257 3076 datum.

2123 3111 2175 3166 9.
2211 3113 2340 3167 Vide
2364 3115 2629 3183 quomodo
2658 3115 2708 3168 in
2739 3117 3054 3172 narrationis
3079 3117 3307 3174 decursu
3333 3131 3491 3191 auget
3517 3136 3613 3178 ac-

2052 3205 2402 3260 cusationem.
2458 3207 2617 3273 Eum,
2665 3208 2856 3277 inquit,
2902 3211 2990 3278 qui
3040 3211 3194 3264 matri
3239 3210 3336 3264 fuit
3385 3213 3436 3266 in
3478 3223 3630 3282 partu

2052 3311 2210 3351 causa
2265 3297 2575 3352 eorumdem
2622 3299 2908 3366 dolorum,
2937 3300 3025 3369 qui
3057 3300 3151 3355 fuit
3205 3301 3440 3370 ejusdem
3497 3307 3632 3361 uteri

2051 3390 2336 3458 particeps,
2367 3391 2454 3459 qui
2485 3392 2536 3443 in
2564 3391 2749 3445 eadem
2776 3392 2935 3446 domo
2959 3401 3016 3447 et
3042 3409 3106 3446 ex
3129 3395 3313 3449 eadem
3340 3412 3521 3451 mensa
3545 3398 3623 3452 ci-

2052 3478 2178 3532 bum
2229 3481 2474 3549 sumpsit,
2506 3482 2593 3550 qiii
2624 3497 2690 3536 ex
2728 3482 2912 3537 eadem
2942 3484 3120 3538 radice
3165 3488 3496 3554 germinavit,
3540 3490 3630 3559 qui

2052 3570 2192 3624 idem
2233 3570 2392 3625 liabet
2437 3581 2585 3625 ortus
2631 3573 2972 3642 principium,
3001 3576 3091 3644 qui
3136 3577 3202 3629 ab
3234 3578 3446 3640 ineunte
3475 3589 3630 3635 :etate

2054 3670 2227 3716 tecum
2273 3662 2458 3722 crevit.
2489 3677 2610 3716 eum
2644 3664 2941 3718 maledictis
2967 3666 3244 3720 insectaris
3273 3685 3286 3719 :
3315 3678 3368 3722 et
3401 3684 3505 3723 non
3538 3685 3628 3724 so-

2053 3753 2160 3806 lum
2203 3754 2613 3816 iiiscctaris,sed
2645 3757 2801 3810 etiam
2852 3758 2902 3810 in
2949 3773 3082 3827 Opus
3125 3759 3342 3813 deducis
3380 3761 3632 3816 insidias?

2051 3842 2165 3898 Hoc
2202 3845 2342 3898 enim
2385 3846 2484 3898 sibi
2522 3846 2653 3911 vult,
2712 3846 2943 3901 Ponebas
2988 3848 3303 3902 scandalum.
3350 3850 3404 3904 Si
3449 3861 3624 3906 autem

2052 3949 2159 3988 non
2173 3945 2254 3989 est
2275 3935 2605 4004 impeteiidus
2623 3938 2934 4001 maledictis,
2960 3938 3049 4008 qui
3065 3939 3373 3993 naturalium
3393 3942 3630 4009 pariendi

2052 4026 2295 4080 dolorum
2326 4028 2377 4080 in
2412 4028 2599 4082 eodem
2628 4028 2726 4082 fuit
2755 4041 2903 4082 utero
2931 4030 3193 4098 particeps
3224 4049 3236 4082 :
3272 4032 3437 4086 multo
3460 4034 3627 4102 magis

2052 4117 2144 4187 qui
2171 4119 2543 4187 spiritualium.
2567 4119 2678 4174 Nec
2705 4135 2833 4189 ergo
2859 4121 3126 4188 permitte,
3178 4131 3236 4175 ut
3261 4123 3306 4176 is
3345 4123 3496 4177 cadat
3533 4125 3625 4194 qui

2053 4220 2136 4266 est
2161 4224 2474 4280 peccaturus
2502 4229 2515 4266 :
2546 4228 2644 4268 nec
2669 4228 2790 4266 eum
2840 4213 2927 4282 qui
2968 4214 3162 4266 nullam
3203 4214 3332 4268 fecit
3381 4215 3628 4284 injuriam

2053 4302 2380 4358 caliimniare
2409 4344 2425 4369 ,
2459 4312 2512 4357 et
2538 4304 2790 4357 conviciis
2822 4305 3048 4358 incesse.
3080 4305 3191 4358 Hoc
3216 4315 3296 4358 est
3321 4307 3463 4360 enim
3491 4307 3628 4360 invi-

2053 4393 2176 4458 diae,
2206 4395 2336 4448 illiid
2363 4410 2491 4449 vero
2519 4395 2825 4450 iiidoleiitize
2869 4413 2884 4448 :
2929 4411 3033 4450 non
3065 4399 3297 4452 retinere
3338 4401 3478 4453 enim
3506 4415 3628 4457 eum

2053 4484 2143 4554 qui
2174 4493 2256 4539 est
2283 4500 2524 4550 casurus,
2554 4494 2638 4540 est
2667 4486 2972 4541 indolentia:
3001 4505 3014 4540 :
3043 4487 3253 4542 invidia:
3275 4497 3474 4555 autem,
3503 4505 3627 4546 eum

2053 4576 2143 4646 qui
2159 4587 2263 4632 stat
2286 4578 2536 4648 dejicere.
2563 4577 2694 4634 Vide
2721 4591 2897 4633 autem
2920 4581 3187 4649 quomodo
3217 4596 3320 4635 non
3352 4598 3471 4635 eum
3503 4585 3630 4637 siib-

2053 4669 2252 4724 indicat
2275 4670 2362 4738 qui
2409 4669 2723 4738 simplia’ter
2755 4681 2806 4724 et
2834 4672 3074 4725 absonite
3119 4681 3349 4738 accusat,
3381 4673 3474 4727 sed
3505 4689 3626 4729 eum

2054 4760 2142 4829 qui
2173 4775 2295 4814 cum
2325 4759 2469 4822 dolo,
2516 4770 2570 4814 et
2595 4760 2770 4813 dedita
2797 4775 2956 4828 Opera
2987 4761 3037 4814 id
3065 4762 3208 4814 facit.
3239 4761 3432 4817 Sedens
3462 4766 3627 4830 enim,

2054 4851 2256 4918 inquit,
2307 4850 2547 4905 adversus
2592 4855 2802 4920 fratrem
2844 4861 2985 4904 tuum
3036 4853 3315 4922 loquebaris
3345 4893 3360 4907 .
3392 4855 3458 4910 Et
3499 4856 3629 4912 Cain

2054 4944 2268 5012 quidem
2301 4959 2469 4996 unum
2510 4943 2728 4998 fratrem
2753 4943 3016 4998 sublatum
3037 4946 3290 5012 praesenti
3326 4948 3428 5001 vita
3455 4963 3629 5018 expu-

2055 5034 2116 5088 lit
2139 5053 2152 5089 :
2184 5033 2234 5086 hi
2261 5042 2437 5088 autem
2456 5035 2888 5100 innumerabiles,
2920 5050 3015 5104 per
3041 5051 3100 5090 ea
3123 5053 3240 5106 qum
3266 5038 3402 5092 male
3422 5039 3628 5106 dicunt,

2055 5125 2326 5193 dejiciuiit.
2373 5136 2427 5181 et
2458 5127 2662 5194 scipsos
2707 5127 2926 5195 primos.
2973 5127 3088 5182 Non
3126 5146 3246 5183 eum
3286 5131 3425 5185 enim
3457 5133 3628 5187 solum

2054 5216 2144 5285 qui
2167 5226 2464 5281 accusatur,
2492 5217 2586 5271 sed
2613 5217 2747 5273 alios
2777 5219 2937 5272 etiam
2970 5221 3188 5286 laedunt,
3233 5221 3341 5274 imo
3367 5237 3493 5274 vero
3513 5239 3629 5275 ma-

2053 5313 2133 5378 gis
2157 5323 2252 5363 eos
2279 5309 2450 5363 solum
2473 5311 2561 5378 qui
2597 5326 2658 5365 ea
2688 5310 2990 5364 admittunt.
3019 5313 3117 5376 Qui
3146 5315 3286 5366 enim
3317 5315 3448 5366 falso
3491 5315 3630 5369 male

2054 5401 2223 5467 audit,
2251 5417 2355 5454 non
2387 5401 2546 5455 modo
2577 5402 2716 5456 nulla
2759 5402 2948 5470 injuria
2969 5403 3187 5456 affectus
3207 5413 3307 5469 est,
3341 5403 3435 5458 sed
3458 5405 3628 5457 maxi-

2055 5507 2195 5546 mam
2223 5492 2384 5547 etiam
2413 5493 2571 5547 habet
2599 5493 2921 5548 mercedem.
2966 5493 3078 5546 Non
3105 5495 3246 5546 enim
3277 5496 3364 5563 qui
3409 5495 3626 5563 patitur,

2057 5586 2149 5641 sed
2191 5586 2280 5656 qui
2307 5586 2446 5640 male
2481 5587 2631 5656 agit,
2660 5595 2743 5642 est
2781 5587 2972 5657 dignus
3001 5588 3261 5656 supplicio
3305 5606 3318 5640 :
3352 5589 3421 5641 ita
3465 5589 3626 5642 etiam

2057 5679 2147 5748 qui
2175 5678 2322 5744 dicit,
2352 5694 2457 5734 non
2486 5680 2574 5749 qui
2597 5681 2763 5744 audit,
2793 5680 2952 5734 modo
2971 5695 3036 5735 ne
3063 5681 3150 5735 ille
3180 5681 3624 5750 prazbeatjiistam

2057 5769 2408 5824 maledicendi
2453 5771 2811 5825 occasionem.
2865 5770 2979 5824 Non
3034 5771 3136 5826 hoc
3181 5786 3308 5841 ergo
3337 5777 3632 5830 contenda-

2061 5876 2178 5916 mus
2199 5903 2214 5931 ,
2241 5877 2305 5918 ne
2331 5863 2468 5919 male
2499 5863 2774 5919 audiamus
2804 5860 2944 5935 (hoc
2971 5863 3111 5920 enim
3144 5864 3258 5919 fieri
3282 5879 3385 5920 non
3411 5873 3590 5935 potest
3616 5887 3627 5897 -
