4108 6344
501 375 609 432 255

505 507 560 551 et
589 506 669 550 est
694 492 887 549 Christi
931 493 1215 556 sententia,
1247 507 1364 561 qua:
1395 491 1524 544 dicit
1549 508 1561 543 :
1602 489 1687 544 l'a:
1711 489 1848 543 vobis
1875 490 2078 560 quando

506 582 846 640 beriedixerint
889 582 1024 635 vobis
1059 598 1229 635 omnes
1279 581 1502 633 homines
1533 578 1682 653 [Luc.
1720 580 1773 634 6.
1803 577 1956 651 926]).
1989 577 2080 633 sed

509 695 576 732 ne
607 693 704 732 nos
742 675 1078 746 praebeamus
1120 674 1448 728 occasiones.
1495 673 1594 739 Qui
1635 673 1776 726 enim
1811 673 1920 726 vult
1947 672 2083 727 bene

507 769 691 823 audire
744 767 812 820 ah
864 766 1144 830 omnibus,
1200 780 1348 818 suam
1400 765 1632 817 animam
1687 778 1834 832 szepe
1886 761 2079 832 perdit,

506 876 692 914 ainans
730 859 1013 913 humanam
1040 857 1286 927 gloriam,
1335 856 1631 910 inserviens
1660 855 1713 907 iu
1742 855 1806 908 iis
1827 871 1944 923 qua:
1973 869 2080 908 non

507 952 680 1015 decet,
713 950 925 1020 placens
952 949 1002 1002 in
1029 949 1094 1003 iis
1117 963 1235 1018 qum
1268 964 1372 1000 non
1400 956 1630 1015 oportet,
1658 954 1715 998 ut
1744 945 1811 1000 ab
1840 945 1918 998 eis
1940 953 2080 998 emat

506 1045 748 1113 gratiam.
775 1042 982 1097 Rursus
1009 1040 1098 1110 qui
1125 1039 1419 1094 contemnit
1446 1038 1582 1091 male
1608 1037 1790 1091 audire
1820 1036 1888 1090 ah
1909 1035 2082 1088 omni-

510 1137 628 1201 bus,
652 1134 810 1188 etiam
839 1133 1070 1202 seipsum
1105 1131 1294 1202 perdit.
1323 1127 1780 1197 Quemadmodum
1803 1127 1944 1181 enim
1968 1125 2080 1179 ﬁcri

510 1242 614 1280 non
641 1233 815 1295 potest
841 1232 896 1276 ut
926 1223 1007 1276 vir
1047 1223 1215 1274 houus
1246 1221 1379 1274 bene
1404 1219 1581 1272 audiat
1609 1219 1676 1272 ab
1701 1217 1967 1281 omnibus,
2010 1217 2081 1271 ita

508 1320 668 1373 etiam
697 1316 809 1371 ﬁeri
838 1331 944 1370 non
989 1322 1186 1384 potest,
1214 1323 1271 1367 ut
1309 1314 1376 1368 ab
1404 1312 1650 1366 omnibus
1692 1311 1829 1365 male
1879 1309 2078 1374 audiat,

509 1409 598 1477 qui
647 1408 837 1462 multas
865 1406 1043 1459 multis
1069 1405 1136 1460 de
1181 1404 1354 1459 causis
1383 1403 1606 1472 pnebuit
1650 1403 1788 1456 male
1833 1400 2082 1456 audiendi

507 1500 836 1554 occasiones.
865 1497 922 1552 Si
962 1505 1139 1550 autem
1169 1497 1295 1549 dum
1329 1503 1384 1548 tu
1428 1493 1561 1547 nihil
1593 1492 1798 1562 praebes
1833 1491 2083 1546 oﬁensio-

510 1594 612 1659 nis,
635 1601 758 1648 sunt
784 1591 870 1661 qui
897 1590 986 1644 tibi
1019 1589 1352 1652 maledicant,
1379 1596 1503 1640 tunc
1527 1593 1609 1639 est
1636 1585 1727 1640 tibi
1749 1583 1917 1653 major
1943 1598 2082 1636 iner-

507 1700 617 1750 crs,
649 1684 787 1739 sicut
829 1698 925 1736 usu
970 1680 1214 1734 veniebat
1241 1679 1515 1748 apostolis,
1560 1686 1614 1731 et
1661 1675 1933 1747 prmelaris
1977 1674 2082 1728 illis

507 1780 652 1830 viris.
706 1775 872 1830 Porro
905 1773 1030 1827 illud
1083 1786 1294 1842 quoque
1343 1769 1639 1835 sciendum,
1683 1766 1825 1838 quod
1870 1765 2080 1821 etiamsi

507 1867 622 1936 quis
653 1863 932 1918 tnaledicat
955 1864 1004 1916 in
1033 1879 1113 1926 re,
1136 1861 1287 1930 cujus
1311 1875 1408 1914 nos
1432 1873 1538 1912 non
1561 1858 1778 1912 damnat
1814 1856 2081 1912 conscien-

504 1958 596 2021 tia,
623 1972 726 2010 uon
757 1963 838 2010 est
883 1961 1164 2022 prepterca
1193 1948 1621 2005 contemnendus
1650 1956 1932 2002 accusator
1967 1960 2084 2016 pro~

505 2058 620 2116 pter
645 2046 894 2098 damnum
917 2061 1021 2114 quo
1051 2052 1101 2096 te
1127 2041 1313 2104 afﬁcit,
1346 2040 1439 2094 sed
1469 2038 1646 2093 omnia
1679 2037 1918 2092 facienda
1957 2044 2084 2090 sunt

503 2153 622 2191 cum
643 2151 704 2192 ea
729 2150 830 2206 qua
858 2150 950 2205 par
970 2143 1052 2188 est
1075 2133 1340 2195 cautione,
1384 2139 1445 2184 ut
1473 2130 1624 2184 tollas
1655 2130 1902 2196 injustam
1927 2141 2081 2182 occa-

503 2229 732 2283 sionem.
754 2227 1016 2295 Quocirca
1045 2225 1234 2278 Paulus
1257 2225 1414 2278 etiam
1442 2221 1687 2276 mittebat
1716 2221 1912 2274 multos
1942 2218 2079 2272 datis

505 2318 768 2390 pecuniis,
799 2319 886 2387 qui
913 2317 1162 2371 atl'errent
1202 2317 1450 2370 alimenta
1482 2313 1797 2382 pauperibus
1837 2312 1924 2379 (1.
1957 2310 2077 2363 Cor.

504 2411 591 2466 16.
609 2411 666 2478 5)
689 2428 701 2462 :
727 2423 940 2464 causam
966 2417 1140 2462 autem
1165 2405 1334 2470 affert,
1363 2405 1582 2458 dicens:
1610 2401 1691 2456 Ne
1713 2402 1820 2471 quis
1841 2418 1931 2454 nos
1953 2401 2082 2454 vitu-

503 2513 642 2574 peret
658 2503 710 2556 in
732 2503 826 2555 hac
855 2501 1165 2556 abundantia
1183 2515 1297 2570 qua
1321 2499 1634 2552 ministratur
1653 2513 1684 2548 a
1706 2495 1845 2550 nobis
1865 2495 1943 2562 (‘2.
1961 2494 2078 2548 Cor.

503 2596 558 2648 8.
584 2593 715 2665 20).
747 2592 928 2662 Neque
945 2593 1108 2656 enim,
1137 2605 1256 2645 cum
1290 2588 1495 2643 videret
1535 2587 1767 2641 futurum
1791 2596 1847 2639 ut
1893 2585 2082 2638 imme—

506 2686 611 2740 rito
660 2682 1076 2746 offenderentur,
1127 2680 1227 2734 hoc
1254 2678 1496 2748 despexit
1535 2685 1590 2732 et
1632 2675 1867 2746 neglexit
1917 2691 1931 2727 :
1982 2672 2078 2728 sed

500 2777 752 2847 quoniam
797 2775 994 2830 eratin
1021 2776 1137 2842 ejus
1175 2781 1436 2842 potestate
1479 2779 1539 2824 ut
1593 2769 1803 2823 tolleret
1853 2766 2077 2821 oll‘endi-

499 2869 696 2933 culum,
739 2868 816 2921 eis
857 2882 1066 2936 quoque
1091 2865 1180 2934 qui
1231 2861 1634 2922 offendebantur
1665 2858 1955 2930 prospexit.
2006 2858 2073 2912 Et

499 2973 683 3015 rursus
703 2959 828 3013 alibi
855 2957 981 3012 dicit
1010 2973 1028 3010 :
1054 2957 1114 3011 Si
1141 2955 1279 3008 cibus
1304 2951 1513 3019 offendit
1540 2954 1746 3024 fratrem
1770 2966 1952 3013 meum,
1976 2965 2077 3002 non

498 3050 757 3105 comedam
779 3066 953 3102 carnes
974 3049 1026 3102 in
1044 3056 1306 3109 internum,
1331 3061 1392 3098 ne
1409 3046 1615 3115 fratrem
1634 3057 1798 3095 meum
1821 3038 2078 3108 offendam

498 3146 578 3216 (I.
605 3145 723 3199 Cor.
747 3143 801 3198 8.
833 3143 957 3211 13).
988 3141 1146 3208 Atqui
1175 3138 1289 3192 haec
1317 3145 1470 3192 erant
1497 3133 1875 3196 indiﬁ‘erentia,
1907 3142 1962 3186 et
1993 3141 2075 3185 ta-

502 3251 645 3299 men,
683 3233 761 3300 Si,
789 3232 978 3302 inquit,
1027 3229 1373 3284 ot'l'eusionem
1414 3226 1660 3290 aﬁ'erunt,
1707 3222 1947 3294 quamvis
1992 3237 2079 3276 me

499 3341 604 3380 non
628 3323 840 3386 laedant,
868 3339 971 3375 non
997 3321 1202 3390 negligo
1231 3319 1452 3372 salutem
1475 3332 1660 3371 eorum
1677 3314 1766 3383 qui
1793 3313 2073 3368 offendun-

501 3426 606 3471 tur.
633 3413 691 3470 Si
736 3412 895 3468 fucrit
925 3412 1066 3466 enim
1091 3410 1341 3465 damnum
1369 3407 1539 3476 majus
1566 3406 1755 3469 salute,
1795 3413 2076 3459 contemne

499 3523 621 3562 eum
650 3505 739 3576 qui
765 3503 1050 3559 oll'euditur
1073 3519 1087 3556 :
1117 3503 1196 3555 sin
1221 3501 1414 3565 minus,
1439 3515 1506 3554 ne
1531 3498 1934 3567 contempseris.
1966 3496 2076 3550 Hoc

499 3598 641 3652 enim
669 3595 738 3650 sit
757 3593 1006 3666 generale
1025 3593 1296 3646 decretum
1318 3599 1374 3644 et
1401 3589 1604 3660 regula,
1637 3589 1839 3644 docens
1859 3586 2072 3656 quando

498 3697 741 3760 Oporteat
766 3695 1108 3742 contemnere
1134 3698 1226 3739 eos
1251 3682 1338 3751 qui
1369 3680 1711 3736 oﬁenduutur
1737 3721 1752 3745 ,
1783 3687 1838 3733 et
1862 3677 2076 3748 quando

502 3797 606 3834 non
634 3797 647 3835 :
679 3776 1146 3849 quemadmodum,
1171 3775 1318 3828 verbi
1344 3774 1530 3842 gratia,
1559 3770 1962 3825 otl‘endebantur
1982 3768 2078 3822 Ju-

499 3872 599 3928 daei
629 3870 769 3941 quod
813 3869 1006 3924 Paulus
1041 3868 1211 3937 legem
1257 3881 1361 3920 non
1392 3872 1664 3918 servaret:
1698 3871 1752 3916 et
1797 3871 2073 3932 propterea

500 3964 664 4018 multa
690 3961 851 4015 millia
877 3959 1202 4024 resiliebant,
1232 3965 1287 4010 et
1313 3958 1364 4008 in
1396 3955 1498 4010 ﬁde
1528 3953 1916 4008 claudicabunt.
1939 3950 2072 4018 Quid

500 4069 628 4124 ergo
668 4050 828 4106 facit?
876 4049 1075 4103 Volens
1111 4047 1309 4100 mederi
1344 4043 1624 4098 oﬁ'ensioni
1675 4042 1880 4111 (major
1932 4041 2072 4094 enim

499 4152 613 4198 erat
638 4143 780 4197 salus
810 4149 888 4193 tot
913 4136 1210 4208 millium),
1253 4145 1307 4189 et
1333 4133 1704 4190 claudicationi
1748 4132 1938 4187 atl‘erre
1983 4147 2072 4185 re-

501 4234 754 4297 medium,
802 4230 1015 4285 interim
1061 4227 1334 4298 impedivit
1379 4225 1664 4295 quominus
1705 4223 2076 4277 ostenderetur

500 4343 558 4382 se
596 4329 763 4394 legem
792 4339 895 4377 non
937 4337 1172 4387 servare,
1203 4319 1344 4389 quod
1375 4318 1544 4387 majus
1589 4326 1724 4371 erat.
1759 4316 1962 4370 Rursus
1991 4314 2072 4369 of-

501 4416 848 4472 fendebantnr
887 4413 1027 4482 quod
1056 4411 1365 4466 cruciﬁxum
1398 4407 1710 4476 prtedicaret
1737 4406 1814 4477 (1.
1864 4404 1982 4461 Cor.
2017 4407 2067 4460 1.

498 4506 602 4576 ‘25)
627 4523 642 4558 :
672 4505 758 4558 hic
800 4501 1118 4572 contempsit
1169 4515 1262 4554 eos
1306 4499 1396 4568 qui
1443 4497 1864 4560 oﬁeudchantur,
1901 4495 2072 4564 majus

499 4598 640 4652 enim
693 4602 808 4650 erat
861 4594 1062 4648 lucrum
1109 4590 1520 4661 priedicationis.
1571 4589 1686 4643 lloc
1737 4588 1896 4642 etiam
1947 4587 2073 4642 fecit

445 4721 449 4726 ο
495 4686 760 4739 Christus.
800 4685 930 4738 Dum
971 4684 1111 4738 enim
1139 4697 1258 4735 cum
1289 4682 1366 4734 eis
1394 4679 1459 4734 de
1496 4680 1629 4733 cibis
1661 4679 1968 4741 dissereret,
2019 4688 2072 4731 et

497 4777 910 4840 oﬁ‘euderentur,
959 4789 1023 4828 eo
1067 4773 1296 4834 dicente,
1353 4770 1500 4835 Quod
1545 4770 1698 4822 intrat
1733 4785 1821 4839 per
1862 4785 1938 4831 os,
1968 4785 2071 4820 non

497 4866 786 4936 coinquinat
805 4864 1074 4928 hominem,
1105 4862 1191 4917 sed
1216 4861 1350 4932 quod
1376 4860 1634 4931 egreditur
1661 4876 1678 4913 :
1707 4859 1837 4913 dicit
1865 4875 1880 4911 :
1907 4858 2072 4914 Sinite

496 4975 601 5012 eos.
644 4957 820 5011 Omnis
863 4955 1109 5026 plantatto
1146 4971 1296 5023 quam
1322 4971 1421 5006 non
1451 4953 1694 5023 plantavit
1717 4951 1871 5004 Pater
1909 4967 2068 5013 meus,

496 5047 832 5102 eradicabitur
887 5045 1098 5116 (Matth.
1149 5045 1236 5099 15.
1289 5045 1376 5098 1|.
1409 5052 1453 5096 et
1491 5061 1539 5097 υ.
1573 5043 1661 5098 14.
1694 5041 1816 5107 1'5).
1848 5041 2070 5110 Quando

498 5149 675 5194 autem
702 5138 769 5192 ab
811 5153 876 5192 eo
907 5137 1099 5191 tributa
1129 5136 1432 5204 exigebant,
1464 5131 1564 5189 etsi
1609 5133 1811 5188 sciebat
1857 5149 1916 5187 se
1961 5149 2067 5187 non

499 5231 694 5286 debere
729 5245 790 5285 ea
820 5229 1048 5292 solvere,
1099 5239 1273 5283 tamen
1317 5228 1566 5297 quoniam
1599 5236 1805 5296 tempus
1835 5227 2068 5282 nondum

500 5323 814 5392 postulabat,
847 5331 904 5376 ut
951 5322 1273 5376 revelaretur
1297 5321 1412 5390 ejus
1452 5323 1756 5384 auctoritas,
1785 5319 1912 5374 dicit
1941 5337 1955 5373 :
1990 5318 2074 5374 Ne

499 5423 664 5468 autent
691 5429 772 5467 eos
792 5411 1106 5479 offendamus
1131 5453 1148 5478 ,
1182 5410 1308 5465 vade
1337 5409 1405 5462 ad
1429 5426 1585 5474 mare,
1612 5419 1656 5462 et
1685 5411 1821 5463 mitte
1845 5409 2068 5475 hamum,

501 5516 547 5561 et
575 5523 689 5560 eum
720 5507 900 5577 piscem
921 5503 1007 5574 qui
1028 5505 1216 5574 primus
1243 5501 1540 5565 ascenderit,
1560 5501 1697 5566 tolle,
1719 5503 1837 5555 etin
1857 5518 1912 5555 eo
1937 5502 2072 5555 inve-

502 5598 613 5652 nies
635 5606 902 5661 states-em;
930 5599 997 5648 da
1021 5612 1132 5649 eum
1152 5597 1224 5648 eis
1241 5610 1332 5664 pro
1361 5603 1407 5646 te
1431 5602 1476 5647 et
1506 5610 1596 5662 pro
1622 5610 1699 5647 me
1729 5591 1942 5665 (Matth.
1977 5594 2066 5648 17.

503 5687 575 5743 26
598 5685 638 5756 ).
665 5686 887 5753 Quando
918 5688 1058 5740 enim
1087 5685 1255 5756 legem
1285 5684 1449 5737 multa
1480 5683 1734 5752 sapientia
1765 5682 1970 5752 plenam
1992 5683 2072 5738 eis

509 5778 733 5846 terebat,
783 5778 988 5850 ipsique
1029 5777 1347 5833 insanabiles
1387 5786 1553 5842 crant,
1597 5775 1786 5832 merito
1814 5789 1907 5831 eos
1944 5791 2071 5830 cou-

1228 377 1283 432 s.
1323 375 1600 432 Jotxxts
1637 349 2102 432 uiitn'sost‘out
2141 375 2461 434 ARClllEP.
2501 379 3029 435 coasraarmor.

3658 389 3762 444 256

2193 493 2427 560 tempsit,
2481 501 2536 546 et
2577 493 2746 562 legem
2795 493 2998 547 solvit:
3029 509 3146 548 cum
3176 505 3350 551 autem
3393 511 3497 550 non
3548 513 3762 567 possent

2187 585 2302 649 ejus
2331 583 2620 638 divinitatis
2671 585 2930 639 rationem
2978 587 3264 654 suscipere,
3318 588 3437 654 jure
3482 604 3668 644 rursus
3694 609 3756 647 se

2186 673 2424 740 dimittit,
2488 684 2540 728 et
2583 690 2692 729 sua:
2734 676 3023 731 divinitatis
3065 678 3321 733 rationem
3360 681 3612 734 tributum
3654 685 3757 737 sol-

2186 765 2361 818 vendo
2389 765 2668 821 adumbrat
2693 776 2748 821 et
2785 768 3003 842 obtegit.
3050 769 3245 824 Sedens
3291 774 3528 827 adversus
3551 774 3758 844 fratrem

2186 869 2324 911 tuum
2351 859 2652 926 loquebaris.
2683 860 2754 915 At
2785 860 2858 928 id,
2887 862 3076 932 inquit,
3109 863 3364 920 faciebam
3392 874 3449 920 ut
3485 880 3606 921 eum
3634 882 3756 923 cor-

2185 965 2434 1017 rigorem.

2257 1039 2341 1094 10.
2418 1040 2841 1110 Reprehensiones
2903 1043 3152 1110 quomodo
3206 1043 3469 1114 faciendae.
3517 1076 3591 1086 —
3638 1046 3753 1102 Non

2185 1132 2462 1199 oportebat
2483 1146 2610 1201 ergo
2629 1131 2922 1186 clanculum
2942 1133 3260 1188 calumniari
3281 1136 3318 1199 ',
3340 1135 3456 1198 sed,
3472 1136 3540 1190 ita
3561 1148 3616 1192 ut
3640 1139 3753 1204 jus-

2184 1222 2252 1274 sit
2275 1222 2537 1286 Christus,
2568 1237 2810 1276 seorsum
2861 1238 3132 1279 assumere
3159 1233 3212 1279 et
3237 1231 3505 1296 corrigere
3541 1228 3750 1299 (Matth.

2186 1312 2272 1364 18.
2321 1311 2450 1380 15).
2496 1313 2624 1378 Quas
2667 1313 2807 1367 enim
2860 1313 3073 1382 publice
3112 1315 3243 1369 ﬁunt
3278 1318 3752 1388 reprehensiones,

2183 1418 2325 1471 smpe
2373 1405 2530 1458 etiam
2571 1405 2798 1459 reddunt
2852 1406 3270 1475 impudentiores
3321 1426 3334 1462 :
3375 1419 3428 1463 et
3453 1413 3754 1480 complures

2182 1496 2395 1564 quidem
2440 1505 2764 1565 peccatores,
2811 1497 2981 1552 donec
3009 1499 3235 1554 viderint
3260 1501 3372 1556 ﬁeri
3404 1518 3560 1572 posse
3589 1516 3642 1560 ut
3674 1506 3754 1559 la-

2185 1596 2347 1652 teant,
2374 1587 2590 1641 facilein
2617 1589 2848 1642 animum
2872 1589 3142 1656 inducunt,
3168 1602 3225 1645 ut
3248 1593 3302 1647 in
3332 1595 3468 1648 viam
3500 1595 3752 1662 redeant;

2183 1678 2392 1746 quando
2431 1687 2609 1732 autem
2655 1677 2845 1732 bonam
2874 1681 3011 1748 apud
3058 1682 3254 1734 multos
3304 1683 3753 1740 existimationem

2183 1769 2531 1838 perdiderint,
2565 1770 2800 1824 incidunt
2838 1774 3074 1827 nonnulli
3115 1773 3369 1844 deinceps
3398 1777 3449 1831 in
3498 1776 3753 1848 deSpera-

2188 1861 2428 1922 tionem,
2476 1870 2529 1914 et
2579 1861 2825 1915 labuntur
2857 1861 2909 1916 iu
2966 1862 3366 1932 impudentiam.
3423 1868 3494 1920 At
3525 1869 3754 1938 aliquam

2185 1952 2276 2005 tibi
2306 1951 2428 2006 fecit
2455 1952 2722 2021 injuriam.
2761 1953 2868 2008 Cur
2891 1969 3018 2023 ergo
3050 1955 3275 2024 teipsum
3302 1971 3515 2026 quoque
3561 1957 3753 2029 injuria

2183 2043 2388 2097 afticis?
2417 2042 2512 2111 Qui
2556 2043 2696 2097 enim
2724 2058 2782 2097 se
2811 2044 3060 2106 vindicat,
3092 2046 3325 2114 seipsum
3368 2061 3495 2101 ense
3520 2047 3665 2116 petit.
3699 2048 3756 2104 Si

2183 2136 2323 2190 enim
2353 2136 2430 2190 vis
2457 2147 2509 2190 et
2541 2137 2768 2203 teipsum
2793 2135 3050 2190 beneﬁcio
3079 2137 3312 2202 afﬁcere,
3337 2148 3390 2192 et
3419 2139 3565 2193 illum
3591 2140 3757 2209 probe

2184 2227 2386 2292 ulcisci,
2430 2227 2568 2282 bene
2593 2227 2737 2280 dicas
2770 2228 2837 2281 de
2865 2243 2931 2281 eo
2956 2228 3044 2296 qui
3089 2229 3179 2282 tibi
3210 2229 3334 2283 fecit
3359 2230 3602 2300 injuriam
3639 2247 3652 2283 :
3683 2232 3754 2285 ita

2185 2318 2347 2375 facies
2391 2328 2448 2374 ut
2476 2320 2626 2374 multi
2657 2320 2762 2374 sint
2789 2321 2906 2390 ejus
2935 2336 3030 2390 pro
3061 2331 3110 2376 te
3149 2332 3486 2378 accusatores
3506 2363 3521 2386 ,
3547 2331 3603 2377 et
3644 2323 3756 2392 ipse

2184 2425 2427 2480 magnam
2463 2409 2762 2466 mercedem
2802 2410 3061 2479 accipies;
3103 2411 3182 2464 sin
3227 2421 3403 2467 autem
3450 2413 3752 2476 maledicas.

2183 2517 2253 2556 ne
2283 2501 2413 2555 ﬁdes
2438 2501 2649 2572 quidem
2681 2501 2771 2554 tibi
2803 2501 3098 2567 habebitur,
3154 2502 3323 2571 utqui
3363 2503 3754 2558 inimicitiarum

2183 2589 2487 2659 suspicione
2517 2589 2744 2644 labores.
2776 2588 2952 2657 Quare
2978 2598 3120 2643 tuum
3144 2590 3376 2644 studium
3405 2591 3497 2646 tibi
3530 2592 3753 2648 vertitur

2183 2683 2236 2734 in
2259 2681 2606 2734 contrarium.
2638 2678 2717 2734 Tu
2742 2679 2882 2734 enim
2913 2680 2993 2734 vis
3023 2680 3214 2734 bonam
3241 2681 3356 2750 ejus
3375 2679 3569 2736 famam
3597 2698 3753 2737 ever-

2186 2782 2316 2835 tere,
2338 2783 2520 2826 contra
2551 2781 2727 2826 autent
2749 2771 2974 2829 accidit:
3003 2788 3097 2842 per
3121 2773 3327 2827 laudem
3351 2775 3513 2838 enim,
3533 2789 3636 2828 non
3662 2789 3756 2844 per

2181 2866 2570 2921 accusationem
2611 2864 2713 2920 hoc
2765 2866 2979 2929 evenit;
3023 2866 3118 2921 sed
3177 2877 3361 2921 contra
3399 2868 3616 2922 omnino
3658 2877 3754 2923 :et

2182 2957 2408 3026 teipsum
2462 2955 2672 3025 quidem
2722 2956 2907 3023 majori
2943 2956 3225 3026 ignominia
3265 2956 3452 3022 at‘ﬁcis,
3485 2957 3628 3011 illum
3658 2973 3752 3012 au-

2180 3056 2286 3103 tem
2317 3057 2404 3102 tua
2449 3048 2552 3102 tela
2601 3063 2704 3102 non
2747 3058 2980 3118 tangent.
3009 3047 3301 3104 Inimicitiae
3341 3050 3503 3114 enim,
3549 3065 3667 3120 qua:
3695 3066 3753 3106 se

2180 3139 2410 3194 oﬁ'crunt
2446 3139 2636 3193 animis
2676 3138 3020 3206 audientium,
3050 3155 3155 3194 non
3203 3140 3399 3204 sinunt,
3449 3149 3505 3195 ut
3529 3156 3646 3210 qua:
3668 3142 3751 3194 di-

2179 3240 2394 3294 cuntur,
2441 3229 2492 3282 in
2535 3229 2749 3283 auribus
2793 3244 2976 3283 eorum
3022 3229 3387 3295 admittautur,
3420 3229 3554 3284 etrid
3582 3231 3751 3299 ipsum

2180 3318 2370 3372 accidit
2396 3317 2536 3388 quod
2567 3317 2617 3372 in
2657 3318 3158 3387 praescriptionibus.
3198 3318 3420 3386 Quando
3447 3319 3586 3374 enim
3610 3319 3754 3389 quis-

2185 3409 2322 3478 piam
2377 3409 2427 3461 in
2453 3407 2653 3478 judicio
2678 3408 2873 3478 aliquid
2901 3407 3175 3477 objecerit,
3223 3410 3523 3463 universum
3551 3411 3750 3464 interea

2179 3499 2486 3554 dissolvitur
2519 3517 2532 3554 :
2561 3500 2632 3554 ita
2654 3499 2741 3554 hic
2769 3499 2928 3554 etiam
2964 3515 3068 3554 non
3109 3501 3367 3570 permittit
3400 3502 3631 3572 suspicio
3652 3501 3753 3556 iui-

2180 3594 2516 3659 micitiarnm,
2548 3601 2604 3646 ut
2640 3591 2948 3646 admittatur
2970 3591 3248 3660 judicium.
3273 3591 3348 3646 Ne
3375 3607 3500 3662 ergo
3525 3593 3750 3647 maledi-

2179 3698 2290 3748 cas,
2340 3698 2408 3737 ne
2452 3683 2675 3750 teipsum
2723 3681 2973 3751 polluas:
3006 3696 3104 3736 nec
3148 3681 3314 3735 lutum
3353 3691 3602 3737 contean
3630 3697 3750 3737 cum

2179 3774 2290 3827 luto
2321 3784 2375 3828 et
2418 3772 2705 3840 lateribus,
2736 3771 2829 3826 sed
2869 3787 3094 3826 coronas
3121 3787 3187 3825 ex
3228 3773 3386 3838 rosis,
3427 3789 3490 3826 ex
3520 3772 3672 3827 violis
3697 3781 3751 3827 et

2179 3863 2395 3933 reliquis
2447 3862 2667 3917 ﬁoribus
2716 3871 2973 3916 connecte
3017 3877 3164 3917 :nec
3193 3871 3396 3918 stercus
3441 3877 3535 3917 ore
3584 3863 3745 3929 feras,

2179 3953 2626 4023 quemadmodum
2656 3952 2906 4007 scarabaai
2933 3952 3006 4022 (id
3032 3953 3172 4006 enim
3194 3951 3392 4006 faciunt
3410 3953 3499 4022 qui
3523 3953 3746 4006 maledi-

2179 4055 2307 4101 cunt
2338 4063 2352 4100 :
2394 4055 2452 4099 ut
2476 4045 2564 4115 qui
2594 4045 2692 4113 ipsi
2725 4044 2969 4100 faetorem
3008 4045 3163 4113 primi
3193 4044 3493 4114 sentiant),
3525 4045 3616 4100 sed
3649 4045 3746 4098 ﬁo-

2179 4153 2286 4200 res,
2326 4138 2462 4192 sicut
2510 4153 2657 4207 apes,
2685 4136 2940 4206 fat-osque
2992 4147 3051 4191 ut
3087 4137 3190 4191 illa:
3241 4152 3520 4206 compone,
3569 4139 3748 4206 sisque

2177 4231 2422 4284 omnibus
2451 4232 2616 4284 comis
2645 4239 2697 4284 et
2735 4238 3059 4282 mansuetus.
3091 4230 3288 4282 Omnes
3315 4230 3453 4282 enim
3495 4244 3742 4283 aversan-

2179 4331 2264 4376 tur
2294 4321 2629 4385 maledicum,
2659 4330 2713 4374 ut
2742 4320 2830 4389 qui
2870 4329 3062 4374 tetrum
3093 4319 3329 4375 redoleat
3353 4329 3407 4375 et
3430 4321 3517 4390 qui
3545 4331 3599 4373 ut
3625 4335 3746 4373 san-

2177 4415 2393 4484 guisuga
2424 4414 2695 4482 sanguine,
2725 4422 2778 4467 et
2803 4412 3100 4483 scarabteus
3127 4421 3385 4476 stercore,
3415 4413 3604 4467 alienis
3633 4429 3745 4466 ma-

2177 4506 2242 4557 lis
2287 4503 2544 4556 aluntur:
2580 4517 2641 4556 os
2683 4512 2861 4557 autem
2909 4501 3048 4571 quod
3089 4501 3329 4556 lubenter
3371 4501 3565 4562 laudat,
3612 4509 3746 4555 tam-

2175 4611 2331 4664 quam
2371 4594 2664 4648 membrum
2691 4609 2970 4648 commuue
2996 4595 3308 4663 suscipiunt,
3353 4602 3616 4662 tamquam
3650 4595 3743 4646 fra-

2177 4695 2309 4739 trem
2357 4700 2706 4754 germanum,
2770 4693 3039 4754 tainquam
3088 4685 3290 4746 ﬁlium,
3347 4692 3614 4751 tamquam
3655 4699 3743 4750 pa-

2177 4785 2331 4830 trem.
2359 4776 2426 4830 Et
2454 4775 2576 4844 quid
2605 4775 2723 4829 dico
2753 4775 2820 4829 de
2850 4775 3224 4843 praesentibus,
3271 4785 3326 4828 et
3373 4774 3439 4826 de
3471 4773 3740 4826 hominum

2175 4867 2690 4922 existimationibus?
2719 4866 3005 4920 Considera
3042 4865 3168 4918 mihi
3195 4864 3334 4917 diem
3358 4864 3505 4916 illum
3538 4862 3744 4916 terribi-

2178 4961 2299 5024 lem,
2329 4959 2453 5012 illud
2473 4958 2726 5025 judicium
2748 4957 2886 5025 quod
2917 4957 3183 5024 corrumpi
3216 4970 3320 5008 non
3349 4963 3522 5024 potest
3551 4971 3564 5007 :
3599 4953 3738 5022 quod

2129 5119 2132 5121 Α
2175 5053 2218 5106 si
2252 5052 2376 5106 falsa
2431 5050 2596 5110 dicas,
2647 5049 2876 5117 peccatis
2934 5048 3042 5100 tuis
3095 5048 3195 5100 alia
3245 5047 3460 5114 insuper
3503 5045 3738 5113 adjicies.

2175 5140 2303 5195 Dico
2355 5142 2485 5194 enim
2530 5139 2682 5204 vobis,
2729 5139 2865 5210 quod
2891 5154 3035 5190 omne
3054 5137 3252 5190 verbum
3282 5137 3492 5190 otiosum
3519 5135 3652 5205 quod
3675 5137 3744 5188 lo-

2175 5233 2313 5304 quuti
2340 5233 2525 5303 fuerint
2551 5231 2797 5294 homines,
2829 5228 3016 5281 dabunt
3047 5245 3137 5297 pro
3158 5228 3270 5297 ipso
3295 5225 3404 5279 Deo
3427 5227 3668 5279 rationem
3689 5227 3741 5278 in

2175 5327 2256 5380 die
2266 5325 2450 5396 judicii
2479 5323 2687 5391 (Matth.
2713 5321 2799 5375 19..
2827 5321 2941 5389 '56).
2975 5321 3190 5375 Etiamsi
3221 5319 3344 5384 sint,
3375 5319 3562 5388 inquit,
3591 5334 3738 5380 vera,

2176 5433 2244 5472 ne
2272 5416 2350 5470 sic
2378 5415 2590 5485 quidem
2643 5411 2862 5481 eﬁ‘ugics
2892 5452 2907 5478 ,
2937 5412 3221 5481 quominus
3249 5409 3636 5468 condemneris.
3659 5417 3742 5461 ut-

2178 5517 2301 5578 pote
2322 5505 2412 5576 qui
2443 5503 2667 5574 proximi
2697 5503 2770 5557 tui
2811 5502 3138 5556 calamitates
3177 5510 3229 5555 et
3257 5499 3446 5570 probra
3477 5499 3738 5553 traducas.

2175 5598 2283 5654 Fac
2305 5596 2441 5667 apud
2473 5605 2524 5649 te
2543 5595 2746 5665 cogites
2774 5593 3118 5648 Plrarisaeum.
3138 5590 3251 5644 Non
3275 5599 3390 5646 erat
3409 5591 3734 5660 publicanus,

2175 5690 2269 5747 sed
2299 5689 2390 5742 luit
2409 5686 2687 5758 publicano
2725 5684 3051 5746 sceleratior,
3076 5682 3323 5752 quoniam
3354 5680 3423 5736 de
3464 5680 3744 5750 publicano

2241 5805 2264 5837 ιν
2294 5803 2395 5862 Alli,
2416 5809 2512 5852 Non
2543 5797 2780 5864 oportebat
2803 5809 2916 5860 ergo
2933 5791 3202 5846 clanculum
3223 5804 3542 5843 nntnnurare.
