4108 6344
355 442 466 498 Ξὗῦ

353 555 500 612 οὐαὶ
526 555 690 626 ὑμῖν.
724 555 871 610 ὅταν
902 556 1099 624 καλῶς
1131 555 1287 627 ὑμᾶς
1316 557 1526 611 εἴπωσι
1567 556 1788 620 πάντες
1817 550 1914 604 ἇν-

351 644 610 708 θρωποι),
649 639 762 693 ἀλλ’
789 641 935 704 ὅπως
983 643 1144 712 ήμεῖς
1192 641 1266 712 μὴ
1313 643 1685 712 παράσχωμεν
1729 635 1919 698 λαϐάς.

353 724 462 777 Καὶ
489 723 598 794 γάρ
627 724 654 776 6
685 722 1002 794 βουλόμενος
1030 723 1180 795 παρά
1218 725 1434 777 πάντων
1461 724 1678 776 ἀκούειν
1716 722 1920 788 καλῶς,

354 803 619 875 πολλαχοῦ
648 807 745 873 τὴν
767 805 958 859 ἐαυτοῦ
979 806 1156 877 ψυχὴν
1177 807 1456 866 ἀπόλλυσι,
1481 806 1636 876 δόξης
1667 805 1806 876 ἐρῶν
1836 806 1922 858 ἀν-

351 886 650 958 θρωπίνης,
681 887 1090 958 διακονούμενος
1118 899 1137 918 ⁸
1165 892 1220 942 ὲν
1254 887 1334 953 οἷς
1358 891 1417 942 ού
1449 889 1546 950 δεῖ,
1581 891 1830 959 ἀρέσκων
1863 890 1921 940 ἐν

348 967 428 1032 οἷς
467 971 529 1024 οὐ
558 971 682 1042 χρὴ,
707 971 848 1024 ὥστε
879 973 1188 1042 ὠνήσασθαι
1230 976 1330 1044 τὴν
1368 975 1496 1043 παρ’
1525 973 1702 1025 αὐτῶν
1738 973 1917 1041 χάριν,

350 1055 520 1108 Πάλιν
556 1058 584 1108 6
613 1057 963 1126 καταφρονῶν
998 1056 1092 1109 τοῦ
1129 1057 1276 1127 παρά
1313 1058 1528 1110 πάντων
1569 1055 1784 1127 ἀκούειν
1824 1073 1920 1108 κα-

349 1139 480 1202 κῶς,
518 1141 611 1193 καὶ
630 1125 819 1192 ἑαυτὸν
849 1125 1300 1211 προσαπόλλυσιν.
1327 1142 1536 1211 Ὥσπερ
1561 1141 1668 1212 γὰρ
1703 1125 1920 1211 ἀμήχα-

348 1238 439 1273 νον
471 1223 624 1293 παρά
655 1222 869 1274 πάντων
893 1223 1110 1275 ἀκούειν
1134 1223 1312 1287 καλῶς
1339 1223 1428 1276 τὸν
1454 1226 1722 1294 ἐνάρετον,
1748 1223 1918 1287 οὕτως

346 1305 627 1375 ἀμήχανον
669 1305 743 1375 μὴ
767 1305 914 1376 παρά
937 1306 1154 1360 πάντων
1189 1307 1402 1360 ἀκούειν
1429 1307 1632 1371 κακῶς,
1663 1307 1754 1359 τὸν
1789 1305 1919 1358 πολ-

343 1388 442 1451 λὰς
473 1388 796 1457 πολλαχόθεν
835 1390 1184 1460 παρασχόντα
1218 1390 1312 1443 τοῦ
1355 1389 1538 1453 κακῶς
1577 1389 1793 1443 ἀκούειν
1822 1393 1916 1443 λα-

345 1473 464 1534 6ἀς.
501 1473 598 1525 Ἂν
625 1472 682 1524 δὲ
719 1473 780 1524 τὸ
821 1473 1170 1542 ἀπρόσκοπόν
1203 1491 1294 1526 σου
1339 1475 1666 1548 παρέχοντος
1699 1469 1831 1528 ὦσιν
1865 1477 1915 1528 οῖ

343 1556 792 1625 κατηγοροῦντες,
819 1557 940 1609 τότε
972 1575 1054 1609 σοι
1092 1559 1185 1610 καὶ
1221 1558 1420 1612 πλείων
1455 1562 1482 1612 6
1511 1559 1717 1628 μισθὸς.
1744 1561 1914 1616 καθά-

344 1653 450 1708 περ
471 1640 564 1691 καὶ
583 1640 674 1692 ἐπὶ
695 1639 802 1692 τῶν
825 1639 1137 1692 ἀποστόλων
1159 1640 1387 1708 ἐγίνετο.
1410 1643 1503 1696 καὶ
1525 1643 1632 1695 τῶν
1655 1644 1914 1712 γενναίων

343 1721 566 1775 ἐκείνων
595 1722 822 1791 ἀνδρῶν.
857 1723 976 1792 Χρὴ
1011 1722 1067 1775 δὲ
1098 1725 1315 1777 κάκεῖνο
1342 1725 1558 1787 εἰδέναι,
1586 1727 1668 1780 ὅτι
1699 1727 1800 1780 κᾶν
1830 1727 1916 1780 λέ-

343 1819 416 1876 γῃ
438 1821 524 1867 τις
553 1805 739 1868 κακῶς
765 1805 858 1858 ἐπὶ
886 1805 1190 1875 πράγματι,
1219 1799 1278 1860 οὗ
1304 1807 1364 1860 τὸ
1404 1808 1640 1872 συνειδὸς
1669 1809 1824 1880 ήμῶν
1852 1809 1913 1862 οὐ

347 1887 762 1955 καταγινώσκει.
789 1889 848 1941 οὐ
868 1888 953 1940 διὰ
974 1889 1128 1941 τοῦτο
1159 1889 1238 1942 δεῖ
1274 1894 1630 1962 καταφρονεῖν
1664 1892 1757 1945 τοῦ
1783 1910 1915 1945 κατ-

345 1969 545 2039 ηγόρου
590 1970 679 2023 διὰ
716 1970 814 2040 τὴν
845 1971 1050 2024 ἐκείνου
1095 1971 1319 2042 βλάϐην,
1349 1973 1483 2026 ἀλλά
1523 1975 1698 2027 πάντα
1742 1977 1914 2028 ποιεῖν

349 2054 485 2121 μετά
523 2056 622 2123 τῆς
665 2053 978 2125 πρεπούσης
1019 2057 1340 2124 ἀσφαλείας,
1383 2055 1524 2110 ὥστε
1575 2059 1782 2111 ἀνελεῖν
1821 2059 1914 2111 καὶ

337 2137 438 2206 τὴν
477 2136 670 2203 ἄλογον
717 2137 1008 2206 πρόφασιν.
1049 2139 1147 2191 Διά
1177 2139 1335 2192 τοῦτο
1364 2141 1457 2193 καὶ
1498 2142 1526 2193 6
1567 2141 1774 2204 Παῦλος
1821 2143 1914 2195 ἐστ)⁵

335 2220 446 2272 τῶν
470 2219 768 2291 χρημάτων
807 2221 1034 2284 πολλοὺς
1073 2222 1287 2291 ἔπεμπε
1326 2225 1453 2287 τοὺς
1495 2224 1913 2295 διακομίζοντας

335 2302 447 2356 τῶν
475 2305 722 2373 πενήτων
765 2303 864 2367 τὰς
911 2305 1225 2376 διατροφάς·
1261 2308 1355 2360 καὶ
1385 2308 1484 2378 τὴν
1516 2309 1694 2361 αἰτίαν
1731 2309 1912 2380 τίθησι

336 2385 533 2455 λέγων·
563 2388 687 2442 Ἵνα
707 2387 792 2455 μή
834 2406 921 2453 τις
960 2388 1114 2457 ἡμᾶς
1137 2389 1493 2457 μωμήσηται
1529 2391 1598 2443 ἐν
1628 2391 1702 2458 τῇ
1737 2391 1910 2459 ἁδρόν

336 2485 466 2536 τητι
494 2471 679 2536 ταύτῃ
717 2468 868 2542 [ἳὸθ]
895 2469 968 2538 τῇ
1015 2470 1446 2540 διακονουμένῃ
1491 2476 1592 2542 ὑφ’
1613 2472 1798 2542 ἡμῶν.
1832 2476 1908 2528 Ού

335 2551 447 2622 γάρ
475 2552 538 2623 δὴ
577 2553 735 2606 τοῦτο
783 2552 924 2611 ἰδὼν.
963 2555 1044 2606 ὅτι
1081 2555 1312 2626 ἤμελλον
1344 2558 1528 2620 κακῶς
1564 2556 1912 2621 σκανδαλίζε-

339 2634 483 2697 σθαι,
521 2635 738 2706 παρεῖδε
783 2637 877 2689 καὶ
904 2638 1326 2708 κατεφρόνησεν·
1353 2638 1467 2692 ἀλλ’
1501 2639 1686 2709 ἐπειδὴ
1725 2639 1911 2710 κύριος

335 2713 404 2788 ἦν
427 2717 519 2771 τοῦ
541 2718 700 2772 λῦσαι
726 2719 787 2772 τὸ
818 2722 1131 2781 σκάνδαλον.
1159 2722 1252 2775 καὶ
1280 2721 1459 2774 αὐτῶν
1489 2722 1594 2775 τῶν
1630 2723 1912 2777 σκανδαλι-

335 2801 576 2870 ζομένων
610 2803 927 2874 προενόησε.
963 2805 1073 2856 Καὶ
1125 2803 1288 2856 πάλιν
1338 2804 1568 2875 ἀλλαχοῦ
1605 2822 1766 2875 φησιν
1791 2822 1804 2837 ·
1843 2809 1911 2860 Εἰ

329 2884 544 2953 ,ϐρῶμα
568 2885 947 2947 σκανδαλίζει
983 2887 1088 2940 τὸν
1121 2887 1387 2956 ἀδελφόν
1407 2906 1548 2956 μου,
1589 2891 1660 2941 οὐ
1688 2889 1773 2958 μὴ
1802 2889 1911 2958 φά-

336 2983 418 3035 τω
449 2968 592 3036 κρέα
626 2971 715 3033 είς
748 2969 854 3023 τὸν
878 2969 1082 3032 αίῶνα,
1124 2972 1224 3024 ἵνα
1256 2971 1340 3039 μὴ
1367 2971 1474 3024 τόν
1499 2971 1768 3040 ἀδελφόν
1791 2991 1910 3041 μου

334 3050 745 3106 σκανδαλίσω.
778 3053 971 3107 Καίτοι
998 3052 1174 3108 ταῦτα
1200 3054 1466 3124 ἀδιάφορα
1485 3049 1572 3124 ἧν·
1604 3054 1716 3107 ἀλλ’
1739 3057 1904 3125 ὅμως,

335 3134 386 3186 εί
410 3134 702 3191 σκάνδαλον
736 3135 910 3207 φέρει,
958 3138 1110 3208 φησὶ,
1149 3137 1250 3191 κᾶν
1278 3138 1378 3208 ἐμὲ
1416 3139 1476 3191 οὐ
1519 3139 1906 3212 παραϐλάπτῃ,

335 3218 398 3271 οὐ
441 3219 767 3290 καταφρονῶ
813 3223 913 3291 τῆς
953 3221 1222 3292 σωτηρίας
1249 3221 1357 3274 τῶν
1390 3221 1903 3289 σκανδαλιζομένων.

337 3303 400 3355 El
423 3303 522 3372 μὲν
547 3303 656 3373 γάρ
677 3304 878 3371 γίνοιτο
901 3304 1071 3374 βλάϐη
1097 3303 1295 3375 μείζων
1317 3305 1410 3374 τῆς
1437 3306 1726 3375 σωτηρίας,
1744 3323 1910 3359 καταο-

333 3385 522 3456 φρόνει
543 3387 636 3439 τοῦ
662 3387 1168 3458 σκανδαλιζομένου·
1194 3386 1316 3440 εἰδὲ
1338 3388 1412 3459 μὴ
1433 3387 1659 3456 γένοιτο.
1689 3389 1906 3460 μηκέτι.

335 3468 502 3540 Ὅρος
533 3470 640 3541 γὰρ
685 3464 839 3534 οὗτος
874 3471 939 3524 ἂν
970 3473 1052 3543 εἴη
1095 3471 1323 3524 καθόλου
1355 3471 1383 3510 δ
1418 3471 1511 3524 καὶ
1549 3471 1748 3528 κανὼν.
1782 3490 1908 3525 παι-

330 3544 501 3604 δεύὼν
536 3554 666 3607 πότε
706 3553 786 3606 δεῖ
835 3557 1191 3626 καταφρονεῖν
1235 3553 1344 3607 τῶν
1384 3554 1905 3624 σκανδαλιζομένων,

335 3637 468 3690 πότε
491 3635 547 3689 δέ
583 3637 679 3708 μή·
710 3634 822 3690 οἶόν
853 3655 903 3689 τι
937 3637 1080 3705 λέγω
1101 3654 1114 3667 ·
1147 3637 1618 3701 Ἐσκανδαλίζοντο
1647 3638 1905 3699 Ἰουδαῖοι,

329 3718 415 3772 ὅτι
445 3718 654 3782 Παῦλος
693 3720 794 3772 οὐκ
825 3721 1008 3791 ἐτήρει
1034 3720 1124 3773 τὸν
1157 3722 1338 3790 νόμον,
1374 3721 1469 3774 καὶ
1497 3721 1584 3773 διὰ
1616 3721 1770 3775 τοῦτο
1810 3741 1909 3792 μυ-

339 3800 517 3871 ριάδες
555 3802 850 3872 ἀπεπήδων
889 3803 1102 3867 πολλαὶ,
1140 3804 1385 3876 καὶπερὶ
1421 3803 1518 3875 τὴν
1553 3803 1732 3856 πίστιν
1773 3804 1908 3874 ἐχώο

333 3882 507 3937 λευον.
547 3885 613 3938 Τί
645 3881 738 3938 οῦν
769 3889 940 3952 ποιεῖ;
976 3886 1321 3957 Θεραπεῦσαι
1359 3886 1418 3939 τὸ
1457 3886 1748 3939 σκάνδαλον
1788 3887 1906 3956 βου-

331 3964 560 4034 λόμενος
598 3966 822 4037 (μείζων
864 3969 974 4037 γάρ
1016 3964 1084 4039 ἦν
1131 3970 1163 4039 ἠ
1207 3969 1448 4038 σωτηρία
1500 3969 1607 4023 τῶν
1641 3969 1907 4022 τοσούτων

335 4051 654 4122 μυριάδων),
683 4053 779 4104 καὶ
827 4051 1115 4122 διορθῶσαι
1161 4053 1259 4123 τὴν
1303 4052 1552 4122 χωλείαν,
1595 4052 1674 4122 τῷ
1707 4052 1842 4116 τέως
1879 4064 1902 4089 ιι

333 4133 720 4200 ἐπιδείξασθαι,
752 4137 834 4188 ὅτι
863 4135 922 4188 ού
943 4137 1099 4205 τηρεῖ
1117 4135 1206 4189 τδν
1232 4135 1414 4205 νόμον,
1444 4135 1735 4198 ἐκώλυσεν,
1771 4137 1905 4207 ὅπερ

336 4214 522 4286 μεῖζον
545 4212 634 4288 ἦν.
671 4218 1151 4281 Ἑσκανδαλίζοντο
1179 4218 1362 4284 πάλιν,
1389 4219 1470 4271 ὅτι
1498 4220 1906 4288 ἐσταυρωμένον

333 4299 654 4370 ἐκήρυσσεν·
684 4300 915 4353 ἐνταῦθα
942 4300 1315 4372 κατεφρόνησε
1348 4301 1454 4354 τῶν
1491 4299 1908 4370 σκανδαλιζομέ-

331 4399 460 4435 νων·
489 4382 672 4452 μεῖζον
695 4382 803 4455 γὰρ
829 4380 895 4454 ἦν
924 4384 1014 4438 τοῦ
1046 4384 1398 4454 κηρύγματος
1425 4383 1484 4436 τὸ
1513 4383 1719 4456 κέρδος.
1751 4382 1905 4436 Οῦτω

333 4465 430 4518 καὶ
467 4468 495 4518 6
532 4467 764 4536 Χριστὸς
800 4469 956 4520 ποιεῖ.
995 4469 1121 4520 Ὅτε
1169 4469 1265 4536 μὲν
1303 4468 1406 4536 γὰρ
1442 4469 1568 4537 περὶ
1604 4467 1904 4536 βρωμάτων

331 4549 518 4612 αὐτοῖς
561 4548 849 4617 διελέγετο,
889 4551 981 4603 καὶ
1009 4549 1500 4620 ἐσκανδαλίσθησαν
1539 4550 1784 4614 λέγοντος
1810 4549 1905 4601 αὖ·

332 4631 449 4696 τοῦ,
478 4634 561 4686 ὅτι
593 4636 674 4687 Οὐ
701 4635 765 4687 τὸ
791 4636 1292 4702 εἰσπορευόμενον
1319 4636 1512 4688 κοινοῖ
1548 4634 1655 4686 τὸν
1681 4633 1903 4700 ἅνθρω-

334 4731 474 4781 πον,
514 4718 674 4771 ἀλλὰ
706 4717 770 4770 τὸ
802 4718 1293 4788 ἐκπορευόμενον,
1338 4717 1516 4785 λέγει·
1548 4717 1761 4784 ’Ἄφετε
1800 4717 1906 4768 αὐ-

334 4797 495 4862 τούς.
533 4795 708 4851 Πᾶσα
737 4797 970 4865 φυτεία,
1010 4796 1090 4862 ἣν
1129 4800 1239 4850 οὐκ
1267 4797 1600 4865 ἐφύτευσεν
1631 4798 1664 4850 ό
1704 4793 1904 4862 Πατήρ

328 4897 472 4949 μου,
497 4879 962 4948 ἐκριζωθήσεται.
988 4881 1115 4932 Ὅτε
1136 4880 1190 4932 δὲ
1220 4881 1416 4950 φόρους
1449 4879 1609 4932 αὐτὸν
1640 4877 1900 4947 ἀπῄτουν,

335 4962 540 5033 καίπερ
562 4963 716 5029 εἰδὼς
747 4966 830 5018 ὅτι
853 4964 880 5004 ἀ
910 4964 1082 5018 τελεῖν
1114 4965 1172 5016 οὐ
1199 4965 1297 5026 δεῖ,
1331 4965 1479 5032 ὅμως
1507 4959 1690 5030 ἐπειδὴ
1722 4963 1751 5012 ό
1784 4977 1903 5011 και-

337 5045 430 5116 ρὸς
455 5046 665 5100 οὐδέπω
693 5045 888 5117 ἀπῄτει
909 5047 969 5100 τὸ
991 5045 1396 5115 ἐκκαλυφθῆναι
1421 5042 1583 5098 αὑτοῦ
1604 5044 1703 5114 τὴν
1725 5041 1900 5107 ἀξίαν,

331 5128 500 5196 λέγει’
536 5130 658 5184 Ἵνα
688 5129 756 5182 δὲ
783 5131 869 5200 μὴ
897 5130 1398 5197 σκανδαλίσωμεν
1420 5127 1662 5192 αὐτοὺς,
1693 5140 1904 5193 πορευ-

331 5213 460 5280 θείς
487 5214 647 5279 ,βάλε
683 5215 1004 5284 ἄγκιστρον
1039 5216 1125 5280 εὶς
1152 5213 1266 5281 τὴν
1291 5211 1628 5268 θάλασσαν.
1668 5209 1763 5262 καί
1797 5207 1904 5261 τὸν

397 5453 424 5481 ⁸
447 5451 542 5502 Hic
561 5453 782 5515 quedam
801 5452 1010 5502 deerant
1030 5454 1080 5503 in
1099 5450 1271 5501 Morel.
1299 5453 1347 5500 et
1369 5449 1540 5509 Savil.,
1568 5459 1679 5509 qua
1700 5457 1762 5494 ex
1786 5457 1900 5495 mss.

331 5515 708 5563 restitutasunt.

396 5573 426 5612 δ
449 5575 598 5624 Savil.
625 5583 678 5624 et
695 5575 776 5625 alii
801 5575 936 5632 οὗτος
954 5574 1080 5624 ἔστω
1100 5574 1320 5622 καθόλου.

400 5641 423 5668 ε
451 5637 534 5685 Sic
555 5637 705 5700 Sgﬁvil.
731 5643 785 5684 et
806 5628 953 5700 “93.,
975 5638 1127 5684 editio
1145 5642 1309 5684 autem
1330 5630 1518 5700 δῖοι-91ίί
1539 5631 1646 5680 τότε
1668 5633 1750 5700 ᾡςἱ
1763 5628 1900 5680 Colb.

335 5699 392 5747 τὸ
413 5701 547 5753 τέως.
585 5699 726 5748 Hunc
764 5693 1172 5747 locuﬁi'vitiatum
1209 5710 1322 5746 esse
1365 5697 1639 5755 suspicatur
1678 5693 1902 5755 Allenus,

335 5767 392 5808 et
443 5761 702 5809 restituere
762 5769 965 5809 conatur
1030 5760 1219 5808 lloisius
1268 5759 1319 5808 in
1357 5754 1486 5806 notis
1550 5756 1753 5814 Savilit,
1815 5754 1904 5803 sed

335 5823 572 5871 existimo
592 5823 721 5870 bene
741 5821 924 5882 habere
946 5826 1002 5870 υι
1020 5822 1168 5878 jacet.

399 5891 424 5922 ⁸
446 5882 594 5934 Savii.
617 5887 669 5934 et
687 5884 772 5932 alii
799 5884 967 5946 καίπερ
995 5883 1138 5930 εἰπὼν
1162 5882 1252 5928 ὃτι.

1444 435 1808 497 EXPOSITIO
1847 434 1914 490 ΙΝ
1955 434 2286 492 PSALMUM
2325 437 2512 494 XLIX.

3497 435 3608 494 256

2031 551 2331 605 ἀναϐάντα
2363 552 2535 620 ἰχθὺν
2561 545 2726 618 ἄρον,
2759 551 2854 605 καὶ
2879 551 2947 604 ἐν
2974 550 3134 618 αὐτῷ
3163 551 3440 620 εὑρήσεις
3463 570 3609 608 στα-

2029 633 2199 701 τῆρα·
2243 636 2456 688 τοῦτον
2481 635 2584 700 δὸς
2613 635 2816 700 αὐτοῖς
2840 635 2974 688 ἀντὶ
3010 636 3155 703 ἐμοῦ
3184 635 3280 689 καί
3307 637 3441 690 σοῦ.
3476 637 3605 692 Ὅτε

2033 717 2132 786 μὲν
2174 715 2280 787 γὰρ
2329 718 2490 788 νόμον
2542 717 2706 769 ἐτίθει
2748 717 2948 787 πολλῆς
2982 718 3219 788 γέμοντα
3265 718 3603 788 φιλοσοφίατ,

2029 809 2121 860 καὶ
2143 809 2376 871 ἀνιάτως
2411 806 2552 878 εἶχον
2581 810 2799 870 ἐκεῖνοι,
2829 809 3050 873 εἰκότως
3074 810 3252 862 αὐτῶν
3279 811 3377 864 οὐκ
3412 813 3604 882 ἐφρόν-

2027 907 2162 949 τισε,
2201 891 2294 943 καὶ
2335 893 2425 944 τδν
2470 892 2632 961 νόμον
2675 891 2860 944 ἔλυσεν
2889 909 2902 922 ·
2940 893 3027 944 ὅτε
3073 893 3130 945 δὲ
3168 894 3376 946 οὐδέπω
3411 890 3512 947 οἷοί
3542 913 3599 948 τε

2025 969 2162 1044 ἦσαν
2193 975 2283 1027 τὸν
2305 976 2432 1045 περὶ
2463 976 2560 1043 τῆς
2587 975 2744 1038 ἀξίας
2772 974 2936 1027 αὐτοῦ
2961 975 3212 1040 δέξασθαι
3245 977 3420 1046 λόγον,
3451 980 3600 1031 είκό-

2024 1073 2131 1119 τως
2162 1058 2580 1125 συγκαταϐαίνει
2604 1060 2785 1120 πάλιν,
2813 1060 2904 1112 καὶ
2932 1061 3208 1124 συσκιάζει
3226 1063 3291 1131 τῇ
3316 1061 3408 1114 τοῦ
3433 1063 3596 1132 φόρου

2023 1137 2165 1191 δόσει
2189 1141 2277 1192 τὸν
2308 1140 2433 1210 περὶ
2459 1141 2556 1209 τῆς
2586 1142 2834 1210 θεότητος
2866 1143 3031 1194 αὑτοῦ
3055 1143 3230 1211 λόγον.
3258 1144 3598 1213 Καθήμενίς

2025 1225 2172 1277 κατὰ
2200 1225 2307 1278 τοῦ
2340 1224 2605 1293 ἁδελροῦ
2649 1243 2764 1279 σου
2804 1226 3170 1292 κατελὰλεις.
3223 1227 3360 1278 Ἀλλ’
3395 1227 3482 1282 ἵνα
3513 1229 3596 1282 δι-

2022 1305 2370 1377 ορθώσωμαι,
2409 1307 2590 1378 φησίν.

2097 1389 2148 1444 ι’.
2195 1391 2402 1444 Οὐκοῦν
2429 1393 2491 1444 οὺ
2521 1390 2693 1462 λάθρα
2741 1390 3042 1445 διαϐάλλειν
3084 1393 3248 1463 ἐχρῆν
3278 1404 3323 1457 ο,
3357 1393 3490 1458 ἀλλ’,
3521 1394 3597 1458 ὡς

2023 1473 2304 1526 ἐκέλευσεν
2334 1477 2361 1526 6
2394 1474 2644 1545 Χριστὸς,
2683 1475 2800 1527 κατ’
2835 1475 2969 1527 ἰδίαν
2999 1475 3226 1528 λαθόντα
3245 1476 3506 1546 διορθοῦν.
3530 1480 3596 1531 Αἱ

2022 1558 2128 1628 γὰρ
2168 1557 2400 1628 δημοσία
2457 1558 2736 1628 γινόμεναι
2783 1559 3143 1628 κατηγορίαι,
3191 1560 3450 1623 πολλάκις
3501 1564 3596 1614 καὶ

2022 1641 2534 1711 ἁναισχυντοτέρους
2565 1640 2796 1693 ποιοῦσι·
2833 1641 2925 1693 καὶ
2956 1642 3059 1704 ’έως
3104 1641 3200 1711 μὲν
3231 1642 3297 1695 ἂν
3336 1642 3514 1695 ἴδωσιν
3544 1646 3593 1695 οί

2028 1723 2205 1776 πολλοὶ
2231 1725 2342 1776 τῶν
2364 1724 2802 1795 ἁμαρτανόντων,
2827 1725 2907 1776 ὅτι
2929 1724 3150 1777 δυνατὸν
3174 1725 3369 1786 αὐτοὺς
3393 1726 3594 1794 λαθεῖν,

2021 1807 2114 1858 καὶ
2147 1807 2455 1859 ἐπανελθεῖν
2497 1807 2695 1877 ῥαδίως
2733 1805 3030 1876 αἱροῦνται·
3065 1808 3191 1860 ὅταν
3229 1808 3284 1860 δὲ
3315 1808 3410 1879 τὴν
3445 1812 3593 1882 ποιρά

2020 1889 2128 1942 τῶν
2167 1889 2376 1943 πολλῶν
2420 1890 2723 1943 ἀπολέσωσι
2769 1889 2943 1955 δόξαν,
2984 1892 3062 1952 εἰς
3105 1891 3412 1959 ἀπόγνωσίν
3449 1911 3594 1958 τινες

2019 1973 2204 2026 λοιπὸν
2235 1973 2586 2044 ἐμπίπτουσι.
2623 1971 2717 2025 καὶ
2765 1975 2843 2035 είς
2884 1973 3263 2043 ἀναισχυντίαν
3300 1975 3593 2040 ἐξολισθαί-

2019 2072 2220 2109 νουσιν.
2269 2055 2406 2108 Ἀλλ’
2437 2055 2702 2125 ἡέκήθης
2739 2072 2791 2107 τι
2831 2057 2959 2126 παρ’
2983 2056 3166 2108 αὑτοῦ.
3201 2056 3264 2109 Τί
3288 2057 3465 2111 τοίνυν
3500 2061 3594 2112 καὶ

2021 2141 2214 2193 σαυτὸν
2245 2139 2484 2203 ἀδικεῖς;
2517 2140 2576 2191 '0
2611 2138 2719 2208 γάρ
2747 2140 3099 2208 ἀμυνόμενος,
3144 2139 3264 2192 καθ’
3294 2141 3482 2194 ἐαυτοῦ
3533 2141 3592 2194 τὸ

2021 2223 2172 2291 ξίφος
2213 2223 2362 2276 ὠθεῖ.
2403 2225 2467 2276 Ei
2507 2223 2615 2293 γάρ
2650 2221 2825 2292 βούλει
2866 2222 2961 2274 καὶ¹
2985 2222 3178 2275 σαυτὸν
3213 2223 3593 2293 εὐεργετῆσαι,

2020 2304 2171 2377 [240]
2199 2307 2448 2359 κάκεῖνον
2471 2305 2800 2375 ἀμύνασθαι,
2823 2305 2943 2359 είπέ
2965 2305 3143 2368 καλῶς
3162 2306 3252 2358 τὸν
3271 2307 3588 2377 ἠδικηκότα·

2017 2390 2158 2442 οῦτω
2201 2389 2428 2452 πολλοὺς
2451 2388 2612 2442 αὑτοῦ
2650 2390 2893 2459 ποιήσεις
2931 2390 3051 2442 ἀντὶ
3084 2389 3177 2441 σοῦ
3208 2390 3335 2452 τοὺς
3358 2392 3592 2461 κατηγόο

2021 2489 2165 2543 ρους,
2193 2474 2284 2524 καὶ
2313 2473 2473 2535 αὐτὸς
2501 2471 2665 2525 πολὺν
2689 2471 2834 2544 λήψῃ
2869 2472 3078 2542 μισθὸν,
3111 2473 3177 2526 ἂν
3209 2473 3266 2526 δέ
3300 2475 3483 2538 κακῶς
3509 2474 3592 2527 λέ-

2016 2571 2138 2628 γῃς.
2188 2555 2308 2607 οὐδὲ
2367 2553 2723 2626 πιστευθήσῃ.
2771 2554 2969 2626 ἔχθρας
3015 2555 3246 2625 ὑποψίαν
3284 2557 3588 2627 δεχόμενος.

2021 2639 2180 2690 Ὥστε
2210 2639 2289 2701 είς
2313 2637 2616 2690 τούναντίον
2651 2654 2731 2689 σοι
2761 2637 3151 2708 περιτρέπεται
3186 2639 3255 2692 τά
3281 2640 3380 2710 τῆς
3421 2657 3588 2694 σπου-

2017 2720 2136 2790 δῆς.
2169 2723 2241 2774 Σὺ
2271 2721 2368 2792 μὲν
2398 2721 2504 2790 γὰρ
2539 2720 2746 2790 τρῶσαι
2776 2720 2938 2773 αὑτοῦ
2965 2720 3060 2792 τὴν
3092 2722 3247 2786 δόξαν
3279 2723 3474 2792 βούλει,
3503 2725 3589 2793 γί-

2016 2821 2163 2857 νεται
2185 2804 2241 2857 δὲ
2262 2803 2564 2857 τούναντίον
2585 2819 2598 2833 ·
2624 2803 2709 2856 διά
2732 2805 2840 2873 γὰρ
2857 2805 3149 2874 εὐφημίας,
3168 2808 3226 2859 ού
3248 2807 3333 2860 διὰ
3357 2825 3593 2878 κατηγο-

2019 2888 2140 2956 ρίας
2158 2886 2314 2940 τοῦτο
2339 2904 2402 2939 συ
2411 2887 2619 2957 μΰαίνει
2638 2903 2649 2915 ·
2669 2888 2806 2940 ἀλλά
2825 2890 3131 2942 τούναντίον
3159 2891 3302 2944 ἀπαν
3319 2908 3334 2922 ·
3352 2892 3446 2945 καὶ
3469 2910 3592 2945 σαυ-

2015 2970 2108 3023 τὸν
2138 2970 2234 3040 μὲν
2261 2969 2520 3040 μειζόνως
2543 2970 2944 3039 καταισχύνεις,
2968 2971 3174 3024 ἐκείνου
3196 2972 3251 3024 δὲ
3273 2972 3368 3043 οὐχ
3395 2975 3590 3043 ἅψεται

2019 3071 2112 3106 σου
2161 3054 2230 3106 τά
2298 3053 2448 3123 βέλη.
2494 3052 2554 3104 ἸΙ
2599 3053 2707 3120 γὰρ
2761 3043 2930 3123 ἔχθρα
2987 3057 3427 3126 προσαπαντῶσα
3468 3061 3590 3121 ταῖς

2015 3136 2124 3188 τῶν
2152 3136 2458 3188 ἀκουόντων
2485 3134 2762 3199 διανοίαις,
2790 3136 2890 3190 οὐκ
2913 3137 3137 3206 ἀφίησιν
3160 3138 3340 3191 αὐτῶν
3367 3140 3587 3210 ἐντεθῆ-

2016 3236 2104 3272 ναι
2128 3222 2246 3282 ταῖς
2269 3221 2454 3281 ἀκοαῖς
2489 3217 2556 3270 τὰ
2596 3217 2881 3287 λεγόμενα,
2913 3220 3006 3272 καὶ
3031 3219 3222 3273 ταύτὸν
3246 3221 3453 3290 γίνεται
3476 3221 3600 3278 οἷον

2016 3303 2109 3355 ἐπὶ
2139 3303 2245 3355 τῶν
2273 3300 2669 3372 παραγραφῶν.
2704 3301 2871 3355 Ὅταν
2899 3301 3008 3372 γὰρ
3039 3303 3373 3376 ἀντικρούεη
3401 3322 3483 3370 τις
3509 3309 3588 3371 είς

2014 3385 2380 3457 δικαστήριον,
2416 3384 2474 3436 τὸ
2500 3385 2607 3435 πᾶν
2631 3383 2906 3437 διαλύεται
2932 3386 3084 3448 τέως·
3117 3386 3260 3440 οὓτω
3293 3388 3356 3458 δὴ
3389 3392 3480 3443 καὶ¹
3507 3393 3589 3442 ἐν·

2014 3468 2186 3522 ταῦθα
2209 3470 2307 3521 οὐκ
2339 3465 2558 3535 ἀφίησιν
2607 3468 2972 3538 εἰσαγώγιμον
3009 3468 3259 3535 γενέσθαι
3296 3470 3394 3542 τὴν
3432 3469 3586 3542 δίκην

2015 3553 2048 3621 ἡ
2083 3552 2180 3620 τῆς
2204 3551 2401 3622 ἔχθρας
2431 3553 2671 3606 ὑπόνοια.
2696 3553 2786 3622 Μὴ
2811 3552 2989 3604 τοίνυν
3012 3552 3135 3620 λέγε
3164 3552 3366 3617 κακῶς,
3397 3554 3482 3608 ἵνα
3511 3555 3586 3626 μὴ

2015 3636 2109 3689 καὶ
2133 3635 2326 3688 σαυτὸν
2354 3635 2608 3710 μολύνῃς,
2640 3635 2772 3706 μηδὲ
2809 3635 3065 3706 βόρϐορον
3087 3635 3278 3704 ῦφαινε
3313 3638 3451 3707 μετά
3477 3658 3584 3709 πη-

2013 3717 2106 3772 λοῦ
2137 3719 2231 3772 καὶ
2252 3717 2549 3782 πλινθείας,
2582 3718 2717 3770 ἀλλὰ
2739 3719 3036 3786 στεφάνους
3069 3718 3178 3772 ἀπὸ
3201 3719 3369 3789 ῥόδων
3396 3721 3584 3781 πλέκε,

2013 3802 2109 3855 καὶ
2148 3802 2263 3865 των,
2300 3802 2395 3854 καὶ
2441 3801 2549 3854 τῶν
2590 3800 2790 3854 λοιπῶν
2829 3800 3050 3853 ἀνθέων·
3086 3801 3220 3870 μηδὲ
3259 3803 3460 3872 κόπρον
3492 3805 3585 3858 ἐπὶ

2012 3883 2106 3938 τοῦ
2143 3887 2407 3956 στόματος
2433 3887 2586 3956 φέρε,
2628 3884 2876 3955 καθάπερ
2905 3887 2952 3936 οἱ
2989 3885 3246 3954 κάνθαροι
3279 3885 3456 3953 (τοῦτο
3476 3889 3585 3962 γάρ

2012 3970 2062 4020 οἱ
2099 3967 2531 4038 κακηγοροῦντες
2561 3965 2579 4005 τ
2601 3981 2617 3999 ⁶
2645 3966 2798 4020 αὐτοὶ
2833 3966 2934 4036 τῆς
2963 3967 3222 4030 δυσωδίας
3255 3969 3584 4025 ἀπολαύουσι

2014 4051 2262 4121 πρῶτοι),
2286 4049 2398 4102 ἀλλ’
2423 4050 2580 4117 ἄνθη,
2611 4049 2860 4119 καθάπερ
2890 4050 2946 4101 αἱ
2969 4049 3230 4118 μέλιτται.
3267 4053 3360 4104 καὶ
3393 4053 3582 4122 ὕφαινε

2013 4133 2180 4204 κηρία
2223 4133 2342 4186 κατ’
2371 4132 2604 4194 ἐκείνας,
2637 4133 2730 4185 καὶ
2767 4131 2917 4200 γίνου
2963 4133 3095 4184 πᾶσι
3144 4136 3444 4205 προσηνής.
3478 4137 3584 4189 Τὸν

2015 4216 2114 4285 μὲν
2150 4214 2258 4286 γὰρ
2294 4216 2602 4283 κακήγορον
2634 4214 2868 4276 ἅπαντες
2902 4215 3353 4285 ἀποστρέφονται,
3384 4219 3460 4278 ὡς
3487 4237 3581 4272 σα-

2014 4299 2150 4370 πρὸν
2179 4299 2390 4362 ὄζοντα,
2419 4298 2668 4370 καθάπερ
2689 4304 2810 4351 τινὰ
2850 4297 3064 4366 βδέλλαν
3096 4299 3307 4368 αἵματι,
3342 4303 3434 4354 καὶ
3463 4303 3586 4355 κάν-

2013 4380 2175 4453 θαρον
2209 4381 2398 4452 κόπρῳ
2427 4380 2758 4452 τρεφόμενον
2786 4382 2896 4442 τοῖς
2928 4380 3127 4450 ἐτέρων
3167 4384 3380 4445 κακοῖς·
3411 4382 3500 4436 τὸν
3526 4385 3583 4438 δὲ

2011 4463 2254 4534 εὔφημον
2285 4463 2476 4533 ἔχοντα
2507 4463 2697 4534 στόμα,
2735 4463 2809 4526 ὡς
2842 4462 3016 4516 κοινὸν
3044 4462 3354 4534 προσίενται
3398 4466 3578 4535 μέλος.

2011 4548 2086 4610 ῶς
2127 4547 2353 4616 ἀδελφὸν
2383 4546 2622 4615 γνήσιον,
2663 4545 2739 4608 ῶς
2780 4545 2965 4608 παῖδα,
3004 4545 3077 4608 ὡς
3107 4547 3336 4618 πατέρα.
3381 4548 3490 4600 Καὶ
3527 4550 3581 4602 τί

2010 4629 2152 4697 λέγω
2177 4627 2246 4681 τά
2269 4629 2509 4699 παρόντα
2536 4629 2631 4682 καὶ
2659 4630 2758 4692 τάς
2786 4628 2894 4680 τῶν
2912 4628 3213 4699 ἀνθρώπων
3244 4629 3431 4697 δόξαςς
3469 4633 3581 4685 Ἑν-

2009 4713 2199 4783 νόησόν
2241 4729 2329 4781 μοι
2369 4713 2466 4782 τὴν
2505 4713 2739 4784 φοϐερὰν
2777 4712 2994 4782 ἐκείνην
3033 4712 3266 4782 ἡμέραν,
3295 4713 3355 4765 τὸ
3389 4717 3581 4784 κριτή-

2014 4813 2126 4867 ριον
2149 4796 2210 4848 τὸ
2233 4795 2546 4859 ἀδέκαστον,
2571 4796 2673 4857 ὅτι,
2707 4795 2773 4848 ἂν
2801 4794 2898 4864 μὲν
2921 4794 3088 4864 ψευδῆ
3116 4794 3301 4867 λέγῃς,
3339 4797 3581 4867 προσθή-

2009 4897 2112 4951 κην
2150 4879 2560 4950 ἁμαρτημάτων
2590 4878 2858 4949 περιττῶν
2902 4879 3246 4950 προσθήσεις.
3280 4879 3442 4950 Λέγω
3471 4884 3580 4951 γὰρ

2009 4964 2172 5034 ὑμῖν,
2220 4965 2306 5018 ὅτι
2354 4963 2477 5017 πᾶν
2502 4961 2688 5031 ἀργὸν
2712 4961 2899 5030 ῥῆμα,
2929 4963 2961 5014 ὃ
2988 4961 3096 5015 ἐὰν
3135 4961 3494 5028 λαλήσωσιν
3525 4969 3580 5018 οι

2008 5049 2322 5116 ἄνθρωποι,
2363 5047 2666 5101 δώσουσιν
2697 5045 2849 5115 ὑπὲρ
2890 5045 3076 5100 αὑτοῦ
3111 5047 3296 5115 λόγον
3341 5045 3417 5112 τῷ
3459 5050 3581 5113 Θεῷ

2007 5131 2077 5184 ἐν
2111 5131 2303 5200 ἡμέρᾳ
2347 5133 2617 5199 κρίσεως.
2648 5129 2765 5183 Κᾶν
2796 5129 2988 5200 ἀληθῆ,
3020 5129 3202 5199 φησὶν,
3237 5125 3292 5201 ᾖ,
3326 5130 3444 5182 οὐδὲ
3489 5131 3580 5183 οὖ-

2007 5231 2116 5277 τως
2141 5214 2503 5286 ἀπαλλαγήσῃ
2535 5210 2947 5281 καταγνώσεως,
2982 5212 3341 5282 ἐκπομπεύων
3368 5213 3466 5276 τάς
3485 5215 3578 5267 τοῦ

2009 5297 2236 5366 πλησίον
2265 5298 2551 5368 συμφορὰς
2587 5296 2682 5350 καὶ
2704 5294 2772 5347 τὰ
2791 5295 2985 5365 ὀνείδη.
3025 5296 3306 5364 Ἐννόησον
3335 5297 3463 5364 γοῦν
3487 5299 3578 5350 τὸν

2007 5381 2315 5450 Φαρισαῖον.
2368 5381 2480 5433 Οὐκ
2519 5373 2586 5451 ἦν
2622 5376 2876 5448 τελώνης,
2914 5376 3050 5430 άλλά
3084 5377 3310 5430 τελώνου
3361 5379 3579 5448 γέγονεν

2010 5461 2475 5535 ἀμαρτωλότερος,
2497 5459 2682 5532 ἐπειδὴ
2705 5459 2794 5514 τὸν
2817 5459 3053 5530 τελώνην
3081 5461 3352 5514 ἐκάκισεν.
3377 5464 3489 5515 Οὐκ
3510 5457 3580 5533 ἦν

2078 5686 2220 5759 Si!!!
2251 5645 2658 5759 ὶάἓρῖχογγῦξειν
2677 5682 2833 5753 ἐκρῆνο
3259 5758 3264 5759 ,
3295 5757 3328 5759 _

2077 5747 2098 5786 τ
2123 5748 2219 5810 ,λιιι
2243 5749 2294 5794 e‘t
2319 5741 2468 5810 Sawji'l.
2489 5741 2873 5810 κατηγοροῦντες.
2922 5741 3020 5789 Sed
3045 5743 3219 5790 melius
3256 5741 3582 5810 κακηχοροῦν-

2010 5827 2121 5879 τες..
2138 5807 2264 5879 lytra
2279 5820 2368 5879 pro
2389 5809 2453 5879 ᾡς
2468 5803 2747 5879 «fumant
2765 5803 2946 5855 habent
2988 5816 3101 5854 mss.
3129 5811 3284 5863 recte,
3312 5803 3430 5854 euil.
3448 5803 3576 5852 Mor.

1909 5887 1912 5891 '
2011 5872 2126 5920 ὡσεὶ
2149 5867 2378 5931 βορϐόρου
2401 5867 2650 5921 ἀπόζοντα.
