4080 6340
527 407 631 467 257

528 528 813 597 Φαρισαῖος
843 525 871 577 6
898 526 1153 591 τελώνης,
1176 527 1312 581 ἀλλὰ
1345 526 1438 580 τοῦ
1470 524 1762 597 Φαρισαίου
1797 524 1984 593 γέγονε
2014 521 2093 574 δι-

525 610 824 679 καιότερος.
872 610 1056 679 ἐπειδὴ
1096 611 1282 662 ἑαυτὸν
1326 609 1624 662 ἐταλάνισε.
1669 606 1860 660 Ταῦτα
1899 605 2099 669 ἐποίη-

522 709 659 757 σας,
696 692 791 746 καί
830 693 1107 763 ἐσίγησα.
1152 694 1483 758 ’Υπέλαϐες
1516 693 1790 762 ἀνομίαν,
1831 691 1919 743 ὅτι
1962 689 2100 741 ἐσο-

521 776 626 845 μαί
654 793 749 829 σοι
779 775 998 843 ὅμοιος.
1029 777 1279 847 Ἐλέγξω
1299 793 1394 839 σε,
1418 776 1519 830 καὶ
1551 775 1921 845 παραστήσω
1948 772 2100 828 κατὰ

521 859 840 926 πρόσωπόν
887 875 1004 913 σου
1042 859 1148 926 τὰς
1178 861 1468 930 ἁμαρτίας
1497 876 1633 914 σου.

594 1001 682 1047 ια’.
710 990 862 1058 Εἶδες
891 994 1298 1063 φιλανθρωπίαν
1320 995 1559 1063 ἅφατονς
1590 990 1725 1057 εἶδες
1762 990 2095 1062 ἀγαθότητος

521 1076 855 1147 ύπερϐολήν;
884 1074 1020 1140 εἶδες
1058 1079 1434 1150 μακροθυμίας
1461 1076 1692 1130 πλοῦτον
1721 1077 1975 1146 ἄπειρον;
2008 1076 2095 1128 Σι-

520 1159 623 1230 γὴν
667 1160 775 1230 γὰρ
817 1159 1048 1214 ἐνταῦθα
1091 1160 1188 1231 τὴν
1225 1160 1601 1232 μακροθυμίαν
1640 1159 1805 1228 λέγει.
1844 1157 2092 1212 Τοσαῦτα

520 1242 841 1312 ἐτολμησας,
873 1244 1026 1312 φησὶ,
1064 1244 1157 1296 καὶ
1189 1244 1291 1297 οὐκ
1319 1242 1587 1314 ἐπεξῄειν,
1624 1242 1736 1295 ἀλλ’
1773 1241 2087 1311 ἠνειχόμην,

519 1327 612 1379 καὶ
644 1326 856 1395 ἔφερον,
882 1327 1065 1398 χώραν
1093 1344 1173 1380 σοι
1198 1328 1370 1390 διδοὺς
1399 1329 1476 1390 εἰς
1508 1327 1811 1398 μετάνοιαν.
1839 1327 1910 1378 Σὺ
1939 1325 1994 1379 δέ
2028 1327 2089 1378 οὐ

522 1408 679 1476 μόνον
706 1408 855 1463 οὐδὲν
884 1410 1177 1479 ἐκέρδανας
1216 1409 1482 1472 ἐντεῦθεν,
1519 1409 1654 1463 ἀλλά
1680 1409 1774 1462 καὶ
1809 1408 1941 1480 πρὸς
1976 1407 2090 1478 μεί-

519 1494 645 1556 ζονα
671 1491 958 1557 ἐξώκειλας
980 1493 1176 1547 κακίαν
1200 1506 1246 1547 α.
1280 1495 1354 1547 Ού
1374 1493 1482 1564 γὰρ
1505 1494 1569 1562 δὴ
1600 1494 1755 1561 μόνον
1778 1493 1840 1545 ού
1865 1493 2093 1563 μετεϐά-

518 1576 629 1635 λου,
665 1576 784 1628 οὐδὲ
818 1576 974 1644 μόνον
1008 1577 1068 1628 ού
1103 1576 1496 1649 κατῃσχύνθης,
1531 1576 1651 1629 οὐδὲ
1680 1576 1957 1643 κατέγνως
2000 1576 2092 1629 ἐπὶ

516 1662 628 1720 τοῖς
651 1656 799 1729 [241]
823 1658 1205 1728 γεγενημένοις
1232 1659 1446 1711 σαυτοῦ·
1476 1660 1590 1713 ἀλλ’
1615 1659 1712 1730 ήδη
1741 1659 1834 1712 καὶ
1872 1659 1970 1728 ἐμέ
2000 1658 2090 1711 τὸν

520 1743 1014 1814 μακροθυμήσαντά
1036 1760 1137 1805 σοι.
1154 1743 1244 1796 τὸν
1259 1744 1642 1814 ἀνασχόμενον,
1659 1743 1750 1797 τὸν
1770 1745 2086 1813 σιγήσαντα,

515 1826 604 1877 τὸν
637 1825 870 1878 τοσαῦτα
898 1826 1206 1893 ἐνεγκόντα,
1239 1818 1493 1896 ἐνόμισας
1518 1828 1579 1880 ού
1601 1826 1688 1879 διά
1712 1826 2089 1897 μακροθυμίαν

517 1910 608 1961 καὶ
643 1908 1047 1977 φιλανθρωπίαν
1081 1909 1288 1979 φέρειν,
1331 1908 1464 1961 ἀλλὰ
1496 1909 1585 1961 διὰ
1621 1908 1681 1961 τὸ
1711 1907 1784 1978 μὴ
1809 1907 2088 1976 βούλεσθαι

516 1991 685 2045 ταῦτα
715 1991 1087 2061 σωφρονίζειν,
1116 1992 1249 2061 μηδὲ
1279 1992 1603 2059 ἀγανακτεῖν
1625 1992 1718 2043 ἐπὶ
1741 1993 1853 2053 τοῖς
1871 1990 2090 2059 γινομέ-

517 2093 643 2138 νοις.
695 2077 915 2129 Σύνετε
956 2074 1031 2143 δὴ
1069 2075 1275 2136 ταῦτα.
1322 2079 1374 2129 οἱ
1409 2076 1939 2142 ἐπιλανθανόμενοι
1980 2072 2087 2126 τοῦ

517 2158 682 2211 Θεοῦ.
726 2159 886 2223 Ποῖα;
926 2158 1005 2210 Τὰ
1042 2159 1324 2228 εἰρημένα,
1364 2158 1515 2228 φησί.
1560 2158 1624 2210 Τί
1659 2159 1793 2217 ἐστι.
1833 2158 2086 2219 Σνύνετε;

516 2241 758 2312 Νοήσατε
781 2283 793 2295 .
824 2240 889 2292 Τί
917 2241 1025 2312 γάρ
1055 2240 1507 2311 συνεσκιασμένον
1532 2240 1775 2310 εῖρηται;
1805 2239 1855 2290 τί
1882 2238 1937 2291 δέ
1960 2238 2087 2290 πολ-

513 2323 611 2393 λῆς
662 2324 860 2395 χρῇζον
891 2323 1148 2394 ἐρεύνηςς
1178 2324 1426 2377 Μάλιστα
1477 2324 1571 2392 μὲν
1611 2323 1703 2374 καὶ
1732 2322 1891 2384 αὐτὸς
1927 2324 1955 2374 6
1987 2322 2085 2390 τῆς

512 2402 854 2464 διδασκαλίας
892 2403 1091 2471 τρόπος
1125 2401 1527 2472 ἐνηλλαγμένην
1568 2402 1890 2472 παρεισάγει
1936 2399 2086 2452 πολι-

511 2488 677 2539 τείαν.
702 2486 812 2539 Καὶ
832 2485 938 2557 γάρ
959 2486 1063 2538 τῶν
1085 2485 1281 2538 θυσιῶν
1298 2485 1357 2537 ού
1389 2484 1548 2537 πολὺν
1569 2485 1886 2554 ποιούμενος
1906 2482 2083 2552 λόγον,

511 2572 607 2640 τὴν
636 2562 993 2640 εὐαγγελικήν
1022 2571 1228 2637 εἰσάγει
1253 2568 1592 2639 νομοθεσίαν’
1615 2567 1788 2630 ἄλλως
1813 2567 1867 2619 δέ
1897 2567 2081 2638 ἐπειδὴ

515 2651 691 2723 πολλῷ
718 2652 795 2723 τῷ
826 2651 1042 2722 φορυτῷ
1078 2650 1187 2703 τῶν
1213 2650 1620 2721 ἁμαρτημάτων
1661 2646 1801 2721 ἦσαν
1835 2666 2083 2718 καταχω-

516 2736 749 2799 σθέντες,
788 2735 1037 2804 καθάπερ
1077 2734 1185 2787 ἀπὸ
1227 2734 1510 2804 τελμάτων
1553 2732 1715 2787 τινῶν
1750 2733 1848 2801 τῆς
1888 2733 2084 2796 κακίας

510 2819 818 2872 ἀνασπάσαι
862 2816 1201 2887 βουλόμενος,
1256 2818 1350 2872 καὶ
1401 2816 1590 2888 ὥσπερ
1638 2817 1747 2869 τῶν
1790 2815 2084 2884 ὀφθαλμῶν

509 2902 689 2972 λήμην
732 2900 1079 2971 ἀποκαθᾶραι
1135 2900 1233 2971 τὴν
1279 2900 1649 2972 προλαϐοῦσα-ι
1693 2893 1793 2967 τῆς
1842 2900 2085 2970 πονηρᾶς

460 3047 467 3055 ,
512 2983 796 3054 συνηθείας
834 2983 972 3043 ὁδὸν,
1001 2983 1255 3053 διεγείρει
1284 2985 1361 3045 εἰς
1395 2984 1613 3053 μνήμην
1648 2981 1821 3035 ἐλθεῖν
1852 2980 1960 3033 τῶν
1988 2997 2084 3047 γε-

507 3065 841 3136 γενημένων,
880 3065 967 3119 ἴνα
1005 3067 1077 3136 μὴ
1104 3065 1243 3138 λήθῃ
1272 3066 1602 3137 παραδόντες
1637 3066 1798 3128 αὐτὰ,
1834 3064 2083 3135 ἀκερδεῖς

507 3149 959 3219 ἀναχωρήσωσιν.
994 3149 1202 3219 Πολλὴν
1234 3148 1343 3221 γὰρ
1387 3152 1419 3219 ή
1456 3152 1515 3202 ἐν
1548 3150 1905 3219 ἁμαρτήμασι
1940 3164 2080 3200 συν-

507 3233 666 3303 ήθεια
710 3232 963 3304 πώρωσιν
997 3233 1097 3302 τῆς
1133 3232 1312 3301 ψυχῆς
1346 3232 1655 3303 ἐργάζεται,
1692 3233 1787 3285 καὶ
1822 3232 2083 3302 ἀνοήτους

508 3316 669 3375 ποιεῖ,
700 3315 792 3366 καὶ
830 3315 1020 3384 τυφλοῖ
1060 3315 1120 3367 τὸ
1153 3314 1435 3385 ὀξυδερκὲς
1483 3315 1580 3384 τῆς
1623 3314 1859 3378 διανοίας
1905 3315 2078 3385 ὄμμα.

510 3394 755 3460 Μήποτε
781 3395 1043 3463 ἁρπάσῃ,
1076 3398 1172 3450 καὶ
1201 3400 1271 3450 οὺ
1299 3397 1384 3465 μὴ
1413 3392 1454 3466 ᾖ
1490 3400 1522 3450 ό
1542 3398 1863 3465 ῥυόμενος.
1897 3398 1960 3450 Ὢ
1995 3414 2083 3464 φι-

507 3477 853 3547 λανθρωπίας
868 3479 1105 3547 ἀφάτουί
1132 3479 1351 3549 Μητρὸς
1372 3479 1723 3551 φιλοστόργου
1743 3480 1812 3532 τὰ
1840 3481 2078 3551 ῥήματα,

511 3559 708 3631 μᾶλλον
743 3560 801 3613 δὲ
841 3562 1082 3631 ἀπείρως
1119 3562 1220 3629 τὴν
1254 3561 1640 3631 φιλοστοργίαν
1671 3562 1888 3631 ἐκείνην
1918 3560 2080 3614 νικώ-

509 3660 606 3711 σης
638 3642 989 3712 ἁγαθότητος.
1027 3642 1089 3697 '0
1126 3644 1236 3716 γάρ
1260 3645 1529 3715 τοσαύτην
1560 3648 1812 3715 ἐμφήνας
1843 3660 2080 3713 κατηγο-

509 3725 650 3797 ρίαν,
691 3728 720 3779 ό
748 3726 1012 3796 τοσαύτην
1035 3726 1062 3766 1³
1093 3727 1262 3798 ὀργὴν
1302 3727 1710 3797 ἐπιδειξάμενος
1740 3727 2077 3799 προασφαλί-

504 3806 675 3874 ζεται.
726 3807 788 3864 Ὀ
850 3808 1038 3876 εἰπὼν,
1100 3810 1353 3880 Ἐλέγξω
1412 3826 1505 3874 σε,
1572 3811 1668 3864 καὶ
1707 3809 2078 3878 παραστήσω

505 3895 656 3949 κατὰ
687 3894 1010 3963 πρόσωπόν
1048 3910 1164 3950 σου
1203 3895 1309 3961 τὰς
1338 3896 1624 3965 ἁμαρτίας
1660 3911 1797 3960 σου,
1825 3896 1921 3949 καὶ
1943 3896 2078 3949 ἀπό-

503 3993 667 4046 φασιν
706 3975 953 4030 ἐκϐαλὼν
998 3978 1487 4043 καταδικάζουσαν,
1535 3978 1757 4032 ἀναλύει
1797 3978 1895 4049 τὴν
1947 3977 2076 4031 ἁπό-

505 4077 668 4127 φασιν
700 4059 883 4123 πάλιν,
927 4061 1024 4130 ούχ
1058 4062 1133 4126 ὼς
1167 4062 1494 4126 καταδίκους
1539 4065 1604 4133 τῇ
1637 4062 1876 4133 τιμωρίᾳ
1900 4078 2076 4131 παρα-

501 4141 694 4207 διδοὺς,
719 4143 832 4196 ἀλλ’
854 4143 928 4206 ὡς
951 4144 1261 4213 ὀφείλοντας
1287 4145 1649 4218 διορθωθῆναι
1666 4148 1731 4216 τῇ
1753 4146 2072 4216 παραινέσει

500 4227 597 4278 καὶ
615 4230 680 4297 τῇ
707 4226 983 4298 συμϐουλῇ
1025 4229 1367 4300 ἐγχειρίζων,
1397 4229 1474 4299 τῷ
1509 4230 1660 4299 φόϐῳ
1701 4226 2069 4298 σωφρονίζων,

500 4309 594 4361 καὶ
627 4308 819 4377 λέγων,
868 4310 1112 4375 Μήποτε
1136 4311 1375 4379 ἁρπάσῃ
1403 4313 1483 4376 ὡς
1511 4311 1666 4365 λέων
1684 4323 1730 4375 ο,
1761 4312 1858 4365 καί
1889 4314 1960 4365 οὺ
1983 4310 2069 4379 μὴ

499 4388 540 4463 ᾗ
565 4396 598 4446 ό
630 4395 939 4462 ῥυόμενος.
987 4396 1178 4449 Οὐσία
1224 4395 1510 4462 αἰνέσεως
1542 4395 1788 4460 δοξάσει
1826 4412 1923 4464 με,
1972 4394 2072 4447 καὶ

498 4474 623 4528 ἐκεῖ
650 4476 807 4542 ὁδὸς,
840 4476 919 4543 ἢν
937 4477 1113 4542 δείξω
1141 4478 1319 4548 αὐτῷ,
1355 4478 1422 4532 τὸ
1443 4480 1743 4548 σωτήριον
1769 4479 1874 4531 τοῦ
1899 4477 2063 4532 Θεοῦ.

498 4558 686 4624 Δείξας
710 4561 770 4613 τὸ
803 4561 1201 4631 φιλάνθρωπον,
1239 4562 1594 4632 παραινέσας,
1637 4559 2067 4632 συμϐουλεύσας,

498 4642 822 4712 ἀπειλήσας,
853 4644 1117 4715 φοϐήσας,
1145 4646 1445 4717 ἐπιστήσας
1467 4647 1566 4716 τὴν
1586 4645 1856 4715 τιμωρίαν
1896 4645 2069 4713 ἄκρα-

495 4742 607 4787 τον,
643 4725 737 4777 καί
780 4726 1086 4797 συμϐουλὴν
1131 4727 1476 4796 εἰσενεγκὼν,
1515 4728 1660 4797 λέγει
1691 4728 1786 4782 καὶ
1822 4727 1914 4780 τὸν
1945 4727 2068 4798 τρό-

497 4824 619 4870 πον,
657 4806 726 4860 δι’
768 4802 828 4859 οῦ
865 4808 1089 4861 δυνατὸν
1139 4809 1536 4881 διορθώσασθαι
1589 4811 1657 4864 τά
1701 4811 2063 4881 γεγενημένα,

497 4890 696 4943 εἰπών’
742 4891 932 4945 Θυσία
978 4893 1262 4959 αίνέσεως
1311 4893 1555 4959 δοξάσει
1595 4891 1770 4963 με.⁹“0
1813 4894 1869 4948 δὲ
1918 4893 2065 4961 λέγει

495 4973 652 5026 τοῦτό
685 4975 851 5027 ἐστιν·
891 4975 963 5028 Ού
996 4976 1154 5046 μόνον
1196 4979 1393 5031 παύσει
1437 4994 1537 5048 μου
1579 4979 1677 5046 τὴν
1719 4977 1909 5048 ὀργὴν,
1945 4976 2065 5029 οὐδὲ

496 5055 646 5107 λύσει
696 5057 796 5127 τὴν
846 5058 1166 5129 καταδίκην,
1207 5060 1342 5113 ἀλλά
1378 5061 1473 5114 καὶ
1515 5060 1727 5125 δοξάσει
1776 5076 1866 5129 με.
1918 5059 2064 5131 Ὅρα

494 5138 586 5190 τοῦ
623 5138 1044 5210 κατορθώματος
1067 5142 1127 5193 τὸ
1151 5142 1400 5211 μέγεθος,
1430 5144 1557 5196 ὅταν
1581 5145 1609 5196 6
1642 5142 1773 5205 Θεὸς
1800 5143 1868 5195 δι’
1900 5141 2062 5194 αὑτὸν

492 5220 796 5293 δοξάζηται.
825 5224 932 5277 Καὶ
967 5224 1095 5278 ἐκεῖ
1127 5225 1285 5292 όδὸς,
1323 5225 1400 5293 ἣν
1420 5226 1596 5291 δείξω
1632 5225 1808 5291 αὐτῷ,
1848 5225 1916 5279 τὸ
1947 5240 2065 5279 σω-

491 5306 697 5373 τήριον
722 5306 828 5360 τοῦ
859 5308 1026 5363 Θεοῦ.
1064 5305 1217 5374 Εἶδες
1258 5309 1447 5380 μισθὸν
1480 5310 1716 5379 ἀφατον;
1751 5305 1889 5374 εἶδες
1938 5308 2062 5379 φιλ-

489 5389 803 5461 ανθρωπίας
864 5393 1208 5466 ὑπερϐολήν;
1267 5394 1378 5465 Τὴν
1438 5393 1532 5449 τοῦ
1590 5394 1725 5449 Θεοῦ
1785 5396 1895 5464 γὰρ
1946 5395 2062 5450 ὁδὸν

552 5583 581 5642 _I
606 5571 740 5642 ρους
762 5576 1009 5642 gamma;
1036 5578 1233 5642 βλάϐην.

552 5635 589 5704 ξο-
604 5635 735 5704 Hna-c,
759 5638 973 5704 ipqvjvag;
991 5635 1295 5704 κὲῖηγορίαν,
1310 5638 1613 5704 ὁ-τοσαύτην,
1634 5639 1983 5704 ῤεὶόετεηιυι·
2007 5645 2061 5693 in

489 5695 810 5771 ggipnuoygl.
829 5695 937 5771 "ngl
964 5701 1013 5747 in
1037 5695 1145 5771 ειιίξι
1166 5695 1532 5771 ρχρῂιριρῐίυυε
1555 5695 1608 5748 ει
1631 5698 1780 5749 Savil.
1804 5703 2058 5771 leguntur,

492 5761 548 5803 el
558 5768 595 5823 ρ
609 5756 1097 5823 ρεοᾲιὶεηονηβτνειο
1120 5763 1247 5811 lecta
1272 5756 1541 5823 Lilineque
1560 5774 1792 5813 conversa
1812 5756 1943 5815 suvnt.

554 5815 581 5847 ⁸
604 5816 752 5869 Savil.
779 5819 963 5871 omittit
980 5824 1045 5880 ὡς
1064 5823 1201 5886 λέων,
1225 5824 1313 5873 sed
1334 5815 1482 5873 habei.
1504 5823 1626 5887 Reg.

1210 410 1269 466 S.
1308 408 1593 466 JOANNIS
1629 401 2121 465 CHRYSOSTOMI
2162 400 2481 459 ARCIHEP.
2523 404 3067 462 CONSTANTINOP.

3667 406 3773 464 958

2202 516 2398 581 δείξειν
2451 521 2863 589 ἐπαγγέλλεται,
2910 521 3005 575 καὶ
3045 520 3108 573 τὸ
3150 518 3318 583 ὅντως
3369 520 3634 591 σωτήριον
3675 522 3773 576 τοῦ

2200 599 2338 652 Θεοῦ
2369 605 2480 665 τοῖς
2507 600 2855 675 κατορθοῦσι.
2893 601 3221 673 Πειθώμεθα
3254 602 3436 655 τοίνυν
3482 601 3561 671 τῷ
3612 602 3775 672 ἐπαγ-

2197 684 2536 757 γελλομένῳ,
2593 689 2687 740 καὶ
2744 687 2833 740 διὰ
2888 687 3004 757 βίου
3065 683 3227 756 ὀρθοῦ
3287 686 3384 740 καὶ
3449 683 3639 749 θυσίας
3687 689 3774 741 αί-

2198 769 2398 831 νέσεως
2420 769 2610 823 τοῦτον
2637 770 2968 840 δοξάζωμεν.
2993 764 3141 840 Αὕτη
3168 769 3276 842 γὰρ
3295 771 3328 840 ή
3350 765 3466 834 όδδς
3485 770 3579 823 ἐπὶ
3608 783 3772 842 σωτη-

2199 851 2322 922 ρίαν
2363 853 2541 925 φέρει,
2570 854 2659 908 διά
2690 850 2791 925 τῆς
2825 854 3015 919 θυσίας
3043 854 3247 926 ταύτης
3265 870 3279 886 ⁸
3301 851 3371 928 ἧς
3399 855 3609 924 γένοιτο
3636 857 3772 911 ειτάν⁴

2195 959 2295 1005 τας
2339 944 2487 1013 ἡμᾶς
2531 946 2830 1015 ἐπιτυχεῖν,
2875 945 3058 1017 χάριτι
3101 945 3196 1000 καὶ
3243 945 3624 1017 φιλανθρωπία
3674 947 3769 1002 τοῦ

2195 1025 2402 1089 Κυρίου
2431 1026 2591 1096 ήμῶν
2652 1028 2828 1099 Ἰησοῦ
2868 1029 3133 1101 Χριστοῦ,
3168 1031 3251 1083 ότι
3280 1029 3427 1100 αὐτῷ
3450 1031 3484 1101 ή
3527 1024 3653 1095 δόξα
3676 1031 3772 1084 καὶ

2194 1108 2255 1161 τὸ
2282 1109 2503 1179 κράτος,
2534 1110 2630 1163 νῦν
2677 1112 2774 1165 καὶ
2801 1113 2910 1178 ἀεὶ,
2966 1113 3061 1166 καὶ
3112 1116 3193 1179 εἰς
3238 1114 3364 1178 τοὺς
3405 1114 3609 1179 αἰῶνας
3660 1113 3770 1171 τῶν

2193 1194 2422 1246 αἰώνων.
2477 1194 2534 1246 Ἀ
2541 1195 2670 1264 μήν.

2494 1424 2647 1499 [ιιι]
2685 1425 2795 1481 ΕΙΣ
2833 1429 2970 1482 ΤοΝ
3007 1426 3114 1484 PH'
3152 1428 3469 1489 ‘PAAMON.

2202 1643 2263 1695 '0
2315 1646 2483 1708 Θεὸς,
2532 1645 2648 1713 τὴν
2682 1644 2923 1700 αίνεσίν
2955 1663 3074 1714 μου
3116 1645 3198 1715 μὴ
3246 1648 3719 1717 παρασιωπήσῃς
3738 1662 3760 1682 ⁶

2259 1725 2348 1779 ὅτι
2388 1730 2583 1796 στόμα
2622 1728 2995 1798 άμαρτωλοῦ,
3039 1731 3134 1784 καὶ
3180 1733 3371 1801 στόμα
3416 1732 3626 1787 δόλιον
3665 1731 3761 1788 ἐπ’

2257 1809 2364 1876 ἐμὲ
2411 1809 2687 1877 ἠνοίχθη.
2757 1812 3104 1879 Ἐλάλησαν
3147 1814 3272 1867 κατ’
3316 1815 3461 1883 ἐμοῦ
3511 1815 3758 1885 γλώσσῃ

2257 1892 2450 1958 δολία,
2497 1895 2595 1947 καὶ
2634 1894 2837 1964 λόγοις
2869 1896 3091 1963 μίσους
3132 1898 3490 1952 ἐκύκλωσαν
3520 1916 3617 1967 με,
3659 1899 3759 1953 καὶ

2256 1974 2651 2043 ἐπολέμησαν
2675 1994 2754 2047 με
2786 1977 3029 2045 δωρεάν.
3072 1979 3229 2034 ’Λντὶ
3257 1981 3364 2035 τοῦ
3397 1979 3637 2050 ἀγαπᾷν
3659 1999 3753 2051 με,

2255 2058 2648 2112 ένδιέϐαλλόν
2697 2076 2776 2128 με
2800 2098 2815 2123 ,
2869 2059 2983 2129 ἐγὼ
3033 2060 3101 2114 δὲ
3150 2065 3604 2134 προσηυχόμην.
3647 2066 3754 2120 Καὶ

2261 2139 2466 2194 ἔθεντο
2488 2142 2614 2195 κατ’
2633 2141 2779 2211 ἐμοῦ
2802 2146 2957 2196 κακὰ
2986 2143 3121 2197 ἀντὶ
3155 2144 3409 2215 ἀπαθῶν,
3446 2147 3541 2199 καὶ
3578 2146 3757 2216 μῖσος

2258 2227 2393 2281 ἀντὶ
2462 2227 2567 2297 τῆς
2625 2229 2983 2299 άγαπήσεώς
3023 2249 3163 2299 μου.
3224 2232 3624 2299 Κατάστησον
3663 2234 3755 2287 ἐπ’

2256 2313 2447 2367 αὐτὸν
2504 2315 2889 2383 ἁμαρτωλὸν,
2945 2315 3043 2369 καὶ
3105 2316 3383 2384 διάϐολος
3442 2319 3641 2387 στήτω
3686 2318 3755 2373 ἐκ

2254 2394 2469 2459 δεξιῶν
2498 2396 2701 2451 αὐτοῦ.
2767 2398 2871 2450 Ἐν
2899 2397 2979 2462 τῷ
3009 2399 3316 2466 κρίνεσθαι
3355 2401 3560 2465 αὑτὸν,
3589 2401 3759 2465 ἐξέλ-

2255 2482 2344 2533 θοι
2377 2480 2979 2550 καταδεδικασμένος,
3014 2485 3110 2536 καὶ
3145 2486 3184 2551 ἡ
3223 2485 3537 2555 προσευχὴ
3569 2486 3754 2540 αὐτοῦ

2253 2563 2514 2631 γενέσθω
2547 2566 2634 2630 είς
2656 2564 2964 2634 ἁμαρτίαν.
2999 2567 3517 2634 Γενηθήτωσανάί
3545 2569 3755 2637 ἡμέραι

2253 2646 2439 2700 αὐτοῦ
2477 2648 2691 2717 ὀλίγαι,
2740 2649 2834 2702 καί
2858 2648 2974 2716 τὴν
3001 2649 3343 2719 ἐπισκοπὴν
3373 2650 3556 2704 αὑτοῦ
3582 2650 3754 2706 λάϐοι

2252 2730 2476 2798 ἕτερος.
2519 2731 2962 2800 Γενηθήτωσαν
3009 2736 3063 2787 οἱ
3104 2735 3221 2787 υἱοὶ
3260 2734 3445 2788 αὐτοῦ
3481 2735 3751 2803 ὀρφανοὶ,

2254 2815 2351 2867 καὶ
2388 2815 2428 2882 ἡ
2475 2813 2631 2883 γυνὴ
2669 2815 2857 2869 αὑτοῦ
2904 2816 3095 2884 χήραο
3143 2819 3538 2887 σαλευόμενοι
3571 2834 3754 2887 μετα-

2256 2898 2656 2963 ναστήτωσαν
2694 2901 2749 2951 οί
2790 2901 2905 2952 υἱοὶ
2944 2900 3131 2953 αὑτοῦ
3150 2942 3165 2964 ,
3213 2902 3310 2955 καὶ
3351 2901 3753 2970 ἑπαιτησάτω-

2253 2997 2396 3045 σαν,
2424 2982 2894 3050 ἐκϐληθήτωσαν
2920 2984 2989 3037 ἐκ
3032 2984 3153 3039 τῶν
3179 2985 3504 3039 οἰκοπέδων
3530 2985 3761 3042 αὐτῶν.-

2266 3066 2747 3133 Ἐξερευνησάτω
2771 3067 3093 3135 δανειστὴς
3123 3068 3318 3121 πάντα
3356 3067 3471 3122 ὅσα
3496 3069 3754 3137 ὑπάρχει

2250 3146 2446 3212 αὐτῷ,
2506 3149 2606 3201 καὶ
2687 3148 3193 3218 διαρπασὰτωσιιν
3239 3151 3540 3221 ἀλλότριοι
3604 3150 3754 3218 τοὺς

2251 3232 2477 3297 πόνους
2508 3231 2713 3285 αὑτοῦ.

2250 3408 2322 3464 α’.
2359 3408 2564 3478 Πολλῆς
2592 3408 2826 3462 ἐνταῦθα
2870 3410 3137 3471 συνέσεως
3166 3414 3297 3482 ἡμίν
3325 3413 3498 3485 χρεία.
3531 3411 3613 3465 Τά
3635 3411 3751 3485 γὰρ

2183 3493 2406 3565 ῥήματα
2425 3491 2567 3545 κατά
2592 3492 2693 3562 τὴν
2720 3491 2882 3563 ψιλὴν
2912 3494 3211 3566 προφορὰν,
3238 3495 3331 3548 καὶ
3348 3498 3445 3564 τὴν
3459 3494 3749 3566 πρόχειρον

2178 3575 2471 3645 ἀκρόασιν.
2531 3574 2761 3639 πολλοὺς
2799 3575 2911 3629 τῶν
2959 3576 3033 3647 μὴ
3085 3578 3456 3647 προσεχόντων
3506 3577 3747 3649 θορυϐεῖ.

2179 3660 2287 3713 Καὶ
2307 3659 2416 3729 γάρ
2448 3659 2588 3729 ἀρᾶς
2613 3658 2759 3721 ἄπας
2788 3661 2815 3712 6
2852 3658 3066 3729 ψαλμδς
3099 3660 3495 3733 ἐμπέπλησται,
3529 3661 3622 3714 καὶ
3650 3661 3747 3717 διὰ

2175 3742 2430 3795 τοιούτων
2457 3740 2602 3804 ἄπας
2627 3741 2902 3813 διεξῆλθεν
2930 3744 3059 3813 ἡμῖν
3085 3744 3112 3794 6
3150 3742 3336 3809 λόγος,
3363 3745 3455 3796 καὶ
3493 3745 3746 3815 ἐμφαίνει

2178 3829 2300 3880 τινά
2339 3828 2509 3897 θυμὸν
2554 3828 2742 3892 ζέοντα
2779 3830 2874 3881 καὶ
2906 3828 3104 3899 διακαῆ
3136 3828 3227 3883 τοῦ
3260 3830 3525 3899 λέγοντος,
3559 3833 3651 3884 καὶ
3675 3832 3744 3884 οὐ

2181 3911 2341 3983 μέχρι
2371 3911 2465 3964 τοῦ
2494 3912 2804 3976 ἀδικοῦντος
2841 3914 3145 3984 ἱστάμενον,
3190 3912 3325 3967 ἀλλά
3366 3913 3458 3966 καὶ
3498 3914 3588 3967 ἐπὶ
3616 3916 3747 3967 παῖ-

2175 3994 2291 4056 δας.
2324 3995 2415 4046 καὶ¹
2447 3996 2680 4066 πατέρα,
2718 3996 2811 4048 καὶ
2848 3997 3058 4067 μητέρα
3104 3996 3409 4068 προάγοντα
3438 3999 3538 4066 τὴν
3571 4016 3746 4069 τιμω-

2180 4077 2319 4146 ρίαν,
2344 4080 2437 4130 καὶ
2466 4078 2585 4131 οὐδὲ
2632 4080 2731 4149 μιᾷ
2766 4079 3101 4149 ἀρκούμενον
3147 4082 3419 4151 συμφορᾷ,
3465 4080 3599 4135 ἀλλά
3644 4083 3745 4136 καὶ

2174 4160 2317 4213 κακὰ
2357 4161 2449 4214 ἐπὶ
2481 4164 2671 4223 κακοῖς
2700 4164 3055 4216 συνάπτοντα.
3091 4163 3230 4233 Ὅρα
3261 4163 3368 4236 γὰρ
3410 4164 3510 4217 ὅσα
3544 4164 3746 4218 κατεύ-

2172 4261 2342 4313 χεται.
2407 4244 2803 4313 Κατάστησον
2849 4247 2942 4299 ἐπ’
2991 4246 3172 4301 αὐτὸν
3230 4247 3597 4316 ἁμαρτωλὸν,
3635 4251 3742 4305 και

2171 4326 2447 4393 διάϐολος
2471 4327 2669 4392 στήτω
2709 4329 2777 4382 ἐκ
2812 4328 3025 4393 δεξιῶν
3061 4330 3267 4384 αὐτοῦ.
3297 4330 3601 4395 Τουτέστιν,
3634 4333 3759 4387 ὑπὸ·

2171 4411 2496 4480 κατηγόροις
2549 4413 2757 4479 γένοιτο
2815 4414 3067 4482 πονηροῖς
3122 4412 3430 4484 ἀνθρώποις
3474 4416 3568 4470 καὶ
3613 4418 3742 4469 ἐπι-

2171 4492 2402 4554 ϐούλοις,
2430 4493 2522 4545 καὶ
2550 4494 2623 4563 μὴ
2647 4495 2990 4565 περιγένοιτο
3008 4496 3205 4551 αὐτῶν.
3230 4496 3397 4552 Τοῦτο
3425 4500 3533 4570 γάρ
3567 4501 3737 4564 ἐστιν,

2183 4577 2285 4629 Ἐν
2309 4576 2389 4640 τῷ
2423 4577 2728 4643 κρίνεσθαι
2759 4579 2945 4631 αὑτὸν
2974 4578 3209 4641 ἐξέλθοι
3240 4580 3712 4651 καταδεδικασμέ
3732 4617 3743 4623 -

2168 4676 2292 4724 νος.
2328 4657 2431 4711 Καὶ
2461 4660 2560 4711 οὐκ
2585 4659 2825 4730 ὴρκέσθη
2855 4661 3025 4730 ταύτῃ
3053 4663 3121 4732 τῇ
3151 4662 3407 4731 τιμωρίᾳ,
3440 4663 3572 4716 ἀλλά
3600 4665 3742 4735 μετὰ

2168 4742 2264 4812 τῆς
2290 4742 2588 4811 καταδίκης
2612 4741 2813 4812 ταύτης
2844 4742 3062 4814 εῦχεταί
3089 4760 3210 4796 τινα
3240 4744 3424 4816 ἕτερον
3457 4746 3573 4815 μετ’
3602 4749 3741 4800 ἐκεί-

2167 4843 2256 4878 νον
2283 4826 2379 4897 τὴν
2432 4827 2641 4879 ἐκείνου
2674 4826 2856 4880 λαϐεῖν
2881 4827 3064 4898 τιμὴν,
3110 4828 3306 4895 λέγων,
3344 4829 3462 4895 Τὴν
3488 4830 3738 4884 ἐπισκο-

2167 4907 2292 4975 πὴν
2314 4910 2498 4962 αὑτοῦ
2520 4909 2692 4962 λάϐοι
2720 4910 2937 4978 ἔτερος.
2965 4910 3070 4963 Καὶ
3093 4911 3211 4964 ούδέ
3238 4911 3468 4965 ἐνταῦθα
3495 4913 3733 4975 ἵσταται.

2165 4990 2301 5043 ἀλλά
2319 4991 2412 5043 καὶ
2436 4992 2525 5044 τὸν
2542 4992 2700 5062 μόνον
2728 4991 3220 5063 καταλελειμμένον
3237 4992 3429 5064 λιμένα
3454 4996 3736 5065 προσχὼν-

2165 5089 2305 5138 νυσι,
2337 5075 2468 5145 μηδέ
2501 5075 2603 5127 ὑπὸ
2631 5074 2725 5126 τοῦ
2752 5074 2888 5127 Θεοῦ
2927 5074 3071 5139 τινὸς
3109 5075 3513 5151 φιλανθρωπίας
3546 5080 3735 5146 τυχεῖν

2166 5154 2331 5218 ἀξιῶν
2351 5157 2444 5208 καὶ
2475 5156 2676 5222 λέγων·
2700 5156 2813 5211 Καὶ
2848 5159 2887 5226 ἠ
2917 5158 3227 5227 προσευχὴ
3254 5159 3441 5212 αὑτοῦ
3470 5160 3735 5228 γενέσθω

2164 5240 2252 5303 εις
2287 5240 2594 5307 ἁμαρτίαν.
2634 5240 2745 5292 Καὶ
2775 5240 2957 5309 μέντοι
3001 5242 3096 5295 καὶ
3127 5241 3354 5296 θάνατον
3391 5241 3567 5312 ἄωρον
3596 5244 3735 5294 ὑπο-

2168 5324 2349 5391 μεῖναι
2378 5321 2535 5385 ἀξιοῖ.
2563 5322 3006 5387 Γενηθήτωσαν
3037 5323 3166 5391 γὰρ,
3199 5326 3383 5392 φησιν,
3412 5327 3474 5378 αἱ
3516 5323 3732 5393 ἡμέραι

2163 5403 2348 5457 αὐτοῦ
2393 5404 2608 5473 ὀλίγαι.
2655 5403 2765 5457 Καὶ
2815 5404 2935 5457 οὐδὲ
2987 5405 3221 5459 ἐνταῦθα
3258 5406 3500 5468 ἵσταται,
3548 5406 3735 5463 καίτοι.

2163 5486 2259 5540 καὶ⁷
2283 5486 2343 5538 τὸ
2362 5485 2532 5538 ταῦτα
2560 5486 2697 5555 μόνα
2719 5488 2893 5539 εἰπεῖν
2928 5487 3108 5558 ἤρκει,
3134 5490 3163 5542 6
3193 5488 3249 5542 δὲ
3279 5490 3372 5544 καὶ
3398 5489 3726 5560 ἐπιτίθησιν,

2160 5569 2297 5637 ὅπερ
2325 5566 2527 5638 σφόδρα
2564 5567 2713 5620 ἐστὶν
2747 5570 3162 5641 ἐκκεκαυμένης
3181 5570 3378 5643 ψυχῆς.
3410 5573 3471 5625 τὸ
3512 5571 3586 5643 μὴ
3624 5573 3730 5642 μιᾷ

2165 5651 2298 5721 μηδέ
2334 5650 2563 5723 δευτέρᾳ
2598 5651 2934 5722 ἀρκεσθῆναι
2978 5657 3236 5725 τιμωρίᾳ,
3283 5655 3417 5709 6116
3455 5655 3729 5718 τοσαύτας

2160 5734 2464 5804 ἐπαχθῆναι
2491 5736 2680 5790 αἰτεῖν.
2711 5735 2791 5788 Τά
2832 5736 2890 5790 δὲ
2918 5737 3167 5792 ἐντεῦθεν
3198 5740 3278 5792 ἔτι
3313 5738 3490 5804 πολλῷ
3514 5737 3732 5792 τούτων

2160 5818 2534 5890 χαλεπώτερα.
2584 5819 2695 5874 Καὶ
2744 5818 2855 5892 γὰρ
2898 5820 3180 5895 ὀρφανίαν,
3224 5824 3320 5877 καὶ
3361 5824 3583 5896 χηρείαν
3608 5822 3727 5878 τῶν
