4108 6344
351 399 455 455 957

352 509 640 566 maledixit.
688 507 1005 564 Publicanus
1050 520 1155 561 non
1197 513 1312 561 erat
1357 504 1678 567 Pharisarus,
1710 502 1803 558 sed
1833 501 1926 557 fuit

351 602 620 659 Pharis-aro
631 600 843 670 justior,
862 599 1110 669 quoniam
1125 597 1198 652 sei
1205 611 1356 666 psum
1373 595 1624 650 miserum
1640 610 1760 650 esse
1781 594 1929 650 duxit

351 692 511 766 (Luc.
545 691 630 746 18.
683 691 768 744 l0.
796 706 902 759 sqq.
928 688 970 760 ).
998 687 1123 743 Hac
1150 687 1329 759 fecisti,
1361 697 1406 740 et
1426 687 1579 738 tacui.
1611 684 1931 740 Existimasti

348 785 678 853 iniquitatem,
719 781 852 848 quod
900 796 984 834 ero
1027 780 1112 833 tibi
1153 780 1350 833 similis.
1380 779 1607 849 Arguam
1640 788 1718 843 te,
1752 787 1800 832 et
1827 787 1932 832 sta-

348 885 488 933 :ttam
537 882 711 928 contra
750 873 929 944 facient
971 882 1112 924 tuam
1147 880 1350 939 peccata
1398 881 1503 924 tua.

420 968 506 1022 Η.
537 965 807 1021 Silentium
834 959 951 1027 Dei,
981 965 1091 1033 ejus
1125 963 1383 1032 patientia.
1430 960 1748 1017 Consuetudo
1784 963 1930 1015 vitio-

347 1076 459 1113 rum
485 1058 604 1129 quid
625 1059 814 1127 pariat.
854 1055 990 1108 Deus
1008 1063 1140 1107 recte
1173 1054 1318 1124 factis
1341 1055 1521 1106 nostris
1542 1054 1832 1106 honoratur.
1860 1083 1930 1092 —

348 1150 539 1204 Vidisti
593 1148 970 1202 humanitatem
1024 1144 1380 1199 inell'abilem?
1427 1144 1614 1198 Vidisti
1664 1161 1926 1198 summam

347 1238 673 1294 bonitatem?
698 1237 874 1292 vidisti
901 1236 1135 1290 inﬁnitas
1157 1250 1286 1304 opes
1311 1235 1616 1304 patientiae?
1650 1233 1925 1290 Silentium

352 1332 495 1387 enim
523 1333 608 1386 hic
633 1330 762 1385 dicit
791 1329 1116 1399 patientiam.
1145 1327 1267 1388 Tot,
1299 1324 1487 1396 inquit,
1515 1334 1570 1380 et
1603 1335 1744 1381 tanta
1766 1343 1927 1381 ausus

345 1438 445 1478 es:
475 1437 573 1477 nec
600 1421 666 1475 de
693 1431 744 1475 te
768 1429 944 1474 tamen
976 1432 1166 1488 punias
1186 1417 1407 1486 sumpsi,
1450 1417 1542 1470 sed
1573 1432 1759 1486 passus
1784 1433 1920 1483 sum,

347 1523 402 1568 et
429 1513 668 1580 toleravi,
699 1513 832 1566 dans
859 1511 1035 1565 locum
1067 1507 1394 1578 paenitentia:
1424 1507 1442 1578 (
1476 1503 1622 1560 Rom.
1646 1506 1699 1560 2.
1725 1508 1759 1562 4
1778 1507 1819 1578 ).
1848 1509 1890 1562 Τ
1895 1526 1926 1562 u

345 1615 521 1658 autem
549 1619 611 1657 ex
639 1617 703 1657 eo
732 1616 837 1656 non
885 1599 1042 1655 modo
1069 1598 1197 1653 nihil
1229 1596 1559 1662 lucrifecisti,
1592 1598 1684 1652 sed
1730 1597 1780 1652 iu
1811 1615 1922 1652 ma-

341 1695 430 1764 jus
473 1695 631 1749 etiam
674 1693 858 1747 vitium
905 1690 1200 1760 impegisti.
1247 1688 1363 1743 Non
1409 1689 1579 1742 solum
1627 1690 1766 1744 enim
1820 1707 1924 1744 nou

345 1796 577 1840 mutatus
602 1801 679 1852 es,
717 1798 814 1838 nec
843 1783 1012 1838 solum
1043 1798 1148 1836 non
1177 1796 1236 1834 es
1283 1780 1484 1849 pudore
1524 1781 1775 1846 sulTusus,
1829 1799 1926 1837 nec

345 1887 562 1946 propter
587 1891 670 1940 ea,
700 1890 818 1944 qurc
853 1889 884 1928 a
911 1884 960 1928 te
988 1871 1126 1926 facta
1156 1879 1313 1936 sunt,
1348 1872 1572 1940 teipsum
1607 1872 1927 1926 condemna-

343 1968 412 2021 sti
446 1986 458 2020 :
493 1967 585 2020 sed
619 1982 703 2019 me
731 1965 889 2019 etiam
911 1965 997 2033 qui
1023 1965 1171 2032 longa
1201 1962 1252 2015 in
1276 1972 1326 2016 te
1349 1963 1596 2031 patientia
1631 1977 1756 2016 usus
1784 1978 1920 2031 sum,

342 2057 432 2126 qui
463 2056 724 2120 toleravi,
773 2055 864 2124 qui
909 2053 1065 2115 tacui,
1099 2053 1186 2122 qui
1218 2062 1294 2106 tot
1323 2061 1376 2106 et
1416 2062 1553 2106 tanta
1587 2053 1702 2118 tuli,
1743 2054 1924 2106 existi-

342 2147 499 2200 masti
522 2161 624 2200 non
641 2146 753 2199 haec
769 2144 908 2198 ferre
929 2152 1142 2212 propter
1164 2142 1467 2212 patientiam
1491 2150 1543 2196 et
1563 2143 1919 2207 clementiam,

341 2235 435 2290 sed
466 2245 744 2305 propterea
778 2233 920 2303 quod
979 2233 1178 2288 nollem
1228 2231 1342 2285 htec
1381 2231 1665 2300 castigari,
1699 2241 1751 2285 et
1783 2234 1922 2302 quod

341 2343 402 2380 ea
423 2343 540 2395 quze
563 2336 664 2381 ate
687 2325 903 2391 fiebant,
935 2340 1040 2378 non
1071 2339 1212 2394 aegre
1244 2323 1463 2378 ferrem.
1504 2323 1594 2377 22.
1625 2323 1916 2395 lnlclligite,

342 2417 564 2481 obsecro,
600 2416 730 2479 Ita'c,
769 2417 856 2486 qui
907 2414 1256 2468 obliviscintini
1295 2411 1481 2466 Deum.
1514 2413 1809 2480 Quasnam?
1847 2416 1919 2470 Ea

340 2522 459 2576 qua:
484 2507 623 2562 dicta
663 2517 805 2572 sunt,
855 2506 1044 2575 inquit.
1097 2504 1232 2570 Quid
1261 2513 1363 2570 est,
1390 2503 1706 2574 lutelligite?
1729 2505 1920 2561 Consi-

339 2597 542 2654 derate.
590 2598 725 2665 Quid
770 2607 948 2651 autem
990 2596 1190 2650 dictum
1236 2603 1318 2649 est
1362 2595 1674 2659 obscurum,
1700 2597 1918 2666 etquod

339 2705 528 2759 magna
555 2697 705 2758 egeat
733 2686 1193 2756 perscrutatione?
1219 2685 1444 2739 Maxime
1471 2685 1684 2754 quidem
1725 2695 1777 2740 et
1807 2687 1919 2756 ipse

339 2780 531 2834 modus
555 2778 779 2834 docendi
823 2778 1021 2832 inducit
1046 2783 1303 2830 mutatam
1347 2774 1571 2828 fortnam
1617 2776 1911 2846 religionis.

336 2870 470 2926 Cum
501 2873 642 2925 enim
685 2868 1069 2923 sacriﬁciorum
1101 2881 1209 2920 non
1237 2880 1481 2935 magnam
1510 2865 1701 2920 habeat
1746 2868 1912 2921 ratio-

337 2975 481 3025 nem,
527 2957 811 3013 introducit
853 2958 998 3026 leges
1039 2955 1376 3024 cvangelicas
1419 2961 1518 3008 :et
1561 2955 1755 3024 alioqui
1785 2973 1918 3026 quo-

337 3052 478 3108 niam
508 3061 658 3106 erant
685 3057 1022 3119 peccatorum
1063 3046 1328 3117 profundo
1352 3061 1507 3102 caeno
1535 3046 1730 3113 obruti,
1783 3057 1917 3101 tam-

336 3160 493 3216 quam
521 3159 551 3198 a
595 3141 907 3214 quibusdam
949 3140 1163 3195 malitia:
1211 3140 1552 3209 voraginibus
1589 3139 1773 3194 volens
1819 3154 1914 3195 eos

337 3234 641 3300 extrahere,
667 3241 720 3288 et
748 3231 908 3287 veluti
941 3231 1134 3285 letnam
1165 3231 1459 3294 oculorum,
1492 3244 1785 3300 expurgare
1820 3245 1914 3284 vo-

334 3329 448 3383 lens
476 3328 612 3381 viam
643 3325 836 3394 prioris
863 3324 1023 3377 make
1052 3321 1472 3388 consuetudinis,
1516 3337 1609 3376 eos
1639 3322 1835 3376 excitat
1855 3331 1914 3377 ut

333 3435 394 3474 ea
421 3435 540 3490 qua:
584 3417 722 3473 facta
766 3425 891 3472 sunt
935 3417 988 3469 in
1034 3414 1344 3468 memoriam
1397 3421 1670 3479 revocent,
1713 3429 1782 3468 ne
1829 3414 1912 3469 his

333 3509 588 3565 oblivioni
617 3507 842 3572 traditis,
867 3505 1066 3576 absqu‘e
1093 3504 1241 3559 lucro
1266 3503 1535 3558 recedant.
1567 3502 1746 3572 Longa
1766 3504 1910 3559 enim

332 3602 578 3657 vitiorum
599 3599 930 3655 consuetudo
951 3613 1195 3668 magnam
1214 3595 1367 3651 aliert
1386 3597 1676 3652 caacitatem
1694 3597 1906 3664 animai,

333 3705 387 3748 et
412 3701 650 3748 amentes
671 3690 854 3757 elIieit,
883 3698 938 3746 et
977 3689 1309 3759 perSpicaees
1337 3688 1522 3743 oculos
1547 3688 1909 3758 intelligentia:

331 3787 488 3842 eruit.
522 3783 806 3853 Nequando
836 3782 1026 3851 rapiat,
1055 3789 1099 3834 et
1121 3796 1222 3834 non
1246 3779 1312 3833 sit
1352 3780 1439 3850 qui
1472 3779 1672 3848 eripiat.
1701 3778 1746 3833 0
1777 3778 1910 3832 inef-

331 3877 544 3932 fabilem
574 3874 908 3930 clementiam
933 3874 947 3926 ε
981 3873 1088 3927 Pisc
1116 3871 1302 3926 matris
1330 3871 1443 3926 haec
1461 3872 1621 3926 verba
1649 3879 1791 3937 sunt,
1822 3871 1907 3926 vel

330 3969 474 4023 illam
519 3968 693 4037 potius
733 3965 980 4034 pietatem
1021 3963 1255 4017 bonitate
1293 3962 1448 4032 longe
1485 3971 1752 4032 superant.
1805 3962 1906 4030 Qui

328 4061 470 4115 enim
493 4070 596 4113 tam
625 4057 770 4128 gravi
799 4056 1137 4111 accusatione
1164 4068 1290 4108 usus
1319 4063 1419 4120 est,
1448 4053 1535 4121 qui
1568 4061 1764 4106 tantam
1794 4068 1906 4122 pra:

327 4168 388 4207 se
419 4149 986 4220 tulitiudiguationem,
1011 4147 1123 4216 ipse
1150 4159 1244 4199 eos
1263 4145 1544 4214 prtemuuit
1566 4145 1720 4211 ‘.Qui
1751 4144 1902 4210 dixit,

329 4246 554 4315 Arguam
610 4252 676 4307 te,
721 4251 767 4294 et
822 4249 1039 4293 statuant
1089 4247 1205 4290 ante
1260 4236 1440 4308 facient
1506 4246 1643 4289 tuam
1704 4245 1906 4304 peccata

330 4345 440 4403 tua,
467 4347 522 4389 et
544 4332 1002 4388 condemnatiouis
1028 4330 1205 4385 emisit
1253 4329 1593 4394 sententiam,
1639 4343 1755 4382 eam
1785 4344 1905 4382 rur-

329 4443 421 4484 sus
448 4426 721 4493 resciudit,
750 4440 855 4478 non
906 4433 1174 4493 tamquam
1217 4435 1339 4476 reos
1365 4419 1579 4475 tradens
1607 4421 1902 4488 supplicio,

328 4520 421 4575 sed
453 4529 718 4587 tamquam
746 4518 832 4586 qui
875 4517 1122 4571 suasione
1152 4524 1206 4570 et
1248 4513 1608 4568 admonitione
1648 4513 1905 4569 deberent

327 4611 543 4679 corrigi,
571 4620 714 4664 metu
735 4622 1009 4673 coercens,
1037 4607 1317 4661 continens
1341 4621 1404 4660 ac
1432 4605 1632 4669 dicens,
1669 4605 1752 4660 Ne
1775 4611 1905 4676 forte

326 4705 495 4772 rapiat
523 4712 578 4757 ut
605 4703 688 4756 leo
726 4703 766 4767 ',
795 4710 841 4756 et
883 4717 984 4754 non
1009 4701 1070 4754 sit
1097 4701 1183 4770 qui
1224 4699 1424 4769 eripiat.
1461 4699 1549 4752 25.
1583 4700 1904 4767 Sacriﬁcium

328 4794 494 4848 laudis
524 4791 874 4861 honoriﬁcabit
895 4808 996 4854 me,
1025 4801 1070 4844 et
1089 4791 1193 4844 illic
1217 4790 1330 4854 iter,
1356 4789 1490 4860 quod
1518 4790 1777 4843 ostendant
1802 4791 1900 4857 illi,

325 4883 551 4937 salutare
605 4881 718 4934 Dei.
775 4881 1058 4950 Postquam
1101 4879 1332 4934 ostendit
1387 4879 1724 4934 clementiam
1776 4896 1901 4934 sua-

327 4972 525 5038 dendo,
547 4970 894 5036 consulendo,
924 4970 1175 5024 minando
1199 4984 1260 5024 ac
1286 4969 1560 5036 terrendo,
1591 4985 1778 5039 purum
1818 4969 1902 5023 af.

327 5063 554 5119 ferendo
623 5063 974 5132 supplicium,
1025 5070 1080 5116 et
1151 5061 1536 5117 iutroducendo
1599 5063 1898 5128 consilium,

330 5155 568 5210 ostendit
615 5155 774 5208 etiam
805 5153 1020 5207 modum
1050 5168 1148 5222 per
1190 5167 1346 5221 quem
1383 5154 1588 5218 possint
1631 5154 1902 5224 corrigere

325 5262 446 5316 qua:
499 5244 635 5299 facta
687 5252 829 5306 sunt,
884 5243 1110 5298 dicens:
1152 5243 1475 5311 Sacriﬁcium
1530 5243 1695 5297 laudis
1743 5245 1902 5297 Itono-

325 5336 539 5404 rificabit
586 5352 684 5389 me.
739 5335 792 5388 Id
827 5342 912 5388 est
959 5343 1135 5388 autem
1183 5333 1320 5402 quod
1349 5332 1520 5387 dicit:
1569 5332 1684 5386 Non
1727 5335 1899 5389 solum

325 5428 460 5482 iram
501 5440 672 5480 meam
700 5424 938 5490 sedabit,
971 5431 1060 5477 aut
1086 5422 1351 5478 reseindet
1377 5421 1896 5489 caudemnationem,

390 5569 406 5600 ι
440 5569 512 5616 sic
530 5569 576 5616 in
599 5567 822 5616 omnibus
840 5564 946 5614 fere
970 5563 1332 5623 exemplaribus
1356 5571 1407 5612 et
1431 5564 1478 5625 in
1499 5563 1606 5625 ipso
1627 5561 1798 5612 Savilio
1821 5563 1898 5612 le-

324 5629 473 5692 gitur.
498 5629 585 5692 sed
607 5630 653 5676 iu
672 5627 842 5692 μοι-ει.
866 5627 984 5692 fidit.
1009 5628 1081 5675 sic
1122 5627 1328 5692 habe-ur
1352 5638 1365 5673 :
1392 5624 1479 5692 Qui
1518 5624 1698 5692 tantum
1721 5637 1824 5692 prce
1846 5637 1898 5674 se

324 5686 430 5756 t'utt't
448 5688 836 5799 indignationem,
861 5689 963 5752 ipse
981 5700 1059 5738 eos
1081 5688 1354 5750 prtcmunt't,
1372 5689 1552 5737 omisso
1575 5687 1735 5748 priore
1758 5686 1899 5748 phra-

324 5764 390 5798 Sls
419 5765 547 5799 mem
585 5764 654 5799 ΓΟ.

320 5764 390 5798 ειμι
419 5764 654 5799 memoro.

389 5814 408 5843 ³
444 5820 552 5862 ιωεε
577 5813 742 5874 verba,
765 5817 815 5861 ut
839 5810 1121 5872 leo,omittit
1143 5808 1357 5860 Savilius.

1442 388 1798 447 EXPOSITIO
1837 387 1901 444 IN
1942 388 2263 445 PSALMUM
2305 391 2483 450 CVlll.

3505 399 3611 451 258

2038 507 2132 560 sed
2159 522 2245 562 me
2268 508 2428 564 etiam
2454 510 2656 566 honore
2675 512 2889 568 afficiet.
2914 511 3046 568 Vide
3075 512 3314 583 prmelari
3345 509 3464 567 facti
3494 529 3606 566 mn-

2034 595 2384 665 gnitudinem,
2415 600 2626 668 quando
2656 601 2792 657 Deus
2837 619 2931 672 per
2974 604 3145 673 ipsmu
3195 603 3396 657 honore
3442 601 3610 655 allici-

2038 697 2141 741 tur.
2173 687 2239 741 Et
2267 690 2371 743 illic
2400 692 2510 756 iter,
2538 693 2674 760 quod
2712 694 2970 748 ostendam
2999 693 3093 759 illi,
3124 695 3344 748 salutare
3373 692 3484 746 Dei.
3523 693 3608 746 Vi-

2035 779 2156 834 disti
2184 781 2484 836 mercedem
2507 782 2860 838 inell‘abilem?
2887 784 3064 839 vidisti
3090 800 3350 838 summam
3373 785 3610 838 clemen-

2035 871 2204 924 tiam?
2231 872 2322 927 Dei
2375 875 2515 926 enim
2561 874 2696 927 viam
2740 882 3073 928 ostensurum
3118 875 3414 944 pollicetur,
3462 883 3516 926 et
3557 871 3604 924 id

2034 958 2173 1032 quod
2200 972 2281 1017 est
2307 979 2431 1018 vere
2461 964 2556 1018 Dei
2587 965 2819 1028 salutare,
2860 965 2923 1019 iis
2976 965 3066 1034 qui
3117 975 3261 1019 recte
3307 979 3365 1019 se
3393 971 3597 1035 gerunt.

2037 1057 2095 1111 Ei
2124 1073 2252 1127 ergo
2273 1059 2598 1126 promittenti
2631 1075 2930 1128 pareamus,
2963 1070 3016 1112 et
3055 1068 3198 1113 recta
3223 1060 3328 1112 vita
3354 1068 3408 1112 et
3435 1059 3603 1110 sacri-

2035 1145 2154 1201 licio
2184 1146 2354 1202 laudis
2379 1164 2500 1203 eum
2529 1149 2870 1203 bonoremus.
2903 1149 3029 1204 Haec
3067 1150 3208 1204 enim
3235 1151 3318 1202 via
3364 1149 3508 1203 ducit
3537 1149 3601 1200 ad

2034 1240 2256 1295 salutem
2305 1257 2400 1310 per
2442 1239 2548 1296 hoc
2588 1243 2901 1297 sacrificium
2936 1261 2950 1296 :
2980 1258 3138 1312 quam
3166 1241 3320 1296 detur
3357 1241 3603 1296 omnibus

2034 1333 2188 1385 nobis
2210 1333 2421 1402 assequi
2465 1334 2634 1402 gratia
2663 1342 2718 1387 et
2744 1330 3026 1388 clementia
3054 1331 3259 1388 Domini
3286 1332 3452 1384 nostri
3477 1329 3602 1384 Jesu

2031 1421 2249 1484 CltriSti,
2279 1423 2525 1491 quoniam
2550 1423 2596 1477 ei
2622 1423 2786 1493 gloria
2814 1433 2868 1478 et
2895 1423 3193 1492 imperium,
3222 1436 3362 1476 nunc
3384 1430 3439 1475 et
3461 1436 3603 1474 scm-

2033 1528 2146 1582 pcr,
2176 1521 2230 1567 et
2255 1514 2305 1566 iu
2329 1514 2521 1567 saecula
2548 1515 2884 1568 smeulorum.
2918 1515 3106 1569 Amen.

2446 1623 2511 1678 IN
2552 1623 2867 1679 PSALMUM
2905 1623 3057 1679 cvm
3097 1623 3196 1695 (a).

2029 1735 2082 1789 2.
2128 1735 2300 1801 Deus,
2341 1736 2542 1788 laudent
2588 1753 2748 1789 nteant
2791 1753 2852 1790 ne
2887 1738 3100 1791 tacueris
3125 1754 3144 1792 :
3172 1739 3289 1808 quia
3336 1754 3391 1791 os
3431 1755 3608 1805 pecca-

2049 1867 2056 1875 .
2101 1828 2224 1880 toris
2253 1836 2298 1879 et
2325 1844 2380 1880 os
2405 1826 2565 1879 dolosi
2594 1843 2744 1895 super
2777 1843 2855 1880 me
2888 1839 3119 1894 apertunt
3153 1837 3248 1882 est.
3294 1828 3349 1883 3.
3391 1828 3605 1898 Loquuti

2099 1929 2213 1972 sunt
2241 1920 2504 1972 adversum
2526 1937 2604 1973 me
2634 1919 2806 1990 lingua
2832 1920 3027 1983 dolosa,
3051 1920 3356 1975 sermonibus
3381 1923 3482 1975 odii
3507 1923 3606 1974 cir-

2098 2011 2456 2064 cumdederunt
2472 2028 2567 2076 nte,
2591 2022 2635 2066 et
2655 2021 3062 2082 expugnaverunt
3077 2030 3154 2066 nte
3171 2014 3344 2083 gratis.
3359 2015 3413 2070 4.
3430 2013 3533 2066 Pro
3548 2031 3605 2068 eo

2099 2113 2154 2156 ut
2171 2120 2249 2156 me
2265 2104 2546 2174 diligerent,
2567 2103 2890 2164 detrahebant
2911 2105 3034 2156 mihi
3053 2120 3071 2156 :
3087 2121 3176 2174 ego
3193 2113 3356 2157 autem
3377 2103 3599 2157 orabam.

2051 2239 2054 2244 .
2096 2195 2149 2250 ες.
2176 2194 2240 2246 Et
2259 2205 2526 2263 posuerunt
2543 2194 2804 2247 adversum
2822 2209 2899 2246 me
2920 2195 3052 2247 mala
3071 2212 3162 2262 pro
3187 2194 3348 2259 bonis,
3368 2204 3414 2246 et
3433 2194 3604 2247 odium

2095 2303 2186 2357 pro
2203 2286 2467 2338 dilectione
2488 2301 2616 2338 mea.
2635 2284 2687 2339 6.
2709 2283 2966 2339 Constitue
2981 2301 3132 2354 super
3144 2302 3257 2339 eum
3275 2295 3602 2352 peccatorem,

2095 2387 2142 2431 et
2170 2377 2399 2431 diabolus
2424 2386 2514 2430 stet
2540 2395 2570 2430 a
2595 2378 2787 2431 dextris
2813 2379 3002 2444 ejus.7.
3025 2377 3149 2432 Cum
3161 2379 3443 2447 judicatur,
3461 2387 3605 2431 exeat

2093 2469 2467 2535 condemnatus,
2495 2480 2541 2523 et
2563 2469 2721 2522 oratio
2741 2471 2848 2539 ejus
2872 2470 2961 2537 ﬁat
2981 2469 3030 2522 in
3060 2479 3332 2538 peccatum.
3370 2473 3420 2527 8.
3449 2467 3605 2523 Fiant

2093 2563 2199 2614 dies
2221 2563 2327 2632 ejus
2347 2562 2515 2630 pauci,
2547 2570 2593 2614 et
2617 2561 2956 2631 episcOpatunt
2981 2562 3090 2632 ejus
3118 2562 3330 2629 accipiat
3367 2562 3511 2615 alter.
3545 2562 3600 2616 9.

2093 2652 2250 2706 Fiant
2279 2653 2372 2720 ﬁlii
2399 2657 2507 2722 ejus
2539 2653 2756 2722 orphani
2776 2695 2790 2717 ,
2814 2663 2858 2706 et
2885 2669 3012 2705 uxor
3039 2654 3149 2722 ejus
3168 2654 3337 2706 vidua.
3373 2653 3456 2707 l0.
3488 2652 3604 2706 Nu-

2091 2753 2252 2798 tantes
2281 2744 2649 2811 transferantur
2667 2743 2763 2811 ﬁlii
2785 2745 2894 2813 ejus
2911 2785 2924 2807 ,
2947 2753 2993 2796 et
3012 2745 3312 2806 mendicent,
3335 2744 3602 2814 ejiciantur

2089 2837 2152 2889 de
2171 2835 2555 2890 habitationibus
2567 2836 2690 2890 suis.
2716 2837 2802 2892 li.
2826 2835 3092 2890 Scrutctur
3110 2841 3377 2907 {teneretur
3403 2853 3601 2892 onmem

2090 2928 2414 2982 substantiam
2439 2929 2565 2999 ejus,
2595 2937 2641 2982 et
2666 2928 2907 2999 diripiant
2933 2929 3082 2983 alieni
3118 2927 3310 2982 labores
3336 2930 3465 2999 ejus.

2092 3043 2143 3097 l.
2171 3041 2355 3111 Magna
2378 3041 2464 3096 hic
2485 3042 2636 3097 nobis
2657 3041 2934 3111 prudentia
2957 3057 3087 3112 opus
3107 3051 3206 3097 est.
3227 3043 3397 3098 Verba
3429 3043 3592 3110 enim,

2016 3133 2060 3188 si
2088 3134 2492 3189 considerentur
2523 3143 2724 3188 tantum
2754 3145 2810 3188 ut
2835 3145 2958 3188 sunt
2987 3135 3186 3204 prolata
3209 3177 3224 3201 ,
3252 3145 3305 3190 et
3332 3145 3388 3191 ut
3413 3138 3595 3193 auditu

2016 3225 2194 3279 statim
2223 3225 2586 3296 percipiuntur
2616 3266 2632 3290 ,
2669 3226 2980 3295 perturbant
3007 3227 3202 3281 multos
3243 3242 3424 3282 eorum
3451 3269 3466 3296 ,
3504 3231 3594 3299 qui

2015 3332 2121 3371 non
2149 3316 2447 3370 attendunt.
2481 3316 2644 3370 Totus
2670 3317 2814 3372 enim
2847 3317 3088 3372 Psalmus
3113 3317 3302 3388 plenus
3327 3329 3409 3374 est
3437 3335 3596 3375 east--

2017 3411 2258 3466 cratione
2279 3451 2293 3476 ,
2325 3409 2737 3481 hujusmodique
2765 3419 2870 3464 tota
2898 3412 3162 3480 percurrit
3187 3412 3357 3467 oratio
3377 3453 3391 3476 ,
3419 3427 3482 3467 ac
3512 3414 3593 3466 Io-

2013 3508 2224 3579 quentis
2246 3507 2533 3562 ferventem
2554 3514 2608 3562 et
2626 3505 2900 3560 ardentem
2921 3505 3200 3576 quamdam
3224 3505 3353 3561 iram
3374 3505 3587 3571 indicat,

2011 3615 2132 3669 qua:
2179 3613 2284 3652 non
2327 3607 2577 3653 contenta
2622 3612 2744 3651 eum
2787 3597 3007 3663 ulcisci,
3035 3598 3122 3667 qui
3153 3597 3278 3652 facit
3307 3599 3548 3667 iujuriam
3573 3641 3589 3666 ,

2011 3693 2170 3746 etiam
2193 3691 2245 3744 in
2269 3689 2426 3754 filios,
2449 3701 2651 3759 patrem
2673 3697 2727 3742 et
2746 3698 2966 3744 matrem
2989 3690 3223 3744 extendit
3245 3693 3588 3761 supplicium:

2009 3789 2065 3836 et
2090 3796 2194 3834 non
2223 3795 2326 3834 una
2355 3780 2402 3834 ei
2431 3778 2625 3834 sufficit
2649 3779 2941 3845 calamitas,
2969 3779 3062 3834 sed
3090 3781 3246 3834 etiam
3273 3781 3410 3834 mala
3437 3784 3590 3836 malis

2009 3871 2300 3941 coniungit.
2335 3871 2462 3926 Vide
2484 3872 2627 3926 enim
2656 3880 2784 3942 quot
2813 3881 2864 3926 et
2888 3880 3084 3941 quanta
3110 3871 3429 3942 imprecetur
3450 3916 3465 3940 ,
3507 3874 3588 3928 di-

2009 3979 2137 4019 cens
2167 3982 2180 4018 :
2210 3962 2467 4018 Constitue
2487 3979 2637 4034 super
2661 3979 2772 4016 eum
2798 3973 3100 4032 peccatorem
3123 3979 3141 4016 :
3164 3975 3209 4016 et
3233 3964 3460 4018 diabolus
3496 3975 3588 4019 stet

2008 4072 2040 4110 a
2069 4057 2258 4110 dextris
2285 4057 2411 4125 ejus.
2447 4055 2558 4109 Hoc
2580 4063 2692 4120 est,
2739 4053 2818 4109 Sit
2853 4055 3111 4109 obnoxius
3150 4056 3544 4110 accusatoribus
3567 4097 3584 4121 ,

2009 4147 2262 4216 improbis
2289 4146 2590 4200 hominibus
2618 4155 2672 4200 et
2699 4145 3095 4200 insidiatoribus
3114 4186 3129 4211 ,
3163 4160 3260 4200 nec
3294 4160 3389 4201 eos
3415 4149 3583 4216 possit

2007 4253 2277 4308 Superare.
2312 4238 2423 4292 Hoc
2465 4237 2607 4292 enim
2653 4237 2751 4292 sibi
2793 4237 2904 4291 vult
2935 4237 3080 4301 illud,
3123 4237 3248 4292 Cum
3284 4239 3582 4309 judicatur,

2009 4338 2151 4383 exeat
2202 4329 2579 4383 condemnatus.
2638 4327 2748 4382 Nec
2787 4329 2915 4382 satis
2960 4327 3062 4382 hoc
3091 4329 3242 4382 duxit
3291 4344 3410 4384 esse
3460 4345 3584 4400 sup-

2008 4423 2147 4491 plicii
2199 4420 2272 4493 (b)
2304 4463 2318 4484 ,
2360 4420 2454 4475 sed
2511 4435 2632 4474 cum
2681 4419 2780 4473 hac
2835 4419 3279 4475 condemnatione
3324 4430 3486 4484 orat,
3530 4432 3585 4475 ut

2006 4514 2165 4568 etiam
2185 4513 2375 4581 aliquis
2398 4511 2530 4565 alius
2560 4519 2678 4580 post
2705 4511 2850 4565 illum
2875 4511 2990 4580 ejus
3015 4510 3267 4565 honorem
3297 4512 3581 4582 suscipiat,

2007 4605 2233 4659 dicens:
2268 4602 2627 4671 Episcopatum
2665 4602 2780 4672 ejus
2821 4602 3037 4672 accipiat
3081 4604 3226 4656 alter.
3277 4601 3346 4657 Et
3390 4619 3456 4657 ne
3497 4604 3582 4658 hic

2006 4697 2220 4768 quidem
2268 4695 2445 4759 sistit,
2477 4695 2569 4749 sed
2597 4694 2757 4748 etiam
2803 4695 2974 4748 solum
3017 4696 3104 4765 qui
3148 4706 3262 4750 erat
3288 4697 3336 4751 ei
3367 4699 3582 4753 relictus

2007 4800 2216 4858 portum
2242 4785 2486 4851 obstruit,
2519 4800 2710 4854 rogans
2738 4795 2795 4839 ut
2823 4802 2890 4841 ne
2917 4787 3009 4841 Dei
3038 4788 3249 4857 quidem
3272 4801 3582 4860 assequatur

2005 4881 2338 4936 clementiam
2363 4919 2380 4946 ,
2420 4878 2545 4932 dum
2577 4877 2703 4932 dicit
2732 4896 2744 4932 :
2776 4877 2840 4931 Et
2869 4880 3029 4932 oratio
3057 4883 3165 4946 eius
3201 4883 3292 4948 ﬁat
3319 4883 3371 4935 iu
3406 4901 3582 4952 pecca-

2007 4981 2133 5024 tunt.
2156 4970 2290 5037 Quin
2321 4970 2478 5024 etiam
2502 4979 2652 5039 rogat
2673 4979 2732 5024 ut
2755 4979 2979 5024 mortem
3005 4972 3192 5026 subeat
3220 4973 3576 5029 immaturam.

2011 5062 2160 5115 Fiant
2185 5062 2348 5122 enim,
2378 5061 2568 5131 inquit,
2595 5062 2700 5114 dies
2727 5062 2836 5132 ejus
2861 5062 3028 5130 pauci.
3059 5064 3231 5132 Atque
3259 5079 3327 5118 ne
3354 5065 3439 5119 hic
3459 5066 3579 5135 qui-

2005 5155 2127 5209 dem
2155 5155 2312 5218 sistit,
2341 5153 2463 5208 licet
2491 5153 2604 5208 hzcc
2629 5153 2741 5208 sola
2767 5153 2965 5207 dixisse
2993 5153 3308 5208 sufﬁciebat.
3337 5154 3430 5210 llle
3450 5173 3578 5210 vero

2005 5249 2164 5303 etiam
2201 5246 2442 5316 adjungit
2461 5287 2474 5310 ,
2505 5245 2644 5316 quod
2671 5245 2884 5315 quidem
2907 5254 2987 5300 est
3010 5246 3172 5300 animi
3197 5245 3349 5300 valde
3376 5247 3576 5304 incensi

2005 5356 2067 5395 ac
2097 5339 2400 5394 inﬂammati
2425 5338 2517 5412 (c),
2547 5353 2650 5392 non
2681 5351 2787 5392 uno
2813 5345 2903 5390 aut
2928 5338 3094 5392 altero
3123 5346 3428 5392 contentum
3458 5355 3577 5396 esse

2004 5431 2260 5500 supplicio
2279 5472 2294 5498 ,
2326 5429 2418 5485 sed
2443 5437 2622 5498 petere
2645 5437 2700 5482 ut
2724 5429 2827 5483 alia
2862 5429 3217 5498 imponantur.
3242 5428 3371 5494 Quae
3395 5440 3573 5485 autent

2004 5522 2255 5592 deinceps
2294 5530 2605 5590 sequuntur,
2632 5530 2756 5574 sunt
2785 5520 2870 5574 his
2898 5521 3066 5573 multo
3089 5519 3347 5589 graviora.
3379 5522 3576 5578 Eorqu

2004 5617 2145 5671 enim
2173 5629 2302 5684 quos
2323 5613 2590 5682 relinquit,
2612 5613 2890 5668 orbitatem
2913 5622 2966 5667 et
2987 5610 3288 5665 viduitatem
3311 5624 3572 5680 precatur.

2066 5706 2138 5768 (α)
2171 5702 2462 5768 Contulimus
2485 5717 2594 5753 cum
2611 5704 2778 5754 Codice
2799 5705 2939 5765 regio
2962 5703 3102 5768 2329,
3121 5701 3265 5752 hodie
3286 5703 3395 5752 655.

2094 5765 2140 5828 b)
2175 5768 2259 5828 Hic
2279 5765 2425 5816 multa
2447 5768 2878 5828 praetermittuntur
2901 5767 2947 5814 in
2970 5765 3078 5812 00d.
3099 5771 3214 5825 Reg.

2094 5767 2127 5816 b’
2175 5768 2259 5815 Hic
2279 5767 2425 5816 multa
2447 5768 2878 5828 praetermittuntur
2901 5767 2947 5814 in
2970 5767 3078 5812 00d.
3099 5771 3214 5825 Reg.

2069 5767 2142 5892 io;
2177 5827 2316 5878 Multa
2341 5831 2514 5890 passim
2540 5833 2846 5890 practermittt.
2868 5834 3002 5892 Reg.,
3027 5827 3110 5890 qui
3133 5823 3320 5875 mendis
3340 5833 3519 5879 scatet.
