4108 6344
476 422 578 477 259

472 541 634 612 Atqui
661 555 877 596 necesse
919 547 1035 603 est,
1066 547 1124 592 ut
1155 537 1269 592 haec
1294 537 1578 599 eveniant,
1613 541 1893 604 postquam
1937 531 2054 601 ipse

473 631 764 688 excesserit
795 648 810 696 ;
840 640 894 686 et
920 639 1100 685 tamen
1131 621 1270 683 inter
1295 638 1488 682 caetera
1517 623 1800 680 maledicta
1830 638 1892 677 ea
1919 637 2054 677 con-

473 731 760 792 sequenter
784 720 985 782 statuit,
1018 722 1092 774 ira
1121 719 1350 775 fervens.
1378 719 1444 773 Et
1467 730 1565 771 nec
1590 719 1643 770 in
1670 715 1897 770 orbitate
1935 713 2057 783 qui-

475 813 595 866 dem
629 813 805 878 sistit,
842 813 934 867 sed
966 811 1124 866 etiam
1161 819 1282 881 post
1312 810 1443 864 tales
1472 807 1798 862 calamitates
1838 803 2059 858 ulterius

482 901 819 973 progreditur
841 945 857 970 ,
892 899 1040 956 malai
1058 903 1174 972 ejus
1198 901 1552 972 ampliﬁcans,
1585 913 1776 969 rogans
1801 907 1855 951 ut
1880 896 1967 966 qui
1992 911 2059 950 ex

473 1009 538 1046 eo
570 994 676 1046 nati
705 1004 827 1047 sunt
855 994 1071 1047 incertis
1094 1002 1350 1063 vagentur
1369 991 1604 1046 sedibus.
1644 989 1929 1052 Nutantes,
1973 987 2056 1041 in-

473 1085 621 1154 quit,
656 1085 1026 1154 transferantur
1055 1083 1150 1154 ﬁlii
1194 1084 1338 1153 ejus,
1366 1093 1412 1136 et
1447 1082 1750 1135 mendicant.
1794 1079 1906 1134 Hoc
1931 1087 2015 1132 est
2040 1119 2056 1144 ,

474 1176 726 1231 Errantes
747 1187 802 1230 et
821 1176 1111 1246 vagabundi
1136 1191 1203 1230 ne
1225 1175 1582 1229 necessarium
1605 1172 1815 1242 quidem
1840 1171 2062 1224 alimen-

476 1277 584 1323 tum
615 1269 864 1331 habeant,
888 1284 986 1323 nec
1001 1278 1211 1322 cessent
1229 1266 1441 1321 assidue
1473 1265 1646 1320 locum
1673 1265 1792 1318 loco
1810 1273 2018 1318 mutare
2040 1305 2056 1328 ,

471 1359 654 1427 agitati
679 1359 859 1427 ,“pulsi
893 1373 988 1427 per
1012 1373 1226 1412 omnem
1257 1366 1488 1421 terram,
1515 1362 1574 1409 et
1602 1369 1861 1424 nusquam
1906 1355 2058 1408 inve-

475 1452 680 1505 nientes
705 1452 898 1512 locum,
933 1451 986 1502 in
1015 1465 1118 1519 quo
1147 1449 1461 1503 consistant.
1495 1447 1627 1502 Cum
1661 1448 1744 1500 his
1773 1455 1948 1499 autem
1975 1446 2054 1500 eis

473 1543 632 1596 etiam
665 1541 984 1610 imprecatur
1013 1541 1241 1608 inopiam
1264 1581 1280 1606 ,
1312 1553 1535 1608 eamque
1577 1546 1868 1592 extremam
1895 1545 1949 1590 et
1975 1537 2060 1589 in-

475 1632 842 1696 tolerabilem,
877 1641 936 1687 ut
973 1647 1073 1686 nec
1097 1632 1350 1685 auxilium
1379 1631 1592 1701 quidem
1633 1639 1987 1698 assequuntur
2025 1643 2056 1681 a

474 1725 714 1793 cognatis
737 1765 752 1790 ,
786 1722 879 1777 sed
918 1724 1290 1786 circumeant,
1318 1722 1385 1774 ab
1426 1719 1663 1774 externis
1701 1729 1757 1773 et
1783 1719 1976 1787 ignotis
2005 1717 2057 1772 id

475 1823 732 1884 petentes.
763 1813 896 1867 Audi
918 1824 1094 1867 autem
1117 1812 1384 1882 quomodo
1406 1811 1506 1866 hoc
1530 1810 1834 1880 signiﬁcans
1856 1809 2059 1877 adjicit.

475 1908 756 1975 Postquam
777 1907 918 1960 enim
943 1907 1078 1960 dixit
1105 1924 1118 1958 :
1150 1905 1541 1974 Transferantur
1569 1905 1662 1973 ﬁlii
1690 1905 1817 1974 ejus,
1846 1913 1892 1957 et
1920 1920 2062 1956 men-

475 1997 676 2062 dicent,
727 1996 1036 2065 subjuugit:
1086 1995 1374 2067 Ejiciantur
1414 1997 1476 2050 de
1514 1996 1900 2049 habitationibus
1933 1994 2057 2048 suis.

473 2089 739 2143 Scrutatur
764 2092 1032 2159 {reiterator
1049 2105 1248 2142 omnem
1266 2087 1593 2142 substantiam
1613 2088 1740 2156 ejus,
1758 2096 1804 2139 et
1819 2086 2062 2155 diripiant

474 2179 628 2232 alieni
665 2180 858 2232 labores
888 2178 1020 2250 ejus.
1052 2178 1161 2232 lloc
1189 2186 1272 2232 est
1312 2177 1454 2230 aliud
1497 2192 1664 2246 genus
1701 2176 2018 2230 calamitatis
2041 2215 2058 2240 ,

477 2271 710 2340 ipsorum
741 2272 875 2324 bona
903 2268 1202 2338 diripienda
1231 2269 1364 2322 tradi
1389 2311 1405 2335 ,
1434 2277 1488 2322 ct
1513 2267 1894 2322 fteneratorum
1928 2266 2058 2320 insi-

472 2362 588 2413 dias
617 2360 817 2429 perpeti
841 2399 857 2424 ,
889 2370 1048 2430 atque
1077 2359 1323 2413 omnibus
1350 2358 1523 2412 modis
1553 2357 1760 2427 probris
1789 2366 1843 2412 et
1866 2366 2058 2410 contu-

471 2451 645 2505 meliis
665 2449 824 2515 affici,
848 2465 910 2504 ac
935 2449 1073 2520 quod
1103 2460 1188 2504 est
1209 2451 1362 2519 longe
1385 2451 1618 2518 gravius,
1646 2448 1697 2501 iu
1723 2448 1879 2502 tantis
1905 2447 2059 2501 malis

469 2557 653 2596 carere
679 2541 984 2597 defenSore.
1026 2541 1078 2595 Id
1112 2550 1288 2596 autem
1329 2541 1685 2610 imprecatur,
1715 2542 1932 2595 dicens:
1961 2541 2048 2594 12.

472 2630 593 2684 Non
631 2633 692 2684 sit
718 2632 796 2685 illi
835 2632 1060 2703 adjutor.
1093 2631 1225 2685 Mala
1271 2632 1412 2685 enim
1452 2630 1536 2684 vel
1568 2631 1678 2699 ipsa
1712 2646 1807 2699 per
1848 2645 1908 2685 se
1933 2639 2058 2685 sunt

471 2723 817 2777 intolerabilia
844 2741 856 2775 :
877 2723 1089 2792 quando
1105 2731 1281 2776 autem
1305 2737 1372 2775 ne
1391 2721 1638 2774 defensor
1655 2719 1866 2789 quidem
1885 2721 2056 2785 adest,

469 2822 594 2868 sunt
614 2814 768 2883 longe
786 2815 1047 2882 graviora.
1069 2811 1180 2866 Nec
1198 2814 1262 2867 sit
1281 2813 1366 2881 qui
1390 2812 1683 2865 misereatur
1703 2813 1911 2882 pupillis
1931 2813 2057 2883 ejus.

473 2905 652 2976 Papm,
669 2915 865 2976 quanta
891 2905 986 2960 ira}
1007 2905 1332 2974 magnitudo,
1351 2903 1564 2974 quando
1589 2919 1653 2958 ne
1676 2905 1919 2957 orbitatis
1941 2904 2058 2973 qui-

471 2998 595 3053 dem
635 2999 984 3053 immaturitas
1033 2996 1449 3051 misericordiam
1497 2994 1836 3064 assequitur,
1887 3009 2058 3063 neque

478 3093 580 3148 hoc
605 3092 775 3146 solum
796 3132 813 3158 ,
843 3092 948 3145 imo
973 3091 1022 3145 ei
1048 3090 1207 3145 etiam
1239 3099 1533 3144 extremum
1559 3088 1778 3142 exitium
1809 3087 2058 3142 affertur!

471 3183 602 3239 Nam
633 3182 747 3238 ait:
781 3182 866 3236 15.
911 3181 1064 3236 Fiant
1088 3181 1194 3234 nati
1221 3181 1328 3253 ejus
1351 3181 1405 3233 in
1445 3179 1718 3233 interitum.
1750 3177 1818 3232 In
1852 3194 2062 3250 genera-

475 3279 608 3330 tione
635 3292 738 3330 una
776 3275 1004 3329 deleatur
1046 3291 1228 3328 nomen
1273 3276 1401 3346 ejus.
1440 3273 1626 3328 Vidisti
1653 3275 1951 3329 orationem
1983 3275 2062 3328 ira

479 3367 714 3436 plenam,
739 3375 794 3420 et
820 3381 938 3436 quae
965 3381 1025 3420 se
1055 3381 1160 3419 non
1185 3366 1462 3435 reprimit?
1490 3363 1648 3435 Optat
1673 3375 1731 3419 ut
1755 3365 1854 3434 ipsi
1881 3363 2063 3418 vivant

476 3459 527 3513 in
557 3459 699 3512 varia
721 3465 776 3510 et
803 3457 1079 3526 multiplici
1105 3465 1264 3526 atque
1287 3457 1463 3512 omnis
1490 3457 1698 3526 generis
1720 3455 1934 3511 miseria
1955 3497 1970 3523 ,
2004 3463 2060 3508 et

473 3551 674 3620 absque
701 3549 804 3602 ulla
848 3548 1077 3601 nominis
1121 3546 1200 3601 sui
1244 3547 1378 3602 fama
1419 3547 1652 3602 funditus
1682 3547 1966 3601 intereant.
1999 3547 2066 3601 Et

477 3641 696 3711 perinde
718 3655 782 3696 ac
809 3640 851 3694 si
882 3655 985 3693 non
1013 3639 1241 3694 sufficiat
1264 3640 1491 3694 filiorum
1514 3640 1806 3705 calamitas,
1836 3639 2061 3706 subjun-

477 3734 554 3802 git
581 3747 762 3786 rursus
797 3749 812 3783 :
843 3731 929 3786 N.
963 3729 1028 3782 In
1059 3731 1349 3783 memoriam
1380 3733 1550 3783 redeat
1589 3730 1824 3800 iniquitas
1864 3740 2064 3799 patrum

477 3826 605 3894 ejus,
628 3832 674 3875 et
699 3832 960 3892 peccatum
981 3823 1154 3875 matris
1175 3822 1282 3892 ejus
1307 3838 1406 3873 non
1427 3821 1672 3873 deleatur.
1698 3821 1784 3874 15.
1810 3824 1888 3889 (α)
1909 3819 2065 3874 Fiant

475 3926 651 3968 contra
677 3913 950 3966 Dominum
977 3929 1207 3981 semper,
1233 3923 1278 3966 et
1305 3913 1555 3980 dispereat
1578 3911 1639 3964 de
1670 3922 1803 3964 terra
1826 3915 2066 3965 memoria

474 4023 666 4060 eorum.
701 4007 793 4059 Est
822 4006 963 4058 enim
997 4004 1240 4058 maxima:
1285 4003 1574 4058 iracundim
1599 4045 1615 4070 ,
1645 4004 1716 4057 ita
1759 4005 2061 4057 minutatim

477 4097 794 4151 distribuere
811 4137 825 4162 ,
849 4111 982 4166 quas
1006 4095 1322 4164 generaliter
1347 4095 1479 4148 dixit
1507 4095 1832 4149 calamitates
1853 4135 1868 4160 ,
1895 4105 1943 4150 et
1973 4110 2067 4149 ea-

474 4187 596 4241 dem
626 4187 839 4240 assidue
867 4201 1100 4239 versare.
1129 4185 1415 4255 Postquam
1442 4186 1583 4239 enim
1611 4185 1766 4250 dixit,
1797 4185 1861 4238 ln
1881 4201 2068 4238 memo-

473 4280 602 4330 riam
626 4276 795 4330 redeat
811 4278 1043 4346 iniquitas
1059 4288 1258 4346 patrum
1280 4278 1409 4346 ejus,
1439 4277 1743 4347 subjunxit:
1771 4276 1837 4330 Et
1857 4295 1954 4330 non
1978 4281 2069 4330 de-

476 4371 655 4423 leatur.
686 4370 841 4438 Atqui
873 4369 1011 4423 idem
1037 4377 1152 4434 est;
1179 4370 1251 4423 ira
1285 4380 1462 4423 tamen
1486 4379 1540 4423 ut
1562 4379 1842 4440 utrumque
1868 4371 2072 4425 diceret

479 4461 725 4532 impulit;
773 4460 914 4530 quod
948 4470 1130 4515 autem
1159 4461 1271 4515 vult
1299 4461 1476 4515 dicere
1495 4503 1510 4527 ,
1543 4461 1645 4516 hoc
1675 4474 1755 4516 est
1783 4480 1796 4516 :
1827 4463 2072 4518 lnterlice

479 4553 684 4621 ipsum,
709 4552 916 4615 occide,
958 4553 1024 4607 de
1055 4552 1230 4607 medio
1257 4553 1405 4607 tolle.
1443 4553 1634 4607 Vidisti
1665 4563 1796 4624 quot
1836 4555 1946 4609 sint
1970 4556 2070 4609 im-

477 4644 846 4715 precatiooes?
874 4645 978 4700 Sed
1001 4686 1014 4710 ,
1045 4645 1087 4700 si
1115 4646 1194 4699 vis
1219 4687 1233 4708 ,
1262 4661 1360 4716 ego
1385 4659 1481 4699 eas
1511 4662 1692 4700 rursus
1717 4647 1981 4715 colligam.
2014 4648 2071 4702 ln

480 4739 670 4802 malos,
693 4738 882 4806 inquit,
900 4737 1144 4792 homines
1161 4737 1371 4799 incidat,
1397 4748 1695 4803 accusetur,
1719 4739 1787 4791 sit
1809 4740 1860 4792 in
1885 4755 2070 4792 eorum

482 4841 766 4901 poteSIate,
796 4829 1203 4894 condemnetur,
1236 4839 1462 4884 mortem
1494 4830 1682 4885 subeat
1711 4831 2069 4900 immaturam,

482 4921 682 4974 honore
709 4920 959 4988 privetur,
993 4931 1140 4973 etne
1171 4919 1222 4973 in
1250 4935 1376 4974 suos
1401 4921 1635 4989 quidem,
1667 4923 1759 4976 sed
1787 4923 1837 4975 in
1869 4923 2074 4977 alienos

479 5029 601 5067 eum
634 5013 946 5068 translatum
978 5012 1154 5066 videat
1183 5027 1197 5064 :
1230 5027 1366 5065 uxor
1393 5012 1508 5079 ejus
1529 5021 1730 5081 pereat,
1761 5023 1815 5068 et
1845 5015 1936 5068 lilii
1959 5015 2075 5084 ejus

482 5113 842 5173 paupertatem
873 5143 888 5169 ,
915 5103 1194 5156 orbitatem
1216 5143 1230 5167 ,
1260 5112 1313 5157 et
1339 5102 1498 5156 vitam
1527 5103 1888 5158 mendicorum
1916 5106 2076 5159 susti-

480 5203 676 5256 neant,
715 5193 1164 5258 condemnentur,
1194 5194 1533 5267 expellantur
1559 5193 1790 5264 undique
1813 5235 1829 5259 ,
1872 5197 2072 5250 nulhuu

482 5285 708 5338 habeant
723 5283 1041 5352 adjutorem,
1063 5299 1092 5338 a
1119 5285 1209 5337 Dei
1232 5284 1591 5338 benevolentia
1609 5286 1873 5350 excidant,
1900 5289 2074 5341 nullus

446 5366 448 5369 ’
479 5375 549 5428 sit
586 5376 668 5442 eis
700 5385 882 5444 portus
921 5389 1019 5429 nec
1047 5374 1308 5444 refugium
1337 5391 1350 5426 :
1380 5374 1622 5429 deleatur
1667 5390 1858 5430 nomen
1899 5378 2016 5446 ejus
2043 5393 2074 5432 e

481 5475 644 5531 terra,
679 5475 861 5536 pereat
888 5466 1167 5535 inglorius,
1196 5475 1249 5520 et
1276 5475 1427 5535 pater
1454 5476 1507 5520 et
1528 5476 1695 5520 mater
1723 5467 1870 5521 luant
1891 5483 2074 5538 poenas

480 5572 698 5614 suorum
729 5569 1088 5628 peccatorum,
1123 5557 1412 5626 perdautur
1438 5567 1494 5612 et
1521 5558 1760 5613 funditus
1786 5561 2066 5616 intereant.

548 5650 607 5706 9..
646 5650 837 5706 Annon
869 5666 931 5706 ea
967 5667 1087 5721 qua:
1117 5650 1257 5705 dicta
1286 5660 1412 5704 sunt
1437 5651 1734 5707 auditorem
1777 5654 2074 5724 percelluut

551 5805 622 5870 (a)
655 5812 837 5871 Versus
857 5803 1076 5871 decimus
1118 5807 1319 5871 quintus
1340 5807 1387 5854 in
1423 5809 1597 5871 Graecis
1638 5812 1994 5871 praetermissus
2022 5813 2073 5863 in

471 5865 613 5919 Edtt."
627 5865 792 5917 Morel.
813 5875 866 5917 et
884 5865 1023 5916 Savil.
1044 5865 1117 5918 ex
1138 5865 1246 5918 aliis
1273 5882 1434 5932 exemj
1454 5865 1725 5920 laribus'ltic
1751 5876 2038 5924 restituunt.

1179 413 1236 472 S.
1276 413 1553 472 JOANNIS
1590 411 2065 469 CHRYSOSTOMI
2109 409 2424 468 ARClllEP.
2467 412 2999 472 CONSTANTINOP.

3643 422 3750 476 260

2164 539 2218 584 et
2259 531 2736 602 obstupefaciunt?
2782 536 2973 590 Annon
3010 535 3147 591 scire
3189 535 3462 593 desideras
3509 539 3752 609 quisnam

2163 632 2245 677 est
2265 665 2281 689 ,
2307 626 2397 694 qui
2423 627 2500 680 sic
2527 636 2610 680 est
2629 627 3013 682 condemnatus
3032 627 3056 680 ?
3074 627 3128 682 Si
3159 629 3300 682 enim
3323 669 3337 693 ,
3366 644 3487 682 cum
3511 629 3756 683 audimus

2171 712 2441 768 hominem
2470 717 2677 785 probris
2699 726 2752 771 et
2770 717 3068 772 maledictis
3088 717 3246 783 affici,
3273 733 3518 788 rogamus
3543 719 3756 773 adstan-

2169 813 2250 860 tes
2271 845 2288 873 ,
2315 816 2375 860 ut
2401 807 2579 862 dicant
2603 808 2720 878 quis
2760 809 2830 863 sit
2857 811 2946 880 qui
2988 810 3102 864 haze
3129 809 3311 863 audiat
3341 827 3354 863 :
3387 810 3559 864 multo
3588 813 3757 881 magis

2164 914 2283 951 eum
2312 900 2624 968 prophetam
2657 901 2770 957 hcce
2797 903 3178 972 imprecautem
3208 902 3455 957 audimus
3475 943 3492 970 ,
3536 919 3756 959 necesse

2164 999 2245 1041 est
2273 989 2499 1056 discere,
2532 991 2688 1060 idque
2709 1008 2827 1045 cum
2859 994 3049 1046 timore
3075 1007 3138 1046 ac
3166 1002 3330 1057 metu,
3359 993 3478 1062 quis
3505 993 3573 1048 sit
3595 1010 3751 1064 quem

2167 1089 2271 1134 tam
2301 1082 2585 1138 vehemens
2603 1085 2792 1138 invasit
2824 1084 3112 1150 iracundia,
3141 1087 3260 1156 quis
3285 1087 3354 1140 sit
3379 1087 3468 1156 qui
3495 1085 3749 1155 Spiritum

2163 1181 2401 1225 sanctum
2431 1181 2573 1226 tanta
2599 1173 2777 1228 affecit
2815 1176 3050 1241 tristitia,
3076 1186 3135 1228 ut
3163 1184 3240 1229 tot
3268 1192 3466 1245 genera
3493 1179 3752 1232 malorum

2163 1262 2393 1316 audiret.
2420 1263 2690 1318 Psalmum
2719 1279 2866 1336 ergo,
2891 1265 2934 1319 si
2961 1266 3220 1326 videatur.
3249 1267 3489 1322 dicamus
3518 1268 3584 1322 ab
3607 1266 3752 1322 initio

2164 1368 2284 1404 eum
2309 1368 2494 1422 magna
2515 1355 2828 1409 attentione.
2852 1355 3018 1410 Nemo
3040 1367 3216 1411 autem
3239 1357 3596 1427 perturbetur.
3623 1358 3756 1414 Nar-

2169 1445 2299 1499 rabo
2339 1446 2480 1500 enim
2525 1463 2682 1516 quam
2727 1459 2916 1518 potero
2957 1453 3358 1508 accuratissime
3384 1463 3437 1507 et
3462 1453 3756 1524 diligentis-

2164 1538 2320 1591 sime.
2370 1536 2485 1591 Non
2531 1546 2614 1591 est
2657 1540 2797 1593 enim
2845 1556 3062 1609 parvum
3109 1542 3252 1612 quod
3305 1545 3561 1613 quaeritur
3602 1562 3617 1598 :
3657 1546 3754 1600 sed

2165 1644 2327 1682 unum
2359 1628 2570 1698 quidem
2599 1637 2654 1684 et
2678 1632 2936 1699 primum,
2968 1648 3195 1701 quanam
3223 1634 3290 1688 de
3316 1649 3477 1688 causa
3502 1677 3516 1701 ,
3547 1651 3665 1689 cum
3710 1639 3755 1691 is

2163 1729 2476 1790 peccasset,
2503 1721 2592 1792 qui
2623 1722 2832 1793 probris
2875 1726 3141 1793 appetitur
3162 1767 3176 1790 ,
3214 1726 3304 1779 filii
3335 1727 3451 1796 ejus
3493 1743 3610 1782 cum
3639 1729 3756 1798 ipso

2169 1813 2495 1880 puniuntur,
2535 1821 2590 1866 et
2629 1829 2765 1867 uxor
2793 1822 2847 1867 et
2888 1805 3152 1883 parentes.
3187 1817 3490 1873 Secundum
3532 1829 3746 1886 autem,

2163 1903 2281 1970 quis
2310 1911 2391 1956 est
2419 1903 2461 1957 is
2485 1904 2575 1973 qui
2603 1904 2955 1959 maledicitur.
2985 1907 3220 1961 Tertium
3251 1918 3458 1977 autem,
3486 1913 3754 1980 quomodo

2166 1993 2410 2063 princeps
2439 1995 2803 2062 apostolorum
2839 1996 3071 2050 ostendit
3093 1997 3233 2052 hunc
3261 1999 3528 2055 Psalmum
3555 2002 3754 2057 dictum

2165 2098 2283 2138 esse
2313 2084 2380 2138 de
2405 2082 2539 2138 Juda
2568 2125 2583 2148 ,
2614 2085 2697 2139 vel
2742 2087 2917 2154 potius
2956 2103 3060 2141 non
3107 2096 3272 2144 totum
3304 2091 3570 2147 Psalmum
3594 2134 3610 2159 ,
3655 2093 3752 2147 sed

2167 2184 2370 2243 partem
2405 2175 2621 2230 Psalmi.
2669 2175 2928 2246 Scriptum
2969 2189 3040 2233 est
3083 2181 3255 2246 enim,
3298 2180 3506 2250 inquit,
3533 2184 3586 2236 in
3629 2183 3755 2238 libro

2167 2265 2492 2320 Psalmorum
2515 2283 2534 2320 :
2561 2267 2682 2321 Fiat
2709 2269 2950 2324 habitatio
2975 2275 3083 2340 ejus
3120 2273 3334 2336 deserta,
3373 2285 3418 2327 et
3444 2276 3495 2328 in
3522 2276 3756 2330 taberna-

2164 2359 2290 2413 culis
2312 2362 2423 2430 ejus
2458 2377 2560 2413 non
2588 2362 2650 2414 sit
2675 2361 2762 2429 qui
2782 2362 3019 2418 inhabitet
3047 2363 3178 2434 (Act.
3206 2365 3253 2418 1.
3278 2365 3392 2437 20).
3418 2363 3491 2438 (a)
3521 2366 3626 2422 Sed
3655 2369 3756 2424 hoc

2166 2449 2320 2504 nobis
2363 2451 2518 2504 aliam
2562 2467 2748 2507 rursus
2783 2455 2983 2524 praebet
3023 2455 3371 2524 qumstionem
3408 2476 3422 2512 :
3453 2473 3556 2512 non
3611 2458 3758 2513 enim

2165 2542 2363 2610 scripta
2386 2552 2509 2596 sunt
2530 2551 2753 2614 utraque
2781 2545 2832 2598 in
2860 2544 2959 2599 hoc
2983 2545 3192 2600 Psalmo
3227 2563 3240 2600 :
3270 2556 3324 2601 et
3351 2548 3471 2604 ideo
3492 2565 3595 2604 non
3617 2551 3758 2604 dixit

2165 2631 2305 2688 hunc
2333 2633 2601 2689 Psalmum
2626 2677 2640 2699 ,
2670 2635 2762 2690 sed
2794 2645 2960 2692 totum
2992 2637 3184 2692 librum
3226 2639 3578 2695 Psalmorum.
3623 2640 3754 2694 Illud

2163 2729 2304 2783 enim
2336 2747 2350 2783 :
2383 2729 2499 2783 Fiat
2530 2729 2770 2784 habitatio
2796 2733 2903 2804 ejus
2932 2733 3126 2786 deserta
3153 2735 3171 2804 (
3203 2733 3350 2788 Psal.
3384 2734 3473 2789 68.
3501 2733 3569 2790 26
3591 2734 3609 2806 )
3633 2776 3646 2796 ,
3674 2746 3758 2790 est

2165 2823 2216 2876 in
2246 2824 2350 2877 alio
2379 2824 2591 2877 Psalmo
2609 2841 2621 2878 :
2642 2824 2743 2879 hoc
2767 2839 2921 2880 vero:
2945 2825 3011 2880 Et
3041 2827 3382 2898 episcOpatum
3407 2830 3517 2898 ejus
3539 2829 3757 2900 accipiat

2165 2914 2314 2979 alter,
2337 2917 2388 2968 in
2417 2915 2743 2971 hoc.Petrus
2775 2926 2948 2971 tamen
2979 2929 3262 2987 utrumque
3295 2919 3467 2989 coegit
3501 2919 3552 2973 in
3593 2935 3757 2974 unum

2164 3007 2542 3062 testimonium.
2558 3008 2708 3075 Quod
2725 3009 2883 3065 etiam
2903 3011 3093 3080 ubique
3110 3011 3229 3065 facit
3241 3011 3451 3077 Paulus,
3470 3019 3529 3068 ut
3547 3012 3722 3082 quand
3731 3030 3758 3065 τι

2163 3099 2290 3155 dicit
2327 3101 2584 3170 propheta
2617 3119 2631 3156 :
2678 3102 2844 3156 Veniet
2875 3120 2936 3157 ea:
2970 3104 3097 3158 Sion
3123 3105 3207 3175 qui
3242 3105 3450 3174 eripiet,
3504 3116 3550 3159 et
3572 3115 3760 3160 avertet

2140 3195 2448 3263 hnpietates
2473 3211 2535 3249 ea:
2569 3195 2728 3249 Jacob
2758 3200 2777 3266 (
2805 3196 2956 3250 Rom.
2988 3198 3074 3252 11.
3103 3197 3173 3251 26
3203 3214 3218 3262 ;
3244 3195 3376 3250 Isai.
3401 3197 3490 3252 59.
3520 3197 3590 3254 20
3615 3199 3653 3268 ).
3691 3196 3758 3250 Et

2164 3285 2258 3337 hoc
2281 3285 2352 3338 eis
2384 3301 2448 3338 ea:
2485 3301 2564 3339 me
2590 3295 2969 3354 testamentum,
3009 3288 3212 3351 quando
3254 3288 3506 3342 abstulero
3549 3297 3758 3358 peccata

2166 3392 2339 3430 eorum
2369 3376 2388 3448 (
2412 3377 2541 3431 lsai.
2568 3377 2658 3432 9.7.
2691 3378 2787 3448 9).
2828 3378 2964 3445 Quid
2995 3389 3172 3434 autem
3193 3420 3208 3444 ,
3237 3379 3431 3433 dixerit
3457 3378 3717 3449 quiSpiam
3740 3420 3756 3440 .

2166 3483 2233 3522 an
2256 3468 2306 3522 id
2334 3469 2474 3538 quod
2502 3469 2700 3524 dictum
2730 3480 2830 3536 est,
2858 3470 3157 3539 prophetia,
3190 3486 3254 3523 an
3282 3470 3592 3539 imprecatio
3621 3481 3701 3524 est
3728 3471 3752 3523 ἲ

2167 3559 2454 3628 Pmphetia
2488 3561 2587 3616 sub
2617 3561 2794 3630 specie
2823 3561 3234 3628 imprecationis.
3264 3560 3397 3614 Nam
3423 3561 3580 3614 etiam
3621 3560 3746 3614 alibi

2169 3653 2270 3708 tale
2290 3655 2412 3724 quid
2438 3655 2768 3710 inveniemus
2795 3674 2806 3708 :
2840 3654 2888 3708 id
2915 3653 3079 3709 Jacob
3105 3670 3314 3723 quoque
3336 3654 3474 3708 fecit.
3498 3653 3756 3721 Quoniam

2167 3749 2310 3801 enim
2337 3748 2622 3816 oportebat
2647 3747 2917 3801 auditores
2938 3747 3108 3814 juvari
3140 3762 3202 3802 ex
3237 3749 3301 3801 iis
3330 3763 3449 3817 qua:
3476 3748 3596 3802 aliis
3631 3761 3756 3801 eve-

2169 3840 2381 3894 niebant
2403 3880 2419 3905 ,
2451 3839 2756 3910 prOphetias
2783 3841 2978 3894 multas
3000 3839 3100 3893 hoc
3129 3839 3286 3893 modo
3309 3840 3559 3902 efferunt,
3589 3849 3645 3893 ut
3670 3841 3755 3894 vel

2170 3933 2286 4002 ipso
2328 3935 2486 3988 modo
2538 3933 2841 4004 proferendi
2885 3943 3142 4001 augeatur
3179 3942 3352 3988 metus
3383 3933 3433 3985 in
3466 3933 3756 4001 republica.

2169 4027 2353 4097 Neque
2381 4029 2522 4082 enim
2564 4029 2783 4097 perinde
2823 4037 2904 4082 est
2929 4028 2976 4083 si
3010 4028 3157 4083 dicas
3189 4047 3203 4084 :
3233 4029 3328 4083 llic
3357 4028 3460 4082 hoc
3504 4029 3584 4082 vel
3631 4027 3758 4082 illud

2172 4120 2418 4188 patietur,
2449 4135 2509 4174 ac
2535 4125 2578 4174 si
2611 4120 2658 4173 id
2692 4131 2749 4173 ut
2774 4120 2940 4173 iratus
2967 4131 3020 4175 et
3047 4121 3349 4190 indignatus
3370 4119 3662 4174 induxeris.
3695 4119 3760 4173 Et

2171 4210 2312 4278 quod
2336 4209 2449 4264 haec
2478 4226 2581 4263 non
2612 4221 2810 4265 temere
2834 4211 3172 4281 pronuntiem
3193 4253 3208 4276 ,
3237 4226 3304 4265 ex
3330 4211 3506 4264 verbis
3537 4210 3760 4280 prophe-

2181 4302 2299 4356 ticis
2328 4301 2429 4355 hoc
2455 4301 2606 4355 vobis
2631 4301 2966 4357 manifestum
2991 4301 3228 4356 reddam.
3255 4301 3418 4356 Jacob
3446 4303 3608 4367 enim,
3639 4317 3758 4355 cum

2173 4401 2316 4446 esset
2359 4394 2650 4446 moriturus
2674 4434 2688 4457 ,
2725 4392 2898 4446 Venite
2921 4435 2934 4456 ,
2969 4393 3139 4462 inquit
3181 4393 3300 4446 ﬁliis
3332 4395 3442 4446 suis
3467 4434 3480 4456 ,
3526 4403 3572 4445 et
3597 4395 3762 4445 diram

2173 4483 2309 4554 quod
2337 4494 2623 4537 eventurum
2641 4485 2706 4537 sit
2732 4485 2867 4538 vobis
2885 4485 2937 4537 in
2969 4485 3140 4538 diebus
3169 4485 3448 4540 novissimis
3470 4484 3489 4554 (
3513 4483 3638 4537 Gen.
3671 4484 3758 4538 19.

2176 4576 2200 4630 1
2234 4577 2250 4644 )
2283 4585 2375 4630 :ct
2401 4591 2522 4630 cum
2562 4587 2706 4630 esset
2747 4576 3190 4646 prophetaturus,
3239 4578 3414 4630 statim
3443 4593 3471 4630 a
3502 4577 3761 4646 principio

2176 4675 2443 4736 tamquam
2469 4667 2543 4720 ira
2571 4669 2822 4736 percitus,
2849 4667 3030 4737 incipit
3053 4667 3382 4736 pr0phetiam
3409 4669 3477 4722 ab
3503 4671 3760 4736 impreca-

2177 4763 2339 4825 tione,
2371 4762 2449 4817 sic
2472 4761 2655 4816 dicens
2685 4779 2700 4815 :
2729 4761 2904 4816 Ruben
2935 4762 3294 4831 primogenitus
3323 4779 3481 4823 meus,
3510 4762 3668 4814 durus
3696 4761 3764 4813 ad

2177 4852 2438 4921 ferendum
2460 4891 2474 4917 ,
2511 4851 2668 4905 durus
2697 4861 2742 4905 et
2771 4861 3071 4917 contumax,
3101 4851 3262 4922 fecisti
3299 4852 3678 4910 contumeliam.
3710 4859 3765 4904 ut

2176 4959 2308 5013 aqua
2335 4960 2432 4995 non
2461 4959 2656 4996 crescas
2693 4941 2870 5011 (Ibid.
2898 4960 2944 4995 v.
2969 4943 3039 5011 5)
3074 4959 3088 4994 :
3118 4941 3349 4996 futurmu
3395 4943 3511 5011 ejus
3545 4943 3762 4997 exitium

2177 5033 2468 5104 prardicens
2489 5035 2588 5087 sub
2607 5033 2784 5102 specie
2805 5033 3213 5102 imprecatiouis.
3235 5033 3250 5085 l
3259 5043 3304 5086 ta
3331 5048 3534 5092 rursus.
3553 5035 3764 5104 quando

2177 5128 2313 5181 bona
2343 5127 2488 5190 dicit,
2525 5136 2702 5180 narrat
2725 5127 2822 5180 sub
2845 5126 3023 5194 Specie
3049 5126 3384 5195 precationis,
3413 5127 3594 5182 dicens
3623 5143 3642 5182 :
3671 5126 3765 5184 Det

2177 5219 2263 5272 tibi
2294 5219 2432 5273 Deus
2466 5219 2528 5272 de
2562 5235 2676 5273 rore
2695 5219 2807 5272 τιειί
2837 5228 2883 5271 et
2910 5218 2972 5271 de
3003 5219 3305 5288 pinguedine
3324 5229 3469 5272 teme
3491 5219 3648 5290 (Ibid.
3671 5221 3762 5276 27.

2177 5311 2248 5366 28
2272 5310 2314 5380 ).
2339 5311 2569 5365 Tametsi
2600 5311 2700 5365 hoc
2729 5325 2940 5380 quoque
2969 5319 3052 5364 est
3082 5311 3376 5380 prophetia.
3406 5311 3560 5378 Quod
3587 5322 3763 5366 autem

2179 5402 2281 5459 hoc
2307 5418 2413 5457 non
2441 5403 2510 5457 sit
2529 5402 2743 5457 humani
2769 5403 3011 5468 affectus,
3039 5403 3240 5457 clarum
3263 5411 3364 5457 est.
3392 5401 3523 5456 Nam
3554 5404 3604 5458 iu
3625 5403 3765 5458 Cha-

2180 5511 2314 5550 naan
2345 5511 2555 5566 quoque
2584 5505 2734 5565 pater
2756 5497 2871 5563 ejus
2901 5495 3003 5548 hoc
3033 5493 3189 5559 facit,
3217 5493 3403 5549 dicens
3437 5515 3450 5548 :
3483 5494 3595 5549 Erit
3626 5494 3763 5550 Cha-

2179 5605 2313 5642 naan
2343 5605 2512 5642 servus
2553 5588 2662 5658 ejus
2687 5590 2705 5657 (
2731 5587 2868 5640 Ibid.
2909 5587 2962 5643 9.
2993 5586 3064 5642 25
3090 5587 3137 5654 );
3168 5595 3224 5641 ut
3260 5587 3416 5652 scias,
3449 5587 3636 5652 Deum,
3675 5588 3764 5656 qui

2179 5680 2436 5750 pneveuit
2462 5693 2558 5734 eos
2581 5679 2672 5748 qui
2703 5678 2891 5748 injuria
2911 5678 3232 5745 afficiuntur,
3260 5692 3374 5745 eos,
3402 5680 3491 5749 qui
3518 5677 3764 5747 injuriam

2240 5811 2314 5874 (a)
2337 5820 2445 5863 Haec
2465 5812 2634 5869 verba,
2659 5807 2717 5858 Bt
2751 5805 3078 5875 episcopatum
3093 5811 3198 5875 ejus
3215 5811 3421 5868 accipiat
3452 5811 3594 5875 alter,
3630 5815 3762 5862 exci-

2179 5874 2311 5927 disse
2339 5877 2510 5939 probat
2529 5876 2656 5938 quod
2675 5874 2912 5936 sequitur.
3116 5874 3122 5875 ⁷
3196 5889 3202 5894 ·
