4108 6344
314 411 422 469 259

315 526 651 598 λειπομένων
683 523 1004 594 κατεύχεται
1035 522 1208 595 [245].
1239 521 1427 577 Καίτοι
1453 538 1516 590 γε
1539 521 1710 574 ταῦτα
1727 521 1891 575 ἀπελ-

313 611 497 673 θόντος
537 609 596 672 ἐξ
641 609 888 678 ἀνάγκης
928 605 1182 674 γενέσθαι
1228 605 1517 675 συμϐαίνει
1541 623 1556 636 ·
1601 605 1716 657 ἀλλ’
1745 604 1895 672 ὅμως

315 691 611 746 καὶταῦτα
645 694 702 745 ἐν
751 690 900 756 τάξει
947 689 1158 758 τίθησιν
1202 688 1362 758 ἀρᾶς,
1418 687 1495 757 τῷ
1549 686 1704 758 θυμῷ
1734 685 1891 751 ζέων.

316 775 428 829 Καὶ
449 775 570 828 οὐδὲ
605 776 766 846 μέχρι
791 775 888 843 τῆς
916 772 1178 846 ὀρφανίας
1203 772 1437 833 ἵσταται,
1469 770 1604 824 ἀλλά
1630 772 1724 823 καὶ
1759 768 1897 839 μετά

316 859 573 923 τοιαύτας
612 858 896 928 συμφορὰς
952 857 1166 928 πρόεισι
1227 855 1574 926 περαιτέρω,
1618 854 1678 907 τὸ
1725 854 1896 908 δεινὸν

319 940 534 1006 αὔξων,
578 943 854 1010 πλανήτας
897 941 991 992 καὶ
1048 938 1390 1010 μετανάστας
1430 934 1598 1001 ἀξιῶν
1645 936 1896 1006 γενέσθαι

316 1030 442 1092 τοὺς
478 1027 705 1082 ἐκείνου.
762 1024 1158 1092 Σαλευόμενοι
1198 1021 1308 1092 γὰρ
1354 1022 1899 1090 μεταναστήτωσαν

317 1111 371 1160 οί
410 1109 525 1161 υἱοί
570 1105 776 1168 αὺτοῦ,
811 1103 963 1173 φησὶ,
1017 1100 1117 1154 καί
1150 1100 1670 1166 ἑπαιτησάτωσαν.
1719 1101 1898 1152 Τουτ-

318 1193 559 1264 ἑστι,μὴ
619 1191 787 1245 στῶσι
851 1187 1224 1258 πλανώμενοι,
1266 1188 1399 1257 μηδὲ
1446 1187 1546 1256 τῆς
1597 1186 1900 1254 ἀναγκαίας

323 1278 677 1348 εὐπορήσωσι
699 1272 926 1341 τροφῆς,
956 1270 1091 1341 μηδέ
1122 1269 1432 1323 παύσωνται
1453 1270 1615 1322 τόπον
1637 1270 1701 1322 ἐκ
1729 1269 1896 1321 τόπου

321 1359 560 1428 συνεχῶς
584 1355 904 1427 ἀμείϐοντες
930 1393 944 1414 ,
976 1352 1321 1422 ἐλαυνόμενοι
1347 1391 1361 1414 ,
1400 1351 1716 1421 διωκόμενοι
1759 1350 1900 1403 κατὰ

321 1446 501 1496 πᾶσαν
540 1441 638 1508 τὴν
669 1439 794 1508 γῆν,
829 1439 921 1491 καὶ
960 1434 1207 1506 μηδαμοῦ
1242 1434 1426 1506 χώραν
1462 1433 1554 1486 τοῦ
1591 1434 1777 1503 στῆναι
1812 1433 1900 1485 εύ-

323 1527 624 1598 ρίσκοντες.
657 1523 811 1576 Μετά
832 1521 890 1574 δὲ
923 1521 1127 1572 τούτων
1151 1519 1246 1572 καὶ
1276 1519 1465 1573 πενίαν
1498 1518 1676 1572 αὐτῶν
1706 1518 1900 1571 κατεύ-

321 1627 498 1680 χεται,
531 1607 624 1660 καὶ
655 1605 841 1659 πενίαν
876 1605 1109 1674 ἐσχάτην
1151 1603 1241 1655 καὶ
1268 1602 1557 1674 ἀφόρητον.
1587 1601 1728 1654 ὥστε
1765 1601 1900 1672 μηδέ

319 1694 421 1760 τῆς
466 1690 618 1762 παρά
666 1689 775 1742 τῶν
829 1687 1106 1756 συγγενῶν
1159 1686 1476 1756 ἐπικουρίας
1523 1687 1735 1756 τυχεῖν,
1765 1684 1902 1738 ἀλλά

323 1775 615 1846 περιιέναι,
649 1773 802 1841 παρά
832 1771 996 1835 ξένων
1022 1769 1117 1822 καὶ
1151 1768 1441 1836 ἀγνώστων
1477 1767 1903 1840 προσαιτοῦντας

321 1859 549 1928 ταύτην.
597 1858 706 1910 Καὶ
755 1856 917 1910 ἄκουε
963 1854 1078 1915 πῶς
1129 1851 1288 1904 τοῦτο
1329 1851 1505 1921 δηλῶν
1544 1852 1899 1922 παρατίθησι.

323 1941 480 1996 Μετά
513 1941 621 2012 γὰρ
645 1938 706 1992 τὸ
735 1940 908 1992 εἰπεῖν
929 1954 942 1965 ·
975 1934 1539 2000 Μεταναστήτωσαν
1565 1937 1618 1988 οί
1649 1934 1766 1988 υιοί
1797 1935 1904 1988 αὐ-

321 2025 450 2088 τοῦ,
481 2024 579 2077 καὶ
603 2019 1117 2088 ἐπαιτησάτωσαν,
1151 2017 1346 2086 ἐπάγει
1366 2034 1378 2046 ’
1409 2016 1904 2084 Ἑκϐληθήτωσαν

321 2110 393 2161 ἐκ
425 2106 545 2160 τῶν
569 2105 894 2160 οἰκοπέδων
918 2101 1135 2165 αὐτῶν,
1181 2102 1280 2155 καὶ
1327 2099 1774 2170 ὲξερευνησάτω
1801 2099 1905 2154 δα-

326 2189 579 2257 νειστὴς
611 2188 804 2242 πάντα
842 2187 960 2240 ὅσα
1006 2184 1262 2254 ὑπάρχει
1305 2183 1485 2250 αὐτῷ.
1528 2184 1626 2239 καί
1656 2183 1904 2250 διαρπα-

324 2274 614 2328 σάτωσαν
655 2271 960 2337 ἀλλότριοι
1015 2267 1159 2333 τοὺς
1211 2269 1440 2333 πόνους
1476 2266 1682 2320 αὐτοῦ.
1735 2265 1906 2320 Τοῦτο

329 2358 527 2428 ἐτέρας
556 2373 619 2408 συ
629 2355 839 2424 μφορᾶς
867 2347 1026 2414 εἶδος,
1061 2350 1123 2402 τὸ
1148 2351 1228 2413 είς
1262 2348 1567 2420 διαρπαγὴν
1593 2348 1810 2419 δοθῆναι
1837 2349 1906 2403 τά

329 2441 534 2504 αὐτῶν,
583 2439 677 2490 καὶ
704 2434 998 2490 δανειστῶν
1038 2433 1224 2503 φέρειν
1271 2430 1578 2495 ἐπιϐουλὰς,
1621 2433 1715 2485 καὶ
1746 2433 1906 2486 παντὶ

330 2526 518 2594 τρόπῳ
551 2517 991 2592 ἐπηρεάζεσθαι,
1022 2517 1118 2570 καὶ
1171 2515 1232 2568 τὸ
1278 2513 1342 2586 δὴ
1388 2513 1797 2586 χαλεπώτερον.
1847 2516 1906 2566 ἐν

330 2606 606 2667 τοσούτοις
632 2605 820 2664 κακοῖς
844 2601 1050 2670 ἔρημον
1081 2594 1218 2652 εἶναι
1246 2598 1549 2668 προστάτου
1581 2613 1595 2628 ⁸
1627 2597 1721 2651 καὶ
1749 2595 1905 2650 τοῦτο

330 2688 658 2757 κατεύχεται
694 2685 864 2751 λέγων
894 2701 909 2713 ·
942 2682 1038 2750 Μὴ
1086 2679 1404 2747 ὑπαρξιίτω
1449 2679 1608 2745 αὐτῷ
1658 2681 1906 2750 ἀντιλή-

329 2787 510 2838 πτωρ.
544 2768 625 2822 Ta
651 2769 758 2839 γὰρ
785 2765 930 2820 κακά
950 2765 1088 2818 αύτά
1117 2763 1238 2817 καθ’
1267 2762 1434 2816 ἑαυτά
1456 2763 1702 2834 ἀφόρητα
1728 2781 1741 2795 ·
1778 2764 1906 2817 ὅταν

328 2854 385 2906 δὲ
420 2853 554 2924 μηδέ
591 2851 680 2905 τὸν
721 2850 1117 2922 προῖστάμενον
1154 2848 1274 2918 ἔχῃ,
1312 2846 1491 2918 πολλῷ
1531 2846 1903 2919 χαλεπώτερα.

330 2937 498 3006 Μηδέ
529 2936 832 3006 γενηθήτω
860 2935 1173 3003 οἰκτίρμων
1195 2932 1319 2999 τοῖς
1365 2932 1647 3002 ὀρφανοῖς
1694 2934 1904 2988 αὐτοῦ.

329 3029 535 3082 Βαϐαίῑ
584 3029 747 3081 πόσον
784 3025 954 3097 θυμοῦ
1001 3023 1260 3096 μέγεθος,
1296 3023 1425 3077 ὅταν
1462 3023 1594 3095 μηδὲ
1633 3023 1694 3076 τὸ
1731 3023 1908 3095 ἄωρον

328 3115 428 3182 τῆς
456 3111 721 3183 ὀρφανίας
753 3109 934 3173 ἐλέους
964 3109 1224 3179 τυγχάνῃ,
1260 3108 1354 3160 καὶ
1396 3107 1458 3160 ού
1504 3107 1660 3177 μόνον
1699 3106 1905 3171 ἐλέους,

332 3194 472 3248 ἀλλά
514 3194 608 3247 καὶ
635 3192 880 3263 ἀπωλείᾳ
910 3192 1106 3262 ἐσχάτῃ
1145 3190 1559 3262 περιϐάλληταιί
1589 3189 1909 3257 Γενηθήτω

329 3279 459 3349 γὰρ,
487 3278 639 3348 φησὶ,
669 3276 739 3332 τὰ
778 3275 956 3329 τέκνα
988 3275 1172 3329 αὐτοῦ
1203 3277 1291 3340 είς
1321 3274 1765 3341 ἑξολόθρευσιν.
1806 3273 1909 3326 Ἐν

332 3360 508 3432 γενεᾷ
527 3360 634 3430 μιᾷ
663 3360 1038 3428 ἐξαλειφθείη
1072 3359 1139 3412 τὸ
1179 3359 1363 3426 ὄνομα
1393 3355 1600 3411 αὑτοῦ.
1632 3353 1782 3421 Εἶδες
1823 3356 1909 3410 λό-

331 3464 427 3514 γον
465 3444 636 3516 θυμοῦ
670 3443 927 3514 γέμοντα,
983 3443 1075 3495 καὶ
1128 3440 1364 3511 οὐδαμοῦ
1421 3439 1739 3510 ἱστάμενον;
1798 3441 1908 3492 Καὶ

331 3529 496 3597 ζῆσαι
531 3528 668 3598 μετά
703 3525 987 3596 συμφορᾶς
1034 3525 1230 3587 αὐτοὺς
1270 3523 1488 3593 εὔχεται
1518 3523 1769 3592 ποικίλης
1815 3524 1909 3576 καὶ

333 3611 698 3680 παντοδαπῆς,
741 3610 834 3662 καὶ
859 3607 1204 3679 πανωλεθρίᾳ
1231 3607 1621 3679 παραδοθῆναι,
1646 3607 1740 3660 καὶ
1768 3607 1908 3660 ἀνω-

330 3695 518 3764 νύμως
576 3694 892 3747 ἀπολέσθαι.
952 3693 1060 3747 Καὶ
1102 3692 1288 3762 ὥσπερ
1339 3692 1443 3757 οὐκ
1489 3692 1763 3761 ἀρκούσης
1813 3691 1911 3760 τῆς

333 3796 398 3831 συ
408 3779 616 3848 μφορᾶς
639 3778 745 3832 τῶν
774 3777 1000 3839 παίδων,
1023 3776 1216 3844 ἐπάγει
1249 3776 1406 3829 πάλιν
1435 3793 1448 3806 ·
1484 3775 1908 3844 Ἀναμνησθείη

334 3863 372 3927 ἡ
403 3861 623 3929 ἀνομία
649 3860 769 3913 τῶν
799 3860 1069 3926 πατέρων
1088 3859 1296 3920 αὐτοῦ,
1329 3858 1428 3911 καί
1463 3858 1500 3923 ἠ
1528 3858 1783 3926 ἁμαρτία
1802 3855 1911 3924 τῆς

326 3945 556 4013 μητρὸς
621 3943 805 3997 αὐτοῦ
868 3942 955 4012 μὴ
1013 3941 1411 4010 ἐξαλειφθείη.
1472 3941 1911 4008 Γενηθήτωσαν

328 4027 612 4082 ἐναντίον
655 4026 876 4094 Κυρίου
930 4024 1277 4090 διαπαντὸς,
1323 4023 1423 4077 καὶ
1460 4024 1910 4091 ἐξολοθρευθείη

330 4112 400 4164 ἐκ
429 4108 538 4180 γῆς
559 4109 626 4162 τὸ
649 4109 1049 4179 μνημόσυνον
1075 4107 1291 4161 αὐτῶν.
1325 4105 1494 4159 Τοῦτο
1529 4105 1638 4177 γὰρ
1676 4105 1910 4177 μάλιστα

335 4193 535 4264 θυμοῦ,
567 4192 627 4245 τὸ
673 4189 1164 4262 κατακερματίζειν
1198 4189 1264 4254 ἃς
1293 4184 1413 4242 εἷπε
1447 4187 1676 4241 καθόλου
1709 4205 1914 4260 συμφο-

339 4278 462 4349 ρὰς,
497 4277 592 4328 καὶ
627 4273 860 4345 συνεχῶς
880 4274 949 4327 τὰ
978 4273 1117 4326 αύτά
1145 4271 1545 4343 περιστρέφειν.
1573 4271 1755 4324 Εἰπὼν
1781 4273 1909 4342 γὰρ,

346 4359 775 4427 Ἅναμνησθείη
796 4359 834 4425 ἡ
859 4357 1079 4426 ἀνομία
1118 4355 1238 4408 τῶν
1273 4355 1544 4422 πατέρων
1565 4354 1770 4418 αὑτοῦ,
1815 4356 1912 4407 ἐπ-

334 4440 507 4509 ήγαγε
528 4455 541 4467 ο
578 4437 686 4492 Καὶ
702 4437 788 4506 μὴ
817 4435 1213 4503 ἐξαλειφθείη.
1242 4433 1432 4486 Καίτοι
1473 4432 1534 4485 τὸ
1566 4432 1698 4485 αὑτό
1729 4432 1877 4485 ἐστιν
1895 4449 1910 4464 ·

336 4517 451 4569 ἀλλ’
497 4517 648 4586 ὅμως
703 4516 731 4567 6
780 4513 949 4582 θυμὸς
1017 4511 1110 4565 καλ⁵
1169 4511 1454 4581 ἀμφότερα
1507 4509 1914 4580 παρεσκεύασεν

336 4595 500 4648 αὑτὸν
527 4596 721 4648 εἰπεῖν’
752 4592 780 4646 ὃ
805 4592 864 4646 δὲ
895 4590 1140 4662 βούλεται
1163 4591 1334 4642 είπεῖν
1361 4587 1516 4640 τοῦτό
1537 4589 1704 4641 ἐστιν·
1755 4589 1908 4643 Ἀπόο

337 4691 547 4727 κτεινον
589 4672 751 4725 αὐτὸν
774 4713 789 4735 ,
836 4670 1070 4740 σφάξον,
1117 4668 1288 4722 ἄνελε.
1327 4663 1480 4730 Εἶδες
1512 4669 1650 4738 ἀρᾶς
1676 4666 1912 4737 πλῆθος;

350 4749 512 4814 Ἀλλ’,
551 4754 599 4805 εἰ
630 4750 829 4821 βούλει,
880 4749 1040 4803 πάλιν
1080 4746 1285 4801 ἀνωθεν
1330 4745 1469 4799 αύτά
1509 4745 1910 4817 συλλογίσομαι.

337 4830 633 4898 Περιπέσοι
660 4829 917 4898 πονηροῖς
944 4823 1268 4895 ἀνθρώποις,
1303 4825 1456 4893 φησὶ,
1485 4824 1910 4896 κατηγορηθείη,

336 4907 636 4978 κρατηθείη
668 4908 796 4978 παρ’
835 4904 1033 4967 αὐτῶν,
1071 4903 1510 4972 καταδικασθείη,
1554 4904 1732 4973 ἄωρον
1784 4905 1916 4957 ὑπο-

338 4989 498 5056 σταίη
539 4987 786 5051 θάνατον,
838 4984 1128 5056 ἐκϐληθείη
1156 4985 1253 5054 τῆς
1293 4983 1481 5053 τιμῆς,
1522 4987 1616 5038 καὶ
1657 4985 1788 5054 μηδέ
1836 4988 1916 5049 είς

336 5067 614 5134 ἐκγόνους,
647 5065 762 5119 ἀλλ’
811 5067 889 5128 είς
931 5063 1147 5132 ἐτέρους
1172 5060 1333 5126 ’τινὰς
1367 5062 1569 5129 ταύτην
1608 5080 1914 5134 μεταφερο-

341 5145 509 5213 μένην
552 5145 681 5197 ἴδοιο
728 5146 761 5213 ἠ
795 5143 929 5212 γυνὴ
965 5141 1130 5195 αὐτοῦ
1159 5140 1429 5204 ἀπόλοιτο,
1472 5140 1567 5194 καὶ
1613 5140 1681 5192 τὰ
1728 5141 1916 5194 παιδία

337 5223 551 5285 πενίαν,
577 5223 836 5293 ὀρφανίαν
854 5219 1029 5293 [ειη
1066 5219 1179 5289 βίον
1208 5219 1515 5290 προσαιτῶν
1543 5219 1912 5288 ύπομείναιεν,

336 5301 815 5359 καταδικασθεῖεν.
869 5299 1107 5352 ἐλαθεῖεν
1151 5299 1446 5364 πάντοθεν,
1495 5297 1697 5367 μηδένα
1739 5301 1916 5369 σχοῖεν

340 5379 554 5450 βοηθὸν,
591 5380 872 5433 ἐκπέσοιεν
913 5379 1007 5431 καὶ
1051 5378 1148 5448 τῆς
1181 5377 1392 5440 εὐνοίας
1425 5376 1518 5429 τοῦ
1548 5375 1704 5439 Θεοῦ,
1732 5377 1916 5447 μηδεὶς
1983 5411 1991 5420 -

335 5459 522 5520 αὐτοῖς
562 5460 770 5527 γένοιτο
816 5458 1002 5528 λιμὴν,
1051 5456 1186 5525 μηδὲ
1213 5456 1499 5526 καταφυγή
1533 5471 1546 5485 ⁸
1574 5455 1914 5526 ἐξαλειφθείη

335 5539 396 5590 τὸ
434 5538 601 5607 ὄνομα
635 5537 801 5592 αὑτοῦ
835 5537 942 5590 ἀπὸ
973 5538 1072 5606 τῆς
1124 5534 1261 5604 γῆς,
1310 5533 1592 5607 ἀνώνυμος
1643 5535 1914 5596 ἀπόλοιτο,

334 5617 432 5669 καὶ
455 5619 484 5670 6
511 5606 692 5688 πατὴρ
721 5618 815 5669 καὶ
851 5618 883 5684 ή
928 5616 1108 5686 μήτηρ
1144 5613 1301 5683 δίκην
1339 5614 1499 5672 δοῖεν.
1533 5606 1607 5666 ὧν
1639 5614 1912 5686 ἥμαρτον·

336 5697 434 5766 καὶἶ
453 5695 576 5766 μετ’
610 5695 740 5749 αὐτὸ
759 5707 784 5735 ι
818 5693 1035 5766 ἐξώλεις
1067 5693 1170 5766 καὶΔ
1190 5691 1458 5766 προώλεις
1476 5691 1778 5766 ἀπόλοιντο.

412 5761 479 5833 ﬁ".
505 5761 573 5818 Ἀ
586 5783 653 5838 pa
685 5767 787 5818 οὐκ
820 5761 1582 5833 ἐκπλήττειτὸνάκροατὴντά
1612 5763 1913 5834 εἰρημένας

403 5878 428 5907 ⁸
457 5881 550 5927 Καὶ
573 5881 672 5937 μετ’
694 5879 811 5926 αὖτό
832 5878 1016 5924 omittit.
1046 5876 1196 5924 εει-ῆι.
1233 5873 1318 5937 qui
1342 5878 1389 5926 in
1432 5886 1581 5936 marg.
1607 5887 1637 5924 ε
1664 5887 1766 5926 var.
1793 5877 1910 5927 lect.

338 5939 488 5991 habet
506 5937 679 5998 ἐξώλης
696 5941 777 5988 καὶ
801 5939 1020 6002 προώλης
1037 5937 1281 5985 ἀπόλοιτο.

627 6045 901 6104 Parnm.
949 6042 1068 6103 Gn.
1120 6040 1246 6101 LV.

1403 404 1771 464 EXPOSITIO
1812 403 1879 459 IN
1921 401 2250 461 PSALMUM
2292 404 2469 459 CVIII.

3457 405 3562 459 9.60

1995 525 2141 598 Ἆρα
2168 530 2268 583 οὐκ
2311 531 2597 601 ἐπιθυμεῖς
2632 529 2862 584 ἀκοῦσαι
2903 529 2984 593 τίς
3019 521 3172 592 οὗτος
3210 531 3237 582 ὀ
3269 529 3562 584 καταδικα-

1994 616 2142 680 σθεὶς
2175 617 2382 684 οῦτως;
2429 619 2493 671 Εἰ
2523 618 2632 690 γὰρ
2665 619 2950 688 ἄνθρωπον
2986 618 3272 680 ἀκούοντες
3297 615 3569 685 λοιδορούο

1996 721 2154 774 μενον
2211 707 2336 768 τοὺς
2392 705 2747 777 παρεστῶτας
2792 705 3117 776 ἐρωτῶμεν,
3161 705 3364 774 φράσαι
3413 704 3490 766 τίς
3537 703 3566 758 6

1993 789 2164 842 ταῦτα
2211 790 2455 845 ἀκούων·
2499 791 2676 861 πολλῷ
2718 793 2915 862 μᾶλλον
2957 793 3047 844 τοῦ
3080 797 3357 862 προφήτου
3397 791 3567 845 ταῦτα

1995 877 2389 947 καταρωμένου
2419 879 2727 943 ἀκούοντες,
2757 880 3052 947 ἀναγκαῖον
3077 879 3288 947 μαθεῖν,
3310 879 3403 930 καὶ
3430 878 3569 948 μετὰ

1995 963 2160 1032 φόϐου
2188 964 2402 1034 μαθεῖν,
2427 967 2522 1018 καὶ
2553 966 2985 1035 συνεσταλμένης
3012 966 3109 1034 τῆς
3135 964 3392 1026 διανοίας,
3423 965 3505 1028 τίς
3539 966 3568 1016 6

1995 1052 2074 1114 εἰς
2099 1051 2267 1122 ὀργὴν
2298 1051 2439 1105 οὕτω
2473 1053 2712 1125 χαλεπὴν
2737 1051 3010 1124 ἐμπεσὼν,
3035 1052 3118 1114 τίς
3160 1054 3190 1105 6
3226 1053 3472 1123 λυπήσας
3509 1053 3569 1104 τὸ

1997 1139 2221 1209 Πνεῦμα
2256 1139 2316 1192 τὸ
2337 1139 2509 1208 ἅγιον,
2535 1141 2610 1204 ὡς
2633 1141 2866 1195 τοσαῦτα
2895 1141 2988 1193 καὶ
3017 1139 3314 1210 τηλικαῦτα
3342 1140 3569 1194 ἀκοῦσαι

1997 1223 2186 1278 παθῶν
2229 1225 2365 1297 εἴδη.
2397 1226 2624 1291 Οὐκοῦν,
2672 1228 2720 1280 εἰ
2759 1228 2923 1294 δοκεῖ,
2971 1226 3060 1279 τὸν
3111 1225 3322 1296 ψαλμὸν
3364 1225 3570 1281 ἀνωθεν

1998 1315 2238 1384 εἴπωμεν
2279 1315 2416 1386 μετά
2459 1316 2658 1386 πολλῆς
2712 1315 2813 1386 τῆς
2873 1317 3168 1386 προσοχῆς.
3223 1316 3331 1368 Καὶ
3361 1316 3572 1386 ,μηδεὶς

1999 1401 2349 1472 θορυϐείσθω.
2390 1404 2500 1455 Καὶ
2539 1404 2646 1474 γὰρ
2679 1403 2817 1474 μετὰ
2845 1403 3124 1473 ἀκριϐείας
3161 1405 3376 1468 ἀπάτη-,ς
3415 1407 3570 1474 ποιή-

2000 1505 2163 1558 σομαι
2204 1490 2301 1560 τὴν
2355 1490 2632 1562 ἐξήγησιν,
2691 1493 2764 1556 ὡς
2808 1491 2863 1546 ἂν
2919 1487 3028 1553 οἷός
3070 1509 3129 1544 τε
3165 1487 3228 1547 ὦ·
3279 1493 3412 1545 Οὐδὲ
3465 1492 3572 1561 γὰρ

2003 1577 2194 1647 μικρόν
2224 1579 2339 1630 ἐστι
2365 1578 2425 1630 τὸ
2464 1577 2792 1649 ζητούμενον
2813 1598 2826 1610 ο
2857 1579 2970 1632 ἀλλ’
2994 1578 3051 1631 ἓν
3079 1579 3179 1648 μὲν
3209 1581 3302 1634 καὶ
3324 1579 3570 1650 πρῶτον,

1999 1663 2142 1727 τίνος
2174 1664 2361 1718 ἕνεκεν
2391 1665 2554 1718 αὑτοῦ
2593 1667 2952 1737 ἁμαρτόντος,
2979 1666 3170 1720 τούτου
3199 1667 3261 1727 δὴ
3292 1669 3383 1722 τοῦ
3413 1683 3576 1721 κατα-

1999 1750 2274 1820 ϐοωμένου
2292 1794 2307 1817 ,
2347 1753 2399 1804 οί
2429 1754 2616 1816 παῖδες
2641 1754 2956 1818 κολάζονται
2991 1757 3108 1828 μετ’
3135 1755 3302 1810 αὐτοῦ
3326 1796 3339 1817 ,
3393 1755 3487 1809 καὶ
3539 1755 3573 1825 ἠ

1999 1838 2158 1908 γυνὴ,
2190 1841 2285 1892 καὶ
2315 1841 2364 1893 οί
2389 1843 2584 1908 γονεῖς.
2613 1841 2874 1914 Δεύτερον
2899 1843 2976 1908 δέ,
3004 1844 3088 1908 τίς
3111 1845 3138 1896 6
3163 1841 3572 1914 καταρώμενος.

2001 1926 2192 1996 Τρίτον
2220 1927 2298 1990 δὲ,
2331 1927 2448 1990 πῶς
2477 1930 2505 1981 6
2528 1927 2636 1981 τῶν
2659 1931 2970 1985 ἀποστόλων
2999 1933 3292 2002 κορυφαῖος
3318 1931 3445 2000 περὶ⁹
3480 1928 3575 1982 τοῦ

2013 2013 2181 2066 Ἰούδα
2210 2013 2303 2067 τὸν
2331 2014 2544 2084 ψαλμὸν
2581 2016 2834 2086 εἰρῆσθαι
2871 2019 3106 2072 δείκνυσι
3133 2035 3147 2051 ο
3194 2018 3394 2084 μᾶλλον
3430 2016 3487 2070 δὲ
3512 2017 3573 2070 ού

2001 2100 2091 2152 τὸν
2131 2100 2341 2173 ψαλμὸν
2384 2102 2629 2166 ἅπαντα,
2684 2103 2820 2156 ἀλλά
2865 2104 2956 2158 τοῦ
3005 2105 3220 2175 ψαλμοῦ
3271 2106 3330 2158 τὸ
3391 2106 3575 2176 μέρος.

2002 2191 2051 2242 Γ
2053 2187 2335 2257 ἐγραπταὶ
2368 2191 2478 2260 τὰρ
2499 2229 2514 2254 ,
2564 2191 2757 2261 φησὶν,
2803 2193 2873 2245 ἐν
2921 2191 2996 2260 τῇ
3029 2193 3224 2257 ,βίϐλῳ
3265 2193 3384 2246 τῶν
3417 2196 3564 2246 Ψαλ·

1995 2275 2128 2345 μῶν
2154 2291 2169 2306 θ
2215 2276 2536 2345 Γενηθήτω
2581 2279 2617 2346 ἡ
2669 2278 2922 2345 ἔπαυλις
2960 2280 3144 2334 αὑτοῦ
3193 2280 3428 2349 ἔρημος,
3481 2280 3580 2334 καί

2002 2363 2072 2415 ἐν
2115 2361 2234 2429 τοῖς
2292 2363 2684 2433 σκηνώμασιν
2740 2366 2926 2420 αὑτοῦ
2975 2367 3057 2437 μὴ
3099 2369 3254 2421 ἔστω
3314 2371 3347 2421 ὀ
3394 2383 3582 2420 κατοι-

2004 2448 2126 2503 κῶν
2154 2451 2203 2506 ιι,
2268 2451 2426 2503 Ἀλλὰ
2480 2451 2639 2505 πάλιν
2699 2454 2856 2506 τοῦτο
2910 2455 3093 2525 ἕτερον
3154 2457 3278 2524 ἡμῖν
3367 2454 3582 2524 ζήτημα

2004 2537 2232 2608 παρέχει
2275 2553 2290 2568 ·
2333 2540 2396 2591 ού
2444 2540 2552 2610 γὰρ
2605 2541 2662 2592 ἐν
2704 2540 2877 2612 τούτῳ
2921 2541 3223 2613 γέγραπται
3266 2543 3342 2612 τῷ
3383 2543 3584 2612 ψαλμῴ

2004 2625 2325 2698 ἀμφότεραο
2387 2627 2576 2699 διόπερ
2626 2630 2726 2684 οὐκ
2773 2627 2892 2684 εἷπε
2967 2631 3118 2684 τόνδε
3187 2632 3279 2685 τὸν
3345 2632 3580 2702 ψαλμὸν.

2006 2713 2141 2767 ἀλλά
2179 2714 2241 2767 τὸ
2296 2714 2498 2784 βιϐλίον
2541 2717 2706 2770 ἅπαν.
2751 2717 2860 2770 Καὶ
2907 2719 3016 2788 γὰρ
3062 2719 3142 2783 τὸ,
3179 2720 3496 2788 Γενηθήτω
3542 2722 3579 2788 ἡ

2003 2803 2263 2868 ἔπαυλις
2295 2803 2481 2858 αὐτοῦ
2539 2805 2778 2874 ἕρημος,
2813 2806 2870 2858 ἐν
2913 2807 3101 2876 ἑτέρῳ·
3143 2808 3236 2860 καὶ
3287 2808 3346 2859 ἐν
3385 2808 3577 2878 τούτῳ·

2013 2889 2133 2957 Τὴν
2168 2889 2514 2958 ἐπισκοπὴν
2534 2890 2720 2945 αὐτοῦ
2751 2890 2921 2945 λάϐοι
2943 2892 3161 2959 ἕτερος.
3195 2892 3336 2946 Ἀλλ’
3369 2895 3516 2964 ὅμως
3551 2896 3581 2946 6

2007 2977 2218 3047 Πέτρος
2249 2978 2533 3047 ἀμφότερα
2561 2978 2864 3048 συνήγαγεν
2893 2981 2970 3042 είς
3004 2980 3304 3050 μαρτυρίαν
3338 2979 3482 3049 μίαν.
3515 2982 3579 3033 Ὃ

2007 3065 2101 3117 καὶ
2133 3068 2162 3117 6
2185 3064 2395 3124 Παῦλος
2425 3065 2701 3134 πανταχοῦ
2741 3068 2902 3130 ποιεῖ,
2951 3067 3025 3129 ώς
3064 3067 3190 3119 ὅταν
3228 3067 3378 3140 λέγῃ·
3412 3068 3579 3132 ’Ἡξει

2005 3151 2074 3204 ἐκ
2100 3150 2253 3204 Σιὼν
2276 3154 2309 3204 ὀ
2332 3153 2644 3220 ῥυόμενος,
2678 3153 2776 3205 καί
2810 3153 3174 3221 ἀποστρέψει
3215 3155 3488 3221 ἀσεϐείας
3510 3156 3578 3220 ἐξ

2019 3240 2232 3295 Ἰακώϐ.
2300 3238 2408 3292 Καὶ
2437 3239 2588 3308 αὕτη
2645 3241 2848 3305 αὐτοῖς
2875 3243 2914 3310 ὴ
2956 3245 3094 3310 παρ’
3127 3243 3272 3310 ἐμοῦ
3303 3243 3574 3313 διαθήκη,

2006 3327 2151 3380 ὅταν
2171 3326 2478 3395 ἀφέλωμαι
2512 3328 2614 3393 τὰς
2645 3328 2932 3396 ἁμαρτίας
2963 3328 3181 3383 αὐτῶν.
3219 3329 3282 3381 Τί
3315 3329 3370 3382 δὲ
3399 3330 3462 3384 ἄν
3496 3349 3579 3396 τις

2007 3415 2150 3467 είποι
2173 3413 2232 3466 τὸ
2253 3414 2569 3483 είρημένονς
2602 3415 3011 3486 προφητείαν,ἢ
3043 3417 3212 3487 ἀράνς
3237 3419 3579 3488 Προφητείαν

2009 3504 2065 3554 ἐν
2094 3500 2220 3554 εῖδει
2259 3501 2415 3570 ἀρᾶς.
2457 3501 2566 3554 Καὶ
2603 3500 2710 3572 γάρ
2740 3503 2829 3553 καὶ
2862 3502 3093 3572 ἀλλαχοῦ
3139 3503 3375 3557 τοιοῦτόν
3404 3523 3454 3558 τι
3491 3508 3580 3559 εύ-

2012 3588 2267 3658 ρήσομεν·
2311 3588 2444 3658 ὅπερ
2474 3589 2566 3640 καὶ
2591 3591 2618 3641 6
2664 3588 2857 3642 Ἰακὼϐ
2905 3590 3180 3660 ἐποίησεν.
3219 3592 3436 3663 Ἐπειδὴ
3473 3596 3580 3664 γὰρ

2007 3677 2132 3738 τοὺς
2157 3673 2451 3738 ἀκούοντας
2499 3677 2563 3728 ἐκ
2608 3675 2714 3728 τῶν
2750 3677 2954 3748 ἑτέροις
3002 3679 3404 3748 συμϐαινόντων
3439 3682 3579 3749 ὠφε-

2009 3765 2212 3817 λεῖσθαι
2240 3763 2365 3835 χρὴ,
2392 3764 2590 3828 πολλὰς
2613 3765 2720 3818 τῶν
2739 3766 3082 3838 προφητειῶν
3111 3778 3134 3806 ο
3171 3767 3343 3837 τούτῳ
3367 3786 3582 3838 σχημα.

2007 3853 2212 3916 τίζουσι
2242 3851 2320 3921 τῷ
2345 3852 2549 3922 τρόπῳ,
2579 3851 2719 3904 ὥστε
2753 3854 2846 3906 καὶ
2879 3854 2956 3924 τῷ
2989 3855 3117 3907 εἴδει
3151 3854 3250 3923 τῆς
3289 3859 3567 3926 προφορᾶς

2009 3940 2107 4008 τῆς
2145 3938 2287 3992 κατὰ
2311 3939 2408 4010 τὴν
2436 3940 2706 3993 πολιτείαν
2729 3941 3026 4010 αὐξηθῆναι
3051 3941 3142 3992 τὸν
3164 3941 3344 4009 φόϐον.
3375 3944 3448 3995 Ού
3477 3945 3584 4014 γάρ

2011 4025 2158 4076 ἐστιν
2187 4023 2300 4078 ἴσον
2330 4026 2523 4088 εἰπεῖν,
2557 4025 2638 4077 ὅτι
2668 4027 2696 4078 6
2725 4025 2872 4077 δεῖνα
2901 4025 2960 4076 τὸ
2984 4025 3080 4077 καὶ
3112 4025 3172 4078 τὺ
3202 4026 3464 4091 πείσεται,
3490 4027 3584 4080 καὶ

2011 4108 2070 4160 ἐν
2099 4105 2249 4170 τάξει
2284 4107 2548 4176 χολῶντος
2598 4107 2690 4159 καὶ
2737 4105 3091 4177 ὀργιζομένου
3132 4109 3194 4160 τὸ
3244 4109 3373 4162 αὐτὸ
3428 4110 3585 4164 τοῦτο

2012 4192 2418 4260 προσενεγκεῖν.
2471 4189 2580 4242 Καὶ
2611 4189 2693 4242 ὅτι
2729 4191 2826 4259 οὐχ
2871 4189 3057 4251 ἁπλῶς
3088 4190 3259 4242 ταῦτα
3291 4194 3585 4260 ἀποφαίνοι

2015 4290 2130 4343 μαι.
2169 4273 2275 4325 ἀπὸ
2295 4273 2404 4324 τῶν
2433 4272 2784 4344 προφητικῶν
2814 4273 2940 4342 ὑμῖν
2971 4273 3229 4343 ῥημάτων
3253 4273 3409 4328 τοῦτο
3425 4277 3582 4346 ποιή-

2016 4371 2094 4407 σω
2115 4353 2292 4424 δῆλον.
2311 4354 2367 4407 ὐ
2402 4353 2738 4424 γάρΊακὼϐ,
2757 4354 2842 4406 ὅτε
2869 4353 3057 4424 ἔμελλε
3084 4355 3356 4426 τελευτᾷν,
3381 4358 3579 4420 Δεῦτε,

2013 4439 2146 4508 φησὶ
2174 4441 2284 4502 τοῖς
2322 4440 2456 4500 υἱοῖς
2515 4437 2706 4502 αὑτοῦ,
2758 4439 2854 4492 καὶ
2907 4436 3038 4506 ἐρῶ,
3071 4439 3129 4492 τί
3179 4439 3584 4506 ἀπαντήσεται

2013 4519 2154 4588 ὑμῖν
2171 4520 2263 4573 ἐπ’
2287 4519 2561 4589 ἐσχάτων
2581 4520 2698 4573 τῶν
2723 4519 2977 4589 ἡμερῶν*
3000 4521 3093 4574 καὶ
3127 4520 3333 4591 μέλλων
3366 4539 3582 4594 προφη-

2013 4603 2210 4664 τεύειν,
2243 4607 2305 4656 ἐκ
2332 4604 2632 4674 προοιμίων
2670 4603 2870 4667 εύθὲως
2903 4603 3090 4675 ὥσπερ
3121 4605 3228 4658 τινὶ
3257 4605 3413 4674 θυμῷ
3444 4607 3582 4669 ζέων

2015 4688 2124 4742 ἀπὸ
2176 4689 2312 4758 ἀρᾶς
2369 4687 2593 4758 ἄρχεται
2633 4686 2733 4756 τῆς
2787 4687 3142 4757 προφητείας,
3194 4687 3334 4741 οῦτω
3386 4688 3580 4755 λέγων’

2027 4770 2265 4838 Ῥουϐὶμ
2279 4770 2649 4837 πρωτότοκός
2671 4786 2810 4838 μου,
2830 4768 2979 4842 [245]
2997 4771 3264 4839 σκληρὸς
3279 4771 3579 4839 φέρεσθαι,

2015 4853 2116 4906 καί
2147 4853 2416 4920 σκληρὸς
2443 4851 2728 4918 αὐθάδης,
2755 4851 3092 4918 ἐξύϐρισας,
3115 4854 3194 4919 ὡς
3213 4852 3366 4919 ὕδωρ
3383 4852 3582 4920 μὴέκ-

2017 4936 2216 5005 ζέσης·
2249 4936 2348 5007 τὴν
2375 4936 2672 5007 μέλλουσαν
2702 4935 2868 4988 αὐτοῦ
2896 4935 3168 4988 ἀπώλειαν
3193 4937 3252 4989 ἐν
3279 4937 3584 5007 τάξειάρᾶς

2016 5020 2392 5092 προφητεύων.
2423 5019 2577 5074 Οὕτω
2600 5019 2759 5072 πάλιν
2787 5019 2914 5072 ὃταν
2939 5019 3118 5087 ἀγαθά
3147 5021 3300 5092 λέγῃ,
3331 5024 3388 5074 ἐν
3433 5021 3583 5085 τάξει

2015 5105 2177 5173 εὐχῆς
2202 5103 2484 5172 διηγεῖται,
2539 5101 2663 5169 Δῴη
2712 5118 2812 5156 σοι
2867 5103 3100 5170 Κύριος,
3145 5102 3338 5170 λέγων.
3371 5105 3440 5156 ἐκ
3475 5103 3584 5169 τῆς

2015 5187 2236 5255 δρόσου
2275 5186 2380 5241 τοῦ
2437 5184 2715 5253 οὐρανοῦ,
2756 5185 2851 5238 καὶ
2886 5185 2953 5238 ἐκ
2991 5184 3100 5254 τῆς
3144 5186 3421 5253 πιότητος
3475 5183 3584 5252 τῆς

2015 5269 2146 5338 γῆς.
2181 5269 2370 5322 Καίτοι
2417 5269 2510 5321 καὶ
2535 5267 2692 5320 τοῦτο
2729 5268 3048 5338 προφητεία,
3093 5268 3230 5320 Ἀλλ’
3251 5269 3452 5338 ὅτιμὲν
3483 5270 3584 5323 ούκ

2015 5352 2161 5404 ἔστιν
2198 5350 2536 5420 ἀνθρωπίνου
2589 5349 2812 5414 πάθους,
2862 5350 3038 5420 δῆλον.
3089 5353 3198 5404 Καὶ
3228 5352 3332 5421 γὰρ
3374 5350 3468 5403 καὶ
3492 5353 3584 5404 ἐπὶ

2015 5433 2234 5487 Χαναὰν
2271 5437 2298 5486 6
2347 5434 2526 5504 πατὴρ
2577 5433 2739 5487 αὐτοῦ
2792 5433 2948 5486 τοῦτο
2999 5433 3132 5487 αὐτὸ
3182 5437 3342 5497 ποιεῖ,
3387 5433 3580 5501 λέγων’

2014 5516 2220 5571 Ἔσται
2249 5518 2491 5572 Χαναὰν
2522 5517 2661 5584 παῖς
2692 5517 2896 5571 αὐτοῦ’
2927 5518 3012 5570 ῖνα
3040 5518 3237 5588 μάθῃς,
3272 5519 3352 5569 ὅτι
3385 5517 3579 5579 ὁθεὸς,

2017 5600 2415 5671 προλαμϐάνων
2461 5601 2586 5663 τοὺς
2643 5599 3046 5670 ἀδικουμένους,
3075 5599 3423 5670 ἐπεξέρχεται
3473 5601 3583 5664 τοῖς

2078 5755 2106 5792 ι·
2135 5755 2389 5804 Excidisse
2435 5755 2664 5804 videntur
2696 5754 2798 5803 haec
2818 5751 2967 5804 verba
2995 5768 3005 5794 =
3051 5755 3149 5814 καὶ,
3179 5756 3275 5812 Τήν
3322 5755 3583 5812 ἐπισκοπὴν

2018 5815 2164 5864 αὐτοῦ
2187 5816 2324 5864 λάϐοι
2346 5817 2515 5878 ἕτερος.

2077 5881 2106 5952 ,ο
2138 5878 2220 5927 Sic
2263 5891 2378 5926 mss.
2423 5875 2475 5927 ιιι
2523 5875 2699 5938 Savil.;
2725 5876 2898 5927 Morel.
2935 5888 3051 5926 vero
3081 5878 3254 5932 πολλὰς,
3291 5879 3374 5933 τὰς
3402 5892 3580 5941 προφη-

2019 5955 2160 5992 τειας.

3186 6044 3252 6098 16
