4080 6340
499 509 760 566 ἀδικοῦσι.
793 508 900 561 Kal
929 507 980 572 ,ὁ
1040 505 1268 575 Χριστὸς
1297 505 1354 558 δὲ
1398 503 1621 573 τοιούτῳ
1664 502 1770 554 τινὶ
1799 499 2062 568 κέχρηται

497 595 704 664 τρόπῳ,
734 591 1069 662 προφητείας
1105 589 1236 642 εἴδει
1261 589 1458 660 μᾶλλον
1493 585 1779 640 ἀνακαλῶν
1809 583 1906 636 καὶ
1936 580 2069 664 θρη-

499 661 692 730 νοῦντα
723 661 1077 745 μιμούμενος,
1105 674 1198 726 καὶ
1229 672 1423 740 λέγων’
1465 670 1612 724 Οὐαί
1637 683 1758 731 σοι,
1787 661 2067 732 Χωραζίν,

499 761 637 815 οὐαί
654 775 774 821 σοι,
810 756 1140 826 Βηθσαϊδὰ.
1164 757 1273 809 Kal
1299 756 1481 821 πάλιν,
1510 755 1584 818 ὡς
1610 755 1737 806 ὅταν
1775 751 1930 820 λέγῃ⁶
1969 748 2070 800 Ἰε-

496 841 771 909 ρουσαλὴ
771 860 836 911 μ,
852 839 1258 913 Ἰερουσαλὴμ,
1273 841 1310 909 ἡ
1323 840 1761 894 ἀποκτείνουσα
1776 833 1916 899 τοὺς
1929 845 2070 913 προξ

502 925 713 991 ερήτας.
740 925 874 996 Περὶ
904 911 1051 986 τίνος
1080 919 1170 977 οὖν
1197 926 1225 977 6
1249 923 1458 994 ψαλμδς
1494 922 1708 993 εἴρηται
1729 919 1910 983 ςἚνια
1942 911 2070 982 περὶ

500 1006 595 1059 τοῦ
637 1007 824 1072 Ἰούδα,
873 1006 968 1060 τοῦ
1017 1009 1327 1078 Πνεύματος
1383 1002 1815 1076 προφητεύοντος
1863 998 1950 1051 διὰ
1976 996 2068 1051 τοῦ

501 1090 686 1154 Δαυῖδ,
717 1093 784 1144 τὰ
813 1091 869 1144 δὲ
893 1092 1054 1146 λοιπὰ
1092 1093 1216 1162 περὶ
1240 1091 1460 1160 ἐτέρων.
1483 1087 1593 1140 Kal
1617 1085 1724 1155 γὰρ
1760 1078 1914 1144 οὗτος
1940 1099 2072 1153 προ-

503 1174 731 1242 φητείας
763 1175 922 1228 πάλιν
949 1175 1149 1246 τρόπος
1181 1173 1316 1226 ἐστί.
1345 1172 1454 1225 Kal
1499 1168 1764 1239 πολλαχοῦ
1794 1166 1956 1220 αὐτὸν
1981 1165 2070 1217 εὑ-

501 1259 738 1329 ρήσομεν
760 1256 901 1312 οὕτω
941 1258 1315 1328 συγκείμενον,
1345 1257 1439 1310 καὶ
1462 1254 1531 1307 τὰ
1571 1252 1667 1323 μὲν
1698 1253 1957 1324 προοίμια
1992 1251 2070 1311 εἰς

501 1341 804 1412 ἕτερον,οτὰ
828 1341 884 1394 δὲ
919 1341 1212 1411 λειπόμενα
1249 1343 1327 1402 είς
1360 1338 1516 1392 ἄλλον
1560 1335 1844 1407 λεγόμενα.
1881 1334 1992 1387 Ἵνα
2015 1331 2071 1384 δὲ

501 1425 594 1477 καὶ
622 1425 884 1495 ἑτέρωθεν
911 1426 1025 1496 ἴδῃς
1054 1424 1211 1477 τοῦτο
1251 1423 1402 1482 αὐτὸ,
1438 1422 1598 1492 ἡνίκα
1622 1422 1700 1483 εἰς
1730 1419 1824 1488 τὴν
1845 1419 1947 1487 γῆν
1971 1418 2071 1486 τῆς

501 1507 828 1575 ἐπαγγελίας
854 1508 1106 1578 εἰσῄεσαν
1161 1505 1421 1568 Ἰουδαῖοι,
1455 1502 1677 1575 διαιρῶν
1717 1503 1816 1563 τὰς
1866 1497 2072 1554 δώδεκα

502 1589 674 1659 φυλὰς
717 1592 796 1652 είς
837 1589 1046 1643 δώδεκα
1091 1589 1255 1660 μέρη,
1288 1588 1386 1650 τὰς
1437 1588 1535 1658 μὲν
1591 1585 1859 1653 εὐλογεῖν,
1887 1581 1986 1645 τὰς
2014 1580 2073 1634 δὲ

500 1675 733 1746 ἀρᾶσθαι
764 1673 1041 1728 κελεύεται
1064 1673 1170 1726 ὑπὸ
1196 1672 1331 1725 Θεοῦ
1361 1673 1390 1724 6
1411 1671 1506 1724 τοῦ
1548 1669 1726 1738 Ναυῆ.
1770 1668 1879 1721 Kal
1916 1667 1950 1736 ή
1978 1664 2070 1718 εύ-

500 1756 655 1825 λογία
690 1757 747 1810 δὲ
787 1758 882 1811 καὶ
932 1759 966 1828 ἠ
1009 1755 1119 1827 ἀρὰ
1147 1759 1472 1826 προφητεῖαι
1535 1753 1642 1808 τῶν
1693 1750 2074 1822 γενησομένων

498 1836 660 1912 ἦσαν.
693 1842 801 1894 Kal
829 1841 937 1910 γὰρ
969 1840 1170 1909 έλεγενο
1189 1837 1644 1905 Ἐπικατάρατος
1677 1835 1760 1890 σὺ
1791 1834 2071 1896 ἐνπόλει,

501 1925 926 1992 ὲπικατὰρατος
947 1924 1017 1978 ἐν
1043 1922 1218 1993 ἀγρῷ·
1266 1923 1359 1976 καὶ
1405 1921 1602 1992 μυρίας
1632 1917 1883 1980 τοιαύτας
1933 1915 2073 1986 ἀρὰς

504 2009 838 2064 συντιθεῖσαι
868 2011 921 2062 al
959 2008 1122 2076 φυλαὶ
1157 2006 1365 2077 μακρὸν
1391 2005 1546 2074 λόγον
1566 2005 1892 2074 άπήρτισαν.

572 2134 741 2188 Τοῦτο
773 2134 837 2204 δὴ
885 2134 978 2187 καὶ
1027 2131 1259 2186 ἐνταῦθα
1304 2129 1450 2182 ἐστιν
1479 2131 1672 2186 εἰπεῖν.
1724 2128 1806 2178 ὅτι
1833 2127 1889 2178 ἐν
1923 2123 2073 2189 τάξει

502 2219 640 2286 ἀρᾶς
665 2216 966 2288 προφητεία
991 2213 1345 2281 συντέθειται,
1368 2213 1436 2266 τά
1461 2229 1518 2266 τε
1546 2210 1623 2281 τῷ
1656 2208 1825 2279 Ἰούδα
1859 2205 2073 2288 συμϐη-

503 2286 1153 2370 σόμενα-ἀπαγγέλλουσα
1199 2298 1291 2350 καὶ
1327 2292 1811 2367 προαναφωνοῦσα,
1838 2286 1955 2343 εἶτα
1981 2290 2073 2341 καὶ

504 2384 620 2454 μετ’
650 2385 854 2436 ἐκεῖνον
885 2383 1076 2454 ἑτέραν
1098 2380 1220 2434 τινὰ
1269 2378 1598 2434 άνακινοῦσα
1645 2376 1922 2438 ὑπόθεσιν,
1980 2375 2074 2427 καὶ

502 2467 762 2537 ἱσταμένη
805 2467 946 2520 κατά
988 2482 1151 2519 τινων
1200 2462 1466 2533 ἱερωσύνῃ
1519 2459 1953 2513 ἐπαναστάντων·
1987 2458 2074 2510 ἵνα

505 2547 764 2618 μάθωμεν
797 2548 983 2618 ἡλίκον
1029 2547 1198 2602 κακόν
1252 2549 1370 2599 ἐστι
1421 2547 1534 2608 τοῖς
1566 2542 1772 2615 ἱερεῦσι
1816 2542 1912 2596 τοῦ
1938 2539 2072 2594 Θεοῦ

501 2631 910 2693 ἐπανίστασθαι,
945 2631 1039 2684 καὶ
1080 2628 1215 2699 δόλῳ
1243 2630 1336 2683 καὶ
1383 2627 1566 2699 ἀδικίᾳ
1608 2628 1726 2680 κατ’
1762 2624 1938 2678 αὐτῶν
1981 2641 2074 2676 κε-

501 2715 752 2786 χρῆσθαι.
788 2713 868 2766 Τὰ
899 2713 1010 2784 γάρ
1031 2712 1296 2783 εἰρημένα
1321 2711 1472 2764 οὐδὲν
1505 2709 1692 2781 ἕτερόν
1721 2710 1887 2772 ἐστιν,
1927 2708 1960 2778 ἣ
1995 2707 2075 2759 δι-

499 2797 764 2852 δασκαλία
791 2797 902 2851 τῶν
925 2813 989 2848 συ
997 2795 1359 2866 μὸησομένων
1383 2797 1497 2857 τοῖς
1529 2795 1655 2856 τοὺς
1695 2792 1924 2864 πλησίον
1947 2789 2074 2844 ἁδι-

502 2881 678 2939 κοῦσι.
711 2883 822 2944 τοῖς
861 2879 1406 2950 κατεξανισταμένοις
1439 2878 1572 2948 μετὰ
1615 2877 1764 2930 δόλου
1809 2876 1902 2930 καὶ
1939 2875 2075 2944 γνὼο

504 2981 610 3034 μης
636 2963 1033 3033 διεφθαρμένης
1065 2961 1173 3015 τῶν
1205 2962 1358 3016 οὐδὲν
1386 2961 1743 3032 ἠδικηκότων.
1775 2962 1838 3014 El
1869 2961 1924 3014 δὲ
1953 2961 2075 3022 τοὺς

500 3048 692 3112 παῖδας
725 3048 866 3112 ἀξιοῖ
900 3047 1239 3111 κολάζεσθαι,
1298 3045 1371 3118 μὴ
1430 3044 1754 3116 θορυϐηθῇς,
1799 3044 2070 3114 άγαπητέ·

504 3131 700 3194 παῖδας
733 3132 840 3202 γὰρ
863 3130 1098 3184 ἐνταῦθά
1128 3147 1260 3201 φησι
1285 3132 1410 3193 τοὺς
1442 3133 1506 3200 τῇ
1529 3130 1760 3200 πονηρίᾳ
1779 3128 1885 3181 τῶν
1903 3127 2076 3180 τοιού-

498 3230 608 3266 των
636 3215 1095 3284 κεκοινωνηκότας
1116 3224 1156 3266 ⁸.
1199 3209 1323 3267 Οίδε
1359 3212 1466 3283 γὰρ
1487 3214 1518 3282 ἡ
1541 3212 1732 3282 Γραφὴ
1766 3211 1959 3273 παῖδας
1980 3228 2076 3263 κα-

501 3295 612 3349 λεῖν
663 3297 758 3348 καὶ
808 3297 934 3359 τοὺς
985 3297 1124 3350 κατὰ
1181 3295 1518 3364 συγγένειαν,
1560 3295 1804 3358 καὶτοὺς
1840 3293 2076 3364 πονηρίᾳ

503 3377 884 3449 συνεζηκότας,
914 3379 1016 3433 κᾶν
1058 3379 1131 3450 μὴ
1161 3381 1225 3448 τῇ
1253 3377 1409 3446 φύσει
1440 3369 1624 3440 παῖδες
1653 3369 1805 3441 ὦσιν,
1845 3376 1920 3438 ὡς
1947 3377 2074 3430 ὅταν

500 3457 654 3532 λέγῃο
697 3460 891 3528 Ὑμεῖς
939 3464 1054 3514 υἱοὶ
1083 3461 1188 3514 τοῦ
1236 3460 1514 3514 διαϐόλου
1561 3459 1719 3513 ἐστέ.
1771 3460 1963 3513 Καίτοι
2007 3477 2072 3528 γε

501 3542 644 3594 κατὰ
691 3541 850 3611 φύσιν
872 3544 977 3595 υἱοὶ
1004 3543 1096 3596 τοῦ
1130 3543 1374 3597 διαϐόλου
1425 3546 1474 3596 οἱ
1515 3543 1758 3597 Ἰουδαῖοι
1783 3543 1882 3595 οὐκ
1910 3537 2070 3613 ἦσαν.

501 3625 625 3688 Πῶς
651 3626 759 3696 γάρ
785 3625 878 3678 τοῦ
909 3627 1200 3696 ἀσωμάτου
1221 3629 1271 3679 οἱ
1290 3627 1468 3699 σάρκα
1495 3626 1895 3698 περικείμενοι;
1915 3625 2073 3678 Ἀλλὰ

501 3711 566 3778 τῇ
595 3711 849 3779 κοινωνίᾳ
889 3709 986 3779 τῆς
1035 3711 1301 3782 πονηρίας
1350 3711 1448 3782 τὴν
1474 3712 1790 3778 συγγένειαν
1834 3710 2074 3762 ἐπεσπά-

503 3809 683 3845 σαντο.
717 3792 902 3856 Οὕτως
935 3792 1130 3857 αὐτοὺς
1164 3794 1256 3846 καὶ.
1284 3793 1377 3847 τοῦ
1420 3793 1669 3864 Ἀϐραὰμ
1693 3792 1963 3854 ἐκϐάλλει,
1988 3791 2073 3844 λέ-

499 3891 630 3943 γων’
659 3877 728 3929 El
778 3875 884 3929 τοῦ
945 3877 1195 3946 Ἀϐραὰμ
1222 3872 1346 3946 ἦτε,
1404 3877 1475 3930 τὰ
1501 3876 1642 3944 ἔργα
1669 3876 1774 3929 τοῦ
1821 3875 2072 3943 Ἀϐραὰμ

499 3957 580 4014 ἂν
607 3958 877 4012 ἐποιεῖτε.
911 3959 1027 4012 Ὅτι
1061 3958 1170 4030 γὰρ
1205 3960 1316 4022 υἱὸς
1342 3961 1402 4012 οὐ
1427 3959 1710 4024 κολάζεται
1742 3959 1828 4012 διὰ
1851 3959 1942 4011 τὸν
1969 3977 2070 4011 πα-

501 4042 654 4112 τέρα,
689 4041 811 4094 οὔτε
843 4042 1022 4113 πατὴρ
1077 4043 1217 4113 ὑπὲρ
1269 4043 1362 4095 τοῦ
1395 4042 1536 4103 υἱοῦ,
1564 4043 1724 4096 παντί
1749 4060 1850 4095 που
1892 4043 2068 4111 δῆλον.

499 4125 614 4178 Kal
645 4126 704 4176 ἐν
734 4124 813 4195 τῷ
837 4125 986 4196 νόμῳ
1019 4125 1176 4178 τοῦτο
1207 4125 1481 4180 δείκνυται
1510 4127 1817 4197 εἰρημένον,
1854 4128 1992 4195 πλὴν
2023 4129 2069 4178 εί

505 4208 581 4278 μὴ
614 4209 797 4272 κακῶς
815 4208 976 4262 αὐτὸν
997 4208 1390 4277 ὰναγάγοι·καὶ
1417 4209 1536 4262 τότε
1565 4210 1620 4262 δέ
1648 4210 1744 4280 οὐχ
1774 4211 1911 4279 ὑπὲρ
1931 4209 2067 4273 υἱοῦ,

502 4291 616 4344 ἀλλ’
647 4292 784 4362 ὑπὲρ
811 4293 907 4362 τῆς
930 4292 1133 4356 οἰκείας
1159 4292 1450 4364 ῥᾳθυμίας,
1485 4291 1672 4365 ὥσπερ
1701 4297 1728 4348 6
1764 4295 1929 4347 Ἠλεί.

569 4440 620 4507 γ’
629 4479 642 4492 .
663 4438 810 4510 [246]
833 4441 895 4492 Εἰ
916 4440 971 4493 δὲ
989 4441 1154 4504 δοκεῖ,
1173 4443 1258 4494 καὶ
1279 4441 1368 4494 τὸν
1385 4440 1596 4512 ψαλμὸν
1616 4441 1820 4496 ἄνωθεν
1837 4442 2070 4495 ἐπέλθω-

506 4539 623 4593 μεν.
644 4523 705 4576 '0
744 4523 906 4588 Θεὸς,
923 4525 1037 4591 τὴν
1064 4525 1301 4577 αἵνεσίν
1325 4542 1442 4594 μου
1457 4525 1541 4594 μὴ
1573 4526 2068 4594 παρασιωπήσῃς.

504 4607 728 4674 Ἕτερος
765 4607 822 4658 δὲ
869 4608 1208 4678 ἑρμηνευτής
1239 4623 1388 4678 φησι’
1427 4608 1552 4673 Θεὲ,
1601 4608 1918 4677 ὺμνήσεώς
1949 4627 2070 4678 μου

496 4689 582 4759 μὴ
619 4692 951 4759 κωφεύσῃς.
996 4691 1204 4754 Ἄλλος,
1254 4691 1959 4762 Μὴσιγήσῃςντουτέστι,
1996 4695 2069 4764 μὴ

502 4772 867 4845 παραδράμῃς
889 4773 985 4844 τὴν
1007 4775 1296 4847 τιμωρίαν,
1329 4775 1451 4830 ἀλλ’
1477 4775 1730 4842 ἐπέξελθε
1773 4780 1882 4839 τοῖς
1911 4793 2070 4844 γεγε-

499 4856 770 4927 νημένοις.
796 4859 868 4910 Σὺ
898 4859 1006 4927 γὰρ
1029 4854 1078 4910 εἷ
1117 4862 1144 4911 ὁ
1168 4857 1392 4924 ἔνδοξος,
1430 4862 1458 4913 6
1489 4860 1678 4929 μέγας,
1714 4863 1809 4913 καὶ
1846 4861 2069 4924 δυνατὸς

497 4937 812 4992 τὰτοιαῦτα
836 4939 1098 5010 διορθοῦν.
1145 4943 1272 4994 Ὅτι
1315 4943 1509 5010 στόμα
1545 4942 1912 5010 ἀλιαρτωλοῦ,
1969 4944 2065 4995 καὶ

497 5022 691 5091 στόμα
725 5022 932 5076 δολίου
979 5024 1072 5076 ἐπ’
1103 5025 1208 5093 ἐμὲ
1244 5026 1518 5094 ἠνοίχθη.
1553 5024 1901 5094 Ἐλάλησαν
1940 5027 2067 5080 κατ’

493 5105 641 5172 ἐμοῦ
693 5103 944 5174 γλώσσῃ
1014 5107 1189 5176 δολίᾳ
1234 5109 1334 5162 καὶ
1391 5110 1596 5178 λόγοις
1653 5109 1876 5177 μίσους
1928 5111 2066 5162 ἐκύ-

493 5187 744 5240 κλωσαν
792 5204 890 5257 με,
935 5189 1030 5242 καί
1057 5189 1445 5259 ἐπολέμησάν
1486 5208 1565 5262 με
1619 5191 1863 5259 δωρεάν.
1915 5193 2066 5246 Ἀντί

492 5270 601 5322 τοῦ
633 5269 874 5340 ἀγαπᾷν
921 5287 1019 5341 με,
1056 5271 1447 5328 ἐνδιέϐαλλόν
1489 5291 1584 5344 με’
1615 5276 1728 5346 ἐγὼ
1760 5275 1827 5328 δὲ
1877 5292 2063 5344 προσ-

492 5354 790 5424 ηυχόμην-

568 5491 721 5560 Εἶδες
747 5496 1010 5568 πονηρίαν
1042 5495 1434 5569 ἐκτεταμένην;
1461 5493 1598 5562 εἶδες
1638 5501 1919 5556 κοινωνίαν
1941 5503 2061 5556 ἐπι-

558 5772 587 5800 ⁸
606 5769 756 5819 Savil.
777 5769 887 5826 τοὺς
904 5770 1129 5834 πονηρίας
1149 5769 1244 5818 τισὶ
1264 5771 1679 5829 κεκοινωνηκότας.

1247 392 1305 446 s.
1342 387 1626 446 JOA'N-NIS
1663 375 2148 444 cmwsosmm
2188 375 2507 438 AHCHIEP.
2549 371 3097 443 CONSTA‘NTINOI‘.

3628 383 3737 444 252

2173 490 2399 564 ὅουλῆς;
2428 491 2563 561 εἶδες
2599 500 2860 571 μελέτην;
2898 503 3006 556 Kal
3047 502 3156 573 γάρ
3189 505 3282 556 καὶ
3310 521 3467 558 τουτο
3505 505 3738 577 μάλιστα

2171 586 2458 658 παροξύνει
2478 589 2569 642 τὸν
2601 590 2753 656 Θεὸν,
2781 593 2908 647 ὅταν
2945 594 3012 648 τά
3041 594 3224 662 φαῦλα
3248 596 3356 648 ἀπὸ
3385 597 3578 666 βουλῆς
3597 639 3614 664 ,
3640 602 3739 654 καὶ

2172 677 2447 747 σκέψεως,
2477 682 2572 734 καὶ
2594 683 2793 754 πολλῆς
2833 684 2933 754 τῆς
2974 685 3282 754 γυμνασίας
3317 687 3653 758 ἐργάζωνται
3680 690 3736 744 οἱ

2174 763 2465 830 μετιόντες.
2492 765 2714 838 Ἕτερον
2735 767 2846 838 γάρ
2864 769 3001 832 ἐστι,
3032 772 3444 841 συναρπαγέντα
3469 773 3562 826 καὶ
3589 775 3737 826 άπα-

2169 854 2400 924 τηθέντα
2441 857 2928 930 ὑποσκελισθῆναιο
2962 860 3146 932 ἕτερον
3171 901 3185 925 ,
3223 861 3382 933 ἔργον
3419 861 3740 933 ποιούμενον

2169 938 2269 1008 τὴν
2295 955 2427 1008 πονη
2438 941 2584 1010 ρίαν·
2618 943 2712 995 καὶ
2735 943 2941 1014 ἕτερον,
2967 945 3219 1016 ἔγκλημα
3247 947 3499 1017 μέγιστον
3519 987 3534 1010 ,
3563 949 3689 1002 ὃταν
3709 949 3742 988 ι’

2170 1023 2265 1074 καὶ
2303 1025 2706 1094 πονηρεύωνται
2739 1027 2881 1079 κατὰ
2925 1027 3020 1080 τοῦ
3057 1027 3130 1100 μὴ
3176 1029 3630 1100 πονηρευομένου.
3665 1032 3740 1082 Τὸ

2170 1104 2280 1175 γὰρ
2307 1108 2500 1167 εἰπεῖν,
2536 1108 2694 1162 Ἀντί
2723 1109 2830 1163 τοῦ
2859 1109 3098 1178 ἀγαπᾷν
3117 1129 3194 1181 με
3225 1112 3616 1167 ὲνδιέϐαλλόν
3640 1131 3738 1184 με,

2170 1189 2320 1242 οὐδὲν
2353 1191 2536 1262 ἕτερον
2564 1193 2852 1258 δείκνυσιν,
2889 1195 2923 1264 ἢ
2956 1196 3035 1248 ὅτι
3059 1198 3138 1260 είς
3165 1196 3460 1268 εὐεργέτην
3487 1198 3625 1262 τινά,
3644 1199 3742 1250 καὶ

2171 1279 2317 1343 ἄξιον
2339 1281 2431 1333 τοῦ
2457 1282 2747 1351 φιλεῖσθαι,
2776 1287 2869 1340 καὶ
2895 1286 3135 1357 χρηστάς
3162 1287 3397 1358 ἀμοιϐάς
3424 1286 3740 1359 λαμϐάνειν,

2168 1371 2238 1424 τὰ
2283 1373 2498 1428 ἐναντία
2544 1376 2939 1434 ἐπεδείκνυντο.
2983 1378 3129 1449 Ἐγὼ
3167 1379 3236 1432 δὲ
3282 1382 3736 1450 προσηυχόμην.

2171 1460 2323 1529 Εἶδες
2347 1467 2698 1537 φιλοσοφίαν;
2728 1464 2865 1533 εἶδες
2888 1471 3184 1524 ἐπιείκειαν
3207 1488 3222 1536 ;
3253 1469 3394 1532 εἶδες
3422 1471 3735 1542 πραότητα;

2171 1553 2306 1622 εἶδες
2333 1558 2510 1632 ψυχῆς
2538 1563 2850 1628 εὐλάϐειαν;
2892 1564 3004 1633 Οὐχ
3029 1561 3361 1633 ὼπλιζόμην,
3396 1563 3578 1633 φησιν,
3616 1563 3741 1616 οὐδὲ

2171 1652 2728 1725 ἁντιπαρεταττόμην,
2764 1655 2878 1708 ἀλλ’
2907 1657 3000 1708 ἐπὶ
3030 1655 3088 1708 σέ
3120 1656 3477 1725 κατέφευγονσ
3511 1655 3607 1727 τὴν
3641 1656 3743 1727 σὴν

2171 1740 2396 1797 ἐκάλουν
2431 1747 2766 1816 συμμαχίαν,
2796 1747 2896 1818 τὴν
2940 1747 3133 1818 ῥοπὴν,
3160 1747 3220 1799 τὸ
3263 1748 3513 1818 μέγιστον
3555 1749 3736 1813 ὅπλον,

2170 1831 2269 1901 τὴν
2303 1832 2554 1906 βοήθειαν
2579 1837 2675 1908 τὴν
2707 1839 3023 1909 ἀχείρωτον.
3045 1834 3174 1892 Εἶτα
3195 1838 3362 1892 είπὼν
3391 1841 3457 1893 τά
3483 1840 3622 1892 κατὰ
3647 1840 3738 1893 τὸν

2185 1921 2402 1991 Ἰούδαν,
2435 1925 2552 1990 πῶς
2584 1929 2776 1982 ἐαυτὸν
2802 1929 3141 1994 κατεδίκασε,
3178 1930 3293 1994 πῶς
3324 1932 3423 2001 τὴν
3458 1931 3550 1983 ἐπὶ
3578 1931 3739 1984 θανά-

2171 2030 2264 2066 του
2291 2015 2545 2087 ἐξήνεγκε
2571 2018 2750 2090 ψῆφον
2779 2020 2897 2073 καθ’
2918 2020 3131 2082 ἐαυτοῦ,
3161 2020 3278 2084 πῶς
3299 2020 3598 2092 ἀπήγξατο,
3623 2023 3738 2085 πῶς

2173 2108 2206 2176 ἡ
2233 2107 2503 2180 ἀποστολὴ
2528 2111 2690 2164 αὐτοῦ
2718 2113 2855 2182 πρὸς
2881 2112 3064 2183 ἕτερον
3093 2113 3345 2182 μετέστη,
3373 2113 3533 2168 πάλιν
3559 2114 3742 2185 ἔχεται

2171 2199 2269 2268 τῆς
2302 2201 2572 2273 προτέρας
2604 2201 2932 2267 ὑποθέσεως.
2961 2203 3064 2257 Καὶ
3096 2205 3204 2275 γάρ
3232 2206 3325 2259 καὶ
3355 2205 3511 2258 τοῦτο
3532 2223 3743 2278 προφη-

2170 2289 2320 2352 τείας
2349 2287 2486 2355 είδος
2508 2334 2522 2358 ,
2568 2293 2768 2362 μεταξὺ
2820 2295 3127 2350 διακόπτειν
3153 2337 3168 2359 ,
3205 2297 3295 2351 καὶ
3345 2298 3582 2368 ἱστορίαν
3619 2300 3744 2351 τινὰ.

2173 2381 2461 2450 ἐμὸάλλειν
2481 2425 2496 2449 ,
2536 2386 2627 2439 καὶ
2659 2386 2796 2455 μετὰ
2827 2387 2887 2440 τὸ
2913 2387 3116 2459 ταύτην
3145 2389 3428 2455 διεξελθεῖν
3455 2390 3615 2443 πάλιν
3649 2392 3743 2444 ἐπὶ

2172 2471 2240 2524 τά
2285 2475 2523 2546 πρότερα
2566 2479 2862 2534 ἐπανιέναι.
2901 2481 3292 2536 Συνεσκίασται
3341 2483 3448 2552 γὰρ
3505 2483 3595 2536 διὰ
3643 2482 3742 2553 τὴν

2173 2564 2562 2640 ἀγνωμοσύνην
2585 2570 2692 2624 τῶν
2730 2572 2995 2626 Ἰουδαίων
3027 2575 3062 2645 ή
3092 2575 3412 2646 προφητεία.
3437 2575 3743 2629 Αἰνίττεται

2172 2657 2301 2724 γοῦν
2330 2671 2484 2712 τιναο
2503 2701 2518 2726 ,
2549 2662 2682 2734 ὅπερ
2704 2661 2872 2734 ἔφθην
2900 2664 3068 2718 εἰπὼν
3086 2707 3101 2732 ,
3134 2666 3400 2738 ἱερωσύνη
3426 2666 3744 2720 ἐπιϐουλεύο

2175 2767 2341 2804 σαντα
2372 2753 2508 2822 μετὰ
2533 2755 2656 2817 τοὺς
2685 2753 2909 2825 χρόνους
2940 2757 3064 2820 τοὺς
3109 2759 3174 2811 ἐκ
3213 2759 3312 2828 τῆς
3353 2759 3612 2812 ἐπανόδου
3640 2760 3742 2828 τῆς

2174 2844 2238 2895 ἐκ
2258 2843 2589 2908 Βαϐυλῶνος.
2615 2848 2723 2899 Kal
2741 2849 2791 2899 οἱ
2826 2849 3243 2921 φιλοπονώτεροι
3273 2851 3417 2905 ίσασι
3439 2849 3615 2914 τοῦτο,
3641 2851 3745 2922 τὴν

2176 2938 2414 3008 ἱστορίαν
2464 2938 2797 3004 ἐπελθόντες.
2851 2943 2960 2995 Kal
3017 2943 3346 3015 προφητεύει
3397 2945 3610 3015 μεγάλα
3659 2947 3745 3018 τῷ

2172 3030 2396 3100 τοιούτῳ
2425 3031 2588 3096 κακά,
2620 3032 2851 3104 ἐρημίαν
2887 3034 3234 3105 προστατῶν’
3279 3038 3373 3090 καὶ
3402 3037 3577 3091 πάντα
3601 3037 3746 3102 ἀξιοῖ

2175 3122 2615 3194 προσχὼννυσθαι
2649 3125 2795 3196 αύτῷ
2842 3127 3035 3198 λιμένα
3059 3169 3072 3193 ,
3108 3129 3201 3182 καὶ
3249 3130 3515 3200 μηδεμιᾶς
3557 3134 3744 3202 τυχεῖν

2177 3214 2586 3286 μακροθυμίας,
2613 3217 2746 3288 μηδέ
2771 3217 3176 3289 φιλανθρωπίας
3195 3260 3209 3284 ,
3233 3222 3363 3292 μηδὲ
3389 3223 3737 3296 συγγνώμης.

2173 3305 2356 3359 Ταῦτα
2387 3307 2463 3372 δέ,
2499 3308 2634 3380 ὅπερ
2672 3309 2841 3381 ἔφθην
2870 3309 3056 3373 εἰπὼν,
3082 3311 3173 3365 καὶ
3203 3313 3440 3382 συνεχῶς
3476 3314 3647 3383 λέγων
3674 3316 3740 3368 οὐ

2175 3398 2472 3469 παύσομαι,
2499 3400 2645 3454 δοκεῖ
2667 3401 2764 3472 μὲν
2793 3397 2935 3454 εἶναι
2962 3401 3100 3472 ἀρᾶς
3119 3416 3132 3431 °
3171 3404 3473 3474 προφητεία
3505 3404 3562 3458 δέ
3599 3407 3740 3472 ἐστι,

2171 3491 2487 3545 δεικνύουσα
2525 3493 2638 3556 πιῖις
2677 3494 3035 3566 παροξύνεται
3063 3495 3090 3546 6
3130 3494 3290 3562 Θεὸς,
3319 3497 3447 3549 ὅταν
3476 3499 3744 3572 ἱερωσύνη

2174 3582 2609 3654 ἐπιδουλεύηται.
2635 3582 2766 3638 Εἶτα
2799 3587 2940 3639 κατὰ
2964 3585 3104 3650 λέξιν
3136 3585 3234 3649 τὰς
3269 3587 3554 3659 συμφορὰς
3582 3590 3744 3655 ἐπεξσ

2173 3676 2412 3747 ἐρχεται,
2443 3678 2536 3730 καί
2569 3694 2765 3748 φησιν’
2809 3679 2964 3732 Ἀνθ⁹
2992 3671 3080 3732 ὧν
3123 3680 3232 3731 οὐκ
3263 3676 3538 3748 ἐμνήσθη
3568 3681 3744 3750 ποιῆ-

2171 3785 2274 3822 σαι
2297 3769 2491 3825 ἔλεον.
2521 3770 2630 3823 Καὶ
2661 3769 3016 3834 κατεδίωξεν
3047 3768 3357 3837 ἄνθρωπον
3388 3769 3619 3840 πένητα
3646 3775 3744 3826 καὶ

2172 3860 2431 3929 πτωχὸν,
2449 3861 2546 3914 καί
2562 3860 3080 3929 κατανενυτμένον
3100 3857 3175 3930 τῆ
3193 3859 3402 3928 καρδίᾳ
3424 3861 3530 3916 τοῦ
3558 3864 3746 3916 θανα-

2171 3951 2374 4008 τῶσαι.
2411 3953 2580 4006 Τοῦτο
2605 3951 2753 4025 [247]
2778 3954 3008 4022 ἐσχάτης
3033 3951 3328 4022 ὠμότητος,
3363 3951 3519 4006 τοῦτο
3539 3953 3742 4025 πολλῆς

2172 4046 2597 4117 ἀπανθρωπίας,
2619 4047 2746 4100 ὅταν
2789 4045 2863 4115 μὴ
2921 4045 3079 4115 μόνον
3110 4061 3192 4105 τις
3221 4043 3577 4118 ἐπιϐουλεύῃ,
3605 4045 3748 4100 ἀλλὰ

2173 4141 2265 4194 καὶ
2296 4140 2384 4193 τὸν
2411 4139 2591 4192 ίκανὺν
2624 4138 2913 4192 ἐπικλάσαι
2945 4137 3081 4207 πρὸς
3110 4136 3256 4190 ἔλεον
3293 4139 3386 4190 καὶ
3431 4139 3568 4208 πρὸς
3604 4157 3745 4208 συμ-

2172 4232 2400 4286 πάθειαν
2429 4231 2758 4301 ἐπικάμψαι.
2805 4231 2865 4282 'O
2906 4231 3013 4301 γὰρ
3046 4229 3278 4293 τοιοῦτος
3325 4230 3460 4300 πρὸς
3493 4231 3590 4302 τὴν
3632 4231 3744 4284 τῶν

2173 4324 2375 4394 θηρίων
2404 4324 2704 4393 ἀγριότητα
2733 4319 3006 4387 ἐξώκειλε,
3061 4321 3258 4389 μᾶλλον
3285 4321 3341 4374 δὲ
3385 4325 3476 4376 καὶ
3515 4324 3747 4376 ἐκείνων

2170 4416 2544 4486 χαλεπώτερος
2576 4415 2788 4482 γέγονε.
2819 4413 2942 4477 Τοῖς
2977 4413 3080 4484 μὲν
3104 4414 3212 4485 γὰρ
3235 4415 3443 4485 θηρίοις
3476 4417 3617 4470 κατὰ
3647 4417 3746 4486 φύ-

2172 4526 2254 4562 σιν
2284 4509 2343 4562 τὸ
2371 4507 2633 4578 θηριῶδες
2650 4523 2664 4536 ο
2693 4502 2846 4570 οὗτος
2873 4505 2930 4559 δὲ
2951 4505 3093 4576 λόγῳ
3112 4507 3361 4578 τιμηθεὶς
3378 4546 3392 4571 ,
3415 4511 3481 4579 τῇ
3506 4510 3743 4582 πονηρίᾳ

2169 4601 2266 4670 τὴν
2294 4600 2569 4664 εὐγένειαν
2613 4597 2907 4671 προέδωκε.
2939 4599 3182 4652 Κάκεῖνα
3214 4599 3312 4668 μὲν
3348 4601 3484 4670 πρὸς
3520 4601 3581 4654 τὸ
3612 4601 3743 4672 δμόο

2171 4692 2332 4761 φυλον
2361 4693 2455 4745 καὶ
2486 4692 2742 4760 συγγενὲς
2770 4691 2882 4760 ἔχει
2915 4689 3034 4743 τινὰ
3056 4690 3233 4759 φιλίαν
3265 4694 3355 4746 καὶ
3390 4695 3697 4766 ἡμερότητα
3718 4711 3744 4727 ο

2169 4779 2311 4838 οὗτοι
2337 4784 2394 4837 δὲ
2421 4785 2539 4837 οὐδὲ
2572 4785 2632 4838 τὸ
2666 4784 2841 4837 κοινὸν
2879 4784 2976 4854 τῆς
3012 4783 3224 4852 φύσεως
3255 4784 3555 4855 ᾐδέσθησαν
3575 4828 3589 4850 ,
3620 4786 3742 4840 ἀλλ’

2168 4876 2226 4928 ὃν
2254 4877 2359 4929 ἔδει
2388 4876 2554 4930 ἐλεεῖν
2584 4876 2676 4930 καὶ
2695 4875 2904 4945 ἀνέχειν
2930 4876 3024 4928 καὶ
3049 4875 3326 4947 ἀνορθοῦν,
3350 4877 3541 4931 τοῦτον
3565 4879 3744 4932 ὤθουν

2169 4973 2263 5027 καὶ
2309 4973 2622 5044 ἀνέτρεπον.
2663 4973 2773 5026 Καὶ
2810 4972 3089 5038 ἠγάπησε
3128 4969 3425 5038 κατάραν,
3460 4973 3557 5025 καί
3601 4972 3740 5039 ἣξει

2167 5066 2327 5134 αὐτῷ
2347 5086 2360 5100 ·
2393 5069 2488 5121 καί
2515 5069 2626 5121 οὐκ
2652 5064 2956 5133 ἠθέλησεν
2983 5066 3270 5133 εὐλογίαν
3289 5107 3305 5130 ,
3337 5065 3436 5118 καὶ
3463 5083 3738 5134 μακρυν-

2167 5160 2414 5226 θήσεται
2439 5159 2540 5213 ἀπ’
2573 5156 2776 5211 αὐτοῦ.
2817 5154 3031 5226 Ἐπειδὴ
3070 5155 3270 5219 πολλὰς
3302 5157 3608 5228 κατηύξατο
3638 5158 3745 5210 αὑ.

2165 5253 2260 5306 τοῦ
2292 5251 2573 5322 συμφορὰς
2592 5291 2606 5313 ,
2643 5250 2913 5303 δείκνυσιν
2941 5249 3003 5301 οὐ
3033 5250 3164 5320 παρ’
3199 5248 3362 5302 αὑτοῦ
3388 5291 3400 5312 ,
3439 5250 3574 5305 ἀλλὰ
3603 5254 3744 5320 παρ’

2166 5343 2373 5399 ἐκείνου
2405 5343 2502 5415 τὴν
2534 5343 2707 5414 ἀρχὴν
2732 5342 2938 5394 τούτων
2956 5340 3254 5412 γενομένην
3278 5342 3371 5395 καὶ
3401 5343 3501 5412 τὴν
3532 5343 3740 5408 αἰτίαν,

2223 5476 2254 5515 Ι»
2279 5475 2426 5524 Savil:
2453 5475 2534 5537 καῖ
2551 5474 2707 5536 ἕτερον
2721 5473 2866 5537 πάλιν
2892 5473 3034 5537 (ὅπερ
3053 5475 3132 5521 καὶ
3172 5475 3300 5535 ἐγκλ.
3328 5477 3453 5537 μέγ.)
3476 5477 3604 5526 ὅταν.

2225 5541 2250 5569 ⁸
2278 5537 2401 5598 Reg.
2443 5534 2694 5584 αἰνίττεται
2716 5535 2766 5582 δέ
2785 5552 2903 5598 ¹ςινιιι.
2930 5534 3128 5598 Ιιιςδεεε
3158 5534 3508 5598 συιθηινεὼα
3537 5539 3640 5586 hac
3663 5537 3740 5589 illi

2163 5595 2394 5647 notanlu'r
2423 5598 2473 5645 in
2508 5598 2727 5657 margine
2756 5616 2768 5644 :
2795 5595 2937 5660 Ἴσως
2962 5597 3213 5660 Πομπήϊον
3233 5598 3354 5658 λέγει
3385 5599 3465 5660 τον
3497 5597 3746 5660 Ῥωμαῖον

2163 5661 2524 5722 μεταστήσαντα
2534 5663 2637 5722 τῆς-
2650 5657 2904 5722 ἱερωσύνης
2923 5657 3304 5722 Ἀριστόϐουλον,
3317 5661 3395 5722 καὶ
3414 5657 3636 5722 Ὑρκανόν
3653 5663 3743 5722 τὲξ

2161 5717 2364 5792 ἐδελφὸν
2416 5717 2562 5792 αὐτοῦ
2616 5717 2995 5774 ἀντέισάξαντα.’
3022 5717 3177 5769 Τοῦτο
3233 5721 3283 5769 δὲ
3322 5717 3483 5782 γέγονέ
3514 5721 3608 5784 πρὸ
3645 5720 3742 5775 τοῖ’»

2161 5785 2370 5845 Χριστοῦ
2395 5785 2586 5843 μικρόνί
