4108 6344
280 407 379 463 26!

282 520 556 583 inferunt,
588 516 864 589 persequi.
893 516 1197 584 Quinetiam
1242 516 1487 572 Christus
1526 531 1737 587 quoque
1780 516 1871 571 tali

283 613 451 683 ﬁgura
474 625 599 666 usus
618 618 722 675 est,
752 608 853 662 sub
882 608 1059 678 specie
1080 606 1372 678 pr0phetia:
1400 607 1569 678 magis
1593 621 1872 673 revocans,

282 713 334 756 et
366 701 594 771 lugentis
622 714 772 754 more
801 699 986 753 dicens
1018 716 1032 753 :
1070 697 1159 752 Va:
1193 698 1303 762 tibi,
1327 697 1610 752 Choruzain
1631 739 1644 761 ,
1668 714 1742 751 vae
1765 697 1873 763 tibi,

284 793 561 848 Betltsaida
592 792 751 864 (Luc.
779 792 861 847 l0.
889 790 1012 862 l5).
1046 792 1111 845 Et
1144 807 1351 856 rursus,
1388 800 1445 845 ut
1475 791 1685 861 quando
1706 790 1834 844 dicit
1861 808 1876 845 :

282 884 595 949 Jerusalem,
626 882 931 946 Jerusalem,
958 898 1071 953 qua:
1098 883 1283 935 occidis
1315 883 1583 950 prOpItetas
1614 883 1631 950 (
1656 880 1742 935 Id.
1788 882 1875 936 15.

284 976 357 1029 54
378 976 420 1044 ).
452 976 526 1028 De
548 988 780 1044 quonam
810 988 938 1043 ergo
964 973 1163 1027 dictum
1189 982 1271 1026 est
1300 972 1585 1027 Psalmus?
1612 972 1875 1026 Nonnulla

286 1069 356 1122 de
375 1068 530 1135 Juda,
553 1067 750 1136 Spiritu
771 1082 864 1135 per
886 1065 1045 1119 David
1070 1064 1422 1134 prophetaute
1446 1085 1461 1118 :
1482 1064 1681 1133 reliqua
1703 1074 1877 1119 autem

286 1159 358 1213 de
381 1159 517 1212 aliis.
550 1158 646 1212 Hic
677 1158 818 1211 cnim
850 1136 1034 1210 rursus
1060 1164 1141 1209 est
1167 1156 1462 1225 prOphetia:
1493 1155 1698 1209 modus.
1727 1154 1881 1225 Saepe

287 1260 466 1305 autem
490 1250 827 1305 inveniemus
850 1264 970 1303 eum
990 1248 1058 1301 ita
1082 1262 1202 1301 esse
1228 1246 1599 1317 compositum,
1628 1256 1685 1301 ut
1706 1261 1881 1315 prom-

289 1348 393 1400 Inia
412 1346 624 1415 quidem
648 1345 699 1397 in
730 1343 913 1408 alium,
935 1341 1138 1411 reliqua
1159 1349 1334 1395 autem
1357 1340 1600 1395 dicantur
1625 1340 1675 1393 in
1697 1340 1879 1394 alium.

290 1436 360 1492 Ut
385 1445 562 1491 autem
604 1434 707 1489 hoc
752 1434 927 1504 ipsum
964 1433 1125 1487 etiam
1166 1431 1382 1486 aliunde
1422 1430 1601 1485 videas
1626 1472 1641 1499 ,
1673 1430 1883 1500 quando

288 1526 462 1582 ειυύωὶ
492 1525 715 1597 ingressi
737 1534 859 1579 sunt
889 1524 941 1577 in
972 1532 1167 1577 terram
1201 1521 1571 1593 promissionis
1593 1565 1606 1585 ,
1642 1521 1883 1577 dividens

290 1618 572 1673 duodecim
614 1617 784 1671 tribus
813 1617 866 1670 in
894 1614 1175 1669 duodecim
1224 1624 1436 1684 partes,
1474 1613 1693 1683 jubetur
1717 1629 1746 1668 a
1774 1615 1884 1669 Deo

298 1712 448 1767 Nave
475 1712 612 1766 ﬁlius
639 1711 734 1765 has
773 1709 987 1779 quidem
1035 1707 1383 1773 benedicere,
1410 1706 1529 1762 illas
1556 1722 1685 1762 vero
1715 1706 1882 1761 male-

291 1804 493 1859 dicere.
522 1801 827 1857 Benedictio
854 1815 980 1870 ergo
1009 1810 1061 1854 et
1087 1798 1393 1854 maledictio
1414 1806 1567 1852 erant
1592 1797 1884 1868 prophetia:

294 1896 617 1951 futurorum.
670 1894 888 1949 Dicebat
928 1894 1071 1947 enim
1106 1890 1447 1946 :Maledictus
1498 1900 1551 1945 tu
1578 1891 1631 1944 in
1668 1890 1880 1954 civitate,

295 1990 590 2044 maledictns
618 1988 670 2042 in
698 2004 820 2059 agro
868 1986 887 2056 (
910 1985 1059 2039 Deut.
1087 1983 1177 2038 9.8.
1207 1981 1312 2054 16)
1335 2000 1348 2048 ;
1386 1991 1441 2038 et
1470 1982 1884 2037 innumerabiles

296 2082 557 2152 ejusmodi
584 2079 993 2151 imprecationes
1021 2078 1189 2133 tribus
1213 2076 1315 2130 illa:
1335 2084 1737 2146 componentes,
1767 2074 1886 2129 lon-

297 2188 419 2244 gam
444 2182 723 2228 texuerunt
749 2172 1067 2227 orationem.

373 2266 441 2321 In
474 2267 772 2322 sacerdotes
803 2263 899 2318 Dei
936 2280 1035 2319 non
1072 2263 1451 2334 insurgendum.
1476 2260 1601 2317 Filii
1636 2262 1689 2316 in
1728 2263 1886 2317 sacris

298 2359 460 2413 literis
501 2358 590 2428 qui
637 2358 891 2411 dicantur.
919 2384 978 2398 —-
1027 2354 1125 2409 Hic
1161 2355 1323 2409 etiam
1377 2352 1483 2408 dici
1534 2362 1738 2423 potest,
1788 2352 1888 2408 sub

299 2449 479 2520 specie
500 2447 885 2505 exsecrationis
906 2446 1102 2502 editam
1127 2446 1287 2500 fuisse
1310 2444 1665 2515 prophetiam,
1696 2453 1751 2500 et
1769 2462 1888 2515 qua:

299 2541 453 2595 Juda‘.
480 2549 633 2594 erant
658 2548 909 2595 eventura
932 2537 1360 2602 annuntiantem,
1394 2552 1456 2591 ac
1484 2536 1884 2608 prtedicentem,

299 2642 355 2686 et
374 2640 555 2701 postea
581 2630 739 2685 etiam
764 2629 907 2685 aliud
931 2636 1241 2683 tractantem
1272 2637 1663 2698 argumentum,
1696 2641 1889 2697 nempe

298 2725 558 2779 adversus
595 2722 851 2793 quosdam
897 2720 988 2792 qui
1034 2721 1440 2776 insurrexerunt
1479 2730 1664 2775 contra
1710 2734 1888 2775 sacer-

299 2817 507 2872 dotium
536 2834 551 2871 :
584 2823 644 2869 ut
683 2815 914 2870 sciamus
938 2826 1192 2884 quantum
1231 2813 1301 2868 sit
1331 2813 1527 2867 malum
1576 2813 1628 2869 in
1673 2814 1766 2869 Dei
1797 2830 1888 2869 sa-

302 2909 550 2965 cerdOtes
599 2908 896 2977 insurgere,
942 2906 1174 2976 doloque
1216 2915 1273 2961 et
1316 2905 1593 2976 iniquitate
1630 2906 1888 2962 adversus

300 3015 398 3055 eos
422 3001 521 3055 uti.
563 2999 693 3065 Quae
718 2998 861 3054 enim
900 2996 1045 3052 dicta
1083 3006 1226 3059 sunt,
1278 3011 1383 3051 non
1411 2996 1552 3050 aliud
1577 3006 1703 3051 sunt
1729 3011 1887 3066 quam

301 3093 545 3147 doctrina
581 3105 767 3145 eorum
797 3104 915 3158 quae
946 3097 1069 3141 sunt
1112 3096 1367 3142 eventura
1412 3087 1477 3141 iis
1502 3089 1589 3157 qui
1618 3087 1889 3157 proximos

300 3184 494 3254 injuria
520 3182 777 3247 afﬁciunt,
807 3182 897 3252 qui
922 3181 1199 3250 insurgunt
1223 3196 1344 3234 cum
1371 3180 1498 3234 dolo
1525 3189 1578 3233 et
1603 3180 1889 3251 depravata

304 3275 486 3329 animo
514 3275 567 3329 in
607 3288 703 3329 eos
731 3272 821 3344 qui
862 3272 1059 3327 nullam
1088 3271 1327 3326 fecerunt
1363 3269 1629 3341 injuriam.
1663 3272 1814 3338 Quod
1843 3271 1888 3327 si

302 3375 477 3435 rogat,
514 3375 568 3418 ut
599 3364 759 3419 etiam
792 3362 887 3416 ﬁlii
916 3363 1223 3431 puniantur,
1260 3361 1312 3416 id
1344 3377 1413 3416 ne
1444 3373 1495 3416 te
1529 3362 1825 3425 conturbet,
1856 3376 1890 3416 ο

301 3454 499 3509 dilecte
532 3474 545 3510 :
576 3454 662 3509 hic
691 3453 834 3509 enim
876 3453 1006 3508 dicit
1050 3454 1186 3507 ﬁlios
1225 3468 1319 3508 eos
1355 3453 1445 3521 qui
1497 3452 1710 3507 fuerunt
1759 3454 1888 3508 socii

304 3562 494 3599 eorum
535 3545 907 3615 improbitatis.
937 3544 1083 3600 Solet
1118 3544 1260 3599 enim
1305 3544 1579 3614 Scriptura
1622 3543 1889 3615 appellare

304 3636 465 3703 ﬁlios,
494 3644 549 3691 et
573 3651 668 3691 eos
692 3637 780 3706 qui
809 3644 932 3690 sunt
959 3636 1277 3705 cognatione
1304 3635 1421 3701 ﬁlii,
1451 3646 1505 3691 et
1531 3651 1624 3689 eos
1653 3636 1740 3705 qui
1769 3634 1888 3691 fue-

302 3737 431 3783 runt
458 3729 587 3782 socii
616 3728 914 3797 aliquorum
959 3724 1348 3796 improbitatis,
1391 3725 1598 3780 etiamsi
1633 3740 1738 3779 non
1782 3726 1890 3781 sint

304 3832 496 3874 natura
542 3818 655 3884 ﬁlii,
699 3826 756 3872 ut
795 3817 1007 3887 quando
1051 3816 1228 3871 dicit:
1264 3815 1364 3870 Vos
1407 3817 1504 3888 ﬁlii
1548 3817 1736 3870 diaboli
1773 3818 1891 3871 estis

304 3909 486 3977 (Joan.
519 3910 571 3965 8.
605 3907 721 3981 44).
752 3909 910 3978 Atqui
951 3923 1055 3963 non
1082 3919 1238 3962 erant
1266 3907 1436 3962 Judmi
1466 3917 1653 3962 natura
1692 3908 1889 3963 diaboli

306 4002 425 4055 lilii.
457 4000 736 4069 Quomodo
770 4001 911 4054 enim
938 4008 1118 4053 essent
1149 3998 1243 4052 ﬁlii
1283 3999 1433 4067 ejus,
1466 4000 1555 4068 qui
1585 4009 1667 4053 est
1712 4000 1890 4053 incor~

306 4107 527 4164 porcus,
550 4107 671 4146 cum
696 4090 797 4160 ipsi
821 4090 928 4145 sint
947 4105 1108 4145 carne
1129 4090 1477 4143 circumdati?
1506 4090 1610 4145 Sed
1636 4091 1892 4145 societate

306 4182 667 4253 improbitatis
695 4181 1109 4237 attraxeruntad
1137 4195 1194 4236 se
1216 4182 1610 4251 cognationem.
1636 4181 1711 4235 lla
1733 4182 1891 4235 etiam

306 4290 404 4330 eos
427 4273 571 4344 ejicit
597 4289 627 4327 a
672 4289 871 4344 genere
918 4272 1148 4328 Abrahae
1170 4313 1186 4338 ,
1215 4272 1402 4329 dicens
1433 4293 1445 4327 :
1478 4275 1540 4329 Si
1580 4275 1748 4329 essetis
1796 4275 1893 4344 ﬁlii

305 4371 556 4434 Abrahte,
585 4384 743 4437 opera
775 4366 991 4421 Abraha’
1031 4368 1259 4437 faceretis
1287 4366 1466 4437 (Joan.
1509 4366 1563 4422 8.
1590 4367 1707 4438 59).
1738 4367 1891 4434 Quod

305 4460 454 4515 enim
501 4459 640 4513 ﬁlius
668 4473 774 4513 non
818 4458 1066 4527 puniatur
1109 4474 1206 4527 pro
1253 4466 1424 4527 patre,
1455 4473 1555 4513 nec
1602 4469 1753 4528 pater
1794 4473 1891 4528 pro

308 4555 440 4616 lilio,
468 4553 635 4607 cuivis
660 4561 740 4606 est
767 4549 1127 4605 manifestum.
1162 4550 1275 4605 lloc
1305 4553 1467 4605 etiam
1510 4550 1809 4605 ostenditur
1837 4552 1891 4605 in

309 4646 431 4713 lege
460 4645 657 4697 dictum
687 4656 844 4705 esse,
872 4641 974 4695 nisi
1020 4650 1203 4695 tamen
1232 4644 1402 4710 ipsum
1432 4640 1571 4696 male
1619 4642 1888 4708 instituat;

306 4748 364 4790 et
401 4747 524 4790 tunc
550 4753 653 4790 non
683 4752 781 4806 pro
811 4736 950 4802 ﬁlio,
981 4736 1076 4791 sed
1109 4751 1205 4807 pro
1233 4750 1327 4791 sua
1369 4734 1585 4806 punitur
1623 4735 1888 4803 socordia,

306 4828 449 4881 sicut
474 4827 587 4881 lleli
620 4829 697 4896 (1.
725 4828 855 4898 Reg.
885 4828 936 4881 '5.
964 4826 1077 4896 15).

380 4919 431 4973 '5.
474 4918 531 4973 Si
576 4927 752 4973 autem
799 4918 1039 4985 videtur,
1086 4919 1351 4973 Psalmum
1386 4932 1787 4989 prosequamur
1823 4919 1891 4973 ab

308 5010 483 5063 initio.
500 5008 658 5075 Deus,
679 5010 880 5063 laudem
910 5026 1075 5063 meam
1094 5027 1156 5064 ne
1171 5012 1403 5065 tacueris.
1431 5011 1584 5066 Alius
1609 5021 1784 5066 autem
1811 5012 1892 5066 in-

308 5110 516 5169 terpres
536 5100 706 5154 dicit:
758 5099 915 5164 Deus,
961 5100 1243 5155 laudationi
1283 5117 1407 5156 mea:
1447 5119 1509 5156 ne
1547 5102 1887 5157 obsurdueris.

307 5193 496 5257 Alius,
529 5191 611 5245 Ne
635 5193 871 5257 silueris;
902 5193 1004 5248 hoc
1042 5203 1155 5258 est,
1186 5193 1265 5250 Ne
1295 5194 1703 5264 praetermiseris
1738 5197 1891 5264 puni-

308 5289 532 5351 tionem,
562 5286 655 5340 sed
682 5300 870 5358 pinnas
900 5301 1050 5341 sume
1075 5286 1142 5342 de
1169 5287 1233 5341 iis
1258 5303 1376 5356 quae
1401 5288 1538 5342 facta
1558 5297 1703 5341 sunt.
1731 5288 1811 5342 Tu
1830 5304 1890 5344 es

307 5378 453 5431 enim
473 5377 756 5447 gloriosus,
779 5392 1022 5447 magnus,
1044 5388 1093 5432 et
1117 5387 1266 5447 potes
1296 5377 1412 5434 haec
1426 5379 1712 5449 corrigere.
1745 5378 1889 5445 Quo-

308 5470 448 5522 niam
475 5485 532 5523 os
558 5468 860 5538 peccatoris,
887 5479 934 5522 et
957 5485 1014 5524 os
1042 5468 1205 5523 dolosi
1247 5485 1399 5539 super
1426 5484 1504 5523 me
1524 5478 1757 5539 apertum
1795 5481 1886 5524 est.

308 5558 530 5627 Loquuti
556 5567 672 5612 sunt
696 5560 964 5613 adversum
991 5575 1069 5613 me
1090 5559 1263 5628 lingua
1292 5558 1486 5623 dolosa,
1513 5571 1557 5612 et
1575 5560 1891 5617 sermonibus

307 5653 413 5708 odii
427 5654 863 5710 circumdederunt
879 5672 974 5723 me,
997 5666 1045 5710 et
1063 5667 1471 5728 expugnaverunt
1492 5674 1570 5712 me
1582 5658 1762 5729 gratis.
1782 5656 1892 5713 Pro

308 5760 368 5798 eo
382 5753 436 5798 ut
459 5761 537 5798 me
551 5745 834 5817 diligerent,
855 5746 1176 5802 detrahebant
1197 5748 1352 5802 mihi:
1368 5764 1456 5819 ego
1473 5756 1641 5802 autem
1661 5749 1886 5803 orabam.

383 5833 602 5889 Peccata
630 5838 799 5891 dedita
824 5855 976 5909 opera
995 5841 1280 5905 conmissa,
1313 5841 1544 5911 graviora
1563 5851 1775 5896 sunt.—--
1796 5841 1887 5898 Vi-

1406 401 1764 459 EXPOSlTIO
1804 400 1869 455 ΙΝ
1911 401 2230 459 PSALMUM
2271 402 2446 457 CVIII.

3458 407 3556 461 26‘).

1984 516 2106 570 disti
2140 517 2398 588 insignem
2428 518 2859 588 improbitatem?
2889 522 3063 578 vidisti
3094 523 3401 578 insidiarum
3432 540 3562 578 mu-

1982 608 2375 676 spirationem?
2422 609 2599 664 vidisti
2647 612 2877 668 studium
2936 615 3395 685 pramieditatum?
3450 617 3561 672 Hoc

1983 704 2126 757 enim
2154 704 2317 758 Deum
2348 704 2577 758 maxime
2606 704 2798 770 irritat,
2828 709 3041 778 quando
3076 710 3344 776 consulto,
3381 710 3558 765 dedita

1984 810 2144 863 opera
2170 810 2232 849 ac
2262 797 2428 851 multa
2463 797 2655 851 tcchna
2680 798 2747 852 ab
2774 800 3025 868 improbis
3053 802 3189 856 mala
3224 805 3375 859 liunt.
3405 806 3561 859 Aliud

1986 894 2069 938 est
2083 885 2247 950 enim,
2270 901 2389 941 cum
2407 888 2527 957 quis
2546 887 2800 957 deceptus
2821 899 2875 943 et
2890 890 3142 946 seductus
3163 893 3390 960 labitur;
3416 897 3562 951 aliud

1985 990 2105 1029 cum
2134 977 2252 1046 quis
2280 979 2463 1032 vitium
2507 988 2563 1034 et
2606 979 2998 1048 improbitatem
3037 996 3282 1050 exercet;
3325 995 3380 1041 et
3419 988 3563 1042 aliud

1986 1082 2190 1133 rursus,
2213 1068 2351 1138 quod
2369 1078 2449 1124 est
2464 1071 2664 1125 crimen
2682 1071 2995 1136 maximum,
3017 1075 3229 1143 quando
3249 1090 3307 1130 se
3323 1076 3565 1147 improbe

1985 1169 2176 1228 gerunt
2214 1161 2268 1213 in
2302 1175 2423 1215 eum
2454 1162 2544 1231 qui
2576 1178 2678 1216 non
2702 1172 2785 1217 est
2812 1163 3103 1232 improbus.
3137 1166 3370 1221 Dicendo
3395 1170 3556 1233 enim,

1990 1248 2096 1303 Pro
2119 1267 2178 1304 eo
2207 1261 2261 1304 ut
2288 1268 2365 1305 me
2385 1251 2685 1324 diligerent,
2713 1253 3041 1310 detrahebant
3075 1258 3219 1323 milii,
3262 1260 3392 1313 nihil
3418 1262 3562 1316 aliud

1988 1341 2271 1411 signiﬁcat,
2300 1358 2457 1412 quam
2483 1358 2578 1398 eos
2607 1343 2932 1399 benefactori
2953 1388 2968 1410 ,
2996 1357 3052 1402 et
3076 1350 3127 1403 ei
3153 1349 3241 1419 qui
3268 1350 3458 1420 dignus
3484 1363 3569 1407 est

1986 1434 2172 1496 amari,
2200 1442 2256 1489 et
2279 1434 2472 1488 bonam
2492 1438 2978 1492 remunerationem
2996 1443 3273 1510 consequi,
3298 1446 3565 1498 contraria

1989 1525 2302 1591 rependere.
2333 1527 2443 1597 Ego
2470 1534 2638 1579 autem
2664 1527 2891 1581 orabunt.
2916 1529 3108 1584 Vidisti
3139 1531 3567 1604 philosophiam?

1991 1616 2167 1670 vidisti
2217 1617 2678 1673 moderationem?
2726 1619 2903 1674 vidisti
2951 1625 3447 1681 mansuetudinem?
3493 1629 3571 1681 vi-

1988 1706 2117 1760 disti
2160 1709 2352 1763 anima:
2401 1711 2685 1779 pietatem?
2731 1711 2848 1766 Non
2898 1716 3169 1782 armabar,
3224 1718 3421 1788 inquit,
3471 1736 3571 1775 nec

1988 1807 2173 1853 contra
2195 1814 2315 1854 eum
2333 1801 2500 1855 aciem
2521 1802 2880 1870 instruebam;
2908 1804 3002 1860 sed
3024 1806 3089 1861 ad
3113 1817 3165 1862 te
3179 1811 3567 1880 conl'ugieham,

1990 1898 2136 1944 tuum
2177 1890 2528 1961 implorabam
2572 1895 2867 1958 auxilium,
2897 1904 3040 1951 tuam
3078 1913 3265 1968 opem,
3306 1918 3448 1956 arma
3483 1913 3567 1957 tun

1992 1980 2386 2049 potentissima,
2411 1991 2560 2038 tuum
2588 1984 3000 2056 inexpugnabile
3021 1990 3347 2058 praesidium.
3374 1994 3573 2050 Deinde

1991 2085 2111 2125 cum
2138 2071 2205 2127 de
2235 2072 2369 2127 Juda
2400 2074 2640 2142 dixisset,
2670 2077 2938 2146 quomodo
2966 2081 3202 2149 seipsum
3236 2094 3412 2140 morte
3440 2102 3573 2141 con-

1992 2163 2300 2231 demnavit,
2351 2167 2624 2236 quomodo
2665 2168 2923 2224 adversus
2971 2173 3206 2241 seipsum
3251 2180 3568 2232 sententiam

1994 2256 2131 2319 tulit,
2163 2257 2434 2325 quomodo
2477 2273 2536 2312 se
2582 2261 2960 2330 strangulavit,
2988 2264 3255 2333 quomodo
3291 2266 3406 2335 ejus
3449 2286 3578 2338 apo-

1992 2345 2219 2401 stolatus
2246 2348 2528 2403 translatus
2570 2358 2654 2405 est
2692 2351 2743 2405 in
2789 2352 2972 2420 alium,
3013 2371 3194 2411 rursus
3225 2360 3370 2427 prius
3414 2376 3575 2431 argu-

1993 2447 2228 2490 mentum
2259 2440 2612 2509 persequitur.
2642 2440 2775 2496 Nam
2797 2442 2913 2499 haec
2937 2460 3148 2517 quoque
3169 2460 3253 2504 est
3278 2452 3574 2521 pr0pln-tia:

1992 2526 2218 2595 species,
2250 2543 2551 2586 sermonem
2587 2533 3000 2604 interrumpere,
3047 2546 3103 2592 et
3138 2538 3367 2609 aliquam
3411 2542 3576 2596 histe-

1994 2619 2125 2671 riam
2169 2618 2407 2687 injicere,
2436 2637 2605 2691 eaque
2645 2626 2908 2680 recensita
2948 2642 3133 2683 rursus
3177 2630 3244 2684 ad
3274 2632 3449 2700 priora
3492 2650 3574 2688 re-

1992 2709 2146 2764 verti.
2177 2708 2413 2766 Obscura
2446 2724 2526 2768 cst
2552 2714 2695 2769 enim
2728 2715 3005 2785 prophetia
3048 2730 3265 2789 propter
3313 2721 3576 2791 ingratum

1991 2800 2297 2857 Judzeorum
2343 2804 2600 2859 animum.
2651 2804 2963 2862 Subindicat
2997 2824 3145 2879 ergo,
3179 2819 3235 2864 ut
3281 2812 3390 2879 jam
3435 2814 3575 2880 dixi,

1990 2895 2223 2950 aliuuem
2280 2894 2370 2965 qui
2415 2896 2467 2950 in
2521 2897 2876 2951 sacerdotium
2930 2902 3133 2968 paravit
3186 2902 3404 2957 insidias
3452 2917 3573 2974 post

1994 2996 2206 3056 tempus
2250 2988 2570 3042 reversionis
2615 2988 2942 3060 aBabylone
2987 2990 3084 3060 (α).
3122 2990 3177 3046 ld
3229 3005 3425 3049 norunt
3461 3007 3576 3051 stu-

1993 3078 2169 3145 diosi,
2210 3078 2299 3148 qui
2330 3077 2604 3132 historiam
2652 3078 2914 3150 legerunt.
2942 3081 3008 3135 Et
3034 3098 3160 3153 ergo
3204 3101 3389 3155 magna
3438 3089 3578 3143 mala

1996 3169 2252 3239 pl'llldlCil,
2283 3184 2474 3239 nempe
2499 3169 2732 3225 futurum
2763 3181 2818 3226 ut
2847 3172 2916 3227 sit
2940 3175 3186 3230 omnibus
3208 3177 3578 3237 defensoribus

1992 3260 2275 3314 destitutus
2308 3277 2321 3313 :
2348 3268 2403 3314 et
2427 3268 2577 3330 rogat
2599 3269 2659 3315 ut
2684 3262 2858 3317 omnis
2881 3264 2931 3319 ei
2959 3276 3146 3336 portus
3172 3268 3494 3337 obstruetur,
3523 3282 3580 3327 et

1995 3351 2192 3403 nullam
2235 3360 2553 3420 assequatur
2602 3350 3012 3420 humanitatem,
3064 3356 3441 3427 clementiam,
3487 3374 3579 3418 aut

1994 3442 2222 3495 veniam.
2264 3442 2388 3496 llaec
2418 3451 2617 3509 autem,
2650 3452 2708 3499 ut
2756 3455 2881 3500 ante
2907 3446 3014 3501 dixi
3060 3459 3112 3503 et
3143 3450 3357 3506 assidue
3396 3453 3580 3509 dicere

1992 3553 2096 3590 non
2124 3537 2348 3591 cessabo
2368 3579 2382 3601 ,
2411 3537 2657 3593 videntur
2681 3539 2896 3609 quidem
2927 3556 3045 3596 esse
3072 3543 3413 3613 imprecatio,
3448 3558 3575 3601 sunt

1991 3639 2170 3684 autem
2215 3629 2513 3698 prephetia,
2544 3645 2664 3699 qua:
2696 3632 2931 3687 ostendit
2971 3635 3242 3703 quomodo
3275 3637 3410 3692 Deus
3456 3641 3581 3693 irri-

1994 3731 2155 3787 tatur,
2209 3721 2422 3791 quando
2466 3720 2674 3777 insidiae
2727 3734 2980 3793 parantur
3024 3727 3341 3782 sacerdotio.
3380 3729 3581 3785 Deinde

1994 3813 2265 3882 sigillatim
2311 3813 2648 3882 persequitur
2675 3814 3033 3878 calamitates,
3065 3826 3120 3870 et
3154 3818 3281 3871 dicit
3313 3837 3327 3872 :
3358 3819 3440 3873 16.
3470 3820 3580 3874 Pro

1994 3920 2052 3957 eo
2081 3905 2216 3972 quod
2244 3921 2346 3958 non
2389 3914 2459 3959 est
2487 3905 2778 3959 recordatus
2817 3910 2984 3977 facere
3026 3909 3440 3965 misericordiam.
3488 3914 3577 3967 17.

1998 3994 2063 4047 Et
2106 4004 2433 4064 persequutus
2458 4004 2532 4048 est
2566 3995 2818 4049 hominem
2851 3996 3051 4067 inopem
3088 4007 3135 4051 et
3176 4000 3490 4066 mendicum,
3533 4013 3581 4056 et

1994 4097 2343 4157 compunctum
2370 4086 2521 4140 corde
2544 4087 2870 4155 morti/icere.
2904 4090 3015 4143 lloc
3045 4098 3128 4144 est
3156 4100 3408 4146 extrema:
3453 4108 3577 4147 cru-

1994 4181 2247 4246 delitatis,
2298 4180 2402 4234 hoc
2450 4194 2675 4235 summa:
2724 4179 3155 4249 inhumanitatis,
3210 4184 3423 4252 quando
3467 4201 3575 4241 non

1996 4272 2170 4324 solum
2204 4270 2484 4325 insidiatur
2506 4271 2793 4339 quispiam,
2825 4271 2920 4326 sed
2948 4273 2995 4326 ei
3029 4274 3327 4341 insidiatur,
3355 4277 3444 4346 qui
3478 4293 3576 4346 po-

1996 4371 2100 4417 test
2135 4376 2357 4416 movere
2383 4360 2449 4415 ad
2473 4362 2833 4428 clementiam,
2880 4372 2935 4417 et
2959 4364 3177 4419 ﬂectere
3204 4366 3270 4420 ad
3292 4371 3578 4424 commise-

1996 4453 2276 4507 rntionein.
2295 4452 2394 4520 Qui
2420 4463 2503 4506 est
2517 4454 2657 4507 enim
2678 4452 2961 4522 ejusmodi,
2985 4455 3050 4509 ad
3068 4454 3297 4510 terarum
3320 4459 3575 4515 saevitiam

1995 4546 2284 4611 deductus,
2330 4547 2437 4599 imo
2464 4559 2590 4599 vero
2640 4545 2747 4600 illis
2790 4547 2982 4602 sa:vior
3021 4547 3239 4604 effectus
3276 4561 3376 4605 est.
3429 4552 3580 4608 Ferus

1996 4637 2141 4693 enim
2168 4636 2347 4690 feritas
2372 4646 2561 4689 natura
2589 4637 2746 4690 insita
2774 4646 2855 4691 est
2888 4656 2901 4692 :
2933 4638 3018 4692 hic
3048 4649 3225 4695 autem
3256 4643 3463 4697 ratione
3488 4659 3577 4698 or-

1996 4739 2174 4796 natus,
2205 4744 2354 4783 suam
2386 4728 2716 4784 nobilitatem
2749 4731 3071 4799 improbitati
3091 4733 3344 4803 prodidit.
3377 4737 3443 4789 Et
3472 4738 3577 4791 illa:

1995 4820 2209 4892 quidem
2239 4835 2359 4875 cum
2387 4820 2453 4875 iis
2476 4836 2593 4890 quae
2622 4830 2747 4875 sunt
2774 4823 3009 4892 ejusdem
3035 4825 3267 4894 generis,
3291 4828 3573 4896 quamdam

1995 4913 2281 4967 amicitiam
2314 4920 2530 4966 servant
2570 4921 2625 4966 et
2665 4914 3126 4970 mansuetudinem
3152 4933 3170 4970 :
3200 4917 3254 4972 bi
3295 4932 3474 4974 autem
3509 4938 3581 4978 ne

1995 5019 2334 5060 communem
2360 5004 2575 5073 quidem
2607 5014 2848 5059 naturam
2880 5014 3005 5061 sunt
3039 5010 3271 5076 reveriti,
3305 5011 3397 5066 sed
3424 5014 3577 5080 cujus

1997 5094 2277 5165 oportebat
2306 5096 2570 5159 misereri,
2602 5111 2764 5166 quem
2806 5098 2944 5152 l'erre
2971 5107 3027 5154 et
3057 5101 3263 5170 erigere
3281 5143 3298 5169 ,
3329 5117 3451 5157 eum
3476 5104 3579 5160 de-

1998 5186 2284 5240 turbabant
2308 5196 2364 5241 et
2386 5187 2716 5243 evertebant.
2746 5188 2834 5243 18.
2863 5188 2930 5244 Et
2956 5191 3131 5246 dilexit
3152 5194 3572 5252 maledictionem.

1996 5290 2041 5330 et
2067 5278 2252 5332 eueniet
2277 5278 2322 5335 ei
2348 5294 2369 5331 :
2394 5287 2439 5333 et
2466 5280 2629 5333 noluit
2655 5281 3067 5347 benedictionem,
3099 5295 3145 5338 et
3172 5285 3487 5356 elongabitur
3508 5301 3574 5344 ab
3608 5336 3611 5339 .

1996 5387 2071 5425 eo.
2103 5371 2388 5451 Postquam
2427 5373 2624 5429 multas
2650 5374 2978 5430 calamitates
3014 5377 3063 5429 ei
3106 5376 3428 5447 imprecatus
3467 5391 3578 5441 cst.

2059 5547 2131 5611 (α)
2164 5556 2280 5618 aes
2306 5563 2359 5618 m.
2377 5557 2616 5619 ωειςειηε.
2661 5558 2881 5619 Fortasse
2910 5551 3064 5619 ίευωεε
3103 5553 3382 5619 Pomm
3406 5564 3569 5619 Rm

1994 5622 2127 5683 num,
2154 5610 2236 5672 qui
2278 5610 2595 5683 Aristobulum
2631 5626 2664 5683 ιε
2699 5613 2967 5683 sacerdotio
3000 5610 3230 5683 removit,'
3474 5617 3578 5671 loco

1997 5672 2936 5755 fr;erzm.tr3£re:etuwmea
2952 5672 3444 5755 νενοιεοηιέρίξραίεζρ
3467 5692 3576 5755 «ne

1995 5723 2869 5817 §5{“£E’E°..‘H§%9’E“3:”§P§§3999
2899 5723 3573 5817 ’ξ’,ίέἐειλὲἒέιξῖξιάὶῆῖ’ὶίῖδέ

1994 5796 2108 5906 204.
2136 5803 2232 5842 Non
2256 5809 2412 5859 usque
2436 5798 2560 5848 adeo
2582 5796 2870 5851 certum'est
2915 5799 3007 5849 hoc
3029 5796 3356 5855 'subindicarc
3379 5796 3576 5877 Chrgs’oQ

2076 5871 2222 5907 muni.
3453 5872 3459 5895 τ

2125 5872 2222 5907 um.
3453 5872 3459 5895 l
