4108 6344
500 401 601 459 255

498 515 735 571 often'lit
759 513 1147 581 deincepsnon
1171 513 1366 581 ipsum,
1395 509 1490 565 sed
1521 511 1669 566 illum
1696 510 1885 566 horum
1911 508 2077 565 fuisse

500 607 817 678 principium
847 614 903 660 et
925 619 1164 668 causam,
1194 614 1253 659 ut
1278 604 1367 674 qui
1389 604 1542 660 factis
1570 605 1682 659 suis
1710 603 1804 660 Dei
1825 602 2080 659 auxilium

497 700 774 769 repulerit,
805 697 1147 767 divinamque
1172 695 1458 751 vindictam
1489 699 1789 751 attraxerit.
1817 694 1887 750 Et
1914 696 2081 750 induit

496 790 896 846 maledictionem
923 789 1054 844 sicut
1078 788 1422 842 uestimentum
1438 829 1454 853 ,
1484 797 1532 842 et
1559 787 1763 840 intrauit
1789 789 1918 841 sicut
1947 803 2081 857 aqua

495 889 548 939 in
574 884 815 940 interiora
842 885 974 955 ejus,
1005 893 1052 938 et
1079 885 1210 938 sicut
1246 882 1413 936 oleum
1440 883 1494 936 in
1519 881 1710 938 ossibus
1734 884 1864 955 ejus.
1904 881 2002 938 ilic
2025 890 2082 938 et

495 978 667 1050 plaga:
694 976 1090 1033 vehementiam
1108 1017 1124 1041 ,
1172 985 1228 1030 et
1251 976 1496 1046 supplicii
1526 976 1865 1031 stabilitatem
1894 987 2078 1032 osten-

494 1068 608 1136 dit,
651 1068 956 1140 signiﬁcans
994 1069 1134 1123 mala
1178 1068 1425 1124 omnibus
1467 1066 1774 1123 hominibus
1817 1083 1886 1123 ex
1928 1081 1988 1123 se
2026 1077 2082 1122 et

495 1163 659 1218 animi
695 1162 778 1217 sui
819 1161 1080 1217 sententia
1120 1161 1406 1232 proficisci,
1436 1161 1526 1232 qui
1575 1161 1726 1216 factis
1775 1161 1987 1231 quidem
2025 1171 2080 1217 et

497 1254 801 1310 actionibus
845 1253 984 1310 bona
1011 1253 1296 1324 repellunt,
1328 1253 1382 1308 in
1404 1253 1661 1323 supplicia
1683 1261 1861 1308 autem
1877 1254 2081 1324 seipsos

497 1345 760 1416 injiciunt.
794 1343 882 1402 i9.
914 1343 1071 1398 Fiant
1095 1345 1141 1399 ei
1163 1345 1293 1398 sicut
1311 1344 1679 1411 uestimentum,
1710 1359 1813 1414 quo
1833 1344 2076 1414 aperitur,

493 1447 540 1491 et
561 1437 691 1491 sicut
715 1452 866 1503 sono,
885 1452 984 1502 qua
1007 1452 1204 1507 semper
1225 1436 1570 1507 pracingitur.
1589 1434 1704 1490 Hoc
1729 1445 1907 1491 autem
1927 1435 2075 1504 dicit,

495 1531 788 1584 ostendens
825 1530 958 1584 iram
986 1529 1079 1583 Dei
1120 1527 1477 1590 ineffabilem,
1519 1542 1640 1598 quae
1665 1527 1798 1582 tales
1834 1527 2079 1582 homines

494 1629 868 1691 persequetur.
899 1618 1054 1689 Quod
1083 1629 1259 1675 autem
1299 1617 1450 1684 dicit,
1479 1627 1562 1673 est
1605 1618 1870 1689 ejusmodi
1902 1637 1915 1672 :
1945 1618 2076 1674 Mala

491 1729 586 1770 eos
625 1715 696 1771 ita
740 1714 1025 1777 tenebunt,
1053 1720 1112 1769 ut
1148 1728 1218 1769 ne
1259 1713 1426 1769 ullam
1469 1711 1684 1784 quidem
1729 1712 2076 1767 mutationem

495 1806 725 1863 habeant
769 1823 784 1860 :
838 1805 932 1860 sed
991 1805 1044 1860 in
1095 1805 1175 1860 eis
1222 1805 1371 1860 ﬁnus
1416 1804 1707 1860 manebunt
1740 1812 1796 1858 et
1845 1803 2075 1860 stabilia.

496 1897 694 1954 Deinde
720 1897 1008 1953 ostendens
1030 1911 1152 1952 eum
1183 1897 1444 1967 castigare
1465 1896 1877 1966 improbitatem,
1905 1907 1960 1952 et
1979 1912 2077 1952 ne-

490 1991 710 2061 quitiam
733 1989 1002 2060 corrlgere
1022 2030 1039 2056 ,
1069 1997 1125 2044 et
1157 2003 1262 2044 non
1290 1988 1343 2043 in
1385 1988 1532 2043 illum
1559 1989 1761 2054 solum,
1795 1987 1890 2044 sed
1914 1989 2077 2044 etiam

492 2081 544 2134 in
571 2093 760 2136 omnes
784 2080 874 2149 qui
913 2087 1038 2156 sunt
1077 2079 1142 2132 iis
1179 2093 1297 2148 qua:
1344 2077 1598 2132 dicuntur
1641 2077 1890 2144 obnoxii,
1941 2077 2078 2134 hane

490 2171 828 2228 statuendam
855 2186 976 2227 esse
999 2171 1340 2234 sententiam,
1366 2171 1638 2240 subjunin
1661 2169 1789 2226 :20.
1815 2169 1928 2225 Hoc
1951 2187 2082 2242 opus

487 2281 661 2319 eorum
689 2264 776 2335 qui
797 2263 1069 2318 detrahunt
1098 2262 1225 2315 mihi
1245 2261 1386 2331 apud
1416 2260 1708 2316 Dominum.
1741 2259 1795 2316 Id
1819 2270 1922 2328 est,
1953 2262 2078 2318 Haec

486 2367 570 2412 est
599 2371 755 2428 pinna
777 2397 793 2422 ,
823 2357 924 2410 hoc
968 2365 1052 2411 est
1077 2354 1392 2424 supplicium
1439 2369 1623 2409 eorum
1645 2395 1660 2420 ,
1692 2355 1782 2424 qui
1821 2355 1948 2408 mihi
1983 2355 2079 2410 ad-

487 2457 788 2514 versantur,
819 2447 910 2518 qui
938 2445 1273 2510 insidiantur,
1300 2445 1389 2515 qui
1418 2444 1616 2499 bellum
1641 2453 1859 2515 gerunt,
1889 2441 1958 2498 Et
1991 2446 2078 2516 qui

486 2542 759 2611 loquuntur
805 2538 946 2593 maia
969 2538 1209 2592 adversus
1248 2537 1473 2592 animam
1512 2552 1694 2591 meam.
1746 2535 1889 2606 Ergo
1913 2537 2075 2591 etiam

487 2648 584 2704 pro
609 2631 788 2687 verbis
815 2631 1100 2701 exiguntur
1128 2643 1320 2700 pinnae,
1351 2636 1404 2684 ct
1433 2643 1602 2698 paenae
1622 2627 2002 2684 acerbissimas.

553 2727 609 2782 4.
637 2724 896 2780 Absoluta
923 2723 1101 2794 itaque
1120 2721 1188 2777 de
1205 2721 1290 2775 bis
1315 2721 1578 2784 oratione,
1605 2720 1672 2774 ad
1697 2719 1859 2774 Deum
1887 2735 2074 2777 rursus

487 2817 725 2888 confugit
765 2830 863 2886 pro
904 2815 1018 2885 ejus
1048 2811 1387 2883 impetrando
1430 2811 1650 2866 auxilio.
1698 2810 1883 2882 Neque
1931 2812 2072 2867 enim

483 2909 626 2964 sistit
651 2909 702 2964 in
732 2921 887 2977 pmna
915 2920 1102 2960 eorum
1143 2905 1231 2974 qui
1261 2911 1448 2973 parant
1485 2902 1703 2957 insidias
1721 2942 1741 2968 ,
1769 2902 1864 2956 sed
1889 2917 2073 2957 osten-

482 2999 617 3056 dens
639 3014 734 3055 eos
754 2998 844 3069 qui
871 2997 1028 3052 malis
1053 2994 1360 3050 afﬁciuntur
1384 2993 1590 3049 habere
1607 2993 1767 3047 etiam
1799 2993 1964 3049 Deum
1987 3001 2071 3048 ut-

484 3102 655 3146 torem
680 3105 775 3162 pro
798 3090 884 3152 iis,
916 3103 1050 3159 quas
1080 3087 1367 3157 accipiunt,
1396 3085 1625 3155 injuriis,
1657 3099 1719 3139 ac
1743 3083 1950 3138 ﬁrmam
1980 3099 2072 3138 va-

485 3184 755 3254 lidamque
795 3180 1012 3253 assequi
1051 3179 1437 3243 defensionem,
1488 3175 1792 3248 subjungit,
1833 3175 2020 3232 dicens
2052 3194 2065 3231 :

480 3277 572 3332 2l.
611 3274 680 3330 Et
710 3285 784 3338 tu,
827 3273 1066 3337 Domine,
1093 3272 1176 3342 fac
1216 3287 1411 3325 mecum
1445 3281 1650 3341 propter
1686 3286 1866 3325 nomen
1906 3280 2069 3324 tuum.

485 3369 622 3425 Vide
657 3377 864 3440 gratum
911 3375 968 3421 et
1013 3365 1156 3435 pium
1209 3364 1480 3430 animum,
1528 3361 1651 3417 vide
1694 3361 2070 3418 humilitatem.

484 3460 740 3530 Quamvis
768 3458 910 3513 enim
937 3456 1067 3511 satis
1100 3455 1295 3526 justam
1337 3469 1550 3509 causam
1595 3453 1818 3509 haberet
1858 3455 2069 3525 petendi

481 3551 687 3612 auxilii,
715 3547 856 3619 quod
886 3547 1024 3602 maia
1065 3555 1333 3614 pateretur
1362 3544 1488 3616 (hoc
1513 3545 1656 3599 enim
1685 3552 1860 3614 potest
1896 3543 2066 3600 videri

483 3643 536 3697 in
567 3641 746 3696 multis
778 3639 907 3694 locis
932 3637 1222 3706 Scriptum
1242 3678 1258 3700 ,
1287 3650 1383 3691 eos
1421 3636 1511 3704 qui
1548 3635 1616 3689 ah
1657 3632 1961 3690 hominibus
1987 3637 2069 3690 in-

478 3737 624 3807 juste
653 3734 808 3788 malis
829 3730 1133 3786 afﬁciuntur
1159 3729 1325 3783 libere
1351 3729 1668 3798 impetrandi
1699 3743 1727 3782 a
1751 3728 1862 3784 Deo
1888 3729 2068 3784 auxilii

478 3831 674 3900 justam
699 3833 755 3880 et
786 3824 1064 3878 honestam
1104 3820 1302 3876 habere
1327 3819 1690 3891 occasionem)
1718 3837 1731 3874 :
1757 3819 1846 3874 ille
1891 3829 2067 3876 tamen

482 3916 898 3991 praetermittens
927 3912 1028 3968 hoc
1056 3911 1262 3979 dicere,
1288 3911 1527 3981 confugit
1556 3909 1623 3965 ad
1644 3911 1813 3965 solam
1841 3910 1937 3965 Dei
1961 3911 2070 3965 cle-

479 4010 752 4071 mentiam,
785 4017 840 4063 et
869 4005 1036 4060 dicit:
1067 4002 1176 4057 Fac
1204 4019 1400 4058 mecum
1436 4011 1641 4072 propter
1668 4018 1850 4057 nomen
1891 4011 2070 4058 tuum:

480 4099 864 4174 propemodum
890 4097 992 4151 hoc
1019 4096 1205 4150 dicens
1236 4112 1250 4148 :
1280 4093 1396 4149 Non
1426 4093 1674 4164 quoniam
1705 4107 1822 4148 sum
1853 4091 2066 4164 dignus,

481 4192 574 4248 sed
620 4198 836 4261 propter
882 4188 1146 4257 teipsum,
1198 4185 1448 4256 quoniam
1501 4198 1560 4238 es
1597 4183 1833 4240 clemens
1873 4193 1930 4240 et
1970 4185 2069 4239 mi-

481 4285 733 4340 serieors.
780 4281 850 4337 Et
895 4279 1017 4335 ideo
1058 4277 1363 4348 subiungit,
1418 4275 1552 4342 Quia
1596 4276 1764 4331 suavis
1794 4285 1870 4331 est
1915 4277 2068 4330 mise-

481 4375 703 4428 ricordia
719 4383 824 4426 tua.
847 4371 913 4427 Et
930 4381 1080 4426 recte
1100 4368 1253 4433 dixit,
1283 4367 1419 4433 Quia
1438 4369 1608 4423 suavis
1633 4378 1706 4422 est
1727 4369 2069 4423 misericordia

489 4479 594 4520 tua.
627 4465 884 4520 Homines
909 4463 1053 4518 enim
1080 4476 1222 4532 saepe
1244 4475 1351 4515 non
1377 4468 1502 4514 sunt
1529 4458 1789 4530 ejusmodi
1816 4477 1829 4514 :
1858 4475 1979 4514 nam
2005 4474 2068 4514 ea

485 4572 629 4627 saepe
667 4565 888 4611 utuntur
910 4553 976 4608 ad
1018 4552 1394 4608 detrimentum
1438 4561 1494 4606 et
1516 4550 1734 4606 exitium
1764 4568 1778 4604 :
1807 4549 1900 4606 sed
1927 4549 2069 4606 Deus

486 4661 698 4717 semper
721 4645 788 4700 ad
828 4644 1130 4699 utilitatem.
1159 4641 1251 4696 22.
1296 4640 1480 4696 Libera
1506 4657 1618 4707 me,
1660 4640 1778 4710 quia
1802 4657 1986 4712 egenus
2023 4651 2069 4697 et

489 4757 682 4811 pauper
705 4754 817 4794 sum
836 4753 947 4809 ego.
971 4734 1037 4790 Et
1061 4751 1149 4790 cor
1167 4750 1332 4788 meum
1361 4733 1710 4787 conturbatum
1719 4742 1791 4786 est
1815 4733 1947 4786 intra
1966 4748 2066 4787 me.

491 4833 655 4887 Vides
678 4846 800 4886 cum
844 4841 1030 4883 rursus
1059 4841 1215 4883 orare
1241 4834 1298 4880 ut
1339 4833 1612 4891 servetur,
1644 4838 1748 4877 non
1779 4831 1838 4878 ut
1871 4823 1966 4894 qui
1998 4825 2070 4878 sit

488 4924 702 4996 dignus,
734 4936 834 4977 nec
855 4921 1056 4990 justus,
1079 4919 1172 4974 sed
1219 4917 1389 4988 utqui
1417 4916 1486 4970 sit
1524 4915 1742 4970 omnino
1769 4929 1986 4970 eversus
2014 4925 2069 4971 et

489 5016 761 5073 confectus
782 5057 798 5083 ,
827 5023 885 5069 ut
917 5013 1008 5085 qui
1036 5012 1176 5068 mala
1210 5025 1398 5080 passus
1435 5008 1506 5063 sit
1531 5006 1972 5063 innumerabilia?
2000 5007 2067 5062 Et

487 5127 576 5164 cor
603 5125 770 5163 meum
789 5105 1144 5162 conturbatum
1163 5113 1236 5158 est
1257 5103 1394 5156 intra
1420 5116 1518 5154 me.
1547 5098 1691 5154 Talis
1713 5099 1854 5154 enim
1883 5106 1964 5154 est
1987 5099 2067 5153 vis

493 5201 852 5254 calamitatum
883 5215 898 5251 :
929 5211 1036 5252 non
1064 5206 1261 5264 corpus
1288 5192 1459 5248 solum
1483 5199 1640 5246 vexat
1657 5230 1674 5258 ,
1699 5203 1885 5244 verum
1907 5187 2067 5245 etiam

495 5292 778 5346 conturbat
816 5288 1073 5344 animum.
1121 5286 1212 5340 25.
1261 5283 1404 5340 Sicut
1441 5281 1620 5335 umbra
1659 5296 1776 5334 cum
1813 5281 2068 5348 destinat,

490 5384 694 5439 ablatus
716 5399 862 5447 sum,
888 5395 1128 5436 massas
1158 5392 1270 5431 sum
1310 5377 1440 5430 sicut
1473 5375 1693 5430 locustis.
1735 5374 1874 5429 Dicit
1909 5372 2071 5429 vehe—

492 5484 702 5532 mentes
743 5471 959 5528 insidias
1001 5484 1186 5526 eorum
1213 5465 1303 5538 qui
1331 5466 1480 5522 illum
1522 5463 1714 5534 injuria
1753 5462 2068 5532 affecerunt,

495 5583 704 5626 necnon
739 5565 1122 5635 malignitatem
1167 5558 1487 5616 ineffabilem
1508 5599 1522 5623 ,
1548 5564 1605 5612 et
1630 5554 1815 5612 rursus
1841 5554 2070 5626 diligen-

495 5662 626 5717 tiam
654 5673 814 5730 quam
857 5656 973 5728 ipse
1011 5655 1066 5710 in
1093 5654 1174 5710 eis
1216 5651 1475 5708 adhibuit.
1511 5648 1601 5704 24.
1639 5645 1816 5704 Genua
1854 5663 1966 5700 mea
1989 5646 2072 5700 in-
2110 5705 2114 5707 ἓ

493 5758 708 5828 firmata
719 5760 834 5807 sunt
858 5766 890 5804 a
904 5749 1124 5821 jejunio,
1148 5756 1195 5802 et
1216 5762 1336 5800 caro
1361 5760 1469 5819 mea
1489 5743 1751 5797 immutata
1771 5749 1842 5796 est
1867 5749 2072 5811 propter

496 5849 689 5910 oleum.
715 5844 873 5904 Vides
906 5858 1148 5915 qwnam
1175 5857 1322 5899 arma
1343 5845 1618 5912 comparat
1660 5835 1916 5894 adversus
1943 5834 2072 5892 insi-

1235 397 1289 453 S.
1332 397 1608 453 JOM‘NIS
1645 393 2117 452 CHRYSOSTOMI
2149 395 2464 453 ARCIIIEP.
2495 397 3029 458 CONSTANTINOP.

3671 405 3779 463 Ωιι

2198 510 2312 568 dias
2331 555 2344 569 .
2369 521 2423 568 et
2448 529 2566 570 earn
2586 557 2601 581 ,
2629 531 2729 585 qua
2756 526 2811 571 et
2843 517 3016 588 ipsum
3055 517 3352 588 vexabant,
3394 519 3781 581 aﬂlietionemf

2186 601 2277 659 25.
2313 601 2381 656 Et
2407 619 2496 674 ego
2524 607 2687 678 factus
2712 623 2826 661 sunt
2864 610 3192 680 opprobrium
3230 611 3335 668 illis
3357 628 3376 666 :
3403 613 3637 668 viderunt
3675 633 3778 678 me.

2187 703 2446 749 moverunt
2481 697 2650 767 capita
2677 715 2790 753 sua.
2831 699 2988 756 Tales
3013 711 3138 756 sunt
3161 702 3524 774 improborum
3562 707 3726 762 animi
3756 724 3774 764 :

2187 803 2298 842 non
2315 789 2475 845 modo
2503 806 2609 846 non
2629 792 2826 848 cedunt
2853 794 3064 864 quando
3086 795 3315 852 viderint
3337 796 3541 867 justum
3570 800 3651 856 eis
3673 815 3774 870 op-

2189 891 2472 949 ponentem
2501 884 2754 954 pietatem
2781 901 2844 940 ac
2872 886 3207 957 religionem,
3236 887 3332 943 sed
3358 890 3438 944 eis
3457 891 3618 945 etiam
3647 907 3775 960 pro-

2187 973 2282 1028 bra
2311 974 2578 1045 ingerunt,
2607 991 2806 1048 eosque
2836 977 3062 1034 irrident
3088 989 3143 1034 et
3167 980 3499 1050 impugnant.
3527 981 3664 1048 Quid
3687 981 3777 1038 hie

2184 1067 2404 1121 autem?
2429 1065 2511 1121 Ad
2556 1068 2813 1122 auxilium
2859 1069 3300 1146 inexpugnabije,
3327 1071 3397 1127 ad
3439 1089 3595 1143 opem
3639 1089 3774 1129 con-

2185 1154 2319 1226 fugit
2348 1156 2782 1228 insuperabilem,
2811 1160 2996 1216 dicens
3025 1179 3039 1216 :
3067 1162 3156 1218 26.
3189 1162 3390 1234 Adjuva
3407 1181 3507 1233 me,
3533 1165 3771 1230 Domine,

2185 1247 2328 1303 Deus
2355 1267 2497 1304 meus
2513 1292 2529 1315 ,
2556 1261 2604 1304 et
2627 1251 2820 1306 salvum
2852 1269 2933 1306 me
2956 1253 3042 1324 fac
3066 1259 3342 1310 secundum
3376 1257 3775 1312 misericordiam

2186 1351 2347 1396 tuam.
2379 1341 2471 1396 27.
2505 1341 2571 1397 Et
2600 1344 2794 1406 sciant,
2830 1345 2952 1414 quia
2981 1361 3163 1399 manus
3189 1356 3276 1400 tua
3313 1349 3452 1416 haec,
3481 1358 3528 1403 et
3553 1358 3627 1414 tu,
3659 1348 3774 1404 Do-

2184 1433 2352 1499 mine,
2395 1434 2558 1505 fecisti
2584 1451 2714 1489 eam.
2755 1435 2892 1504 Quid
2918 1444 3033 1502 est,
3065 1436 3255 1491 Manus
3295 1448 3382 1492 tua
3409 1439 3556 1493 haec?
3593 1439 3770 1495 Tuum

2183 1524 2460 1580 auxilium.
2485 1525 2676 1591 Tuum,
2706 1527 2896 1598 inquit,
2920 1527 3243 1598 prtesidium.
3274 1529 3409 1585 Nolo
3434 1532 3576 1586 enim
3597 1533 3775 1588 solum

2185 1617 2384 1672 servari
2416 1634 2430 1671 :
2457 1617 2553 1673 sed
2591 1618 2710 1673 illos
2739 1619 2898 1674 etiam
2943 1620 3083 1676 seire
3129 1635 3161 1675 a
3199 1617 3304 1692 quo
3343 1630 3586 1678 servatus
3627 1636 3775 1690 sum,

2186 1717 2244 1764 ut
2270 1710 2341 1765 sit
2376 1711 2507 1765 mihi
2536 1710 2732 1782 dupla
2774 1719 3032 1782 tropmum
3054 1753 3070 1779 ,
3099 1711 3295 1784 duplex
3323 1729 3519 1770 corona
3538 1756 3553 1780 ,
3584 1715 3772 1786 ingens

2182 1800 2372 1868 gloria.
2399 1799 2492 1858 28.
2522 1800 2833 1858 Maledieent
2859 1802 2960 1870 illi,
2993 1813 3039 1858 et
3063 1813 3117 1857 tu
3150 1804 3425 1859 benedices.
3461 1803 3562 1871 Qui
3593 1805 3765 1859 insur-

2181 1903 2306 1964 gunt
2333 1893 2388 1948 in
2411 1910 2511 1961 me,
2541 1894 2941 1966 confundantur,
2967 1912 3138 1950 servus
3166 1906 3334 1950 autem
3355 1906 3471 1950 tuus
3493 1896 3766 1950 testabitur.

2185 1985 2350 2040 Docet
2375 1984 2464 2040 hic
2491 1984 2789 2040 auditorem
2815 1986 3097 2056 quamdam
3127 1985 3539 2056 philosophiam.
3571 1986 3766 2042 Osten-

2183 2075 2260 2131 dit
2287 2077 2431 2132 enim
2458 2077 2600 2148 quod
2630 2077 2836 2133 etiamsi
2869 2077 3000 2132 diris
3040 2077 3334 2133 innumeris
3359 2077 3690 2146 devoveant,
3721 2079 3772 2134 si

2183 2169 2324 2225 Deus
2352 2170 2651 2236 benedicat,
2683 2171 2816 2225 nihil
2844 2169 3150 2226 detrimenti
3179 2185 3249 2226 ex
3275 2170 3354 2226 eis
3383 2171 3638 2241 accipiet,
3671 2170 3773 2226 sed

2181 2263 2235 2318 in
2259 2265 2403 2334 ipsos
2428 2273 2704 2318 vertentur
2731 2262 2924 2334 probra
2948 2273 3002 2318 et
3028 2263 3351 2332 ignominia}.
3382 2262 3572 2318 Servus
3598 2274 3770 2318 autem

2182 2366 2298 2412 tuus
2319 2357 2573 2412 testabitur
2601 2358 2652 2410 in
2677 2366 2742 2411 te.
2767 2356 2934 2411 Recte
2951 2355 3103 2421 dixit,
3120 2353 3188 2410 In
3209 2365 3276 2422 te,
3294 2355 3601 2427 signiﬁcans
3621 2356 3768 2411 illine

2183 2448 2449 2520 proﬁcisci
2477 2449 2710 2504 laetitiam
2729 2488 2744 2514 ,
2774 2447 2919 2503 unde
2957 2447 3093 2503 bona
3125 2448 3550 2519 suppeditantur.
3581 2448 3768 2504 Restat

2181 2549 2241 2595 ut
2269 2539 2415 2594 nulla
2439 2556 2528 2596 me
2554 2540 2716 2610 possit
2748 2538 3057 2610 perturbare
3083 2540 3349 2606 molestia,
3375 2554 3496 2594 cum
3520 2549 3608 2594 tua
3633 2540 3769 2594 mihi

2181 2641 2394 2688 maneat
2427 2633 2632 2703 integra
2675 2631 2877 2686 laetitia.
2922 2630 3013 2686 29.
3047 2629 3342 2685 Induantur
3365 2631 3451 2701 qui
3491 2631 3763 2687 detrahunt

2178 2724 2305 2777 mihi
2329 2723 2539 2794 pudore,
2567 2731 2615 2777 et
2633 2723 2927 2793 operiuntur
2945 2722 3073 2776 sicut
3093 2722 3320 2794 diploide
3338 2722 3632 2794 confusione
3645 2738 3765 2777 sua.

2178 2814 2314 2872 Vide
2338 2815 2611 2886 quomodo
2637 2830 2820 2869 rursus
2851 2822 3002 2885 rogat
3021 2855 3036 2879 ,
3063 2823 3122 2868 ut
3151 2829 3257 2868 non
3286 2813 3460 2869 solum
3491 2814 3764 2870 tradantur

2177 2907 2460 2977 supplicio,
2484 2907 2576 2962 sed
2605 2906 2764 2961 etiam
2788 2904 2976 2976 pudori
3007 2915 3060 2960 et
3083 2906 3414 2976 ignominim,
3431 2915 3492 2960 ut
3517 2907 3568 2960 id
3588 2907 3657 2961 sit
3683 2907 3769 2962 eis

2173 2997 2428 3054 doctrina
2463 2998 2932 3065 correctionis,,et
2966 3000 3180 3052 occasio
3221 2997 3532 3052 mutationis
3556 2997 3610 3053 in
3652 3013 3766 3053 me-

2179 3091 2332 3146 liOra.
2363 3090 2452 3145 '50.
2493 3089 2782 3160 Confitebor
2802 3087 3029 3144 Domino
3063 3089 3214 3143 nimis
3250 3088 3305 3142 in
3333 3105 3426 3143 ore
3459 3104 3600 3155 meo,
3623 3097 3670 3142 et
3706 3089 3765 3143 in

2178 3181 2340 3236 medio
2369 3181 2641 3234 multarunt
2672 3180 2893 3234 laudabo
2921 3195 3056 3233 eum.
3086 3179 3176 3234 3|.
3213 3178 3346 3246 Quia
3366 3178 3560 3234 adstitit
3586 3195 3618 3231 a
3638 3178 3765 3233 des-

2177 3273 2268 3326 tris
2298 3270 2568 3342 pauperis,
2600 3280 2660 3324 ut
2699 3271 2892 3326 salvam
2918 3273 3105 3344 faceret
3137 3286 3168 3323 a
3200 3269 3606 3340 persequentibus
3643 3270 3762 3323 ani-

2177 3380 2312 3417 mam
2354 3379 2538 3417 meam.
2585 3363 2690 3417 Pro
2739 3363 2824 3417 his
2874 3359 3122 3417 omnibus
3169 3361 3338 3416 Deum
3392 3370 3764 3416 remuneratur

2178 3453 2426 3525 hymnis,
2476 3451 2666 3519 laude,
2716 3453 3010 3523 gratiarum
3057 3452 3306 3516 actione;
3353 3451 3608 3522 praeclara
3645 3451 3766 3522 ejus

2175 3545 2310 3600 facta
2333 3545 2472 3616 apud
2495 3559 2682 3600 omnes
2702 3543 3084 3608 annuntiando,
3110 3544 3162 3597 in
3195 3541 3371 3598 medio
3393 3542 3601 3598 theatro
3626 3558 3762 3613 pra:-

2173 3639 2404 3694 dicando
2441 3653 2504 3693 ea
2550 3653 2668 3708 qua:
2695 3637 2764 3690 ab
2809 3636 2898 3691 illo
2940 3637 3131 3692 collata
3161 3646 3304 3692 sunt.
3349 3636 3461 3692 Hoc
3492 3635 3634 3692 enim
3677 3647 3763 3695 est

2173 3731 2515 3798 sacriﬁcium,
2560 3730 2661 3785 hoc
2686 3729 2926 3796 oblatio,
2967 3729 3060 3785 Dei
3102 3727 3357 3784 beneﬁcia
3405 3728 3604 3784 habere
3632 3743 3759 3798 per-

2175 3832 2333 3895 petuo
2364 3823 2414 3876 in
2445 3821 2722 3887 memoria,
2759 3835 2928 3890 eaque
2957 3819 3120 3874 menti
3152 3834 3263 3874 sua:
3292 3819 3630 3889 imprimere,
3663 3828 3792 3873 ore

2175 3913 2500 3984 prmdicarc,
2540 3918 2595 3966 ct
2636 3908 2814 3966 facere
2844 3917 2901 3964 ut
2929 3910 3045 3979 ejus
3092 3908 3346 3963 beneﬁcia
3387 3925 3417 3962 a
3447 3910 3627 3963 multis
3663 3924 3758 3962 au-

2172 4007 2406 4062 diantur.
2450 4003 2582 4058 Nam
2628 4004 2707 4058 sic
2745 4011 2801 4058 et
2837 4003 2927 4073 qui
2968 4000 3285 4056 beneﬁcium
3325 4001 3617 4071 acceperit,
3659 4016 3764 4070 pro

2171 4107 2325 4170 grato
2351 4097 2530 4150 animo
2571 4093 2871 4150 mercedem
2898 4093 3152 4164 accipiet,
3183 4102 3238 4148 et
3278 4093 3452 4161 majus
3491 4093 3584 4146 Dei
3609 4093 3662 4147 in
3697 4108 3758 4148 se

2172 4188 2428 4243 auxilium
2469 4185 2701 4240 attrahat
2727 4202 2742 4238 :
2769 4193 2825 4241 et
2842 4184 2932 4255 qui
2981 4183 3232 4250 audiunt,
3262 4199 3326 4238 ex
3369 4183 3434 4238 iis
3475 4199 3594 4254 qute
3637 4183 3755 4236 aliis

2173 4281 2310 4338 facta
2339 4288 2484 4347 sunt,
2531 4277 2762 4334 evadent
2787 4276 3068 4345 meliores,
3099 4287 3155 4331 et
3177 4275 3243 4330 ad
3281 4275 3530 4330 virtutem
3571 4290 3756 4345 perse-

2172 4372 2441 4446 quendam
2465 4370 2725 4442 accipient
2751 4369 3042 4424 maximum
3069 4366 3469 4423 incitamentum
3499 4383 3566 4423 ex
3589 4367 3755 4422 bene-

2177 4469 2313 4523 ﬁciis
2335 4482 2455 4538 qua:
2484 4464 2552 4520 ab
2578 4463 2700 4520 aliis
2725 4471 2944 4532 accepta
2970 4471 3112 4516 sunt.

2598 4621 2664 4678 IN
2703 4619 3028 4678 PSALMUM
3065 4617 3179 4676 six
3225 4618 3332 4690 (α).

2179 4769 2229 4824 1.
2271 4765 2412 4820 Dixit
2438 4761 2689 4817 Dominus
2713 4759 2930 4815 Domino
2964 4773 3117 4814 meo:
3142 4757 3279 4814 Sede
3309 4775 3342 4812 a
3382 4757 3572 4812 dextris
3609 4757 3753 4811 meis.

2245 4923 2300 4978 λι.
2326 4921 2687 4989 Exsurgamus
2716 4955 2733 4980 ,
2773 4927 2981 4986 quaeso,
3024 4920 3080 4968 et
3118 4911 3353 4966 animum
3393 4909 3754 4966 intendamus.

2176 5011 2418 5069 Psalmus
2452 5009 2596 5064 enim
2629 5007 2698 5062 de
2741 5003 3058 5060 sublimibus
3085 5001 3372 5057 admodum
3407 5001 3568 5057 rebus
3603 5001 3757 5071 agit,

2176 5122 2281 5160 non
2313 5104 2407 5158 uni
2435 5101 2536 5157 soﬁ
2564 5097 2798 5162 haeresi,
2831 5095 2928 5152 sed
2951 5096 3114 5150 variis
3133 5104 3188 5150 et
3208 5093 3436 5148 diversis
3460 5092 3752 5148 obsistens.

2174 5200 2307 5256 Nam
2336 5195 2592 5251 adversus
2615 5190 2833 5250 Indicos
2862 5231 2877 5256 ,
2911 5189 3167 5244 adversus
3197 5187 3418 5242 Paulum
3445 5185 3756 5242 Samosata-

2176 5306 2303 5347 num
2337 5331 2352 5355 ,
2386 5287 2642 5343 adversus
2665 5283 2918 5347 Arianos,
2942 5280 3198 5336 adversus
3227 5277 3596 5337 Marcionistas
3620 5313 3642 5345 ,
3659 5275 3756 5331 ad-

2235 5469 2314 5532 (ιι)
2343 5467 2427 5516 Hic
2463 5463 2675 5532 Psalmis.
2704 5465 2877 5532 contra.
2903 5458 3096 5532 ωερε
3129 5454 3418 5532 uois”:
3444 5457 3555 5532 qua,
3570 5457 3760 5532 ,βάθει

2175 5519 2417 5584 Christum
2453 5539 2568 5578 esse
2598 5524 2764 5576 Filium
2795 5522 2881 5570 Dei
2896 5534 2918 5584 _:
2945 5527 3114 5570 contra
3132 5519 3340 5584 Paulum
3375 5527 3756 5584 samosatenum,

2211 5595 2291 5642 uia
2310 5591 2434 5640 dixit
2451 5587 2616 5637 Filium
2639 5594 2755 5636 ante
2779 5581 3049 5632 Luciferum
3063 5620 3076 5640 ,
3101 5583 3207 5642 sive
3231 5581 3294 5629 ab
3313 5587 3502 5629 aeterno
3535 5581 3756 5642 genitum

2211 5607 2291 5642 Illa
2310 5607 2434 5640 αιιιι
2453 5607 2616 5637 rlllluu
2639 5607 2755 5636 autc
2780 5607 3049 5632 munerum
3063 5620 3076 5640 ,
3101 5607 3207 5630 anc
3231 5607 3294 5629 ω
3313 5607 3428 5629 εισι
3440 5607 3502 5629 uu
3535 5607 3756 5642 aculeum

2174 5607 2329 5704 ﬁnisse
2353 5667 2366 5702 :
2391 5660 2560 5702 contra
2577 5649 2762 5704 Arium,
2783 5647 2900 5708 quia
2917 5645 3035 5694 dicit
3055 5641 3222 5708 Filium
3246 5654 3360 5692 esse
3381 5643 3604 5708 genitum
3621 5679 3637 5703 ,
3663 5655 3758 5708 non

2177 5702 2356 5767 iactum
2380 5728 2393 5764 :
2419 5722 2586 5763 contra
2607 5702 2893 5762 Marcion'em
2917 5713 2970 5756 et
2991 5704 3318 5762 Manichaeum,
3341 5702 3457 5767 quia
3475 5702 3561 5767 illo
3583 5702 3758 5766 proba-

2176 5766 2256 5829 tur
2278 5789 2427 5824 unum
2450 5773 2607 5824 solum
2642 5784 2754 5822 esse
2794 5768 3079 5830 principium
3105 5779 3119 5815 :
3144 5773 3311 5830 contra
3344 5766 3434 5816 eos
3460 5766 3546 5830 qui
3575 5771 3760 5829 negant

2179 5787 2256 5829 ωι-
2278 5789 2427 5824 unum
2450 5783 2607 5824 somm
2642 5784 2754 5822 esse
2779 5783 3079 5883 ΙῘΠῚῐιίιιριιιῐιι
3105 5783 3311 5839 εροιισδ
3344 5783 3434 5816 eos

2179 5840 2589 5893 resurrectionem
2605 5869 2620 5899 ,
2644 5835 2759 5898 quia
2781 5832 2790 5842 '
2816 5832 2864 5881 lo
2883 5837 3181 5881 resurrectio
3204 5828 3450 5892 probatur.
