4080 6340
315 366 435 422 265

317 480 424 534 τοῦ
457 479 546 533 διὰ
588 478 699 532 τῶν
749 477 929 550 ἐργων
969 477 1450 546 ἀποκρουσαμενου
1494 473 1592 545 μὲν
1625 470 1720 542 τὴν
1748 466 1898 539 παρά

319 565 424 617 τοῦ
464 562 601 617 Θεοῦ
654 563 860 634 ῥοπὴν,
909 559 1354 628 ἐπισπασαμένου
1395 558 1452 612 δὲ
1493 559 1593 629 τὴν
1642 555 1899 627 θεήλατον

323 648 568 718 πληγήν.
599 645 714 700 Καὶ
733 644 1062 700 ἐνεδύσατο
1088 641 1350 712 κατάραν
1373 641 1454 708 ὡς
1490 639 1720 710 ίμὰτιον
1738 677 1752 702 ,
1798 637 1898 691 καί

320 735 618 804 εἰσῆλθεν
635 733 778 788 ὡσεί
798 733 952 801 ὕδωρ
977 736 1063 799 είς
1085 733 1158 786 τὰ
1177 732 1396 802 ἔγκατα
1415 729 1623 794 αὑτοῦ,
1642 726 1739 784 καὶ
1756 724 1901 780 ὡσεί

322 821 540 874 ἔλαιον
585 819 657 872 ἐν
697 818 822 884 τοῖς
874 816 1107 883 ὀστέοις
1147 815 1356 871 αὐτοῦ.
1399 813 1662 868 Ἐνταῦθα
1703 812 1796 866 καὶ
1838 811 1900 864 τὸ

325 902 559 972 σφοδρὸν
584 902 684 972 τῆς
729 901 971 971 πληγῆς,
998 901 1094 954 καὶ
1133 901 1196 953 τὸ
1225 901 1448 971 μόνιμον
1497 899 1596 968 τῆς
1633 896 1900 968 τιμωρίας

316 989 697 1052 ἐνδείκνυται,
735 989 912 1058 δηλῶν
957 990 1038 1041 ὅτι
1071 989 1235 1040 πᾶσιν
1285 985 1590 1057 ἀνθρώποις
1633 985 1703 1038 τὰ
1757 984 1900 1038 κακά

325 1077 540 1131 οἷκοθεν
575 1078 668 1130 καὶ
698 1075 849 1148 παρὰ
897 1077 997 1146 τῆς
1045 1076 1249 1139 οἰκείας
1277 1073 1538 1146 γνώμης,
1572 1074 1622 1126 οἳ
1658 1072 1747 1126 διὰ
1790 1071 1898 1126 τῶν

320 1164 510 1235 ἔργων
541 1165 636 1218 καὶ
664 1164 770 1216 τῶν
791 1161 1040 1234 πράξεων
1062 1163 1130 1216 τὰ
1157 1163 1254 1233 μὲν
1290 1161 1471 1229 ἀγαθά
1499 1154 1896 1228 διακρούδνται,

324 1255 450 1316 ταῖς
479 1252 536 1304 δὲ
561 1252 847 1321 τιμωρίαις
879 1249 1106 1314 ἐαυτοὺς
1135 1249 1550 1320 ἐπεμϐάλλουσι.
1582 1245 1900 1314 Γενηθήτω

316 1339 493 1405 αὐτῷ
518 1339 596 1406 ὡς
621 1338 850 1408 ἱμάτιον
871 1377 886 1403 ,
916 1337 947 1392 ὃ
973 1337 1413 1407 περιϐάλλεται,
1437 1336 1533 1390 καί
1550 1333 1692 1389 ὦσεί
1729 1332 1897 1402 ζώνη,

323 1425 417 1491 ἦν
434 1426 759 1491 διαπαντὸς
783 1424 1220 1493 κεριζώννυται.
1240 1423 1409 1476 Τοῦτο
1441 1423 1496 1477 δέ
1521 1439 1672 1492 φησι,
1689 1421 1900 1484 δεικνὺς

317 1514 431 1585 τὴν
454 1514 659 1583 ἄφατον
683 1513 775 1567 τοῦ
788 1513 921 1567 Θεοῦ
955 1512 1144 1584 ὀργὴν,
1167 1511 1264 1583 τὴν
1290 1510 1747 1582 μετελευσομένην
1777 1510 1902 1572 τοὺς

318 1601 624 1665 τοιούτους.
651 1603 716 1656 Ὀ
739 1602 796 1655 δὲ
827 1601 978 1672 λέγει
1010 1601 1166 1655 τοῦτὸ
1195 1602 1341 1654 ἐστιν
1358 1616 1372 1630 ο
1406 1598 1591 1663 Οῦτως
1617 1598 1810 1661 αὐτοὺς
1833 1596 1904 1650 τὰ

313 1690 479 1744 κακά
502 1690 721 1757 καθέξει
742 1730 757 1753 ,
795 1689 875 1754 ῶς
925 1689 1060 1761 μηδὲ
1107 1688 1406 1760 μεταϐολήν
1436 1705 1556 1741 τινα
1583 1689 1758 1757 σχεῖν·
1787 1685 1900 1740 ἀλλ’

315 1778 918 1849 ἐναποστηριχθήσεται
951 1789 977 1818 ε
1007 1779 1066 1830 ἐν
1090 1776 1270 1840 αὐτοῖς
1291 1819 1307 1842 ,
1358 1774 1452 1829 καὶ
1489 1777 1640 1845 μενεῖ
1687 1772 1898 1844 βέϐαια.

321 1866 466 1920 Εἶτα
495 1865 708 1930 δεικνὺς
729 1906 744 1930 ,
770 1866 852 1920 ὅτι
879 1864 1139 1936 πονηρίαν
1157 1863 1396 1928 κολάζει,
1423 1862 1516 1915 καὶ
1542 1861 1734 1915 κακίαν
1759 1860 1904 1933 διορ-

314 1953 552 2018 θοῦται,
583 1954 676 2006 καὶ
703 1953 784 2007 ὅτι
825 1952 886 2005 οὐ
928 1951 1048 2005 κατ’
1101 1951 1310 2003 ἐκείνου
1348 1949 1508 2019 μόνου
1530 1989 1545 2014 ,
1575 1947 1711 2002 ἀλλά
1762 1947 1904 2000 κατά

317 2041 549 2094 πάντων
597 2041 705 2094 τῶν
767 2037 1079 2093 ὑπευθύνων
1133 2040 1248 2100 τοῖς
1298 2037 1608 2106 λεγομένοις
1649 2034 1814 2109 ὄντων
1868 2038 1902 2108 ἡ

321 2128 557 2198 τοιαύτη
589 2128 830 2181 κείσεται
858 2125 1070 2197 ψῆφος,
1100 2125 1346 2196 ἐπήγαγε
1365 2141 1380 2156 ·
1413 2123 1593 2179 Τοῦτο
1629 2124 1697 2177 τὸ
1727 2123 1904 2192 ἔργον

325 2215 454 2268 τῶν
483 2214 998 2268 ἐνδιαϐαλλόντων
1035 2229 1112 2281 με
1156 2211 1316 2280 παρὰ
1345 2211 1558 2278 Κυρίῳ.
1589 2209 1900 2278 Τουτέστιν,

313 2301 476 2374 αῦτη
504 2304 539 2373 ἡ
564 2303 821 2375 τιμωρία,
843 2300 984 2373 αῦτη
1017 2303 1052 2372 ἡ
1076 2300 1196 2371 δίκη
1225 2298 1332 2353 τῶν
1363 2299 1766 2370 ἀνθισταμένων
1790 2315 1900 2368 μοι,

318 2390 443 2442 τῶν
489 2389 940 2442 ἐπιϐουλευόντων
960 2426 976 2453 ,
1009 2388 1117 2442 τῶν
1171 2386 1552 2458 πολεμούντων
1569 2425 1586 2451 ,
1629 2385 1738 2441 Καὶ
1785 2385 1905 2440 τῶν

313 2478 687 2531 λαλούντων
736 2477 970 2545 πονηρὰ
1014 2474 1167 2530 κατὰ
1204 2473 1316 2543 τῆς
1349 2473 1556 2543 ψυχῆς
1587 2492 1725 2544 μου.
1762 2475 1906 2545 Ἀρα

323 2566 430 2618 καὶ
457 2565 715 2635 ῥημάτων
743 2564 878 2617 είσὶν
903 2562 1154 2628 εὐθῦναι,
1187 2563 1282 2616 καὶ⁸
1312 2562 1532 2615 εὐθῦναι
1560 2561 1900 2634 πικρόταται.

401 2651 468 2706 δ’.
485 2651 818 2723 Ἀπαρτίσας
829 2650 1005 2705 τοίνυν
1029 2649 1122 2704 τὸν
1141 2649 1266 2720 περὶ
1286 2649 1493 2702 ἐκείνου
1514 2647 1692 2717 λόγον,
1710 2648 1803 2702 ἐπὶ
1812 2648 1903 2702 τὸν

325 2739 468 2793 θεὸν
500 2739 833 2808 καταφεύγει
857 2739 1017 2792 πάλιν
1050 2738 1190 2810 ὑπὲρ
1219 2737 1318 2808 τῆς
1357 2738 1436 2800 εἰς
1487 2737 1647 2791 αὐτὸν
1684 2736 1904 2807 ἀντιλή-

323 2829 500 2897 ψεως.
517 2827 650 2880 Οὐδὲ
675 2828 784 2898 γὰρ
813 2826 974 2897 μέχρι
993 2825 1092 2896 τῆς
1111 2824 1378 2896 τιμωρίας
1404 2823 1512 2878 τῶν
1534 2824 1907 2878 ἐπιϐουλεῦον·

326 2932 446 2967 των
478 2915 690 2968 ἵσταται
715 2953 732 2977 ,
781 2913 917 2968 ἀλλά
943 2911 1155 2976 δεικνὺς
1190 2912 1273 2966 ὅτι
1303 2912 1352 2965 οί
1392 2909 1576 2975 κακῶς
1609 2911 1907 2981 πάσχοντες

327 3003 437 3056 καὶ
464 3002 703 3074 τιμωρὸν
728 3001 940 3073 ἐχουσιν
969 3000 1110 3070 ὑπὲρ
1137 2993 1212 3054 ὧν
1248 2996 1592 3058 ἀδικοῦνται,
1622 2999 1716 3053 καὶ
1752 3000 1907 3053 αὐτοὶ⁵

331 3089 545 3161 πολλῆς
570 3091 892 3160 τυγχάνουσι
921 3088 1023 3159 τῆς
1064 3086 1397 3159 ἀντιλήψεως
1415 3127 1430 3151 ,
1476 3088 1669 3154 ἐπάγει
1697 3086 1870 3156 λέγων
1887 3103 1901 3116 ·

333 3178 450 3232 Καὶ
488 3177 606 3242 σὺ,
640 3178 834 3245 Κύριε,
880 3176 1138 3244 ποίησον
1160 3175 1286 3244 μετ’
1321 3174 1468 3243 ἐμοῦ
1493 3215 1508 3237 .
1541 3175 1750 3229 ἕνεκεν
1798 3174 1905 3230 τοῦ

326 3265 631 3334 ἐνόματός
651 3280 786 3319 σου.
803 3265 941 3335 Ὅρα
965 3262 1402 3333 εὐγνωμοσύνην,
1421 3263 1522 3332 ὅρα
1549 3279 1904 3336 ταπεινοφρο-

336 3351 529 3422 σύνην.
545 3351 736 3404 Καίτοι
760 3367 822 3419 γε
845 3349 1032 3421 ἱκανὴν
1053 3345 1196 3418 εῖχεν
1227 3349 1254 3389 1³
1287 3350 1367 3414 είς
1392 3350 1713 3422 συνηγορίαν
1738 3349 1906 3420 ἀφορ-

337 3439 452 3511 μὴν
480 3437 542 3491 τὸ
573 3437 758 3500 κακῶς
788 3436 976 3490 παθεῖν
1008 3434 1136 3507 (καὶ
1172 3434 1282 3508 γὰρ
1320 3436 1414 3489 καὶ
1439 3435 1594 3488 τοῦτο
1639 3434 1904 3505 πολλαχοῦ

328 3527 449 3580 τῶν
466 3525 697 3598 Γραφῶν
734 3523 878 3578 ἐστιν
905 3525 1054 3589 ἰδεῖν,
1077 3524 1157 3577 ὅτι
1183 3524 1234 3576 οί
1261 3523 1445 3587 κακῶς
1473 3524 1770 3594 πάσχοντες
1799 3521 1908 3577 ἀδί-

329 3631 455 3676 κως
511 3613 664 3684 παρὰ
714 3611 1052 3683 ἀνθρώπιον,
1110 3611 1326 3665 πλείονα
1365 3611 1543 3682 έχουσι
1598 3613 1908 3683 παρρησίας

327 3699 594 3770 ἀερορμὴν
627 3700 760 3769 πρὸς
791 3700 852 3752 τὸ
886 3701 1068 3771 τυχεῖν
1093 3699 1194 3769 τῆς
1221 3699 1370 3770 παρά
1400 3698 1496 3752 τοῦ
1522 3698 1658 3753 Θεοῦ
1689 3701 1904 3771 pou-71c);

333 3787 458 3840 ἀλλ’
487 3781 640 3849 οὗτος
666 3786 823 3856 ἀφεὶς
846 3785 1003 3839 τοῦτο
1030 3787 1224 3850 εἰπεῖν,
1258 3786 1349 3838 ἐπὶ
1375 3785 1474 3858 τὴν
1503 3785 1907 3858 φιλανθρωπίαν

335 3873 516 3943 μόνην
539 3872 632 3925 τοῦ
649 3871 781 3926 Θεοῦ
809 3871 1141 3942 καταφεύγει
1171 3872 1263 3926 καὶ
1296 3871 1443 3938 λέγει
1459 3890 1473 3902 ·
1495 3874 1759 3940 Ποίησον
1777 3873 1906 3942 μετ’

324 3961 488 4029 ἐμοῦ
533 3960 741 4014 ἕνεκεν
769 3959 876 4013 τοῦ
921 3960 1208 4028 ὀνόματός
1240 3976 1355 4014 σου
1380 3977 1394 3990 ·
1439 3960 1716 4030 μονονουχὶ
1751 3960 1908 4014 τοῦτο

321 4048 537 4114 λέγων·
565 4048 678 4101 Οὐκ
705 4046 891 4117 ἐπειδὴ
917 4046 1062 4111 ἄξιός
1089 4048 1224 4116 εἰμι,
1264 4046 1400 4100 ἀλλά
1427 4046 1515 4100 διὰ
1545 4047 1788 4111 σεαυτὸν,
1824 4048 1907 4100 ὅτι

329 4135 722 4208 φιλάνθρωπος
754 4133 803 4188 εί
832 4135 926 4188 καὶ
963 4134 1226 4205 ἐλεήμων.
1268 4135 1359 4188 Διὸ
1398 4135 1491 4188 καὶ
1515 4136 1742 4204 ἐπάγει·
1779 4137 1908 4191 Ὅτι

331 4223 616 4293 χρηστὸν
660 4221 726 4275 τὸ
771 4221 944 4288 ἔλεός
992 4219 1148 4295 [248]
1179 4236 1320 4276 σου.
1363 4222 1474 4276 Καὶ
1524 4221 1703 4287 καλῶς
1734 4219 1904 4287 εἶπεν,

323 4313 478 4365 Ὀτι
509 4310 775 4380 χρηστὸν
800 4311 866 4365 τὸ
892 4309 1065 4375 ἔλεός
1093 4327 1229 4366 σου.
1257 4311 1332 4364 Τὸ
1354 4311 1460 4382 γὰρ
1479 4311 1586 4365 τῶν
1607 4312 1908 4377 ἀνθρώπων

327 4400 399 4451 ού
436 4397 676 4450 τοιοῦτον
707 4396 971 4468 πολλαχοῦ
995 4415 1009 4430 ο
1042 4397 1156 4450 ἐστι
1182 4399 1289 4468 γὰρ
1323 4399 1455 4452 ὅπου
1483 4400 1579 4452 καὶ
1617 4401 1708 4452 ἐπὶ
1737 4399 1906 4474 βλάϐῃ

329 4485 519 4554 τούτῳ
573 4485 899 4556 κέχρηνται,
943 4486 1038 4539 καὶ
1091 4486 1184 4538 ἐπὶ
1226 4486 1523 4559 διαφθορᾷ·
1556 4487 1667 4541 ἀλλ’
1706 4489 1734 4541 ὁ
1776 4490 1909 4554 Θεὸς

332 4573 621 4643 πανταχοῦ
649 4574 786 4645 πρὸς
823 4573 887 4626 τὸ
926 4574 1222 4645 συμφέρον.
1260 4574 1463 4628 Ῥῦσαί
1485 4592 1564 4644 με
1587 4617 1600 4640 ,
1635 4577 1722 4631 ὅτι
1754 4593 1908 4632 πτω-

307 4713 310 4716 .
327 4663 454 4733 κὸς
475 4662 572 4714 καί
603 4661 787 4729 πένης
810 4660 925 4731 είμὶ
944 4659 1077 4730 ἐγὼ,
1099 4661 1196 4714 καί
1228 4662 1266 4730 ἡ
1291 4662 1502 4731 καρδία
1531 4682 1649 4732 μου
1672 4666 1909 4736 τετάρα-

326 4766 478 4804 πται
500 4749 675 4815 ἐντός
701 4766 842 4818 μου.
896 4748 1057 4819 Ὁρᾷς
1091 4749 1252 4803 αὐτὸν
1276 4750 1436 4805 πάλιν
1456 4750 1709 4818 ἀξιοῦντα
1733 4755 1909 4826 σωθῆ-

327 4855 455 4898 ναι,
484 4838 582 4908 οὐχ
606 4837 682 4900 ῶς
709 4835 856 4901 ἄξιον
879 4877 893 4900 ,
919 4838 1036 4891 οὐδὲ
1057 4838 1132 4903 ὼς
1154 4838 1358 4893 δίκαιον
1382 4881 1397 4903 ,
1431 4840 1544 4894 ἀλλ’
1575 4842 1651 4906 ὡς
1672 4843 1906 4914 ἀνατρα-

329 4925 513 4977 πέντα
551 4924 827 4987 παντελῶς
849 4965 867 4989 ,
893 4923 968 4988 ὡς
993 4927 1474 4997 κατειργασμένον,
1496 4929 1572 4992 ὼς
1606 4931 1776 5000 μυρία
1806 4947 1908 4982 πα-

326 5013 506 5066 θόντα
535 5011 718 5074 κακὰς
753 5011 860 5067 Καὶ
893 5014 932 5080 ἠ
956 5013 1169 5082 καρδία
1205 5031 1323 5082 μου
1352 5013 1694 5082 τετάρακται
1736 5016 1908 5083 ἐντός

319 5115 480 5168 μου.
529 5098 763 5170 Τοιαύτη
812 5099 922 5169 γὰρ
968 5100 1077 5152 τῶν
1109 5099 1400 5170 συμφορῶν
1445 5102 1479 5171 ἡ
1527 5099 1749 5171 δύναμις
1776 5117 1790 5132 ·
1843 5104 1906 5156 οὐ

328 5185 508 5256 σῶμα
549 5184 861 5257 λυμαίνεται
911 5188 1070 5257 μόνον
1097 5228 1115 5251 ,
1164 5187 1301 5241 ἀλλὰ
1331 5189 1424 5241 καὶ
1453 5187 1626 5258 ψυχὴν
1667 5188 1903 5260 θορυϐεῖ.

339 5276 456 5339 Ὠς
478 5274 618 5327 σκιὰ
641 5313 658 5336 ,
704 5274 775 5327 ἐν
808 5272 887 5338 τῷ
911 5274 1182 5328 ἐκκλῖναι
1223 5276 1436 5342 αὐτὴν,
1474 5275 1904 5344 ἀντανῃρέθην,

315 5359 737 5429 ἐξετινὰχθην
759 5360 900 5414 ὡσεί
927 5362 1186 5430 ἀκρίδες.
1217 5363 1292 5416 Τδ
1317 5362 1543 5434 σφοδρὸν
1568 5363 1668 5434 τῆς
1694 5363 1910 5417 ἐπιϐου-

324 5450 438 5518 λῆς
472 5445 578 5499 τῶν
603 5447 972 5518 ἀδικησάντων
994 5449 1163 5518 λέγει,
1191 5449 1290 5518 τὴν
1318 5451 1610 5520 κακουχίαν
1631 5452 1728 5522 τὴν
1763 5453 1906 5520 ἄφα-

318 5552 428 5590 τον
450 5573 467 5597 ,
495 5531 591 5586 καὶ
621 5533 719 5604 τὴν
763 5538 894 5607 παρ’
917 5536 1112 5590 ἑαυτοῦ
1157 5537 1318 5592 πάλιν
1361 5539 1657 5611 γενομένην
1695 5542 1752 5593 ἐν
1794 5543 1906 5604 τοῖς

387 5681 420 5749 ξ
453 5679 603 5749 Sari}.
624 5683 1136 5749 ἐναποστηριχθήσεται
1168 5692 1270 5749 γάρ.

382 5743 419 5781 δ
449 5745 544 5791 Su
571 5745 600 5793 I.
619 5745 760 5807 ἐχιινν,
788 5755 839 5796 et
860 5743 1027 5797 i'ui'i'uré
1051 5748 1101 5796 δὲ
1126 5743 1269 5811 ἀράς.

1383 350 1752 414 ΕΧΡΟΞΙἸῚΟ
1786 349 1859 404 IN
1901 347 2231 410 PSALMUM
2272 355 2408 411 CIX‘

3448 364 3556 422 261

1995 470 2254 534 τοιούτοις
2283 474 2536 546 σπουδήν.
2566 475 2641 530 Τὰ
2673 477 2890 546 γόνατὰ
2907 497 3026 549 μου
3053 480 3405 550 ἡσθένησαν
3438 485 3558 540 ἀπὸ

1995 559 2310 626 νηστείας,
2345 560 2443 615 καί
2468 561 2506 632 ἠ
2533 561 2690 632 σάρξ
2718 583 2836 636 μου
2867 566 3164 636 ἠλλοιώθη
3213 569 3288 624 δι’
3329 571 3556 626 ἔλαιον.

2009 645 2171 717 Ὁρᾷς
2213 645 2300 700 οἷα
2331 650 2726 715 κατασκευάζει
2761 653 2900 707 ὅπλα
2937 656 3072 726 πρὸς
3107 657 3207 720 τὰς
3245 659 3556 725 ὲπισουλάςν

1997 733 2093 786 καὶ
2119 733 2218 805 τὴν
2259 735 2392 806 πρὸς
2423 739 2584 792 αὐτὸν
2624 742 2958 811 κακουχίαν;
2987 745 3096 798 Καὶ
3129 743 3242 815 ἐγὼ
3269 745 3560 816 ἐγενήθην

1997 823 2201 890 αὐτοῖς
2239 823 2466 892 ὄνειδος
2485 842 2500 857 ο
2530 826 2778 882 εῑδοσάν
2800 847 2896 898 με,
2922 831 3266 887 ἐσάλευσαν
3294 836 3560 903 κεφαλὰς

1996 911 2212 965 αὐτῶν.
2243 911 2495 966 Τοιαῦται
2522 913 2628 967 τῶν
2655 915 2902 987 πονηρῶν
2932 918 2989 970 αί
3015 919 3224 990 γνῶμαι
3245 938 3259 951 -
3307 922 3366 974 οὐ
3401 922 3559 991 μόνον

1998 997 2097 1051 οὐκ
2139 999 2429 1054 ἐνδιδδασιν
2451 1043 2465 1066 ,
2500 1003 2627 1057 ὅταν
2658 1004 2806 1059 ῐδωσι
2847 1007 2937 1060 τὸν
2993 1007 3194 1061 δίκαιον
3225 1011 3562 1064 ἐπιτείνοντα

1997 1084 2096 1155 τὴν
2131 1085 2431 1151 εὐλάϐειαν,
2471 1089 2605 1146 ἀλλά
2642 1094 2735 1146 καὶ
2760 1094 3072 1159 ὀνειδίζουσι
3099 1097 3191 1149 καὶ
3217 1099 3556 1168 κωμῳδοῦσι,

2000 1172 2093 1226 καί
2131 1172 2538 1244 ἐπεμϐαίνουσι.
2584 1177 2648 1230 Τί
2689 1174 2788 1233 οὖν
2827 1174 3012 1249 οὖτοςς
3055 1183 3176 1236 Ἐπὶ
3219 1185 3320 1255 τὴν
3351 1188 3561 1256 ἄμαχον

2002 1262 2338 1332 συμμαχίαν,
2365 1263 2461 1316 ἐπὶ
2486 1264 2583 1335 τὴν
2605 1265 2898 1338 ἀχείρωτον
2925 1269 3174 1341 βοήθειαν
3207 1272 3559 1340 καταφεύγει,

1999 1345 2202 1416 λέγων·
2230 1348 2548 1431 Βοήθησόν
2575 1371 2697 1421 μοι,
2723 1356 2896 1424 Κύριε
2920 1361 2952 1411 ό
2976 1360 3118 1424 Θεός
3144 1377 3282 1428 μου,
3315 1362 3412 1414 καὶ
3443 1360 3558 1413 σῶ-

2000 1438 2119 1490 σόν
2151 1453 2225 1506 με
2260 1438 2408 1491 κατὰ
2440 1439 2504 1492 τὸ
2542 1439 2714 1507 ἔλεός
2755 1459 2889 1498 σου.
2933 1445 3045 1499 Καὶ
3075 1446 3430 1515 γνώτωσαν,
3476 1447 3565 1501 ὅτι

2000 1523 2038 1591 ῆ
2071 1523 2200 1592 χείρ
2232 1540 2347 1578 σου
2376 1526 2527 1594 αὕτη
2551 1570 2564 1592 ,
2605 1529 2702 1582 καί
2733 1530 2816 1584 σὺ
2839 1571 2855 1593 ,
2899 1533 3105 1602 Κύριε,
3136 1535 3427 1602 ἐποίησας
3455 1539 3563 1589 αὐ-

1999 1611 2134 1680 τήν.
2159 1611 2224 1663 Τί
2255 1613 2436 1678 ἐστιν,
2471 1616 2598 1669 Ὅτι
2648 1618 2686 1684 ἠ
2731 1618 2860 1688 χείρ
2891 1637 3008 1674 σου
3047 1621 3234 1689 αὕτη;
3261 1623 3382 1676 Ὅτι
3437 1623 3502 1693 σὴ
3532 1625 3565 1693 ἡ

2003 1699 2306 1770 συμμαχία.
2339 1702 2459 1754 Ὅτι
2495 1703 2561 1773 σὴ
2592 1744 2606 1768 ,
2649 1707 2845 1777 φησὶν,
2879 1709 2911 1778 ὴ
2955 1709 3194 1779 βοήθεια.
3244 1712 3317 1764 Οὐ
3365 1710 3474 1782 γὰρ
3501 1712 3567 1782 δὴ

2002 1787 2239 1857 σωθῆναι
2271 1788 2529 1860 βούλομαι
2573 1793 2764 1862 μόνον,
2803 1795 2937 1849 ἀλλὰ
2970 1799 3063 1851 καὶ
3101 1799 3338 1863 ἐκείνους
3377 1800 3566 1870 μαθεῖν

2001 1874 2152 1946 παρὰ
2195 1876 2338 1940 τίνος
2373 1877 2617 1949 ἐσώθην.
2653 1880 2794 1935 ὥστε
2842 1884 3060 1938 διπλοῦν
3095 1903 3184 1956 μοι
3231 1887 3480 1955 γενέσθαι
3505 1888 3566 1940 τὸ

2000 1961 2257 2046 τρύπαιον
2285 2001 2300 2025 ,
2329 1964 2548 2018 διπλοῦν
2583 1967 2675 2021 τὸν
2720 1970 2980 2039 στέφανον
3005 2012 3019 2034 ,
3050 1975 3440 2044 ἐπιτεταμένην
3468 1976 3567 2046 τὴν

1999 2045 2172 2111 δόξαν.
2209 2050 2661 2118 Καταράσονται
2701 2057 2889 2122 αὐτοὶ,
2939 2058 3034 2112 καί
3072 2059 3157 2113 σὺ
3190 2045 3564 2131 εὐλογήσας.

2005 2140 2067 2191 Οἱ
2097 2137 2560 2212 ἐπανιστάμενοι
2581 2162 2683 2213 μοι
2712 2146 3238 2216 αἱσχυνθήτωσαν,
3271 2154 3304 2205 ὀ
3341 2151 3410 2204 δὲ
3435 2152 3568 2206 δοῦ-

2000 2227 2110 2291 λός
2136 2242 2254 2280 σου
2283 2229 2778 2298 εὐφρανθήσεται.
2809 2235 3084 2290 Ἐντεῦθεν
3104 2238 3416 2308 φιλοσοςρίαν
3447 2241 3569 2294 τινὰ

2003 2314 2242 2402 παιδεύει
2259 2315 2351 2370 τὸν
2380 2319 2673 2390 ἀκροατήν.
2701 2323 2951 2377 Δείκνυσι
2980 2327 3087 2398 γὰρ
3110 2328 3190 2381 ὅτι
3216 2328 3317 2383 κᾶν
3347 2330 3568 2402 μυρίαις

2003 2401 2234 2472 βάλλωσι
2275 2409 2394 2471 ταῖς
2447 2410 2642 2479 ἀραῖς,
2675 2412 3019 2490 εὐλογοῦντος
3060 2417 3150 2471 τοῦ
3194 2401 3368 2486 Θεοῦ,
3418 2422 3569 2475 οὐδὲν

2000 2491 2154 2544 ἔσται
2186 2491 2380 2562 βλάϐος
2412 2495 2506 2549 ἀπ’
2535 2499 2758 2554 ἐκείνων
2780 2541 2795 2566 ,
2827 2502 2944 2555 ἀλλ’
2967 2506 3045 2568 είς
3074 2507 3268 2571 αὐτοὺς
3308 2526 3570 2582 περιτρα-

2002 2579 2232 2651 πήσεται
2275 2582 2344 2636 τὰ
2380 2583 2480 2654 τῆς
2530 2586 2822 2660 αἰσχύνης,
2873 2590 2940 2644 τὰ
2976 2592 3084 2646 τῶν
3125 2595 3361 2649 ὀνειδῶν.
3383 2579 3464 2650 ’⁸0
3501 2598 3570 2652 δὲ

2001 2666 2222 2735 δοῦλός
2243 2685 2358 2724 σου
2388 2674 2865 2742 εὐφρανθήσεται
2891 2680 2988 2734 ἐπὶ
3016 2682 3135 2736 σοί.
3165 2683 3361 2750 Καλῶς
3394 2681 3564 2753 εἶπεν,

2015 2755 2148 2808 Ἐπί
2186 2763 2291 2847 σοι
2308 2797 2332 2847 ,
2379 2758 2551 2830 δηλῶν
2580 2763 2660 2816 ὅτι
2687 2765 2894 2818 ἐκεῖθεν
2922 2768 2954 2838 ὴ
2988 2769 3292 2843 εὐφροσύνη
3315 2812 3328 2832 .
3367 2772 3487 2827 ὅθεν
3533 2777 3566 2847 ἡ

2003 2843 2232 2933 χορηγία
2263 2843 2372 2933 τῶν
2423 2847 2663 2916 ἀγαθῶν.
2712 2853 2913 2906 Λοιπὸν
2942 2855 3092 2907 οὐδέν
3127 2874 3193 2926 με
3227 2859 3334 2911 τῶν
3368 2843 3568 2933 μοχθηλ

2007 2929 2456 3020 ρῶνλθορυϐῆσαι
2487 2935 2802 3007 δυνήσεται,
2841 2941 2938 3011 τῆς
2978 2943 3313 3016 εὐφροσύνης
3347 2929 3443 3015 μοι
3462 2929 3568 3020 τῆς

2004 3015 2155 3087 παρά
2187 3017 2279 3070 σοῦ
2328 3020 2596 3092 μενούσης
2641 3023 2915 3097 ἀκεραίου.
2975 3015 3474 3089 Ἑνδυσάσθωσαν
3514 3015 3568 3092 οι

2003 3103 2499 3174 ὲνδιαϐἀυζλοντές
2531 3125 2607 3177 με
2637 3110 2955 3182 ἐντροπὴν,
2979 3115 3076 3169 καί
3097 3122 3570 3187 περιϐαλλέσθω-

2004 3206 2127 3280 σαν
2157 3192 2238 3280 ῶς
2268 3192 2548 3249 διπλοΐδα
2598 3201 2900 3270 αἰσχύνην
2947 3205 3163 3259 αὐτῶν.
3217 3207 3356 3280 Ὅρα
3408 3212 3568 3266 πάλιν

2171 3279 2313 3369 ἀξιοί
2363 3281 2438 3354 μὴ
2486 3283 2702 3338 κολάσει
2755 3289 3123 3361 παραδοθῆναι
3158 3277 3350 3360 αὐτοῦς
3388 3300 3566 3369 μόνον,

2007 3365 2122 3420 ἀλλ’
2149 3367 2378 3455 αἰσχῦναι
2394 3411 2410 3435 ,
2436 3370 2549 3425 ἀλλ’
2572 3375 2802 3448 ἐντροπῇ
2821 3419 2836 3443 ,
2857 3377 2996 3433 ὥστε
3022 3381 3364 3440 διδασκαλίαν
3389 3365 3569 3455 αὐτοῖς

2006 3454 2256 3523 γενέσθαι
2289 3455 2626 3528 διορθώσεως
2647 3500 2663 3525 ,
2700 3465 2794 3517 καὶ
2833 3465 3085 3522 ὑπόθεσιν
3108 3473 3208 3541 τῆς
3244 3473 3335 3525 ἐπὶ
3361 3475 3421 3528 τὺ
3454 3454 3571 3546 βέλὲ

2003 3561 2119 3634 τιον
2155 3547 2474 3618 μεταϐολῆς.
2517 3549 3062 3625 Ἐξομολογήσομαι
3093 3556 3172 3624 τῷ
3194 3563 3386 3630 Κιιρίῳ
3422 3569 3571 3634 σφό-

2005 3633 2118 3702 δρα
2144 3634 2213 3688 ὲν
2244 3635 2324 3701 τῷ
2348 3637 2600 3706 στόματί
2617 3657 2757 3710 μου,
2794 3642 2892 3696 καί
2925 3645 2994 3698 ἐν
3015 3646 3184 3714 μέσῳ
3211 3633 3571 3707 πολλῶν-αι-

2004 3721 2164 3776 νέσω
2203 3724 2407 3780 αὐτόν.
2435 3725 2565 3779 Ὅτι
2615 3727 2884 3796 παρέστη
2923 3730 2992 3784 ἐκ
3029 3731 3242 3797 δεξιῶν
3280 3737 3565 3804 πένητος,

2005 3809 2111 3862 τοῦ
2131 3808 2327 3864 σῶσαι
2346 3811 2415 3864 ἐκ
2437 3809 2556 3865 τῶν
2575 3815 3059 3871 καταδιωκόντων
3078 3824 3191 3888 τὴν
3205 3823 3416 3892 ψυχήν
3427 3842 3566 3892 μου.

2019 3895 2162 3950 ’Δντὶ
2207 3897 2273 3968 δὴ
2309 3899 2513 3952 τούτων
2544 3901 2758 3955 πάντων
2786 3903 3015 3973 ἀμοιϐὰς
3048 3907 3328 3979 ἀνατίθησι
3352 3911 3428 3982 τῷ
3453 3912 3570 3983 Θεῷ

2003 3983 2103 4054 τὴν
2131 3985 2474 4055 ῦμνολογίαν,
2503 3987 2600 4059 τὴν
2627 3989 2993 4062 εὐχαριστίαν.
3026 3994 3117 4048 τὸν
3142 3991 3308 4063 αἶνον,
3333 3999 3392 4052 τὸ
3421 4002 3570 4071 παρὰ

2006 4072 2170 4125 πᾶσιν
2227 4072 2585 4142 ἀπαγγέλλειν
2619 4076 2782 4130 αὐτοῦ
2830 4077 2901 4131 τὰ
2946 4081 3375 4153 κατορθώματα,
3421 4086 3482 4139 τὸ
3512 4089 3570 4138 ἐν

2010 4159 2158 4231 μέσῳ
2214 4159 2440 4232 θεάτρου
2492 4163 2708 4233 κήρυκα
2765 4165 2916 4238 [249]
2963 4167 3204 4236 γίνεσθαι
3259 4172 3367 4226 τῶν
3422 4175 3570 4244 αὐτῷ

2007 4244 2363 4316 ὑπαρξάντων
2405 4245 2642 4316 ἀγαθῶν.
2672 4251 2840 4305 Τοῦτο
2867 4254 2974 4325 γὰρ
3008 4254 3185 4319 θυσία,
3218 4257 3373 4312 τοῦτο
3401 4277 3571 4331 προσ-

2009 4335 2186 4403 φορὰ,
2240 4339 2301 4386 τδ
2338 4335 2436 4398 τὰς
2486 4337 2805 4408 εὐεργεσίας
2848 4340 2942 4393 τοῦ
2971 4343 3106 4396 Θεοῦ
3142 4345 3431 4410 διαπαντὸς
3478 4351 3571 4404 ἐπὶ

2011 4424 2228 4493 μνήμης
2256 4426 2460 4493 φέρειν,
2496 4424 2590 4476 καὶ
2621 4425 2970 4493 ὲγκολάπτειν
3001 4432 3064 4500 τῇ
3097 4431 3322 4504 διανοίᾳ,
3354 4436 3448 4486 καὶ
3479 4437 3572 4489 ἐπὶ

2009 4511 2272 4581 στόματος
2293 4510 2709 4583 ἀνακηρύττειν,
2737 4514 2830 4566 καὶ
2859 4516 3086 4580 πολλοὺς
3115 4522 3285 4573 ποιεῖν
3305 4524 3571 4589 ἀκουστάς

2008 4598 2113 4653 τῶν
2138 4598 2459 4671 εὐεργεσιῶν
2492 4599 2678 4654 αὐτοῦ.
2707 4599 2862 4654 Οὕτω
2890 4603 2998 4672 γὰρ
3026 4604 3055 4656 ὅ
3089 4620 3148 4657 τε
3186 4607 3572 4673 ἀπολελαυκὼς

2009 4685 2108 4756 τῆς
2128 4686 2445 4758 εὐεργεσίας
2463 4725 2479 4751 ,
2513 4687 2928 4759 εὐγνωμοσύνης
2950 4691 3178 4760 λήψεται
3206 4694 3459 4765 ἀμοιϐὴν,
3478 4697 3574 4750 καὶ

2009 4774 2228 4826 πλείονα
2253 4774 2613 4829 ἐπισπάσεται
2654 4777 2805 4846 παρὰ
2841 4777 2937 4831 τοῦ
2977 4779 3110 4833 Θεοῦ
3139 4781 3236 4853 τὴν
3267 4785 3439 4854 ῥοπήν
3462 4803 3477 4817 ο
3523 4788 3578 4840 οἵ

2007 4878 2066 4914 τε
2090 4861 2377 4926 ἀκούοντες
2397 4862 2504 4916 ἀπὸ
2527 4863 2634 4918 τῶν
2658 4864 2865 4935 ἐτέροις
2895 4867 3190 4938 γινομένων
3228 4872 3572 4926 σπουδαιότε-

2011 4966 2093 5020 ροι
2113 4950 2613 5022 κατασταθήσονται
2634 4991 2649 5016 ,
2685 4955 2781 5006 καὶ
2811 4955 2948 5024 πρδς
2973 4956 3174 5027 ἀρετῆς
3212 4955 3371 5029 ζῆλον
3419 4963 3569 5033 μεγί-

2009 5051 2139 5106 στην
2171 5035 2427 5106 λήψονται
2459 5037 2558 5109 τὴν
2586 5039 2789 5110 ἐτέρων
2815 5041 3132 5113 εὐεργεσίαν
3159 5045 3431 5104 ὑπόθεσιν.

2405 5149 2514 5201 ΕΙΣ
2550 5151 2688 5204 ΤΟΝ
2723 5153 2825 5207 ΡΘ⁹
2861 5155 3182 5211 ΨΛΛΜΟΝ.

2010 5232 2194 5292 Εἶπεν
2231 5242 2263 5291 ό
2291 5239 2505 5309 Κύριος
2543 5240 2620 5306 τῷ
2653 5245 2842 5312 Κυρίῳ
2874 5263 3011 5314 μου·
3042 5247 3239 5303 Κάθου
3268 5250 3337 5303 ἐκ
3361 5249 3574 5315 δεξιῶν

2715 5332 2854 5382 μου.

2078 5394 2568 5468 α’.Διαναστῶμεν,
2595 5400 2917 5469 παρακαλῶ,
2949 5404 3042 5457 καὶ
3065 5405 3422 5475 συντείνωμεν
3445 5409 3572 5460 ἐαυ-

2006 5483 2151 5548 τούς.
2179 5485 2288 5537 Καὶ
2320 5485 2426 5556 γὰρ
2455 5488 2581 5558 περὶ
2614 5489 2815 5560 σφόδρα
2849 5491 3099 5559 μεγάλων
3130 5493 3261 5560 ἡμῖν
3300 5496 3327 5545 ὁ
3363 5492 3574 5564 ψαλμὺς

2006 5570 2310 5639 διαλέγεται
2342 5574 2730 5644 θεωρημάτων,
2770 5578 2832 5629 οὐ
2860 5577 2992 5648 πρὸς
3022 5577 3081 5631 ἓν
3109 5573 3248 5643 εἶδος
3291 5582 3572 5649 αἱρέσεως,

2007 5658 2142 5712 ἀλλά
2187 5661 2320 5729 πρὸς
2361 5662 2579 5716 ποικίλα
2619 5665 2711 5717 καὶ
2747 5664 2976 5734 διάφορα
3013 5667 3276 5738 ἑστηκώς.
3312 5671 3419 5722 Καὶ
3466 5670 3572 5739 γὰρ

2009 5748 2145 5818 πρὸς
2188 5749 2488 5814 Ἰουδαίους,
2523 5751 2614 5805 καὶ
2664 5751 2796 5821 πρὸς
2847 5753 3054 5808 Παῦλον
3099 5755 3191 5808 τὸν
3225 5757 3571 5828 Σαμοσατέα,
