4080 6340
563 341 670 398 265

565 453 808 524 καὶπρὸς
830 451 954 515 τοὺς
977 449 1046 506 τὰ
1085 451 1290 524 Ἀρείου
1321 452 1672 525 φρονοῦντας,
1703 453 1798 506 xal
1839 450 1976 524 πρὸς
1999 450 2124 512 τοὺς

563 542 630 594 τὰ
656 537 996 608 Μαρκίωνος,
1031 538 1124 590 καὶ
1161 537 1296 607 πρὸς
1320 539 1446 602 τοὺς
1480 537 1833 606 Μανιχαίους,
1859 538 1955 591 καὶ
1993 539 2130 608 πρὸς

565 628 806 688 ἅπαντας
829 625 955 687 τοὺς
983 626 1048 693 τῇ
1085 623 1376 677 ἀναστάσει
1409 623 1824 688 διαπιστοῦντας
1851 626 2131 696 παρατάτ-

561 728 730 764 τεται.
775 709 926 763 Ἐπεὶ
962 705 1054 762 οῦν
1084 709 1220 779 πρὸς
1243 708 1529 772 τοσούτους
1570 711 1604 780 ἡ
1642 711 1965 781 παράταξις,
2003 712 2131 764 πολ-

562 793 666 845 λῶν
691 794 785 846 καὶ
828 794 958 862 ἡμῖν
994 790 1286 860 ὀφθαλμῶν
1330 791 1428 853 δεῖ,
1471 791 1611 845 ὥστε
1665 794 1801 864 μετά
1846 793 2132 864 ἀκριϐείας

564 875 835 947 θεωρῆσαι
865 874 934 927 τὰ
968 875 1346 944 παλαίσματα.
1383 875 1472 927 Ἐν
1520 877 1620 946 μὲν
1660 876 1768 947 γάρ
1794 879 1904 940 τοῖς
1935 877 2130 941 ἔξωθεν

563 960 734 1027 ἀγῶσι
759 957 858 1012 κᾶν
893 957 1140 1028 παροφθῇ
1167 975 1220 1010 τι
1260 957 1368 1010 τῶν
1396 959 1928 1029 παλαισμάτωντῶν
1951 961 2008 1014 ἐν
2038 962 2131 1014 αύ-

561 1046 691 1107 τοῖς,
739 1041 890 1095 οὐδὲν
921 1040 1116 1109 ἔϐλαψε
1149 1041 1238 1092 τὸν
1283 1040 1497 1112 θεατήν·
1535 1043 1595 1094 ού
1638 1041 1744 1113 γὰρ
1788 1043 2132 1106 διδασκαλίας

562 1126 766 1188 ἕνεκεν,
793 1124 929 1178 ἀλλὰ
957 1123 1199 1196 τέρψεως
1230 1126 1403 1176 ἐκεῖνο
1427 1125 1487 1176 τὸ
1519 1125 1742 1195 θέατρον
1774 1126 2127 1180 συνείλεκται.

577 1207 836 1262 Ἐνταῦθα
857 1207 914 1260 δέ
947 1206 1042 1259 ἐὰν
1071 1207 1144 1275 μὴ
1180 1208 1316 1275 μετά
1343 1207 1629 1279 ἀκριϐείας
1662 1209 1829 1279 εἰδῇς,
1853 1209 2014 1263 πόθεν
2035 1211 2133 1281 μὲν

563 1296 766 1356 ἐκεῖνος
799 1291 1218 1362 παρατάττεται,
1255 1290 1418 1343 πόθεν
1455 1292 1510 1344 δὲ
1548 1296 1705 1362 ἡμεῖς
1745 1294 1906 1346 αὑτὸν
1945 1294 2134 1364 βάλλο-

568 1396 685 1448 μεν,
725 1377 784 1429 οὐ
817 1376 916 1445 τὴν
961 1373 1225 1443 τυχοῦσαν
1248 1374 1526 1446 ὑποστήσῃ
1559 1377 1780 1447 ζημίαν.
1813 1377 1906 1429 Ἴν’
1931 1374 2024 1432 οὖν
2057 1380 2130 1452 μὴ

562 1461 719 1517 τοῦτο
746 1459 944 1529 πάθῃς,
973 1459 1325 1528 διανάστησόν
1358 1475 1448 1511 σου
1496 1460 1589 1530 τὴν
1621 1461 1878 1526 διάνοιαν,
1930 1464 2133 1534 μετέω-

567 1563 659 1618 ρον
685 1544 904 1613 ποίησον
925 1542 1023 1612 τὴν
1047 1542 1237 1612 ἀκοήν.
1271 1541 1552 1606 Ἰουδαίους
1579 1543 1840 1615 βάλλομεν
1860 1546 2129 1617 πρώτους,

565 1633 658 1685 xal
705 1629 840 1698 πρὸς
882 1627 1119 1689 ἐκείνους
1170 1627 1656 1698 παραταττόμεθα,
1705 1631 1797 1682 τὸν
1846 1633 2132 1703 Προφήτην

565 1713 673 1766 ἀπὸ
698 1713 803 1765 τῶν
832 1710 1088 1779 ῥημάτων
1125 1709 1382 1773 λαϐόντες
1424 1711 1711 1782 σύμμαχον
1749 1713 1975 1770 τούτων.
2025 1718 2133 1770 Kal

565 1797 672 1867 γάρ
708 1796 970 1864 λεγόντων
1014 1792 1190 1864 ἡμῶν,
1233 1797 1314 1849 ὅτι
1360 1795 1544 1864 σαφῶς
1575 1797 1703 1866 περὶ
1746 1796 1841 1850 τοῦ
1885 1799 2126 1870 Χριστοῦ

562 1881 734 1936 ταῦτα
771 1881 1002 1950 εἴρηται,
1043 1878 1214 1932 ταῦτα
1263 1879 1361 1949 μὲν
1397 1877 1456 1932 οὐ
1505 1880 1918 1951 καταδέχονται,
1969 1883 2132 1952 ἔτερα

564 1968 621 2022 δέ
647 1983 766 2018 τινα
801 1963 1139 2017 πλάττουσιν.
1180 1962 1386 2016 Οὐκοῦν
1417 1963 1632 2032 πρῶτον
1654 1964 1832 2018 αὐτῶν
1865 1966 1954 2018 τὸν
1975 1965 2132 2034 λόγον

566 2048 970 2117 ἁπελέγξωμεν,
1005 2047 1097 2099 καὶ
1138 2046 1258 2098 τότε
1302 2045 1392 2098 τὸν
1441 2045 1707 2118 ἡμέτερον
1737 2049 2131 2119 ἀποδείξωμεν.

564 2133 673 2184 Kal
700 2130 836 2193 τέως
869 2127 1119 2200 ἐρώμεθα
1145 2127 1239 2180 νῦν
1262 2129 1479 2194 αὐτοὺς,
1513 2129 1598 2192 τίς
1643 2133 1672 2184 6
1705 2130 1890 2202 κύριος
1923 2134 2014 2187 τοῦ
2052 2134 2132 2187 δι-

564 2215 719 2268 καίου
750 2211 938 2265 τούτου
967 2228 980 2275 ;
1013 2207 1157 2266 Εἷπε
1176 2210 1305 2282 γὰρ,
1336 2213 1520 2283 φησὶν,
1543 2217 1575 2268 ό
1593 2215 1808 2282 Κύριος
1831 2215 1910 2280 τῷ
1938 2219 2130 2286 Κιιρίῳ

559 2318 696 2370 μου·
727 2298 800 2351 οὐ
821 2296 928 2367 γὰρ
957 2296 1074 2358 ἑνὸς
1101 2295 1390 2368 προσώπου
1423 2297 1694 2368 μέμνηται
1735 2299 1986 2361 ἐνταῦθα,
2018 2303 2129 2355 ἀλλ’

565 2385 682 2448 ἐνὸς
716 2381 851 2452 πρὸς
891 2380 986 2434 ἕνα
1024 2379 1209 2451 ἕτερον
1243 2379 1646 2450 διαλεγομένου.
1690 2381 1823 2437 Τίνα
1864 2379 1957 2438 οὖν
2001 2402 2133 2454 φασι

562 2469 654 2523 τὸν
712 2467 961 2533 λέγοντας
1026 2464 1129 2517 Τὸν
1191 2462 1344 2516 Θεόν.
1401 2463 1502 2516 Τὸν
1557 2464 1610 2517 δὲ
1665 2465 1961 2533 ἀκούοντα;
2032 2468 2136 2522 Τὸν

576 2551 844 2622 Ἀϐραάμ.
877 2547 1094 2618 Ἔτεροι
1124 2545 1182 2599 66
1215 2545 1305 2598 τὸν
1339 2546 1640 2616 Ζοροϐάϐελ
1661 2587 1676 2610 ,
1711 2549 1806 2601 καὶ
1833 2549 1982 2603 ἄλλοι
2015 2551 2134 2604 ἓτε-

566 2652 677 2706 ρον·
719 2631 970 2703 καθάπερ
1017 2633 1066 2682 οἰ
1111 2628 1430 2700 μεθύοντες,
1477 2631 1572 2682 καὶ
1628 2630 1793 2701 μηδὲν
1848 2632 2136 2703 σύμφωνον

564 2715 941 2786 φθεγγόμενοι,
981 2712 1178 2784 μᾶλλον
1219 2712 1278 2765 δὲ
1312 2711 1560 2783 καθάπερ
1602 2714 1651 2766 οἱ
1684 2714 1741 2766 ἐν
1772 2715 1947 2786 σκότῳ
1984 2716 2135 2787 βαδί-

562 2801 768 2865 ζοντες,
821 2799 912 2850 καὶ
950 2794 1422 2867 προσαράσσοντες
1458 2795 1740 2867 ἀλλήλους.
1772 2798 1837 2850 Τί
1868 2794 1980 2858 οὖν,
2015 2800 2135 2853 εἰπέ

567 2901 676 2952 μοι,
709 2879 1009 2952 Ζοροϐάϐελ
1037 2878 1225 2949 κύριος
1263 2878 1358 2931 τοῦ
1388 2877 1589 2944 Δαυῖδ;
1630 2880 1738 2934 Kal
1772 2881 1889 2944 πῶς
1923 2879 1989 2935 ἂν
2023 2883 2134 2953 έχοι

563 2966 741 3034 λόγον,
770 2963 831 3027 ὃς
871 2962 966 3016 καὶ
997 2961 1159 3024 αὐτὸς
1205 2962 1326 3015 ἀντὶ
1354 2961 1594 3031 μεγάλης
1634 2962 1800 3033 τιμῆς
1841 2963 2002 3016 Δαυῒδ
2045 2967 2138 3017 κέ-

565 3049 792 3118 κληται;
826 3045 937 3098 Kal
964 3045 1032 3098 τὰ
1059 3043 1278 3098 ἐπιόντα
1307 3044 1364 3097 δὲ
1391 3042 1560 3114 δηλοῖ,
1589 3045 1671 3098 ὅτι
1706 3045 1858 3099 οὐδὲν
1888 3049 2014 3116 περὶ
2041 3047 2134 3100 τοῦ

565 3129 866 3203 Ζοροϐάϐελ
879 3127 1112 3182 ἐνταῦθα
1127 3125 1359 3198 εἴρηται,
1376 3127 1494 3180 οὐδὲ
1520 3145 1586 3180 πε
1596 3129 1647 3198 pl
1673 3128 1766 3182 τοῦ
1780 3131 1958 3183 Δαυῒδ·
1983 3130 2133 3202 [250]

564 3217 738 3278 οὐδεὶς
780 3213 888 3284 γὰρ
928 3211 1106 3265 αὐτῶν
1151 3211 1418 3284 ἱερωσύνῃ
1466 3213 1772 3284 τετίμηται·
1809 3214 2044 3268 ἐνταῦθα
2081 3217 2137 3269 δὲ

566 3299 694 3368 περί
730 3313 872 3358 τινος
891 3295 1102 3365 εἴρηται
1137 3293 1435 3364 ἱερωσύνην
1464 3295 1679 3365 ἔχοντος
1713 3296 1870 3368 ξένην
1897 3298 2018 3351 τινὰ
2045 3301 2138 3352 καλ⁸

568 3378 885 3450 παράδοξον.
936 3378 1019 3431 Σὺ
1053 3376 1182 3448 γὰρ,
1220 3378 1402 3448 φησὶν,
1449 3379 1640 3446 ἱερεὺς
1683 3383 1771 3447 εἰς
1818 3382 1925 3435 τὸν
1954 3383 2137 3438 αἰῶνα

568 3462 718 3516 κατὰ
745 3460 859 3528 τὴν
886 3460 1062 3524 τάξιν
1089 3461 1480 3528 Μελχισεδέκ.
1515 3462 1674 3516 Ἀλλά
1700 3461 1838 3529 τέως
1863 3466 1925 3519 τὺ
1963 3467 2137 3537 παρὸν

569 3543 981 3614 ἀναπτύξωμεν.
1005 3542 1112 3594 Kal
1131 3542 1237 3613 γὰρ
1258 3545 1350 3597 καὶ
1367 3543 1532 3616 ’ἐτερά
1555 3563 1675 3600 τινα
1695 3547 1908 3616 λέγουσι
1933 3552 2137 3607 τούτων

568 3626 857 3693 έωλότερα,
892 3625 1021 3694 περὶ
1046 3623 1139 3676 τοῦ
1181 3623 1310 3678 λαοῦ
1343 3625 1592 3694 λέγοντες
1640 3629 1813 3683 ταῦτα
1855 3633 2134 3704 εἰρῆσθαι·

567 3709 680 3761 ἀλλ’
709 3707 831 3761 οὔτε
871 3708 1046 3778 ἱερεὺς
1078 3708 1106 3760 6
1142 3707 1267 3771 λαὸς
1317 3708 1559 3776 γέγονεν,
1609 3710 1733 3767 οὔτε
1775 3714 1844 3768 τά
1878 3716 2040 3788 ἔτερα
2069 3720 2138 3772 τὰ

566 3791 828 3863 εἰρημένα
855 3788 1108 3859 δυνηθείη
1141 3790 1271 3843 ποτὲ
1315 3792 1462 3863 αὐτῷ
1500 3795 1758 3865 ἁρμόσαι.
1805 3799 2003 3870 Διόπερ
2046 3804 2139 3856 καὶ

565 3876 724 3929 τοῦτο
755 3873 830 3937 ὡς
858 3873 1023 3926 ἕωλον
1047 3875 1514 3945 παραδραμόντες,
1545 3879 1638 3932 καὶ
1658 3879 1780 3934 οὔτε
1799 3886 2138 3955 κατασκευῆς

564 3959 816 4029 δεόμενον
846 3960 926 4020 εἰς
969 3959 1302 4028 ἀνατροπὴν,
1341 3959 1528 4032 ἕτερον
1576 3963 1712 4034 ὅπερ
1761 3965 2008 4034 λέγουσιν
2058 3971 2137 4032 εἰς

569 4045 732 4113 μέσον
759 4040 1070 4109 ἀγάγωμεν.
1106 4041 1171 4092 Τί
1203 4043 1309 4112 γάρ
1337 4061 1499 4111 φασιν
1543 4046 1690 4101 ἄλλοι
1721 4050 1911 4115 πάλιν;
1952 4053 2076 4106 Ὅτι
2107 4055 2136 4107 6

566 4127 693 4188 παῖς
725 4123 817 4177 τοῦ
852 4122 1104 4194 Ἀϐραὰμ
1131 4123 1301 4177 ταῦτα
1333 4125 1476 4194 λέγει
1526 4131 1652 4201 περὶ
1690 4133 1782 4185 τοῦ
1823 4135 2014 4206 κυρίου
2040 4137 2134 4190 τοῦ

563 4208 776 4263 ἑαυτοῦ.
808 4208 918 4260 Kal
943 4208 993 4259 τί
1015 4207 1204 4260 τούτου
1230 4208 1438 4276 γένοιτο
1471 4213 1536 4264 ἀν
1567 4214 1728 4267 πάλιν
1756 4217 2048 4289 έωλότερον
2072 4234 2095 4261 α
2118 4239 2132 4284 ;

563 4294 628 4346 Τί
659 4293 766 4362 γὰρ
797 4290 1029 4344 ἐνταῦθα
1065 4290 1311 4360 βούλεται
1341 4295 1368 4345 ὀ
1409 4298 1538 4358 παῖς
1568 4297 1662 4349 τοῦ
1701 4299 1983 4371 Ἀϐραάμ;
2027 4305 2132 4355 Ποῧ

562 4377 620 4429 δὲ
649 4377 825 4445 ἱερεὺς
859 4374 886 4425 6
912 4373 1096 4442 κύριος
1130 4375 1294 4428 αὑτοῦ
1329 4377 1568 4444 γέγονεν,
1621 4381 1680 4443 ὃς
1735 4399 1793 4450 γε
1834 4385 1926 4437 καὶ
1973 4386 2134 4449 αὐτὸς

565 4459 700 4526 ίερεῖ
726 4457 800 4526 τῷ
836 4457 1164 4527 Μελχισεδὲκ
1210 4458 1496 4530 ἐκέχρητο,
1527 4465 1620 4516 καὶ
1651 4466 1750 4528 τὰς
1799 4469 1930 4539 παρ’
1969 4470 2130 4523 αὑτοῦ

563 4541 812 4609 εὐλογίας
869 4540 1083 4609 ἐζήτει;
1137 4541 1260 4603 Πῶς
1304 4542 1361 4595 δὲ
1398 4543 1464 4596 ἀν
1512 4544 1622 4615 ἔχοι
1671 4547 1826 4616 λόγον
1871 4553 1996 4622 περὶ
2039 4553 2132 4606 τοῦ

576 4624 825 4696 Ἀϐραὰμ
850 4625 1095 4694 εἰρῆσθαι
1129 4625 1209 4685 τὸ,
1251 4627 1351 4679 Ἐκ
1393 4631 1650 4698 γαστρὸς
1689 4633 1802 4698 πρὸ
1824 4635 2132 4704 ἐωσφόρου

563 4705 860 4774 ἐγέννησὰ
887 4723 1001 4770 σε;
1035 4709 1150 4771 πῶς
1182 4709 1226 4761 δ’
1254 4709 1372 4780 ἂνῆ
1405 4711 1483 4781 τῷ
1512 4713 1695 4774 Δαυῒδ.
1726 4715 1759 4784 ἢ
1790 4717 1865 4787 τῷ
1899 4721 2134 4790 Ζοροϐά-

565 4789 678 4853 ϐελ,
713 4789 846 4860 ἢτῷ
870 4789 985 4859 λαῷ
1019 4792 1190 4844 ταῦτα
1227 4793 1546 4862 ἀρμόσειεν;
1585 4796 1754 4870 ’Υπὲρ
1786 4801 1894 4872 γάρ
1926 4789 2133 4873 ἀνθρω-

563 4871 724 4942 πίνην
756 4872 915 4940 φύσιν
942 4874 1002 4926 τὸ
1027 4876 1334 4946 εἰρημένον.
1381 4877 1453 4930 Τὸ
1480 4878 1554 4942 δὲ,
1581 4879 1776 4935 Κάθου
1816 4871 1883 4936 ἐκ
1921 4871 2134 4950 δεξιῶν

566 4972 707 5022 μου,
733 4956 891 5008 ποίαν
924 4955 990 5009 ἂν
1039 4958 1192 5027 σχοίη
1238 4959 1551 5030 ἑρμηνείαν,
1579 4963 1800 5016 ἐκείνων
1827 4967 1936 5020 τῶν
1967 4986 2134 5039 προσ-

565 5036 730 5123 ώπων
760 5038 1128 5123 ὑποκειμένων
1149 5041 1325 5123 φοί)δέ
1354 5041 1498 5111 μίαν.
1533 5044 1657 5108 Πῶς
1688 5047 1744 5099 δὲ
1769 5048 1846 5119 τῷ
1887 5036 2134 5123 Ἀϐραὰμ

563 5117 705 5182 εἶπε,
733 5120 928 5174 Κάθου
949 5121 1016 5174 ἐκ
1031 5121 1244 5184 δεξιῶν
1265 5142 1406 5191 μου,
1435 5126 1492 5190 ὃς
1511 5144 1573 5194 γε
1594 5130 1688 5181 καὶ
1715 5129 1776 5182 τὸ
1797 5117 2132 5203 παρεστάναι

562 5204 675 5266 τοῖς
710 5203 958 5270 ἀγγέλοις
993 5205 1252 5274 μεγίστης
1296 5207 1443 5272 ἀξιον
1480 5212 1695 5279 ἡγεῖται
1739 5215 1905 5284 τιμῆς
1953 5211 2129 5283 εἷναις

577 5286 736 5372 Ἀιλλά
767 5287 850 5348 τίς
895 5287 1072 5372 αὐτῶν
1113 5291 1330 5372 όσοφὸς
1377 5292 1569 5360 λόγοςς
1624 5297 1734 5349 Kal
1781 5297 1916 5364 πῶς,
1975 5303 2129 5372 φησί,

564 5363 1067 5456 Κύριον-εἰσάγεις
1103 5371 1308 5456 ἕτερον,
1352 5375 1478 5428 ὅταν
1523 5377 1554 5447 ἡ
1598 5377 1788 5451 Γραφὴ
1835 5363 2132 5456 διαρρήδην

565 5448 715 5520 λέγῃ·
740 5451 952 5516 Κύριος
977 5454 1009 5505 ὁ
1037 5454 1175 5518 Θεός
1199 5469 1314 5508 σου
1336 5460 1548 5526 Κύριος
1575 5448 1661 5526 εἷς
1680 5448 1830 5527 ἐστι,
1855 5448 2132 5532 ἀὗτῷ

561 5533 726 5600 μόνῳ
745 5534 1113 5601 λατρεύσεις,
1137 5536 1234 5589 καὶ
1266 5540 1432 5608 πλὴν
1453 5543 1640 5598 αὑτοῦ
1660 5548 1770 5599 οὐκ
1790 5548 1919 5602 ἔστι
1944 5553 2086 5616 Θεός
2109 5569 2128 5614 ;

631 5702 656 5729 ⁸
679 5700 800 5762 Reg.
821 5701 867 5748 τί
885 5701 1052 5750 τούτου
1075 5705 1211 5753 πάλιν
1237 5707 1415 5767 γένοιτο
1436 5711 1841 5779 ἀναισθητότερον.

1266 338 1323 394 S.
1360 338 1644 395 JOANNIS
1677 335 2132 394 CHRYSOSTOM

2238 334 2520 395 :RCIHEP.
2560 339 3104 397 CONSTAN'TINOP.

3687 337 3796 394 2‘36

2244 450 2386 522 Πρὸς
2411 452 2532 506 τίνα
2553 448 2666 516 οῦν,
2688 454 2808 507 εἰπέ
2840 472 2950 523 μοι,
2985 454 3099 507 ἐστὶ
3121 449 3486 521 τὸλεγόμενον
3506 465 3522 516 ;
3547 449 3798 504 Μάλιστα

2238 545 2336 614 μὲν
2379 546 2558 598 ἐκεῖνα
2590 547 2724 616 πρὸς
2763 547 2862 617 τὴν
2898 547 2996 617 σὴν
3036 544 3428 615 ἀγνωμοσύνην
3467 543 3718 614 εἴρηται,
3749 538 3800 596 ὣ

2245 637 2481 690 Ίουδαῖε.
2516 637 2616 690 Διά
2640 639 2692 690 τί
2713 638 2820 709 γὰρ
2848 637 2925 707 τῷ
2953 637 3206 708 Ἀϐραὰμ
3229 635 3378 689 οὐδὲν
3405 633 3597 703 ἐλέχθη
3623 632 3800 686 τοιοῦ-

2231 745 2343 790 τον,
2374 727 2494 781 οὐδὲ
2510 728 2586 799 τῷ
2612 729 2814 792 Ἰσαὰκ,
2837 729 2958 782 0666
2972 728 3050 798 τῷ
3082 726 3293 789 Ἰακὼϐ,
3312 724 3432 778 ούδέ
3457 724 3532 795 τῷ
3552 724 3798 783 Μωῦσεῖ.

2234 819 2367 872 ἀλλά
2387 821 2469 871 σοὶ
2487 820 2650 892 μόνῳ.
2664 820 2752 873 ὅτε
2769 817 2997 883 ἐξελθὼν
3015 819 3071 886 ἐξ
3088 817 3363 886 Αἰγύπτου
3389 814 3757 885 ἐμοσχοποίεις
3778 829 3795 876 ;

2233 904 2374 967 τίνος
2397 904 2602 966 ἕνεκεν,
2633 903 2754 957 εἰπέ
2785 921 2915 974 μοι;

2308 997 2368 1050 Εἰ
2400 997 2456 1049 δὲ
2509 996 2668 1060 αὐτὸς
2695 998 2940 1068 ἀπορεῖς,
2988 997 3116 1068 παρ’
3145 995 3278 1067 ἐμοῦ
3317 995 3416 1066 τὴν
3444 996 3622 1048 αἰτίαν
3663 991 3802 1062 μάν-

2237 1087 2383 1142 θανε.
2429 1088 2646 1160 Ἐπειδὴ
2695 1088 2804 1158 γάρ
2848 1088 3074 1154 ἐξελθών
3106 1088 3556 1158 ἐμοσχοποίησας.
3599 1085 3693 1138 καὶ
3723 1080 3804 1151 τῷ

2237 1178 2557 1250 Βεελφεγὼρ
2574 1179 2874 1252 ἐτελέσθης,
2891 1180 3134 1252 καὶπρὸς
3155 1181 3321 1251 δῆμον
3346 1179 3482 1233 θεῶν
3502 1173 3570 1249 ἧς
3599 1178 3802 1244 ἐπτοη-

2239 1277 2397 1343 μένος
2418 1312 2435 1339 ,
2467 1273 2565 1346 τὴν
2593 1274 2789 1344 ἄνομον
2818 1275 3031 1346 ἐκείνην
3076 1273 3362 1328 πολυθεῖαν
3389 1273 3643 1340 εἰσάγων,
3673 1270 3808 1322 ἀνα-

2239 1365 2468 1418 στέλλων
2497 1382 2589 1418 σου
2618 1366 2679 1419 τὸ
2712 1367 2943 1437 νόσημα,
2977 1368 3112 1439 πρὸς
3140 1365 3538 1437 ἀντιδιαστολὴν
3570 1364 3679 1418 τῶν
3702 1363 3804 1414 οὐκ

2236 1460 2402 1516 ὄντων
2432 1459 2568 1513 θεῶν
2596 1461 2656 1513 τὸ
2686 1455 2789 1526 Εἷς
2809 1460 3023 1533 έθηκεν,
3050 1462 3110 1514 ού
3139 1461 3273 1531 πρὸς
3299 1460 3551 1530 ἀθέτησιν
3575 1458 3671 1510 τοῦ
3699 1457 3805 1509 Μο-

2238 1556 2506 1626 νογενοῦς.
2526 1557 2676 1611 Ἐπεὶ
2694 1557 2836 1620 τίνος
2852 1558 3034 1611 ἕνεκεν
3064 1559 3122 1611 ἐν
3145 1557 3446 1628 προοιμίοις
3465 1555 3678 1626 εἴρηται
3709 1553 3803 1605 εύ-

2237 1649 2393 1712 θέως’
2422 1648 2771 1718 Ποιήσωμεν
2801 1648 3114 1717 ἄνθρωπον
3137 1649 3259 1703 κατ’
3290 1649 3493 1701 εἰκόνα
3529 1646 3628 1699 καί
3674 1645 3804 1697 καθ’

2236 1744 2521 1811 ὁμοίωσιν
2539 1741 2858 1812 ἢμετέραη
2875 1743 2984 1796 Kal
2999 1741 3178 1806 πάλιν,
3197 1741 3372 1795 Δεῦτε
3393 1741 3488 1794 καί
3512 1737 3805 1792 καταϐὰν-ο

2236 1853 2334 1903 τες
2357 1841 2706 1906 συγχέωμεν
2732 1836 2839 1902 τὰς
2870 1835 3154 1906 γλώσσας
3180 1834 3397 1888 αὐτῶν.
3440 1833 3550 1887 Kal
3586 1831 3746 1886 πάλιν
3771 1833 3805 1883 6

2237 1926 2420 1993 Δαυῒδ,
2453 1927 2555 1981 Διά
2587 1927 2763 1982 τοῦτο
2800 1927 3010 1997 ἕχρισέ
3037 1944 3111 1981 σε
3155 1929 3188 1982 ὀ
3241 1927 3402 1992 Θεὸς,
3440 1927 3472 1978 ό
3507 1926 3652 1989 Θεός
3684 1939 3803 1976 σου

2236 2022 2443 2076 ἔλαιον
2461 2021 2870 2093 ἀγαλλιάσεως
2897 2023 3059 2092 παρὰ
3090 2022 3229 2089 τοὺς
3246 2021 3539 2091 μετόχους
3576 2034 3714 2072 σου.
3739 2017 3804 2069 Εἰ

2236 2115 2293 2168 66
2323 2117 2350 2168 6
2383 2115 2622 2186 Μωῦσῆς
2643 2115 2816 2184 λέγει,
2844 2117 3058 2183 Κύριος
3082 2116 3111 2168 6
3141 2115 3284 2179 Θεός
3318 2127 3434 2166 σου
3467 2111 3681 2178 Κύριος
3715 2103 3807 2173 εἷς

2235 2207 2423 2260 ἐστιν·
2453 2207 2486 2276 ἡ
2510 2207 2749 2279 ὑμετέρα
2780 2207 3029 2260 ἀσθένεια
3049 2207 3268 2275 γέγονεν
3284 2205 3430 2260 αἰτία
3453 2204 3679 2258 τούτων.
3694 2201 3806 2254 Καὶ

2237 2301 2288 2352 τί
2331 2300 2624 2370 θαυμάζεις
2664 2301 2713 2352 εἰ
2761 2301 2854 2352 ἐπὶ
2895 2299 3002 2354 τῶν
3033 2299 3314 2370 δογμάτων
3357 2297 3510 2352 τοῦτο
3549 2296 3809 2366 γέγονεν,

2237 2395 2370 2448 ὅπου
2400 2409 2462 2460 γε
2483 2393 2577 2446 καὶ
2608 2393 2702 2445 ἐπὶ
2725 2392 2834 2446 τῶν
2851 2393 3186 2465 πραγμάτων
3203 2393 3309 2446 ἀπὸ
3331 2392 3440 2445 τῶν
3461 2388 3808 2456 τελειοτέρων

2237 2486 2330 2539 ἐπὶ
2357 2485 2426 2538 τὰ
2451 2484 2706 2538 ἐλάττονα
2740 2485 2828 2539 τὸν
2863 2486 3021 2554 λόγον
3059 2481 3196 2556 ἦγεν
3220 2487 3248 2539 6
3269 2485 3418 2549 Θεὸς,
3445 2487 3510 2555 τῇ
3553 2479 3810 2548 ἀσθενείᾳ.

2237 2582 2302 2650 τῇ
2332 2578 2574 2651 ἡμετέρᾳ
2598 2579 3074 2648 συγκαταϐαίνων;
3098 2580 3187 2634 Διὸ
3211 2581 3305 2634 καὶ
3331 2581 3559 2649 γυναῖκα
3579 2579 3680 2648 τὴν
3711 2576 3813 2646 μὲν

2237 2671 2537 2737 ἐκϐάλλειν,
2559 2670 2656 2743 τὴν
2690 2671 2746 2724 δέ
2773 2671 3011 2741 εἰσάγειν
3035 2673 3350 2743 ἐπέτρεπεν,
3386 2672 3479 2725 ἀπ’
3513 2669 3691 2741 ἀρχῆς
3713 2668 3812 2738 οὐχ

2237 2761 2379 2816 οὕτω
2402 2762 2782 2834 νομοθετήσας.
2803 2765 2912 2818 Kal
2934 2782 2998 2817 πε
3009 2765 3060 2836 pl
3081 2764 3384 2836 βρωμάτων
3403 2764 3599 2832 πολλὴν
3624 2763 3814 2830 ἐποιή-

2241 2873 2372 2909 σατο
2390 2857 2488 2927 τὴν
2519 2855 2813 2927 διάκρισιν,
2847 2857 3024 2910 καίτοι
3065 2874 3129 2926 γε
3173 2857 3232 2922 ἐξ
3261 2858 3433 2928 am;
3478 2856 3545 2910 τὰ
3593 2855 3817 2909 ἐναντία

2243 2945 2390 3018 [251]
2418 2945 2606 3008 εἰπὼν,
2636 2949 2717 3001 ὅτι
2745 2949 2840 3014 Ὠς
2883 2948 3124 3018 λάχανα
3157 2950 3370 3019 χόρτου
3413 2947 3642 3002 δέδωκα
3670 2948 3816 3016 ὑμῖν

2241 3033 2457 3088 πάντα.
2500 3037 2608 3088 Καὶ
2648 3038 2774 3109 περὶ
2803 3038 2966 3091 τόπου
2995 3037 3221 3102 πολλοὺς
3253 3037 3458 3091 τέθεικε
3495 3037 3717 3107 νόμους,
3749 3039 3815 3090 ού

2243 3126 2538 3197 συγχωρῶν
2574 3129 2848 3199 πανταχοῦ
2879 3128 2977 3193 τάς
3004 3130 3168 3201 εύχάς
3205 3131 3489 3195 ἐπιτελεῖν,
3533 3131 3716 3184 καίτοι
3749 3149 3818 3200 γε

2241 3218 2361 3271 οὐδὲ
2401 3217 2558 3272 τοῦτο
2595 3220 2653 3287 ἐξ
2691 3221 2863 3293 ἀρχῆς
2891 3221 3297 3293 ἐνομοθέτησεν.
3334 3221 3491 3275 Ἀλλά
3521 3224 3616 3274 καὶ
3650 3224 3709 3275 ὲν
3744 3225 3816 3294 τῇ

2242 3313 2465 3386 Περσῶν
2497 3318 2567 3386 γῇ
2596 3315 2672 3386 τῷ
2721 3317 2967 3388 Ἀϐραὰμ
2993 3316 3178 3388 ὤφθη,
3224 3319 3316 3373 καὶ
3355 3321 3412 3374 ἐν
3441 3319 3776 3390 Παλαιστίνῃ
3795 3361 3814 3385 ,

2241 3413 2334 3464 καὶ
2362 3412 2656 3483 πανταχοῦ⁸
2701 3414 2794 3466 καὶ
2843 3415 2919 3485 τῷ
2947 3417 3170 3469 Μωῦσεῖ
3204 3417 3342 3488 μετά
3379 3417 3551 3471 ταῦτα
3585 3417 3680 3470 ἐπὶ
3711 3420 3818 3489 τῆς

2242 3497 2471 3568 ἐρήμου.

2315 3584 2381 3654 β’.
2408 3585 2474 3637 Τί
2491 3581 2584 3639 οὖν
2600 3603 2614 3648 ;
2631 3587 2820 3658 ἐαυτῇ,
2840 3588 2993 3660 φησὶ,
3013 3590 3240 3660 μάχεται
3263 3589 3505 3663 ήΓραφή
3520 3610 3534 3658 ;
3552 3593 3769 3662 Ἀπαγε
3796 3609 3815 3624 ο

2240 3681 2376 3734 ἀλλά
2405 3681 2545 3735 κατά
2577 3683 2767 3754 καιρὸν
2793 3685 2928 3756 πρὸς
2955 3684 3016 3738 τὸ
3053 3686 3326 3757 συμφέρον
3369 3687 3574 3741 ἐκαστα
3601 3690 3818 3740 οἰκονο-

2243 3781 2353 3848 μεῖ,
2383 3777 2480 3848 τὴν
2511 3779 2794 3833 ἀσθένειαν
2819 3781 3055 3852 ἑκάστης
3078 3784 3267 3850 γενεᾶς
3298 3781 3822 3854 διορθούμενος.Διά

2239 3874 2302 3945 δὴ
2329 3875 2486 3928 τοῦτο
2529 3875 2665 3947 πρὸς
2705 3876 2765 3929 σὲ
2798 3878 2896 3948 μὲν
2923 3877 3134 3950 εἴρηται
3157 3895 3171 3908 ·
3210 3881 3425 3948 Κύριος
3446 3884 3479 3935 ὀ
3520 3883 3666 3948 Θεός
3695 3897 3821 3935 σου

2241 3973 2455 4040 Κύριος
2475 3969 2563 4038 εἷς
2585 3973 2770 4025 ἐστιν.
2795 3973 2913 4028 Ὀτι
2941 3975 2996 4027 δὲ
3019 3977 3112 4029 καὶ
3133 3976 3258 4030 Υίὸν
3285 3976 3419 4048 ἔχει,
3437 3977 3824 4049 προαπέθεντο

2242 4071 2288 4122 οἱ
2317 4072 2587 4141 προφῆται
2619 4073 2738 4133 ταῖς
2769 4070 2991 4141 βίϐλοις,
3023 4074 3116 4127 καὶ
3143 4071 3264 4127 οὔτε
3296 4075 3482 4143 σαφῶς
3507 4075 3713 4146 σφόδρα
3737 4079 3825 4130 εἰ-

2246 4167 2498 4237 ρήκασιν,
2547 4165 2686 4220 ὥστε
2722 4167 2794 4238 μὴ
2834 4167 3172 4239 λυμήνασθαί
3205 4188 3298 4222 σου
3342 4171 3441 4242 τὴν
3487 4171 3779 4226 ἀσθένειαν
3804 4189 3820 4203 ·

2238 4264 2361 4317 οὔτε
2389 4264 2743 4334 ἀπέκρυψαν,
2783 4265 2922 4318 ὥστε
2963 4267 3102 4336 μετά
3146 4267 3318 4320 ταῦτά
3357 4285 3439 4321 σοι
3467 4268 3651 4324 δοῦναι
3679 4271 3824 4324 ἀνα-

2239 4362 2424 4432 νῆψαι,
2459 4365 2549 4416 καὶ
2580 4365 2642 4415 ἐκ
2667 4363 2772 4416 τῶν
2821 4363 3035 4417 οἰκείων
3079 4363 3276 4434 βίϐλων
3309 4367 3668 4433 ἀναλέξασθαι
3711 4371 3825 4440 τῆς

2239 4458 2490 4528 ἀληθείας
2523 4458 2590 4512 τά
2629 4458 2892 4530 δόγματα.
2939 4459 3093 4515 Οὕτω
3125 4463 3359 4533 μάλιστα
3389 4466 3638 4529 καὶτοὺς
3675 4484 3826 4538 προ-

2241 4555 2414 4624 φήτας
2440 4555 2777 4625 δυνησόμεθα
2803 4555 2970 4620 δεῖξαι
2994 4559 3275 4628 προφήτας
3306 4559 3482 4624 ὄντας,
3516 4561 3646 4614 ὅταν
3673 4565 3825 4635 πρὸς

2241 4651 2507 4723 Ἕλληνας
2537 4652 2945 4724 διαλεγώμεθα,
2987 4656 3078 4708 καὶ
3117 4657 3428 4720 ἀξιόπιστον
3463 4661 3668 4732 σφόδρα
3710 4663 3827 4735 τὴν

2239 4746 2482 4800 Παλαιὰν
2529 4748 2895 4819 ἀποδείξομεν.
2934 4751 3084 4803 Ἐπεὶ
3115 4751 3212 4806 ἐὰν
3240 4755 3396 4807 τοῦτο
3438 4756 3650 4828 ἀνέλῃς,
3692 4759 3827 4824 πῶς

2238 4842 2574 4914 ἀπορῤάψεις
2599 4843 2693 4897 τοῦ
2721 4845 2979 4916 Ἕλληνος
3005 4847 3066 4900 τὸ
3111 4849 3316 4919 στόμας
3369 4851 3434 4903 Τί
3470 4854 3577 4924 γὰρ
3629 4857 3824 4924 ἐρεῑς;

2237 4941 2336 5009 τὴν
2364 4939 2538 5005 ἔξοδον
2561 4941 2659 5012 τὴν
2685 4940 2743 5005 ἐξ
2763 4942 3034 5010 Αἰγύπτου
3054 4983 3068 5006 ,
3095 4945 3188 4997 καὶ
3211 4945 3278 4998 τά
3307 4947 3385 5010 εἰς
3415 4947 3473 4999 σὲ
3495 4966 3824 5019 προφητευ-

2240 5035 2431 5099 θέντα;
2475 5036 2612 5090 Ἀλλ’
2642 5037 2702 5090 ού
2732 5039 2933 5110 σφόδρα
2964 5020 3338 5106 καταδέξεται.
3369 5047 3464 5099 Ἂν
3494 5047 3550 5100 66
3579 5046 3648 5100 τά
3676 5050 3824 5121 περὶ

2240 5132 2332 5184 τοῦ
2362 5134 2598 5204 Χριστοῦ
2631 5137 2896 5208 εἰρημένα
2942 5141 2998 5191 ἐν
3040 5143 3107 5212 τῇ
3160 5143 3369 5214 Παλαιᾷ
3409 5144 3678 5216 διηγήσῃ,
3716 5149 3827 5199 καὶ

2239 5226 2415 5300 δείξῃς
2434 5227 2540 5281 τῶν
2569 5233 2904 5303 πραγμάτων
2924 5234 3021 5304 τὴν
3045 5235 3303 5307 ἀλήθειαν
3334 5237 3719 5308 μαρτυροῦσαν
3748 5243 3827 5313 τῇ

2237 5325 2335 5396 τῆς
2365 5328 2696 5398 προφητείας
2719 5329 2959 5397 ἐκϐάσει,
2996 5334 3116 5386 οὺδέ
3143 5335 3457 5405 ἀντιστῆναι
3493 5335 3824 5407 δυνήσεται.

2237 5423 2300 5475 Εἰ
2329 5423 2384 5476 66
2413 5425 2687 5479 ἐπιλάϐοιο
2710 5427 2816 5480 τῶν
2844 5431 3146 5502 ἡμετέρων,
3181 5426 3226 5484 ὦ
3259 5433 3497 5498 Ἰουδαῖε,
3527 5433 3644 5497 πῶς
3663 5434 3830 5509 ὑπὲρ

2235 5519 2335 5587 τῆς
2367 5520 2608 5584 Παλαιάς
2655 5523 3000 5596 ἀπολογήσῃ;
3047 5527 3164 5580 Κάν
3206 5544 3290 5591 τις
3336 5529 3466 5603 εἴπῃ
3499 5547 3610 5595 σοι,
3644 5532 3830 5590 πόθεν

2237 5615 2408 5688 ἀληθῆ
2435 5617 2502 5669 τά
2530 5618 2825 5686 Μωῦσέως,
2855 5622 2907 5673 τί
2935 5625 3106 5694 ἐρείς;
3135 5625 3257 5679 Ὅτι
3285 5627 3690 5699 ἐπιστεύσαμεν
3712 5631 3832 5685 αὐ-

2241 5715 2366 5776 τοῖς.
2396 5712 2600 5767 Οὐκοῦν
2632 5713 2807 5785 πολλῷ
2841 5716 3037 5784 μᾶλλον
3067 5721 3157 5772 καὶ
3195 5720 3262 5774 τά
3287 5721 3547 5796 ἡμέτερα·
3581 5725 3675 5780 καὶ
3697 5727 3832 5802 γὰρ
