4108 6344
343 369 451 424 ἳπό

344 501 532 540 versus
548 480 869 538 Manichacus
889 488 942 535 et
959 479 1215 534 adversus
1234 489 1421 532 omnes
1442 475 1533 545 qui
1550 468 1929 529 resurrectioni

345 596 454 634 non
479 576 706 633 credunt
732 615 748 642 ,
785 575 944 629 struit
969 573 1161 626 aciem.
1192 569 1455 638 Quoniam
1483 581 1614 636 ergo
1637 573 1822 620 contra
1846 571 1926 617 tot

345 669 680 728 adversarios
710 669 963 722 instructa
991 674 1073 720 est
1095 663 1237 716 acies
1267 703 1282 726 ,
1326 659 1480 715 nobis
1505 672 1718 728 quoque
1745 653 1928 710 multis

346 764 518 818 oculis
540 777 674 831 opus
700 766 802 823 est,
831 767 889 811 ut
907 772 1024 827 qua:
1041 755 1111 810 sit
1139 751 1372 808 luctandi
1398 751 1554 814 ratio,
1583 757 1769 804 exacte
1795 760 1928 800 cen-

344 857 584 910 siderare
630 852 915 924 possimus.
960 850 1015 904 ln
1045 845 1282 903 externis
1325 845 1468 900 enim
1512 839 1926 900 certaminibus,

344 947 447 1002 etsi
500 945 673 1015 aliqua
730 941 967 997 luctandi
1009 939 1146 995 ratio
1174 951 1281 992 non
1333 934 1701 990 animadversa
1733 930 1924 991 fuerit,

345 1036 476 1090 nihil
507 1034 730 1090 lmdetur
757 1040 1028 1102 spectator
1053 1047 1066 1084 :
1099 1044 1203 1083 non
1234 1027 1378 1082 enim
1401 1024 1681 1088 doctrinm,
1708 1019 1802 1076 sed
1833 1019 1930 1074 de-

347 1125 645 1182 lectationis
665 1124 830 1193 gratia
861 1121 992 1176 illud
1021 1121 1285 1175 theatrum
1309 1126 1553 1172 coactum
1573 1122 1676 1169 est.
1706 1112 1806 1167 llic
1833 1125 1928 1164 au-

347 1229 454 1274 tem
477 1217 580 1272 nisi
591 1223 774 1271 exacte
788 1213 1102 1285 cognoveris
1119 1211 1384 1266 undenam
1402 1205 1740 1262 adversarius
1760 1201 1928 1256 aciem

345 1325 498 1365 suam
528 1309 775 1375 instruat,
804 1317 859 1361 et
885 1305 1024 1360 unde
1063 1319 1161 1358 nos
1200 1318 1322 1358 eum
1354 1302 1602 1355 feriamus
1631 1340 1646 1364 ,
1678 1311 1783 1350 non
1816 1299 1930 1348 leve

345 1401 727 1458 detrimentum
755 1398 1006 1469 accipies.
1030 1396 1105 1452 Ne
1129 1396 1232 1452 hoc
1254 1408 1382 1464 ergo
1408 1391 1500 1446 tibi
1522 1390 1754 1453 eveniat,
1787 1402 1930 1441 men-

346 1502 453 1548 tem
484 1500 628 1546 tuam
655 1491 828 1546 excita
862 1531 877 1556 ,
930 1498 1150 1543 arrectm
1195 1485 1293 1541 tibi
1334 1486 1442 1538 sint
1485 1495 1664 1537 aures.
1713 1479 1928 1535 Judaeos

343 1587 578 1655 primum
613 1583 934 1648 invadimus,
963 1581 1219 1635 adversus
1247 1578 1364 1631 illos
1391 1576 1558 1631 aciem
1592 1572 1928 1636 instruimus,

349 1677 601 1747 propheta
631 1693 694 1730 ex
718 1675 798 1730 his
819 1674 996 1729 verbis
1017 1671 1382 1727 commilitone
1405 1676 1634 1722 utentes.
1667 1665 1800 1719 Cum
1832 1677 1930 1717 nos

345 1773 489 1827 enim
520 1772 762 1826 dicamus
784 1769 898 1824 haec
925 1768 1081 1839 plane
1109 1765 1176 1820 de
1200 1764 1415 1820 Christo
1436 1761 1577 1816 dicta
1605 1773 1727 1814 esse
1759 1799 1774 1824 ,
1816 1757 1932 1811 haec

345 1866 424 1920 illi
449 1881 554 1919 non
581 1863 887 1928 admittunt,
916 1859 1008 1916 sed
1032 1857 1274 1929 quaedam
1299 1855 1403 1910 alia
1425 1851 1923 1908 comminiscuntur.

344 1959 476 2025 Qua:
502 1972 632 2027 ergo
660 1955 845 2010 dicunt
885 1952 1113 2022 primum
1152 1947 1445 2004 reintemus
1472 1985 1488 2011 ,
1517 1957 1580 1997 ac
1602 1942 1855 2010 deinceps
1879 1939 1930 1993 id

345 2050 490 2122 quod
516 2049 745 2104 dicimus
773 2045 1172 2100 conﬁrmemus.
1227 2041 1399 2110 Atque
1429 2052 1569 2092 nunc
1592 2050 1688 2091 eos
1712 2034 1927 2090 interim

345 2157 616 2215 rogemus,
645 2141 762 2212 quis
786 2149 870 2195 est
896 2139 1052 2208 hujus
1070 2135 1198 2207 justi
1227 2132 1524 2188 dominus?
1573 2129 1715 2185 Dixit
1749 2129 1890 2184 enim
1913 2169 1928 2192 ,

349 2235 542 2306 inquit,
575 2234 820 2289 Dominus
853 2231 1070 2286 Domino
1098 2244 1226 2282 meo.
1258 2225 1374 2281 Non
1407 2223 1652 2279 meminit
1675 2221 1821 2278 enim
1844 2219 1932 2276 hic

346 2331 504 2385 unius
525 2343 786 2399 personae,
802 2325 896 2382 sed
915 2325 1076 2381 unius
1104 2323 1193 2394 qui
1219 2337 1337 2377 cum
1356 2335 1463 2376 uno
1486 2319 1655 2373 altero
1677 2315 1928 2386 loquitur.

345 2422 642 2489 Quemnam
672 2433 802 2490 ergo
820 2417 1004 2472 dicunt
1023 2430 1142 2471 esse
1161 2428 1285 2470 eum
1308 2412 1396 2484 qui
1427 2410 1594 2465 dicit?
1619 2409 1809 2464 Deum.
1831 2405 1930 2472 Qui

293 2509 297 2513 ’
344 2522 528 2568 autem
549 2511 738 2567 audit?
775 2508 1063 2565 Abraham.
1097 2506 1200 2561 Alii
1225 2520 1356 2561 vero
1376 2501 1674 2558 Zorobabel
1701 2543 1716 2567 ,
1745 2508 1800 2556 et
1841 2499 1929 2554 alii

347 2607 544 2660 alium:
574 2615 631 2659 nt
652 2603 784 2659 ebrii
834 2614 889 2657 et
925 2601 1058 2656 nihil
1096 2598 1238 2670 quod
1280 2596 1565 2654 conveniat
1606 2595 1882 2664 loquentes
1909 2635 1924 2658 ,

345 2699 457 2752 imo
483 2712 614 2752 vero
643 2696 781 2750 sicut
800 2694 889 2765 qui
933 2693 983 2747 in
1014 2691 1250 2747 tenebris
1285 2689 1562 2743 ambulant
1587 2728 1602 2753 ,
1633 2694 1689 2741 et
1717 2686 1931 2754 pulsant

343 2785 482 2839 alter
505 2783 751 2837 alterum.
780 2778 916 2846 Quid
948 2793 1097 2847 ergo,
1123 2776 1210 2830 die
1240 2774 1388 2837 mihi,
1416 2788 1618 2844 quaeso,
1648 2779 1800 2826 estne
1826 2768 1927 2822 Zo-

344 2873 564 2930 robabel
606 2871 821 2926 Davidis
868 2866 1176 2924 Dominus?
1211 2866 1278 2921 Et
1318 2865 1586 2935 quomodo
1631 2862 1788 2918 luerit
1829 2859 1932 2915 hoc

344 2972 764 3020 consentaneum
793 3003 808 3026 ,
837 2975 957 3016 cum
986 2959 1101 3028 ipse
1137 2971 1233 3028 pro
1279 2971 1470 3027 magno
1514 2955 1717 3012 honore
1762 2953 1925 3009 David

343 3056 643 3127 appellatus
668 3053 781 3110 sit?
812 3053 980 3108 Porro
1021 3066 1083 3105 ea
1124 3065 1244 3119 qua:
1272 3056 1672 3117 consequuntur
1703 3089 1719 3113 ,
1749 3055 1930 3100 osten-

343 3149 479 3205 dunt
503 3147 633 3203 nihil
657 3147 746 3203 hic
769 3145 969 3201 dictum
1001 3158 1123 3198 esse
1148 3143 1215 3197 de
1241 3140 1536 3196 Zorobabel
1554 3179 1570 3206 ,
1606 3154 1706 3196 nec
1731 3138 1800 3193 de
1831 3139 1930 3192 Da-

345 3239 502 3294 vide:
535 3238 710 3293 nullus
739 3237 882 3294 enim
924 3249 1111 3290 eorum
1139 3233 1345 3288 honore
1374 3230 1688 3287 sacerdotali
1717 3228 1930 3284 functus

343 3340 457 3386 est:
487 3329 575 3384 hic
595 3338 771 3383 autem
805 3329 1005 3381 dictum
1034 3332 1119 3380 est
1143 3325 1211 3380 de
1237 3323 1418 3393 aliquo
1443 3365 1458 3389 ,
1484 3321 1574 3392 qui
1605 3336 1798 3375 novum
1825 3321 1928 3375 ali-

343 3420 488 3492 quod
535 3430 590 3475 et
627 3417 943 3474 admirabile
986 3414 1340 3471 sacerdotium
1371 3414 1502 3468 obit.
1553 3411 1630 3466 Tu
1654 3429 1706 3467 es
1734 3411 1876 3467 enim
1909 3453 1925 3476 ,

345 3515 538 3581 inquit,
565 3511 799 3568 sacerdos
823 3511 876 3564 in
905 3519 1146 3565 aeternum
1163 3507 1440 3563 secundum
1464 3505 1692 3560 ordinem
1712 3504 1932 3559 Melchi-

345 3609 490 3663 sedee
531 3608 712 3678 (v.4).
759 3606 862 3661 Sed
905 3621 1018 3661 rem
1060 3605 1386 3675 propositam
1417 3603 1763 3672 explicemus.
1796 3600 1928 3655 Pro-

345 3702 522 3757 fcrunt
545 3701 687 3756 enim
715 3700 889 3756 adhuc
917 3700 1017 3754 alia
1048 3698 1290 3770 quazdam
1312 3697 1394 3753 his
1415 3695 1670 3762 futiliora,
1692 3695 1932 3750 dicentes

348 3797 463 3852 haec
487 3795 623 3851 dicta
655 3810 774 3850 esse
800 3794 868 3849 de
896 3793 1128 3864 populo:
1155 3791 1249 3848 sed
1277 3806 1450 3861 neque
1474 3775 1701 3861 populus
1719 3787 1816 3842 fuit
1838 3804 1926 3842 sa-

345 3887 556 3951 cerdos,
588 3903 760 3956 neque
803 3887 904 3941 alia
939 3900 1058 3956 quae
1083 3885 1225 3939 dicta
1248 3891 1374 3939 sunt
1405 3883 1456 3938 ei
1485 3889 1707 3953 possunt
1733 3895 1931 3936 conve-

349 3981 488 4036 nire.
519 3980 596 4034 Eo
639 3980 815 4048 itaque
855 3989 1121 4047 tamquam
1164 3977 1306 4031 inani
1350 3976 1711 4046 praetermisso
1742 4015 1756 4040 ,
1788 3974 1927 4043 quod

302 4101 312 4109 -
350 4091 459 4130 non
490 4090 623 4143 opus
649 4073 840 4128 habeat
867 4072 1182 4142 probatione
1208 4080 1265 4124 ut
1291 4077 1580 4134 evertatur,
1613 4067 1757 4122 aliud
1784 4065 1926 4134 quod

347 4168 533 4222 dicunt
558 4166 608 4219 in
630 4165 862 4220 medium
883 4163 1229 4218 adducamus.
1255 4161 1392 4229 Quid
1409 4175 1535 4231 ergo
1551 4174 1734 4215 rursus
1753 4158 1934 4213 dicunt

348 4258 481 4314 alii?
510 4256 675 4312 Filius
705 4255 932 4311 Abrahae
954 4255 1068 4310 haec
1087 4254 1214 4309 dicit
1237 4253 1304 4308 de
1332 4252 1550 4307 domino
1579 4265 1696 4306 suo.
1720 4250 1788 4305 Et
1807 4250 1932 4320 quid

349 4351 519 4422 possit
537 4364 602 4404 eo
623 4363 744 4404 esse
772 4348 1017 4403 inanius?
1037 4346 1174 4416 Quid
1191 4346 1332 4400 enim
1355 4345 1440 4399 hic
1460 4344 1575 4398 vult
1599 4343 1735 4398 [ilius
1760 4341 1932 4396 Abra-

349 4443 469 4496 hat?
493 4442 590 4498 Ubi
619 4451 795 4496 autem
817 4440 1070 4495 sacerdos
1097 4437 1195 4494 fuit
1221 4437 1336 4508 ejus
1361 4437 1629 4500 dominus,
1663 4433 1932 4505 quietiam

350 4537 466 4604 ipse
491 4532 767 4588 sacerdote
797 4531 1147 4587 Melehisedec
1189 4543 1317 4584 usus
1349 4538 1464 4596 est,
1495 4536 1550 4583 et
1583 4528 1734 4597 petiit
1767 4526 1834 4580 ab
1867 4541 1933 4580 eo

351 4625 776 4681 benedictionem
795 4624 820 4678 ?
839 4623 1116 4691 Quomodo
1136 4631 1311 4677 autem
1334 4620 1491 4677 fuerit
1514 4627 1933 4675 consentaneum

349 4720 550 4771 dictum
578 4731 696 4772 esse
724 4716 792 4771 de
819 4714 1107 4783 Abraham,
1140 4714 1222 4768 Ea:
1246 4723 1386 4768 utero
1415 4722 1533 4767 ante
1557 4713 1824 4784 luciferum
1840 4728 1930 4782 gev

351 4812 441 4864 nni
468 4821 514 4864 te
542 4810 610 4880 (υ.
643 4808 698 4882 '5)
723 4809 747 4862 ?
774 4808 1052 4877 Quomodo
1077 4817 1258 4863 autem
1295 4807 1379 4862 vel
1410 4806 1590 4862 Davidi
1617 4849 1632 4871 ,
1660 4805 1744 4860 vel
1771 4804 1937 4860 Zoro-

351 4903 527 4959 babeli
558 4945 572 4967 ,
603 4903 686 4956 vel
722 4902 916 4972 populo
943 4901 1059 4956 haec
1083 4901 1431 4957 convenerint
1465 4899 1754 4954 ?Naturam
1793 4899 1933 4954 enim

353 4994 644 5050 humanam
683 5003 900 5064 superat
929 5035 943 5060 ,
974 4994 1117 5065 quod
1158 4993 1356 5049 dictum
1400 5002 1500 5049 est.
1549 4977 1681 5047 lllud
1709 5000 1886 5046 autem
1914 5033 1931 5055 ,

355 5088 492 5142 Sede
516 5105 548 5140 a
568 5089 758 5141 dextris
776 5087 920 5152 meis,
946 5102 1229 5156 quamnam
1262 5086 1504 5141 habuerit
1528 5085 1931 5156 interpretatio-

356 5193 479 5232 nem
509 5217 524 5245 ,
552 5177 596 5232 si
626 5191 868 5247 personae
906 5179 1008 5233 illae
1050 5178 1235 5248 positae
1264 5177 1508 5234 fuerint?
1537 5178 1764 5233 Nullam.
1794 5178 1938 5245 Quo-

357 5268 519 5323 modo
548 5279 724 5324 autem
761 5270 894 5325 dixit
918 5270 1146 5325 Abrahae
1164 5312 1179 5336 ,
1213 5270 1346 5326 Sede
1374 5287 1406 5323 a
1441 5271 1630 5326 dextris
1653 5272 1776 5327 meis
1803 5313 1819 5337 ,
1847 5274 1937 5344 qui

355 5361 442 5413 vel
470 5361 672 5429 angelis
694 5362 946 5416 assistere
967 5402 981 5426 ,
1009 5361 1153 5418 ducit
1192 5377 1310 5417 esse
1338 5362 1554 5434 dignum
1584 5363 1788 5420 honore
1818 5380 1934 5420 ma-

356 5451 541 5506 ximo?
565 5450 669 5506 Sed
696 5453 945 5522 quidnam
975 5461 1076 5520 est,
1108 5468 1309 5524 qumso,
1339 5453 1478 5524 quod
1508 5469 1604 5523 pro
1631 5471 1726 5511 sua
1757 5456 1941 5514 dicunt

357 5541 661 5611 sapientia?
692 5542 760 5597 Et
786 5543 1055 5614 quomodo
1079 5584 1094 5609 ,
1138 5545 1379 5613 inquiunt
1412 5587 1427 5612 ,
1457 5545 1621 5600 alium
1649 5547 1942 5604 introducis
2037 5556 2044 5565 '

361 5632 665 5694 Dominum,
695 5649 812 5687 cum
833 5641 1017 5703 aperte
1037 5633 1180 5689 dicat
1202 5633 1474 5704 Scriptura
1494 5653 1513 5690 :
1537 5634 1787 5692 Dominus
1807 5636 1943 5690 Deus

361 5736 476 5779 tuus
511 5724 758 5780 Dominus
783 5743 913 5780 unus
946 5735 1054 5793 est,
1081 5738 1128 5780 et
1154 5742 1267 5780 eum
1294 5728 1458 5782 solum
1485 5727 1618 5782 coles
1641 5770 1656 5793 ,
1687 5739 1734 5782 et
1755 5733 1947 5794 prteter

359 5818 524 5887 ipsum
551 5835 650 5874 non
679 5827 750 5875 est
781 5817 917 5876 Deus
956 5818 976 5892 (
1005 5818 1152 5876 Deut.
1184 5819 1236 5878 6.
1269 5820 1318 5877 4.
1351 5820 1435 5878 15.
1461 5829 1570 5877 etc.
1602 5820 1654 5878 4.
1688 5836 1733 5877 υ.
1759 5821 1828 5878 55
1859 5817 1880 5892 )
1913 5821 1936 5874 ?

1468 350 1830 411 EXPOSITIO
1870 347 1934 404 IN
1974 347 2297 406 PSALMUM
2337 355 2470 411 CIX.

3519 361 3626 417 2ῐῆ

2039 468 2138 525 Cui
2166 472 2363 544 itaque,
2386 472 2492 539 die,
2519 490 2719 545 quaeso,
2746 477 2845 534 hoc
2866 479 3064 534 dictum
3087 489 3168 535 cst
3194 476 3219 532 ?
3243 479 3544 535 lmmcmori
3572 491 3626 536 et

2040 562 2248 634 ingrato
2277 574 2365 619 tuo
2389 567 2568 620 animo
2599 567 2716 623 hate
2744 570 2978 627 maxime
3003 571 3143 626 dicta
3171 581 3295 626 sunt
3318 615 3333 634 .
3359 587 3392 625 ο
3415 570 3620 628 Judaee.

2037 652 2148 708 Cur
2189 656 2332 710 enim
2361 657 2594 713 Abrahae
2635 659 2764 714 nihil
2814 662 3075 731 ejusmodi
3116 663 3314 720 dictum
3361 673 3441 718 est
3471 704 3487 730 ,
3516 678 3622 716 non
3675 641 3680 645 Δ

2039 744 2184 800 Isaac
2203 788 2218 811 ,
2250 762 2357 801 non
2387 747 2572 814 Jacob,
2601 765 2707 804 non
2730 749 2894 816 Mosi;
2921 751 3012 807 sed
3044 752 3135 807 tibi
3159 754 3258 807 soli
3289 794 3302 816 ,
3336 761 3619 824 postquam

2037 853 2102 892 cx
2134 837 2366 910 .Egypto
2395 854 2644 910 egressus
2670 842 2967 897 conﬂavisti
2997 843 3220 899 vitulum
3243 843 3440 915 (Exod.
3478 844 3572 910 3?.)
3601 843 3627 898 τ

2036 945 2266 1000 quanam
2294 947 2421 1002 ergo
2447 931 2516 988 dc
2540 934 2739 989 causa?
2761 932 2849 988 dic
2870 936 3027 990 mihi.

2112 1021 2256 1076 Unus
2284 1039 2376 1077 cur
2400 1023 2600 1078 dicatur
2626 1023 2783 1078 Deus.
2815 1053 2883 1067 -—
2913 1026 3068 1094 Quod
3089 1027 3136 1083 si
3166 1028 3278 1098 ipse
3305 1028 3521 1086 haesitas
3548 1071 3563 1095 ,
3595 1045 3624 1082 a

2039 1127 2124 1166 mc
2151 1128 2368 1167 causam
2396 1114 2594 1169 edisce.
2637 1113 2896 1182 Quoniam
2938 1117 3080 1171 enim
3124 1133 3372 1189 egressus
3397 1121 3619 1176 vitulum

2037 1202 2385 1268 conﬂaveras,
2408 1213 2462 1258 et
2485 1204 2815 1277 Beelphegor
2843 1206 3020 1264 fueras
3042 1209 3276 1266 initiatus
3301 1210 3486 1281 (Num.
3502 1212 3624 1281 25);

2037 1303 2090 1348 et
2118 1295 2339 1349 deorum
2384 1297 2591 1352 turbam
2635 1298 3004 1368 admirabaris,
3028 1301 3282 1356 nefariam
3324 1304 3466 1359 illam
3489 1304 3618 1360 deo—

2036 1403 2153 1441 rum
2197 1389 2586 1444 multitudinem
2641 1391 2896 1448 inducens
2944 1410 2958 1446 :
3002 1395 3245 1449 morbum
3276 1404 3422 1451 tuum
3447 1397 3620 1467 repri-

2038 1495 2191 1535 mens
2218 1521 2232 1546 ,
2263 1479 2331 1535 ad
2361 1481 2490 1537 deos
2531 1483 2621 1553 qui
2659 1498 2764 1537 non
2804 1494 2928 1540 sunt
2965 1485 3369 1558 distinguendos
3399 1530 3413 1552 ,
3444 1491 3619 1560 posuit

2037 1571 2186 1640 illud,
2217 1571 2380 1642 Unus,
2399 1584 2572 1630 nonut
2593 1576 2800 1632 tolleret
2828 1577 3188 1650 Unigenitum.
3212 1580 3448 1652 Quanam
3475 1583 3616 1638 enim

2036 1661 2104 1717 de
2139 1678 2296 1717 causa
2337 1666 2514 1719 statim
2557 1666 2607 1720 in
2656 1668 2927 1736 prooemiis
2961 1669 3159 1726 dictum
3193 1681 3316 1728 est:
3347 1673 3619 1730 Faciamus

2035 1751 2286 1807 hominem
2316 1758 2385 1808 ad
2412 1756 2681 1828 imaginem
2702 1767 2748 1810 et
2768 1759 3152 1815 similitudinem
3178 1773 3402 1817 nostram
3433 1764 3451 1836 (
3481 1763 3612 1818 Gen.

2037 1845 2088 1900 l.
2119 1845 2212 1916 26)
2233 1848 2257 1900 ?
2281 1847 2347 1902 Et
2366 1864 2551 1903 rursus
2582 1867 2595 1902 :
2636 1849 2825 1916 Venite,
2845 1852 3226 1923 descendamus,
3253 1867 3302 1911 et
3329 1858 3618 1928 confunda-

2036 1953 2145 1992 nms
2168 1939 2370 2010 linguas
2399 1957 2572 1995 eorum
2619 1941 2637 2015 (
2670 1941 2797 1999 Gen.
2832 1946 2919 2000 ll.
2949 1947 2981 2001 7
3012 1946 3050 2017 ).
3098 1946 3167 2002 Et
3195 1965 3378 2006 rursus
3412 1951 3574 2007 David
3602 1971 3616 2008 :

2037 2028 2318 2100 Propterea
2359 2034 2502 2086 unxit
2531 2044 2578 2088 te
2602 2033 2740 2090 Deus
2770 2079 2785 2103 ,
2820 2036 2957 2092 Deus
2992 2047 3108 2094 tuus
3143 2042 3252 2096 oleo
3296 2041 3484 2098 laetitiis
3511 2062 3620 2114 prce

2034 2123 2347 2177 consortibus
2375 2125 2474 2177 tuis
2504 2124 2677 2193 (Psal.
2706 2127 2794 2182 44.
2825 2125 2902 2200 8).
2935 2129 2993 2185 Si
3030 2140 3205 2187 autem
3237 2133 3412 2190 Moses
3437 2135 3566 2191 dicit
3600 2154 3615 2191 :

2037 2213 2289 2270 Dominus
2331 2214 2470 2272 Deus
2511 2227 2626 2273 tuus
2667 2207 2928 2276 Dominus
2961 2239 3092 2277 unus
3136 2235 3248 2280 est:
3280 2227 3621 2285 imbecillitas

2034 2313 2206 2358 vestra
2237 2304 2332 2359 l‘nit
2358 2306 2410 2360 in
2437 2322 2614 2364 causa.
2646 2309 2713 2363 Et
2740 2310 2864 2380 quid
2893 2313 3083 2366 mirum
3115 2315 3157 2368 si
3198 2314 3372 2372 hocin
3401 2317 3621 2388 dogma—

2035 2396 2173 2451 tibus
2205 2397 2396 2451 factum
2421 2409 2522 2464 est,
2553 2401 2767 2470 quando
2789 2402 2947 2457 etiam
2977 2404 3028 2458 in
3052 2405 3210 2460 rebus
3233 2423 3263 2461 a
3287 2407 3618 2476 perfectiori-

2033 2489 2132 2544 bus
2169 2491 2234 2543 ad
2267 2490 2440 2545 minus
2479 2481 2710 2563 perfecta
2753 2494 2969 2551 deduxit
3015 2497 3152 2552 Deus
3191 2501 3485 2556 orationem
3516 2546 3532 2570 ,
3560 2520 3619 2558 se

2033 2580 2322 2636 dcmittens
2368 2583 2435 2637 ad
2479 2595 2715 2639 nostram
2754 2587 3221 2644 imbecillitatem?
3265 2591 3521 2659 Quocirca
3565 2607 3620 2650 et

2034 2690 2254 2729 uxorem
2283 2675 2418 2731 hanc
2444 2678 2661 2748 quidem
2689 2679 2903 2748 ejicere,
2937 2681 3080 2737 illam
3115 2699 3238 2740 vero
3261 2686 3502 2754 permisit
3531 2689 3615 2742 in-

2035 2766 2315 2822 troducere
2343 2809 2359 2834 ,
2404 2784 2527 2824 cum
2571 2786 2672 2824 non
2725 2773 2861 2826 hanc
2904 2773 3073 2843 legem
3117 2775 3318 2830 tulisset
3358 2777 3426 2832 ab
3468 2777 3618 2834 initio

2034 2857 2210 2928 (Deut.
2234 2859 2350 2930 24).
2380 2861 2627 2917 Ciborum
2653 2879 2864 2935 quoque
2885 2881 3129 2937 magnum
3159 2867 3284 2923 fecit
3309 2869 3613 2936 discrimen,

2035 2950 2158 3006 licet
2197 2954 2520 3008 contrarium
2554 2956 2779 3013 dixisset
2815 2958 2883 3013 ab
2920 2959 3072 3013 initio
3103 2979 3114 3013 :
3156 2960 3438 3032 Tamquam
3475 2964 3618 3018 olera

2032 3046 2144 3116 agri
2163 3045 2277 3100 dedi
2297 3048 2433 3101 vobis
2462 3049 2632 3102 omnia
2669 3048 2688 3122 (
2718 3047 2899 3104 Genes.
2941 3051 2995 3106 9.
3019 3052 3053 3105 5
3081 3052 3119 3121 ).
3168 3053 3240 3108 De
3266 3053 3387 3109 loco
3407 3071 3619 3126 quoque

2034 3136 2230 3191 multas
2251 3136 2396 3208 leges
2424 3140 2620 3203 sanxit,
2649 3155 2753 3194 non
2779 3141 3095 3212 permittens
3117 3142 3312 3212 ubique
3335 3160 3520 3214 preces
3548 3147 3614 3200 ad

2033 3229 2198 3284 Deum
2227 3231 2518 3301 porrigere,
2541 3234 2783 3300 quamvis
2804 3249 2872 3289 ne
2901 3235 3002 3290 hoc
3017 3237 3234 3306 quidem
3256 3240 3620 3296 constituisset

2033 3321 2102 3375 ab
2128 3321 2294 3376 initio.
2318 3321 2453 3390 Quin
2481 3324 2639 3378 etiam
2671 3325 2722 3378 in
2753 3325 3032 3380 Persarum
3063 3328 3277 3398 regione
3294 3331 3369 3400 (a)
3390 3331 3618 3386 Abrahae

2035 3410 2180 3465 visus
2207 3419 2323 3475 est,
2355 3421 2407 3467 et
2438 3413 2489 3466 in
2534 3413 2813 3469 Palaestina
2848 3457 2865 3484 ,
2907 3425 2962 3470 et
2999 3416 3229 3488 ubique;
3259 3427 3313 3474 et
3340 3420 3470 3474 Mosi
3501 3433 3619 3492 post

2034 3501 2150 3557 haec
2179 3503 2231 3556 in
2253 3503 2557 3559 solitudine.

2103 3593 2158 3647 2.
2187 3593 2322 3662 Quid
2345 3595 2510 3665 ergo?
2537 3596 2764 3666 inquies,
2796 3609 3124 3670 repugnatne
3149 3602 3352 3673 sibiipsi
3382 3605 3618 3675 Scriptu-

1992 3695 1997 3700 ’
2034 3703 2093 3742 ra
2125 3687 2150 3739 ?
2174 3687 2325 3742 Absit
2355 3705 2368 3744 :
2397 3688 2489 3744 sed
2531 3691 2707 3744 omnia
2758 3706 2855 3760 pro
2905 3702 3146 3762 tempore
3190 3695 3524 3752 administrat
3565 3710 3621 3753 et

2034 3779 2308 3848 dispensat
2337 3779 2403 3833 ad
2434 3780 2714 3835 utilitatem
2740 3823 2756 3847 ,
2808 3784 3220 3855 uniuscujusque
3260 3790 3619 3858 generationis

2035 3872 2447 3927 imbecillitatem
2476 3875 2769 3944 corrigens.
2814 3876 2880 3928 Et
2904 3876 3024 3931 ideo
3055 3877 3145 3932 tibi
3171 3879 3384 3949 quidem
3410 3881 3612 3938 dictum

2035 3971 2133 4028 est,
2169 3961 2418 4017 Dominus
2448 3963 2581 4018 Deus
2602 3974 2715 4018 tuus
2733 3963 2981 4022 Dominus
3008 3985 3137 4023 unus
3162 3979 3251 4024 est.
3271 3970 3422 4037 Quod
3439 3982 3618 4028 autem

2038 4054 2230 4110 habeat
2256 4056 2416 4110 etiam
2450 4055 2640 4110 Filium
2668 4097 2682 4115 .
2717 4057 2989 4128 prephetae
3018 4059 3068 4113 in
3097 4059 3248 4116 libris
3273 4064 3386 4117 suis
3409 4065 3621 4134 prmmi-

2036 4159 2248 4202 serunt:
2276 4164 2445 4218 neque
2469 4148 2622 4202 valde
2652 4158 2834 4218 aperte
2863 4149 3111 4206 dixerunt
3139 4193 3154 4218 ,
3185 4168 3252 4208 ne
3282 4164 3422 4207 tuam
3445 4155 3620 4210 oll'cn-

2037 4240 2225 4295 derent
2251 4241 2699 4306 imbecillitatem;
2729 4257 2827 4297 nec
2852 4244 3092 4299 celarunt
3115 4286 3129 4308 ,
3155 4257 3208 4300 ut
3231 4258 3350 4317 post
3381 4247 3494 4302 haec
3519 4249 3618 4302 da-

2037 4340 2156 4386 rent
2195 4331 2284 4387 tibi
2333 4332 2506 4390 locum
2548 4333 2894 4403 resipiscendi
2921 4376 2937 4401 ,
2982 4347 3035 4391 et
3087 4353 3152 4393 cx
3207 4340 3432 4408 propriis
3469 4341 3622 4396 libris

2037 4423 2318 4493 colligendi
2348 4423 2596 4494 dogmata
2626 4426 2883 4480 veritatis.
2914 4427 2986 4481 lta
3023 4429 3182 4482 etiam
3225 4430 3453 4486 maxime
3496 4448 3621 4503 pro-

2039 4513 2226 4582 phetas
2257 4515 2548 4582 poterimus
2571 4515 2858 4584 prophetas
2880 4533 2998 4572 esse
3024 4517 3329 4587 ostendere,
3355 4531 3408 4574 et
3432 4531 3487 4576 ut
3517 4522 3621 4577 tide

2037 4604 2254 4675 dignum
2283 4606 2353 4659 sit
2373 4605 2538 4659 Vetus
2569 4606 2974 4663 Testamentum
2995 4608 3228 4673 efﬁcere,
3263 4612 3474 4685 quando
3498 4630 3621 4669 cum

2037 4697 2284 4766 gentibus
2311 4697 2645 4752 disserimus.
2673 4697 2803 4752 Nam
2825 4699 2868 4754 si
2896 4699 2998 4754 hoc
3022 4701 3322 4768 sustuleris,
3351 4705 3622 4774 quomodo

2039 4803 2100 4842 os
2125 4787 2367 4857 gentibus
2397 4789 2680 4843 obstrues?
2724 4789 2863 4858 Quid
2903 4790 3046 4846 enim
3089 4791 3274 4848 dices?
3313 4795 3513 4850 exitum
3555 4812 3624 4852 ex

2039 4878 2268 4951 .Egypto
2287 4920 2302 4944 ,
2338 4887 2391 4933 et
2415 4894 2531 4948 qua:
2558 4880 2625 4934 de
2651 4888 2703 4934 te
2727 4877 2980 4950 prmdicta
3004 4884 3161 4938 sunt?
3187 4882 3292 4938 Sed
3319 4901 3379 4939 ea
3403 4903 3508 4941 non
3532 4887 3622 4943 ille

2040 4972 2302 5026 admittet.
2331 4972 2386 5026 Si
2412 4981 2588 5026 autem
2617 4974 2923 5028 narraveris
2968 4991 3086 5043 qum
3126 4974 3194 5031 de
3240 4975 3453 5032 Christo
3481 4978 3622 5035 dicta

2040 5064 2246 5118 suntin
2279 5063 2490 5129 Veteri,
2522 5072 2577 5118 et
2599 5063 2901 5120 ostenderis
2925 5080 3102 5121 rerum
3133 5069 3409 5123 veritatem
3435 5073 3621 5125 testari

2043 5162 2290 5209 eventum
2321 5154 2616 5224 prophetia:
2649 5195 2664 5220 ,
2709 5168 2776 5209 ne
2804 5156 2997 5225 poterit
3033 5157 3244 5226 quidem
3272 5159 3542 5217 resistere.
3568 5162 3622 5216 Si

2042 5254 2220 5300 autem
2243 5256 2424 5299 nostra
2453 5243 2834 5314 reprehendas,
2863 5263 2896 5302 ο
2916 5245 3124 5314 Judtee,
3152 5251 3420 5319 quomodo
3462 5251 3624 5306 Vetus

2041 5339 2447 5395 Testamentum
2486 5337 2857 5395 defendes?Si
2883 5339 3010 5410 quis
3043 5340 3185 5394 enim
3233 5343 3328 5396 tibi
3371 5343 3562 5399 dixerit
3601 5366 3615 5401 :

2044 5431 2325 5499 Quomodo
2354 5439 2478 5484 sunt
2498 5445 2625 5486 vera
2655 5445 2772 5500 quae
2792 5422 3203 5502 scripsitMoses
3226 5475 3242 5500 ,
3273 5435 3397 5504 quid
3428 5435 3574 5491 dices
3601 5438 3625 5490 ?

2108 5584 2183 5648 (α)
2213 5584 2463 5658 Familiare
2485 5584 2826 5658 Chrysostomq
2855 5583 3234 5658 estfbaldagam
3259 5591 3626 5658 et_Babylonem

2037 5645 2296 5699 Persarum
2319 5648 2575 5710 regionem
2584 5645 2791 5710 'vocare.
2806 5646 2926 5710 [nde
2940 5645 3120 5698 inferas
3133 5647 3285 5702 libros
3299 5652 3364 5702 de
3387 5645 3627 5705 Precatim

2039 5724 2125 5765 ne.
2150 5721 2272 5770 quos
2289 5706 2504 5758 secundo
2525 5715 2688 5765 Temo,
2703 5706 2796 5756 col.
2810 5707 2902 5758 775
2926 5713 3109 5773 etsqq.
3124 5711 3381 5772 edidimus,
3396 5729 3491 5766 non
3515 5717 3630 5767 ideo

2049 5776 2172 5820 ittlut'
2199 5769 2346 5820 dubia
2370 5769 2562 5821 locanda
2586 5783 2725 5821 esse.-
2742 5770 2870 5821 quod
2897 5771 2958 5820 ibi
2983 5774 3372 5821 sennacheribns
3393 5791 3487 5821 rex-
3519 5787 3629 5821 νυ.

2049 5776 2172 5820 ittlut'
2199 5774 2346 5820 dubia
2370 5774 2562 5821 locanda
2586 5783 2725 5827 esse,
2742 5774 2870 5830 quod
2897 5774 2958 5820 ibi
2983 5774 3372 5825 sennacheribus
3393 5791 3487 5827 rex
3519 5787 3629 5828 rer-

2049 5847 2207 5883 sarum
2223 5832 2435 5891 dicatur;
2459 5831 2548 5886 sed
2566 5831 2672 5882 alia:
2695 5833 2898 5884 subsunt
2918 5832 2981 5884 de
3007 5832 3101 5886 illis
3121 5834 3368 5890 dubitandi
3391 5840 3628 5894 rationes.
