  <div class='ocr_page' id='page_1' title='image "/cluster/home/n/w/nwhite01/storage/ocr_20150623/55/nnc1.0046980016/257.png"; bbox 0 0 4108 6344; ppageno 0'>
   <div class='ocr_carea' id='block_1_1' title="bbox 495 318 594 373">
    <p class='ocr_par' dir='ltr' id='par_1_1' title="bbox 495 318 594 373">
     <span class='ocr_line' id='line_1_1' title="bbox 495 318 594 373; baseline 0 -1"><span class='ocrx_word' id='word_1_1' title='bbox 495 318 594 373; x_wconf 74' lang='lat'><strong>267</strong></span> 
     </span>
    </p>
   </div>
   <div class='ocr_carea' id='block_1_2' title="bbox 491 431 2076 502">
    <p class='ocr_par' dir='ltr' id='par_1_2' title="bbox 491 431 2076 502">
     <span class='ocr_line' id='line_1_2' title="bbox 491 431 2076 502; baseline 0 -18"><span class='ocrx_word' id='word_1_2' title='bbox 491 436 622 501; x_wconf 86' lang='lat' dir='ltr'><strong>Quia</strong></span> <span class='ocrx_word' id='word_1_3' title='bbox 653 435 734 490; x_wconf 88' lang='lat' dir='ltr'><strong>eis</strong></span> <span class='ocrx_word' id='word_1_4' title='bbox 759 431 1109 488; x_wconf 90' lang='lat' dir='ltr'><strong>credidimus.</strong></span> <span class='ocrx_word' id='word_1_5' title='bbox 1151 432 1316 487; x_wconf 87' lang='lat' dir='ltr'><strong>Multo</strong></span> <span class='ocrx_word' id='word_1_6' title='bbox 1359 433 1527 502; x_wconf 82' lang='lat' dir='ltr'><strong>magis</strong></span> <span class='ocrx_word' id='word_1_7' title='bbox 1567 446 1698 502; x_wconf 87' lang='lat' dir='ltr'><strong>ergo</strong></span> <span class='ocrx_word' id='word_1_8' title='bbox 1727 441 1909 486; x_wconf 89' lang='lat' dir='ltr'><strong>nostra</strong></span> <span class='ocrx_word' id='word_1_9' title='bbox 1951 446 2076 485; x_wconf 87' lang='lat' dir='ltr'><strong>vera</strong></span> 
     </span>
    </p>
   </div>
   <div class='ocr_carea' id='block_1_3' title="bbox 487 524 2077 596">
    <p class='ocr_par' dir='ltr' id='par_1_3' title="bbox 487 524 2077 596">
     <span class='ocr_line' id='line_1_3' title="bbox 487 524 2077 596; baseline -0.003 -16"><span class='ocrx_word' id='word_1_10' title='bbox 487 537 658 581; x_wconf 90' lang='lat' dir='ltr'><strong>sunt:</strong></span> <span class='ocrx_word' id='word_1_11' title='bbox 717 541 838 580; x_wconf 91' lang='lat' dir='ltr'><strong>nam</strong></span> <span class='ocrx_word' id='word_1_12' title='bbox 889 541 985 580; x_wconf 90' lang='lat' dir='ltr'><strong>nos</strong></span> <span class='ocrx_word' id='word_1_13' title='bbox 1023 540 1233 596; x_wconf 90' lang='lat' dir='ltr'><strong>quoque</strong></span> <span class='ocrx_word' id='word_1_14' title='bbox 1281 524 1660 590; x_wconf 82' lang='lat' dir='ltr'><strong>credidimus;</strong></span> <span class='ocrx_word' id='word_1_15' title='bbox 1713 532 1768 579; x_wconf 92' lang='lat' dir='ltr'><strong>et</strong></span> <span class='ocrx_word' id='word_1_16' title='bbox 1807 538 1902 578; x_wconf 92' lang='lat' dir='ltr'><strong>vos</strong></span> <span class='ocrx_word' id='word_1_17' title='bbox 1957 524 2077 595; x_wconf 90' lang='lat' dir='ltr'><strong>qui-</strong></span> 
     </span>
    </p>
   </div>
   <div class='ocr_carea' id='block_1_4' title="bbox 488 614 2075 689">
    <p class='ocr_par' dir='ltr' id='par_1_4' title="bbox 488 614 2075 689">
     <span class='ocr_line' id='line_1_4' title="bbox 488 614 2075 689; baseline -0.003 -17"><span class='ocrx_word' id='word_1_18' title='bbox 488 620 608 673; x_wconf 89' lang='lat' dir='ltr'><strong>dem</strong></span> <span class='ocrx_word' id='word_1_19' title='bbox 633 620 762 674; x_wconf 89' lang='lat' dir='ltr'><strong>estis</strong></span> <span class='ocrx_word' id='word_1_20' title='bbox 786 634 886 673; x_wconf 89' lang='lat' dir='ltr'><strong>uua</strong></span> <span class='ocrx_word' id='word_1_21' title='bbox 909 632 1060 689; x_wconf 89' lang='lat' dir='ltr'><strong>gens,</strong></span> <span class='ocrx_word' id='word_1_22' title='bbox 1091 633 1186 674; x_wconf 91' lang='lat' dir='ltr'><strong>nc-s</strong></span> <span class='ocrx_word' id='word_1_23' title='bbox 1213 627 1390 672; x_wconf 87' lang='lat' dir='ltr'><strong>autem</strong></span> <span class='ocrx_word' id='word_1_24' title='bbox 1423 617 1700 671; x_wconf 89' lang='lat' dir='ltr'><strong>universus</strong></span> <span class='ocrx_word' id='word_1_25' title='bbox 1726 614 1874 670; x_wconf 88' lang='lat' dir='ltr'><strong>orbis</strong></span> <span class='ocrx_word' id='word_1_26' title='bbox 1905 624 2075 682; x_wconf 77' lang='lat' dir='ltr'><strong>terra-</strong></span> 
     </span>
    </p>
   </div>
   <div class='ocr_carea' id='block_1_5' title="bbox 491 705 2077 782">
    <p class='ocr_par' dir='ltr' id='par_1_5' title="bbox 491 705 2077 782">
     <span class='ocr_line' id='line_1_5' title="bbox 491 705 2077 782; baseline -0.004 -16"><span class='ocrx_word' id='word_1_27' title='bbox 491 728 607 766; x_wconf 87' lang='lat' dir='ltr'><strong>rum</strong></span> <span class='ocrx_word' id='word_1_28' title='bbox 642 753 656 775; x_wconf 95' lang='lat'><strong>,</strong></span> <span class='ocrx_word' id='word_1_29' title='bbox 690 713 948 782; x_wconf 82' lang='lat' dir='ltr'><strong>vobisque</strong></span> <span class='ocrx_word' id='word_1_30' title='bbox 989 726 1097 765; x_wconf 90' lang='lat' dir='ltr'><strong>non</strong></span> <span class='ocrx_word' id='word_1_31' title='bbox 1143 711 1222 765; x_wconf 92' lang='lat' dir='ltr'><strong>sic</strong></span> <span class='ocrx_word' id='word_1_32' title='bbox 1264 710 1528 780; x_wconf 73' lang='lat' dir='ltr'><strong>persuasit</strong></span> <span class='ocrx_word' id='word_1_33' title='bbox 1571 708 1744 763; x_wconf 81' lang='lat' dir='ltr'><strong>Moses</strong></span> <span class='ocrx_word' id='word_1_34' title='bbox 1769 749 1785 773; x_wconf 97' lang='lat'><strong>,</strong></span> <span class='ocrx_word' id='word_1_35' title='bbox 1829 713 1887 762; x_wconf 91' lang='lat' dir='ltr'><strong>ut</strong></span> <span class='ocrx_word' id='word_1_36' title='bbox 1923 705 2077 760; x_wconf 90' lang='lat' dir='ltr'><strong>nohis</strong></span> 
     </span>
    </p>
   </div>
   <div class='ocr_carea' id='block_1_6' title="bbox 485 799 2074 870">
    <p class='ocr_par' dir='ltr' id='par_1_6' title="bbox 485 799 2074 870">
     <span class='ocr_line' id='line_1_6' title="bbox 485 799 2074 870; baseline -0.006 -15"><span class='ocrx_word' id='word_1_37' title='bbox 485 801 730 855; x_wconf 77' lang='lat' dir='ltr'><strong>Christus</strong></span> <span class='ocrx_word' id='word_1_38' title='bbox 761 819 772 855; x_wconf 96' lang='lat'><strong>:</strong></span> <span class='ocrx_word' id='word_1_39' title='bbox 804 817 867 855; x_wconf 92' lang='lat' dir='ltr'><strong>ac</strong></span> <span class='ocrx_word' id='word_1_40' title='bbox 914 811 1087 854; x_wconf 80' lang='lat' dir='ltr'><strong>vestra</strong></span> <span class='ocrx_word' id='word_1_41' title='bbox 1118 799 1330 870; x_wconf 89' lang='lat' dir='ltr'><strong>quidem</strong></span> <span class='ocrx_word' id='word_1_42' title='bbox 1358 807 1635 854; x_wconf 86' lang='lat' dir='ltr'><strong>cessarunt</strong></span> <span class='ocrx_word' id='word_1_43' title='bbox 1661 840 1676 864; x_wconf 93' lang='lat'><strong>,</strong></span> <span class='ocrx_word' id='word_1_44' title='bbox 1718 807 1898 852; x_wconf 89' lang='lat' dir='ltr'><strong>nostra</strong></span> <span class='ocrx_word' id='word_1_45' title='bbox 1945 811 2074 850; x_wconf 83' lang='lat' dir='ltr'><strong>vero</strong></span> 
     </span>
    </p>
   </div>
   <div class='ocr_carea' id='block_1_7' title="bbox 485 889 2073 962">
    <p class='ocr_par' dir='ltr' id='par_1_7' title="bbox 485 889 2073 962">
     <span class='ocr_line' id='line_1_7' title="bbox 485 889 2073 962; baseline -0.002 -17"><span class='ocrx_word' id='word_1_46' title='bbox 485 900 648 945; x_wconf 89' lang='lat' dir='ltr'><strong>stant.</strong></span> <span class='ocrx_word' id='word_1_47' title='bbox 693 893 774 946; x_wconf 86' lang='lat' dir='ltr'><strong>An</strong></span> <span class='ocrx_word' id='word_1_48' title='bbox 814 907 877 946; x_wconf 80' lang='lat' dir='ltr'><strong>ex</strong></span> <span class='ocrx_word' id='word_1_49' title='bbox 908 889 1386 962; x_wconf 65' lang='lat' dir='ltr'><strong>praedictionibus?</strong></span> <span class='ocrx_word' id='word_1_50' title='bbox 1413 889 1518 944; x_wconf 88' lang='lat' dir='ltr'><strong>Sed</strong></span> <span class='ocrx_word' id='word_1_51' title='bbox 1556 890 1739 959; x_wconf 84' lang='lat' dir='ltr'><strong>plures</strong></span> <span class='ocrx_word' id='word_1_52' title='bbox 1776 899 1899 943; x_wconf 91' lang='lat' dir='ltr'><strong>sunt</strong></span> <span class='ocrx_word' id='word_1_53' title='bbox 1934 889 2073 956; x_wconf 82' lang='lat' dir='ltr'><strong>apud</strong></span> 
     </span>
    </p>
   </div>
   <div class='ocr_carea' id='block_1_8' title="bbox 483 979 2071 1053">
    <p class='ocr_par' dir='ltr' id='par_1_8' title="bbox 483 979 2071 1053">
     <span class='ocr_line' id='line_1_8' title="bbox 483 979 2071 1053; baseline -0.004 -15"><span class='ocrx_word' id='word_1_54' title='bbox 483 999 602 1038; x_wconf 87' lang='lat' dir='ltr'><strong>nos.</strong></span> <span class='ocrx_word' id='word_1_55' title='bbox 633 981 820 1038; x_wconf 88' lang='lat' dir='ltr'><strong>Nostra</strong></span> <span class='ocrx_word' id='word_1_56' title='bbox 842 997 969 1053; x_wconf 86' lang='lat' dir='ltr'><strong>ergo</strong></span> <span class='ocrx_word' id='word_1_57' title='bbox 996 983 1040 1036; x_wconf 88' lang='lat' dir='ltr'><strong>si</strong></span> <span class='ocrx_word' id='word_1_58' title='bbox 1066 982 1349 1037; x_wconf 81' lang='lat' dir='ltr'><strong>sustuleris</strong></span> <span class='ocrx_word' id='word_1_59' title='bbox 1372 1022 1388 1046; x_wconf 94' lang='lat'><strong>,</strong></span> <span class='ocrx_word' id='word_1_60' title='bbox 1418 983 1520 1035; x_wconf 91' lang='lat' dir='ltr'><strong>tuis</strong></span> <span class='ocrx_word' id='word_1_61' title='bbox 1552 981 1792 1035; x_wconf 82' lang='lat' dir='ltr'><strong>umbram</strong></span> <span class='ocrx_word' id='word_1_62' title='bbox 1820 979 2071 1034; x_wconf 85' lang='lat' dir='ltr'><strong>oil&#39;uudis.</strong></span> 
     </span>
    </p>
   </div>
   <div class='ocr_carea' id='block_1_9' title="bbox 488 1074 2074 1146">
    <p class='ocr_par' dir='ltr' id='par_1_9' title="bbox 488 1074 2074 1146">
     <span class='ocr_line' id='line_1_9' title="bbox 488 1074 2074 1146; baseline -0.002 -16"><span class='ocrx_word' id='word_1_63' title='bbox 488 1081 568 1130; x_wconf 87' lang='lat' dir='ltr'><strong>An</strong></span> <span class='ocrx_word' id='word_1_64' title='bbox 597 1093 664 1131; x_wconf 83' lang='lat' dir='ltr'><strong>ex</strong></span> <span class='ocrx_word' id='word_1_65' title='bbox 695 1076 860 1146; x_wconf 81' lang='lat' dir='ltr'><strong>signis</strong></span> <span class='ocrx_word' id='word_1_66' title='bbox 884 1075 907 1128; x_wconf 88' lang='lat'><strong>?</strong></span> <span class='ocrx_word' id='word_1_67' title='bbox 928 1076 1031 1130; x_wconf 89' lang='lat' dir='ltr'><strong>Sed</strong></span> <span class='ocrx_word' id='word_1_68' title='bbox 1055 1091 1149 1130; x_wconf 80' lang='lat' dir='ltr'><strong>vos</strong></span> <span class='ocrx_word' id='word_1_69' title='bbox 1178 1074 1390 1146; x_wconf 88' lang='lat' dir='ltr'><strong>quidem</strong></span> <span class='ocrx_word' id='word_1_70' title='bbox 1417 1075 1579 1129; x_wconf 81' lang='lat' dir='ltr'><strong>Musis</strong></span> <span class='ocrx_word' id='word_1_71' title='bbox 1626 1075 1826 1128; x_wconf 86' lang='lat' dir='ltr'><strong>nullum</strong></span> <span class='ocrx_word' id='word_1_72' title='bbox 1854 1074 2074 1144; x_wconf 89' lang='lat' dir='ltr'><strong>potestis</strong></span> 
     </span>
    </p>
   </div>
   <div class='ocr_carea' id='block_1_10' title="bbox 484 1165 2070 1236">
    <p class='ocr_par' dir='ltr' id='par_1_10' title="bbox 484 1165 2070 1236">
     <span class='ocr_line' id='line_1_10' title="bbox 484 1165 2070 1236; baseline -0.001 -16"><span class='ocrx_word' id='word_1_73' title='bbox 484 1168 694 1236; x_wconf 88' lang='lat' dir='ltr'><strong>signum</strong></span> <span class='ocrx_word' id='word_1_74' title='bbox 726 1167 1042 1221; x_wconf 87' lang='lat' dir='ltr'><strong>ostendere:</strong></span> <span class='ocrx_word' id='word_1_75' title='bbox 1077 1165 1334 1220; x_wconf 80' lang='lat' dir='ltr'><strong>fuiteuim</strong></span> <span class='ocrx_word' id='word_1_76' title='bbox 1357 1207 1372 1231; x_wconf 92' lang='lat'><strong>,</strong></span> <span class='ocrx_word' id='word_1_77' title='bbox 1401 1174 1455 1219; x_wconf 91' lang='lat' dir='ltr'><strong>et</strong></span> <span class='ocrx_word' id='word_1_78' title='bbox 1487 1166 1732 1230; x_wconf 83' lang='lat' dir='ltr'><strong>transiit;</strong></span> <span class='ocrx_word' id='word_1_79' title='bbox 1766 1180 1864 1220; x_wconf 92' lang='lat' dir='ltr'><strong>nos</strong></span> <span class='ocrx_word' id='word_1_80' title='bbox 1893 1177 2070 1219; x_wconf 88' lang='lat' dir='ltr'><strong>autem</strong></span> 
     </span>
    </p>
   </div>
   <div class='ocr_carea' id='block_1_11' title="bbox 486 1256 2072 1328">
    <p class='ocr_par' dir='ltr' id='par_1_11' title="bbox 486 1256 2072 1328">
     <span class='ocr_line' id='line_1_11' title="bbox 486 1256 2072 1328; baseline -0.001 -17"><span class='ocrx_word' id='word_1_81' title='bbox 486 1258 684 1312; x_wconf 81' lang='lat' dir='ltr'><strong>Christi</strong></span> <span class='ocrx_word' id='word_1_82' title='bbox 721 1259 887 1312; x_wconf 89' lang='lat' dir='ltr'><strong>multa</strong></span> <span class='ocrx_word' id='word_1_83' title='bbox 925 1268 978 1312; x_wconf 91' lang='lat' dir='ltr'><strong>et</strong></span> <span class='ocrx_word' id='word_1_84' title='bbox 1015 1258 1226 1311; x_wconf 88' lang='lat' dir='ltr'><strong>diversa</strong></span> <span class='ocrx_word' id='word_1_85' title='bbox 1267 1273 1385 1328; x_wconf 80' lang='lat' dir='ltr'><strong>qua:</strong></span> <span class='ocrx_word' id='word_1_86' title='bbox 1422 1256 1598 1311; x_wconf 88' lang='lat' dir='ltr'><strong>adhuc</strong></span> <span class='ocrx_word' id='word_1_87' title='bbox 1623 1271 1765 1310; x_wconf 91' lang='lat' dir='ltr'><strong>nunc</strong></span> <span class='ocrx_word' id='word_1_88' title='bbox 1807 1258 1938 1310; x_wconf 86' lang='lat' dir='ltr'><strong>tiuut</strong></span> <span class='ocrx_word' id='word_1_89' title='bbox 1963 1297 1978 1322; x_wconf 95' lang='lat'><strong>,</strong></span> <span class='ocrx_word' id='word_1_90' title='bbox 2010 1271 2072 1310; x_wconf 84' lang='lat' dir='ltr'><strong>ac</strong></span> 
     </span>
    </p>
   </div>
   <div class='ocr_carea' id='block_1_12' title="bbox 483 1347 2072 1418">
    <p class='ocr_par' dir='ltr' id='par_1_12' title="bbox 483 1347 2072 1418">
     <span class='ocr_line' id='line_1_12' title="bbox 483 1347 2072 1418; baseline 0.002 -18"><span class='ocrx_word' id='word_1_91' title='bbox 483 1349 853 1418; x_wconf 75' lang='lat' dir='ltr'><strong>prmdietiones</strong></span> <span class='ocrx_word' id='word_1_92' title='bbox 881 1350 962 1404; x_wconf 87' lang='lat' dir='ltr'><strong>vel</strong></span> <span class='ocrx_word' id='word_1_93' title='bbox 1007 1349 1120 1402; x_wconf 87' lang='lat' dir='ltr'><strong>sole</strong></span> <span class='ocrx_word' id='word_1_94' title='bbox 1157 1351 1435 1406; x_wconf 87' lang='lat' dir='ltr'><strong>clariores.</strong></span> <span class='ocrx_word' id='word_1_95' title='bbox 1469 1349 1548 1402; x_wconf 87' lang='lat' dir='ltr'><strong>Au</strong></span> <span class='ocrx_word' id='word_1_96' title='bbox 1577 1363 1640 1402; x_wconf 77' lang='lat' dir='ltr'><strong>ex</strong></span> <span class='ocrx_word' id='word_1_97' title='bbox 1670 1348 1875 1418; x_wconf 86' lang='lat' dir='ltr'><strong>legibus</strong></span> <span class='ocrx_word' id='word_1_98' title='bbox 1901 1348 1924 1401; x_wconf 88' lang='lat'><strong>?</strong></span> <span class='ocrx_word' id='word_1_99' title='bbox 1965 1347 2072 1403; x_wconf 89' lang='lat' dir='ltr'><strong>Sed</strong></span> 
     </span>
    </p>
   </div>
   <div class='ocr_carea' id='block_1_13' title="bbox 481 1437 2072 1509">
    <p class='ocr_par' dir='ltr' id='par_1_13' title="bbox 481 1437 2072 1509">
     <span class='ocr_line' id='line_1_13' title="bbox 481 1437 2072 1509; baseline -0.001 -15"><span class='ocrx_word' id='word_1_100' title='bbox 481 1450 677 1496; x_wconf 67' lang='lat' dir='ltr'><strong>nostra:</strong></span> <span class='ocrx_word' id='word_1_101' title='bbox 700 1439 817 1509; x_wconf 87' lang='lat' dir='ltr'><strong>plus</strong></span> <span class='ocrx_word' id='word_1_102' title='bbox 847 1438 900 1493; x_wconf 92' lang='lat' dir='ltr'><strong>in</strong></span> <span class='ocrx_word' id='word_1_103' title='bbox 927 1453 983 1493; x_wconf 88' lang='lat' dir='ltr'><strong>se</strong></span> <span class='ocrx_word' id='word_1_104' title='bbox 1006 1440 1281 1493; x_wconf 86' lang='lat' dir='ltr'><strong>continent</strong></span> <span class='ocrx_word' id='word_1_105' title='bbox 1299 1439 1590 1503; x_wconf 60' lang='lat' dir='ltr'><strong>sapientiae.</strong></span> <span class='ocrx_word' id='word_1_106' title='bbox 1615 1437 1722 1494; x_wconf 88' lang='lat' dir='ltr'><strong>Sed</strong></span> <span class='ocrx_word' id='word_1_107' title='bbox 1747 1438 1873 1508; x_wconf 87' lang='lat' dir='ltr'><strong>quid</strong></span> <span class='ocrx_word' id='word_1_108' title='bbox 1899 1438 1923 1491; x_wconf 90' lang='lat'><strong>?</strong></span> <span class='ocrx_word' id='word_1_109' title='bbox 1951 1453 2072 1508; x_wconf 88' lang='lat' dir='ltr'><strong>pro—</strong></span> 
     </span>
    </p>
   </div>
   <div class='ocr_carea' id='block_1_14' title="bbox 488 1526 2064 1600">
    <p class='ocr_par' dir='ltr' id='par_1_14' title="bbox 488 1526 2064 1600">
     <span class='ocr_line' id='line_1_14' title="bbox 488 1526 2064 1600; baseline 0.001 -18"><span class='ocrx_word' id='word_1_110' title='bbox 488 1526 813 1583; x_wconf 88' lang='lat' dir='ltr'><strong>hibentibus</strong></span> <span class='ocrx_word' id='word_1_111' title='bbox 827 1528 1092 1600; x_wconf 66' lang='lat' dir='ltr'><strong>Egyptiis</strong></span> <span class='ocrx_word' id='word_1_112' title='bbox 1124 1531 1325 1599; x_wconf 78' lang='lat' dir='ltr'><strong>egressi</strong></span> <span class='ocrx_word' id='word_1_113' title='bbox 1369 1530 1498 1584; x_wconf 90' lang='lat' dir='ltr'><strong>estis</strong></span> <span class='ocrx_word' id='word_1_114' title='bbox 1523 1527 1547 1582; x_wconf 88' lang='lat'><strong>?</strong></span> <span class='ocrx_word' id='word_1_115' title='bbox 1576 1528 1681 1585; x_wconf 89' lang='lat' dir='ltr'><strong>Sed</strong></span> <span class='ocrx_word' id='word_1_116' title='bbox 1707 1543 1812 1583; x_wconf 93' lang='lat' dir='ltr'><strong>non</strong></span> <span class='ocrx_word' id='word_1_117' title='bbox 1843 1527 2064 1598; x_wconf 88' lang='lat' dir='ltr'><strong>perinde</strong></span> 
     </span>
    </p>
   </div>
   <div class='ocr_carea' id='block_1_15' title="bbox 482 1617 2070 1691">
    <p class='ocr_par' dir='ltr' id='par_1_15' title="bbox 482 1617 2070 1691">
     <span class='ocr_line' id='line_1_15' title="bbox 482 1617 2070 1691; baseline 0.001 -19"><span class='ocrx_word' id='word_1_118' title='bbox 482 1627 567 1672; x_wconf 87' lang='lat' dir='ltr'><strong>est</strong></span> <span class='ocrx_word' id='word_1_119' title='bbox 597 1617 781 1672; x_wconf 90' lang='lat' dir='ltr'><strong>orbem</strong></span> <span class='ocrx_word' id='word_1_120' title='bbox 812 1629 1075 1672; x_wconf 87' lang='lat' dir='ltr'><strong>terrarum</strong></span> <span class='ocrx_word' id='word_1_121' title='bbox 1106 1617 1393 1673; x_wconf 83' lang='lat' dir='ltr'><strong>bellantem</strong></span> <span class='ocrx_word' id='word_1_122' title='bbox 1421 1634 1723 1691; x_wconf 89' lang='lat' dir='ltr'><strong>superasse,</strong></span> <span class='ocrx_word' id='word_1_123' title='bbox 1742 1629 1900 1690; x_wconf 91' lang='lat' dir='ltr'><strong>atque</strong></span> <span class='ocrx_word' id='word_1_124' title='bbox 1925 1619 2070 1675; x_wconf 91' lang='lat' dir='ltr'><strong>solos</strong></span> 
     </span>
    </p>
   </div>
   <div class='ocr_carea' id='block_1_16' title="bbox 477 1709 2060 1780">
    <p class='ocr_par' dir='ltr' id='par_1_16' title="bbox 477 1709 2060 1780">
     <span class='ocr_line' id='line_1_16' title="bbox 477 1709 2060 1780; baseline 0.001 -16"><span class='ocrx_word' id='word_1_125' title='bbox 477 1709 761 1780; x_wconf 66' lang='lat' dir='ltr'><strong>Egyptios</strong></span> <span class='ocrx_word' id='word_1_126' title='bbox 799 1710 1014 1765; x_wconf 82' lang='lat' dir='ltr'><strong>vicisse.</strong></span> <span class='ocrx_word' id='word_1_127' title='bbox 1066 1710 1134 1764; x_wconf 89' lang='lat' dir='ltr'><strong>Et</strong></span> <span class='ocrx_word' id='word_1_128' title='bbox 1181 1709 1296 1772; x_wconf 68' lang='lat' dir='ltr'><strong>haec</strong></span> <span class='ocrx_word' id='word_1_129' title='bbox 1341 1710 1462 1766; x_wconf 90' lang='lat' dir='ltr'><strong>dico</strong></span> <span class='ocrx_word' id='word_1_130' title='bbox 1487 1753 1502 1777; x_wconf 92' lang='lat'><strong>,</strong></span> <span class='ocrx_word' id='word_1_131' title='bbox 1537 1727 1644 1766; x_wconf 90' lang='lat' dir='ltr'><strong>non</strong></span> <span class='ocrx_word' id='word_1_132' title='bbox 1669 1721 1726 1766; x_wconf 92' lang='lat' dir='ltr'><strong>ut</strong></span> <span class='ocrx_word' id='word_1_133' title='bbox 1745 1711 1912 1766; x_wconf 90' lang='lat' dir='ltr'><strong>Vetus</strong></span> <span class='ocrx_word' id='word_1_134' title='bbox 1939 1727 2060 1767; x_wconf 91' lang='lat' dir='ltr'><strong>cum</strong></span> 
     </span>
    </p>
   </div>
   <div class='ocr_carea' id='block_1_17' title="bbox 480 1800 2064 1872">
    <p class='ocr_par' dir='ltr' id='par_1_17' title="bbox 480 1800 2064 1872">
     <span class='ocr_line' id='line_1_17' title="bbox 480 1800 2064 1872; baseline 0.001 -18"><span class='ocrx_word' id='word_1_135' title='bbox 480 1800 632 1854; x_wconf 85' lang='lat' dir='ltr'><strong>Novo</strong></span> <span class='ocrx_word' id='word_1_136' title='bbox 676 1801 1002 1855; x_wconf 84' lang='lat' dir='ltr'><strong>committam</strong></span> <span class='ocrx_word' id='word_1_137' title='bbox 1027 1819 1040 1856; x_wconf 90' lang='lat'><strong>:</strong></span> <span class='ocrx_word' id='word_1_138' title='bbox 1063 1800 1237 1857; x_wconf 90' lang='lat' dir='ltr'><strong>absit:</strong></span> <span class='ocrx_word' id='word_1_139' title='bbox 1269 1801 1367 1856; x_wconf 92' lang='lat' dir='ltr'><strong>sed</strong></span> <span class='ocrx_word' id='word_1_140' title='bbox 1405 1802 1731 1872; x_wconf 85' lang='lat' dir='ltr'><strong>ingratorum</strong></span> <span class='ocrx_word' id='word_1_141' title='bbox 1757 1802 2064 1858; x_wconf 79' lang='lat' dir='ltr'><strong>Judznorum</strong></span> 
     </span>
    </p>
   </div>
   <div class='ocr_carea' id='block_1_18' title="bbox 478 1892 2065 1950">
    <p class='ocr_par' dir='ltr' id='par_1_18' title="bbox 478 1892 2065 1950">
     <span class='ocr_line' id='line_1_18' title="bbox 478 1892 2065 1950; baseline 0.003 -4"><span class='ocrx_word' id='word_1_142' title='bbox 478 1893 664 1948; x_wconf 91' lang='lat' dir='ltr'><strong>volens</strong></span> <span class='ocrx_word' id='word_1_143' title='bbox 687 1908 748 1948; x_wconf 90' lang='lat' dir='ltr'><strong>os</strong></span> <span class='ocrx_word' id='word_1_144' title='bbox 767 1893 1066 1948; x_wconf 87' lang='lat' dir='ltr'><strong>obstruere.</strong></span> <span class='ocrx_word' id='word_1_145' title='bbox 1089 1892 1222 1947; x_wconf 89' lang='lat' dir='ltr'><strong>Nam</strong></span> <span class='ocrx_word' id='word_1_146' title='bbox 1242 1902 1298 1949; x_wconf 89' lang='lat' dir='ltr'><strong>et</strong></span> <span class='ocrx_word' id='word_1_147' title='bbox 1325 1894 1440 1949; x_wconf 79' lang='lat' dir='ltr'><strong>lucc</strong></span> <span class='ocrx_word' id='word_1_148' title='bbox 1459 1903 1514 1948; x_wconf 92' lang='lat' dir='ltr'><strong>et</strong></span> <span class='ocrx_word' id='word_1_149' title='bbox 1543 1895 1628 1949; x_wconf 88' lang='lat' dir='ltr'><strong>illa</strong></span> <span class='ocrx_word' id='word_1_150' title='bbox 1650 1894 1717 1949; x_wconf 89' lang='lat' dir='ltr'><strong>ab</strong></span> <span class='ocrx_word' id='word_1_151' title='bbox 1737 1895 1925 1950; x_wconf 89' lang='lat' dir='ltr'><strong>eodem</strong></span> <span class='ocrx_word' id='word_1_152' title='bbox 1957 1896 2065 1950; x_wconf 86' lang='lat' dir='ltr'><strong>Deo</strong></span> 
     </span>
    </p>
   </div>
   <div class='ocr_carea' id='block_1_19' title="bbox 477 1983 2060 2055">
    <p class='ocr_par' dir='ltr' id='par_1_19' title="bbox 477 1983 2060 2055">
     <span class='ocr_line' id='line_1_19' title="bbox 477 1983 2060 2055; baseline 0.001 -18"><span class='ocrx_word' id='word_1_153' title='bbox 477 1983 597 2037; x_wconf 88' lang='lat' dir='ltr'><strong>data</strong></span> <span class='ocrx_word' id='word_1_154' title='bbox 627 1993 680 2039; x_wconf 91' lang='lat' dir='ltr'><strong>et</strong></span> <span class='ocrx_word' id='word_1_155' title='bbox 705 1983 841 2038; x_wconf 87' lang='lat' dir='ltr'><strong>facta</strong></span> <span class='ocrx_word' id='word_1_156' title='bbox 873 1993 1017 2038; x_wconf 91' lang='lat' dir='ltr'><strong>sunt.</strong></span> <span class='ocrx_word' id='word_1_157' title='bbox 1046 1984 1151 2040; x_wconf 89' lang='lat' dir='ltr'><strong>Sed</strong></span> <span class='ocrx_word' id='word_1_158' title='bbox 1174 1984 1304 2038; x_wconf 90' lang='lat' dir='ltr'><strong>illud</strong></span> <span class='ocrx_word' id='word_1_159' title='bbox 1330 1985 1454 2039; x_wconf 86' lang='lat' dir='ltr'><strong>volo</strong></span> <span class='ocrx_word' id='word_1_160' title='bbox 1481 1986 1740 2055; x_wconf 82' lang='lat' dir='ltr'><strong>probare,</strong></span> <span class='ocrx_word' id='word_1_161' title='bbox 1772 1984 2018 2040; x_wconf 74' lang='lat' dir='ltr'><strong>Judzeum</strong></span> <span class='ocrx_word' id='word_1_162' title='bbox 2045 2027 2060 2051; x_wconf 91' lang='lat'><strong>,</strong></span> 
     </span>
    </p>
   </div>
   <div class='ocr_carea' id='block_1_20' title="bbox 477 2074 2065 2145">
    <p class='ocr_par' dir='ltr' id='par_1_20' title="bbox 477 2074 2065 2145">
     <span class='ocr_line' id='line_1_20' title="bbox 477 2074 2065 2145; baseline 0 -15"><span class='ocrx_word' id='word_1_163' title='bbox 477 2074 700 2130; x_wconf 91' lang='lat' dir='ltr'><strong>sublatis</strong></span> <span class='ocrx_word' id='word_1_164' title='bbox 743 2074 811 2130; x_wconf 90' lang='lat' dir='ltr'><strong>de</strong></span> <span class='ocrx_word' id='word_1_165' title='bbox 857 2075 1071 2129; x_wconf 85' lang='lat' dir='ltr'><strong>Christo</strong></span> <span class='ocrx_word' id='word_1_166' title='bbox 1109 2074 1401 2145; x_wconf 88' lang='lat' dir='ltr'><strong>prophetiis</strong></span> <span class='ocrx_word' id='word_1_167' title='bbox 1430 2116 1446 2142; x_wconf 94' lang='lat'><strong>,</strong></span> <span class='ocrx_word' id='word_1_168' title='bbox 1494 2083 1740 2131; x_wconf 85' lang='lat' dir='ltr'><strong>evertere</strong></span> <span class='ocrx_word' id='word_1_169' title='bbox 1781 2076 2065 2130; x_wconf 83' lang='lat' dir='ltr'><strong>maximam</strong></span> 
     </span>
    </p>
   </div>
   <div class='ocr_carea' id='block_1_21' title="bbox 480 2167 2067 2238">
    <p class='ocr_par' dir='ltr' id='par_1_21' title="bbox 480 2167 2067 2238">
     <span class='ocr_line' id='line_1_21' title="bbox 480 2167 2067 2238; baseline 0.001 -16"><span class='ocrx_word' id='word_1_170' title='bbox 480 2177 685 2236; x_wconf 80' lang='lat' dir='ltr'><strong>partem</strong></span> <span class='ocrx_word' id='word_1_171' title='bbox 742 2167 1139 2238; x_wconf 89' lang='lat' dir='ltr'><strong>prophetiarum</strong></span> <span class='ocrx_word' id='word_1_172' title='bbox 1165 2210 1179 2232; x_wconf 92' lang='lat'><strong>,</strong></span> <span class='ocrx_word' id='word_1_173' title='bbox 1214 2183 1312 2223; x_wconf 93' lang='lat' dir='ltr'><strong>nec</strong></span> <span class='ocrx_word' id='word_1_174' title='bbox 1354 2181 1512 2237; x_wconf 88' lang='lat' dir='ltr'><strong>posse</strong></span> <span class='ocrx_word' id='word_1_175' title='bbox 1562 2177 1744 2238; x_wconf 88' lang='lat' dir='ltr'><strong>aperte</strong></span> <span class='ocrx_word' id='word_1_176' title='bbox 1785 2169 2067 2225; x_wconf 82' lang='lat' dir='ltr'><strong>Ostendere</strong></span> 
     </span>
    </p>
   </div>
   <div class='ocr_carea' id='block_1_22' title="bbox 477 2258 2066 2329">
    <p class='ocr_par' dir='ltr' id='par_1_22' title="bbox 477 2258 2066 2329">
     <span class='ocr_line' id='line_1_22' title="bbox 477 2258 2066 2329; baseline 0.001 -17"><span class='ocrx_word' id='word_1_177' title='bbox 477 2259 806 2313; x_wconf 87' lang='lat' dir='ltr'><strong>nobilitatem</strong></span> <span class='ocrx_word' id='word_1_178' title='bbox 831 2258 1042 2313; x_wconf 83' lang='lat' dir='ltr'><strong>Veteris</strong></span> <span class='ocrx_word' id='word_1_179' title='bbox 1061 2301 1077 2326; x_wconf 98' lang='lat'><strong>,</strong></span> <span class='ocrx_word' id='word_1_180' title='bbox 1103 2260 1206 2313; x_wconf 87' lang='lat' dir='ltr'><strong>nisi</strong></span> <span class='ocrx_word' id='word_1_181' title='bbox 1237 2258 1440 2314; x_wconf 87' lang='lat' dir='ltr'><strong>Novqu</strong></span> <span class='ocrx_word' id='word_1_182' title='bbox 1473 2259 1771 2315; x_wconf 84' lang='lat' dir='ltr'><strong>admiserit.</strong></span> <span class='ocrx_word' id='word_1_183' title='bbox 1790 2261 1941 2329; x_wconf 86' lang='lat' dir='ltr'><strong>Quod</strong></span> <span class='ocrx_word' id='word_1_184' title='bbox 1968 2277 2066 2315; x_wconf 86' lang='lat' dir='ltr'><strong>au-</strong></span> 
     </span>
    </p>
   </div>
   <div class='ocr_carea' id='block_1_23' title="bbox 480 2349 2068 2423">
    <p class='ocr_par' dir='ltr' id='par_1_23' title="bbox 480 2349 2068 2423">
     <span class='ocr_line' id='line_1_23' title="bbox 480 2349 2068 2423; baseline 0.004 -21"><span class='ocrx_word' id='word_1_185' title='bbox 480 2359 587 2405; x_wconf 89' lang='lat' dir='ltr'><strong>tem</strong></span> <span class='ocrx_word' id='word_1_186' title='bbox 617 2349 731 2405; x_wconf 67' lang='lat' dir='ltr'><strong>hinc</strong></span> <span class='ocrx_word' id='word_1_187' title='bbox 758 2365 862 2404; x_wconf 93' lang='lat' dir='ltr'><strong>non</strong></span> <span class='ocrx_word' id='word_1_188' title='bbox 883 2351 951 2405; x_wconf 90' lang='lat' dir='ltr'><strong>de</strong></span> <span class='ocrx_word' id='word_1_189' title='bbox 975 2351 1190 2406; x_wconf 90' lang='lat' dir='ltr'><strong>homine</strong></span> <span class='ocrx_word' id='word_1_190' title='bbox 1217 2351 1357 2406; x_wconf 89' lang='lat' dir='ltr'><strong>dicta</strong></span> <span class='ocrx_word' id='word_1_191' title='bbox 1390 2352 1520 2417; x_wconf 91' lang='lat' dir='ltr'><strong>sint,</strong></span> <span class='ocrx_word' id='word_1_192' title='bbox 1545 2361 1599 2406; x_wconf 91' lang='lat' dir='ltr'><strong>et</strong></span> <span class='ocrx_word' id='word_1_193' title='bbox 1624 2367 1689 2407; x_wconf 80' lang='lat' dir='ltr'><strong>ex</strong></span> <span class='ocrx_word' id='word_1_194' title='bbox 1720 2369 1786 2408; x_wconf 92' lang='lat' dir='ltr'><strong>eo</strong></span> <span class='ocrx_word' id='word_1_195' title='bbox 1816 2353 1956 2423; x_wconf 85' lang='lat' dir='ltr'><strong>quod</strong></span> <span class='ocrx_word' id='word_1_196' title='bbox 1987 2354 2068 2408; x_wconf 89' lang='lat' dir='ltr'><strong>di-</strong></span> 
     </span>
    </p>
   </div>
   <div class='ocr_carea' id='block_1_24' title="bbox 477 2440 2058 2512">
    <p class='ocr_par' dir='ltr' id='par_1_24' title="bbox 477 2440 2058 2512">
     <span class='ocr_line' id='line_1_24' title="bbox 477 2440 2058 2512; baseline 0.003 -16"><span class='ocrx_word' id='word_1_197' title='bbox 477 2450 648 2506; x_wconf 83' lang='lat' dir='ltr'><strong>catur,</strong></span> <span class='ocrx_word' id='word_1_198' title='bbox 678 2440 812 2496; x_wconf 85' lang='lat' dir='ltr'><strong>Sede</strong></span> <span class='ocrx_word' id='word_1_199' title='bbox 840 2458 871 2494; x_wconf 89' lang='lat' dir='ltr'><strong>a</strong></span> <span class='ocrx_word' id='word_1_200' title='bbox 901 2442 1091 2496; x_wconf 87' lang='lat' dir='ltr'><strong>dextris</strong></span> <span class='ocrx_word' id='word_1_201' title='bbox 1111 2445 1233 2496; x_wconf 89' lang='lat' dir='ltr'><strong>meis</strong></span> <span class='ocrx_word' id='word_1_202' title='bbox 1252 2484 1266 2506; x_wconf 95' lang='lat'><strong>,</strong></span> <span class='ocrx_word' id='word_1_203' title='bbox 1291 2454 1346 2498; x_wconf 92' lang='lat' dir='ltr'><strong>et</strong></span> <span class='ocrx_word' id='word_1_204' title='bbox 1368 2443 1509 2512; x_wconf 91' lang='lat' dir='ltr'><strong>quod</strong></span> <span class='ocrx_word' id='word_1_205' title='bbox 1541 2443 1846 2499; x_wconf 89' lang='lat' dir='ltr'><strong>nominetur</strong></span> <span class='ocrx_word' id='word_1_206' title='bbox 1873 2445 2058 2502; x_wconf 89' lang='lat' dir='ltr'><strong>Domi-</strong></span> 
     </span>
    </p>
   </div>
   <div class='ocr_carea' id='block_1_25' title="bbox 478 2532 2058 2605">
    <p class='ocr_par' dir='ltr' id='par_1_25' title="bbox 478 2532 2058 2605">
     <span class='ocr_line' id='line_1_25' title="bbox 478 2532 2058 2605; baseline 0.003 -20"><span class='ocrx_word' id='word_1_207' title='bbox 478 2548 581 2586; x_wconf 89' lang='lat' dir='ltr'><strong>nus</strong></span> <span class='ocrx_word' id='word_1_208' title='bbox 606 2547 758 2602; x_wconf 74' lang='lat' dir='ltr'><strong>:nque</strong></span> <span class='ocrx_word' id='word_1_209' title='bbox 787 2547 850 2586; x_wconf 90' lang='lat' dir='ltr'><strong>ac</strong></span> <span class='ocrx_word' id='word_1_210' title='bbox 872 2532 1128 2588; x_wconf 81' lang='lat' dir='ltr'><strong>Dominus</strong></span> <span class='ocrx_word' id='word_1_211' title='bbox 1157 2533 1246 2588; x_wconf 90' lang='lat' dir='ltr'><strong>ille</strong></span> <span class='ocrx_word' id='word_1_212' title='bbox 1267 2534 1355 2602; x_wconf 85' lang='lat' dir='ltr'><strong>qui</strong></span> <span class='ocrx_word' id='word_1_213' title='bbox 1381 2533 1544 2602; x_wconf 92' lang='lat' dir='ltr'><strong>dicit,</strong></span> <span class='ocrx_word' id='word_1_214' title='bbox 1567 2543 1621 2589; x_wconf 89' lang='lat' dir='ltr'><strong>et</strong></span> <span class='ocrx_word' id='word_1_215' title='bbox 1649 2534 1790 2605; x_wconf 92' lang='lat' dir='ltr'><strong>quod</strong></span> <span class='ocrx_word' id='word_1_216' title='bbox 1813 2551 1879 2590; x_wconf 80' lang='lat' dir='ltr'><strong>ex</strong></span> <span class='ocrx_word' id='word_1_217' title='bbox 1907 2545 2058 2590; x_wconf 88' lang='lat' dir='ltr'><strong>utero</strong></span> 
     </span>
    </p>
   </div>
   <div class='ocr_carea' id='block_1_26' title="bbox 473 2622 2053 2694">
    <p class='ocr_par' dir='ltr' id='par_1_26' title="bbox 473 2622 2053 2694">
     <span class='ocr_line' id='line_1_26' title="bbox 473 2622 2053 2694; baseline 0.005 -19"><span class='ocrx_word' id='word_1_218' title='bbox 473 2633 599 2678; x_wconf 86' lang='lat' dir='ltr'><strong>ante</strong></span> <span class='ocrx_word' id='word_1_219' title='bbox 625 2622 902 2677; x_wconf 78' lang='lat' dir='ltr'><strong>luciferum</strong></span> <span class='ocrx_word' id='word_1_220' title='bbox 921 2624 989 2677; x_wconf 91' lang='lat' dir='ltr'><strong>sit</strong></span> <span class='ocrx_word' id='word_1_221' title='bbox 1007 2627 1242 2693; x_wconf 85' lang='lat' dir='ltr'><strong>genitus,</strong></span> <span class='ocrx_word' id='word_1_222' title='bbox 1275 2633 1330 2680; x_wconf 92' lang='lat' dir='ltr'><strong>et</strong></span> <span class='ocrx_word' id='word_1_223' title='bbox 1359 2640 1425 2679; x_wconf 82' lang='lat' dir='ltr'><strong>ex</strong></span> <span class='ocrx_word' id='word_1_224' title='bbox 1449 2639 1516 2680; x_wconf 92' lang='lat' dir='ltr'><strong>eo</strong></span> <span class='ocrx_word' id='word_1_225' title='bbox 1537 2624 1680 2694; x_wconf 90' lang='lat' dir='ltr'><strong>quod</strong></span> <span class='ocrx_word' id='word_1_226' title='bbox 1704 2627 1772 2680; x_wconf 91' lang='lat' dir='ltr'><strong>sit</strong></span> <span class='ocrx_word' id='word_1_227' title='bbox 1801 2626 2053 2683; x_wconf 88' lang='lat' dir='ltr'><strong>sacerdos</strong></span> 
     </span>
    </p>
   </div>
   <div class='ocr_carea' id='block_1_27' title="bbox 475 2714 2067 2791">
    <p class='ocr_par' dir='ltr' id='par_1_27' title="bbox 475 2714 2067 2791">
     <span class='ocr_line' id='line_1_27' title="bbox 475 2714 2067 2791; baseline 0.003 -24"><span class='ocrx_word' id='word_1_228' title='bbox 475 2714 766 2768; x_wconf 89' lang='lat' dir='ltr'><strong>secundum</strong></span> <span class='ocrx_word' id='word_1_229' title='bbox 818 2714 1060 2791; x_wconf 66' lang='lat' dir='ltr'><strong>ordinem</strong></span> <span class='ocrx_word' id='word_1_230' title='bbox 1119 2714 1472 2771; x_wconf 89' lang='lat' dir='ltr'><strong>Melchisedec</strong></span> <span class='ocrx_word' id='word_1_231' title='bbox 1496 2757 1511 2782; x_wconf 92' lang='lat'><strong>,</strong></span> <span class='ocrx_word' id='word_1_232' title='bbox 1542 2724 1598 2770; x_wconf 90' lang='lat' dir='ltr'><strong>et</strong></span> <span class='ocrx_word' id='word_1_233' title='bbox 1637 2731 1702 2771; x_wconf 78' lang='lat' dir='ltr'><strong>ex</strong></span> <span class='ocrx_word' id='word_1_234' title='bbox 1733 2733 1800 2773; x_wconf 91' lang='lat' dir='ltr'><strong>eo</strong></span> <span class='ocrx_word' id='word_1_235' title='bbox 1823 2718 1963 2788; x_wconf 90' lang='lat' dir='ltr'><strong>quod</strong></span> <span class='ocrx_word' id='word_1_236' title='bbox 1985 2717 2067 2772; x_wconf 91' lang='lat' dir='ltr'><strong>di-</strong></span> 
     </span>
    </p>
   </div>
   <div class='ocr_carea' id='block_1_28' title="bbox 475 2804 2066 2878">
    <p class='ocr_par' dir='ltr' id='par_1_28' title="bbox 475 2804 2066 2878">
     <span class='ocr_line' id='line_1_28' title="bbox 475 2804 2066 2878; baseline 0.002 -18"><span class='ocrx_word' id='word_1_237' title='bbox 475 2808 612 2860; x_wconf 88' lang='lat' dir='ltr'><strong>citur</strong></span> <span class='ocrx_word' id='word_1_238' title='bbox 637 2846 652 2872; x_wconf 90' lang='lat'><strong>,</strong></span> <span class='ocrx_word' id='word_1_239' title='bbox 681 2804 871 2861; x_wconf 78' lang='lat' dir='ltr'><strong>Tecum</strong></span> <span class='ocrx_word' id='word_1_240' title='bbox 909 2806 1217 2877; x_wconf 80' lang='lat' dir='ltr'><strong>principium</strong></span> <span class='ocrx_word' id='word_1_241' title='bbox 1257 2817 1428 2875; x_wconf 90' lang='lat' dir='ltr'><strong>tuum,</strong></span> <span class='ocrx_word' id='word_1_242' title='bbox 1469 2807 1535 2863; x_wconf 89' lang='lat' dir='ltr'><strong>iis</strong></span> <span class='ocrx_word' id='word_1_243' title='bbox 1574 2808 1662 2878; x_wconf 87' lang='lat' dir='ltr'><strong>qui</strong></span> <span class='ocrx_word' id='word_1_244' title='bbox 1715 2810 1926 2878; x_wconf 85' lang='lat' dir='ltr'><strong>sapiunt</strong></span> <span class='ocrx_word' id='word_1_245' title='bbox 1956 2809 2066 2865; x_wconf 88' lang='lat' dir='ltr'><strong>cla-</strong></span> 
     </span>
    </p>
   </div>
   <div class='ocr_carea' id='block_1_29' title="bbox 475 2907 717 2954">
    <p class='ocr_par' dir='ltr' id='par_1_29' title="bbox 475 2907 717 2954">
     <span class='ocr_line' id='line_1_29' title="bbox 475 2907 717 2954; baseline -0.008 -1"><span class='ocrx_word' id='word_1_246' title='bbox 475 2913 592 2954; x_wconf 82' lang='lat' dir='ltr'><strong>rum</strong></span> <span class='ocrx_word' id='word_1_247' title='bbox 617 2907 717 2953; x_wconf 73' lang='grc' dir='ltr'><strong>εει.</strong></span> 
     </span>
    </p>
   </div>
   <div class='ocr_carea' id='block_1_30' title="bbox 545 2989 2058 3048">
    <p class='ocr_par' dir='ltr' id='par_1_30' title="bbox 545 2989 2058 3048">
     <span class='ocr_line' id='line_1_30' title="bbox 545 2989 2058 3048; baseline 0.003 -4"><span class='ocrx_word' id='word_1_248' title='bbox 545 2990 798 3044; x_wconf 77' lang='lat' dir='ltr'><strong>Adversus</strong></span> <span class='ocrx_word' id='word_1_249' title='bbox 831 2989 1057 3044; x_wconf 86' lang='lat' dir='ltr'><strong>Paulum</strong></span> <span class='ocrx_word' id='word_1_250' title='bbox 1101 2991 1489 3046; x_wconf 87' lang='lat' dir='ltr'><strong>Samosatenum</strong></span> <span class='ocrx_word' id='word_1_251' title='bbox 1529 3003 1576 3046; x_wconf 88' lang='lat' dir='ltr'><strong>et</strong></span> <span class='ocrx_word' id='word_1_252' title='bbox 1602 3003 1779 3047; x_wconf 87' lang='lat' dir='ltr'><strong>contra</strong></span> <span class='ocrx_word' id='word_1_253' title='bbox 1819 2992 2058 3048; x_wconf 84' lang='lat' dir='ltr'><strong>Arianos.</strong></span> 
     </span>
    </p>
   </div>
   <div class='ocr_carea' id='block_1_31' title="bbox 481 3083 2065 3154">
    <p class='ocr_par' dir='ltr' id='par_1_31' title="bbox 481 3083 2065 3154">
     <span class='ocr_line' id='line_1_31' title="bbox 481 3083 2065 3154; baseline 0.003 -19"><span class='ocrx_word' id='word_1_254' title='bbox 481 3113 553 3123; x_wconf 90' lang='lat'><strong>-</strong></span> <span class='ocrx_word' id='word_1_255' title='bbox 585 3083 737 3150; x_wconf 87' lang='lat' dir='ltr'><strong>Quod</strong></span> <span class='ocrx_word' id='word_1_256' title='bbox 765 3084 807 3138; x_wconf 90' lang='lat' dir='ltr'><strong>si</strong></span> <span class='ocrx_word' id='word_1_257' title='bbox 833 3083 968 3139; x_wconf 87' lang='lat' dir='ltr'><strong>alius</strong></span> <span class='ocrx_word' id='word_1_258' title='bbox 989 3083 1141 3138; x_wconf 90' lang='lat' dir='ltr'><strong>nobis</strong></span> <span class='ocrx_word' id='word_1_259' title='bbox 1167 3098 1352 3138; x_wconf 89' lang='lat' dir='ltr'><strong>rursus</strong></span> <span class='ocrx_word' id='word_1_260' title='bbox 1373 3095 1607 3154; x_wconf 84' lang='lat' dir='ltr'><strong>emergat</strong></span> <span class='ocrx_word' id='word_1_261' title='bbox 1635 3084 1872 3151; x_wconf 79' lang='lat' dir='ltr'><strong>Judreus,</strong></span> <span class='ocrx_word' id='word_1_262' title='bbox 1911 3085 2065 3140; x_wconf 84' lang='lat' dir='ltr'><strong>Citri-</strong></span> 
     </span>
    </p>
   </div>
   <div class='ocr_carea' id='block_1_32' title="bbox 478 3173 2060 3246">
    <p class='ocr_par' dir='ltr' id='par_1_32' title="bbox 478 3173 2060 3246">
     <span class='ocr_line' id='line_1_32' title="bbox 478 3173 2060 3246; baseline -0.001 -16"><span class='ocrx_word' id='word_1_263' title='bbox 478 3175 634 3230; x_wconf 83' lang='lat' dir='ltr'><strong>stiani</strong></span> <span class='ocrx_word' id='word_1_264' title='bbox 662 3189 942 3244; x_wconf 89' lang='lat' dir='ltr'><strong>personam</strong></span> <span class='ocrx_word' id='word_1_265' title='bbox 970 3173 1287 3244; x_wconf 87' lang='lat' dir='ltr'><strong>suscipiens,</strong></span> <span class='ocrx_word' id='word_1_266' title='bbox 1321 3174 1520 3230; x_wconf 90' lang='lat' dir='ltr'><strong>Paulus</strong></span> <span class='ocrx_word' id='word_1_267' title='bbox 1546 3216 1561 3242; x_wconf 93' lang='lat'><strong>,</strong></span> <span class='ocrx_word' id='word_1_268' title='bbox 1595 3175 1840 3246; x_wconf 91' lang='lat' dir='ltr'><strong>inquam,</strong></span> <span class='ocrx_word' id='word_1_269' title='bbox 1867 3176 2060 3232; x_wconf 83' lang='lat' dir='ltr'><strong>Samo-</strong></span> 
     </span>
    </p>
   </div>
   <div class='ocr_carea' id='block_1_33' title="bbox 473 3265 2060 3336">
    <p class='ocr_par' dir='ltr' id='par_1_33' title="bbox 473 3265 2060 3336">
     <span class='ocr_line' id='line_1_33' title="bbox 473 3265 2060 3336; baseline 0.003 -18"><span class='ocrx_word' id='word_1_270' title='bbox 473 3275 690 3320; x_wconf 84' lang='lat' dir='ltr'><strong>satenus</strong></span> <span class='ocrx_word' id='word_1_271' title='bbox 711 3307 727 3330; x_wconf 91' lang='lat'><strong>,</strong></span> <span class='ocrx_word' id='word_1_272' title='bbox 761 3275 938 3335; x_wconf 76' lang='lat' dir='ltr'><strong>poteSL</strong></span> <span class='ocrx_word' id='word_1_273' title='bbox 967 3265 1180 3336; x_wconf 89' lang='lat' dir='ltr'><strong>quidem</strong></span> <span class='ocrx_word' id='word_1_274' title='bbox 1220 3266 1382 3320; x_wconf 90' lang='lat' dir='ltr'><strong>etiam</strong></span> <span class='ocrx_word' id='word_1_275' title='bbox 1422 3267 1682 3322; x_wconf 83' lang='lat' dir='ltr'><strong>adversus</strong></span> <span class='ocrx_word' id='word_1_276' title='bbox 1708 3283 1834 3323; x_wconf 90' lang='lat' dir='ltr'><strong>eum</strong></span> <span class='ocrx_word' id='word_1_277' title='bbox 1863 3269 1967 3323; x_wconf 92' lang='lat' dir='ltr'><strong>dici</strong></span> <span class='ocrx_word' id='word_1_278' title='bbox 1995 3285 2060 3324; x_wconf 81' lang='lat' dir='ltr'><strong>ex</strong></span> 
     </span>
    </p>
   </div>
   <div class='ocr_carea' id='block_1_34' title="bbox 472 3355 2051 3426">
    <p class='ocr_par' dir='ltr' id='par_1_34' title="bbox 472 3355 2051 3426">
     <span class='ocr_line' id='line_1_34' title="bbox 472 3355 2051 3426; baseline 0.004 -18"><span class='ocrx_word' id='word_1_279' title='bbox 472 3355 638 3410; x_wconf 88' lang='lat' dir='ltr'><strong>Novo.</strong></span> <span class='ocrx_word' id='word_1_280' title='bbox 667 3355 773 3410; x_wconf 90' lang='lat' dir='ltr'><strong>Sed</strong></span> <span class='ocrx_word' id='word_1_281' title='bbox 800 3372 867 3411; x_wconf 93' lang='lat' dir='ltr'><strong>ne</strong></span> <span class='ocrx_word' id='word_1_282' title='bbox 882 3355 1158 3410; x_wconf 87' lang='lat' dir='ltr'><strong>videamur</strong></span> <span class='ocrx_word' id='word_1_283' title='bbox 1188 3357 1388 3412; x_wconf 89' lang='lat' dir='ltr'><strong>relictis</strong></span> <span class='ocrx_word' id='word_1_284' title='bbox 1417 3358 1771 3426; x_wconf 66' lang='lat' dir='ltr'><strong>praesentibus</strong></span> <span class='ocrx_word' id='word_1_285' title='bbox 1799 3359 1867 3414; x_wconf 88' lang='lat' dir='ltr'><strong>ad</strong></span> <span class='ocrx_word' id='word_1_286' title='bbox 1890 3360 2051 3414; x_wconf 91' lang='lat' dir='ltr'><strong>aliam</strong></span> 
     </span>
    </p>
   </div>
   <div class='ocr_carea' id='block_1_35' title="bbox 477 3449 2057 3520">
    <p class='ocr_par' dir='ltr' id='par_1_35' title="bbox 477 3449 2057 3520">
     <span class='ocr_line' id='line_1_35' title="bbox 477 3449 2057 3520; baseline 0.004 -20"><span class='ocrx_word' id='word_1_287' title='bbox 477 3449 613 3503; x_wconf 83' lang='lat' dir='ltr'><strong>aciei</strong></span> <span class='ocrx_word' id='word_1_288' title='bbox 643 3457 845 3518; x_wconf 83' lang='lat' dir='ltr'><strong>partem</strong></span> <span class='ocrx_word' id='word_1_289' title='bbox 878 3449 1104 3502; x_wconf 89' lang='lat' dir='ltr'><strong>transire</strong></span> <span class='ocrx_word' id='word_1_290' title='bbox 1126 3489 1142 3514; x_wconf 91' lang='lat'><strong>,</strong></span> <span class='ocrx_word' id='word_1_291' title='bbox 1187 3463 1306 3503; x_wconf 89' lang='lat' dir='ltr'><strong>eum</strong></span> <span class='ocrx_word' id='word_1_292' title='bbox 1341 3449 1462 3503; x_wconf 91' lang='lat' dir='ltr'><strong>hinc</strong></span> <span class='ocrx_word' id='word_1_293' title='bbox 1487 3465 1699 3520; x_wconf 89' lang='lat' dir='ltr'><strong>quoque</strong></span> <span class='ocrx_word' id='word_1_294' title='bbox 1722 3451 2057 3520; x_wconf 90' lang='lat' dir='ltr'><strong>impetamus.</strong></span> 
     </span>
    </p>
   </div>
   <div class='ocr_carea' id='block_1_36' title="bbox 473 3537 2060 3610">
    <p class='ocr_par' dir='ltr' id='par_1_36' title="bbox 473 3537 2060 3610">
     <span class='ocr_line' id='line_1_36' title="bbox 473 3537 2060 3610; baseline 0.004 -18"><span class='ocrx_word' id='word_1_295' title='bbox 473 3539 611 3605; x_wconf 89' lang='lat' dir='ltr'><strong>Quid</strong></span> <span class='ocrx_word' id='word_1_296' title='bbox 655 3541 699 3592; x_wconf 92' lang='lat' dir='ltr'><strong>is</strong></span> <span class='ocrx_word' id='word_1_297' title='bbox 730 3554 855 3608; x_wconf 85' lang='lat' dir='ltr'><strong>ergo</strong></span> <span class='ocrx_word' id='word_1_298' title='bbox 882 3537 1008 3593; x_wconf 89' lang='lat' dir='ltr'><strong>dicit</strong></span> <span class='ocrx_word' id='word_1_299' title='bbox 1037 3539 1061 3590; x_wconf 91' lang='lat'><strong>?</strong></span> <span class='ocrx_word' id='word_1_300' title='bbox 1108 3539 1276 3593; x_wconf 87' lang='lat' dir='ltr'><strong>Homo</strong></span> <span class='ocrx_word' id='word_1_301' title='bbox 1301 3548 1412 3604; x_wconf 89' lang='lat' dir='ltr'><strong>est,</strong></span> <span class='ocrx_word' id='word_1_302' title='bbox 1442 3540 1642 3610; x_wconf 90' lang='lat' dir='ltr'><strong>inquit,</strong></span> <span class='ocrx_word' id='word_1_303' title='bbox 1675 3542 2013 3598; x_wconf 88' lang='lat' dir='ltr'><strong>solummodo</strong></span> <span class='ocrx_word' id='word_1_304' title='bbox 2046 3562 2060 3598; x_wconf 93' lang='lat'><strong>:</strong></span> 
     </span>
    </p>
   </div>
   <div class='ocr_carea' id='block_1_37' title="bbox 472 3631 2104 3704">
    <p class='ocr_par' dir='ltr' id='par_1_37' title="bbox 472 3631 2104 3704">
     <span class='ocr_line' id='line_1_37' title="bbox 472 3631 2104 3704; baseline -0.001 -17"><span class='ocrx_word' id='word_1_305' title='bbox 472 3644 527 3687; x_wconf 90' lang='lat' dir='ltr'><strong>et</strong></span> <span class='ocrx_word' id='word_1_306' title='bbox 551 3649 618 3687; x_wconf 85' lang='lat' dir='ltr'><strong>ex</strong></span> <span class='ocrx_word' id='word_1_307' title='bbox 647 3647 752 3703; x_wconf 88' lang='lat' dir='ltr'><strong>quo</strong></span> <span class='ocrx_word' id='word_1_308' title='bbox 777 3647 842 3686; x_wconf 78' lang='lat' dir='ltr'><strong>ex</strong></span> <span class='ocrx_word' id='word_1_309' title='bbox 872 3631 1031 3685; x_wconf 80' lang='lat' dir='ltr'><strong>Maria</strong></span> <span class='ocrx_word' id='word_1_310' title='bbox 1063 3641 1214 3686; x_wconf 90' lang='lat' dir='ltr'><strong>natus</strong></span> <span class='ocrx_word' id='word_1_311' title='bbox 1244 3641 1346 3697; x_wconf 89' lang='lat' dir='ltr'><strong>est,</strong></span> <span class='ocrx_word' id='word_1_312' title='bbox 1378 3647 1443 3687; x_wconf 86' lang='lat' dir='ltr'><strong>ex</strong></span> <span class='ocrx_word' id='word_1_313' title='bbox 1473 3631 1563 3687; x_wconf 93' lang='lat' dir='ltr'><strong>illo</strong></span> <span class='ocrx_word' id='word_1_314' title='bbox 1589 3642 1831 3704; x_wconf 88' lang='lat' dir='ltr'><strong>tempore</strong></span> <span class='ocrx_word' id='word_1_315' title='bbox 1861 3644 2062 3691; x_wconf 90' lang='lat' dir='ltr'><strong>tantum</strong></span> <span class='ocrx_word' id='word_1_316' title='bbox 2101 3680 2104 3685; x_wconf 94' lang='lat'><strong>.</strong></span> 
     </span>
    </p>
   </div>
   <div class='ocr_carea' id='block_1_38' title="bbox 474 3723 2056 3794">
    <p class='ocr_par' dir='ltr' id='par_1_38' title="bbox 474 3723 2056 3794">
     <span class='ocr_line' id='line_1_38' title="bbox 474 3723 2056 3794; baseline 0.001 -14"><span class='ocrx_word' id='word_1_317' title='bbox 474 3725 708 3780; x_wconf 85' lang='lat' dir='ltr'><strong>exsistit.</strong></span> <span class='ocrx_word' id='word_1_318' title='bbox 725 3724 861 3792; x_wconf 86' lang='lat' dir='ltr'><strong>Quid</strong></span> <span class='ocrx_word' id='word_1_319' title='bbox 892 3739 1040 3794; x_wconf 86' lang='lat' dir='ltr'><strong>ergo,</strong></span> <span class='ocrx_word' id='word_1_320' title='bbox 1060 3723 1166 3791; x_wconf 91' lang='lat' dir='ltr'><strong>dic,</strong></span> <span class='ocrx_word' id='word_1_321' title='bbox 1196 3738 1398 3793; x_wconf 74' lang='lat' dir='ltr'><strong>qumso,</strong></span> <span class='ocrx_word' id='word_1_322' title='bbox 1422 3723 1568 3779; x_wconf 91' lang='lat' dir='ltr'><strong>dices</strong></span> <span class='ocrx_word' id='word_1_323' title='bbox 1590 3724 1656 3778; x_wconf 90' lang='lat' dir='ltr'><strong>ad</strong></span> <span class='ocrx_word' id='word_1_324' title='bbox 1687 3725 1816 3780; x_wconf 90' lang='lat' dir='ltr'><strong>illud</strong></span> <span class='ocrx_word' id='word_1_325' title='bbox 1841 3725 2056 3792; x_wconf 91' lang='lat' dir='ltr'><strong>dictum,</strong></span> 
     </span>
    </p>
   </div>
   <div class='ocr_carea' id='block_1_39' title="bbox 471 3815 2063 3888">
    <p class='ocr_par' dir='ltr' id='par_1_39' title="bbox 471 3815 2063 3888">
     <span class='ocr_line' id='line_1_39' title="bbox 471 3815 2063 3888; baseline 0 -17"><span class='ocrx_word' id='word_1_326' title='bbox 471 3817 610 3888; x_wconf 89' lang='lat' dir='ltr'><strong>quod</strong></span> <span class='ocrx_word' id='word_1_327' title='bbox 645 3817 830 3872; x_wconf 85' lang='lat' dir='ltr'><strong>habet:</strong></span> <span class='ocrx_word' id='word_1_328' title='bbox 864 3817 946 3870; x_wconf 73' lang='lat' dir='ltr'><strong>Ex</strong></span> <span class='ocrx_word' id='word_1_329' title='bbox 973 3828 1112 3869; x_wconf 89' lang='lat' dir='ltr'><strong>utero</strong></span> <span class='ocrx_word' id='word_1_330' title='bbox 1140 3826 1256 3869; x_wconf 85' lang='lat' dir='ltr'><strong>ante</strong></span> <span class='ocrx_word' id='word_1_331' title='bbox 1284 3815 1554 3885; x_wconf 79' lang='lat' dir='ltr'><strong>luciferum</strong></span> <span class='ocrx_word' id='word_1_332' title='bbox 1581 3817 1730 3887; x_wconf 85' lang='lat' dir='ltr'><strong>genui</strong></span> <span class='ocrx_word' id='word_1_333' title='bbox 1757 3828 1804 3871; x_wconf 87' lang='lat' dir='ltr'><strong>te</strong></span> <span class='ocrx_word' id='word_1_334' title='bbox 1824 3819 1850 3872; x_wconf 87' lang='lat'><strong><em>?</em></strong></span> <span class='ocrx_word' id='word_1_335' title='bbox 1896 3818 2063 3888; x_wconf 88' lang='lat' dir='ltr'><strong>Opor-</strong></span> 
     </span>
    </p>
   </div>
   <div class='ocr_carea' id='block_1_40' title="bbox 471 3905 2057 3977">
    <p class='ocr_par' dir='ltr' id='par_1_40' title="bbox 471 3905 2057 3977">
     <span class='ocr_line' id='line_1_40' title="bbox 471 3905 2057 3977; baseline 0 -13"><span class='ocrx_word' id='word_1_336' title='bbox 471 3918 549 3964; x_wconf 87' lang='lat' dir='ltr'><strong>tet</strong></span> <span class='ocrx_word' id='word_1_337' title='bbox 575 3917 751 3962; x_wconf 88' lang='lat' dir='ltr'><strong>autem</strong></span> <span class='ocrx_word' id='word_1_338' title='bbox 779 3909 901 3970; x_wconf 89' lang='lat' dir='ltr'><strong>alia,</strong></span> <span class='ocrx_word' id='word_1_339' title='bbox 935 3922 1052 3977; x_wconf 79' lang='lat' dir='ltr'><strong>quae</strong></span> <span class='ocrx_word' id='word_1_340' title='bbox 1079 3917 1263 3960; x_wconf 90' lang='lat' dir='ltr'><strong>contra</strong></span> <span class='ocrx_word' id='word_1_341' title='bbox 1289 3905 1506 3962; x_wconf 73' lang='lat' dir='ltr'><strong>Judmos</strong></span> <span class='ocrx_word' id='word_1_342' title='bbox 1531 3907 1671 3962; x_wconf 89' lang='lat' dir='ltr'><strong>dicta</strong></span> <span class='ocrx_word' id='word_1_343' title='bbox 1703 3916 1861 3976; x_wconf 90' lang='lat' dir='ltr'><strong>sunt,</strong></span> <span class='ocrx_word' id='word_1_344' title='bbox 1897 3911 2057 3965; x_wconf 85' lang='lat' dir='ltr'><strong>etiam</strong></span> 
     </span>
    </p>
   </div>
   <div class='ocr_carea' id='block_1_41' title="bbox 472 3999 2060 4070">
    <p class='ocr_par' dir='ltr' id='par_1_41' title="bbox 472 3999 2060 4070">
     <span class='ocr_line' id='line_1_41' title="bbox 472 3999 2060 4070; baseline 0.001 -14"><span class='ocrx_word' id='word_1_345' title='bbox 472 4012 656 4056; x_wconf 86' lang='lat' dir='ltr'><strong>contra</strong></span> <span class='ocrx_word' id='word_1_346' title='bbox 685 4016 777 4055; x_wconf 91' lang='lat' dir='ltr'><strong>eos</strong></span> <span class='ocrx_word' id='word_1_347' title='bbox 805 4000 1005 4062; x_wconf 89' lang='lat' dir='ltr'><strong>dicere.</strong></span> <span class='ocrx_word' id='word_1_348' title='bbox 1034 4000 1121 4068; x_wconf 86' lang='lat' dir='ltr'><strong>qui</strong></span> <span class='ocrx_word' id='word_1_349' title='bbox 1147 3999 1214 4053; x_wconf 90' lang='lat' dir='ltr'><strong>ab</strong></span> <span class='ocrx_word' id='word_1_350' title='bbox 1243 4014 1308 4053; x_wconf 86' lang='lat' dir='ltr'><strong>eo</strong></span> <span class='ocrx_word' id='word_1_351' title='bbox 1330 4009 1724 4070; x_wconf 90' lang='lat' dir='ltr'><strong>processerunt.</strong></span> <span class='ocrx_word' id='word_1_352' title='bbox 1756 4000 1866 4056; x_wconf 89' lang='lat' dir='ltr'><strong>Nec</strong></span> <span class='ocrx_word' id='word_1_353' title='bbox 1894 4003 2060 4057; x_wconf 93' lang='lat' dir='ltr'><strong>nosin</strong></span> 
     </span>
    </p>
   </div>
   <div class='ocr_carea' id='block_1_42' title="bbox 471 4089 2056 4164">
    <p class='ocr_par' dir='ltr' id='par_1_42' title="bbox 471 4089 2056 4164">
     <span class='ocr_line' id='line_1_42' title="bbox 471 4089 2056 4164; baseline 0 -16"><span class='ocrx_word' id='word_1_354' title='bbox 471 4108 630 4148; x_wconf 91' lang='lat' dir='ltr'><strong>causa</strong></span> <span class='ocrx_word' id='word_1_355' title='bbox 654 4107 859 4158; x_wconf 90' lang='lat' dir='ltr'><strong>sumus,</strong></span> <span class='ocrx_word' id='word_1_356' title='bbox 890 4091 982 4145; x_wconf 91' lang='lat' dir='ltr'><strong>sed</strong></span> <span class='ocrx_word' id='word_1_357' title='bbox 1011 4091 1062 4144; x_wconf 90' lang='lat' dir='ltr'><strong>bi</strong></span> <span class='ocrx_word' id='word_1_358' title='bbox 1092 4091 1190 4160; x_wconf 90' lang='lat' dir='ltr'><strong>ipsi</strong></span> <span class='ocrx_word' id='word_1_359' title='bbox 1216 4091 1304 4160; x_wconf 89' lang='lat' dir='ltr'><strong>qui</strong></span> <span class='ocrx_word' id='word_1_360' title='bbox 1333 4089 1530 4144; x_wconf 87' lang='lat' dir='ltr'><strong>habent</strong></span> <span class='ocrx_word' id='word_1_361' title='bbox 1557 4105 1678 4145; x_wconf 92' lang='lat' dir='ltr'><strong>cum</strong></span> <span class='ocrx_word' id='word_1_362' title='bbox 1706 4091 1784 4147; x_wconf 91' lang='lat' dir='ltr'><strong>eis</strong></span> <span class='ocrx_word' id='word_1_363' title='bbox 1812 4107 2056 4164; x_wconf 85' lang='lat' dir='ltr'><strong>magnam</strong></span> 
     </span>
    </p>
   </div>
   <div class='ocr_carea' id='block_1_43' title="bbox 471 4179 2062 4252">
    <p class='ocr_par' dir='ltr' id='par_1_43' title="bbox 471 4179 2062 4252">
     <span class='ocr_line' id='line_1_43' title="bbox 471 4179 2062 4252; baseline 0.001 -16"><span class='ocrx_word' id='word_1_364' title='bbox 471 4182 778 4252; x_wconf 84' lang='lat' dir='ltr'><strong>dogmatum</strong></span> <span class='ocrx_word' id='word_1_365' title='bbox 826 4181 1194 4251; x_wconf 80' lang='lat' dir='ltr'><strong>cognationem</strong></span> <span class='ocrx_word' id='word_1_366' title='bbox 1228 4199 1239 4234; x_wconf 96' lang='lat'><strong>:</strong></span> <span class='ocrx_word' id='word_1_367' title='bbox 1272 4179 1413 4234; x_wconf 90' lang='lat' dir='ltr'><strong>unde</strong></span> <span class='ocrx_word' id='word_1_368' title='bbox 1457 4180 1619 4234; x_wconf 89' lang='lat' dir='ltr'><strong>etiam</strong></span> <span class='ocrx_word' id='word_1_369' title='bbox 1667 4180 1867 4236; x_wconf 88' lang='lat' dir='ltr'><strong>eisdem</strong></span> <span class='ocrx_word' id='word_1_370' title='bbox 1899 4185 2062 4239; x_wconf 86' lang='lat' dir='ltr'><strong>armis</strong></span> 
     </span>
    </p>
   </div>
   <div class='ocr_carea' id='block_1_44' title="bbox 470 4271 2056 4344">
    <p class='ocr_par' dir='ltr' id='par_1_44' title="bbox 470 4271 2056 4344">
     <span class='ocr_line' id='line_1_44' title="bbox 470 4271 2056 4344; baseline 0.002 -18"><span class='ocrx_word' id='word_1_371' title='bbox 470 4273 521 4326; x_wconf 91' lang='lat' dir='ltr'><strong>in</strong></span> <span class='ocrx_word' id='word_1_372' title='bbox 544 4288 637 4327; x_wconf 91' lang='lat' dir='ltr'><strong>eos</strong></span> <span class='ocrx_word' id='word_1_373' title='bbox 670 4281 897 4327; x_wconf 89' lang='lat' dir='ltr'><strong>utemur.</strong></span> <span class='ocrx_word' id='word_1_374' title='bbox 917 4271 1026 4325; x_wconf 86' lang='lat' dir='ltr'><strong>Eos</strong></span> <span class='ocrx_word' id='word_1_375' title='bbox 1048 4271 1212 4338; x_wconf 90' lang='lat' dir='ltr'><strong>enim,</strong></span> <span class='ocrx_word' id='word_1_376' title='bbox 1235 4271 1325 4340; x_wconf 85' lang='lat' dir='ltr'><strong>qui</strong></span> <span class='ocrx_word' id='word_1_377' title='bbox 1352 4271 1594 4326; x_wconf 87' lang='lat' dir='ltr'><strong>similiter</strong></span> <span class='ocrx_word' id='word_1_378' title='bbox 1621 4271 1816 4327; x_wconf 89' lang='lat' dir='ltr'><strong>bellum</strong></span> <span class='ocrx_word' id='word_1_379' title='bbox 1843 4285 2056 4344; x_wconf 76' lang='lat' dir='ltr'><strong>gerunt,</strong></span> 
     </span>
    </p>
   </div>
   <div class='ocr_carea' id='block_1_45' title="bbox 471 4363 2059 4436">
    <p class='ocr_par' dir='ltr' id='par_1_45' title="bbox 471 4363 2059 4436">
     <span class='ocr_line' id='line_1_45' title="bbox 471 4363 2059 4436; baseline 0.001 -16"><span class='ocrx_word' id='word_1_380' title='bbox 471 4374 683 4436; x_wconf 89' lang='lat' dir='ltr'><strong>oportet</strong></span> <span class='ocrx_word' id='word_1_381' title='bbox 707 4366 906 4421; x_wconf 84' lang='lat' dir='ltr'><strong>eisdem</strong></span> <span class='ocrx_word' id='word_1_382' title='bbox 930 4365 1122 4434; x_wconf 89' lang='lat' dir='ltr'><strong>jaculis</strong></span> <span class='ocrx_word' id='word_1_383' title='bbox 1146 4363 1452 4419; x_wconf 80' lang='lat' dir='ltr'><strong>confodere.</strong></span> <span class='ocrx_word' id='word_1_384' title='bbox 1477 4365 1613 4433; x_wconf 91' lang='lat' dir='ltr'><strong>Quid</strong></span> <span class='ocrx_word' id='word_1_385' title='bbox 1640 4366 1798 4435; x_wconf 85' lang='lat' dir='ltr'><strong>igitur</strong></span> <span class='ocrx_word' id='word_1_386' title='bbox 1824 4368 1926 4423; x_wconf 91' lang='lat' dir='ltr'><strong>sibi</strong></span> <span class='ocrx_word' id='word_1_387' title='bbox 1952 4369 2059 4421; x_wconf 88' lang='lat' dir='ltr'><strong>vult</strong></span> 
     </span>
    </p>
   </div>
   <div class='ocr_carea' id='block_1_46' title="bbox 472 4457 2061 4530">
    <p class='ocr_par' dir='ltr' id='par_1_46' title="bbox 472 4457 2061 4530">
     <span class='ocr_line' id='line_1_46' title="bbox 472 4457 2061 4530; baseline 0.001 -18"><span class='ocrx_word' id='word_1_388' title='bbox 472 4459 649 4512; x_wconf 89' lang='lat' dir='ltr'><strong>throni</strong></span> <span class='ocrx_word' id='word_1_389' title='bbox 680 4458 946 4512; x_wconf 83' lang='lat' dir='ltr'><strong>societas?</strong></span> <span class='ocrx_word' id='word_1_390' title='bbox 977 4457 1075 4512; x_wconf 82' lang='lat' dir='ltr'><strong>Hic</strong></span> <span class='ocrx_word' id='word_1_391' title='bbox 1099 4457 1240 4512; x_wconf 88' lang='lat' dir='ltr'><strong>enim</strong></span> <span class='ocrx_word' id='word_1_392' title='bbox 1271 4457 1568 4512; x_wconf 90' lang='lat' dir='ltr'><strong>ostenditur</strong></span> <span class='ocrx_word' id='word_1_393' title='bbox 1598 4458 1815 4514; x_wconf 91' lang='lat' dir='ltr'><strong>honoris</strong></span> <span class='ocrx_word' id='word_1_394' title='bbox 1841 4461 2061 4530; x_wconf 66' lang='lat' dir='ltr'><strong>aequali-</strong></span> 
     </span>
    </p>
   </div>
   <div class='ocr_carea' id='block_1_47' title="bbox 471 4548 2053 4618">
    <p class='ocr_par' dir='ltr' id='par_1_47' title="bbox 471 4548 2053 4618">
     <span class='ocr_line' id='line_1_47' title="bbox 471 4548 2053 4618; baseline 0.004 -15"><span class='ocrx_word' id='word_1_395' title='bbox 471 4559 554 4605; x_wconf 89' lang='lat' dir='ltr'><strong>tas</strong></span> <span class='ocrx_word' id='word_1_396' title='bbox 576 4590 593 4614; x_wconf 93' lang='lat'><strong>,</strong></span> <span class='ocrx_word' id='word_1_397' title='bbox 641 4548 781 4618; x_wconf 90' lang='lat' dir='ltr'><strong>quod</strong></span> <span class='ocrx_word' id='word_1_398' title='bbox 833 4550 962 4604; x_wconf 84' lang='lat' dir='ltr'><strong>satis</strong></span> <span class='ocrx_word' id='word_1_399' title='bbox 1003 4559 1085 4604; x_wconf 86' lang='lat' dir='ltr'><strong>est</strong></span> <span class='ocrx_word' id='word_1_400' title='bbox 1124 4549 1189 4604; x_wconf 90' lang='lat' dir='ltr'><strong>ad</strong></span> <span class='ocrx_word' id='word_1_401' title='bbox 1219 4549 1598 4604; x_wconf 89' lang='lat' dir='ltr'><strong>obstruendum</strong></span> <span class='ocrx_word' id='word_1_402' title='bbox 1627 4566 1688 4606; x_wconf 89' lang='lat' dir='ltr'><strong>os</strong></span> <span class='ocrx_word' id='word_1_403' title='bbox 1716 4553 2053 4609; x_wconf 85' lang='lat' dir='ltr'><strong>Arianorum.</strong></span> 
     </span>
    </p>
   </div>
   <div class='ocr_carea' id='block_1_48' title="bbox 471 4637 2050 4699">
    <p class='ocr_par' dir='ltr' id='par_1_48' title="bbox 471 4637 2050 4699">
     <span class='ocr_line' id='line_1_48' title="bbox 471 4637 2050 4699; baseline 0.003 -5"><span class='ocrx_word' id='word_1_404' title='bbox 471 4637 540 4694; x_wconf 87' lang='lat' dir='ltr'><strong>Et</strong></span> <span class='ocrx_word' id='word_1_405' title='bbox 577 4639 696 4694; x_wconf 90' lang='lat' dir='ltr'><strong>ideo</strong></span> <span class='ocrx_word' id='word_1_406' title='bbox 739 4641 980 4695; x_wconf 86' lang='lat' dir='ltr'><strong>Christus</strong></span> <span class='ocrx_word' id='word_1_407' title='bbox 1023 4650 1204 4695; x_wconf 87' lang='lat' dir='ltr'><strong>contra</strong></span> <span class='ocrx_word' id='word_1_408' title='bbox 1246 4640 1462 4698; x_wconf 65' lang='lat' dir='ltr'><strong>Judtros</strong></span> <span class='ocrx_word' id='word_1_409' title='bbox 1503 4642 1741 4697; x_wconf 90' lang='lat' dir='ltr'><strong>dicentes</strong></span> <span class='ocrx_word' id='word_1_410' title='bbox 1780 4643 2050 4699; x_wconf 83' lang='lat' dir='ltr'><strong>Christum</strong></span> 
     </span>
    </p>
   </div>
   <div class='ocr_carea' id='block_1_49' title="bbox 471 4734 2058 4809">
    <p class='ocr_par' dir='ltr' id='par_1_49' title="bbox 471 4734 2058 4809">
     <span class='ocr_line' id='line_1_49' title="bbox 471 4734 2058 4809; baseline 0.004 -21"><span class='ocrx_word' id='word_1_411' title='bbox 471 4749 590 4788; x_wconf 88' lang='lat' dir='ltr'><strong>esse</strong></span> <span class='ocrx_word' id='word_1_412' title='bbox 627 4734 790 4788; x_wconf 90' lang='lat' dir='ltr'><strong>ﬁlittm</strong></span> <span class='ocrx_word' id='word_1_413' title='bbox 832 4734 991 4789; x_wconf 81' lang='lat' dir='ltr'><strong>David</strong></span> <span class='ocrx_word' id='word_1_414' title='bbox 1023 4735 1328 4805; x_wconf 82' lang='lat' dir='ltr'><strong>subjunxit:</strong></span> <span class='ocrx_word' id='word_1_415' title='bbox 1362 4735 1626 4803; x_wconf 84' lang='lat' dir='ltr'><strong>Quomodo</strong></span> <span class='ocrx_word' id='word_1_416' title='bbox 1654 4754 1771 4809; x_wconf 90' lang='lat' dir='ltr'><strong>ergo</strong></span> <span class='ocrx_word' id='word_1_417' title='bbox 1815 4739 1981 4793; x_wconf 84' lang='lat' dir='ltr'><strong>David</strong></span> <span class='ocrx_word' id='word_1_418' title='bbox 2005 4741 2058 4794; x_wconf 90' lang='lat' dir='ltr'><strong>in</strong></span> 
     </span>
    </p>
   </div>
   <div class='ocr_carea' id='block_1_50' title="bbox 473 4823 2058 4893">
    <p class='ocr_par' dir='ltr' id='par_1_50' title="bbox 473 4823 2058 4893">
     <span class='ocr_line' id='line_1_50' title="bbox 473 4823 2058 4893; baseline 0.003 -13"><span class='ocrx_word' id='word_1_419' title='bbox 473 4823 674 4893; x_wconf 80' lang='lat' dir='ltr'><strong>Spiritu</strong></span> <span class='ocrx_word' id='word_1_420' title='bbox 709 4834 854 4878; x_wconf 79' lang='lat' dir='ltr'><strong>vocat</strong></span> <span class='ocrx_word' id='word_1_421' title='bbox 896 4842 1008 4879; x_wconf 81' lang='lat' dir='ltr'><strong>eum</strong></span> <span class='ocrx_word' id='word_1_422' title='bbox 1044 4824 1318 4880; x_wconf 89' lang='lat' dir='ltr'><strong>Dominum</strong></span> <span class='ocrx_word' id='word_1_423' title='bbox 1346 4867 1361 4892; x_wconf 92' lang='lat'><strong>,</strong></span> <span class='ocrx_word' id='word_1_424' title='bbox 1394 4827 1767 4882; x_wconf 83' lang='lat' dir='ltr'><strong>dicens:Dixit</strong></span> <span class='ocrx_word' id='word_1_425' title='bbox 1809 4828 2058 4886; x_wconf 80' lang='lat' dir='ltr'><strong>Dominus</strong></span> 
     </span>
    </p>
   </div>
   <div class='ocr_carea' id='block_1_51' title="bbox 479 4917 2058 4993">
    <p class='ocr_par' dir='ltr' id='par_1_51' title="bbox 479 4917 2058 4993">
     <span class='ocr_line' id='line_1_51' title="bbox 479 4917 2058 4993; baseline 0.004 -23"><span class='ocrx_word' id='word_1_426' title='bbox 479 4917 694 4972; x_wconf 88' lang='lat' dir='ltr'><strong>Domino</strong></span> <span class='ocrx_word' id='word_1_427' title='bbox 720 4934 850 4982; x_wconf 88' lang='lat' dir='ltr'><strong>meo,</strong></span> <span class='ocrx_word' id='word_1_428' title='bbox 883 4917 1264 4973; x_wconf 82' lang='lat' dir='ltr'><strong>Sedeadextris</strong></span> <span class='ocrx_word' id='word_1_429' title='bbox 1288 4920 1411 4973; x_wconf 90' lang='lat' dir='ltr'><strong>meis</strong></span> <span class='ocrx_word' id='word_1_430' title='bbox 1441 4919 1653 4991; x_wconf 81' lang='lat' dir='ltr'><strong>(Matth.</strong></span> <span class='ocrx_word' id='word_1_431' title='bbox 1682 4921 1770 4975; x_wconf 73' lang='lat'><strong>29..</strong></span> <span class='ocrx_word' id='word_1_432' title='bbox 1801 4923 1888 4978; x_wconf 75' lang='grc'><strong>45.</strong></span> <span class='ocrx_word' id='word_1_433' title='bbox 1921 4924 2058 4993; x_wconf 68' lang='lat'><strong>44)?</strong></span> 
     </span>
    </p>
   </div>
   <div class='ocr_carea' id='block_1_52' title="bbox 472 5008 2054 5086">
    <p class='ocr_par' dir='ltr' id='par_1_52' title="bbox 472 5008 2054 5086">
     <span class='ocr_line' id='line_1_52' title="bbox 472 5008 2054 5086; baseline 0.004 -23"><span class='ocrx_word' id='word_1_434' title='bbox 472 5008 670 5064; x_wconf 84' lang='lat' dir='ltr'><strong>Paulus</strong></span> <span class='ocrx_word' id='word_1_435' title='bbox 696 5019 872 5064; x_wconf 89' lang='lat' dir='ltr'><strong>autem</strong></span> <span class='ocrx_word' id='word_1_436' title='bbox 889 5009 956 5063; x_wconf 91' lang='lat' dir='ltr'><strong>de</strong></span> <span class='ocrx_word' id='word_1_437' title='bbox 979 5011 1272 5064; x_wconf 69' lang='lat' dir='ltr'><strong>oeconomia</strong></span> <span class='ocrx_word' id='word_1_438' title='bbox 1301 5021 1484 5080; x_wconf 88' lang='lat' dir='ltr'><strong>postea</strong></span> <span class='ocrx_word' id='word_1_439' title='bbox 1510 5020 1740 5066; x_wconf 88' lang='lat' dir='ltr'><strong>tractans</strong></span> <span class='ocrx_word' id='word_1_440' title='bbox 1760 5010 1943 5086; x_wconf 83' lang='lat' dir='ltr'><strong>(Hebr.</strong></span> <span class='ocrx_word' id='word_1_441' title='bbox 1973 5015 2054 5086; x_wconf 88' lang='lat'><strong>7),</strong></span> 
     </span>
    </p>
   </div>
   <div class='ocr_carea' id='block_1_53' title="bbox 471 5101 2057 5171">
    <p class='ocr_par' dir='ltr' id='par_1_53' title="bbox 471 5101 2057 5171">
     <span class='ocr_line' id='line_1_53' title="bbox 471 5101 2057 5171; baseline 0.004 -14"><span class='ocrx_word' id='word_1_442' title='bbox 471 5112 527 5158; x_wconf 85' lang='lat' dir='ltr'><strong>et</strong></span> <span class='ocrx_word' id='word_1_443' title='bbox 555 5118 672 5157; x_wconf 89' lang='lat' dir='ltr'><strong>eam</strong></span> <span class='ocrx_word' id='word_1_444' title='bbox 702 5101 938 5170; x_wconf 87' lang='lat' dir='ltr'><strong>apertius</strong></span> <span class='ocrx_word' id='word_1_445' title='bbox 967 5103 1319 5171; x_wconf 88' lang='lat' dir='ltr'><strong>interpretans</strong></span> <span class='ocrx_word' id='word_1_446' title='bbox 1352 5144 1368 5169; x_wconf 92' lang='lat'><strong>,</strong></span> <span class='ocrx_word' id='word_1_447' title='bbox 1398 5112 1452 5158; x_wconf 91' lang='lat' dir='ltr'><strong>et</strong></span> <span class='ocrx_word' id='word_1_448' title='bbox 1492 5103 1743 5161; x_wconf 84' lang='lat' dir='ltr'><strong>Marcioni</strong></span> <span class='ocrx_word' id='word_1_449' title='bbox 1786 5116 1841 5161; x_wconf 89' lang='lat' dir='ltr'><strong>et.</strong></span> <span class='ocrx_word' id='word_1_450' title='bbox 1887 5107 2057 5163; x_wconf 85' lang='lat' dir='ltr'><strong>Mani-</strong></span> 
     </span>
    </p>
   </div>
   <div class='ocr_carea' id='block_1_54' title="bbox 471 5194 2057 5264">
    <p class='ocr_par' dir='ltr' id='par_1_54' title="bbox 471 5194 2057 5264">
     <span class='ocr_line' id='line_1_54' title="bbox 471 5194 2057 5264; baseline 0.003 -12"><span class='ocrx_word' id='word_1_451' title='bbox 471 5197 646 5261; x_wconf 73' lang='lat' dir='ltr'><strong>chaee,</strong></span> <span class='ocrx_word' id='word_1_452' title='bbox 677 5203 731 5250; x_wconf 92' lang='lat' dir='ltr'><strong>et</strong></span> <span class='ocrx_word' id='word_1_453' title='bbox 756 5195 819 5249; x_wconf 91' lang='lat' dir='ltr'><strong>iis</strong></span> <span class='ocrx_word' id='word_1_454' title='bbox 842 5195 1088 5249; x_wconf 88' lang='lat' dir='ltr'><strong>omnibus</strong></span> <span class='ocrx_word' id='word_1_455' title='bbox 1108 5195 1194 5263; x_wconf 90' lang='lat' dir='ltr'><strong>qui</strong></span> <span class='ocrx_word' id='word_1_456' title='bbox 1222 5194 1380 5248; x_wconf 90' lang='lat' dir='ltr'><strong>simili</strong></span> <span class='ocrx_word' id='word_1_457' title='bbox 1406 5195 1595 5250; x_wconf 90' lang='lat' dir='ltr'><strong>morbo</strong></span> <span class='ocrx_word' id='word_1_458' title='bbox 1617 5196 1876 5264; x_wconf 85' lang='lat' dir='ltr'><strong>laborant,</strong></span> <span class='ocrx_word' id='word_1_459' title='bbox 1899 5199 2057 5256; x_wconf 88' lang='lat' dir='ltr'><strong>letale</strong></span> 
     </span>
    </p>
   </div>
   <div class='ocr_carea' id='block_1_55' title="bbox 473 5284 2058 5360">
    <p class='ocr_par' dir='ltr' id='par_1_55' title="bbox 473 5284 2058 5360">
     <span class='ocr_line' id='line_1_55' title="bbox 473 5284 2058 5360; baseline 0.005 -20"><span class='ocrx_word' id='word_1_460' title='bbox 473 5288 663 5342; x_wconf 89' lang='lat' dir='ltr'><strong>vulnus</strong></span> <span class='ocrx_word' id='word_1_461' title='bbox 692 5284 882 5356; x_wconf 83' lang='lat' dir='ltr'><strong>inﬁigit</strong></span> <span class='ocrx_word' id='word_1_462' title='bbox 904 5305 917 5340; x_wconf 89' lang='lat'><strong>:</strong></span> <span class='ocrx_word' id='word_1_463' title='bbox 942 5285 1322 5353; x_wconf 76' lang='lat' dir='ltr'><strong>interpretatur</strong></span> <span class='ocrx_word' id='word_1_464' title='bbox 1344 5285 1484 5340; x_wconf 89' lang='lat' dir='ltr'><strong>enim</strong></span> <span class='ocrx_word' id='word_1_465' title='bbox 1503 5303 1624 5342; x_wconf 91' lang='lat' dir='ltr'><strong>cum</strong></span> <span class='ocrx_word' id='word_1_466' title='bbox 1646 5304 1709 5344; x_wconf 87' lang='lat' dir='ltr'><strong>ea</strong></span> <span class='ocrx_word' id='word_1_467' title='bbox 1733 5305 1835 5360; x_wconf 88' lang='lat' dir='ltr'><strong>qua</strong></span> <span class='ocrx_word' id='word_1_468' title='bbox 1857 5306 1951 5360; x_wconf 86' lang='lat' dir='ltr'><strong>par</strong></span> <span class='ocrx_word' id='word_1_469' title='bbox 1973 5303 2058 5347; x_wconf 87' lang='lat' dir='ltr'><strong>est</strong></span> 
     </span>
    </p>
   </div>
   <div class='ocr_carea' id='block_1_56' title="bbox 473 5375 2052 5450">
    <p class='ocr_par' dir='ltr' id='par_1_56' title="bbox 473 5375 2052 5450">
     <span class='ocr_line' id='line_1_56' title="bbox 473 5375 2052 5450; baseline 0.003 -17"><span class='ocrx_word' id='word_1_470' title='bbox 473 5378 774 5450; x_wconf 76' lang='lat' dir='ltr'><strong>prudentia,</strong></span> <span class='ocrx_word' id='word_1_471' title='bbox 803 5375 1069 5448; x_wconf 90' lang='lat' dir='ltr'><strong>quomodo</strong></span> <span class='ocrx_word' id='word_1_472' title='bbox 1094 5375 1190 5430; x_wconf 82' lang='lat' dir='ltr'><strong>fuit</strong></span> <span class='ocrx_word' id='word_1_473' title='bbox 1210 5377 1459 5431; x_wconf 85' lang='lat' dir='ltr'><strong>sacerdos</strong></span> <span class='ocrx_word' id='word_1_474' title='bbox 1487 5379 1780 5434; x_wconf 87' lang='lat' dir='ltr'><strong>secundum</strong></span> <span class='ocrx_word' id='word_1_475' title='bbox 1810 5381 2052 5438; x_wconf 87' lang='lat' dir='ltr'><strong>ordinem</strong></span> 
     </span>
    </p>
   </div>
   <div class='ocr_carea' id='block_1_57' title="bbox 481 5467 2056 5540">
    <p class='ocr_par' dir='ltr' id='par_1_57' title="bbox 481 5467 2056 5540">
     <span class='ocr_line' id='line_1_57' title="bbox 481 5467 2056 5540; baseline -0.008 -13"><span class='ocrx_word' id='word_1_476' title='bbox 481 5472 863 5529; x_wconf 86' lang='lat' dir='ltr'><strong>Melchisedec.</strong></span> <span class='ocrx_word' id='word_1_477' title='bbox 902 5467 1010 5521; x_wconf 88' lang='lat' dir='ltr'><strong>Nos</strong></span> <span class='ocrx_word' id='word_1_478' title='bbox 1048 5477 1225 5522; x_wconf 90' lang='lat' dir='ltr'><strong>autem</strong></span> <span class='ocrx_word' id='word_1_479' title='bbox 1280 5483 1464 5522; x_wconf 90' lang='lat' dir='ltr'><strong>rursus</strong></span> <span class='ocrx_word' id='word_1_480' title='bbox 1499 5468 1567 5523; x_wconf 87' lang='lat' dir='ltr'><strong>ad</strong></span> <span class='ocrx_word' id='word_1_481' title='bbox 1609 5471 1937 5540; x_wconf 79' lang='lat' dir='ltr'><strong>propositum</strong></span> <span class='ocrx_word' id='word_1_482' title='bbox 1969 5490 2056 5529; x_wconf 90' lang='lat' dir='ltr'><strong>re-</strong></span> 
     </span>
    </p>
   </div>
   <div class='ocr_carea' id='block_1_58' title="bbox 474 5557 2054 5624">
    <p class='ocr_par' dir='ltr' id='par_1_58' title="bbox 474 5557 2054 5624">
     <span class='ocr_line' id='line_1_58' title="bbox 474 5557 2054 5624; baseline 0.006 -12"><span class='ocrx_word' id='word_1_483' title='bbox 474 5570 759 5614; x_wconf 85' lang='lat' dir='ltr'><strong>vertantur.</strong></span> <span class='ocrx_word' id='word_1_484' title='bbox 785 5557 926 5613; x_wconf 83' lang='lat' dir='ltr'><strong>Dixit</strong></span> <span class='ocrx_word' id='word_1_485' title='bbox 951 5557 1202 5613; x_wconf 81' lang='lat' dir='ltr'><strong>Dominus</strong></span> <span class='ocrx_word' id='word_1_486' title='bbox 1223 5557 1440 5612; x_wconf 89' lang='lat' dir='ltr'><strong>Domino</strong></span> <span class='ocrx_word' id='word_1_487' title='bbox 1466 5577 1575 5614; x_wconf 88' lang='lat' dir='ltr'><strong>meo</strong></span> <span class='ocrx_word' id='word_1_488' title='bbox 1594 5601 1608 5624; x_wconf 92' lang='lat'><strong>,</strong></span> <span class='ocrx_word' id='word_1_489' title='bbox 1639 5561 1774 5616; x_wconf 84' lang='lat' dir='ltr'><strong>Sede</strong></span> <span class='ocrx_word' id='word_1_490' title='bbox 1801 5580 1833 5616; x_wconf 92' lang='lat' dir='ltr'><strong>a</strong></span> <span class='ocrx_word' id='word_1_491' title='bbox 1863 5565 2054 5621; x_wconf 86' lang='lat' dir='ltr'><strong>dextris</strong></span> 
     </span>
    </p>
   </div>
   <div class='ocr_carea' id='block_1_59' title="bbox 476 5648 2057 5720">
    <p class='ocr_par' dir='ltr' id='par_1_59' title="bbox 476 5648 2057 5720">
     <span class='ocr_line' id='line_1_59' title="bbox 476 5648 2057 5720; baseline 0.006 -16"><span class='ocrx_word' id='word_1_492' title='bbox 476 5653 618 5706; x_wconf 72' lang='lat' dir='ltr'><strong>meis.</strong></span> <span class='ocrx_word' id='word_1_493' title='bbox 668 5649 852 5706; x_wconf 84' lang='lat' dir='ltr'><strong>Vidisti</strong></span> <span class='ocrx_word' id='word_1_494' title='bbox 903 5650 1257 5720; x_wconf 67' lang='lat' dir='ltr'><strong>aequalitatem</strong></span> <span class='ocrx_word' id='word_1_495' title='bbox 1310 5648 1583 5705; x_wconf 80' lang='lat' dir='ltr'><strong>honoris?</strong></span> <span class='ocrx_word' id='word_1_496' title='bbox 1623 5651 1724 5708; x_wconf 91' lang='lat' dir='ltr'><strong>Ubi</strong></span> <span class='ocrx_word' id='word_1_497' title='bbox 1775 5655 1915 5709; x_wconf 90' lang='lat' dir='ltr'><strong>enim</strong></span> <span class='ocrx_word' id='word_1_498' title='bbox 1973 5667 2057 5713; x_wconf 89' lang='lat' dir='ltr'><strong>est</strong></span> 
     </span>
    </p>
   </div>
   <div class='ocr_carea' id='block_1_60' title="bbox 479 5742 2052 5814">
    <p class='ocr_par' dir='ltr' id='par_1_60' title="bbox 479 5742 2052 5814">
     <span class='ocr_line' id='line_1_60' title="bbox 479 5742 2052 5814; baseline 0.004 -16"><span class='ocrx_word' id='word_1_499' title='bbox 479 5746 742 5812; x_wconf 83' lang='lat' dir='ltr'><strong>thronus,</strong></span> <span class='ocrx_word' id='word_1_500' title='bbox 771 5742 878 5798; x_wconf 90' lang='lat' dir='ltr'><strong>illic</strong></span> <span class='ocrx_word' id='word_1_501' title='bbox 921 5752 1001 5799; x_wconf 84' lang='lat' dir='ltr'><strong>est</strong></span> <span class='ocrx_word' id='word_1_502' title='bbox 1027 5742 1246 5814; x_wconf 83' lang='lat' dir='ltr'><strong>_signum</strong></span> <span class='ocrx_word' id='word_1_503' title='bbox 1273 5742 1422 5813; x_wconf 77' lang='lat' dir='ltr'><strong>regni</strong></span> <span class='ocrx_word' id='word_1_504' title='bbox 1447 5759 1462 5799; x_wconf 88' lang='lat'><strong>:</strong></span> <span class='ocrx_word' id='word_1_505' title='bbox 1494 5742 1583 5799; x_wconf 85' lang='lat' dir='ltr'><strong>ubi</strong></span> <span class='ocrx_word' id='word_1_506' title='bbox 1626 5755 1801 5801; x_wconf 85' lang='lat' dir='ltr'><strong>autem</strong></span> <span class='ocrx_word' id='word_1_507' title='bbox 1832 5746 2052 5806; x_wconf 76' lang='lat' dir='ltr'><strong>thronus</strong></span> 
     </span>
    </p>
   </div>
   <div class='ocr_carea' id='block_1_61' title="bbox 1143 315 3038 386">
    <p class='ocr_par' dir='ltr' id='par_1_61' title="bbox 1143 315 3038 386">
     <span class='ocr_line' id='line_1_61' title="bbox 1143 315 3038 386; baseline 0.007 -13"><span class='ocrx_word' id='word_1_508' title='bbox 1143 355 1150 360; x_wconf 92' lang='lat'><em>-</em></span> <span class='ocrx_word' id='word_1_509' title='bbox 1233 317 1288 374; x_wconf 94' lang='lat' dir='ltr'><strong>S.</strong></span> <span class='ocrx_word' id='word_1_510' title='bbox 1324 316 1602 374; x_wconf 75' lang='lat' dir='ltr'><strong>JOANNIS</strong></span> <span class='ocrx_word' id='word_1_511' title='bbox 1639 315 2110 374; x_wconf 78' lang='lat' dir='ltr'><strong>CHRYSOSTOMI</strong></span> <span class='ocrx_word' id='word_1_512' title='bbox 2147 318 2462 378; x_wconf 82' lang='lat' dir='ltr'><strong>ARCHIEP.</strong></span> <span class='ocrx_word' id='word_1_513' title='bbox 2502 322 3038 386; x_wconf 82' lang='lat' dir='ltr'><strong>CONSTANTINOP.</strong></span> 
     </span>
    </p>
   </div>
   <div class='ocr_carea' id='block_1_62' title="bbox 3667 341 3770 397">
    <p class='ocr_par' dir='ltr' id='par_1_62' title="bbox 3667 341 3770 397">
     <span class='ocr_line' id='line_1_62' title="bbox 3667 341 3770 397; baseline 0.039 -4"><span class='ocrx_word' id='word_1_514' title='bbox 3667 341 3770 397; x_wconf 74' lang='lat'><strong>268</strong></span> 
     </span>
    </p>
   </div>
   <div class='ocr_carea' id='block_1_63' title="bbox 2188 439 3766 520">
    <p class='ocr_par' dir='ltr' id='par_1_63' title="bbox 2188 439 3766 520">
     <span class='ocr_line' id='line_1_63' title="bbox 2188 439 3766 520; baseline 0.015 -32"><span class='ocrx_word' id='word_1_515' title='bbox 2188 450 2327 491; x_wconf 83' lang='lat' dir='ltr'><strong>unus</strong></span> <span class='ocrx_word' id='word_1_516' title='bbox 2351 477 2366 501; x_wconf 94' lang='lat'><strong>,</strong></span> <span class='ocrx_word' id='word_1_517' title='bbox 2391 446 2475 493; x_wconf 89' lang='lat' dir='ltr'><strong>est</strong></span> <span class='ocrx_word' id='word_1_518' title='bbox 2503 439 2742 507; x_wconf 89' lang='lat' dir='ltr'><strong>ejusdem</strong></span> <span class='ocrx_word' id='word_1_519' title='bbox 2769 443 2920 513; x_wconf 88' lang='lat' dir='ltr'><strong>regni</strong></span> <span class='ocrx_word' id='word_1_520' title='bbox 2947 443 3166 501; x_wconf 90' lang='lat' dir='ltr'><strong>honoris</strong></span> <span class='ocrx_word' id='word_1_521' title='bbox 3191 449 3485 518; x_wconf 69' lang='lat' dir='ltr'><strong>aequalitas.</strong></span> <span class='ocrx_word' id='word_1_522' title='bbox 3507 451 3766 520; x_wconf 78' lang='lat' dir='ltr'><strong>Quocirca</strong></span> 
     </span>
    </p>
   </div>
   <div class='ocr_carea' id='block_1_64' title="bbox 2183 525 3764 614">
    <p class='ocr_par' dir='ltr' id='par_1_64' title="bbox 2183 525 3764 614">
     <span class='ocr_line' id='line_1_64' title="bbox 2183 525 3764 614; baseline 0.013 -34"><span class='ocrx_word' id='word_1_523' title='bbox 2183 525 2380 583; x_wconf 87' lang='lat' dir='ltr'><strong>Paulus</strong></span> <span class='ocrx_word' id='word_1_524' title='bbox 2400 544 2611 601; x_wconf 90' lang='lat' dir='ltr'><strong>quoque</strong></span> <span class='ocrx_word' id='word_1_525' title='bbox 2636 531 2875 590; x_wconf 84' lang='lat' dir='ltr'><strong>dicebat:</strong></span> <span class='ocrx_word' id='word_1_526' title='bbox 2903 535 3005 604; x_wconf 88' lang='lat' dir='ltr'><strong>Qui</strong></span> <span class='ocrx_word' id='word_1_527' title='bbox 3028 537 3152 607; x_wconf 81' lang='lat' dir='ltr'><strong>facit</strong></span> <span class='ocrx_word' id='word_1_528' title='bbox 3179 541 3381 611; x_wconf 83' lang='lat' dir='ltr'><strong>angelos</strong></span> <span class='ocrx_word' id='word_1_529' title='bbox 3397 558 3513 597; x_wconf 89' lang='lat' dir='ltr'><strong>suos</strong></span> <span class='ocrx_word' id='word_1_530' title='bbox 3537 545 3764 614; x_wconf 75' lang='lat' dir='ltr'><strong>spiritus,</strong></span> 
     </span>
    </p>
   </div>
   <div class='ocr_carea' id='block_1_65' title="bbox 2182 619 3766 699">
    <p class='ocr_par' dir='ltr' id='par_1_65' title="bbox 2182 619 3766 699">
     <span class='ocr_line' id='line_1_65' title="bbox 2182 619 3766 699; baseline 0.013 -28"><span class='ocrx_word' id='word_1_531' title='bbox 2182 627 2230 672; x_wconf 88' lang='lat' dir='ltr'><strong>et</strong></span> <span class='ocrx_word' id='word_1_532' title='bbox 2256 619 2511 676; x_wconf 87' lang='lat' dir='ltr'><strong>ministros</strong></span> <span class='ocrx_word' id='word_1_533' title='bbox 2551 639 2668 677; x_wconf 89' lang='lat' dir='ltr'><strong>suos</strong></span> <span class='ocrx_word' id='word_1_534' title='bbox 2707 625 2969 694; x_wconf 82' lang='lat' dir='ltr'><strong>ﬂammam</strong></span> <span class='ocrx_word' id='word_1_535' title='bbox 3005 628 3156 699; x_wconf 83' lang='lat' dir='ltr'><strong>ignis.</strong></span> <span class='ocrx_word' id='word_1_536' title='bbox 3193 630 3273 684; x_wconf 78' lang='lat' dir='ltr'><strong>Ad</strong></span> <span class='ocrx_word' id='word_1_537' title='bbox 3325 630 3516 688; x_wconf 83' lang='lat' dir='ltr'><strong>Filium</strong></span> <span class='ocrx_word' id='word_1_538' title='bbox 3562 648 3766 691; x_wconf 82' lang='lat' dir='ltr'><strong>autem:</strong></span> 
     </span>
    </p>
   </div>
   <div class='ocr_carea' id='block_1_66' title="bbox 2185 708 3759 800">
    <p class='ocr_par' dir='ltr' id='par_1_66' title="bbox 2185 708 3759 800">
     <span class='ocr_line' id='line_1_66' title="bbox 2185 708 3759 800; baseline 0.01 -36"><span class='ocrx_word' id='word_1_539' title='bbox 2185 708 2416 766; x_wconf 84' lang='lat' dir='ltr'><strong>Thronus</strong></span> <span class='ocrx_word' id='word_1_540' title='bbox 2445 723 2581 780; x_wconf 89' lang='lat' dir='ltr'><strong>tuus,</strong></span> <span class='ocrx_word' id='word_1_541' title='bbox 2610 714 2763 782; x_wconf 87' lang='lat' dir='ltr'><strong>Deus,</strong></span> <span class='ocrx_word' id='word_1_542' title='bbox 2789 718 2841 771; x_wconf 88' lang='lat' dir='ltr'><strong>in</strong></span> <span class='ocrx_word' id='word_1_543' title='bbox 2856 720 3285 776; x_wconf 63' lang='lat' dir='ltr'><strong>saaculumsaaculi</strong></span> <span class='ocrx_word' id='word_1_544' title='bbox 3311 721 3494 793; x_wconf 84' lang='lat' dir='ltr'><strong>(Hebr.</strong></span> <span class='ocrx_word' id='word_1_545' title='bbox 3521 727 3570 780; x_wconf 80' lang='lat' dir='ltr'><strong>i.</strong></span> <span class='ocrx_word' id='word_1_546' title='bbox 3601 728 3653 781; x_wconf 89' lang='lat'><strong>7.</strong></span> <span class='ocrx_word' id='word_1_547' title='bbox 3684 729 3759 800; x_wconf 89' lang='lat'><strong>8).</strong></span> 
     </span>
    </p>
   </div>
   <div class='ocr_carea' id='block_1_67' title="bbox 2181 801 3758 883">
    <p class='ocr_par' dir='ltr' id='par_1_67' title="bbox 2181 801 3758 883">
     <span class='ocr_line' id='line_1_67' title="bbox 2181 801 3758 883; baseline 0.01 -25"><span class='ocrx_word' id='word_1_548' title='bbox 2181 801 2258 858; x_wconf 82' lang='lat' dir='ltr'><strong>ita</strong></span> <span class='ocrx_word' id='word_1_549' title='bbox 2287 803 2444 858; x_wconf 87' lang='lat' dir='ltr'><strong>etiam</strong></span> <span class='ocrx_word' id='word_1_550' title='bbox 2477 805 2662 860; x_wconf 87' lang='lat' dir='ltr'><strong>Daniel</strong></span> <span class='ocrx_word' id='word_1_551' title='bbox 2706 807 2850 862; x_wconf 87' lang='lat' dir='ltr'><strong>videt</strong></span> <span class='ocrx_word' id='word_1_552' title='bbox 2893 810 3193 866; x_wconf 88' lang='lat' dir='ltr'><strong>universam</strong></span> <span class='ocrx_word' id='word_1_553' title='bbox 3223 814 3436 883; x_wconf 90' lang='lat' dir='ltr'><strong>quidem</strong></span> <span class='ocrx_word' id='word_1_554' title='bbox 3464 826 3758 872; x_wconf 87' lang='lat' dir='ltr'><strong>creaturam</strong></span> 
     </span>
    </p>
   </div>
   <div class='ocr_carea' id='block_1_68' title="bbox 2179 897 3761 977">
    <p class='ocr_par' dir='ltr' id='par_1_68' title="bbox 2179 897 3761 977">
     <span class='ocr_line' id='line_1_68' title="bbox 2179 897 3761 977; baseline 0.012 -31"><span class='ocrx_word' id='word_1_555' title='bbox 2179 897 2554 964; x_wconf 87' lang='lat' dir='ltr'><strong>assistentem,</strong></span> <span class='ocrx_word' id='word_1_556' title='bbox 2613 909 2668 954; x_wconf 90' lang='lat' dir='ltr'><strong>et</strong></span> <span class='ocrx_word' id='word_1_557' title='bbox 2735 901 2955 972; x_wconf 88' lang='lat' dir='ltr'><strong>angelos</strong></span> <span class='ocrx_word' id='word_1_558' title='bbox 3018 913 3071 958; x_wconf 90' lang='lat' dir='ltr'><strong>et</strong></span> <span class='ocrx_word' id='word_1_559' title='bbox 3132 905 3516 977; x_wconf 86' lang='lat' dir='ltr'><strong>archangelos,</strong></span> <span class='ocrx_word' id='word_1_560' title='bbox 3569 909 3761 965; x_wconf 86' lang='lat' dir='ltr'><strong>Filium</strong></span> 
     </span>
    </p>
   </div>
   <div class='ocr_carea' id='block_1_69' title="bbox 2177 991 3759 1068">
    <p class='ocr_par' dir='ltr' id='par_1_69' title="bbox 2177 991 3759 1068">
     <span class='ocr_line' id='line_1_69' title="bbox 2177 991 3759 1068; baseline 0.011 -28"><span class='ocrx_word' id='word_1_561' title='bbox 2177 999 2355 1042; x_wconf 88' lang='lat' dir='ltr'><strong>autem</strong></span> <span class='ocrx_word' id='word_1_562' title='bbox 2380 991 2610 1046; x_wconf 89' lang='lat' dir='ltr'><strong>hominis</strong></span> <span class='ocrx_word' id='word_1_563' title='bbox 2627 993 2924 1048; x_wconf 89' lang='lat' dir='ltr'><strong>venientem</strong></span> <span class='ocrx_word' id='word_1_564' title='bbox 2949 995 2998 1048; x_wconf 94' lang='lat' dir='ltr'><strong>in</strong></span> <span class='ocrx_word' id='word_1_565' title='bbox 3021 995 3272 1065; x_wconf 91' lang='lat' dir='ltr'><strong>nubibus,</strong></span> <span class='ocrx_word' id='word_1_566' title='bbox 3290 1007 3344 1052; x_wconf 91' lang='lat' dir='ltr'><strong>et</strong></span> <span class='ocrx_word' id='word_1_567' title='bbox 3367 1002 3759 1068; x_wconf 85' lang='lat' dir='ltr'><strong>pervenientem</strong></span> 
     </span>
    </p>
   </div>
   <div class='ocr_carea' id='block_1_70' title="bbox 2181 1081 3761 1159">
    <p class='ocr_par' dir='ltr' id='par_1_70' title="bbox 2181 1081 3761 1159">
     <span class='ocr_line' id='line_1_70' title="bbox 2181 1081 3761 1159; baseline 0.01 -27"><span class='ocrx_word' id='word_1_568' title='bbox 2181 1094 2346 1148; x_wconf 89' lang='lat' dir='ltr'><strong>usque</strong></span> <span class='ocrx_word' id='word_1_569' title='bbox 2366 1081 2431 1135; x_wconf 86' lang='lat' dir='ltr'><strong>ad</strong></span> <span class='ocrx_word' id='word_1_570' title='bbox 2457 1082 2728 1152; x_wconf 87' lang='lat' dir='ltr'><strong>antiquum</strong></span> <span class='ocrx_word' id='word_1_571' title='bbox 2747 1085 2952 1140; x_wconf 79' lang='lat' dir='ltr'><strong>dierum</strong></span> <span class='ocrx_word' id='word_1_572' title='bbox 2984 1085 3142 1155; x_wconf 88' lang='lat' dir='ltr'><strong>(Dan.</strong></span> <span class='ocrx_word' id='word_1_573' title='bbox 3173 1088 3248 1159; x_wconf 87' lang='grc'><strong>7).</strong></span> <span class='ocrx_word' id='word_1_574' title='bbox 3268 1089 3422 1155; x_wconf 92' lang='lat' dir='ltr'><strong>Quod</strong></span> <span class='ocrx_word' id='word_1_575' title='bbox 3451 1093 3495 1145; x_wconf 90' lang='lat' dir='ltr'><strong>si</strong></span> <span class='ocrx_word' id='word_1_576' title='bbox 3524 1095 3761 1149; x_wconf 86' lang='lat' dir='ltr'><strong>nonnulli</strong></span> 
     </span>
    </p>
   </div>
   <div class='ocr_carea' id='block_1_71' title="bbox 2177 1172 3760 1248">
    <p class='ocr_par' dir='ltr' id='par_1_71' title="bbox 2177 1172 3760 1248">
     <span class='ocr_line' id='line_1_71' title="bbox 2177 1172 3760 1248; baseline 0.011 -22"><span class='ocrx_word' id='word_1_577' title='bbox 2177 1172 2516 1230; x_wconf 77' lang='lat' dir='ltr'><strong>oﬁ‘eudautur</strong></span> <span class='ocrx_word' id='word_1_578' title='bbox 2543 1191 2605 1230; x_wconf 85' lang='lat' dir='ltr'><strong>ex</strong></span> <span class='ocrx_word' id='word_1_579' title='bbox 2639 1193 2704 1231; x_wconf 90' lang='lat' dir='ltr'><strong>eo</strong></span> <span class='ocrx_word' id='word_1_580' title='bbox 2725 1179 2865 1248; x_wconf 89' lang='lat' dir='ltr'><strong>quod</strong></span> <span class='ocrx_word' id='word_1_581' title='bbox 2884 1181 2962 1235; x_wconf 93' lang='lat' dir='ltr'><strong>sic</strong></span> <span class='ocrx_word' id='word_1_582' title='bbox 2990 1181 3249 1247; x_wconf 89' lang='lat' dir='ltr'><strong>dicamus,</strong></span> <span class='ocrx_word' id='word_1_583' title='bbox 3273 1185 3494 1240; x_wconf 87' lang='lat' dir='ltr'><strong>audiant</strong></span> <span class='ocrx_word' id='word_1_584' title='bbox 3521 1202 3642 1242; x_wconf 89' lang='lat' dir='ltr'><strong>eum</strong></span> <span class='ocrx_word' id='word_1_585' title='bbox 3671 1203 3760 1243; x_wconf 90' lang='lat' dir='ltr'><strong>se-</strong></span> 
     </span>
    </p>
   </div>
   <div class='ocr_carea' id='block_1_72' title="bbox 2175 1265 3759 1342">
    <p class='ocr_par' dir='ltr' id='par_1_72' title="bbox 2175 1265 3759 1342">
     <span class='ocr_line' id='line_1_72' title="bbox 2175 1265 3759 1342; baseline 0.009 -22"><span class='ocrx_word' id='word_1_586' title='bbox 2175 1265 2305 1322; x_wconf 91' lang='lat' dir='ltr'><strong>dere</strong></span> <span class='ocrx_word' id='word_1_587' title='bbox 2339 1283 2369 1321; x_wconf 88' lang='lat' dir='ltr'><strong>a</strong></span> <span class='ocrx_word' id='word_1_588' title='bbox 2397 1269 2600 1324; x_wconf 85' lang='lat' dir='ltr'><strong>dextris</strong></span> <span class='ocrx_word' id='word_1_589' title='bbox 2625 1307 2640 1336; x_wconf 79' lang='lat'><strong>,</strong></span> <span class='ocrx_word' id='word_1_590' title='bbox 2668 1281 2721 1326; x_wconf 91' lang='lat' dir='ltr'><strong>et</strong></span> <span class='ocrx_word' id='word_1_591' title='bbox 2748 1271 2996 1327; x_wconf 87' lang='lat' dir='ltr'><strong>desinant</strong></span> <span class='ocrx_word' id='word_1_592' title='bbox 3038 1273 3257 1330; x_wconf 78' lang='lat' dir='ltr'><strong>oﬂ‘endi.</strong></span> <span class='ocrx_word' id='word_1_593' title='bbox 3304 1277 3759 1342; x_wconf 84' lang='lat' dir='ltr'><strong>Quemadmodum</strong></span> 
     </span>
    </p>
   </div>
   <div class='ocr_carea' id='block_1_73' title="bbox 2177 1360 3759 1439">
    <p class='ocr_par' dir='ltr' id='par_1_73' title="bbox 2177 1360 3759 1439">
     <span class='ocr_line' id='line_1_73' title="bbox 2177 1360 3759 1439; baseline 0.008 -27"><span class='ocrx_word' id='word_1_594' title='bbox 2177 1360 2318 1413; x_wconf 90' lang='lat' dir='ltr'><strong>enim</strong></span> <span class='ocrx_word' id='word_1_595' title='bbox 2348 1375 2444 1414; x_wconf 86' lang='lat' dir='ltr'><strong>nos</strong></span> <span class='ocrx_word' id='word_1_596' title='bbox 2473 1378 2576 1416; x_wconf 90' lang='lat' dir='ltr'><strong>non</strong></span> <span class='ocrx_word' id='word_1_597' title='bbox 2607 1363 2834 1418; x_wconf 89' lang='lat' dir='ltr'><strong>dicimus</strong></span> <span class='ocrx_word' id='word_1_598' title='bbox 2863 1379 2984 1419; x_wconf 90' lang='lat' dir='ltr'><strong>eum</strong></span> <span class='ocrx_word' id='word_1_599' title='bbox 3026 1381 3146 1421; x_wconf 90' lang='lat' dir='ltr'><strong>esse</strong></span> <span class='ocrx_word' id='word_1_600' title='bbox 3181 1367 3337 1424; x_wconf 89' lang='lat' dir='ltr'><strong>Patre</strong></span> <span class='ocrx_word' id='word_1_601' title='bbox 3364 1371 3619 1439; x_wconf 87' lang='lat' dir='ltr'><strong>majorem</strong></span> <span class='ocrx_word' id='word_1_602' title='bbox 3649 1413 3664 1436; x_wconf 94' lang='lat'><strong>,</strong></span> <span class='ocrx_word' id='word_1_603' title='bbox 3694 1388 3759 1425; x_wconf 87' lang='lat' dir='ltr'><strong>eo</strong></span> 
     </span>
    </p>
   </div>
   <div class='ocr_carea' id='block_1_74' title="bbox 2175 1451 3758 1526">
    <p class='ocr_par' dir='ltr' id='par_1_74' title="bbox 2175 1451 3758 1526">
     <span class='ocr_line' id='line_1_74' title="bbox 2175 1451 3758 1526; baseline 0.008 -22"><span class='ocrx_word' id='word_1_604' title='bbox 2175 1451 2315 1521; x_wconf 90' lang='lat' dir='ltr'><strong>quod</strong></span> <span class='ocrx_word' id='word_1_605' title='bbox 2345 1468 2373 1505; x_wconf 87' lang='lat' dir='ltr'><strong>a</strong></span> <span class='ocrx_word' id='word_1_606' title='bbox 2402 1453 2604 1509; x_wconf 82' lang='lat' dir='ltr'><strong>dextris</strong></span> <span class='ocrx_word' id='word_1_607' title='bbox 2625 1455 2840 1520; x_wconf 87' lang='lat' dir='ltr'><strong>sedeat,</strong></span> <span class='ocrx_word' id='word_1_608' title='bbox 2869 1473 2987 1526; x_wconf 70' lang='lat' dir='ltr'><strong>qua:</strong></span> <span class='ocrx_word' id='word_1_609' title='bbox 3028 1459 3256 1512; x_wconf 82' lang='lat' dir='ltr'><strong>maxime</strong></span> <span class='ocrx_word' id='word_1_610' title='bbox 3283 1459 3572 1516; x_wconf 87' lang='lat' dir='ltr'><strong>honoriﬁca</strong></span> <span class='ocrx_word' id='word_1_611' title='bbox 3601 1463 3758 1518; x_wconf 85' lang='lat' dir='ltr'><strong>sedes</strong></span> 
     </span>
    </p>
   </div>
   <div class='ocr_carea' id='block_1_75' title="bbox 2175 1547 3756 1621">
    <p class='ocr_par' dir='ltr' id='par_1_75' title="bbox 2175 1547 3756 1621">
     <span class='ocr_line' id='line_1_75' title="bbox 2175 1547 3756 1621; baseline 0.004 -21"><span class='ocrx_word' id='word_1_612' title='bbox 2175 1556 2291 1601; x_wconf 91' lang='lat' dir='ltr'><strong>est:</strong></span> <span class='ocrx_word' id='word_1_613' title='bbox 2317 1547 2384 1601; x_wconf 89' lang='lat' dir='ltr'><strong>ita</strong></span> <span class='ocrx_word' id='word_1_614' title='bbox 2418 1563 2514 1602; x_wconf 92' lang='lat' dir='ltr'><strong>nec</strong></span> <span class='ocrx_word' id='word_1_615' title='bbox 2543 1558 2595 1602; x_wconf 90' lang='lat' dir='ltr'><strong>tu</strong></span> <span class='ocrx_word' id='word_1_616' title='bbox 2633 1563 2755 1603; x_wconf 89' lang='lat' dir='ltr'><strong>eum</strong></span> <span class='ocrx_word' id='word_1_617' title='bbox 2796 1549 3056 1605; x_wconf 91' lang='lat' dir='ltr'><strong>minorem</strong></span> <span class='ocrx_word' id='word_1_618' title='bbox 3087 1561 3140 1605; x_wconf 90' lang='lat' dir='ltr'><strong>et</strong></span> <span class='ocrx_word' id='word_1_619' title='bbox 3170 1550 3473 1608; x_wconf 80' lang='lat' dir='ltr'><strong>inferiorem</strong></span> <span class='ocrx_word' id='word_1_620' title='bbox 3515 1553 3711 1608; x_wconf 80' lang='lat' dir='ltr'><strong>dixeris</strong></span> <span class='ocrx_word' id='word_1_621' title='bbox 3738 1595 3756 1621; x_wconf 93' lang='lat'><strong>,</strong></span> 
     </span>
    </p>
   </div>
   <div class='ocr_carea' id='block_1_76' title="bbox 2173 1638 3750 1716">
    <p class='ocr_par' dir='ltr' id='par_1_76' title="bbox 2173 1638 3750 1716">
     <span class='ocr_line' id='line_1_76' title="bbox 2173 1638 3750 1716; baseline 0.004 -22"><span class='ocrx_word' id='word_1_622' title='bbox 2173 1639 2271 1694; x_wconf 86' lang='lat' dir='ltr'><strong>sed</strong></span> <span class='ocrx_word' id='word_1_623' title='bbox 2297 1638 2499 1695; x_wconf 90' lang='lat' dir='ltr'><strong>honore</strong></span> <span class='ocrx_word' id='word_1_624' title='bbox 2535 1657 2713 1710; x_wconf 88' lang='lat' dir='ltr'><strong>parem</strong></span> <span class='ocrx_word' id='word_1_625' title='bbox 2736 1651 2791 1697; x_wconf 89' lang='lat' dir='ltr'><strong>et</strong></span> <span class='ocrx_word' id='word_1_626' title='bbox 2816 1644 3093 1713; x_wconf 74' lang='lat' dir='ltr'><strong>mqualem.</strong></span> <span class='ocrx_word' id='word_1_627' title='bbox 3123 1643 3176 1698; x_wconf 88' lang='lat' dir='ltr'><strong>Id</strong></span> <span class='ocrx_word' id='word_1_628' title='bbox 3199 1645 3338 1699; x_wconf 89' lang='lat' dir='ltr'><strong>enim</strong></span> <span class='ocrx_word' id='word_1_629' title='bbox 3371 1646 3629 1716; x_wconf 89' lang='lat' dir='ltr'><strong>signiﬁcat</strong></span> <span class='ocrx_word' id='word_1_630' title='bbox 3659 1663 3750 1702; x_wconf 88' lang='lat' dir='ltr'><strong>so-</strong></span> 
     </span>
    </p>
   </div>
   <div class='ocr_carea' id='block_1_77' title="bbox 2173 1732 3757 1806">
    <p class='ocr_par' dir='ltr' id='par_1_77' title="bbox 2173 1732 3757 1806">
     <span class='ocr_line' id='line_1_77' title="bbox 2173 1732 3757 1806; baseline 0.004 -20"><span class='ocrx_word' id='word_1_631' title='bbox 2173 1732 2338 1786; x_wconf 90' lang='lat' dir='ltr'><strong>cietas</strong></span> <span class='ocrx_word' id='word_1_632' title='bbox 2365 1733 2640 1788; x_wconf 89' lang='lat' dir='ltr'><strong>sessionis.</strong></span> <span class='ocrx_word' id='word_1_633' title='bbox 2672 1733 2847 1790; x_wconf 85' lang='lat' dir='ltr'><strong>Donec</strong></span> <span class='ocrx_word' id='word_1_634' title='bbox 2873 1753 3059 1806; x_wconf 89' lang='lat' dir='ltr'><strong>ponam</strong></span> <span class='ocrx_word' id='word_1_635' title='bbox 3087 1737 3316 1792; x_wconf 74' lang='lat' dir='ltr'><strong>inimicos</strong></span> <span class='ocrx_word' id='word_1_636' title='bbox 3341 1747 3457 1792; x_wconf 86' lang='lat' dir='ltr'><strong>tuos</strong></span> <span class='ocrx_word' id='word_1_637' title='bbox 3484 1740 3757 1793; x_wconf 83' lang='lat' dir='ltr'><strong>scabellum</strong></span> 
     </span>
    </p>
   </div>
   <div class='ocr_carea' id='block_1_78' title="bbox 2174 1825 3754 1897">
    <p class='ocr_par' dir='ltr' id='par_1_78' title="bbox 2174 1825 3754 1897">
     <span class='ocr_line' id='line_1_78' title="bbox 2174 1825 3754 1897; baseline 0.002 -17"><span class='ocrx_word' id='word_1_638' title='bbox 2174 1825 2359 1894; x_wconf 84' lang='lat' dir='ltr'><strong>pedum</strong></span> <span class='ocrx_word' id='word_1_639' title='bbox 2383 1836 2602 1880; x_wconf 87' lang='lat' dir='ltr'><strong>tuorum.</strong></span> <span class='ocrx_word' id='word_1_640' title='bbox 2628 1827 2696 1882; x_wconf 85' lang='lat' dir='ltr'><strong>Et</strong></span> <span class='ocrx_word' id='word_1_641' title='bbox 2721 1828 2935 1897; x_wconf 88' lang='lat' dir='ltr'><strong>quinam</strong></span> <span class='ocrx_word' id='word_1_642' title='bbox 2958 1837 3082 1882; x_wconf 89' lang='lat' dir='ltr'><strong>sunt</strong></span> <span class='ocrx_word' id='word_1_643' title='bbox 3107 1828 3304 1884; x_wconf 88' lang='lat' dir='ltr'><strong>inimici</strong></span> <span class='ocrx_word' id='word_1_644' title='bbox 3327 1828 3350 1881; x_wconf 82' lang='lat'><strong>?</strong></span> <span class='ocrx_word' id='word_1_645' title='bbox 3370 1829 3504 1883; x_wconf 85' lang='lat' dir='ltr'><strong>Audi</strong></span> <span class='ocrx_word' id='word_1_646' title='bbox 3537 1829 3754 1884; x_wconf 85' lang='lat' dir='ltr'><strong>Paulum</strong></span> 
     </span>
    </p>
   </div>
   <div class='ocr_carea' id='block_1_79' title="bbox 2173 1917 3757 1990">
    <p class='ocr_par' dir='ltr' id='par_1_79' title="bbox 2173 1917 3757 1990">
     <span class='ocr_line' id='line_1_79' title="bbox 2173 1917 3757 1990; baseline 0.003 -18"><span class='ocrx_word' id='word_1_647' title='bbox 2173 1919 2473 1974; x_wconf 86' lang='lat' dir='ltr'><strong>dicentem:</strong></span> <span class='ocrx_word' id='word_1_648' title='bbox 2508 1917 2756 1972; x_wconf 68' lang='lat' dir='ltr'><strong>Primitias</strong></span> <span class='ocrx_word' id='word_1_649' title='bbox 2783 1917 3056 1974; x_wconf 77' lang='lat' dir='ltr'><strong>Christus:</strong></span> <span class='ocrx_word' id='word_1_650' title='bbox 3083 1919 3266 1974; x_wconf 87' lang='lat' dir='ltr'><strong>deinde</strong></span> <span class='ocrx_word' id='word_1_651' title='bbox 3302 1922 3387 1990; x_wconf 86' lang='lat' dir='ltr'><strong>qui</strong></span> <span class='ocrx_word' id='word_1_652' title='bbox 3429 1920 3616 1975; x_wconf 83' lang='lat' dir='ltr'><strong>Christi</strong></span> <span class='ocrx_word' id='word_1_653' title='bbox 3640 1931 3757 1976; x_wconf 81' lang='lat' dir='ltr'><strong>sunt</strong></span> 
     </span>
    </p>
   </div>
   <div class='ocr_carea' id='block_1_80' title="bbox 2171 2009 3753 2084">
    <p class='ocr_par' dir='ltr' id='par_1_80' title="bbox 2171 2009 3753 2084">
     <span class='ocr_line' id='line_1_80' title="bbox 2171 2009 3753 2084; baseline 0.001 -20"><span class='ocrx_word' id='word_1_654' title='bbox 2171 2011 2225 2065; x_wconf 91' lang='lat' dir='ltr'><strong>in</strong></span> <span class='ocrx_word' id='word_1_655' title='bbox 2251 2013 2466 2065; x_wconf 84' lang='lat' dir='ltr'><strong>adventu</strong></span> <span class='ocrx_word' id='word_1_656' title='bbox 2486 2012 2614 2083; x_wconf 80' lang='lat' dir='ltr'><strong>ejus,</strong></span> <span class='ocrx_word' id='word_1_657' title='bbox 2635 2011 2814 2065; x_wconf 87' lang='lat' dir='ltr'><strong>deinde</strong></span> <span class='ocrx_word' id='word_1_658' title='bbox 2841 2012 2979 2080; x_wconf 80' lang='lat' dir='ltr'><strong>ﬁnis.</strong></span> <span class='ocrx_word' id='word_1_659' title='bbox 2999 2009 3209 2081; x_wconf 86' lang='lat' dir='ltr'><strong>Oportet</strong></span> <span class='ocrx_word' id='word_1_660' title='bbox 3236 2013 3368 2066; x_wconf 88' lang='lat' dir='ltr'><strong>enim</strong></span> <span class='ocrx_word' id='word_1_661' title='bbox 3394 2029 3506 2067; x_wconf 86' lang='lat' dir='ltr'><strong>eum</strong></span> <span class='ocrx_word' id='word_1_662' title='bbox 3525 2030 3753 2084; x_wconf 79' lang='lat' dir='ltr'><strong>regnare,</strong></span> 
     </span>
    </p>
   </div>
   <div class='ocr_carea' id='block_1_81' title="bbox 2173 2102 3757 2176">
    <p class='ocr_par' dir='ltr' id='par_1_81' title="bbox 2173 2102 3757 2176">
     <span class='ocr_line' id='line_1_81' title="bbox 2173 2102 3757 2176; baseline 0.004 -22"><span class='ocrx_word' id='word_1_663' title='bbox 2173 2119 2436 2172; x_wconf 84' lang='lat' dir='ltr'><strong>quousque</strong></span> <span class='ocrx_word' id='word_1_664' title='bbox 2461 2102 2683 2172; x_wconf 81' lang='lat' dir='ltr'><strong>posuerit</strong></span> <span class='ocrx_word' id='word_1_665' title='bbox 2708 2118 2879 2157; x_wconf 84' lang='lat' dir='ltr'><strong>omnes</strong></span> <span class='ocrx_word' id='word_1_666' title='bbox 2901 2103 3131 2157; x_wconf 86' lang='lat' dir='ltr'><strong>inimicos</strong></span> <span class='ocrx_word' id='word_1_667' title='bbox 3152 2120 3270 2158; x_wconf 88' lang='lat' dir='ltr'><strong>suos</strong></span> <span class='ocrx_word' id='word_1_668' title='bbox 3293 2105 3385 2158; x_wconf 86' lang='lat' dir='ltr'><strong>sub</strong></span> <span class='ocrx_word' id='word_1_669' title='bbox 3420 2105 3626 2176; x_wconf 82' lang='lat' dir='ltr'><strong>pedibus</strong></span> <span class='ocrx_word' id='word_1_670' title='bbox 3653 2109 3757 2161; x_wconf 81' lang='lat' dir='ltr'><strong>suis</strong></span> 
     </span>
    </p>
   </div>
   <div class='ocr_carea' id='block_1_82' title="bbox 2179 2193 2758 2266">
    <p class='ocr_par' dir='ltr' id='par_1_82' title="bbox 2179 2193 2758 2266">
     <span class='ocr_line' id='line_1_82' title="bbox 2179 2193 2758 2266; baseline -0.002 -18"><span class='ocrx_word' id='word_1_671' title='bbox 2179 2194 2254 2266; x_wconf 82' lang='lat' dir='ltr'><strong>(l.</strong></span> <span class='ocrx_word' id='word_1_672' title='bbox 2284 2194 2400 2249; x_wconf 88' lang='lat' dir='ltr'><strong>Cor.</strong></span> <span class='ocrx_word' id='word_1_673' title='bbox 2425 2195 2509 2249; x_wconf 77' lang='lat'><strong>15.</strong></span> <span class='ocrx_word' id='word_1_674' title='bbox 2539 2193 2758 2265; x_wconf 67' lang='lat'><strong>25-25).</strong></span> 
     </span>
    </p>
   </div>
   <div class='ocr_carea' id='block_1_83' title="bbox 2241 2284 3746 2356">
    <p class='ocr_par' dir='ltr' id='par_1_83' title="bbox 2241 2284 3746 2356">
     <span class='ocr_line' id='line_1_83' title="bbox 2241 2284 3746 2356; baseline 0 -15"><span class='ocrx_word' id='word_1_675' title='bbox 2241 2287 2294 2342; x_wconf 77' lang='lat'><strong>3.</strong></span> <span class='ocrx_word' id='word_1_676' title='bbox 2349 2284 2539 2341; x_wconf 86' lang='lat' dir='ltr'><strong>Vidisti</strong></span> <span class='ocrx_word' id='word_1_677' title='bbox 2567 2285 2994 2356; x_wconf 88' lang='lat' dir='ltr'><strong>propheticorum</strong></span> <span class='ocrx_word' id='word_1_678' title='bbox 3025 2295 3079 2341; x_wconf 92' lang='lat' dir='ltr'><strong>et</strong></span> <span class='ocrx_word' id='word_1_679' title='bbox 3105 2287 3515 2356; x_wconf 88' lang='lat' dir='ltr'><strong>apostolicorum</strong></span> <span class='ocrx_word' id='word_1_680' title='bbox 3553 2289 3746 2343; x_wconf 81' lang='lat' dir='ltr'><strong>verbo-</strong></span> 
     </span>
    </p>
   </div>
   <div class='ocr_carea' id='block_1_84' title="bbox 2172 2379 3753 2437">
    <p class='ocr_par' dir='ltr' id='par_1_84' title="bbox 2172 2379 3753 2437">
     <span class='ocr_line' id='line_1_84' title="bbox 2172 2379 3753 2437; baseline -0.001 -1"><span class='ocrx_word' id='word_1_681' title='bbox 2172 2396 2290 2436; x_wconf 90' lang='lat' dir='ltr'><strong>rum</strong></span> <span class='ocrx_word' id='word_1_682' title='bbox 2314 2380 2645 2436; x_wconf 89' lang='lat' dir='ltr'><strong>concentum</strong></span> <span class='ocrx_word' id='word_1_683' title='bbox 2663 2390 2717 2434; x_wconf 89' lang='lat' dir='ltr'><strong>et</strong></span> <span class='ocrx_word' id='word_1_684' title='bbox 2735 2379 3076 2435; x_wconf 90' lang='lat' dir='ltr'><strong>concordiam</strong></span> <span class='ocrx_word' id='word_1_685' title='bbox 3097 2379 3121 2433; x_wconf 84' lang='lat' dir='ltr'><strong>‘t</strong></span> <span class='ocrx_word' id='word_1_686' title='bbox 3146 2379 3258 2434; x_wconf 91' lang='lat' dir='ltr'><strong>lllic</strong></span> <span class='ocrx_word' id='word_1_687' title='bbox 3277 2381 3419 2435; x_wconf 89' lang='lat' dir='ltr'><strong>enim</strong></span> <span class='ocrx_word' id='word_1_688' title='bbox 3445 2381 3574 2436; x_wconf 87' lang='lat' dir='ltr'><strong>dicit</strong></span> <span class='ocrx_word' id='word_1_689' title='bbox 3604 2403 3615 2437; x_wconf 88' lang='lat'><strong>:</strong></span> <span class='ocrx_word' id='word_1_690' title='bbox 3644 2381 3753 2434; x_wconf 87' lang='lat' dir='ltr'><strong>Do-</strong></span> 
     </span>
    </p>
   </div>
   <div class='ocr_carea' id='block_1_85' title="bbox 2170 2470 3756 2543">
    <p class='ocr_par' dir='ltr' id='par_1_85' title="bbox 2170 2470 3756 2543">
     <span class='ocr_line' id='line_1_85' title="bbox 2170 2470 3756 2543; baseline 0 -16"><span class='ocrx_word' id='word_1_691' title='bbox 2170 2489 2261 2526; x_wconf 89' lang='lat' dir='ltr'><strong>nec</strong></span> <span class='ocrx_word' id='word_1_692' title='bbox 2284 2487 2469 2543; x_wconf 88' lang='lat' dir='ltr'><strong>ponam</strong></span> <span class='ocrx_word' id='word_1_693' title='bbox 2491 2471 2721 2524; x_wconf 82' lang='lat' dir='ltr'><strong>inimicos</strong></span> <span class='ocrx_word' id='word_1_694' title='bbox 2746 2481 2857 2524; x_wconf 90' lang='lat' dir='ltr'><strong>tuos</strong></span> <span class='ocrx_word' id='word_1_695' title='bbox 2895 2470 3168 2524; x_wconf 83' lang='lat' dir='ltr'><strong>scabellum</strong></span> <span class='ocrx_word' id='word_1_696' title='bbox 3196 2472 3376 2539; x_wconf 87' lang='lat' dir='ltr'><strong>pedum</strong></span> <span class='ocrx_word' id='word_1_697' title='bbox 3406 2481 3639 2538; x_wconf 81' lang='lat' dir='ltr'><strong>tuorum,-</strong></span> <span class='ocrx_word' id='word_1_698' title='bbox 3673 2473 3756 2527; x_wconf 35' lang='lat' dir='ltr'><strong>llic</strong></span> 
     </span>
    </p>
   </div>
   <div class='ocr_carea' id='block_1_86' title="bbox 2171 2563 3754 2632">
    <p class='ocr_par' dir='ltr' id='par_1_86' title="bbox 2171 2563 3754 2632">
     <span class='ocr_line' id='line_1_86' title="bbox 2171 2563 3754 2632; baseline 0 -15"><span class='ocrx_word' id='word_1_699' title='bbox 2171 2579 2333 2620; x_wconf 86' lang='lat' dir='ltr'><strong>vero:</strong></span> <span class='ocrx_word' id='word_1_700' title='bbox 2367 2564 2638 2632; x_wconf 83' lang='lat' dir='ltr'><strong>Quousque</strong></span> <span class='ocrx_word' id='word_1_701' title='bbox 2666 2563 2888 2632; x_wconf 85' lang='lat' dir='ltr'><strong>posuerit</strong></span> <span class='ocrx_word' id='word_1_702' title='bbox 2915 2578 3088 2616; x_wconf 88' lang='lat' dir='ltr'><strong>omnes</strong></span> <span class='ocrx_word' id='word_1_703' title='bbox 3111 2563 3343 2616; x_wconf 85' lang='lat' dir='ltr'><strong>inimicos</strong></span> <span class='ocrx_word' id='word_1_704' title='bbox 3365 2573 3495 2616; x_wconf 87' lang='lat' dir='ltr'><strong>tuos.</strong></span> <span class='ocrx_word' id='word_1_705' title='bbox 3524 2563 3626 2617; x_wconf 87' lang='lat' dir='ltr'><strong>Sed</strong></span> <span class='ocrx_word' id='word_1_706' title='bbox 3658 2582 3754 2617; x_wconf 58' lang='lat' dir='ltr'><strong>nec</strong></span> 
     </span>
    </p>
   </div>
   <div class='ocr_carea' id='block_1_87' title="bbox 2169 2653 3756 2727">
    <p class='ocr_par' dir='ltr' id='par_1_87' title="bbox 2169 2653 3756 2727">
     <span class='ocr_line' id='line_1_87' title="bbox 2169 2653 3756 2727; baseline 0.003 -19"><span class='ocrx_word' id='word_1_707' title='bbox 2169 2671 2272 2726; x_wconf 90' lang='lat' dir='ltr'><strong>que</strong></span> <span class='ocrx_word' id='word_1_708' title='bbox 2315 2656 2422 2710; x_wconf 87' lang='lat' dir='ltr'><strong>illic</strong></span> <span class='ocrx_word' id='word_1_709' title='bbox 2465 2654 2592 2708; x_wconf 90' lang='lat' dir='ltr'><strong>illud</strong></span> <span class='ocrx_word' id='word_1_710' title='bbox 2637 2654 2828 2720; x_wconf 88' lang='lat' dir='ltr'><strong>Donec,</strong></span> <span class='ocrx_word' id='word_1_711' title='bbox 2873 2670 3046 2725; x_wconf 89' lang='lat' dir='ltr'><strong>neque</strong></span> <span class='ocrx_word' id='word_1_712' title='bbox 3073 2653 3158 2710; x_wconf 90' lang='lat' dir='ltr'><strong>hic</strong></span> <span class='ocrx_word' id='word_1_713' title='bbox 3188 2654 3292 2710; x_wconf 87' lang='lat' dir='ltr'><strong>hoc</strong></span> <span class='ocrx_word' id='word_1_714' title='bbox 3317 2655 3606 2727; x_wconf 82' lang='lat' dir='ltr'><strong>Quousque,</strong></span> <span class='ocrx_word' id='word_1_715' title='bbox 3631 2667 3756 2712; x_wconf 87' lang='lat' dir='ltr'><strong>sunt</strong></span> 
     </span>
    </p>
   </div>
   <div class='ocr_carea' id='block_1_88' title="bbox 2171 2747 3754 2817">
    <p class='ocr_par' dir='ltr' id='par_1_88' title="bbox 2171 2747 3754 2817">
     <span class='ocr_line' id='line_1_88' title="bbox 2171 2747 3754 2817; baseline -0.002 -15"><span class='ocrx_word' id='word_1_716' title='bbox 2171 2747 2382 2803; x_wconf 89' lang='lat' dir='ltr'><strong>termini</strong></span> <span class='ocrx_word' id='word_1_717' title='bbox 2407 2757 2725 2817; x_wconf 91' lang='lat' dir='ltr'><strong>temporum.</strong></span> <span class='ocrx_word' id='word_1_718' title='bbox 2756 2747 3031 2813; x_wconf 89' lang='lat' dir='ltr'><strong>Quomodo</strong></span> <span class='ocrx_word' id='word_1_719' title='bbox 3059 2747 3201 2802; x_wconf 91' lang='lat' dir='ltr'><strong>enim</strong></span> <span class='ocrx_word' id='word_1_720' title='bbox 3241 2749 3445 2802; x_wconf 88' lang='lat' dir='ltr'><strong>steterit</strong></span> <span class='ocrx_word' id='word_1_721' title='bbox 3471 2747 3596 2802; x_wconf 91' lang='lat' dir='ltr'><strong>illud</strong></span> <span class='ocrx_word' id='word_1_722' title='bbox 3628 2762 3754 2816; x_wconf 79' lang='lat' dir='ltr'><strong>pro-</strong></span> 
     </span>
    </p>
   </div>
   <div class='ocr_carea' id='block_1_89' title="bbox 2171 2839 3754 2912">
    <p class='ocr_par' dir='ltr' id='par_1_89' title="bbox 2171 2839 3754 2912">
     <span class='ocr_line' id='line_1_89' title="bbox 2171 2839 3754 2912; baseline -0.001 -17"><span class='ocrx_word' id='word_1_723' title='bbox 2171 2841 2438 2912; x_wconf 89' lang='lat' dir='ltr'><strong>pheticum</strong></span> <span class='ocrx_word' id='word_1_724' title='bbox 2467 2840 2608 2910; x_wconf 91' lang='lat' dir='ltr'><strong>quod</strong></span> <span class='ocrx_word' id='word_1_725' title='bbox 2633 2840 2793 2895; x_wconf 89' lang='lat' dir='ltr'><strong>dicit:</strong></span> <span class='ocrx_word' id='word_1_726' title='bbox 2815 2839 3052 2894; x_wconf 84' lang='lat' dir='ltr'><strong>Potestas</strong></span> <span class='ocrx_word' id='word_1_727' title='bbox 3078 2840 3208 2910; x_wconf 84' lang='lat' dir='ltr'><strong>ejus,</strong></span> <span class='ocrx_word' id='word_1_728' title='bbox 3234 2849 3452 2909; x_wconf 83' lang='lat' dir='ltr'><strong>potestas</strong></span> <span class='ocrx_word' id='word_1_729' title='bbox 3475 2851 3683 2894; x_wconf 74' lang='lat' dir='ltr'><strong>azterna.</strong></span> <span class='ocrx_word' id='word_1_730' title='bbox 3708 2853 3754 2894; x_wconf 83' lang='lat' dir='ltr'><strong>et</strong></span> 
     </span>
    </p>
   </div>
   <div class='ocr_carea' id='block_1_90' title="bbox 2167 2930 3756 3006">
    <p class='ocr_par' dir='ltr' id='par_1_90' title="bbox 2167 2930 3756 3006">
     <span class='ocr_line' id='line_1_90' title="bbox 2167 2930 3756 3006; baseline -0.002 -20"><span class='ocrx_word' id='word_1_731' title='bbox 2167 2949 2377 3006; x_wconf 86' lang='lat' dir='ltr'><strong>regnum</strong></span> <span class='ocrx_word' id='word_1_732' title='bbox 2422 2934 2553 3005; x_wconf 81' lang='lat' dir='ltr'><strong>ejus,</strong></span> <span class='ocrx_word' id='word_1_733' title='bbox 2595 2948 2801 3003; x_wconf 84' lang='lat' dir='ltr'><strong>regnum</strong></span> <span class='ocrx_word' id='word_1_734' title='bbox 2845 2930 2979 3001; x_wconf 87' lang='lat' dir='ltr'><strong>quod</strong></span> <span class='ocrx_word' id='word_1_735' title='bbox 3015 2947 3117 2985; x_wconf 87' lang='lat' dir='ltr'><strong>non</strong></span> <span class='ocrx_word' id='word_1_736' title='bbox 3156 2932 3351 3002; x_wconf 83' lang='lat' dir='ltr'><strong>peribit,</strong></span> <span class='ocrx_word' id='word_1_737' title='bbox 3382 2945 3429 2985; x_wconf 83' lang='lat' dir='ltr'><strong>et</strong></span> <span class='ocrx_word' id='word_1_738' title='bbox 3469 2931 3611 3002; x_wconf 84' lang='lat' dir='ltr'><strong>regni</strong></span> <span class='ocrx_word' id='word_1_739' title='bbox 3647 2934 3756 3000; x_wconf 80' lang='lat' dir='ltr'><strong>ejus</strong></span> 
     </span>
    </p>
   </div>
   <div class='ocr_carea' id='block_1_91' title="bbox 2173 3022 3756 3096">
    <p class='ocr_par' dir='ltr' id='par_1_91' title="bbox 2173 3022 3756 3096">
     <span class='ocr_line' id='line_1_91' title="bbox 2173 3022 3756 3096; baseline -0.002 -17"><span class='ocrx_word' id='word_1_740' title='bbox 2173 3042 2275 3079; x_wconf 90' lang='lat' dir='ltr'><strong>non</strong></span> <span class='ocrx_word' id='word_1_741' title='bbox 2303 3026 2396 3080; x_wconf 88' lang='lat' dir='ltr'><strong>erit</strong></span> <span class='ocrx_word' id='word_1_742' title='bbox 2436 3025 2555 3094; x_wconf 78' lang='lat' dir='ltr'><strong>ﬁnis</strong></span> <span class='ocrx_word' id='word_1_743' title='bbox 2587 3023 2758 3096; x_wconf 92' lang='lat' dir='ltr'><strong>(Dan.</strong></span> <span class='ocrx_word' id='word_1_744' title='bbox 2785 3025 2838 3078; x_wconf 84' lang='lat'><strong>7.</strong></span> <span class='ocrx_word' id='word_1_745' title='bbox 2873 3024 2934 3078; x_wconf 75' lang='grc' dir='ltr'><strong><em>Μ</em></strong></span> <span class='ocrx_word' id='word_1_746' title='bbox 2962 3041 2976 3089; x_wconf 92' lang='grc'><strong>;</strong></span> <span class='ocrx_word' id='word_1_747' title='bbox 3004 3022 3131 3077; x_wconf 86' lang='lat' dir='ltr'><strong>Luc.</strong></span> <span class='ocrx_word' id='word_1_748' title='bbox 3163 3024 3214 3078; x_wconf 81' lang='grc'><strong>1.</strong></span> <span class='ocrx_word' id='word_1_749' title='bbox 3244 3024 3352 3094; x_wconf 70' lang='grc'><strong>34)</strong></span> <span class='ocrx_word' id='word_1_750' title='bbox 3379 3041 3392 3076; x_wconf 93' lang='lat'><strong>:</strong></span> <span class='ocrx_word' id='word_1_751' title='bbox 3419 3025 3464 3078; x_wconf 91' lang='lat' dir='ltr'><strong>si</strong></span> <span class='ocrx_word' id='word_1_752' title='bbox 3489 3024 3552 3078; x_wconf 85' lang='lat' dir='ltr'><strong>ad</strong></span> <span class='ocrx_word' id='word_1_753' title='bbox 3583 3039 3643 3079; x_wconf 89' lang='lat' dir='ltr'><strong>ea</strong></span> <span class='ocrx_word' id='word_1_754' title='bbox 3669 3041 3756 3076; x_wconf 84' lang='lat' dir='ltr'><strong>us-</strong></span> 
     </span>
    </p>
   </div>
   <div class='ocr_carea' id='block_1_92' title="bbox 2168 3116 3755 3188">
    <p class='ocr_par' dir='ltr' id='par_1_92' title="bbox 2168 3116 3755 3188">
     <span class='ocr_line' id='line_1_92' title="bbox 2168 3116 3755 3188; baseline -0.002 -17"><span class='ocrx_word' id='word_1_755' title='bbox 2168 3134 2271 3188; x_wconf 90' lang='lat' dir='ltr'><strong>que</strong></span> <span class='ocrx_word' id='word_1_756' title='bbox 2313 3126 2552 3187; x_wconf 85' lang='lat' dir='ltr'><strong>tempora</strong></span> <span class='ocrx_word' id='word_1_757' title='bbox 2580 3117 2649 3170; x_wconf 90' lang='lat' dir='ltr'><strong>sit</strong></span> <span class='ocrx_word' id='word_1_758' title='bbox 2687 3117 3040 3186; x_wconf 75' lang='lat' dir='ltr'><strong>regnaturus?</strong></span> <span class='ocrx_word' id='word_1_759' title='bbox 3075 3116 3231 3170; x_wconf 88' lang='lat' dir='ltr'><strong>Vides</strong></span> <span class='ocrx_word' id='word_1_760' title='bbox 3262 3130 3367 3169; x_wconf 89' lang='lat' dir='ltr'><strong>non</strong></span> <span class='ocrx_word' id='word_1_761' title='bbox 3394 3130 3514 3170; x_wconf 90' lang='lat' dir='ltr'><strong>esse</strong></span> <span class='ocrx_word' id='word_1_762' title='bbox 3556 3116 3755 3170; x_wconf 85' lang='lat' dir='ltr'><strong>solum-</strong></span> 
     </span>
    </p>
   </div>
   <div class='ocr_carea' id='block_1_93' title="bbox 2171 3207 3752 3276">
    <p class='ocr_par' dir='ltr' id='par_1_93' title="bbox 2171 3207 3752 3276">
     <span class='ocr_line' id='line_1_93' title="bbox 2171 3207 3752 3276; baseline -0.004 -11"><span class='ocrx_word' id='word_1_763' title='bbox 2171 3209 2334 3265; x_wconf 90' lang='lat' dir='ltr'><strong>modo</strong></span> <span class='ocrx_word' id='word_1_764' title='bbox 2367 3208 2718 3264; x_wconf 84' lang='lat' dir='ltr'><strong>attendendas</strong></span> <span class='ocrx_word' id='word_1_765' title='bbox 2756 3208 3040 3276; x_wconf 88' lang='lat' dir='ltr'><strong>dictiones,</strong></span> <span class='ocrx_word' id='word_1_766' title='bbox 3071 3208 3164 3263; x_wconf 89' lang='lat' dir='ltr'><strong>sed</strong></span> <span class='ocrx_word' id='word_1_767' title='bbox 3203 3223 3322 3263; x_wconf 89' lang='lat' dir='ltr'><strong>esse</strong></span> <span class='ocrx_word' id='word_1_768' title='bbox 3361 3207 3752 3263; x_wconf 84' lang='lat' dir='ltr'><strong>ascendendqu</strong></span> 
     </span>
    </p>
   </div>
   <div class='ocr_carea' id='block_1_94' title="bbox 2172 3299 3752 3370">
    <p class='ocr_par' dir='ltr' id='par_1_94' title="bbox 2172 3299 3752 3370">
     <span class='ocr_line' id='line_1_94' title="bbox 2172 3299 3752 3370; baseline -0.001 -16"><span class='ocrx_word' id='word_1_769' title='bbox 2172 3301 2240 3355; x_wconf 91' lang='lat' dir='ltr'><strong>ad</strong></span> <span class='ocrx_word' id='word_1_770' title='bbox 2282 3300 2732 3370; x_wconf 82' lang='lat' dir='ltr'><strong>intelligentiam?</strong></span> <span class='ocrx_word' id='word_1_771' title='bbox 2774 3300 2853 3355; x_wconf 86' lang='lat' dir='ltr'><strong>Tu</strong></span> <span class='ocrx_word' id='word_1_772' title='bbox 2897 3307 3073 3354; x_wconf 90' lang='lat' dir='ltr'><strong>autem</strong></span> <span class='ocrx_word' id='word_1_773' title='bbox 3103 3315 3223 3354; x_wconf 91' lang='lat' dir='ltr'><strong>cum</strong></span> <span class='ocrx_word' id='word_1_774' title='bbox 3258 3299 3408 3354; x_wconf 88' lang='lat' dir='ltr'><strong>audis</strong></span> <span class='ocrx_word' id='word_1_775' title='bbox 3444 3300 3752 3368; x_wconf 86' lang='lat' dir='ltr'><strong>prophetam</strong></span> 
     </span>
    </p>
   </div>
   <div class='ocr_carea' id='block_1_95' title="bbox 2168 3390 3752 3463">
    <p class='ocr_par' dir='ltr' id='par_1_95' title="bbox 2168 3390 3752 3463">
     <span class='ocr_line' id='line_1_95' title="bbox 2168 3390 3752 3463; baseline -0.001 -15"><span class='ocrx_word' id='word_1_776' title='bbox 2168 3392 2454 3457; x_wconf 89' lang='lat' dir='ltr'><strong>dicentem,</strong></span> <span class='ocrx_word' id='word_1_777' title='bbox 2493 3392 2704 3447; x_wconf 80' lang='lat' dir='ltr'><strong>Patrem</strong></span> <span class='ocrx_word' id='word_1_778' title='bbox 2747 3407 2945 3463; x_wconf 89' lang='lat' dir='ltr'><strong>ponere</strong></span> <span class='ocrx_word' id='word_1_779' title='bbox 2988 3391 3089 3446; x_wconf 89' lang='lat' dir='ltr'><strong>sub</strong></span> <span class='ocrx_word' id='word_1_780' title='bbox 3140 3390 3360 3461; x_wconf 88' lang='lat' dir='ltr'><strong>pedibus</strong></span> <span class='ocrx_word' id='word_1_781' title='bbox 3399 3391 3535 3462; x_wconf 86' lang='lat' dir='ltr'><strong>ejus,</strong></span> <span class='ocrx_word' id='word_1_782' title='bbox 3573 3407 3641 3446; x_wconf 91' lang='lat' dir='ltr'><strong>ne</strong></span> <span class='ocrx_word' id='word_1_783' title='bbox 3686 3408 3752 3448; x_wconf 78' lang='lat' dir='ltr'><strong>ex</strong></span> 
     </span>
    </p>
   </div>
   <div class='ocr_carea' id='block_1_96' title="bbox 2168 3482 3753 3554">
    <p class='ocr_par' dir='ltr' id='par_1_96' title="bbox 2168 3482 3753 3554">
     <span class='ocr_line' id='line_1_96' title="bbox 2168 3482 3753 3554; baseline -0.001 -14"><span class='ocrx_word' id='word_1_784' title='bbox 2168 3500 2235 3540; x_wconf 91' lang='lat' dir='ltr'><strong>eo</strong></span> <span class='ocrx_word' id='word_1_785' title='bbox 2263 3484 2614 3540; x_wconf 81' lang='lat' dir='ltr'><strong>conturber-is.</strong></span> <span class='ocrx_word' id='word_1_786' title='bbox 2649 3483 2834 3554; x_wconf 84' lang='lat' dir='ltr'><strong>Neque</strong></span> <span class='ocrx_word' id='word_1_787' title='bbox 2871 3485 3013 3539; x_wconf 89' lang='lat' dir='ltr'><strong>enim</strong></span> <span class='ocrx_word' id='word_1_788' title='bbox 3054 3482 3170 3539; x_wconf 71' lang='lat' dir='ltr'><strong>hmo</strong></span> <span class='ocrx_word' id='word_1_789' title='bbox 3198 3483 3336 3539; x_wconf 87' lang='lat' dir='ltr'><strong>dicta</strong></span> <span class='ocrx_word' id='word_1_790' title='bbox 3367 3496 3490 3538; x_wconf 86' lang='lat' dir='ltr'><strong>sunt</strong></span> <span class='ocrx_word' id='word_1_791' title='bbox 3517 3484 3658 3554; x_wconf 89' lang='lat' dir='ltr'><strong>quod</strong></span> <span class='ocrx_word' id='word_1_792' title='bbox 3684 3485 3753 3539; x_wconf 89' lang='lat' dir='ltr'><strong>sit</strong></span> 
     </span>
    </p>
   </div>
   <div class='ocr_carea' id='block_1_97' title="bbox 2168 3574 3753 3645">
    <p class='ocr_par' dir='ltr' id='par_1_97' title="bbox 2168 3574 3753 3645">
     <span class='ocr_line' id='line_1_97' title="bbox 2168 3574 3753 3645; baseline -0.001 -15"><span class='ocrx_word' id='word_1_793' title='bbox 2168 3576 2462 3631; x_wconf 90' lang='lat' dir='ltr'><strong>imbecillus</strong></span> <span class='ocrx_word' id='word_1_794' title='bbox 2488 3574 2673 3630; x_wconf 84' lang='lat' dir='ltr'><strong>Filius.</strong></span> <span class='ocrx_word' id='word_1_795' title='bbox 2699 3574 2892 3630; x_wconf 89' lang='lat' dir='ltr'><strong>Paulus</strong></span> <span class='ocrx_word' id='word_1_796' title='bbox 2916 3575 3059 3630; x_wconf 91' lang='lat' dir='ltr'><strong>enim</strong></span> <span class='ocrx_word' id='word_1_797' title='bbox 3088 3575 3320 3630; x_wconf 87' lang='lat' dir='ltr'><strong>ostendit</strong></span> <span class='ocrx_word' id='word_1_798' title='bbox 3341 3575 3531 3630; x_wconf 86' lang='lat' dir='ltr'><strong>Filiqu</strong></span> <span class='ocrx_word' id='word_1_799' title='bbox 3555 3589 3753 3645; x_wconf 88' lang='lat' dir='ltr'><strong>ponere</strong></span> 
     </span>
    </p>
   </div>
   <div class='ocr_carea' id='block_1_98' title="bbox 2167 3665 3750 3737">
    <p class='ocr_par' dir='ltr' id='par_1_98' title="bbox 2167 3665 3750 3737">
     <span class='ocr_line' id='line_1_98' title="bbox 2167 3665 3750 3737; baseline -0.002 -15"><span class='ocrx_word' id='word_1_800' title='bbox 2167 3668 2415 3722; x_wconf 88' lang='lat' dir='ltr'><strong>inimicos</strong></span> <span class='ocrx_word' id='word_1_801' title='bbox 2465 3667 2564 3722; x_wconf 92' lang='lat' dir='ltr'><strong>sub</strong></span> <span class='ocrx_word' id='word_1_802' title='bbox 2619 3665 2840 3737; x_wconf 88' lang='lat' dir='ltr'><strong>pedibus</strong></span> <span class='ocrx_word' id='word_1_803' title='bbox 2896 3666 3032 3734; x_wconf 90' lang='lat' dir='ltr'><strong>suis,</strong></span> <span class='ocrx_word' id='word_1_804' title='bbox 3090 3666 3307 3721; x_wconf 88' lang='lat' dir='ltr'><strong>dicens:</strong></span> <span class='ocrx_word' id='word_1_805' title='bbox 3359 3665 3570 3736; x_wconf 81' lang='lat' dir='ltr'><strong>Oportet</strong></span> <span class='ocrx_word' id='word_1_806' title='bbox 3620 3667 3750 3720; x_wconf 84' lang='lat' dir='ltr'><strong>enim</strong></span> 
     </span>
    </p>
   </div>
   <div class='ocr_carea' id='block_1_99' title="bbox 2167 3759 3748 3832">
    <p class='ocr_par' dir='ltr' id='par_1_99' title="bbox 2167 3759 3748 3832">
     <span class='ocr_line' id='line_1_99' title="bbox 2167 3759 3748 3832; baseline -0.001 -17"><span class='ocrx_word' id='word_1_807' title='bbox 2167 3777 2280 3815; x_wconf 88' lang='lat' dir='ltr'><strong>eum</strong></span> <span class='ocrx_word' id='word_1_808' title='bbox 2319 3776 2532 3832; x_wconf 87' lang='lat' dir='ltr'><strong>regnare</strong></span> <span class='ocrx_word' id='word_1_809' title='bbox 2557 3776 2813 3832; x_wconf 85' lang='lat' dir='ltr'><strong>quousque</strong></span> <span class='ocrx_word' id='word_1_810' title='bbox 2851 3771 3004 3830; x_wconf 86' lang='lat' dir='ltr'><strong>ponat</strong></span> <span class='ocrx_word' id='word_1_811' title='bbox 3039 3759 3268 3814; x_wconf 83' lang='lat' dir='ltr'><strong>inimicos</strong></span> <span class='ocrx_word' id='word_1_812' title='bbox 3294 3759 3384 3814; x_wconf 87' lang='lat' dir='ltr'><strong>sub</strong></span> <span class='ocrx_word' id='word_1_813' title='bbox 3411 3761 3620 3826; x_wconf 85' lang='lat' dir='ltr'><strong>pedibus</strong></span> <span class='ocrx_word' id='word_1_814' title='bbox 3643 3761 3748 3814; x_wconf 87' lang='lat' dir='ltr'><strong>suis</strong></span> 
     </span>
    </p>
   </div>
   <div class='ocr_carea' id='block_1_100' title="bbox 2169 3852 3748 3925">
    <p class='ocr_par' dir='ltr' id='par_1_100' title="bbox 2169 3852 3748 3925">
     <span class='ocr_line' id='line_1_100' title="bbox 2169 3852 3748 3925; baseline -0.002 -17"><span class='ocrx_word' id='word_1_815' title='bbox 2169 3852 2188 3925; x_wconf 94' lang='lat'><strong>(</strong></span> <span class='ocrx_word' id='word_1_816' title='bbox 2220 3856 2271 3908; x_wconf 78' lang='lat' dir='ltr'><strong>l.</strong></span> <span class='ocrx_word' id='word_1_817' title='bbox 2299 3853 2416 3908; x_wconf 89' lang='lat' dir='ltr'><strong>Cor.</strong></span> <span class='ocrx_word' id='word_1_818' title='bbox 2449 3853 2536 3908; x_wconf 75' lang='lat' dir='ltr'><strong>M.</strong></span> <span class='ocrx_word' id='word_1_819' title='bbox 2578 3853 2648 3908; x_wconf 74' lang='lat'><strong>25</strong></span> <span class='ocrx_word' id='word_1_820' title='bbox 2679 3855 2723 3920; x_wconf 90' lang='lat'><strong>).</strong></span> <span class='ocrx_word' id='word_1_821' title='bbox 2766 3852 2834 3907; x_wconf 90' lang='lat' dir='ltr'><strong>Et</strong></span> <span class='ocrx_word' id='word_1_822' title='bbox 2878 3866 3064 3906; x_wconf 90' lang='lat' dir='ltr'><strong>rursus</strong></span> <span class='ocrx_word' id='word_1_823' title='bbox 3099 3853 3148 3906; x_wconf 87' lang='lat' dir='ltr'><strong>ei</strong></span> <span class='ocrx_word' id='word_1_824' title='bbox 3192 3865 3402 3922; x_wconf 87' lang='lat' dir='ltr'><strong>quoque</strong></span> <span class='ocrx_word' id='word_1_825' title='bbox 3444 3853 3748 3906; x_wconf 89' lang='lat' dir='ltr'><strong>universum</strong></span> 
     </span>
    </p>
   </div>
   <div class='ocr_carea' id='block_1_101' title="bbox 2169 3941 3750 4014">
    <p class='ocr_par' dir='ltr' id='par_1_101' title="bbox 2169 3941 3750 4014">
     <span class='ocr_line' id='line_1_101' title="bbox 2169 3941 3750 4014; baseline -0.003 -14"><span class='ocrx_word' id='word_1_826' title='bbox 2169 3947 2348 4002; x_wconf 90' lang='lat' dir='ltr'><strong>tribuit</strong></span> <span class='ocrx_word' id='word_1_827' title='bbox 2374 3945 2590 4000; x_wconf 89' lang='lat' dir='ltr'><strong>dicens:</strong></span> <span class='ocrx_word' id='word_1_828' title='bbox 2628 3945 2845 4012; x_wconf 86' lang='lat' dir='ltr'><strong>Quando</strong></span> <span class='ocrx_word' id='word_1_829' title='bbox 2882 3945 3145 3998; x_wconf 88' lang='lat' dir='ltr'><strong>tradiderit</strong></span> <span class='ocrx_word' id='word_1_830' title='bbox 3182 3959 3393 4014; x_wconf 88' lang='lat' dir='ltr'><strong>regnum</strong></span> <span class='ocrx_word' id='word_1_831' title='bbox 3435 3941 3539 3996; x_wconf 88' lang='lat' dir='ltr'><strong>Deo</strong></span> <span class='ocrx_word' id='word_1_832' title='bbox 3567 3953 3613 3996; x_wconf 90' lang='lat' dir='ltr'><strong>et</strong></span> <span class='ocrx_word' id='word_1_833' title='bbox 3643 3941 3750 3995; x_wconf 82' lang='lat' dir='ltr'><strong>Pa-</strong></span> 
     </span>
    </p>
   </div>
   <div class='ocr_carea' id='block_1_102' title="bbox 2167 4035 3750 4109">
    <p class='ocr_par' dir='ltr' id='par_1_102' title="bbox 2167 4035 3750 4109">
     <span class='ocr_line' id='line_1_102' title="bbox 2167 4035 3750 4109; baseline -0.003 -17"><span class='ocrx_word' id='word_1_834' title='bbox 2167 4040 2250 4106; x_wconf 86' lang='lat' dir='ltr'><strong>tri,</strong></span> <span class='ocrx_word' id='word_1_835' title='bbox 2297 4038 2499 4109; x_wconf 84' lang='lat' dir='ltr'><strong>quando</strong></span> <span class='ocrx_word' id='word_1_836' title='bbox 2547 4037 2782 4092; x_wconf 86' lang='lat' dir='ltr'><strong>deleverit</strong></span> <span class='ocrx_word' id='word_1_837' title='bbox 2831 4054 3030 4092; x_wconf 87' lang='lat' dir='ltr'><strong>omnem</strong></span> <span class='ocrx_word' id='word_1_838' title='bbox 3085 4045 3378 4106; x_wconf 87' lang='lat' dir='ltr'><strong>potestatem</strong></span> <span class='ocrx_word' id='word_1_839' title='bbox 3427 4045 3474 4090; x_wconf 87' lang='lat' dir='ltr'><strong>et</strong></span> <span class='ocrx_word' id='word_1_840' title='bbox 3518 4035 3750 4088; x_wconf 85' lang='lat' dir='ltr'><strong>virtutem</strong></span> 
     </span>
    </p>
   </div>
   <div class='ocr_carea' id='block_1_103' title="bbox 2169 4125 3748 4202">
    <p class='ocr_par' dir='ltr' id='par_1_103' title="bbox 2169 4125 3748 4202">
     <span class='ocr_line' id='line_1_103' title="bbox 2169 4125 3748 4202; baseline -0.004 -18"><span class='ocrx_word' id='word_1_841' title='bbox 2169 4129 2216 4202; x_wconf 84' lang='lat' dir='ltr'><strong>(l</strong></span> <span class='ocrx_word' id='word_1_842' title='bbox 2227 4131 2331 4185; x_wconf 91' lang='lat' dir='ltr'><strong>bid.</strong></span> <span class='ocrx_word' id='word_1_843' title='bbox 2365 4147 2414 4184; x_wconf 87' lang='grc' dir='ltr'><strong>υ.</strong></span> <span class='ocrx_word' id='word_1_844' title='bbox 2444 4129 2515 4184; x_wconf 67' lang='lat' dir='ltr'><strong>2i</strong></span> <span class='ocrx_word' id='word_1_845' title='bbox 2539 4129 2582 4200; x_wconf 90' lang='lat'><strong>).</strong></span> <span class='ocrx_word' id='word_1_846' title='bbox 2614 4130 2726 4184; x_wconf 83' lang='lat' dir='ltr'><strong>Hoc</strong></span> <span class='ocrx_word' id='word_1_847' title='bbox 2754 4138 2838 4185; x_wconf 89' lang='lat' dir='ltr'><strong>est</strong></span> <span class='ocrx_word' id='word_1_848' title='bbox 2863 4171 2876 4192; x_wconf 86' lang='lat'><strong>,</strong></span> <span class='ocrx_word' id='word_1_849' title='bbox 2904 4129 3126 4197; x_wconf 90' lang='lat' dir='ltr'><strong>Quando</strong></span> <span class='ocrx_word' id='word_1_850' title='bbox 3151 4143 3372 4198; x_wconf 88' lang='lat' dir='ltr'><strong>regnum</strong></span> <span class='ocrx_word' id='word_1_851' title='bbox 3404 4136 3548 4182; x_wconf 91' lang='lat' dir='ltr'><strong>recte</strong></span> <span class='ocrx_word' id='word_1_852' title='bbox 3577 4125 3748 4180; x_wconf 88' lang='lat' dir='ltr'><strong>admi-</strong></span> 
     </span>
    </p>
   </div>
   <div class='ocr_carea' id='block_1_104' title="bbox 2166 4217 3748 4290">
    <p class='ocr_par' dir='ltr' id='par_1_104' title="bbox 2166 4217 3748 4290">
     <span class='ocr_line' id='line_1_104' title="bbox 2166 4217 3748 4290; baseline -0.004 -13"><span class='ocrx_word' id='word_1_853' title='bbox 2166 4223 2492 4288; x_wconf 84' lang='lat' dir='ltr'><strong>nistraverit,</strong></span> <span class='ocrx_word' id='word_1_854' title='bbox 2534 4236 2748 4277; x_wconf 86' lang='lat' dir='ltr'><strong>cessare</strong></span> <span class='ocrx_word' id='word_1_855' title='bbox 2785 4222 2994 4276; x_wconf 86' lang='lat' dir='ltr'><strong>curabit</strong></span> <span class='ocrx_word' id='word_1_856' title='bbox 3019 4235 3234 4274; x_wconf 87' lang='lat' dir='ltr'><strong>outnem</strong></span> <span class='ocrx_word' id='word_1_857' title='bbox 3269 4228 3602 4290; x_wconf 85' lang='lat' dir='ltr'><strong>potestatem.</strong></span> <span class='ocrx_word' id='word_1_858' title='bbox 3638 4217 3748 4270; x_wconf 90' lang='lat' dir='ltr'><strong>lloc</strong></span> 
     </span>
    </p>
   </div>
   <div class='ocr_carea' id='block_1_105' title="bbox 2165 4309 3747 4383">
    <p class='ocr_par' dir='ltr' id='par_1_105' title="bbox 2165 4309 3747 4383">
     <span class='ocr_line' id='line_1_105' title="bbox 2165 4309 3747 4383; baseline -0.004 -15"><span class='ocrx_word' id='word_1_859' title='bbox 2165 4316 2307 4369; x_wconf 91' lang='lat' dir='ltr'><strong>enim</strong></span> <span class='ocrx_word' id='word_1_860' title='bbox 2336 4313 2438 4368; x_wconf 88' lang='lat' dir='ltr'><strong>sibi</strong></span> <span class='ocrx_word' id='word_1_861' title='bbox 2467 4315 2582 4368; x_wconf 92' lang='lat' dir='ltr'><strong>vult</strong></span> <span class='ocrx_word' id='word_1_862' title='bbox 2604 4313 2754 4376; x_wconf 89' lang='lat' dir='ltr'><strong>illud,</strong></span> <span class='ocrx_word' id='word_1_863' title='bbox 2774 4324 3077 4383; x_wconf 71' lang='grc' dir='ltr'><strong>καταργήσει.</strong></span> <span class='ocrx_word' id='word_1_864' title='bbox 3095 4311 3248 4378; x_wconf 90' lang='lat' dir='ltr'><strong>Quod</strong></span> <span class='ocrx_word' id='word_1_865' title='bbox 3270 4320 3446 4366; x_wconf 87' lang='lat' dir='ltr'><strong>autem</strong></span> <span class='ocrx_word' id='word_1_866' title='bbox 3475 4309 3604 4363; x_wconf 82' lang='lat' dir='ltr'><strong>dicit</strong></span> <span class='ocrx_word' id='word_1_867' title='bbox 3633 4310 3747 4362; x_wconf 83' lang='lat' dir='ltr'><strong>uni-</strong></span> 
     </span>
    </p>
   </div>
   <div class='ocr_carea' id='block_1_106' title="bbox 2165 4404 3748 4476">
    <p class='ocr_par' dir='ltr' id='par_1_106' title="bbox 2165 4404 3748 4476">
     <span class='ocr_line' id='line_1_106' title="bbox 2165 4404 3748 4476; baseline -0.002 -17"><span class='ocrx_word' id='word_1_868' title='bbox 2165 4423 2374 4462; x_wconf 87' lang='lat' dir='ltr'><strong>versum</strong></span> <span class='ocrx_word' id='word_1_869' title='bbox 2404 4407 2518 4476; x_wconf 92' lang='lat' dir='ltr'><strong>ejus</strong></span> <span class='ocrx_word' id='word_1_870' title='bbox 2540 4421 2680 4472; x_wconf 90' lang='lat' dir='ltr'><strong>esse,</strong></span> <span class='ocrx_word' id='word_1_871' title='bbox 2701 4407 2910 4460; x_wconf 90' lang='lat' dir='ltr'><strong>Patrem</strong></span> <span class='ocrx_word' id='word_1_872' title='bbox 2938 4407 3004 4460; x_wconf 88' lang='lat' dir='ltr'><strong>ab</strong></span> <span class='ocrx_word' id='word_1_873' title='bbox 3025 4407 3139 4474; x_wconf 90' lang='lat' dir='ltr'><strong>ipso</strong></span> <span class='ocrx_word' id='word_1_874' title='bbox 3164 4420 3270 4459; x_wconf 91' lang='lat' dir='ltr'><strong>non</strong></span> <span class='ocrx_word' id='word_1_875' title='bbox 3301 4415 3507 4474; x_wconf 87' lang='lat' dir='ltr'><strong>separat</strong></span> <span class='ocrx_word' id='word_1_876' title='bbox 3532 4407 3634 4474; x_wconf 83' lang='grc' dir='ltr'><strong>(ιι),</strong></span> <span class='ocrx_word' id='word_1_877' title='bbox 3652 4404 3748 4456; x_wconf 87' lang='lat' dir='ltr'><strong>sic-</strong></span> 
     </span>
    </p>
   </div>
   <div class='ocr_carea' id='block_1_107' title="bbox 2165 4496 3746 4565">
    <p class='ocr_par' dir='ltr' id='par_1_107' title="bbox 2165 4496 3746 4565">
     <span class='ocr_line' id='line_1_107' title="bbox 2165 4496 3746 4565; baseline -0.003 -13"><span class='ocrx_word' id='word_1_878' title='bbox 2165 4500 2240 4552; x_wconf 94' lang='lat' dir='ltr'><strong>uti</strong></span> <span class='ocrx_word' id='word_1_879' title='bbox 2273 4514 2373 4553; x_wconf 89' lang='lat' dir='ltr'><strong>nec</strong></span> <span class='ocrx_word' id='word_1_880' title='bbox 2396 4499 2587 4554; x_wconf 84' lang='lat' dir='ltr'><strong>Filium</strong></span> <span class='ocrx_word' id='word_1_881' title='bbox 2621 4514 2649 4551; x_wconf 90' lang='lat' dir='ltr'><strong>a</strong></span> <span class='ocrx_word' id='word_1_882' title='bbox 2696 4498 2854 4554; x_wconf 89' lang='lat' dir='ltr'><strong>Patre</strong></span> <span class='ocrx_word' id='word_1_883' title='bbox 2888 4497 3093 4553; x_wconf 89' lang='lat' dir='ltr'><strong>dividit.</strong></span> <span class='ocrx_word' id='word_1_884' title='bbox 3121 4496 3251 4565; x_wconf 77' lang='lat' dir='ltr'><strong>Qua:</strong></span> <span class='ocrx_word' id='word_1_885' title='bbox 3277 4497 3418 4552; x_wconf 90' lang='lat' dir='ltr'><strong>enim</strong></span> <span class='ocrx_word' id='word_1_886' title='bbox 3442 4505 3565 4550; x_wconf 87' lang='lat' dir='ltr'><strong>sunt</strong></span> <span class='ocrx_word' id='word_1_887' title='bbox 3588 4497 3746 4563; x_wconf 85' lang='lat' dir='ltr'><strong>illius,</strong></span> 
     </span>
    </p>
   </div>
   <div class='ocr_carea' id='block_1_108' title="bbox 2165 4589 3748 4661">
    <p class='ocr_par' dir='ltr' id='par_1_108' title="bbox 2165 4589 3748 4661">
     <span class='ocr_line' id='line_1_108' title="bbox 2165 4589 3748 4661; baseline -0.001 -17"><span class='ocrx_word' id='word_1_888' title='bbox 2165 4601 2290 4646; x_wconf 86' lang='lat' dir='ltr'><strong>sunt</strong></span> <span class='ocrx_word' id='word_1_889' title='bbox 2319 4592 2513 4661; x_wconf 85' lang='lat' dir='ltr'><strong>hujus:</strong></span> <span class='ocrx_word' id='word_1_890' title='bbox 2550 4602 2606 4647; x_wconf 90' lang='lat' dir='ltr'><strong>et</strong></span> <span class='ocrx_word' id='word_1_891' title='bbox 2642 4606 2761 4661; x_wconf 79' lang='lat' dir='ltr'><strong>quae</strong></span> <span class='ocrx_word' id='word_1_892' title='bbox 2800 4599 2924 4646; x_wconf 91' lang='lat' dir='ltr'><strong>sunt</strong></span> <span class='ocrx_word' id='word_1_893' title='bbox 2951 4591 3108 4660; x_wconf 89' lang='lat' dir='ltr'><strong>hujus</strong></span> <span class='ocrx_word' id='word_1_894' title='bbox 3131 4633 3146 4656; x_wconf 91' lang='lat'><strong>,</strong></span> <span class='ocrx_word' id='word_1_895' title='bbox 3175 4599 3300 4646; x_wconf 90' lang='lat' dir='ltr'><strong>sunt</strong></span> <span class='ocrx_word' id='word_1_896' title='bbox 3328 4589 3487 4645; x_wconf 92' lang='lat' dir='ltr'><strong>illius.</strong></span> <span class='ocrx_word' id='word_1_897' title='bbox 3517 4589 3586 4644; x_wconf 90' lang='lat' dir='ltr'><strong>Et</strong></span> <span class='ocrx_word' id='word_1_898' title='bbox 3626 4589 3748 4644; x_wconf 87' lang='lat' dir='ltr'><strong>ideo</strong></span> 
     </span>
    </p>
   </div>
   <div class='ocr_carea' id='block_1_109' title="bbox 2163 4681 3746 4754">
    <p class='ocr_par' dir='ltr' id='par_1_109' title="bbox 2163 4681 3746 4754">
     <span class='ocr_line' id='line_1_109' title="bbox 2163 4681 3746 4754; baseline -0.001 -18"><span class='ocrx_word' id='word_1_899' title='bbox 2163 4683 2321 4738; x_wconf 90' lang='lat' dir='ltr'><strong>dicit:</strong></span> <span class='ocrx_word' id='word_1_900' title='bbox 2344 4683 2529 4737; x_wconf 85' lang='lat' dir='ltr'><strong>Omnia</strong></span> <span class='ocrx_word' id='word_1_901' title='bbox 2561 4700 2673 4737; x_wconf 83' lang='lat' dir='ltr'><strong>utea</strong></span> <span class='ocrx_word' id='word_1_902' title='bbox 2704 4693 2788 4738; x_wconf 90' lang='lat' dir='ltr'><strong>tua</strong></span> <span class='ocrx_word' id='word_1_903' title='bbox 2813 4695 2962 4750; x_wconf 86' lang='lat' dir='ltr'><strong>sunt,</strong></span> <span class='ocrx_word' id='word_1_904' title='bbox 2985 4693 3032 4737; x_wconf 87' lang='lat' dir='ltr'><strong>et</strong></span> <span class='ocrx_word' id='word_1_905' title='bbox 3061 4694 3146 4737; x_wconf 89' lang='lat' dir='ltr'><strong>tua</strong></span> <span class='ocrx_word' id='word_1_906' title='bbox 3172 4700 3282 4737; x_wconf 90' lang='lat' dir='ltr'><strong>mea</strong></span> <span class='ocrx_word' id='word_1_907' title='bbox 3320 4681 3500 4753; x_wconf 84' lang='lat' dir='ltr'><strong>(Joan.</strong></span> <span class='ocrx_word' id='word_1_908' title='bbox 3523 4683 3608 4737; x_wconf 85' lang='grc'><strong>17.</strong></span> <span class='ocrx_word' id='word_1_909' title='bbox 3635 4682 3746 4754; x_wconf 75' lang='grc'><strong>10).</strong></span> 
     </span>
    </p>
   </div>
   <div class='ocr_carea' id='block_1_110' title="bbox 2169 4775 3748 4847">
    <p class='ocr_par' dir='ltr' id='par_1_110' title="bbox 2169 4775 3748 4847">
     <span class='ocr_line' id='line_1_110' title="bbox 2169 4775 3748 4847; baseline -0.001 -17"><span class='ocrx_word' id='word_1_910' title='bbox 2169 4775 2393 4845; x_wconf 89' lang='lat' dir='ltr'><strong>Quando</strong></span> <span class='ocrx_word' id='word_1_911' title='bbox 2422 4791 2550 4847; x_wconf 86' lang='lat' dir='ltr'><strong>ergo</strong></span> <span class='ocrx_word' id='word_1_912' title='bbox 2588 4777 2820 4831; x_wconf 88' lang='lat' dir='ltr'><strong>audieris</strong></span> <span class='ocrx_word' id='word_1_913' title='bbox 2861 4777 3075 4832; x_wconf 89' lang='lat' dir='ltr'><strong>Patrem</strong></span> <span class='ocrx_word' id='word_1_914' title='bbox 3117 4775 3431 4845; x_wconf 89' lang='lat' dir='ltr'><strong>subjecisse.</strong></span> <span class='ocrx_word' id='word_1_915' title='bbox 3464 4789 3533 4828; x_wconf 91' lang='lat' dir='ltr'><strong>ne</strong></span> <span class='ocrx_word' id='word_1_916' title='bbox 3562 4775 3748 4828; x_wconf 79' lang='lat' dir='ltr'><strong>existi-</strong></span> 
     </span>
    </p>
   </div>
   <div class='ocr_carea' id='block_1_111' title="bbox 2163 4866 3745 4936">
    <p class='ocr_par' dir='ltr' id='par_1_111' title="bbox 2163 4866 3745 4936">
     <span class='ocr_line' id='line_1_111' title="bbox 2163 4866 3745 4936; baseline -0.002 -14"><span class='ocrx_word' id='word_1_917' title='bbox 2163 4881 2280 4922; x_wconf 88' lang='lat' dir='ltr'><strong>mes</strong></span> <span class='ocrx_word' id='word_1_918' title='bbox 2303 4867 2600 4936; x_wconf 86' lang='lat' dir='ltr'><strong>sejunctutn</strong></span> <span class='ocrx_word' id='word_1_919' title='bbox 2627 4882 2747 4922; x_wconf 87' lang='lat' dir='ltr'><strong>esse</strong></span> <span class='ocrx_word' id='word_1_920' title='bbox 2773 4866 2963 4922; x_wconf 88' lang='lat' dir='ltr'><strong>Filium</strong></span> <span class='ocrx_word' id='word_1_921' title='bbox 3003 4868 3069 4921; x_wconf 90' lang='lat' dir='ltr'><strong>ab</strong></span> <span class='ocrx_word' id='word_1_922' title='bbox 3091 4882 3156 4922; x_wconf 88' lang='lat' dir='ltr'><strong>eo</strong></span> <span class='ocrx_word' id='word_1_923' title='bbox 3187 4867 3445 4936; x_wconf 73' lang='lat' dir='ltr'><strong>prmclaro</strong></span> <span class='ocrx_word' id='word_1_924' title='bbox 3477 4867 3709 4920; x_wconf 80' lang='lat' dir='ltr'><strong>facinore</strong></span> <span class='ocrx_word' id='word_1_925' title='bbox 3733 4884 3745 4920; x_wconf 94' lang='lat'><strong>:</strong></span> 
     </span>
    </p>
   </div>
   <div class='ocr_carea' id='block_1_112' title="bbox 2162 4957 3745 5029">
    <p class='ocr_par' dir='ltr' id='par_1_112' title="bbox 2162 4957 3745 5029">
     <span class='ocr_line' id='line_1_112' title="bbox 2162 4957 3745 5029; baseline -0.003 -16"><span class='ocrx_word' id='word_1_926' title='bbox 2162 4968 2216 5013; x_wconf 90' lang='lat' dir='ltr'><strong>et</strong></span> <span class='ocrx_word' id='word_1_927' title='bbox 2253 4959 2297 5012; x_wconf 89' lang='lat' dir='ltr'><strong>si</strong></span> <span class='ocrx_word' id='word_1_928' title='bbox 2336 4959 2598 5029; x_wconf 88' lang='lat' dir='ltr'><strong>intelligas</strong></span> <span class='ocrx_word' id='word_1_929' title='bbox 2642 4957 2834 5012; x_wconf 87' lang='lat' dir='ltr'><strong>Filium</strong></span> <span class='ocrx_word' id='word_1_930' title='bbox 2877 4958 3186 5028; x_wconf 77' lang='lat' dir='ltr'><strong>subjecisse.</strong></span> <span class='ocrx_word' id='word_1_931' title='bbox 3237 4973 3304 5012; x_wconf 90' lang='lat' dir='ltr'><strong>ne</strong></span> <span class='ocrx_word' id='word_1_932' title='bbox 3347 4957 3494 5012; x_wconf 89' lang='lat' dir='ltr'><strong>dicas</strong></span> <span class='ocrx_word' id='word_1_933' title='bbox 3535 4958 3745 5012; x_wconf 89' lang='lat' dir='ltr'><strong>Patrem</strong></span> 
     </span>
    </p>
   </div>
   <div class='ocr_carea' id='block_1_113' title="bbox 2162 5049 3747 5120">
    <p class='ocr_par' dir='ltr' id='par_1_113' title="bbox 2162 5049 3747 5120">
     <span class='ocr_line' id='line_1_113' title="bbox 2162 5049 3747 5120; baseline 0 -16"><span class='ocrx_word' id='word_1_934' title='bbox 2162 5065 2284 5106; x_wconf 90' lang='lat' dir='ltr'><strong>esse</strong></span> <span class='ocrx_word' id='word_1_935' title='bbox 2320 5050 2388 5105; x_wconf 88' lang='lat' dir='ltr'><strong>ab</strong></span> <span class='ocrx_word' id='word_1_936' title='bbox 2427 5051 2509 5105; x_wconf 90' lang='lat' dir='ltr'><strong>his</strong></span> <span class='ocrx_word' id='word_1_937' title='bbox 2542 5051 2796 5104; x_wconf 90' lang='lat' dir='ltr'><strong>alienum.</strong></span> <span class='ocrx_word' id='word_1_938' title='bbox 2826 5049 2956 5118; x_wconf 69' lang='lat' dir='ltr'><strong>Quae</strong></span> <span class='ocrx_word' id='word_1_939' title='bbox 2982 5051 3124 5105; x_wconf 90' lang='lat' dir='ltr'><strong>enim</strong></span> <span class='ocrx_word' id='word_1_940' title='bbox 3157 5049 3370 5119; x_wconf 84' lang='lat' dir='ltr'><strong>pulchre</strong></span> <span class='ocrx_word' id='word_1_941' title='bbox 3401 5065 3463 5104; x_wconf 82' lang='lat' dir='ltr'><strong>ac</strong></span> <span class='ocrx_word' id='word_1_942' title='bbox 3493 5049 3747 5120; x_wconf 69' lang='lat' dir='ltr'><strong>praeclare</strong></span> 
     </span>
    </p>
   </div>
   <div class='ocr_carea' id='block_1_114' title="bbox 2162 5141 3744 5212">
    <p class='ocr_par' dir='ltr' id='par_1_114' title="bbox 2162 5141 3744 5212">
     <span class='ocr_line' id='line_1_114' title="bbox 2162 5141 3744 5212; baseline 0.002 -16"><span class='ocrx_word' id='word_1_943' title='bbox 2162 5141 2338 5207; x_wconf 90' lang='lat' dir='ltr'><strong>ﬁunt,</strong></span> <span class='ocrx_word' id='word_1_944' title='bbox 2391 5150 2516 5196; x_wconf 90' lang='lat' dir='ltr'><strong>sunt</strong></span> <span class='ocrx_word' id='word_1_945' title='bbox 2579 5143 2916 5206; x_wconf 89' lang='lat' dir='ltr'><strong>communia,</strong></span> <span class='ocrx_word' id='word_1_946' title='bbox 2965 5141 3411 5212; x_wconf 90' lang='lat' dir='ltr'><strong>quemadmodum</strong></span> <span class='ocrx_word' id='word_1_947' title='bbox 3460 5152 3515 5197; x_wconf 90' lang='lat' dir='ltr'><strong>et</strong></span> <span class='ocrx_word' id='word_1_948' title='bbox 3567 5142 3744 5199; x_wconf 82' lang='lat' dir='ltr'><strong>omnia</strong></span> 
     </span>
    </p>
   </div>
   <div class='ocr_carea' id='block_1_115' title="bbox 2163 5236 2668 5306">
    <p class='ocr_par' dir='ltr' id='par_1_115' title="bbox 2163 5236 2668 5306">
     <span class='ocr_line' id='line_1_115' title="bbox 2163 5236 2668 5306; baseline 0.002 -18"><span class='ocrx_word' id='word_1_949' title='bbox 2163 5249 2323 5306; x_wconf 90' lang='lat' dir='ltr'><strong>opera</strong></span> <span class='ocrx_word' id='word_1_950' title='bbox 2345 5236 2668 5290; x_wconf 91' lang='lat' dir='ltr'><strong>communia.</strong></span> 
     </span>
    </p>
   </div>
   <div class='ocr_carea' id='block_1_116' title="bbox 2237 5325 3746 5398">
    <p class='ocr_par' dir='ltr' id='par_1_116' title="bbox 2237 5325 3746 5398">
     <span class='ocr_line' id='line_1_116' title="bbox 2237 5325 3746 5398; baseline 0.001 -18"><span class='ocrx_word' id='word_1_951' title='bbox 2237 5325 2337 5380; x_wconf 84' lang='lat' dir='ltr'><strong>Hic</strong></span> <span class='ocrx_word' id='word_1_952' title='bbox 2365 5343 2555 5393; x_wconf 76' lang='lat' dir='ltr'><strong>versus,</strong></span> <span class='ocrx_word' id='word_1_953' title='bbox 2589 5327 2798 5397; x_wconf 83' lang='lat' dir='ltr'><strong>Virgam</strong></span> <span class='ocrx_word' id='word_1_954' title='bbox 2830 5327 3036 5381; x_wconf 90' lang='lat' dir='ltr'><strong>virtutis</strong></span> <span class='ocrx_word' id='word_1_955' title='bbox 3067 5335 3193 5391; x_wconf 66' lang='lat' dir='ltr'><strong>tua},</strong></span> <span class='ocrx_word' id='word_1_956' title='bbox 3230 5337 3350 5393; x_wconf 88' lang='lat' dir='ltr'><strong>etc.,</strong></span> <span class='ocrx_word' id='word_1_957' title='bbox 3379 5329 3654 5398; x_wconf 86' lang='lat' dir='ltr'><strong>anagogice</strong></span> <span class='ocrx_word' id='word_1_958' title='bbox 3685 5330 3746 5381; x_wconf 84' lang='lat' dir='ltr'><strong>de</strong></span> 
     </span>
    </p>
   </div>
   <div class='ocr_carea' id='block_1_117' title="bbox 2163 5419 3747 5492">
    <p class='ocr_par' dir='ltr' id='par_1_117' title="bbox 2163 5419 3747 5492">
     <span class='ocr_line' id='line_1_117' title="bbox 2163 5419 3747 5492; baseline -0.002 -17"><span class='ocrx_word' id='word_1_959' title='bbox 2163 5420 2361 5475; x_wconf 82' lang='lat' dir='ltr'><strong>Christo</strong></span> <span class='ocrx_word' id='word_1_960' title='bbox 2390 5421 2692 5491; x_wconf 71' lang='lat' dir='ltr'><strong>explicatur.</strong></span> <span class='ocrx_word' id='word_1_961' title='bbox 2725 5421 2863 5475; x_wconf 82' lang='lat' dir='ltr'><strong>Crux</strong></span> <span class='ocrx_word' id='word_1_962' title='bbox 2882 5420 3069 5475; x_wconf 83' lang='lat' dir='ltr'><strong>Christi</strong></span> <span class='ocrx_word' id='word_1_963' title='bbox 3097 5421 3330 5491; x_wconf 78' lang='lat' dir='ltr'><strong>virga.—</strong></span> <span class='ocrx_word' id='word_1_964' title='bbox 3352 5421 3404 5475; x_wconf 74' lang='grc'><strong>2.</strong></span> <span class='ocrx_word' id='word_1_965' title='bbox 3424 5419 3628 5492; x_wconf 83' lang='lat' dir='ltr'><strong>l&#39;irgam</strong></span> <span class='ocrx_word' id='word_1_966' title='bbox 3649 5423 3747 5473; x_wconf 74' lang='lat' dir='ltr'><strong>vir-</strong></span> 
     </span>
    </p>
   </div>
   <div class='ocr_carea' id='block_1_118' title="bbox 2164 5513 3743 5584">
    <p class='ocr_par' dir='ltr' id='par_1_118' title="bbox 2164 5513 3743 5584">
     <span class='ocr_line' id='line_1_118' title="bbox 2164 5513 3743 5584; baseline 0.001 -14"><span class='ocrx_word' id='word_1_967' title='bbox 2164 5515 2282 5570; x_wconf 88' lang='lat' dir='ltr'><strong>tutis</strong></span> <span class='ocrx_word' id='word_1_968' title='bbox 2309 5525 2408 5569; x_wconf 77' lang='lat' dir='ltr'><strong>tua:</strong></span> <span class='ocrx_word' id='word_1_969' title='bbox 2434 5514 2617 5568; x_wconf 86' lang='lat' dir='ltr'><strong>emittet</strong></span> <span class='ocrx_word' id='word_1_970' title='bbox 2641 5513 2886 5568; x_wconf 87' lang='lat' dir='ltr'><strong>Dominus</strong></span> <span class='ocrx_word' id='word_1_971' title='bbox 2915 5530 2977 5568; x_wconf 77' lang='lat' dir='ltr'><strong>ex</strong></span> <span class='ocrx_word' id='word_1_972' title='bbox 3006 5513 3153 5568; x_wconf 89' lang='lat' dir='ltr'><strong>Sion.</strong></span> <span class='ocrx_word' id='word_1_973' title='bbox 3181 5513 3391 5584; x_wconf 85' lang='lat' dir='ltr'><strong>Virgam</strong></span> <span class='ocrx_word' id='word_1_974' title='bbox 3405 5517 3628 5573; x_wconf 86' lang='lat' dir='ltr'><strong>virtutis</strong></span> <span class='ocrx_word' id='word_1_975' title='bbox 3647 5532 3743 5572; x_wconf 86' lang='lat' dir='ltr'><strong>seu</strong></span> 
     </span>
    </p>
   </div>
   <div class='ocr_carea' id='block_1_119' title="bbox 2225 5691 3746 5758">
    <p class='ocr_par' dir='ltr' id='par_1_119' title="bbox 2225 5691 3746 5758">
     <span class='ocr_line' id='line_1_119' title="bbox 2225 5691 3746 5758; baseline -0.001 -14"><span class='ocrx_word' id='word_1_976' title='bbox 2225 5695 2298 5757; x_wconf 88' lang='lat' dir='ltr'><strong>(a)</strong></span> <span class='ocrx_word' id='word_1_977' title='bbox 2331 5701 2468 5758; x_wconf 60' lang='lat' dir='ltr'><strong>Reg,</strong></span> <span class='ocrx_word' id='word_1_978' title='bbox 2495 5706 2588 5758; x_wconf 81' lang='lat' dir='ltr'><strong>non</strong></span> <span class='ocrx_word' id='word_1_979' title='bbox 2611 5692 2882 5758; x_wconf 74' lang='lat' dir='ltr'><strong>adumbrat,</strong></span> <span class='ocrx_word' id='word_1_980' title='bbox 2901 5692 3000 5753; x_wconf 91' lang='lat' dir='ltr'><strong>vel,</strong></span> <span class='ocrx_word' id='word_1_981' title='bbox 3023 5704 3118 5758; x_wconf 78' lang='lat' dir='ltr'><strong>non</strong></span> <span class='ocrx_word' id='word_1_982' title='bbox 3139 5691 3386 5758; x_wconf 82' lang='lat' dir='ltr'><strong>obscurat.</strong></span> <span class='ocrx_word' id='word_1_983' title='bbox 3409 5705 3521 5757; x_wconf 76' lang='lat' dir='ltr'><strong>qua:</strong></span> <span class='ocrx_word' id='word_1_984' title='bbox 3544 5694 3650 5756; x_wconf 71' lang='lat' dir='ltr'><strong>ipsa</strong></span> <span class='ocrx_word' id='word_1_985' title='bbox 3669 5691 3746 5743; x_wconf 79' lang='lat' dir='ltr'><strong>le-</strong></span> 
     </span>
    </p>
   </div>
   <div class='ocr_carea' id='block_1_120' title="bbox 2163 5753 3323 5808">
    <p class='ocr_par' dir='ltr' id='par_1_120' title="bbox 2163 5753 3323 5808">
     <span class='ocr_line' id='line_1_120' title="bbox 2163 5753 3323 5808; baseline -0.003 0"><span class='ocrx_word' id='word_1_986' title='bbox 2163 5753 2258 5808; x_wconf 82' lang='lat' dir='ltr'><strong>ctio</strong></span> <span class='ocrx_word' id='word_1_987' title='bbox 2278 5753 2483 5807; x_wconf 72' lang='lat' dir='ltr'><strong>htttltutti</strong></span> <span class='ocrx_word' id='word_1_988' title='bbox 2509 5756 2709 5807; x_wconf 82' lang='lat' dir='ltr'><strong>atTerrct</strong></span> <span class='ocrx_word' id='word_1_989' title='bbox 2731 5755 2840 5807; x_wconf 85' lang='lat' dir='ltr'><strong>huic</strong></span> <span class='ocrx_word' id='word_1_990' title='bbox 2867 5757 2970 5807; x_wconf 86' lang='lat' dir='ltr'><strong>loco</strong></span> <span class='ocrx_word' id='word_1_991' title='bbox 2989 5753 3323 5808; x_wconf 82' lang='lat' dir='ltr'><strong>obscuritatis.</strong></span> 
     </span>
    </p>
   </div>
  </div>
