4108 6344
384 323 490 381 2G7

384 436 478 489 καὶ
501 432 658 502 ἡμεῖς
685 429 1106 500 ἐπιστεύσαμεν·
1129 429 1223 483 καὶ
1251 428 1407 498 ὑμεῖς
1429 430 1526 501 μὲν
1548 430 1606 482 ἒν
1633 429 1784 493 ἔθνος
1804 428 1950 492 ἐστὲ,

383 519 542 589 ἡμεῖς
559 515 615 566 δὲ
637 515 784 566 πᾶσα
812 515 846 584 ἡ
873 512 1183 582 οἰκουμένη,
1203 511 1296 565 καὶ
1328 512 1469 582 ὑμᾶς
1493 515 1589 584 οὑχ
1609 513 1781 576 οὑτως
1802 512 1953 564 ἒπει-

385 617 444 653 σε
475 597 734 668 Μωῦσῆς,
757 597 832 660 ὡς
861 598 1008 667 ἡμᾶς
1033 598 1061 648 6
1093 597 1346 667 Χριστός·
1374 598 1467 650 καὶ
1490 598 1558 650 τά
1596 599 1692 667 μὲν
1717 599 1956 668 ὑμέτερα

385 688 678 748 πέπαυται,
713 684 782 738 τὰ
832 684 888 737 δὲ
935 685 1175 755 ἡμέτερα
1220 684 1468 755 ἕστηκεν.
1512 685 1648 738 Ἀλλ’
1687 685 1795 738 ἀπὸ
1852 685 1956 738 τῶν

385 773 776 846 προρῤἡσεωνς
827 771 986 824 Ἀλλὰ
1016 771 1182 823 πλείω
1222 771 1288 824 τὰ
1315 774 1443 844 παρ’
1468 773 1616 842 ἡμῖν.
1653 771 1860 825 Οὐκοῦν
1886 771 1955 825 τά

386 861 626 930 ἡμέτερα
661 857 754 910 ἐὰν
783 856 999 928 ἀνέλῃς,
1031 858 1124 909 καὶ
1147 856 1215 910 τά
1238 858 1308 910 σὰ
1334 857 1663 921 συσκιάζεις.
1691 858 1829 910 Ἀλλ’
1850 857 1957 910 ἀπὸ

385 947 492 1001 τῶν
527 946 796 1017 σημείων;
842 945 982 997 Ἀλλ’
1011 945 1168 1015 ὑμεῖς
1214 945 1366 998 οὐδὲν
1399 945 1550 1015 ἔχετε
1581 944 1750 1010 δεῖξαι
1788 947 1955 998 Μωῦ-

388 1037 524 1099 σέως
553 1036 794 1104 σημεῖον·
821 1032 1012 1101 γέγονε
1036 1032 1144 1103 γάρ
1175 1033 1269 1084 καὶ
1292 1033 1587 1103 παρῆλθεν*
1612 1035 1772 1103 ἡμεῖς
1790 1032 1846 1086 δὲ
1862 1031 1955 1086 τοῦ

386 1121 621 1192 Χριστοῦ
653 1120 820 1174 πολλὰ
853 1119 947 1173 καὶ
979 1120 1209 1192 διάφορα
1243 1119 1321 1172 ἔτι
1378 1122 1471 1173 καὶ
1520 1121 1614 1174 νῦν
1660 1121 1954 1192 γινόμενα,

386 1209 480 1262 καὶ
511 1209 609 1272 τὰς
640 1209 972 1279 προρρήσεις
993 1207 1135 1278 ὑπὲρ
1167 1207 1258 1259 τὸν
1279 1206 1430 1277 ἥλιον
1453 1207 1791 1278 λαμπούσας.
1818 1206 1957 1260 Ἀλλ’

387 1297 493 1350 ἀπὸ
524 1297 633 1349 τῶν
665 1297 877 1366 νόμων;
916 1293 1076 1347 Ἀλλά
1107 1293 1280 1348 ταῦτα
1326 1295 1753 1367 φιλοσοφώτερα.
1798 1294 1959 1348 Ἀλλά

385 1385 474 1450 τίς
513 1384 621 1436 τῶν
651 1383 964 1452 Αἰγυπτίων
992 1381 1307 1435 κωλυόντων
1352 1380 1639 1452 ὲξήλθετες
1686 1383 1823 1436 Ἀλλ’
1857 1383 1958 1436 οὑκ

386 1473 530 1528 ἐστιν
565 1473 675 1526 ίσον
705 1473 799 1544 τῆς
831 1471 1155 1542 οἰκουμένης
1189 1471 1531 1544 πολεμούσης
1554 1471 1956 1543 περιγενέσθαι,

387 1563 481 1616 καὶ
513 1560 824 1629 Αἰγυπτίων
851 1561 1027 1630 μόνων
1060 1559 1352 1630 κρατῆσαι.
1384 1561 1495 1614 Καὶ
1516 1559 1686 1614 ταῦτα
1707 1559 1868 1627 λέγω,
1895 1559 1958 1612 οὑ

389 1649 569 1719 μάχην
599 1649 832 1716 εἰσάγων
858 1650 925 1719 τῇ
960 1647 1175 1717 Παλαιᾷ
1200 1646 1336 1716 πρὸς
1371 1647 1471 1715 τὴν
1505 1649 1732 1716 Καινήν·
1754 1648 1955 1714 ἄπαγε·

387 1735 521 1789 ἀλλὰ
549 1736 647 1805 τὴν
686 1733 954 1787 Ἰουδαίων
978 1732 1370 1804 ἀγνωμοσύνην
1401 1735 1750 1804 ἐπιστομίσαι
1784 1733 1960 1804 βουλό-

390 1839 569 1892 μενος.
595 1823 702 1874 Καὶ
720 1821 827 1891 γὰρ
847 1823 1031 1874 ἐκεῖνα
1055 1819 1340 1873 καὶταῦτα
1363 1820 1468 1874 ὑπὸ
1489 1819 1580 1874 τοῦ
1600 1819 1733 1873 Θεοῦ
1755 1820 1848 1873 τοῦ
1864 1821 1960 1873 αὑ-

385 1907 480 1962 τοῦ
509 1908 716 1962 δέδοται
744 1909 838 1960 καὶ
864 1908 1174 1976 γεγένηται·
1194 1905 1308 1959 ἀλλ’
1343 1908 1519 1959 ἐκεῖνο
1554 1907 1960 1960 κατασκευάσαι

388 1997 545 2054 θέλω.
567 1997 648 2048 ὅτι
681 1997 710 2048 6
740 1995 989 2057 Ἰουδαῖος
1012 1993 1214 2048 ἀνελὼν
1237 1994 1335 2057 τὰς
1355 1993 1694 2065 προφητείας
1711 1995 1809 2058 τὰς
1833 2011 1900 2046 πε
1910 1995 1962 2066 pl

387 2081 644 2155 Χριστοῦ,
673 2081 733 2135 τὸ
783 2081 942 2134 πλέον
981 2080 1089 2133 τῶν
1120 2081 1464 2152 προφητειῶν
1495 2081 1814 2152 λυμαίνεται
1864 2081 1961 2152 μέ-

391 2192 503 2247 ρος,
534 2175 628 2227 καὶ
653 2175 752 2227 οὑκ
779 2175 841 2228 ἂν
869 2174 981 2244 ἔχοι
1009 2173 1177 2240 δεῖξαι
1206 2172 1390 2242 σαφῶς
1415 2171 1513 2243 τὴν
1545 2173 1823 2241 εὐγένειαν
1864 2172 1961 2242 τῆς

391 2264 652 2327 Παλαιᾶς,
688 2265 736 2316 εί
777 2264 850 2334 μὴ
880 2263 976 2334 τὴν
1010 2261 1217 2323 Καινὴν
1261 2260 1644 2332 παραδέξαιτό.
1677 2261 1799 2314 Ὀτι
1821 2261 1876 2313 δὲ
1901 2261 1960 2312 οὑ

389 2351 518 2422 περὶ
547 2350 833 2422 ἀνθρώπου
865 2350 932 2404 τά
967 2349 1229 2420 εἰρημένα
1250 2387 1266 2411 ,
1312 2348 1404 2401 καὶ
1442 2350 1508 2402 ὲκ
1550 2347 1644 2402 τοῦ
1671 2347 1960 2416 λέγεσθαι,

389 2437 586 2493 Κάθου
601 2438 668 2490 ἐκ
684 2435 898 2501 δεξιῶν
910 2454 1051 2506 μου,
1081 2437 1174 2489 καὶ
1194 2437 1258 2488 ὲκ
1274 2435 1366 2488 τοῦ
1388 2434 1588 2508 Κύριον
1605 2436 1962 2504 ὀνομάζεσθαι

388 2527 586 2598 ὁμοίως
607 2526 685 2597 τῷ
703 2525 913 2595 λέγοντι
937 2525 1146 2596 Κυρίῳ,
1174 2525 1268 2578 καὶ
1296 2525 1359 2577 ἐκ
1391 2523 1485 2577 τοῦ
1516 2525 1580 2578 ὲκ
1599 2523 1830 2596 γαστρὸς
1859 2524 1964 2594 πρὸ

391 2615 668 2685 ἑωσφόρου
700 2611 1028 2684 γεγενῆσθαι
1053 2611 1236 2676 αὑτὸν,
1265 2614 1359 2665 καὶ
1391 2613 1454 2666 ὲκ
1485 2612 1580 2665 τοῦ
1615 2612 1767 2682 ἱερέα
1802 2611 1964 2664 αὑτὸν

393 2702 542 2776 [253.]
573 2698 712 2756 εἷναι
743 2701 886 2755 κατὰ
921 2702 1020 2773 τὴν
1071 2700 1226 2764 τάξιν
1259 2700 1612 2770 Μελχισεδὲκ,
1647 2701 1740 2754 καὶ
1772 2701 1836 2752 ἐκ
1870 2698 1962 2752 τοῦ

389 2790 658 2860 λέγεσθαι.
687 2790 845 2845 Μετά
870 2789 987 2844 σοῦ
1021 2791 1058 2858 ἠ
1089 2787 1248 2858 ἀρχή
1293 2803 1440 2854 σου,
1485 2791 1598 2852 τοῖς
1629 2786 1754 2841 νοῦν
1783 2787 1964 2858 ἔχουσι

391 2881 689 2952 κατάδηλόν
727 2880 862 2932 ἐστι.

462 2971 525 3024 Et
542 2971 597 3024 δὲ
617 2970 706 3023 ἓτε
715 2986 805 3041 ρος
826 2971 958 3040 ἡμῖν
989 2967 1239 3032 Ἰουδαῖος
1259 2965 1565 3021 ἀνακύπτει
1604 2966 1766 3021 πάλιν
1806 2967 1968 3040 πρόσ-

392 3075 539 3111 ωπον
581 3057 908 3129 Χριστιανοῦ
948 3057 1285 3129 περιφέρων,
1316 3055 1526 3118 Παῦλος
1548 3057 1576 3110 6
1599 3057 1963 3128 Σαμοσατεὺς,

393 3145 554 3214 λέγω.
596 3145 819 3199 δυνατὸν
870 3145 968 3216 μὲν
1003 3146 1098 3198 καὶ
1147 3145 1283 3216 πρὸς
1335 3143 1523 3198 τοῦτον
1566 3145 1661 3198 καὶ
1712 3144 1820 3197 άπὸ
1866 3144 1967 3214 τῆς

395 3234 602 3304 Καινῆς
628 3233 826 3301 λέγειν.
873 3233 1019 3303 Πλὴν
1052 3231 1164 3285 ἀλλ’
1213 3233 1299 3284 ἵνα
1343 3231 1417 3303 μὴ
1446 3231 1687 3302 δόξωμεν
1718 3230 1786 3284 τὰ
1823 3247 1967 3301 παρ-

395 3321 522 3375 όντα
573 3321 800 3389 ἀφέντες
846 3321 930 3388 ἐφ’
965 3320 1151 3390 ἓτερον
1194 3319 1357 3391 μέρος
1407 3320 1762 3391 παρατάξεως
1801 3320 1964 3382 ἰέναι,

397 3410 490 3463 καὶ
516 3407 704 3461 τοῦτον
734 3407 982 3461 ἐντεῦθεν
1015 3406 1316 3478 βάλλωμεν.
1341 3405 1404 3459 Τί
1434 3402 1528 3459 οὖν
1561 3407 1655 3459 καὶ
1682 3401 1835 3468 οὗτος
1877 3405 1967 3458 λέ-

395 3513 512 3566 γει;
546 3503 572 3528 ⁸
593 3496 716 3550 ’Ὀτι
741 3495 1028 3566 ἄνθρωπος
1050 3490 1140 3565 ἡν,
1175 3493 1329 3564 φησὶ,
1356 3493 1528 3564 ψιλὸς,
1567 3492 1663 3546 καὶ
1686 3492 1746 3557 ἐξ
1779 3488 1840 3546 οῦ
1872 3493 1966 3561 γέο

397 3600 551 3652 γονεν
586 3585 651 3638 ὲκ
674 3584 910 3654 Μαρίας,
934 3578 1000 3646 ἒξ
1029 3580 1238 3635 ἐκείνου
1263 3581 1362 3652 τὴν
1392 3579 1624 3651 ὓπαρξιν
1647 3580 1807 3650 μόνον
1832 3580 1965 3649 ἔχει.

399 3673 463 3724 Τί
494 3668 610 3737 οὖν,
635 3671 757 3726 είπέ
793 3689 904 3742 μοι,
949 3670 1084 3740 πρὸς
1118 3669 1334 3739 ἐκείνην
1368 3667 1467 3739 τὴν
1507 3669 1664 3739 ρῆσιν
1698 3671 1840 3739 ἐρεῖς
1870 3669 1969 3739 τὴν

397 3759 681 3828 λέγουσαν·
700 3761 794 3812 Ἐκ
812 3759 1069 3827 γαστρὸς
1093 3756 1204 3824 πρὸ
1224 3756 1532 3825 ἐωσςρόρου
1548 3754 1846 3825 ἐγέννησά
1860 3772 1970 3820 σε;

400 3849 492 3900 Δεῖ
523 3847 578 3899 δὲ
606 3848 675 3900 τὰ
706 3844 861 3909 ἄλλα,
897 3843 1040 3914 άπερ
1089 3842 1227 3913 πρὸς
1282 3842 1567 3905 Ἰουδαίους
1609 3843 1843 3912 εἴρηται,
1875 3843 1972 3896 καὶ

400 3935 536 4005 πρὸς
572 3933 699 3996 τοὺς
736 3932 842 3986 άπὸ
871 3931 1061 3984 τούτου
1099 3931 1292 3984 εἰπεῖν.
1328 3929 1439 3982 Καὶ
1469 3929 1662 3982 τούτου
1687 3931 1786 4000 οὑχ
1809 3931 1972 4001 ἡμεῖς

399 4025 583 4084 αἴτιοι,
639 4019 750 4074 ἀλλ’
797 4019 950 4074 αὑτοὶ
993 4014 1137 4073 οὗτοι
1171 4019 1219 4072 οί
1270 4017 1470 4088 πολλὴν
1510 4015 1608 4089 τὴν
1655 4018 1971 4085 συγγένειαν

399 4109 507 4163 τῶν
565 4107 846 4178 δογμάτων
881 4105 1018 4176 πρὸς
1047 4107 1247 4168 αὐτοὺς
1278 4105 1521 4177 ἔχοντες·
1578 4103 1700 4158 ὅθεν
1736 4105 1830 4158 καὶ
1860 4107 1971 4168 τοῖς

401 4198 584 4260 αὑτοῖς
626 4195 807 4260 ὅπλοις
860 4193 1002 4249 κατὰ
1028 4195 1232 4248 τούτων
1283 4192 1614 4265 χρησόμεθα.
1681 4191 1818 4256 Τοὺς
1864 4191 1972 4264 γὰρ

401 4267 601 4354 ὁμοίως
631 4281 1000 4353 πολεμοῦντας
1038 4283 1151 4346 τοῖς
1189 4281 1371 4342 αὑτοῖς
1407 4279 1585 4350 βέλεσι
1629 4277 1842 4349 βάλλειν
1871 4279 1970 4331 δεῖ.

401 4373 467 4425 Τί
503 4367 597 4425 οὖν
631 4369 876 4441 βούλεται
915 4371 948 4440 ἡ
993 4367 1246 4424 κοινωνία
1286 4366 1380 4419 τοῦ
1437 4366 1664 4437 θρόνου;
1711 4365 1974 4419 Ἐνταῦθα

403 4461 512 4530 γάρ
557 4459 618 4512 16
655 4458 914 4529 ὁμότιμον
959 4457 1250 4517 δείκνυται,
1301 4454 1329 4508 ὂ
1361 4455 1608 4517 καὶτοὺς
1651 4453 1720 4507 τά
1762 4453 1972 4524 Ἀρείου

404 4547 731 4620 φρονοῦντας
755 4544 1103 4614 ἐπιστομίσαι
1135 4543 1335 4596 ἱκανόν.
1363 4542 1462 4594 Δια
1487 4539 1645 4593 τοῦτο
1664 4541 1758 4593 καὶ
1786 4541 1816 4593 6
1841 4542 1976 4612 Χρι-

406 4637 526 4699 στὸς
549 4634 684 4706 πρὸς
701 4634 829 4696 τοὺς
845 4632 1124 4694 Ἰουδαίους
1147 4631 1421 4699 λέγοντας,
1448 4630 1528 4682 δτι
1552 4630 1669 4692 υίὸς
1697 4629 1790 4682 τοῦ
1815 4631 1976 4683 Δαυῖδ

405 4727 574 4788 ἐστιν,
635 4725 882 4794 ἐπήγαγε
940 4720 1130 4787 λέγων·
1166 4717 1298 4783 Πῶς
1337 4715 1451 4773 οὖν
1495 4716 1678 4771 Δαυῒδ
1699 4718 1770 4771 ἐν
1796 4719 1978 4772 Πνεύο

399 4830 537 4883 ματι
573 4812 792 4892 ιξύριον
821 4808 1010 4862 αὐτὸν
1033 4807 1221 4870 καλεῖ,
1235 4799 1450 4871 λέγων·
1476 4801 1662 4860 Εἶπεν
1694 4808 1726 4859 ὀ
1762 4806 1977 4872 Κύριος

405 4897 485 4962 τῷ
512 4889 707 4964 κυρίῳ
737 4908 890 4963 μου·
922 4892 1119 4946 Κάθου
1145 4892 1214 4944 ἐκ
1260 4890 1474 4954 δεξιῶν
1489 4904 1645 4958 μους
1679 4889 1889 4960 Προϊὼν
1919 4889 1977 4942 δὲ

406 4982 501 5035 καὶ
526 4981 616 5033 τὸν
642 4978 770 5048 περὶ
801 4977 900 5047 τῆς
934 4975 1243 5045 οἰκονομίας
1281 4977 1422 5027 κινεῖ
1451 4973 1606 5042 λόγον
1648 4973 1980 5044 σαφέστερον

407 5063 724 5137 ἑρμηνεύων
755 5065 784 5118 6
831 5061 1062 5125 Παῦλος,
1093 5061 1188 5114 καὶ
1217 5060 1503 5129 Μαρκίωνι
1527 5059 1622 5112 καὶ
1654 5057 1942 5130 Μανιχαίῳ
1960 5097 1977 5122 ,

407 5151 500 5202 καὶ
522 5149 655 5201 πᾶσι
679 5150 790 5209 τοῖς
818 5146 887 5199 τά
906 5144 1129 5197 τοιαῦτα
1149 5141 1363 5196 νοσοῦσι
1389 5141 1608 5211 καιρίαν
1634 5140 1818 5195 δίδωσι
1842 5141 1981 5212 πλη-

407 5233 529 5302 γὴν,
547 5232 739 5300 λέγων·
770 5229 1060 5302 ἑρμηνεύει
1089 5229 1194 5300 γὰρ
1224 5227 1362 5298 μετὰ
1387 5227 1483 5298 τῆς
1506 5225 1654 5297 αὑτῴ
1677 5229 1982 5298 προσηκού-

410 5333 509 5387 σης
538 5316 826 5378 συνέσεως.
863 5315 979 5378 πῶς
1021 5315 1243 5382 γέγονεν
1291 5314 1468 5385 ίερεὺς
1512 5311 1653 5365 κατὰ
1691 5313 1790 5383 τὴν
1826 5312 1980 5379 τάξιν

409 5399 766 5470 Μελχισεδέκ.
782 5399 972 5468 Ἡμεῖς
999 5397 1055 5451 δὲ
1082 5397 1242 5450 πάλιν
1290 5397 1382 5449 ἐπὶ
1406 5395 1466 5449 τὸ
1493 5395 1850 5466 προκείμενον
1883 5398 1982 5449 ὲπ-

410 5483 668 5552 ανίωμεν.
698 5477 884 5537 Εἶπεν
905 5483 938 5534 ό
962 5482 1176 5548 Κύριος
1201 5479 1280 5546 τῷ
1306 5480 1497 5547 Κυρίῳ
1515 5493 1661 5548 μου·
1692 5479 1889 5534 Κάθου
1913 5481 1982 5535 ἐκ

412 5565 625 5632 δεξιῶν
651 5584 790 5636 μου.
824 5561 976 5630 Εἶδες
1011 5566 1073 5619 16
1096 5563 1578 5637 ὁμότιμον;”οπου
1619 5563 1727 5635 γὰρ
1770 5563 1979 5636 θρόνος,

473 5711 492 5738 ⁸
513 5713 648 5766 Circa
671 5715 940 5766 doctrinam
978 5716 1116 5766 Pauli
1157 5714 1460 5766 Samosalcni
1513 5719 1688 5777 agetur
1710 5714 1767 5764 ad
1796 5715 1982 5764 calcem

413 5789 620 5841 operum
640 5777 991 5840 Chrysoslomi.

1477 315 1847 374 EXPOSITIO
1885 316 1953 372 IN
1994 315 2328 373 PSALMUM
2369 316 2507 374 CIX.

3519 306 3628 364 εσυ

2064 429 2340 498 βασιλείας
2377 429 2681 502 σύμϐολον·
2740 431 2876 486 ὅπου
2919 428 3106 500 θρόνος
3143 422 3246 492 εἷς,
3299 426 3402 496 τῆς
3457 425 3631 495 αὐτῆς

2063 518 2338 588 βασιλείας
2374 519 2402 558 δ
2453 519 2710 587 ίσοτιμία.
2765 517 2856 571 Διὸ
2919 521 3014 570 καὶ
3072 518 3099 570 6
3145 515 3354 578 Παῦλος
3403 513 3628 582 ἔλεγεν·

2074 608 2127 659 Ὀ
2156 607 2342 660 ποιῶν
2371 608 2512 675 τοὺς
2566 606 2860 678 ἀγγέλους
2907 605 3093 660 αὐτοῦ
3138 605 3474 674 πνεύματα,
3529 601 3628 655 καὶ

2060 692 2202 758 τοὺς
2223 693 2610 764 λειτουργοὺς
2652 692 2838 748 αὑτοῦ
2873 691 3064 761 πυρὸς
3109 691 3324 762 φλόγα.
3372 689 3527 757 Πρὸς
3562 685 3631 740 δὲ

2062 780 2167 834 τὸν
2207 783 2360 834 ΥΙόν-
2405 783 2465 836 '0
2497 783 2707 849 θρόνος
2751 795 2888 846 σου,
2925 782 2957 833 ό
2993 779 3155 845 Θεὸς,
3193 781 3280 844 είς
3311 779 3418 831 τὸν
3446 773 3634 829 αἰῶνα

2061 869 2167 923 τοῦ
2217 869 2448 936 αίῶνος.
2482 870 2637 924 Οὕτω
2677 871 2769 924 καὶ
2807 869 3004 940 Δανιὴλ
3039 869 3144 939 ὁρᾷ
3188 867 3283 939 τὴν
3315 868 3414 935 μὲν
3453 863 3632 918 κτίσιν

2063 955 2279 1011 ἃπασαν
2311 959 2689 1028 παρεστῶσαν,
2716 957 2981 1026 ἀγγέλους
3017 971 3076 1008 τε
3106 955 3198 1008 καὶ
3237 952 3629 1025 ἀρχαγγέλους,

2060 1044 2152 1096 τὸν
2181 1043 2236 1096 δὲ
2271 1045 2397 1098 Υίὸν
2424 1045 2515 1098 τοῦ
2550 1043 2837 1111 ἀνθρώπου
2876 1043 3166 1115 ἐρχόμενον
3199 1041 3291 1093 ἐπὶ
3321 1039 3427 1092 τῶν
3472 1054 3632 1107 νεφε-

2061 1130 2208 1198 λῶν,
2270 1133 2365 1186 καὶ
2409 1133 2678 1201 φθάνοντα
2732 1131 2837 1195 ἕως
2893 1130 2984 1184 τοῦ
3030 1128 3265 1184 Παλαιοῦ
3328 1127 3436 1180 τῶν
3489 1127 3631 1197 ἡμεέ

2067 1219 2195 1291 ρῶν.
2255 1220 2316 1272 El
2368 1219 2425 1273 δὲ
2474 1221 2534 1273 16
2587 1217 2759 1284 οὑτως
2816 1221 2990 1272 είπεῖν
3048 1215 3384 1279 σκανδαλίζει
3446 1213 3629 1278 τινας,

2063 1307 2405 1360 ἀκουέτωσαν
2439 1309 2518 1362 δτι
2559 1311 2621 1361 ὲκ
2648 1306 2838 1374 δεξιῶν
2876 1305 3131 1376 κάθηται,
3179 1302 3272 1356 καὶ
3301 1300 3636 1354 ιὶιπαλλιιττέ⁹

2067 1393 2281 1446 σθωσαν
2312 1393 2406 1446 τοῦ
2440 1393 2754 1448 σκανδάλου.
2813 1393 3024 1463 Ὥσπερ
3067 1391 3174 1461 γὰρ
3221 1391 3378 1460 ἡμεῖς
3415 1387 3635 1458 μείζονα

2064 1480 2226 1534 αὑτὸν
2252 1482 2344 1535 τοῦ
2375 1483 2586 1554 Πατρδς
2608 1483 2668 1534 οὑ
2700 1481 2929 1552 λέγομεν
2951 1521 2966 1545 ,
2992 1477 3180 1548 ἐπειδὴ
3217 1477 3318 1546 τὴν
3351 1477 3414 1528 ὲκ
3445 1474 3634 1538 δεξιῶν

2064 1568 2176 1638 ἔχει
2199 1569 2465 1640 καθέδραν
2489 1570 2588 1641 τὴν
2617 1567 2967 1639 ἐντιμοτάτην
2983 1583 2996 1596 ·
3019 1564 3162 1618 οὑτω
3189 1564 3322 1636 μηδὲ
3343 1563 3408 1617 σὺ
3430 1562 3637 1616 ἐλάττω

2063 1658 2188 1727 λέγε
2213 1659 2306 1712 καὶ
2331 1659 2768 1729 καταδεέστερον,
2790 1657 2902 1709 ἀλλ’
2926 1656 3180 1725 ὁμότιμον
3203 1655 3296 1707 καὶ
3319 1653 3450 1706 ἴσον.
3465 1649 3636 1703 Τοῦτο

2063 1747 2172 1819 γάρ
2195 1749 2229 1819 ἡ
2261 1747 2510 1800 κοινωνία
2531 1746 2631 1816 τῆς
2659 1745 2920 1816 καθέδρας
2945 1743 3271 1813 δηλοῖ.”Εως
3297 1741 3374 1795 ἂν
3391 1737 3472 1794 θῶ
3493 1736 3638 1802 τοὺς

2064 1833 2317 1903 ἐχθρούς
2339 1852 2456 1889 σου
2479 1833 2812 1888 ὑποπόδιον
2832 1831 2950 1884 τῶν
2975 1829 3176 1884 ποδῶν
3199 1843 3336 1882 σου.
3357 1827 3466 1879 Καὶ
3493 1823 3634 1886 τίνες

2065 1923 2112 1975 οί
2165 1923 2396 1993 ὲχθροί;
2448 1924 2712 1974 ’Ἄκουσον
2761 1919 2970 1973 Παύλου
3031 1917 3276 1986 λέγοντος
3311 1931 3325 1946 ·
3377 1910 3634 1982 Ἄπαρχὴ

2065 2013 2348 2079 Χριστός·
2379 2011 2581 2065 ἔπειτα
2613 2012 2666 2062 οί
2703 2007 2808 2062 τοῦ
2845 2005 3094 2076 Χριστοῦ
3125 2005 3195 2058 ἐν
3222 2001 3296 2071 τῇ
3334 2001 3638 2068 παρουσίᾳ

2065 2096 2251 2152 αὑτοῦ
2272 2138 2286 2162 ,
2315 2093 2441 2150 εἶτα
2475 2099 2537 2151 τὸ
2570 2097 2760 2161 τέλος.
2799 2095 2898 2148 Δεῖ
2920 2095 3029 2164 γὰρ
3063 2088 3635 2156 αὑτὸνβασιλεύειν,

2067 2185 2239 2254 ἄχρις
2262 2181 2334 2240 οὗ
2369 2185 2446 2239 ἂν
2476 2185 2552 2253 θῇ
2585 2185 2814 2251 πάντας
2850 2182 2992 2250 τοὺς
3016 2180 3268 2253 ἐχθροὺς
3303 2177 3489 2233 αὑτοῦ
3518 2173 3640 2230 ὑπὸ

2067 2274 2208 2340 τοὺς
2230 2273 2421 2340 πόδας
2446 2275 2652 2329 αὐτοῦ.

2128 2363 2194 2432 γ’.
2249 2358 2402 2426 Εἶδες
2443 2361 2794 2434 προφητικῶν
2835 2361 2930 2415 καὶ
2967 2354 3339 2413 άποστολικῶν
3381 2351 3641 2428 ῥημάτων

2071 2445 2386 2516 συμφωνίαν
2403 2464 2417 2512 ;
2433 2448 2539 2500 Καὶ
2552 2447 2660 2517 γάρ
2683 2447 2798 2500 ἐκεῖ
2813 2445 2912 2515 μέν
2932 2461 3005 2514 φη
3014 2443 3277 2505 σιν,’⁹Εως
3297 2438 3372 2492 ἂν
3396 2436 3476 2491 θῶ
3499 2435 3642 2500 τοὺς

2070 2534 2219 2609 [255]
2247 2534 2499 2602 ἐχθρούς
2522 2549 2638 2588 σου
2667 2532 2998 2587 ὑποπόδιον
3023 2527 3142 2583 τῶν
3169 2525 3370 2580 ποδῶν
3388 2540 3524 2578 σου·
3555 2525 3644 2576 ὲν-

2067 2624 2240 2678 ταῦθα
2253 2623 2547 2692 δὲ,”Αχρις
2575 2618 2645 2678 οὗ
2667 2620 2743 2676 ἂν
2757 2619 2831 2688 θῇ
2844 2619 3074 2684 πάντας
3098 2615 3239 2680 τοὺς
3261 2612 3513 2682 ἐχθροὺς
3529 2613 3641 2666 a6-

2068 2707 2194 2760 τοῦ.
2223 2704 2356 2759 Ἀλλ’
2373 2705 2494 2759 οὔτε
2526 2707 2644 2758 ἐκεῖ
2660 2706 2721 2758 τὸ
2742 2705 2918 2770 "ane,
2939 2700 3060 2756 οὔτε
3079 2697 3308 2753 ἐνταῦθα
3324 2697 3382 2748 16
3398 2695 3641 2764 Μέχρις,

2027 2805 2033 2814 '
2070 2793 2278 2865 χρόνων
2308 2794 2422 2864 ὅροι
2456 2792 2615 2848 είσίν.
2663 2793 2815 2845 Ἐπεὶ
2841 2791 2954 2854 πῶς
2989 2790 3186 2862 ἔστηκε
3221 2785 3281 2838 16
3308 2785 3643 2857 προφητικὸν

2071 2883 2264 2946 ἐκεῖνο,
2299 2880 2360 2934 16
2389 2881 2575 2950 λέγον·
2613 2878 2683 2934 Ἦ
2705 2879 2958 2943 ἐξουσία
2984 2877 3171 2931 αὑτοῦ
3190 2915 3205 2940 ,
3233 2875 3484 2940 ἐξουσία
3504 2872 3640 2925 ald)-

2070 2987 2234 3037 νιος,
2264 2969 2363 3024 καί
2403 2969 2442 3036 ἠ
2487 2969 2776 3034 ,ϐασιλεία
2819 2965 3040 3028 αὑτοῦ,
3066 2964 3357 3028 βασιλεία
3401 2961 3533 3029 ἥτις
3568 2960 3642 3014 οὐ

2071 3061 2540 3131 διαφθαρήσεται
2569 3099 2583 3120 ,
2632 3058 2729 3112 καὶ
2773 3056 2885 3126 τῆς
2927 3055 3249 3121 ,βασιλείας
3299 3051 3483 3105 αὐτοῦ
3531 3051 3642 3104 οὐκ

2073 3151 2246 3204 ἔσται
2273 3150 2466 3216 τέλος,
2512 3149 2563 3202 εί
2589 3164 2652 3216 γε
2685 3147 2845 3217 μέχρι
2873 3144 3077 3198 τούτων
3100 3141 3279 3213 μέλλει
3308 3137 3643 3210 βασιλεύει-ις

2086 3238 2277 3309 Ὁρᾷς,
2309 3239 2390 3291 δτι
2416 3237 2478 3292 οὑ
2503 3238 2620 3300 ταῖς
2647 3235 2820 3298 λέξεσι
2840 3233 2921 3286 δεῖ
2948 3231 3233 3302 προσέχειν
3261 3227 3446 3290 ἁπλῶς
3467 3270 3483 3294 ,
3509 3225 3646 3280 ἀλλὰ

2075 3327 2210 3398 πρὸς
2241 3325 2310 3380 τά
2337 3327 2584 3396 νοήματα
2605 3324 2809 3378 ἀνιέναι
2835 3338 2848 3386 ;
2880 3321 2952 3374 Σὺ
2977 3320 3034 3373 δὲ
3067 3316 3279 3370 ἀκούων
3310 3316 3404 3370 τοῦ
3428 3317 3647 3389 Προφὴο

2073 3433 2166 3469 του
2198 3415 2478 3483 λέγοντος,
2517 3413 2599 3466 ὅτι
2644 3414 2673 3464 6
2705 3409 2892 3481 Πατὴρ
2923 3408 3134 3478 τίθησιν
3163 3405 3268 3460 ὑπὸ
3294 3405 3420 3468 τοὺς
3454 3403 3643 3469 πόδας,

2076 3502 2240 3574 μηδὲν
2276 3499 2510 3554 ἐνταῦθα
2538 3497 2864 3569 θορυϐηθῇς.
2907 3496 3042 3550 Οὑδὲ
3067 3496 3175 3566 γὰρ
3211 3493 3286 3556 ὡς
3326 3489 3645 3554 άτονοῦντος

2072 3590 2168 3645 τοῦ
2197 3589 2392 3652 Παιδὸς
2432 3587 2606 3640 ταῦτα
2636 3587 2870 3656 εἴρηται.
2912 3584 2970 3637 '0
3006 3583 3115 3654 γὰρ
3143 3581 3352 3643 Παῦλος
3375 3579 3536 3633 αὑτὸν
3562 3595 3646 3632 τι-

2077 3679 2226 3733 θέναι
2247 3677 2373 3740 τοὺς
2403 3675 2630 3746 ἐχθροὺς
2667 3672 2774 3726 ὑπὸ
2799 3673 2924 3734 τοὺς
2947 3670 3113 3733 πόδας
3136 3667 3300 3722 αὑτοῦ
3333 3666 3478 3734 λέγει
3496 3681 3510 3694 ·
3551 3663 3655 3721 Δεῖ

2073 3768 2184 3838 γὰρ
2233 3765 2421 3821 αὑτὸν
2459 3763 2816 3828 βασιλεύειν
2844 3800 2858 3824 ,
2906 3757 3078 3827 ἄχρις
3130 3753 3202 3812 οὗ
3250 3753 3326 3810 ἂν
3367 3753 3444 3824 θῇ
3504 3754 3648 3822 τοὺς

2073 3854 2326 3926 ἐχθροὺς
2351 3852 2470 3908 ὑπὸ
2503 3849 2644 3916 τοὺς
2675 3845 3098 3913 πόδαςαὺτοῦ.
3121 3845 3232 3898 Καὶ
3261 3843 3421 3896 πάλιν
3449 3842 3511 3895 16
3539 3843 3648 3896 πᾶν

2075 3942 2225 4013 αὑτῷ
2246 3940 2532 4010 ἀνατίθησι
2572 3937 2775 4003 λέγων·
2809 3937 2992 3988 Ὅταν
3039 3931 3282 4001 παραδῷ
3308 3931 3424 3998 τὴν
3457 3931 3642 3994 ,βασι-
3692 3951 3696 3957 ·

2074 4031 2249 4086 λείαν
2273 4028 2354 4094 τῷ
2379 4026 2501 4091 Θεῷ
2519 4025 2616 4080 καί
2643 4022 2843 4090 Hanc-2,
2885 4021 3031 4075 ὅταν
3055 4020 3403 4088 καταργήσῃ
3435 4015 3645 4071 πᾶσαν

2074 4117 2367 4183 ἐξουσίαν
2401 4115 2499 4168 καὶ
2529 4113 2807 4181 δύναμιν.
2841 4109 3149 4173 Τουτέστιν,
3177 4108 3306 4162 ὅταν
3326 4104 3649 4179 κατορθώσῃ

2075 4207 2177 4279 τὴν
2225 4203 2500 4275 βασιλείαν
2526 4241 2541 4268 ,
2569 4199 2768 4254 παύσει
2798 4199 2977 4251 πᾶσαν
3025 4196 3292 4262 ἐξουσίαν.
3325 4192 3496 4246 Τοῦτο
3540 4194 3651 4263 γάρ

2079 4277 2193 4348 ἐστι
2216 4292 2276 4346 16
2303 4287 2696 4358 Καταργήσει.
2745 4285 2819 4339 T6
2852 4287 2960 4338 πᾶν
2985 4283 3042 4336 δὲ
3072 4281 3236 4336 αὑτοῦ
3259 4282 3435 4350 λέγων
3480 4277 3649 4344 εἶναι,

2078 4385 2177 4437 οὑκ
2206 4380 2538 4452 άποχωρίζει
2560 4388 2582 4416 ο
2613 4374 2780 4430 αὑτοῦ
2810 4374 2902 4426 τὸν
2923 4371 3162 4444 Πατέρα,
3193 4371 3381 4442 ῶσπερ
3404 4369 3525 4424 οὑδὲ
3553 4368 3648 4422 τοῦ

2079 4469 2291 4542 Πατρὺς
2319 4469 2517 4538 διαιρεῖ
2542 4464 2634 4519 τὸν
2656 4463 2805 4516 Υίόν.
2825 4461 2937 4515 Καὶ
2955 4461 3065 4532 γὰρ
3086 4459 3156 4512 τὰ
3182 4458 3411 4519 ἐκείνου,
3433 4457 3647 4511 τούτου·

2080 4559 2174 4612 καὶ
2203 4557 2270 4610 τὰ
2303 4554 2495 4609 τούτου
2525 4593 2541 4618 ,
2586 4551 2817 4606 ἐκείνου.
2855 4549 2948 4602 Διὸ
2993 4547 3088 4602 καί
3121 4563 3252 4618 φησι
3274 4563 3290 4579 ·
3326 4545 3529 4602 Πάντα
3578 4543 3652 4598 τὰ

2079 4645 2191 4716 ἐμὰ
2216 4643 2302 4698 σά
2323 4643 2476 4709 ἐστι,
2504 4639 2604 4694 καί
2632 4637 2706 4692 τὰ
2735 4638 2817 4691 σὰ
2846 4635 2976 4706 ἐμά.
2993 4635 3160 4688 Ὅταν
3184 4633 3362 4686 τοίνυν
3389 4632 3648 4705 ἀκούσῃς,

2081 4737 2164 4790 ὅτι
2191 4737 2220 4788 6
2249 4731 2438 4803 Πατὴρ
2464 4727 2699 4792 ὑπέταξε
2722 4766 2738 4792 ,
2769 4724 2844 4798 μὴ
2894 4723 3092 4789 ἔξωθεν
3135 4719 3275 4776 εἶναι
3302 4722 3529 4793 νομίσῃς
3559 4722 3653 4775 τὸν

2082 4823 2209 4878 Υἱδν
2229 4821 2321 4876 τοῦ
2347 4816 2797 4890 κατορθώματος·
2838 4813 2902 4868 ἄν
2925 4830 2983 4867 τε
3005 4810 3282 4886 μανθάνῃς
3299 4853 3313 4872 .
3350 4811 3431 4866 ὅτι
3465 4811 3494 4862 6
3525 4810 3654 4875 Υίδς

2082 4909 2334 4974 ὑπέταξε,
2361 4908 2435 4980 μὴ
2461 4906 2735 4975 ἀλλότριον
2757 4897 2894 4956 εἶναι
2917 4901 3042 4970 λέγε
3066 4900 3158 4953 τὸν
3184 4899 3402 4969 Πατέρα
3426 4897 3651 4951 τούτων.

2083 4999 2257 5054 Κοινὰ
2299 4997 2407 5069 γὰρ
2452 4995 2521 5048 τὰ
2550 4990 2976 5063 κατορθώματα,
3019 4987 3209 5060 ῶσπερ
3236 4987 3330 5041 καὶ
3363 4987 3537 5040 πάντα
3583 4985 3654 5038 τὰ

2085 5091 2220 5162 ἔργα
2251 5087 2425 5142 κοινά.
2475 5083 2719 5140 Ῥάόδον
2759 5077 3066 5152 δυνάμεώς
3098 5093 3216 5133 σου
3260 5072 3659 5142 ὲξαποστελεῖ

2086 5179 2300 5247 Κύριος
2330 5176 2398 5228 ἐκ
2425 5172 2594 5228 Σιών.

2165 5263 2384 5319 Ῥάδδον
2420 5260 2700 5329 δυνάμεως
2740 5255 2838 5328 τὴν
2885 5253 3112 5326 δύναμιν
3166 5252 3334 5323 αὑτήν
3361 5269 3512 5323 φησι.
3539 5249 3654 5321 Ἰῆς

2086 5355 2141 5410 δὲ
2179 5352 2316 5406 Σιὼν
2368 5349 2672 5421 μέμνηται,
2721 5343 2910 5414 ἐπειδὴ
2949 5344 3156 5396 ἐκεῖθεν
3191 5339 3366 5412 ἀρχὴν
3395 5337 3554 5392 ἔλαϐε
3582 5335 3653 5391 τὰ

2088 5441 2500 5514 κατορθώματα.
2549 5435 2694 5490 Ἐκεῖ
2723 5434 2831 5505 γὰρ
2869 5433 2960 5484 καὶ
2987 5430 3078 5484 τὸν
3101 5428 3262 5500 νόμον
3290 5427 3507 5492 ἔδωκεν,
3537 5427 3656 5480 ἐκεῖ

2147 5651 2176 5691 h
2197 5647 2354 5696 Verba
2379 5645 2676 5706 σύμϐολον...
2702 5641 2958 5706 βασιλείας,
2995 5641 3043 5689 in
3070 5635 3234 5706 Monlf.
3259 5637 3432 5706 omissa
3453 5639 3657 5700 propth

2087 5701 2492 5763 ιυοιοτέλεντονε
2513 5705 2662 5753 Savil.
2691 5701 2747 5752 ὀὶ
2771 5703 2940 5753 Morel.
2969 5701 3194 5764 suppleta
3218 5705 3348 5749 sunt.

2151 5777 2180 5810 τι
2198 5774 2318 5835 ﬂes.
2354 5769 2442 5818 οὑκ
2464 5766 2739 5823 ἐπισκιάζει.
