4108 6344
396 319 499 374 Λϐθ

397 432 674 503 potestatis
724 440 877 485 vocat
907 431 1075 501 ipsam
1130 436 1466 501 potestatem.
1510 424 1749 480 Meminit
1799 431 1977 477 autem

393 526 544 590 Sion,
575 523 825 595 quoniam
865 539 981 593 qua:
1014 523 1268 592 praeclare
1302 532 1447 589 gesta
1479 529 1623 583 sunt,
1666 518 1811 572 illinc
1838 531 1984 569 sum-

396 628 615 688 pserunt
641 615 870 669 initiutn.
902 615 1012 668 illic
1035 614 1174 669 enim
1207 614 1375 683 legent
1403 612 1565 675 dedit,
1591 611 1698 664 illie
1724 607 1849 664 fecit
1880 607 1985 661 iiii-

395 709 610 773 racula;
652 708 760 762 illic
788 716 959 775 coepta
991 705 1300 774 praedicatio
1331 720 1426 773 per
1450 702 1757 757 universum
1798 700 1983 753 orbein

398 810 552 855 terra:
572 798 767 853 diffusa
797 807 897 853 est.
941 797 1092 865 Quod
1122 798 1165 850 si
1195 797 1326 851 velis
1353 795 1491 866 quod
1529 794 1725 848 dictum
1771 800 1851 846 est
1896 807 1985 844 su-

396 905 544 945 mere
587 888 902 958 anagogice,
928 888 1050 942 audi
1080 887 1300 940 Paulum
1328 886 1623 940 dicentem:
1645 884 1749 938 Sed
1773 882 1985 935 accessi-

395 983 483 1035 stis
507 981 573 1034 ad
596 990 811 1034 montem
834 978 982 1042 Sion,
1008 988 1054 1031 et
1074 978 1321 1031 civitatem
1338 975 1435 1029 Dei
1452 976 1678 1039 viventis,
1701 972 1985 1026 Jerusalem

398 1074 665 1137 cwlestem,
694 1082 740 1126 et
782 1070 1064 1125 Ecclesium
1091 1070 1563 1140 primogenitorum.
1595 1066 1803 1136 Virgam
1831 1066 1982 1119 virtu-

398 1166 463 1219 tis
511 1175 610 1218 tua:
649 1164 835 1217 emittet
879 1162 1128 1216 Dominus
1184 1178 1246 1215 ex
1298 1161 1426 1215 Sion
1476 1157 1667 1229 (Hebr.
1720 1156 1808 1211 12.
1864 1155 1982 1223 22).

398 1258 558 1329 Virga
588 1256 872 1326 aliquando
905 1255 1117 1326 quidem
1153 1254 1374 1323 castigat
1413 1261 1467 1307 et
1510 1250 1768 1305 beneﬁcio
1796 1247 1982 1312 aflicit,

399 1347 685 1417 aliquando
714 1356 894 1401 autem
936 1345 1259 1411 consolatur,
1288 1352 1342 1398 et
1370 1352 1453 1398 est
1480 1342 1686 1412 signum
1713 1340 1883 1409 regni.
1920 1339 1987 1392 Et

399 1439 543 1509 quod
571 1440 640 1492 sit
668 1446 972 1507 utrumque,
1014 1435 1137 1491 audi
1176 1434 1491 1505 prophetam
1514 1434 1778 1487 dicentem
1803 1449 1813 1482 :
1835 1428 1989 1499 Virga

400 1542 507 1594 tua,
536 1540 581 1583 et
620 1530 826 1583 baculus
853 1539 988 1593 tuus,
1018 1528 1130 1599 ipsa
1158 1543 1237 1580 me
1261 1526 1517 1580 consolata
1546 1532 1663 1578 sunt
1690 1520 1863 1593 (Psal.
1892 1522 1985 1575 22.

400 1626 478 1693 4).
509 1623 574 1676 Et
599 1637 783 1676 rursus
812 1637 825 1672 :
852 1620 1011 1689 Reges
1042 1636 1125 1673 eos
1148 1620 1198 1672 in
1220 1620 1359 1689 virga
1379 1617 1561 1687 ferrea,
1589 1623 1842 1682 tamquam
1870 1629 1990 1666 vasa

401 1716 547 1783 ﬁguli
596 1713 881 1784 confringe:
931 1729 1013 1765 eos
1061 1710 1231 1781 (Psat.
1274 1710 1329 1764 2.
1372 1708 1452 1779 9).
1491 1707 1553 1761 Et
1595 1706 1821 1761 Paulus:
1852 1704 1990 1770 Quid

402 1809 550 1861 vultis
573 1808 596 1859 ?
622 1808 672 1859 in
699 1807 838 1876 virga
868 1806 1064 1858 veniam
1094 1804 1162 1857 ad
1191 1818 1297 1867 vos,
1327 1818 1393 1855 an
1420 1801 1474 1854 in
1502 1800 1706 1853 caritate
1731 1809 1776 1851 et
1807 1798 1991 1866 spiritu

402 1900 618 1952 lenitatis
660 1900 679 1969 (
710 1899 758 1951 i.
792 1895 909 1950 Cor.
939 1897 991 1951 4.
1017 1896 1081 1950 2|
1122 1895 1183 1965 )?
1212 1892 1395 1949 Vidisti
1424 1892 1693 1963 quomodo
1733 1892 1803 1946 sit
1843 1889 1988 1959 virga

403 2000 517 2044 cast
536 1990 807 2059 gationis:
862 1988 987 2043 vide
1035 1986 1305 2057 quomodo
1348 1985 1416 2039 sit
1458 1986 1618 2038 etiam
1656 1984 1825 2053 regni.
1858 1982 1993 2036 Dicit

404 2084 548 2138 enim
581 2082 775 2137 lsaias:
802 2080 1100 2152 Egredietur
1119 2080 1260 2149 virga
1290 2084 1351 2132 de
1376 2078 1543 2131 radice
1564 2075 1727 2141 Jesse,
1747 2086 1792 2128 et
1820 2076 1916 2145 ﬂos
1931 2075 1994 2128 de

403 2177 573 2230 radice
592 2178 700 2247 ejus
726 2174 955 2229 ascendet
1008 2172 1026 2244 (
1057 2172 1181 2226 Isai.
1219 2172 1305 2226 11.
1340 2172 1415 2242 i).
1444 2172 1510 2224 Et
1539 2169 1730 2224 David:
1761 2168 1992 2221 Tltronus

405 2279 540 2332 tuus,
595 2267 751 2331 Deus,
793 2268 847 2319 in
882 2265 1123 2319 steculum
1151 2264 1361 2326 screnti;
1386 2263 1525 2332 virga
1554 2260 1823 2331 tequitatis,
1855 2260 1993 2329 virga

406 2359 549 2431 regni
577 2359 649 2412 tui
680 2357 865 2432 (Psat.
907 2357 1041 2412 44.7
1062 2353 1104 2427 ).
1141 2353 1353 2423 \‘irgaui
1383 2353 1524 2407 enim
1553 2352 1639 2405 hic
1665 2351 1870 2405 vocavit
1890 2351 1994 2403 vir-

408 2460 595 2514 tuteni,
635 2466 755 2504 cum
795 2464 896 2519 qua
924 2446 1169 2517 discipuli
1196 2445 1380 2500 orbem
1408 2455 1562 2499 terra:
1594 2442 1991 2507 circumierunt,

407 2559 586 2602 mores
606 2544 953 2614 corrigentes,
984 2550 1038 2596 et
1062 2557 1093 2595 a
1120 2539 1349 2610 quodam
1372 2538 1547 2592 alieno
1571 2554 1601 2590 a
1629 2536 1833 2590 ratione
1861 2535 1991 2589 vitio

409 2638 731 2693 deducentes
758 2635 824 2690 ad
851 2634 1126 2689 hominum
1160 2642 1402 2687 naturam
1431 2630 1650 2687 rationis
1670 2638 1990 2699 compotem.

410 2728 604 2784 Euntes
629 2728 770 2783 enim
791 2769 807 2794 ,
839 2726 1044 2796 inquit,
1069 2725 1244 2778 docete
1281 2739 1449 2777 omnes
1478 2732 1649 2791 gentes
1680 2721 1699 2793 (
1730 2720 1879 2775 Matt.
1901 2720 1994 2775 28.

412 2822 527 2892 19).
553 2820 745 2876 Habuit
767 2819 929 2873 etiam
955 2816 1127 2871 Moses
1148 2816 1370 2885 virgam,
1400 2814 1495 2868 sed
1525 2829 1645 2868 cum
1672 2828 1733 2866 ea
1761 2812 1998 2879 suscepit

417 2915 509 2969 Dei
538 2911 933 2984 operationem,
968 2923 1061 2977 per
1098 2921 1255 2975 quam
1294 2905 1611 2974 operabatur
1636 2903 1688 2957 in
1727 2902 1995 2957 omnibus.

411 3009 481 3063 lit
509 3006 596 3061 illa
628 3003 841 3075 quidem
880 3000 1061 3056 divisit
1088 2998 1311 3063 fluvios,
1340 2998 1453 3051 inec
1481 3004 1658 3051 autem
1694 2993 1852 3065 fregit
1895 2993 1999 3047 iiii-

412 3102 663 3172 pietatem
692 3098 837 3153 orbis
864 3108 1038 3152 terrai.
1069 3096 1250 3167 Neque
1275 3109 1403 3149 vero
1429 3092 1781 3157 aberraveris,
1801 3091 1844 3145 si
1872 3106 1998 3145 eru-

413 3208 531 3247 cem
562 3206 771 3262 qnoque
802 3190 1009 3244 Domini
1042 3203 1199 3243 voces
1220 3188 1420 3256 virgam
1443 3186 1671 3240 virtutis.
1706 3183 1831 3238 Haec
1857 3182 1999 3237 enim

416 3284 562 3354 virga
596 3298 741 3337 mare
775 3293 828 3336 et
867 3290 1063 3335 terram
1105 3279 1401 3344 convtsrtit,
1432 3287 1487 3333 et
1521 3291 1708 3347 magna
1740 3283 2003 3346 potestate

419 3373 658 3445 replevit.
702 3373 833 3428 Cum
863 3373 963 3428 hac
988 3375 1135 3442 virga
1163 3370 1365 3441 egressi
1394 3369 1617 3438 apostoli
1656 3383 1750 3437 per
1793 3366 2000 3420 univer-

417 3480 534 3519 sum
564 3466 746 3519 orbein
781 3474 934 3519 terra:
954 3509 969 3530 ,
1002 3462 1180 3517 omnia
1212 3461 1299 3515 illa
1335 3460 1529 3514 fecere.
1560 3458 1705 3512 lianc
1734 3466 2004 3528 gestantes

418 3556 598 3611 omnia
642 3556 1021 3627 perﬁciebant,
1067 3562 1277 3623 sumpto
1314 3551 1576 3622 principio
1599 3550 1666 3605 ab
1688 3548 2003 3605 Jerusalem.

419 3649 489 3705 Et
531 3650 791 3703 dominare
817 3649 870 3702 in
898 3648 1062 3702 medio
1090 3646 1406 3700 inimicorum
1446 3654 1666 3697 tuorum.
1707 3641 1839 3696 Vide
1887 3656 2009 3710 pro-

422 3743 653 3815 plietiam
680 3744 795 3813 ipso
819 3741 934 3796 sole
957 3740 1257 3795 clariorem.
1292 3738 1429 3805 Quid
1460 3748 1543 3792 est
1576 3745 1777 3800 autem,
1823 3733 2005 3787 Domi-

422 3852 546 3890 nare
568 3837 619 3889 in
647 3835 809 3888 medio
836 3834 1149 3887 inimicorum
1170 3830 1411 3884 tuorum?
1440 3830 1541 3884 Pro
1567 3843 1632 3882 co
1655 3826 1796 3898 quod
1823 3835 1924 3892 est,
1952 3824 2006 3878 in

424 3930 613 3985 mediis
640 3929 944 3999 gentilibus,
966 3927 1015 3980 in
1045 3925 1231 3981 mediis
1252 3923 1465 3979 Judmis.
1496 3922 1573 3976 Ita
1597 3922 1738 3976 enim
1760 3920 2010 3990 plantat-.e

425 4031 553 4078 sunt
592 4020 849 4075 Ecclesia:
895 4018 950 4072 in
994 4017 1183 4073 mediis
1229 4015 1485 4080 urbibus;
1530 4015 1600 4068 ita
1644 4013 1908 4077 vicerunt,
1956 4018 2010 4065 et

424 4114 729 4185 superiores
756 4119 1060 4168 evaserunt.
1088 4109 1200 4163 Hoc
1226 4118 1308 4163 est
1353 4107 1623 4177 praeclara:
1652 4104 1886 4159 victoriae
1921 4119 2012 4156 ar-

424 4214 763 4277 gumentum,
784 4201 925 4274 quod
951 4201 1004 4256 in
1029 4200 1219 4255 mediis
1243 4197 1483 4253 hostibus
1507 4196 1693 4251 altaria
1725 4194 2010 4259 erexeriut,

426 4296 570 4368 quod
597 4305 866 4365 tamquam
905 4308 1034 4348 oves
1063 4301 1243 4346 essent
1270 4291 1322 4345 in
1356 4288 1531 4343 medio
1557 4287 1786 4341 ferarum
1816 4295 1870 4341 et
1893 4286 2013 4356 agni

428 4392 484 4444 in
510 4387 685 4443 medio
716 4388 979 4456 luporum.
1008 4384 1120 4439 Hoc
1144 4382 1286 4438 enim
1311 4397 1430 4436 cum
1460 4382 1578 4435 illos
1606 4380 1840 4434 mitteret
1865 4378 2012 4433 dice-

430 4481 556 4535 bat:
600 4478 737 4533 Ecce
769 4480 910 4531 mitto
944 4492 1029 4530 vos
1066 4487 1322 4544 tamquam
1356 4489 1468 4527 oves
1502 4474 1554 4525 in
1585 4472 1749 4525 medio
1778 4473 2013 4540 luporum

433 4570 643 4639 (Matth.
664 4569 857 4638 10.16)
890 4586 903 4634 ;
931 4569 1071 4637 quod
1100 4582 1202 4621 non
1223 4566 1502 4630 estmimis
1533 4564 1709 4633 priore
1733 4563 2012 4617 miraculo.

431 4663 551 4718 Non
593 4671 675 4717 est
710 4661 851 4717 enim
894 4659 1089 4725 minus,
1121 4673 1213 4713 eos
1240 4658 1329 4727 qui
1364 4657 1543 4711 ovium
1573 4656 1748 4710 locum
1777 4656 2018 4709 obtinent

433 4759 589 4827 lupos
610 4757 841 4821 vincere,
861 4768 1019 4823 quam
1041 4768 1133 4807 eos
1158 4754 1247 4820 qui
1273 4758 1393 4804 sunt
1416 4749 1467 4803 in
1495 4747 1687 4803 mediis
1713 4748 2014 4815 intercepti,

433 4866 554 4905 esse
580 4848 920 4917 superiores:
960 4844 1246 4913 quinetiam
1287 4841 1451 4895 multo
1489 4849 1573 4895 est
1611 4840 1781 4907 majus
1810 4854 1903 4893 eos
1927 4838 2017 4907 qui

431 4951 592 5001 erant.
639 4954 863 4995 numero
911 4936 1211 4999 duodecim,
1268 4933 1335 4988 ad
1384 4948 1443 4988 se
1487 4931 1795 4986 universum
1832 4930 2018 4984 orbem

436 5049 594 5093 terra!
647 5032 950 5088 altraxisse.
1004 5028 1069 5082 Et
1118 5028 1379 5081 dominare
1414 5028 1468 5079 in
1498 5026 1662 5079 medio
1699 5025 2019 5078 inimicormn

434 5140 656 5182 tuorum.
686 5123 803 5178 Non
844 5120 995 5185 dixit,
1025 5118 1190 5172 Vince
1235 5119 1287 5171 in
1326 5117 1503 5171 medio
1542 5116 1874 5170 inimicorum
1904 5125 2021 5167 tuo-

433 5233 575 5281 rum,
604 5215 695 5271 sed
722 5214 1017 5273 Dominare,
1053 5219 1107 5263 ut
1134 5208 1441 5263 osttnderet
1467 5224 1573 5262 non
1601 5208 1731 5277 erigi
1761 5219 2017 5277 tropaeum

435 5309 565 5363 fusis
606 5306 655 5359 in
694 5304 808 5358 acie
840 5301 1102 5367 hostibus,
1142 5298 1237 5354 sed
1274 5313 1339 5352 ex
1367 5298 1520 5369 jussu
1545 5299 1830 5366 signiﬁcari
1858 5298 2025 5351 domi~

434 5403 601 5457 nium.
654 5400 726 5453 ita
764 5398 904 5453 enim
950 5393 1233 5449 vincebant
1260 5393 1506 5463 apostoli,
1550 5392 1822 5447 Christum
1865 5393 1918 5446 in
1962 5407 2022 5447 se

434 5492 714 5555 habentes,
742 5488 918 5543 omnia
950 5487 1201 5540 facientes
1228 5495 1494 5554 tamquam
1521 5498 1583 5539 ex
1618 5482 2020 5553 imperio.Unde

440 5582 605 5638 etiam
626 5591 741 5636 erat
768 5580 846 5635 eis
869 5578 1045 5632 omnis
1069 5575 1261 5631 donius
1289 5584 1493 5646 aperta,
1520 5585 1576 5629 et
1594 5576 1682 5645 qui
1709 5576 2017 5639 credebant,

442 5683 597 5726 erant
623 5672 811 5742 quovis
854 5685 1009 5725 servo
1052 5668 1530 5738 obsequentiores,
1581 5667 1862 5723 facultates
1896 5684 2021 5723 suas

445 5763 767 5835 vendentes,
794 5776 845 5822 ct
873 5776 1054 5820 earum
1103 5761 1270 5834 pretia
1314 5769 1575 5833 ponentes
1604 5758 1670 5816 ad
1699 5758 1859 5833 pedes
1885 5775 2018 5834 apo-

1475 306 1835 365 EXPOSITIO
1874 303 1940 361 ΙΝ
1979 302 2304 361 νελιδιυδι
2343 305 2480 361 CIX.

3569 313 3675 368 270

2092 424 2352 479 stolarum
2379 444 2392 481 :
2417 441 2479 481 ac
2506 442 2572 482 ne
2597 427 2662 483 ad
2693 444 2847 484 usum
2871 429 3085 501 quidem
3116 445 3268 486 suum
3299 432 3555 489 audentes
3578 436 3677 489 aii-

2089 516 2216 583 quid
2247 517 2512 585 accipere,
2543 534 2743 588 eosque
2771 520 2905 576 adeo
2932 521 3394 593 magnifaciebant,
3427 535 3484 579 ut
3522 541 3589 581 ue
3616 543 3675 581 se

2089 605 2303 675 quidem
2327 609 2404 661 eis
2428 608 2683 664 auderent
2707 611 3018 681 adjungere.

2161 698 2214 751 4.
2255 696 2370 752 Νοη
2399 699 2569 753 solum
2597 710 2770 755 autem
2802 712 3002 758 tantum
3031 703 3295 760 habebant
3326 707 3512 761 virium
3549 724 3674 777 erga

2091 787 2297 854 ﬁdeles,
2329 790 2423 844 sed
2454 792 2613 846 etiam
2640 809 2760 862 erga
2790 794 3051 849 inﬁdeles.
3096 795 3374 864 Quodnam
3401 800 3542 853 enim
3571 813 3675 865 est,

2090 880 2197 944 die,
2248 898 2449 949 qmeso,
2498 884 2639 938 servi
2684 886 2977 941 indicium?
3019 904 3195 942 annon
3235 889 3285 943 id
3332 893 3506 946 facere
3535 893 3676 960 quod

2086 972 2235 1042 jubet
2275 976 2434 1030 herus
2459 978 2480 1030 ἲ
2505 978 2656 1046 Quod
2687 989 2863 1034 autem
2907 981 3114 1051 signum
3140 983 3293 1038 beri?
3322 1002 3497 1039 annon
3528 1002 3589 1040 ea
3624 987 3674 1040 in

2090 1070 2260 1122 servis
2289 1070 2544 1139 perﬁcere
2570 1088 2688 1140 qua:
2714 1072 2843 1127 velit
2869 1074 2892 1128 't
2928 1075 3066 1142 Quin
3078 1092 3156 1129 im
3182 1092 3312 1146 ergo
3339 1077 3677 1145 perfecerunt

2090 1176 2153 1214 ea
2178 1177 2297 1230 qua:
2332 1163 2612 1218 voluerunt
2657 1165 2708 1218 in
2756 1166 2966 1236 regibus
3007 1176 3061 1220 (ιι
3106 1168 3473 1236 principibus?
3499 1186 3677 1225 annon

2092 1255 2360 1323 apostoli?
2390 1255 2725 1313 Manifestum
2751 1258 2801 1313 id
2828 1268 2927 1313 est.
2956 1259 3130 1329 Reges
3158 1261 3300 1315 enim
3328 1272 3381 1315 et
3413 1263 3677 1332 principes

2092 1345 2343 1401 volebant
2368 1356 2548 1403 tenere
2573 1350 2757 1403 orbem
2786 1359 2940 1404 terrce
2977 1353 3027 1405 in
3060 1353 3330 1421 impietate
3354 1396 3370 1419 ,
3395 1353 3679 1424 juliebam.

2092 1454 2198 1508 que
2225 1440 2404 1496 colere
2432 1440 2705 1497 daemones
2728 1460 2743 1509 ;
2766 1455 2949 1499 contra
2981 1454 3156 1501 autem
3185 1449 3433 1515 apostoli,
3463 1466 3681 1505 eorum-

2092 1544 2197 1599 que
2222 1530 2467 1586 voluntas
2498 1532 2833 1602 implebatur.
2871 1536 3021 1602 Quod
3060 1539 3101 1591 si
3145 1539 3269 1592 mihi
3314 1540 3459 1595 dicas
3499 1556 3680 1597 carce-

2094 1635 2228 1685 rein,
2254 1620 2458 1691 ﬂagella
2486 1632 2540 1678 et
2570 1632 2852 1689 tormenta,
2875 1626 3009 1681 dicis
3037 1629 3234 1697 majora
3266 1630 3679 1697 dominia.Quo-

2095 1713 2275 1781 modo,
2306 1724 2361 1769 et
2392 1731 2619 1785 quanam
2648 1718 3044 1785 ratione?Quia
3074 1721 3312 1787 quamvis
3331 1720 3444 1775 hinc
3470 1723 3675 1788 ﬁerent,

2096 1805 2256 1859 ﬁebat
2279 1814 2453 1861 tamen
2473 1808 2637 1862 nihilo
2653 1809 2827 1864 secius
2846 1812 2983 1879 quod
3024 1811 3095 1863 illi
3126 1811 3390 1867 volebant.
3406 1813 3518 1868 Non
3538 1817 3678 1870 enim

2096 1895 2210 1966 lege
2227 1897 2578 1967 complurium
2599 1897 2957 1963 dominorum,
2976 1901 3070 1955 sed
3096 1902 3293 1957 virtute
3320 1903 3421 1958 hoc
3446 1906 3545 1960 sibi
3581 1908 3680 1960 ad-

2094 1988 2367 2043 sciverunt
2395 1989 2709 2053 dominium,
2742 1991 2883 2061 quod
2915 1993 3061 2046 nullo
3087 2003 3308 2049 externo
3336 1994 3551 2066 indiget,
3583 1999 3680 2052 st-al

2095 2080 2261 2149 quod,
2294 2080 2417 2134 dum
2446 2082 2683 2136 omnium
2714 2084 2907 2153 petitur
2937 2085 3141 2140 insidiis
3162 2127 3174 2148 .
3205 2088 3523 2157 resplendet.
3558 2090 3683 2143 lilos

2097 2172 2240 2228 enim
2288 2172 2533 2228 dominos
2573 2175 2713 2228 servi
2756 2177 2953 2244 paratis
2999 2176 3205 2231 insidiis
3243 2194 3384 2251 smpe
3414 2180 3481 2234 de
3506 2183 3685 2235 medio

2097 2264 2700 2334 sustulerunt,quoniam
2714 2276 2823 2320 erat
2841 2266 3208 2336 imperfectum
3222 2271 3681 2325 etimbeciillmuin

2098 2357 2426 2412 dominium:
2476 2358 2576 2411 hoc
2615 2369 2796 2413 autem
2838 2375 2941 2413 non
2993 2371 3277 2431 pmuerunt
3318 2364 3681 2433 exstinguere,

2098 2448 2193 2503 sed
2241 2448 2460 2503 insidias
2500 2450 2804 2515 molientes,
2849 2450 2899 2505 id
2944 2451 3101 2523 longe
3145 2454 3343 2508 clarius
3373 2454 3678 2510 reddidere.

2101 2540 2229 2609 Quis
2257 2539 2415 2595 fuerit
2441 2541 2601 2611 igitur
2639 2542 2886 2597 dominus
2918 2545 3242 2613 praeclarior,
3272 2546 3386 2601 isne
3411 2547 3499 2615 qui
3528 2547 3686 2601 innu-

2103 2633 2450 2689 merabilihus
2492 2649 2627 2703 Opus
2667 2634 2827 2689 habet
2867 2636 3098 2702 auxiliis,
3127 2645 3183 2690 ut
3209 2652 3393 2692 servos
3425 2638 3475 2691 in
3507 2636 3685 2693 ofﬁcio

2101 2726 2405 2791 contineat;
2456 2740 2521 2778 an
2569 2725 2659 2795 qui
2699 2734 2782 2781 est
2825 2726 2960 2781 liber
3000 2727 3063 2781 iis
3101 2728 3369 2794 omnibus,
3402 2740 3454 2783 et
3480 2744 3573 2783 eos
3598 2728 3688 2797 qui

2102 2827 2226 2872 sunt
2248 2818 2348 2872 sub
2375 2832 2472 2871 suo
2498 2816 2753 2880 dominio,
2787 2834 2883 2887 pro
2924 2834 3017 2872 sua
3045 2828 3305 2889 potestate
3332 2819 3432 2875 fert
3469 2831 3522 2874 et
3548 2820 3690 2889 agit?

2103 2906 2435 2962 Manifestum
2457 2917 2539 2961 est
2567 2907 2709 2962 hunc
2734 2923 2850 2963 esse
2880 2909 3292 2978 prmclariorem.
3315 2910 3519 2964 Domini
3546 2912 3689 2966 enim

2102 2998 2194 3070 qui
2239 2997 2340 3053 hoc
2368 2998 2609 3053 obtinent
2640 2998 2923 3053 multorum
2946 3000 3262 3067 dominium,
3292 3000 3395 3055 nisi
3422 3001 3566 3071 leges
3591 3001 3688 3055 ha-

2106 3090 2267 3146 beant
2312 3090 2655 3161 opitulantes,
2705 3100 2760 3143 et
2809 3104 2904 3144 eos
2943 3090 3093 3160 juvet
3131 3090 3273 3161 quod
3312 3092 3363 3146 in
3391 3092 3695 3146 civitatibus

2107 3185 2365 3252 habitant,
2391 3200 2533 3256 sa'pe
2552 3200 2671 3239 cum
2693 3184 2931 3239 dominio
2953 3187 3113 3239 vitam
3144 3201 3354 3256 quoque
3376 3186 3697 3250 amiserunt;

2106 3278 2299 3333 Paulus
2345 3286 2522 3333 autem
2566 3288 2620 3333 et
2668 3279 2719 3332 in
2767 3279 3141 3334 solitudinibus
3197 3288 3253 3334 et
3294 3280 3491 3350 ubique
3536 3295 3693 3337 suum

2106 3368 2421 3425 ostendebat
2447 3369 2757 3424 dominium.
2794 3369 2883 3424 Vis
2917 3371 3076 3426 etiam
3098 3371 3278 3426 videre
3304 3371 3475 3441 ipsum
3504 3372 3696 3425 clario-

2109 3477 2223 3517 rem
2264 3456 2523 3530 ‘regibus?
2570 3461 2779 3515 induxit
2822 3462 2966 3532 leges
3021 3478 3115 3533 per
3157 3464 3461 3518 universum
3511 3465 3695 3519 orbem

2110 3561 2288 3617 terrai,
2316 3562 2369 3606 et
2394 3568 2573 3621 regum
2607 3553 2804 3607 relictis
2836 3554 3038 3624 legibus
3064 3596 3079 3618 ,
3112 3553 3353 3608 homines
3382 3556 3523 3611 illius
3559 3559 3695 3610 scri-

2110 3644 2214 3713 ptis
2234 3644 2696 3714 obtemperabant.
2719 3644 2783 3697 Et
2803 3644 2999 3715 alioqui
3026 3644 3100 3699 illi
3125 3645 3337 3716 quidem
3368 3646 3420 3701 in
3438 3662 3700 3717 corpora,

2114 3736 2166 3790 hi
2200 3750 2327 3791 vero
2355 3735 2407 3789 in
2446 3736 2679 3789 animum
2723 3734 3015 3790 dominium
3066 3736 3392 3792 obtinebant.
3415 3737 3540 3805 Quis
3580 3754 3697 3793 ser-

2111 3844 2209 3881 vus
2256 3827 2408 3894 hero,
2456 3826 2541 3882 vel
2573 3830 2692 3897 quis
2736 3827 2977 3883 subditus
3024 3829 3133 3899 regi
3181 3844 3299 3884 cum
3349 3838 3489 3884 tanta
3537 3830 3702 3885 bene-

2114 3919 2343 3974 volentia
2399 3919 2607 3989 paruit,
2665 3930 2723 3973 ut
2772 3920 2954 3975 ﬁdeles
3003 3920 3167 3975 Paulo
3216 3922 3454 3990 cpistoiis
3498 3934 3700 3978 tantum

2114 4012 2329 4083 agenti?
2354 4012 2481 4080 Quis
2510 4014 2837 4067 t'narraverit
2862 4028 3044 4068 eorum
3084 4030 3320 4069 amorem
3365 4026 3419 4070 et
3466 4018 3699 4072 studium

2115 4119 2239 4175 erga
2270 4104 2576 4171 illum,cum
2612 4106 2695 4159 vel
2724 4108 2866 4174 ipsos
2891 4107 3072 4160 oculos
3102 4116 3280 4161 essent
3306 4109 3471 4177 parati
3498 4109 3698 4164 effode-

2115 4213 2176 4253 re
2211 4196 2356 4267 (Gal.
2382 4199 2439 4253 4.
2471 4198 2602 4267 i5)?
2643 4198 2760 4268 quis
2807 4199 2938 4253 tales
2980 4215 3230 4269 umquam
3260 4216 3443 4256 servos
3474 4202 3703 4257 habuit?

2119 4289 2248 4357 Quae
2279 4291 2455 4344 omnia
2488 4289 2743 4359 propheta
2772 4301 2949 4345 mente
2974 4294 3197 4360 agitans,
3222 4293 3488 4361 quomodo
3520 4294 3704 4350 ﬁdeles

2118 4382 2333 4451 quidem
2366 4382 2727 4450 subiecerunt,
2752 4381 3020 4451 quomodo
3054 4383 3320 4438 terribiles
3344 4394 3497 4439 erant
3527 4385 3704 4440 inﬁde-

2120 4473 2278 4538 libus,
2308 4487 2399 4528 cos
2432 4488 2526 4541 per
2557 4474 2660 4525 vim
2694 4473 3019 4541 expellentes
3044 4516 3059 4539 ,
3092 4485 3144 4527 et
3169 4475 3433 4544 quomodo
3465 4475 3705 4533 Christus

2122 4582 2218 4636 per
2245 4567 2386 4635 ipsos
2408 4566 2676 4620 obtinebat
2710 4566 3012 4635 imperium,
3044 4584 3148 4620 non
3179 4568 3311 4622 dixit
3346 4570 3703 4634 soiummodo,

2122 4656 2399 4711 Dominare
2426 4656 2479 4709 in
2508 4657 2673 4709 medio
2708 4657 3026 4710 inimicorum
3067 4668 3287 4725 tuorum,
3316 4659 3408 4713 sed
3456 4659 3706 4714 Domina-

2123 4758 2229 4802 tum
2256 4748 2440 4811 obtine,
2469 4748 2762 4801 vehemens
2790 4747 3084 4802 dominium
3116 4750 3440 4819 signiﬁcans.
3487 4752 3553 4806 Et
3594 4754 3708 4807 ha-c

2122 4858 2242 4897 cum
2274 4842 2515 4895 viderent
2543 4841 2745 4907 hostes,
2775 4841 2904 4896 nihil
2935 4841 3109 4896 facere
3138 4852 3399 4911 poterant,
3433 4846 3529 4897 etsi
3564 4845 3707 4912 lega-s

2124 4948 2305 4987 secum
2347 4932 2636 4995 haberent,
2669 4932 2883 4987 lictores
2909 4944 2962 4986 et
2992 4949 3201 4988 omnem
3229 4944 3541 5003 potestatein
3570 4954 3583 4999 ;
3613 4938 3704 4991 sed

2125 5036 2276 5079 erant
2308 5024 2358 5077 hi
2392 5024 2719 5093 potentiores
2746 5034 2962 5093 propter
2985 5040 3107 5078 eum
3136 5027 3222 5094 qui
3252 5026 3300 5078 in
3339 5026 3465 5096 ipsis
3499 5027 3708 5080 habita-

2128 5118 2289 5170 tabat.
2321 5116 2417 5168 ilic
2445 5131 2538 5184 per
2567 5115 2711 5182 ipsos
2739 5114 3065 5168 dominatum
3110 5116 3335 5169 obtinuit
3361 5134 3374 5181 ;
3408 5132 3504 5171 nec
3532 5118 3705 5172 stilum

2126 5208 2427 5263 dominatus
2453 5215 2566 5270 est,
2599 5206 2693 5260 sed
2721 5210 2881 5260 etiam
2912 5204 3119 5259 fortiter
3143 5224 3155 5259 :
3185 5222 3308 5260 nam
3334 5208 3707 5263 vehementem

2127 5300 2180 5354 in
2208 5314 2302 5354 eos
2331 5298 2660 5353 dominatum
2691 5296 2938 5351 obtinuit.
2965 5296 3187 5367 Propter
3215 5313 3336 5353 eum
3362 5300 3509 5355 enim
3538 5301 3627 5371 qui
3654 5303 3706 5355 in

2126 5395 2203 5449 eis
2229 5392 2518 5455 habitabat,
2551 5400 2605 5446 et
2625 5391 2799 5461 ignem
2838 5400 2893 5446 et
2918 5389 3116 5446 ferrum
3149 5400 3204 5446 et
3229 5391 3424 5448 bestias
3451 5404 3504 5448 et
3527 5398 3709 5451 omnia

2127 5485 2229 5539 alia
2254 5481 2586 5538 conﬁdenter
2609 5482 2847 5536 adibant.
2861 5482 2941 5536 Ad
2968 5483 3145 5536 omnia
3171 5483 3311 5537 enim
3342 5498 3463 5538 cum
3488 5487 3567 5540 eis
3594 5497 3709 5542 erat

2127 5577 2388 5641 Christus,
2419 5577 2509 5647 qui
2558 5576 2715 5630 etiam
2758 5584 3026 5645 tamquam
3066 5576 3118 5629 in
3161 5576 3349 5631 alienis
3392 5578 3708 5648 corporibus

2128 5673 2463 5727 decertantes
2487 5710 2502 5736 ,
2531 5677 2585 5725 et
2614 5668 2766 5723 liberi
2795 5669 2863 5722 ab
2889 5668 3034 5723 omni
3062 5669 3302 5724 molestia
3328 5687 3504 5726 rerum
3532 5672 3599 5726 ad
3626 5674 3701 5727 vi-

2131 5774 2234 5819 tam
2276 5763 2673 5834 pertinentium,
2706 5760 2774 5815 ita
2806 5758 3121 5831 gaudebant,
3150 5772 3203 5818 ct
3230 5761 3299 5823 ita
3314 5759 3655 5825 rxsilicbant,
3680 5771 3709 5813 θ
