4108 6344
400 345 497 405 271

400 465 595 519 (ibt-isti
625 463 861 518 dominio
889 464 1153 534 occupati,
1181 479 1286 520 non
1319 463 1579 535 pecunits,
1612 475 1719 516 non
1746 458 1981 532 corpori,

401 574 508 613 non
548 559 671 611 vita:
711 557 958 626 przesenti
998 569 1296 626 parcentes.
1330 555 1396 610 Et
1427 557 1544 610 lucc
1567 552 1782 623 quidem
1823 550 1986 606 faeie-

403 649 552 714 bant,
580 650 666 720 qui
721 646 1006 714 aliquando
1060 649 1268 702 fuerant
1324 645 1506 700 hostes
1547 655 1602 700 et
1644 643 1980 698 adversarii:

397 743 494 801 sed
541 743 730 796 invicta
776 741 866 796 Dei
913 741 1145 811 potentia
1182 755 1285 795 non
1316 739 1488 794 solum
1515 753 1609 793 eos
1637 736 1879 792 liberavit
1917 735 1985 789 ab

397 833 722 899 inimicitiis,
751 833 843 887 sed
887 834 1047 888 etiam
1097 833 1150 887 in
1194 841 1395 886 tantam
1435 830 1652 885 deduxit
1676 829 1982 885 servitutem

395 935 448 979 et
502 926 967 980 necessitudinem.
1012 924 1367 991 Quamobrem
1423 925 1522 978 etsi
1566 923 1776 978 dicatur
1828 922 1985 976 Pater

396 1031 598 1086 ponere
654 1019 895 1072 inimicos
944 1017 1044 1071 sub
1093 1015 1313 1082 pedibus
1343 1015 1480 1084 ejus,
1519 1030 1625 1070 non
1666 1015 1735 1069 ita
1759 1013 1980 1078 dicitur,

395 1110 534 1164 sicut
574 1109 704 1170 dixi.
735 1119 1000 1179 tamquam
1046 1108 1184 1163 Filio
1226 1108 1358 1163 nihil
1396 1115 1622 1178 agente:
1673 1107 1980 1160 universum

395 1201 539 1256 enim
586 1201 654 1254 ab
702 1200 985 1272 Unigenito
1028 1200 1222 1254 factum
1268 1209 1386 1254 est:
1430 1198 1522 1253 sed
1567 1205 1643 1262 ut,
1673 1197 1813 1252 sicut
1839 1196 1984 1266 prius

395 1294 526 1358 dixi,
559 1293 769 1347 Patrem
811 1302 866 1347 et
908 1292 1098 1347 Filium
1140 1307 1302 1346 unum
1351 1305 1473 1346 esse
1499 1290 1664 1344 Deum
1694 1289 1978 1358 intelligas,

395 1393 603 1440 servata
657 1386 939 1454 unicuique
984 1400 1079 1440 sua
1122 1385 1462 1456 proprietate,
1501 1393 1561 1439 et
1604 1398 1670 1437 ne
1699 1396 1818 1437 esse
1847 1381 1982 1436 duos

394 1477 667 1531 existimes
703 1479 986 1547 ingenitos.
1037 1476 1190 1544 Quod
1234 1476 1374 1530 enim
1427 1484 1597 1530 totum
1632 1489 1766 1546 opus
1814 1473 1883 1528 ab
1916 1487 1982 1528 eo

399 1571 595 1624 factum
627 1570 714 1633 sit,
745 1569 1023 1625 considera
1052 1585 1119 1625 ex
1149 1569 1212 1623 iis
1239 1584 1360 1638 qum
1381 1567 1490 1638 jam
1519 1568 1654 1622 facta
1692 1574 1855 1632 sunt;
1882 1580 1982 1620 nec

393 1668 514 1722 qua:
563 1653 702 1708 dicta
749 1663 908 1720 sunt,
957 1653 1189 1708 humano
1237 1662 1438 1707 tantum
1498 1666 1648 1706 mere
1703 1650 1978 1720 intellige:

394 1759 582 1816 magna
611 1745 752 1800 enim
779 1755 1090 1816 sequeretur
1117 1743 1440 1800 absurdius.
1463 1743 1533 1800 Ut
1556 1754 1732 1799 autem
1765 1751 1822 1798 tu
1847 1758 1982 1814 quo-

390 1853 498 1908 que
531 1837 808 1908 intelligas,
850 1837 972 1893 audi
999 1853 1062 1893 ea
1090 1853 1208 1908 qua:
1239 1853 1356 1892 sum
1395 1836 1653 1892 dicturus.
1689 1836 1764 1890 Ex
1804 1835 1980 1890 ltomi-

394 1931 551 1985 nibus
579 1931 667 1984 alii
700 1929 914 1999 quidem
934 1929 1059 1985 facti
1093 1937 1215 1984 sunt
1243 1928 1439 1994 amici,
1469 1929 1558 1998 qui
1605 1928 1750 1998 prius
1779 1927 1977 1982 inimici

391 2021 634 2077 fuerant:
680 2021 771 2078 alii
813 2035 937 2076 vero
965 2021 1140 2078 adhuc
1192 2031 1407 2076 manent
1453 2020 1670 2075 inimici.
1715 2019 1978 2074 Caeterum

389 2112 533 2183 quod
564 2113 807 2168 inimicos
831 2113 1046 2184 quidem
1076 2113 1187 2183 ipse
1215 2112 1417 2167 amicos
1455 2111 1674 2176 fecerit,
1707 2119 1762 2166 et
1789 2109 1981 2164 Paulus

392 2203 677 2274 signiﬁcat,
716 2203 900 2260 dicens
931 2222 945 2260 :
979 2203 1199 2272 Quando
1229 2202 1493 2257 tradiderit
1523 2217 1737 2272 regnum
1784 2198 1894 2254 Deo
1933 2208 1981 2254 et

393 2297 542 2352 Patri
570 2296 660 2369 (Ι.
686 2296 806 2352 Cor.
839 2297 925 2352 15.
948 2297 1019 2352 24
1048 2294 1104 2369 );
1133 2297 1394 2366 signillcat
1413 2298 1574 2350 etiam
1607 2297 1880 2359 Servator,
1911 2293 1977 2348 ad

393 2388 604 2444 Patrem
651 2388 837 2444 dicens
860 2389 908 2442 ‘:
943 2387 1056 2459 Ego
1097 2399 1146 2442 te
1193 2389 1472 2460 gloriﬁcavi
1508 2389 1561 2441 in
1603 2387 1814 2454 mundo,
1850 2402 1980 2455 opus

391 2481 580 2551 perfeci
598 2523 611 2542 ,
634 2480 768 2551 quod
819 2479 1004 2538 dedisti
1044 2480 1166 2532 mihi
1185 2521 1201 2547 ,
1224 2488 1279 2533 ut
1319 2482 1506 2551 faciam
1531 2478 1552 2552 (
1575 2477 1733 2534 Joan.
1763 2479 1851 2534 t7.
1877 2478 1912 2534 4
1935 2479 1974 2548 ).

387 2573 666 2642 Subjicere
720 2582 896 2627 autem
953 2571 1194 2627 inimicos
1253 2571 1352 2626 fuit
1405 2571 1596 2626 Patris.
1637 2571 1795 2642 Atqui
1847 2570 1974 2626 illud

390 2667 604 2736 quidem
657 2674 740 2720 est
807 2663 908 2720 hoc
954 2664 1144 2734 majus.
1183 2663 1366 2736 Neque
1407 2665 1550 2720 enim
1613 2675 1739 2720 sunt
1789 2665 1975 2736 paria,

389 2772 487 2812 eos
521 2756 611 2828 qui
652 2766 868 2811 manent
906 2755 1126 2821 inimici,
1158 2756 1368 2826 punire,
1409 2765 1465 2810 et
1492 2770 1586 2811 eos
1613 2755 1702 2826 qui
1729 2766 1852 2811 sunt
1878 2756 1979 2811 ini-

391 2846 537 2914 mici,
590 2847 791 2901 amicos
835 2845 1069 2902 efﬁcere.
1117 2845 1221 2902 Sed
1266 2861 1438 2918 neque
1464 2845 1631 2902 Filius
1661 2845 1783 2902 ideo
1804 2847 1978 2902 minor

387 2948 473 2994 est
503 2939 678 3002 Patre,
708 2954 807 2995 nec
835 2948 1120 3010 propterea
1159 2939 1320 2995 Pater
1362 2949 1446 2994 est
1492 2939 1668 2996 minor
1713 2940 1869 2996 Filio.
1907 2939 1978 2996 Ut

387 3042 568 3088 autem
610 3033 750 3088 scias
791 3032 878 3087 illa
923 3047 1136 3104 quoque
1179 3047 1298 3089 esse
1336 3031 1492 3098 Filii,
1527 3032 1974 3104 quemadmodum

389 3123 507 3180 lucc
531 3123 723 3191 Patris,
754 3125 911 3179 audi:
944 3123 1245 3179 Disceditea
1276 3141 1374 3192 me,
1413 3125 1703 3191 maledicti,
1734 3126 1786 3180 in
1810 3126 1978 3197 ignem

387 3227 653 3284 aeternum,
675 3219 762 3288 qui
778 3225 985 3289 paratus
1013 3229 1085 3272 est
1112 3217 1312 3272 diabolo
1338 3228 1386 3272 et
1411 3219 1603 3290 angelis
1627 3220 1736 3292 ejus
1757 3218 1972 3289 (Matth.

388 3310 605 3382 25.41).
638 3309 704 3364 Et
732 3312 820 3380 qui
845 3311 1061 3380 angelos
1087 3311 1268 3377 mittit,
1297 3321 1354 3366 ut
1378 3313 1629 3382 colligant
1647 3313 1868 3382 zizania,
1891 3324 1974 3370 est

392 3403 724 3477 Uuigenitus,
752 3413 804 3458 et
845 3403 1088 3460 videmus
1113 3421 1234 3462 eum
1266 3405 1464 3473 ubique
1490 3406 1758 3462 diabolum
1792 3409 1975 3477 punire

393 3495 607 3562 (Matth.
632 3493 852 3566 13.50).
879 3495 989 3552 lloc
1017 3497 1178 3552 etiam
1210 3497 1308 3566 ipsi
1335 3497 1608 3553 daemones
1629 3497 1973 3564 conﬁtentur,

387 3588 628 3642 dicentes
652 3586 870 3642 :Venisti
895 3587 993 3642 huc
1019 3597 1136 3644 ante
1169 3597 1366 3658 tempus
1385 3599 1614 3660 torquere
1635 3605 1729 3644 nos
1759 3589 1971 3663 (Matth.

387 3679 443 3734 8.
489 3676 796 3752 29)?lpse
836 3688 918 3734 est
959 3695 1088 3750 ergo
1131 3679 1222 3751 qui
1265 3695 1360 3735 eos
1398 3691 1480 3736 est
1527 3690 1784 3736 torturust
1813 3681 1975 3738 Vides

389 3770 532 3840 quod
582 3771 789 3826 etiamsi
836 3787 954 3842 qua:
996 3773 1128 3827 ﬁunt
1166 3773 1411 3828 dicantur
1435 3789 1465 3828 a
1493 3774 1650 3831 Patre
1677 3775 1823 3841 ﬁeri,
1850 3787 1974 3832 sunt

391 3874 568 3917 tamen
617 3878 778 3933 Opera
818 3862 957 3918 Filii.
1006 3863 1158 3932 Quod
1195 3874 1372 3920 autem
1418 3865 1535 3920 Filii
1576 3881 1786 3938 quoque
1811 3883 1974 3937 Opera

386 3957 496 4012 sint
519 3955 710 4020 Patris,
740 3955 862 4010 audi
886 3971 1069 4012 rursus
1087 3971 1209 4012 eum
1236 3957 1535 4014 dicentem:
1557 3958 1723 4015 Nemo
1751 3962 1884 4016 venit
1907 3964 1976 4016 ad

386 4065 488 4115 me,
520 4049 618 4103 nisi
661 4046 816 4102 Pater
857 4049 950 4119 qui
985 4067 1063 4103 me
1091 4050 1245 4116 misit,
1289 4052 1499 4106 traxerit
1538 4068 1652 4109 eum
1683 4053 1704 4126 (
1732 4053 1889 4110 Joaa.
1917 4056 1972 4111 6.

388 4141 502 4211 ιιι).
534 4140 600 4195 Ει
627 4156 846 4196 rursus:
875 4139 1042 4196 Nemo
1085 4151 1244 4212 potest
1290 4145 1460 4198 venire
1497 4144 1566 4198 ad
1609 4143 1839 4214 Patrem,
1876 4148 1974 4202 nisi

391 4249 480 4301 per
494 4250 573 4287 me
595 4231 772 4305 (Joan.
792 4233 878 4288 14.
899 4231 976 4305 6).
1000 4233 1114 4288 Νοη
1137 4243 1261 4289 sunt
1279 4249 1408 4305 ergo
1432 4236 1546 4290 bace
1566 4235 1802 4293 humano
1826 4254 1976 4308 more

385 4325 716 4395 accipienda.
761 4325 891 4381 Nam
937 4325 1064 4380 illud
1100 4341 1332 4397 quoque.
1362 4324 1605 4383 Inimicos
1631 4339 1760 4395 tuos,
1795 4330 1863 4385 ita
1891 4341 1974 4386 est

387 4419 779 4491 accipiendum,
828 4437 932 4474 non
967 4431 1233 4491 tamquam
1279 4422 1398 4490 ejus
1435 4423 1598 4477 solius
1638 4423 1880 4478 inimicos
1903 4424 1976 4480 si-

386 4513 623 4583 gniﬁcet.
681 4513 779 4580 Qui
831 4515 963 4568 enim
1000 4532 1101 4569 non
1142 4515 1356 4569 honorat
1391 4515 1604 4582 Filium,
1652 4516 1840 4589 inquit,
1886 4534 1976 4573 nec

391 4603 600 4659 Patrem
623 4606 836 4660 honorat
866 4604 1043 4678 (Jcaa.
1067 4607 1119 4662 5.
1147 4606 1261 4678 25).

461 4738 515 4793 5.
555 4736 732 4806 Quare
779 4736 949 4792 Judaei
994 4754 1099 4794 non
1139 4748 1264 4793 sunt
1311 4739 1429 4808 ejus
1471 4749 1673 4796 tantum
1732 4742 1929 4798 inimici
1955 4784 1972 4810 ,

389 4843 575 4882 verum
604 4827 764 4882 etiam
791 4827 981 4882 Patris.
1029 4828 1287 4896 Quocirca
1336 4829 1416 4884 eis
1447 4831 1610 4886 etiam
1654 4832 1832 4888 attulit
1881 4849 1976 4888 ex-

389 4924 564 4986 itium,
596 4929 652 4976 et
695 4921 959 4976 civitatem
1013 4937 1198 4977 eorum
1247 4921 1430 4990 diruit,
1459 4925 1752 4996 evertitque
1800 4926 1975 4982 fundi-

391 5027 483 5072 tus
507 5058 523 5083 ,
568 5018 674 5072 etsi
719 5031 834 5072 non
892 5013 1076 5068 statim
1110 5023 1229 5084 post
1271 5029 1484 5071 crucem
1508 5056 1525 5082 ,
1555 5025 1610 5072 et
1656 5016 1870 5088 longum
1896 5018 1976 5073 eis

392 5115 603 5176 tempus
627 5104 773 5160 dedit
811 5104 874 5160 ad
906 5106 1299 5174 penitentiam,
1328 5107 1373 5161 si
1413 5107 1574 5162 modo
1599 5107 1800 5164 vellent
1833 5109 1971 5164 resi-

389 5198 632 5271 piscere,
657 5206 714 5252 et
735 5197 912 5252 emisit
953 5196 1240 5266 apostolos,
1273 5205 1332 5252 ut
1382 5212 1503 5252 cum
1548 5213 1644 5268 per
1686 5199 1829 5268 ipsos
1856 5199 1974 5270 ejus

389 5289 702 5348 didicissent
727 5289 1038 5362 potentiam,
1068 5289 1151 5346 vel
1193 5304 1315 5347 sero
1352 5290 1564 5348 tandem
1592 5304 1968 5350 converteren-

454 5429 473 5463 ί
507 5427 566 5480 In
588 5426 706 5478 adit.
737 5425 900 5493 Ito_r_el.
930 5432 1113 5493 cresce
1142 5424 1421 5490 legebatur,
1442 5440 1504 5480 ut
1542 5439 1564 5480 δ
1592 5440 1713 5493 aut.
1742 5440 1829 5493 ges,
1860 5441 1971 5479 «est.

389 5503 454 5555 νιν
475 5502 771 5555 συρμαίην.
803 5488 966 5539 Vertit
980 5488 1242 5538 Genaunos
1261 5497 1502 5555 Henetus
1517 5527 1532 5549 ,
1556 5490 1603 5555 ei
1623 5488 1755 5553 apud
1775 5488 1972 5555 crucem

387 5551 583 5614 dicens:
601 5551 649 5601 id
671 5551 803 5601 stare
824 5564 920 5600 non
943 5557 1140 5614 potest_:
1166 5564 1261 5600 non
1285 5554 1415 5601 enim
1446 5553 1572 5614 apud
1594 5551 1793 5614 crucem
1816 5551 1970 5614 velrin

388 5628 538 5666 cruce
561 5611 632 5664 ea
662 5625 773 5677 qua:
795 5611 1065 5677 sequuntur
1089 5611 1308 5677 Cbrlstus
1325 5615 1448 5664 Patri
1471 5611 1681 5677 dicebat.
1707 5613 1874 5677 Melius
1897 5613 1968 5662 in-

387 5673 764 5746 terpretaretur,
790 5681 836 5746 et
866 5673 1095 5746 Saluator,
1121 5675 1276 5736 ipsam
1297 5688 1488 5746 crucem
1510 5676 1562 5746 in
1583 5675 1742 5746 mimo
1761 5675 1966 5746 habens,

386 5737 527 5788 dicit.
559 5739 719 5788 Lectio
752 5745 917 5787 autem
948 5745 1234 5803 ceterorum
1260 5739 1612 5803 exemplarium
1647 5739 1776 5790 bene
1800 5737 1966 5799 habet,

387 5827 476 5864 ιμς
493 5811 599 5851 ἀπὸ.
624 5813 684 5850 τε..
707 5814 848 5862 aut...
871 5812 1004 5862 λίτρον,
1030 5801 1096 5850 ad
1122 5808 1309 5852 Patrem
1331 5799 1490 5865 ipsum
1514 5801 1694 5852 uicena.

1099 347 1158 404 S.
1199 345 1479 404 JOANNIS
1499 337 1981 404 CIIRYSOSTOMI
2032 336 2350 396 ARCHIEP.
2383 338 2920 400 CONSTANTINOP.

3584 346 3691 409 πται

2097 463 2206 511 tur.
2231 453 2365 510 Cum
2391 464 2569 511 autem
2606 469 2749 513 esset
2773 473 2956 512 eorum
3001 458 3221 515 morbus
3257 458 3688 533 immedicabilis,

2093 545 2176 603 eis
2200 547 2555 618 colophonem
2587 548 2847 604 malorum
2877 549 3112 616 induxit;
3144 567 3205 607 ea
3231 568 3443 624 quoque
3480 556 3689 612 ratione

2093 647 2190 694 eos
2234 654 2418 694 rursus
2447 654 2643 696 vocans
2684 640 2753 694 ad
2788 641 3151 709 patuiteutiam
3176 682 3191 705 ,
3221 651 3278 697 ut
3311 659 3432 699 eum
3461 660 3492 700 a
3518 655 3686 703 vetert

2090 730 2262 788 forma
2309 733 2613 803 reipublicae
2651 735 2980 801 exciderint,
3009 735 3092 790 vel
3121 735 3191 790 ab
3235 737 3346 808 ipsa
3379 752 3556 793 rerum
3589 754 3685 794 ue-

2089 824 2337 879 cessitate
2357 823 2422 878 ad
2445 824 2720 880 veritatem
2749 823 3098 888 deducantur.
3131 842 3252 882 eum
3276 836 3331 882 et
3349 844 3494 890 eum,
3523 845 3683 900 quem

2092 915 2302 984 probris
2327 923 2382 970 ct
2411 916 2620 986 injuriis
2648 916 2960 985 aﬁecerunt,
2989 918 3203 974 videant
3229 919 3424 992 ubique
3445 921 3681 990 adorari,

2089 1015 2146 1061 et
2172 1021 2264 1061 sua
2288 1009 2463 1062 omnia
2501 1009 2694 1063 misere
2713 1010 3001 1065 corruisse.
3029 1010 3255 1078 Quando
3291 1023 3468 1068 autem
3505 1029 3572 1068 ne
3608 1016 3687 1070 sic

2083 1097 2303 1167 quidem
2349 1098 2597 1154 meliores
2625 1101 2928 1167 evaserint,
2963 1111 3088 1157 tunc
3126 1101 3338 1159 tandem
3367 1147 3379 1168 ,
3403 1113 3464 1158 ut
3490 1105 3685 1175 quibus

2090 1186 2221 1242 nihil
2252 1189 2483 1259 supersit
2511 1191 2682 1246 venia:
2703 1233 2720 1259 ,
2750 1192 2802 1246 in
2845 1192 3145 1248 immortale
3177 1193 3531 1251 detrudentur
3557 1213 3684 1267 sup-

2089 1279 2324 1350 plicium.
2348 1279 2482 1336 Cum
2527 1291 2703 1338 autem
2746 1284 2898 1338 audis
2926 1283 3237 1354 Scabellum,
3267 1302 3334 1342 ne
3373 1297 3528 1356 putes
3557 1304 3680 1344 eum

2086 1369 2268 1427 dicere
2315 1372 2512 1443 aliquid
2561 1374 2854 1439 sensibile,
2901 1375 2995 1432 sed
3045 1376 3214 1447 ipsam
3268 1378 3678 1448 subjectionent.

2086 1461 2238 1532 Quod
2266 1475 2442 1520 autem
2469 1465 2516 1520 ci
2550 1466 2815 1536 subjiciat,
2835 1467 3038 1521 clarum
3079 1475 3163 1524 est
3199 1483 3266 1524 ex
3291 1484 3356 1524 eo
3380 1469 3522 1540 quod
3551 1469 3680 1525 sub-

2081 1556 2322 1628 jungitur
2346 1575 2360 1620 ;
2387 1558 2508 1630 quia
2539 1559 2681 1614 enim
2718 1569 2802 1615 est
2828 1575 2966 1616 unus
2993 1559 3248 1628 thronus,
3274 1577 3436 1616 unum
3465 1573 3680 1633 quoque

2085 1661 2168 1704 est
2194 1649 2504 1705 scabellum.

2161 1739 2492 1813 Principatus
2518 1741 2798 1814 Unigeuiti.
2838 1742 3027 1814 Perpes
3063 1752 3138 1798 est
3183 1742 3368 1799 Christi
3417 1744 3676 1816 principa-

2086 1841 2185 1888 tus.
2229 1863 2303 1874 —
2361 1834 2414 1888 5.
2474 1832 2661 1888 Tecum
2713 1835 3026 1907 principatus
3079 1837 3132 1890 in
3175 1835 3261 1889 die
3306 1836 3500 1891 virtutis
3551 1846 3670 1891 tuas.

2084 1925 2345 1992 Quoniam
2376 1925 2510 1980 dixit
2553 1927 2826 1996 superius,
2857 1925 3033 1981 Donec
3072 1943 3256 1998 ponam
3295 1927 3528 1982 inimicos
3565 1941 3678 1982 tuos

2083 2017 2356 2072 scabellum
2377 2018 2561 2089 pedum
2585 2028 2810 2085 tuorum,
2835 2037 2902 2076 ne
2929 2020 3049 2091 quis
3078 2020 3411 2076 existimaret
3434 2036 3554 2076 esse
3578 2021 3676 2076 im-‘

2087 2108 2335 2164 bacillum
2364 2109 2576 2176 Filittm,
2605 2121 2656 2166 et
2691 2125 2825 2181 opus
2849 2111 3046 2167 habere
3079 2111 3388 2183 operatione
3411 2153 3429 2179 ,
3461 2111 3597 2167 sicut
3619 2121 3677 2168 et

2084 2201 2390 2272 quempiam
2415 2217 2481 2257 ex
2512 2203 2768 2272 apostolis
2791 2244 2806 2266 ,
2833 2203 2952 2258 audi
2991 2202 3263 2275 quomodo
3299 2204 3455 2259 aﬁ'ert
3497 2221 3674 2259 reme-

2085 2295 2232 2350 dium
2264 2295 2389 2352 huic
2430 2295 2754 2367 suspicioni,
2783 2297 2966 2352 dicens
2997 2313 3010 2350 :
3042 2296 3229 2352 Tecum
3270 2299 3584 2368 principatus
3622 2299 3675 2351 in

2083 2385 2166 2442 die
2207 2387 2404 2442 virtutis
2433 2398 2549 2441 true.
2579 2387 2714 2454 Quid
2739 2397 2821 2442 est
2842 2429 2859 2453 ,
2887 2386 3077 2443 Tecum
3121 2389 3434 2460 principatus
3453 2390 3479 2444 .9
3508 2389 3563 2444 lu
3596 2399 3669 2453 te,

2086 2478 2274 2550 inquit.
2297 2487 2380 2533 est
2399 2478 2742 2550 principatus,
2763 2479 2850 2550 qui
2879 2495 2984 2534 non
3012 2489 3194 2549 postea
3221 2481 3465 2547 accessit,
3494 2480 3586 2535 sed
3619 2480 3670 2534 iu

2086 2581 2136 2627 te
2175 2581 2255 2627 est
2297 2581 2552 2642 perpetuo
2589 2588 2602 2624 :
2635 2571 2774 2642 quod
2809 2573 2968 2626 etiam
3005 2570 3166 2627 Isaias
3197 2572 3444 2628 similiter
3469 2573 3672 2643 signiﬁ-

2079 2679 2212 2720 cans
2235 2664 2448 2720 diccbat
2479 2682 2492 2718 :
2523 2663 2686 2734 Cujus
2723 2665 3034 2735 principatus
3077 2680 3228 2734 super
3261 2663 3525 2718 humerum
3563 2663 3674 2734 ejus

2083 2757 2236 2830 (Isai.
2267 2757 2322 2812 9.
2353 2757 2406 2827 6)
2435 2755 2577 2823 ;boe
2601 2766 2684 2812 est
2705 2798 2721 2822 ,
2752 2758 2804 2811 in
2844 2756 2980 2827 ipso,
3013 2757 3064 2812 in
3095 2756 3388 2813 substantia
3435 2757 3586 2826 ejus,
3617 2756 3669 2810 in

2083 2861 2269 2907 natura
2297 2850 2412 2920 ejus
2443 2868 2457 2904 :
2489 2851 2629 2921 quod
2655 2850 2868 2921 quidem
2896 2865 2999 2904 non
3027 2850 3166 2905 inest
3191 2849 3244 2904 in
3270 2849 3502 2920 regibus.
3527 2849 3671 2903 Prin-

2081 2944 2292 3014 cipatus
2337 2941 2479 2998 enim
2521 2957 2704 2997 eorum
2755 2951 2838 2996 est
2876 2941 2927 2995 in
2972 2941 3309 2996 multitudine
3358 2941 3667 2995 exercitus:

2079 3035 2225 3108 quod
2268 3051 2374 3090 non
2422 3041 2538 3088 erat
2580 3033 2631 3088 in
2678 3033 2949 3103 apostolis.
2993 3033 3125 3088 Nam
3167 3033 3402 3104 ipsorum
3458 3047 3670 3103 quoque

2085 3129 2409 3200 principatus
2433 3126 2698 3183 stabilitus
2723 3124 2815 3181 fuit
2848 3141 2943 3196 per
2968 3126 3334 3196 operationem
3359 3125 3438 3180 eis
3464 3125 3668 3180 extrin-

2082 3236 2238 3279 secus
2289 3221 2591 3288 inductam;
2633 3221 2746 3291 ipse
2792 3231 2970 3277 autem
3015 3220 3198 3276 Itabuit
3235 3219 3585 3290 principatum
3615 3219 3668 3273 iu

2083 3323 2292 3381 natura,
2323 3313 2374 3367 in
2403 3314 2720 3379 substantia,
2753 3320 2810 3367 ut
2831 3313 2919 3384 qui
2946 3329 3050 3367 non
3081 3327 3202 3368 eum
3231 3311 3496 3383 acceperit
3520 3319 3666 3381 post-

2082 3423 2240 3478 quam
2281 3407 2374 3461 fuit
2397 3407 2638 3477 genitus,
2679 3421 2780 3462 nec
2803 3405 3164 3461 exslriusecus
3205 3405 3544 3475 importatunt
3579 3409 3670 3456 aut

2081 3498 2430 3554 adventitium
2452 3499 2766 3569 possederit,
2790 3497 2884 3553 sed
2913 3497 2980 3551 ita
3011 3498 3080 3552 sit
3106 3497 3334 3568 genitus.
3357 3494 3427 3550 Et
3454 3494 3574 3549 ideo
3599 3493 3670 3550 de

2083 3599 2249 3662 regno
2273 3605 2486 3661 quoque
2515 3590 2890 3660 interrogatus,
2923 3590 3128 3645 diccbat
3160 3605 3174 3641 :
3207 3587 3318 3659 Ego
3347 3589 3414 3641 ad
3450 3589 3545 3641 hac
3569 3604 3665 3640 na-

2083 3692 2162 3736 tus
2187 3697 2297 3736 sum
2316 3723 2331 3747 ,
2361 3690 2408 3735 et
2435 3680 2503 3734 ad
2528 3683 2622 3735 hoc
2650 3681 2780 3735 veni.
2813 3678 2999 3734 Tecum
3036 3680 3347 3750 principatus
3384 3679 3436 3731 in
3462 3678 3544 3731 die
3571 3692 3666 3748 po.

2081 3773 2247 3826 tentia:
2266 3783 2368 3826 tute
2394 3771 2571 3844 (Joan.
2593 3772 2679 3827 l8.
2704 3770 2816 3844 '57).
2847 3771 2963 3826 Non
2995 3774 3108 3825 lucc
3140 3780 3314 3824 autem
3343 3772 3513 3824 solum
3547 3783 3666 3840 qua:

2080 3864 2222 3918 dicta
2260 3872 2413 3929 sunt,
2457 3862 2722 3934 signiﬁcat
2769 3862 2930 3930 illud,
2968 3861 3158 3917 Tecum
3200 3862 3544 3932 principatus,
3570 3858 3665 3914 sed

2080 3955 2241 4009 etiam
2267 3954 2394 4020 alia,
2423 3969 2616 4025 nempe
2642 3969 2746 4009 non
2771 3968 2891 4010 esse
2915 3954 3030 4024 ejus
3057 3952 3406 4024 principatum
3432 3954 3484 4008 in
3524 3953 3629 4008 alio
3647 3991 3662 4017 ,

2081 4045 2177 4102 sed
2206 4061 2325 4101 esse
2351 4055 2660 4117 perpetuum
2687 4055 2738 4103 et
2770 4047 3144 4102 immortalem.
3173 4046 3425 4102 Homines
3450 4045 3590 4102 enim
3620 4045 3665 4099 is

2082 4139 2165 4194 vel
2195 4139 2432 4194 viventes
2459 4153 2605 4209 Stepe
2635 4137 2838 4194 deserit
2869 4157 2882 4193 :
2915 4148 2966 4193 et
3002 4139 3047 4192 si
3078 4153 3185 4192 non
3215 4138 3454 4192 viventes
3477 4177 3492 4203 ,
3519 4145 3664 4192 certe

2080 4230 2299 4286 omnino
2323 4240 2593 4297 mortuos;
2625 4230 2732 4286 imo
2753 4246 2908 4297 vero,
2934 4231 3075 4302 quod
3109 4231 3280 4300 majus
3303 4238 3404 4296 est,
3433 4245 3500 4285 ne
3537 4229 3662 4285 dum

2079 4323 2264 4377 vivunt
2287 4323 2520 4393 quidem,
2547 4331 2631 4378 est
2653 4339 2775 4378 cum
2796 4324 2904 4390 eis;
2935 4323 3048 4390 sed,
3077 4334 3134 4378 ιιι
3148 4323 3258 4394 jam
3278 4323 3408 4391 dixi,
3433 4324 3482 4377 in
3510 4339 3665 4378 exer-

2079 4417 2291 4482 citibus,
2319 4426 2374 4472 et
2398 4417 2732 4482 satellitibus,
2762 4432 2824 4473 ac
2849 4417 3089 4487 corporis
3117 4415 3447 4481 custodibus,
3470 4417 3521 4471 in
3553 4431 3666 4471 ma-

2079 4526 2180 4581 gna
2200 4510 2248 4564 vi
2273 4510 2532 4580 pecuniae,
2553 4509 2604 4563 in
2629 4524 2902 4564 murorum
2927 4509 3152 4575 ambitu,
3179 4517 3234 4563 et
3255 4507 3373 4562 aliis
3395 4505 3659 4562 omnilms:

2079 4601 2132 4657 iu
2165 4602 2273 4658 Deo
2301 4611 2477 4657 autem
2506 4617 2611 4657 non
2652 4601 2812 4656 modo
2838 4617 2942 4655 non
2970 4601 3040 4655 ita
3068 4609 3179 4666 est,
3211 4601 3304 4655 sed
3336 4600 3388 4654 in
3417 4599 3532 4670 ipso
3559 4607 3662 4666 est,

2079 4704 2133 4750 et
2164 4705 2462 4766 perpetuo:
2491 4705 2543 4751 et
2588 4694 3036 4766 quemadmodum
3087 4694 3200 4749 ﬁeri
3240 4708 3343 4748 non
3391 4701 3564 4763 potest
3608 4700 3666 4745 ut

2079 4802 2185 4842 non
2225 4786 2294 4842 sit
2318 4787 2435 4856 ejus
2464 4787 2781 4854 substantia,
2813 4787 2882 4841 ita
2911 4787 3071 4842 etiam
3099 4794 3159 4840 ut
3187 4799 3292 4839 non
3321 4783 3392 4838 sit
3415 4799 3662 4854 regnum.

2079 4877 2147 4933 In
2174 4878 2258 4934 die
2300 4881 2534 4948 potentite
2562 4889 2680 4934 tute.
2711 4879 2864 4935 Diem
2905 4880 3155 4950 potentia:
3198 4888 3351 4948 potes
3386 4876 3566 4932 dicere
3607 4885 3664 4932 et

2077 4973 2219 5028 diem
2247 4973 2335 5044 qui
2357 4973 2466 5042 jam
2491 4971 2610 5034 fuit,
2635 4979 2690 5026 et
2713 4973 2852 5027 diem
2873 4973 2963 5042 qui
2996 4971 3205 5027 futurus
3223 4979 3324 5025 est.
3352 4969 3408 5024 ln
3435 4979 3666 5038 utroque

2077 5067 2219 5121 enim
2267 5066 2499 5121 maxima
2528 5064 2825 5118 ostenditur
2854 5064 3111 5136 potentia.
3142 5065 3331 5118 Annon
3369 5060 3465 5117 tibi
3516 5059 3668 5115 vide-

2079 5169 2166 5213 tur
2187 5172 2309 5213 esse
2334 5156 2622 5211 maximum
2650 5155 2898 5226 potentia:
2921 5165 3310 5226 argumentum.
3332 5152 3548 5225 quando
3571 5168 3665 5222 per

2077 5258 2303 5303 mortem
2334 5261 2480 5302 mors
2518 5245 2754 5308 deletur,
2787 5245 2999 5318 quando
3028 5255 3193 5316 porta:
3226 5261 3390 5301 aeneae
3423 5244 3665 5300 confrin-

2074 5350 2304 5410 guntur,
2331 5337 2544 5408 quando
2569 5349 2846 5407 peccatum
2889 5338 3134 5393 aboletur
3151 5379 3166 5401 ,
3197 5337 3411 5408 quando
3437 5335 3666 5391 maledi-

2073 5439 2216 5484 ctum
2243 5429 2487 5494 solvitur,
2513 5428 2728 5500 quando
2753 5438 2931 5485 vetera
2955 5429 3133 5484 omnia
3164 5427 3300 5482 ntala
3332 5436 3662 5490 evertuntur,

2074 5532 2129 5576 et
2163 5522 2266 5576 alia
2301 5537 2438 5576 nova
2476 5522 2611 5576 bona
2656 5521 3106 5577 introducuntur?
3129 5519 3265 5587 Quid
3304 5521 3446 5574 enim
3487 5527 3664 5588 potest

2071 5625 2192 5667 cum
2221 5611 2320 5668 hac
2349 5612 2579 5670 conferri
2608 5613 2862 5682 potentia,
2887 5614 2999 5668 sive
3025 5611 3333 5668 consideres
3361 5611 3615 5666 miracula
3639 5649 3656 5674 ,

2073 5704 2182 5757 sive
2208 5703 2563 5773 pulcherrima
2598 5703 2847 5758 .l'aciunra
2876 5702 2901 5756 ?
2925 5702 3114 5758 Mortui
3142 5701 3509 5757 excitabantur
3531 5741 3546 5763 ,
3583 5701 3660 5753 le-

2068 5791 2222 5862 prosi
2269 5789 2690 5863 'ntuudabautur,
2729 5794 2997 5851 dtetttoues
3036 5793 3467 5865 expellebantur,
3513 5807 3660 5848 mare
