4108 6344
429 390 528 449 9η
1526 395 1816 454 EXPOSH‘
1825 398 1892 455 10
1934 400 1999 455 IN
2040 402 2365 463 PSALMUM
2408 408 2540 467 CIX.

424 503 599 567 οὓτως
643 503 930 575 ἐσκίρτων,
974 504 1079 558 ὑπὸ
1130 505 1232 577 τῆς
1277 505 1373 561 τοῦ
1420 508 1656 580 Χριστοῦ
1684 510 2002 577 δεσποτείας

427 587 801 658 κατεχόμενοι,
834 589 907 660 μὴ
931 590 1227 660 χρημάτων
1256 590 1583 662 φειδόμενοι,
1605 594 1680 666 μὴ
1711 596 2000 666 σωμάτων,

430 671 505 740 μὴ
533 670 633 739 τῆς
672 670 953 744 παρούσης
991 672 1155 743 ζωῆς.
1190 674 1300 727 Καὶ
1339 675 1510 729 ταῦτα
1558 677 1656 747 μὲν
1697 678 1912 731 ἐποίουν
1953 678 2008 732 οῖ

429 770 559 807 ποτε
595 753 780 825 ἐχθροὶ
813 757 907 808 καὶ
955 755 1239 826 πολέμιον
1273 757 1387 811 ἀλλ’
1428 760 1462 829 ή
1501 760 1712 830 ἄμαχος
1740 761 1833 814 τοῦ
1869 763 2004 833 Χρι-

430 835 556 889 στοῦ
577 835 803 906 δύναμις
822 837 884 890 οὐ
914 837 1075 907 μόνον
1102 839 1203 909 τῆς
1234 838 1433 912 ἔχθρας
1457 842 1653 906 αὐτοὺς
1678 842 2001 915 ἀπήλλαξεν,

426 918 564 973 ἀλλά
582 920 676 976 καὶ
705 923 785 984 είς
803 920 1048 976 δουλείαν
1072 924 1166 976 καὶ
1186 925 1266 988 είς
1282 925 1553 996 τοσαύτην
1574 927 1849 981 οἰκείωσιν
1869 929 2005 999 ﬁxa-

427 1019 540 1071 γεν.
570 1005 731 1057 Ὥστε
753 1005 856 1058 κᾶν
886 1006 1111 1078 λέγηται
1140 1008 1169 1060 6
1190 1009 1379 1081 Πατὴρ
1399 1011 1525 1073 τοὺς
1551 1010 1777 1082 ἐχθροὺς
1795 1012 2004 1066 τιθέναι

428 1087 532 1166 ὑπὸ
560 1088 686 1151 τοὺς
725 1088 891 1152 πόδας
933 1090 1121 1155 αὑτοῦ,
1151 1092 1250 1161 οὐχ
1288 1092 1437 1147 οὕτω
1469 1093 1707 1162 λέγεται,
1753 1095 2005 1166 καθάπερ

427 1165 599 1252 είπον,
650 1171 726 1235 ὡς
759 1172 924 1243 μηδὲν
971 1175 1319 1245 ἐνεργοῦντος
1351 1176 1445 1230 τοῦ
1490 1178 1715 1242 Παιδόςο
1758 1178 1853 1232 τοῦ
1897 1165 2005 1252 γάρ

428 1251 762 1322 Μονογενοῦς
809 1257 871 1309 τὸ
914 1257 1246 1328 κατόρθωμα
1274 1259 1496 1328 γέγονεν
1534 1262 1713 1315 ἆπαν·
1749 1262 1861 1315 ἀλλ’
1897 1251 2002 1326 ἵνα,

427 1337 563 1409 ὅπερ
600 1338 766 1409 ἔφθην
797 1338 968 1394 εἰπὼν
990 1381 1004 1404 ,
1035 1341 1125 1394 τὸν
1170 1342 1389 1415 Πατέρα
1430 1343 1582 1417 [256]
1619 1346 1832 1400 καὶτὸν
1878 1347 2005 1400 Υίδν

428 1419 559 1474 Θεὸν
583 1420 679 1474 ἕνα
705 1425 852 1494 νοῇς,
888 1423 1298 1496 φυλαττομένης
1337 1428 1553 1500 ἑκάστῳ
1583 1429 1685 1500 τῆς
1722 1431 2002 1499 ἰδιότητος,

428 1506 523 1558 καὶ
556 1506 641 1559 ἵνα
672 1506 745 1578 μὴ
783 1507 877 1561 δύο
908 1509 1111 1581 νοήσῃς
1158 1510 1507 1581 ἀγεννήτους.
1547 1514 1670 1566 Ὀτι
1701 1512 1811 1584 γὰρ
1837 1511 2003 1566 αὑτοῦ

427 1592 537 1644 πᾶν
567 1592 683 1644 ἐστι
706 1592 766 1645 τὸ
792 1592 1145 1665 κατόρθωμα,
1171 1596 1278 1648 ἀπὸ
1299 1595 1405 1649 τῶν
1427 1596 1527 1668 ήδη
1552 1597 2004 1669 κατωρθωμένων

427 1676 600 1728 ἐννόει
618 1693 633 1706 ο
665 1675 758 1729 καὶ
790 1677 866 1748 μὴ
896 1677 1081 1741 ἁπλῶς
1108 1678 1463 1751 ἀνθρωπίνως
1495 1681 1801 1753 ἐκλάμϐανε
1830 1684 1902 1735 τὰ
1927 1684 2005 1735 εί-

433 1760 675 1831 ρημένω
711 1761 843 1816 πολὺ
875 1762 985 1834 γὰρ
1012 1762 1073 1816 τὺ
1109 1764 1310 1818 ἄτοπον
1342 1764 1551 1835 ἕψεται.
1585 1765 1700 1820 Ἵνα
1725 1767 1781 1820 δὲ
1812 1766 1909 1820 καὶ
1938 1767 2002 1820 σὺ

433 1843 629 1915 μάθῃς,
656 1845 822 1899 ἄκουε
850 1846 879 1899 ὂ
907 1846 1085 1917 μέλλω
1113 1847 1311 1917 λέγειν’
1336 1850 1397 1903 Ol
1430 1850 1528 1920 μὲν
1552 1850 1803 1919 ἐγένοντο
1837 1850 2000 1919 φίλοι,

428 1928 615 1999 ἐχθροὶ
656 1930 920 2001 πρότερον
960 1930 1112 1995 ὄντες
1134 1972 1151 1998 ,
1188 1933 1238 1985 οί
1293 1932 1351 1986 δέ
1406 1933 1657 2004 μένουσιν
1683 1932 1764 1988 ἔτι
1796 1933 2001 2005 ἐχθροί.

442 2011 580 2063 Ἀλλ’
605 2013 686 2065 ὃτι
713 2013 811 2083 μὲν
837 2014 960 2076 τοὺς
996 2014 1224 2084 ἐχθροὺς
1250 2014 1436 2085 φίλους
1460 2016 1621 2081 αὐτὸς
1642 2017 1885 2088 ἐποίησε,
1910 2016 2002 2071 καὶ

428 2094 642 2159 Παῦλος
675 2096 824 2166 δηλοῖ
864 2097 942 2167 τῷ
972 2100 1165 2151 εἰπεῖν·
1192 2098 1378 2154 Ὅταν
1414 2100 1658 2168 παραδῷ
1685 2098 1801 2169 τὴν
1821 2102 2003 2165 ,βασι-

427 2178 604 2232 λείαν
644 2178 725 2244 τῷ
761 2178 882 2245 Θεῷ
921 2180 1019 2235 καί
1059 2183 1243 2250 Πατρί
1263 2199 1277 2212 ·
1331 2182 1481 2252 δηλοῖ
1513 2182 1572 2237 δὲ
1610 2183 1701 2237 καὶ
1733 2185 1761 2237 6
1788 2184 1999 2252 Σωτὴρ,

429 2264 567 2334 πρὸς
596 2264 759 2318 αὑτὸν
817 2265 908 2318 τὸν
948 2266 1164 2337 Πατέρα
1205 2266 1412 2330 λέγων’
1461 2265 1601 2335 Ἐγώ
1629 2283 1704 2321 σε
1739 2266 2003 2331 ἐδόξασα

427 2347 497 2401 ἐν
534 2345 612 2412 τῷ
634 2348 858 2417 κόσμῳ,
899 2348 962 2402 τὸ
990 2349 1168 2418 ἔργον
1189 2349 1535 2412 ἐτελείωσα,
1561 2349 1592 2403 ὃ
1612 2348 1874 2416 δέδωκάς
1902 2368 2002 2420 μοι

429 2430 529 2483 ἵνα
555 2430 808 2497 ποιήσω.
838 2432 912 2485 T6
940 2432 996 2485 δὲ
1029 2432 1153 2496 τοὺς
1192 2433 1418 2504 ἐχθροὺς
1451 2432 1738 2497 ὑποτάξαι,
1768 2432 1862 2485 τοῦ
1890 2436 2002 2487 Πα-

427 2513 555 2581 τρὸς
584 2514 795 2583 γέγονε.
827 2515 1020 2568 Καίτοι
1044 2532 1108 2584 γε
1134 2514 1292 2568 τοῦτο
1321 2515 1531 2569 ἐκείνου
1565 2515 1769 2587 μεῖζον.
1792 2517 1867 2569 Οὐ
1895 2518 2003 2586 γάρ

432 2596 544 2650 ίσον
570 2598 795 2652 κολάσαι
823 2598 1051 2670 ἐχθροὺς
1085 2598 1361 2669 μένοντας,
1398 2599 1492 2653 καὶ
1538 2600 1760 2669 ποιῆσαι
1791 2600 1999 2669 φίλους,

430 2679 658 2752 ἐχθροὺς
680 2680 857 2747 ὄντας.
907 2682 1046 2735 Ἀλλ’
1072 2680 1195 2735 οὔτε
1231 2684 1259 2735 6
1287 2681 1414 2746 Υίὸς
1454 2681 1544 2735 διὰ
1571 2682 1728 2736 τοῦτο
1767 2683 2002 2738 ἐλάττων

427 2762 523 2815 τοῦ
569 2764 796 2835 Πατρὸς,
833 2763 959 2817 οῦτε
1002 2767 1032 2817 6
1080 2765 1271 2835 Πατὴρ
1305 2764 1540 2818 ἐλάττων
1576 2764 1665 2818 διά
1704 2765 1861 2818 τοῦτο
1906 2766 2000 2819 τοῦ

430 2844 581 2901 Υίοῦ.
615 2847 728 2900 Ἵνα
757 2848 815 2901 δὲ
848 2847 1044 2919 μάθῃς,
1067 2847 1151 2900 ὅτι
1181 2849 1275 2900 καὶ
1307 2850 1490 2902 ἐκεῖνα
1514 2848 1609 2901 τοῦ
1640 2847 1791 2913 Υίοῦ,
1815 2848 2001 2919 ὥσπερ

429 2930 523 2982 καὶ
555 2929 727 2982 ταῦτα
774 2931 870 2983 τοῦ
916 2929 1130 3001 Πατρὸς
1152 2968 1169 2993 ,
1214 2929 1476 2983 ἀκουσονο
1537 2930 1843 2986 Ἀπέλθετε
1902 2932 2003 2984 ἀπ’

427 3012 592 3081 ἐμοῦ,
624 3017 675 3067 οἱ
704 3013 1115 3082 κατηραμένοι,
1148 3016 1235 3079 εὶς
1257 3012 1323 3065 τὸ
1357 3014 1477 3081 πῦρ
1500 3013 1564 3065 τὸ
1596 3014 1855 3077 αἰώνιον,
1890 3013 2000 3067 τὸι

428 3096 866 3166 ἡτοιμασμένον
894 3094 974 3162 τῷ
1011 3096 1266 3161 διαϐόλῳ
1288 3096 1387 3149 καὶ
1431 3096 1555 3163 τοῖς
1588 3097 1865 3167 ἀγγέλοις
1895 3099 2003 3151 αὐ-

429 3181 556 3236 τοῦ.
610 3181 720 3235 Καὶ
758 3182 786 3234 6
818 3181 945 3244 τοὺς
994 3180 1261 3250 ἀγγέλους
1294 3181 1545 3252 πέμπων,
1582 3179 1722 3234 ὥστε
1751 3182 2001 3249 συλλέξαι

426 3264 496 3316 τὰ
523 3262 757 3328 ζιζάνια,
790 3266 819 3317 6
849 3266 1159 3335 Μονογενής
1195 3266 1332 3329 ἐστι,
1362 3264 1456 3318 καὶ
1482 3266 1757 3336 πανταχοῦ
1785 3267 2001 3338 ὁρῶμεν

428 3346 589 3400 αὑτὸν
622 3346 919 3410 κολάζοντα
949 3347 1042 3401 τὸν
1064 3347 1326 3403 διάϐολον.
1355 3347 1463 3401 Καὶ
1484 3347 1642 3402 τοῦτο
1672 3351 1720 3402 ot
1748 3349 1999 3421 δαίμονες

430 3433 583 3485 αὐτοὶ
610 3428 930 3503 ὁμολογοῦσι
962 3431 1211 3501 λέγοντες
1230 3447 1243 3462 ·
1270 3427 1487 3498 Ἦλθες
1509 3426 1626 3486 ὧδε
1649 3431 1764 3501 πρὸ
1792 3436 1999 3502 καιροῦ

424 3517 761 3580 βασανίσαι
800 3513 997 3583 Mdg;
1032 3516 1195 3568 Ὥστε
1232 3516 1397 3579 αὑτός
1424 3516 1570 3569 ἐστιν
1597 3517 1627 3569 6
1661 3516 1870 3587 μέλλων
1902 3519 2001 3572 αῦ-

428 3603 554 3662 τοὺς
582 3599 913 3670 βασανίζειν.
952 3600 1114 3670 Ὁρᾷς
1151 3600 1234 3653 ὅτι
1263 3598 1369 3653 κᾶν
1397 3598 1502 3652 ὑπὸ
1537 3597 1631 3652 τοῦ
1672 3600 1881 3672 Πατρὸς
1915 3601 2002 3655 λέ-

427 3701 591 3754 γηται
619 3684 865 3753 γίνεσθαι
891 3682 960 3737 τὰ
989 3683 1269 3755 γινόμενα,
1298 3683 1391 3736 τοῦ
1426 3682 1623 3747 Παιδός
1655 3684 1771 3737 ἐστι
1803 3702 2001 3757 κατορ-

430 3766 696 3838 θώματας
730 3768 852 3821 Ὅτι
898 3766 957 3820 δὲ
1002 3766 1098 3821 καὶ
1137 3766 1207 3819 τά
1248 3764 1344 3819 τοῦ
1376 3766 1604 3833 Παιδὸς,
1637 3766 1732 3821 τοῦ
1764 3769 1995 3841 Πατρὸς,

429 3852 659 3904 ἄκουσον
679 3850 840 3904 πάλιν
866 3849 1032 3904 αὐτοῦ
1059 3849 1303 3917 λέγοντος
1321 3864 1335 3879 ·
1362 3849 1571 3915 οὐδεὶς
1586 3850 1820 3918 ἔρχεται
1849 3854 1999 3921 πρός

425 3950 521 4004 με,
561 3932 672 3987 ἐὰν
697 3932 783 4003 μὴ
835 3936 868 3987 ό
897 3930 1100 3999 Πατὴρ
1129 3932 1364 4000 ἐλκύσῃ
1405 3934 1615 3986 αὐτόν.
1657 3934 1765 3986 Καὶ
1803 3934 1996 3989 πάλιν·

434 4019 644 4085 Οὐδεὶς
672 4018 919 4073 δύναται
954 4015 1154 4071 ἐλθεῖν
1185 4016 1334 4083 πρὸς
1380 4015 1489 4069 τὸν
1532 4015 1783 4084 Πατέρα,
1826 4021 1880 4072 ει
1911 4020 1998 4091 μὴ

429 4103 506 4158 δι’
534 4103 702 4172 ἐμοῦ.
758 4103 833 4156 Οὐ
882 4101 1060 4154 τοίνυν
1112 4098 1468 4171 ἀνθρωπίνως
1521 4099 1884 4171 ἐκλαμϐάνειν
1933 4106 2002 4158 τὰ

428 4187 652 4241 τοιαῦτα
684 4186 783 4239 δεῖ.
811 4184 964 4238 Ἐπεὶ
992 4183 1086 4236 καὶ
1117 4182 1244 4246 τοὺς
1272 4181 1499 4253 ἐχθρούς
1527 4200 1619 4235 σου
1650 4182 1822 4249 οὕτως
1846 4188 1998 4241 ἐκδε-

430 4270 608 4336 κτέον,
635 4270 733 4340 οὐχ
764 4267 840 4331 ὡς
872 4266 1036 4320 αὑτοῦ
1086 4265 1246 4336 μόνου
1278 4264 1524 4337 ἐχθρούς.
1567 4267 1630 4319 '0
1663 4267 1772 4339 γὰρ
1795 4269 1884 4339 μὴ
1920 4289 2001 4325 τι-

422 4354 555 4425 μῶν
572 4352 681 4409 τὸν
718 4352 875 4418 Υίόν,
900 4350 1088 4424 φησὶν,
1118 4352 1190 4404 οὐ
1216 4347 1355 4419 τιμᾷ
1381 4349 1488 4403 τὸν
1504 4353 1757 4419 Πατέρα.

438 4508 451 4527 ⁸
499 4521 736 4576 ε’.⁶Ὤστε
762 4517 1006 4571 Ἰουδαῖοι
1030 4516 1130 4569 οὐκ
1146 4512 1313 4568 αὑτοῦ
1338 4513 1497 4584 μόνον
1521 4513 1728 4586 ἐχθροὶ,
1750 4516 1887 4573 ἀλλά
1905 4523 2001 4577 καὶ

426 4605 523 4661 τοῦ
576 4600 807 4673 Πατρός.
851 4600 942 4653 Διὸ
986 4598 1081 4653 καὶ¹
1123 4597 1223 4669 τὴν
1266 4595 1641 4668 πανωλεθρίαν
1682 4599 1864 4665 αὐτοῖς
1903 4602 2001 4656 ἐπ.

427 4690 627 4759 ἤγαγε,
657 4686 751 4739 καὶ
792 4684 890 4755 τὴν
920 4682 1072 4736 πόλιν
1103 4680 1284 4736 αὐτῶν
1316 4680 1479 4752 ῥίψας
1521 4682 1718 4752 χαμαὶ,
1759 4685 2000 4755 ἐρείπιον

428 4772 701 4843 ἐποίησεν,
751 4770 800 4822 εἰ
832 4768 928 4821 καί⁵
963 4768 1038 4839 μὴ
1083 4765 1284 4829 εὐθέως
1329 4764 1469 4836 μετά
1496 4765 1589 4820 τὸν
1625 4769 1877 4839 σταυρὸν,
1908 4776 2001 4827 καὶ

428 4855 618 4927 χρόνον
646 4854 829 4916 αὐτοῖς
848 4851 1016 4904 πολὺν
1037 4851 1117 4914 είς
1141 4848 1428 4919 μετάνοιαν
1445 4847 1665 4915 ἔδωκεν,
1690 4850 1742 4903 εἰ
1767 4868 1831 4919 γε
1853 4854 2001 4909 ἐϐού-

426 4938 600 5002 λοντο,
628 4936 722 4990 καὶ
753 4936 878 4997 τοὺς
925 4932 1257 4995 ἀποστόλους
1302 4931 1548 5001 ἀφῆκεν,
1581 4932 1667 4986 ἵνα
1718 4933 1786 4986 δι’
1816 4936 1998 4993 αὐτῶν

433 5019 695 5089 μαθόντες
727 5016 896 5071 αὑτοῦ
928 5015 1027 5087 τὴν
1059 5016 1243 5085 ίσχὺν,
1274 5015 1371 5084 ὀψὲ
1410 5014 1542 5083 γοῦν
1580 5032 1711 5069 ποτε
1750 5019 1999 5093 ἐπιστρέ-

426 5105 621 5173 ψωσιν.
651 5100 870 5171 Ἐπειδὴ
898 5099 955 5152 δὲ
980 5098 1174 5152 ἀνίατα
1206 5098 1446 5163 ἐνόσουν,
1467 5097 1559 5151 τὸν
1590 5097 1872 5169 κολοφῶνα
1903 5105 2000 5157 ἐπ.

428 5186 603 5256 ήγαγε
643 5182 754 5237 τῶν
800 5181 1018 5249 κακῶν,
1048 5183 1143 5234 καὶ
1178 5180 1353 5252 ταύτῃ
1392 5179 1555 5234 πάλιν
1590 5180 1772 5235 καλῶν
1803 5183 2000 5250 αὐτοὺς

427 5271 507 5333 είς
537 5270 841 5340 μετάνοιαν,
869 5267 957 5319 ἵνα
988 5266 1089 5334 τῆς
1112 5264 1387 5329 πολιτείας
1414 5264 1739 5329 ἐκπεσόντες
1764 5269 1862 5338 τῆς
1896 5286 2001 5324 πα..

427 5354 604 5416 λαιᾶς,
638 5351 728 5406 ὑπ’
750 5352 920 5419 αὐτῆς
942 5349 1075 5419 γοῦν
1100 5349 1209 5403 τῶν
1244 5348 1583 5421 πραγμάτων
1624 5350 1723 5421 τῆς
1755 5351 2000 5424 ἀνάγκης

429 5437 567 5508 πρὸς
591 5435 691 5509 τὴν
722 5435 978 5507 ἀλήθειαν
1007 5433 1477 5507 χειραγωγηθῶσι,
1516 5432 1610 5487 τόν
1648 5451 1708 5487 τε
1733 5434 1997 5507 ὑϐρισμέ-

426 5537 517 5575 νον
534 5519 771 5592 ὁρῶντες
801 5517 1076 5590 πανταχοῦ
1104 5517 1599 5589 προσκυνούμενον,
1614 5519 1710 5571 καὶ
1734 5518 1801 5572 τά
1821 5517 2004 5574 αὐτῶν

492 5798 521 5828 ⁸
546 5797 670 5847 Illud
694 5796 884 5845 αἰώνιον
915 5794 973 5844 τό
1008 5794 1185 5845 deerat
1206 5794 1258 5843 in
1285 5793 1483 5853 Morel.,
1510 5794 1601 5844 sed
1624 5795 1672 5843 in
1695 5796 1807 5847 aliis
1826 5808 1998 5849 exel-

432 5858 652 5922 phribus
671 5858 901 5920 habetur,
919 5864 974 5908 et
996 5854 1057 5907 ab
1074 5858 1353 5918 interprete
1379 5858 1563 5908 lectum
1586 5857 1763 5908 fuerat.

3571 413 3679 470 27%

2112 515 2379 591 λελυμένα
2408 522 2640 579 ἅπαντα.
2658 525 2825 579 Ὅταν
2861 524 2918 579 δέ
2942 524 3075 596 μηδὲ
3112 522 3252 578 οῦτω
3277 522 3540 593 γένωνται
3563 526 3688 595 βελ-

2109 609 2279 677 τίους,
2323 613 2441 666 τότε
2484 614 2698 679 λοιπὸν,
2736 617 2831 670 ἅτε
2864 617 3043 686 πάσης
3089 614 3500 686 ἀπηλλαγμένοι
3553 634 3684 688 συγ-

2110 704 2354 777 γνώμης.
2374 710 2453 773 είς
2479 711 2576 782 τὴν
2600 712 2863 766 ἀθάνατον
2885 712 3250 785 ἐμπεσοῦνται
3271 712 3509 767 κόλασιν.
3529 714 3687 769 ’Υπο-
3720 694 3729 701 ’

2112 802 2291 857 πόδιον
2316 805 2373 858 δὲ
2388 806 2620 873 ἀκούων,
2642 809 2805 879 μηδὲν
2823 808 3073 879 αίσθητὸν
3100 809 3285 880 νόμιζε
3311 809 3510 878 λέγειν,
3530 809 3689 884 [257]

2111 896 2249 951 ἀλλά
2292 899 2393 971 τὴν
2428 902 2725 974 ὑποταγὴν.
2754 906 2876 956 Ὅτι
2917 905 2972 957 δὲ
2999 903 3148 974 αὐτῷ
3180 905 3494 971 ὑποτάσσει,
3527 905 3689 976 δῆλον

2110 995 2175 1047 ἐκ
2199 995 2298 1067 τῆς
2327 998 2645 1070 ἐπαγωγῆς·
2671 1002 2791 1054 ἐπεὶ
2814 1001 2924 1073 γάρ
2951 1003 2978 1054 6
3010 1000 3195 1072 θρόνος
3218 997 3317 1065 εἷς,
3348 1001 3442 1054 καὶ
3464 1002 3525 1055 16
3551 1002 3686 1056 ὑπο-

2112 1089 2293 1144 πόδιον
2314 1091 2392 1145 ἓν.

2181 1262 2343 1316 Μετὰ
2367 1264 2483 1318 σοῦ
2514 1264 2551 1332 ἡ
2576 1264 2732 1335 ἀρχὴ
2757 1265 2826 1318 ἐν
2856 1263 3049 1335 ἡμέρᾳ
3074 1264 3185 1335 τῆς
3206 1264 3511 1334 δυνάμεώς
3542 1280 3680 1322 σου.

2124 1356 2343 1431 Ἐπειδὴ
2369 1355 2520 1415 εἶπεν
2544 1362 2683 1416 ἀναν
2722 1363 2874 1429 Ἕως
2899 1361 2977 1417 ἂν
2998 1360 3079 1416 θῶ
3115 1361 3255 1428 τοὺς
3286 1361 3537 1432 ἐχθρούς
3568 1376 3689 1414 σου

2111 1450 2442 1504 ὑποπόδιον
2488 1451 2607 1506 τῶν
2645 1452 2847 1507 ποδῶν
2899 1469 3051 1518 σου,
3083 1453 3170 1507 ἵνα
3224 1453 3298 1524 μὴ
3349 1452 3546 1523 νομίσῃ
3600 1467 3684 1515 τις

2110 1544 2312 1618 ἀσθενῆ
2340 1547 2431 1601 τὸν
2462 1549 2586 1603 Υίὸν
2614 1546 2772 1616 εἶναι,
2810 1550 2907 1604 καί
2940 1550 3216 1621 ἐνεργείας
3249 1549 3474 1616 δεῖσθαι,
3510 1548 3683 1601 καθά-

2111 1658 2217 1713 περ
2245 1643 2370 1697 τινά
2394 1644 2501 1697 τῶν
2531 1646 2865 1711 ἀποστόλων,
2897 1647 3125 1701 ἄκουσον
3152 1646 3266 1708 πῶς
3296 1645 3391 1700 καλ⁸
3419 1645 3517 1715 τῆς
3550 1644 3681 1696 ὑπο-

2111 1736 2259 1800 νοίας
2287 1738 2456 1809 αὐτῆς
2484 1740 2678 1810 ἐπάγει
2698 1740 2796 1812 τὴν
2824 1742 3107 1812 διόρθωσιν
3139 1740 3311 1809 λέγων
3332 1757 3344 1769 ·
3372 1737 3535 1795 Μετὰ
3568 1736 3685 1792 σοῦ

2110 1834 2149 1901 ἡ
2171 1834 2327 1903 ἀρχὴ
2348 1835 2419 1889 ἐν
2436 1837 2625 1907 ἡμέρᾳ
2644 1839 2753 1907 τῆς
2779 1838 3085 1909 δυνάμεώς
3107 1855 3245 1893 σου.
3268 1837 3332 1891 Τί
3363 1839 3501 1899 ἐστι,
3524 1833 3692 1889 Μετὰ

2110 1932 2227 1986 σοῦ
2270 1934 2309 2002 ἠ
2333 1934 2533 2005 ἀρχή;
2572 1935 2660 1989 Ἐν
2698 1937 2803 2000 σοὶ,
2848 1937 3032 2007 φησὶν,
3064 1937 3098 2007 ἡ
3137 1935 3301 2007 ἀρχὴ.
3335 1935 3431 2003 οὐχ
3460 1932 3687 2001 ὕστερον

2111 2028 2497 2103 ἐπιγενομένη,
2531 2031 2647 2085 ἀλλ’
2676 2033 2735 2085 ἐν
2777 2034 2860 2086 σοὶ
2900 2029 3034 2088 οὖσα
3064 2032 3355 2093 διαπαντός
3375 2046 3388 2058 ·
3417 2030 3552 2097 ὅπερ
3584 2024 3679 2079 καὶ

2109 2123 2139 2174 6
2176 2124 2401 2190 Ἡσαΐας
2428 2127 2603 2198 δηλῶν
2640 2129 2838 2199 ὁμοίως
2866 2129 3081 2198 ἐλεγεν·
3105 2124 3188 2184 Οὔ
3223 2127 3261 2195 ἠ
3305 2124 3461 2194 ἀρχὴ
3491 2118 3686 2176 αὐτοῦ

2108 2221 2205 2276 ἐπὶ
2253 2225 2359 2279 τοῦ
2409 2224 2570 2295 ὤμου
2606 2227 2825 2281 αὐτοῦ’
2863 2228 3170 2290 τουτέστιν,
3207 2227 3265 2279 ἐν
3308 2222 3475 2293 αὐτῷ,
3509 2223 3566 2273 ἐν
3606 2219 3683 2289 τῇ

2109 2320 2266 2391 οὐσίᾳ
2296 2321 2483 2388 αὐτοῦ,
2517 2324 2574 2376 ἐν
2603 2326 2669 2394 τῇ
2704 2322 2862 2393 φύσει
2891 2323 3077 2387 αὐτοῦ,
3104 2324 3236 2394 ὅπερ
3270 2323 3363 2374 ἐπὶ
3388 2320 3496 2372 τῶν
3526 2317 3679 2388 βασις

2110 2413 2248 2469 λέων
2271 2417 2372 2470 οὐκ
2405 2417 2505 2472 ένι.
2534 2418 2597 2471 Ἦ
2626 2419 2734 2490 γὰρ
2763 2420 2907 2491 ἀρχὴ
2936 2419 3113 2472 αὐτῶν
3152 2421 3208 2471 ἐν
3241 2417 3317 2488 τῷ
3345 2414 3537 2485 πλήθει
3573 2411 3683 2463 τῶν

2114 2513 2524 2582 στρατοπέδωνο
2557 2516 2694 2585 ὅπερ
2731 2516 2953 2569 ἐπὶτῶν
2982 2515 3291 2569 ἀποστόλων
3319 2514 3419 2565 οὐκ
3452 2506 3540 2582 ἦν.
3573 2507 3692 2562 Καὶ

2110 2607 2219 2678 γὰρ
2240 2609 2335 2662 καὶ
2360 2609 2538 2663 αὐτῶν
2557 2613 2591 2681 ἡ
2632 2612 2774 2683 ἀρχὴ
2807 2612 3086 2684 ἐνεργείας
3102 2610 3300 2676 ἔξωθεν
3324 2605 3684 2677 εἰσαγομένης

2109 2705 2292 2770 αὐτοῖς
2314 2706 2521 2774 ἐγίνετο
2545 2723 2556 2735 ’
2587 2706 2749 2770 αὐτὸς
2771 2706 2829 2760 δὲ
2856 2709 2913 2761 ἐν
2933 2710 2998 2778 τῇ
3014 2706 3175 2775 φύσει
3199 2706 3299 2776 τὴν
3320 2704 3492 2775 ἀρχὴν
3514 2698 3680 2771 εἶχεν,

2109 2802 2167 2853 ἐν
2197 2804 2268 2873 τῇ
2293 2802 2469 2873 οὐσία,
2499 2802 2559 2856 ού
2587 2801 2725 2872 μετά
2750 2801 2811 2855 16
2836 2802 3159 2872 γεννηθῆναι
3186 2800 3507 2871 προσλαϐὼν
3529 2796 3689 2849 ὓστε-

2113 2913 2224 2967 ρον,
2251 2896 2374 2950 οὑδέ
2406 2898 2729 2951 ἐπείσακτον
2770 2898 3138 2970 κτησάμενος,
3182 2895 3298 2951 ἀλλ’
3325 2895 3465 2948 οὕτω
3490 2907 3683 2962 γεννη-

2110 2992 2243 3057 θείς.
2266 2994 2357 3047 Διὸ
2378 2994 2472 3048 καὶ
2494 3012 2559 3048 πε
2567 2995 2621 3066 pl
2643 2994 2916 3066 βασιλείας
2936 2993 3286 3065 ἐρωτώμενος
3309 2992 3511 3060 ἔλεγεν·
3543 2986 3693 3056 Ἐγὼ

2108 3092 2194 3157 εις
2217 3090 2393 3145 τοῦτο
2414 3090 2787 3161 γεγέννημαι,
2805 3091 2901 3145 καὶ
2920 3093 3007 3156 εις
3024 3090 3200 3144 τοῦτο
3219 3087 3507 3156 ἐλήλυθα.
3523 3082 3688 3138 Μετὰ

2108 3188 2225 3243 σοῦ
2243 3190 2281 3258 ἡ
2305 3188 2461 3258 ἁρχὴ
2478 3188 2549 3242 ἐν
2575 3189 2767 3258 ἡμέρᾳ
2794 3188 2903 3257 τῆς
2924 3187 3230 3257 δυνάμεώς
3247 3202 3385 3240 σου.
3411 3184 3485 3236 Οὐ
3512 3180 3684 3235 ταῦτα

2107 3284 2165 3338 δὲ
2198 3284 2357 3356 μόνον
2383 3284 2452 3338 τά
2488 3285 2754 3358 εἰρημένα
2786 3286 2935 3357 δηλοί
2964 3285 3043 3349 τὸ,
3078 3283 3240 3338 Μετὰ
3271 3280 3388 3336 σοῦ
3429 3280 3467 3348 ἡ
3501 3278 3687 3347 ἀρχὴν

2108 3379 2244 3434 ἀλλά
2272 3382 2368 3434 καὶ
2399 3381 2581 3451 ἕτερα,
2616 3376 2726 3434 οἷον
2753 3382 2814 3434 16
2845 3381 2919 3452 μὴ
2952 3383 3010 3435 ἐν
3043 3378 3187 3450 ἄλλῳ
3224 3375 3387 3432 αὑτοῦ
3418 3371 3553 3429 εἷναι
3585 3373 3684 3443 τὴν

2107 3480 2303 3553 ἀρχὴν,
2328 3479 2463 3533 ἀλλά
2499 3478 2591 3532 καὶ
2609 3477 2833 3550 διηνεκῆ
2868 3478 2962 3531 καὶ
3000 3476 3286 3530 ἀθάνατον.
3339 3470 3689 3543 Ἀνθρώπους

2111 3576 2211 3649 μὲν
2243 3575 2352 3645 γάρ
2378 3576 2473 3629 καὶ
2507 3574 2714 3639 ζῶντας
2747 3574 3097 3646 ἐπιλιμπάνει
3126 3574 3410 3635 πολλάκις*
3443 3573 3492 3625 εί
3519 3570 3576 3624 δὲ
3608 3566 3685 3639 μὴ

2108 3670 2334 3737 ζῶντας,
2376 3671 2491 3725 ἀλλ’
2527 3672 2898 3735 ἀποθανόντας
2931 3672 3147 3735 πάντως
3165 3688 3178 3701 ο
3218 3669 3417 3742 μᾶλλον
3435 3668 3492 3720 δὲ
3521 3665 3689 3739 ἡνίκα

2107 3769 2295 3833 ζῶσιν,
2316 3768 2438 3822 οὺδέ
2478 3769 2594 3839 μετ’
2621 3767 2801 3822 αὐτῶν
2827 3768 2859 3808 δ
2893 3770 3042 3821 ἐστιν
3060 3784 3075 3799 ο
3105 3766 3219 3820 ἀλλ’
3241 3766 3378 3837 ὅπερ
3408 3761 3577 3835 ἔφθην
3605 3762 3685 3814 εἰς

2107 3866 2249 3933 πὼν,
2282 3869 2341 3921 ἐν
2391 3867 2776 3938 στρατοπέδοις
2816 3867 2912 3920 καὶ
2960 3861 3398 3937 σωματοφύλαξιν
3428 3860 3525 3915 καὶ
3549 3875 3685 3930 χρη·

2114 3965 2298 4036 μάτων
2335 3965 2645 4037 περιουσίᾳ,
2679 3965 2772 4019 καὶ⁵
2813 3964 3010 4035 τειχῶν
3063 3961 3396 4034 περιϐολαῖς,
3426 3959 3519 4012 καὶ
3569 3959 3684 4020 τοῖς

2107 4060 2287 4124 ἄλλοις
2313 4059 2515 4113 ἅπασιν
2536 4075 2549 4088 ⁸
2585 4061 2677 4113 ἐπὶ
2699 4060 2755 4113 δέ
2793 4059 2887 4113 τοῦ
2914 4057 3050 4112 Θεοῦ
3085 4059 3147 4111 οὐ
3190 4057 3350 4128 μόνον
3393 4054 3550 4108 τοῦτο
3581 4052 3688 4105 οὐκ

2108 4156 2277 4224 ἐστιν,
2311 4156 2425 4211 ἀλλ’
2471 4158 2530 4210 ἐν
2579 4156 2727 4227 αὐτῷ
2756 4158 2871 4209 ἐστι
2904 4156 3000 4210 καὶ
3030 4155 3291 4227 διηνεκῶς
3311 4170 3325 4184 ο
3363 4153 3458 4207 καὶ
3495 4151 3685 4220 ὥσπερ

2108 4256 2206 4328 τὴν
2234 4255 2423 4309 οὐσίαν
2453 4252 2618 4307 αὑτοῦ
2654 4252 2913 4307 ἀδύνατον
2956 4251 3030 4324 μὴ
3062 4247 3224 4316 εἶναι,
3265 4250 3407 4305 οὕτω
3457 4249 3551 4303 καὶ
3581 4247 3683 4319 τὴν

2110 4350 2408 4421 βασιλείαν.
2440 4349 2538 4403 Ἐν
2556 4348 2748 4419 ἡμέρᾳ
2774 4346 2881 4416 τῆς
2917 4346 3225 4416 δυνάμεώς
3258 4363 3394 4401 σου.
3440 4345 3683 4416 Ἦμέραν

2106 4445 2387 4517 δυνάμεως
2412 4426 2556 4497 εἶίποι
2587 4460 2671 4508 τις
2710 4444 2775 4498 ἀν
2799 4445 2897 4516 τήν
2922 4461 2981 4497 τε
3008 4444 3109 4516 ήδη
3130 4442 3451 4514 γενομένην,
3484 4442 3584 4511 τήν
3620 4456 3682 4492 τε

2108 4540 2374 4612 ἐσομένην
2404 4539 2638 4612 ἡμέραν.
2680 4537 2946 4611 Ἐκατέρα
2974 4540 3083 4611 γὰρ
3112 4539 3376 4611 μεγίστης
3402 4537 3681 4608 δυνάμεως

2107 4636 2402 4702 ἀπόδειξις.
2436 4636 2508 4689 Ἢ
2533 4635 2595 4689 οὐ
2626 4636 2773 4691 δοκεῖ
2816 4654 2897 4691 σοι
2929 4637 3213 4709 δυνάμεως
3256 4637 3516 4707 μέγιστον
3543 4630 3682 4688 εἶναι

2107 4736 2437 4805 τεκμήριον,
2476 4732 2606 4786 ὅταν
2651 4732 2740 4787 διά
2781 4732 3011 4789 θανάτου
3048 4733 3275 4796 θάψιτος
3314 4732 3679 4803 καταργῆται,

2106 4832 2234 4886 ὅταν
2260 4829 2459 4900 χαλκαῖ
2488 4828 2651 4882 πύλαι
2679 4829 3089 4900 ωντρίὸωνται,
3111 4828 3239 4882 ὅταν
3268 4829 3511 4900 ἁμαρτία
3535 4829 3685 4896 ἀφα-

2107 4928 2344 4997 νίζηται,
2368 4926 2497 4979 ὅταν
2525 4926 2741 4996 κατάρα
2764 4924 2979 4996 λύηται,
3001 4926 3130 4979 ὅταν
3160 4925 3230 4980 τά
3264 4924 3473 4980 παλαιά
3501 4923 3684 4978 πάντα

2107 5022 2482 5093 ἀνατρέπηται
2503 5019 2669 5085 κακά,
2693 5020 2789 5075 καὶ
2809 5020 2972 5091 ἔτερα
2999 5022 3357 5093 ἐπεισάγηται
3381 5022 3477 5076 νέα
3500 5021 3684 5087 καλά;

2106 5120 2173 5174 Τί
2204 5118 2314 5191 γὰρ
2338 5118 2438 5189 τῆς
2464 5117 2745 5188 δυνάμεως
2767 5114 2969 5188 ταύτης
3000 5116 3135 5182 ίσον,
3155 5119 3219 5173 ἄν
3246 5136 3306 5172 τε
3327 5119 3401 5172 τά
3423 5118 3685 5189 θαύματα

2109 5216 2389 5287 ἐξετάσῃς,
2414 5215 2479 5270 ἄν
2498 5231 2558 5267 τε
2580 5214 2648 5268 τά
2670 5211 3068 5285 κατορθώματα
3090 5232 3106 5283 ;
3139 5214 3344 5287 Νεκροί
3371 5216 3682 5286 ἠγείροντο,

2107 5316 2298 5387 λεπροὶ
2354 5313 2744 5384 ἐκαθαίροντο,
2790 5312 3038 5384 δαίμονες
3083 5313 3405 5384 ἠλαύνοντο,
3438 5315 3682 5371 θάλαττα

2107 5411 2436 5483 ἐχαλινοῦτο,
2466 5412 2837 5483 ἁμαρτήματα
2858 5410 3064 5475 ἐλύετο,
3088 5411 3445 5483 παραλυτικοὶ
3482 5414 3677 5484 ἐσφίγ-

2107 5526 2285 5579 γοντο,
2312 5509 2637 5582 παράδεισος
2665 5508 2932 5577 ὴνοίγετο,
2964 5508 3160 5578 πέτραι
3190 5510 3547 5581 ἐρρήγνυντο,
3571 5526 3679 5567 κα-

2108 5792 2374 5918 Βᾶδανὶί.
2392 5792 2505 5847 οῦδέ
2521 5791 2661 5851 ἡνίκα
2679 5793 2815 5855 ζῶσι,
2840 5792 2940 5856 μετ’
2964 5792 3069 5843 αὐτ.
3093 5792 3212 5847 Cum
3236 5791 3407 5845 Ion“.
3431 5791 3679 5856 ωηιμηι
