4080 6340
469 383 578 442 2ῗὸ

468 502 795 574 ταπέτασμα
828 502 1092 573 ἐσχίζετο,
1119 504 1335 569 ἀκτῖνες
1370 504 1525 576 ήλίου
1564 506 1969 576 ἀπεστρέφοντο
1991 517 2042 570 ⁸,

473 588 570 643 καὶ
595 586 785 649 σκότος
807 586 903 656 τήν
924 586 1246 658 οἰκουμένην
1270 589 1667 659 κατελάμϐανε,
1692 591 1917 660 σώματα
1939 588 2047 642 τῶν

472 673 887 745 κεκοιμημένων
908 675 1079 744 ἀγίων
1092 676 1366 747 ¹ἠγείρετο,
1385 676 1587 747 λῃστὴς
1605 679 1683 739 εἰς
1700 679 1799 735 τὴν
1818 677 2048 748 ἀρχαίαν

471 761 698 832 ἐπανῄει
713 762 965 833 πατρίδα,
984 763 1212 835 οὐρανοῦ
1234 763 1418 833 ἀψῖδες
1434 762 1585 836 [258]
1603 764 2043 827 ἀνεπετάννυντο,

473 851 507 919 ή
530 848 690 916 φύσις
710 850 743 918 ή
769 851 1276 921 καταπεπατημένη
1301 851 1440 922 ὐπέρ
1467 851 1557 905 τὸν
1584 851 1810 923 οὐρανὸν
1838 851 1931 904 τοῦ
1958 852 2051 905 οὐ-

477 924 809 1006 ρανοῦπρὸς
840 939 909 992 τά
946 937 1217 1010 ὑψώματα
1249 940 1502 1009 ἀνήγετο,
1534 939 1629 992 καὶ
1670 938 1731 992 τὸ
1763 938 1828 1009 δὴ
1857 938 2046 992 τούτου

476 1021 678 1092 μεῖζον,
700 1026 794 1077 ἐπὶ
819 1025 1010 1095 θρόνου
1041 1024 1326 1091 ἐκαθέζετο
1350 1024 1651 1096 βασιλικοῦ,
1680 1026 2048 1098 παρεστώτων

472 1110 720 1180 ἀγγέλων
752 1113 890 1184 αὐτῇ
927 1114 1023 1166 καὶ
1050 1114 1160 1167 τῶν
1187 1114 1464 1184 δυνάμεων
1481 1130 1495 1145 ⁸
1520 1114 1687 1168 κακία
1708 1116 1856 1168 πᾶσα
1881 1114 2049 1182 ἠλαύ-

471 1216 614 1261 νετο,
663 1201 832 1273 ἀρετὴ
875 1202 1206 1273 ἐπανήγετο,
1254 1203 1569 1274 Πνεύματος
1613 1204 1773 1274 χάρις
1823 1203 2042 1268 ἐδίδοτο,

471 1287 663 1351 ἀλιεῖς.
696 1289 787 1342 καὶ
817 1288 1064 1354 τελῶναι,
1090 1291 1182 1343 καὶ⁸
1214 1292 1529 1362 σκηνοποιοὶ
1554 1290 1856 1361 φιλοσόφων
1878 1292 2050 1365 ἀπέρ-

474 1379 680 1448 ραπτον
720 1376 985 1447 στόματα,
1019 1378 1264 1451 ρητόρων
1285 1378 1627 1452 ἀπέστρεφον
1649 1379 1915 1449 γλῶτταν,
1940 1380 2051 1434 δαι-

476 1462 651 1530 μόνων
700 1464 958 1519 κατέλυον
985 1465 1275 1535 τυραννίδα
1302 1482 1318 1497 ο
1373 1465 1583 1537 βωμοὶ,
1635 1468 1729 1521 καὶ
1762 1466 1910 1533 ναοὶ,
1952 1466 2047 1521 καὶ

471 1549 672 1619 ἑορταὶ.
710 1552 801 1604 καί
831 1552 1170 1624 πανηγύρεις
1213 1550 1520 1622 Ἑλληνικαὶ
1548 1552 1816 1609 διελύοντο
1837 1570 1851 1583 ·
1888 1557 2047 1608 κνῖσα

470 1635 565 1690 καὶ
588 1638 807 1702 καπνὸς,
836 1640 929 1692 καὶ
957 1640 1023 1694 τά
1046 1641 1213 1712 ἐναγῆ
1241 1640 1459 1711 θύματα
1483 1641 1661 1695 πάντα
1682 1642 1822 1696 κατά
1848 1644 2045 1713 κράτος

469 1724 752 1791 ἠλαύνετο.
779 1725 1000 1795 μάντεις
1036 1728 1131 1783 καὶ
1171 1728 1553 1801 μητραγύρται
1574 1770 1588 1794 ,
1634 1730 1728 1784 καὶ
1757 1731 2043 1785 οἰωνοσκό-

470 1827 582 1875 ποι,
616 1813 709 1865 καὶ
749 1812 893 1867 ἀπαν
924 1812 1019 1868 τοῦ
1044 1814 1290 1869 διαϐόλου
1316 1816 1378 1869 τὸ
1415 1818 1775 1889 ἐργαστήριον
1811 1817 2038 1889 ἐδραπέο

466 1914 644 1962 τευον,
684 1900 1000 1972 Ἐκκλησίαι
1044 1903 1323 1974 πανταχοῦ
1366 1904 1465 1973 τῆς
1511 1904 1838 1976 οἰκουμένης
1882 1905 2043 1960 ἐϐλά-

470 2003 696 2055 στανον,
753 1991 1036 2061 παρθένων
1088 1994 1238 2064 χοροὶ
1294 1992 1609 2047 συνίσταντο
1632 2032 1647 2055 ,
1703 1992 2042 2063 μοναζόντων

467 2075 741 2146 τάγματα,
786 2078 923 2148 μετά
950 2081 1059 2133 τῶν
1091 2080 1299 2133 πόλεων
1329 2079 1425 2134 καὶ
1457 2081 1491 2152 ή
1526 2080 1731 2152 ἔρημος
1760 2081 2041 2147 εὐσεϐείας

468 2161 606 2233 ἐπλη
615 2163 789 2235 ροῦτο.
822 2165 910 2219 καὶ
933 2167 1083 2238 χοροὶ
1103 2167 1326 2222 δικαίων
1351 2170 1445 2223 καὶ
1465 2168 1637 2236 ἁγίων
1664 2168 1871 2240 ἀνδρῶν
1894 2170 2043 2224 ἰστά-

471 2245 621 2319 μενοι
662 2254 779 2315 ταῖς
804 2253 915 2307 ἄνω
958 2253 1218 2325 δυνάμεσι
1247 2255 1356 2308 τῶν
1403 2255 1653 2326 ἀγγέλων
1676 2255 1941 2327 ἀντήχουν
1982 2259 2041 2312 ἐν

466 2338 533 2408 τῇ
573 2337 832 2411 μελῳδία,
880 2340 973 2394 καὶ
1007 2340 1303 2414 μαρτύρων
1350 2341 1531 2413 δῆμοι,
1574 2344 1669 2397 καὶ
1692 2343 2040 2417 όμολογητῶν

469 2424 647 2497 πλήθη
695 2425 968 2497 πανταχοῦ
1003 2427 1104 2498 τῆς
1144 2428 1463 2500 οἰκουμένης
1518 2430 1826 2500 ἐφυτεύετο,
1872 2433 2039 2506 ἀρετή

464 2511 609 2581 μετὰ
645 2512 845 2584 πολλῆς
893 2515 1241 2588 κατωρθοῦτο
1291 2517 1391 2585 τῆς
1432 2517 1715 2583 εὐκολίας,
1749 2519 2040 2592 βαρϐάρων

462 2597 594 2670 ἔθνη
629 2600 935 2670 φιλοσοφεῖν
958 2602 1292 2667 ἐπαιδεύετο,
1323 2604 1419 2657 καὶ
1449 2606 1497 2658 οἰ
1529 2606 1731 2678 θηρίων
1771 2607 2039 2679 ἀγριώτε-

467 2704 552 2758 ροι
603 2689 741 2760 πρὸς
780 2689 879 2761 τὴν
909 2689 1017 2744 τῶν
1061 2690 1308 2760 ἀγγέλων
1360 2692 1631 2747 πολιτείαν
1661 2694 1759 2766 τὴν
1807 2695 2040 2765 ἅμιλλαν

467 2774 866 2841 ἐπεδείκνυντο,
899 2778 995 2831 καὶ
1020 2778 1151 2848 ὅσην
1187 2778 1340 2849 ἥλιος
1368 2782 1542 2852 ἐφορᾷ
1564 2781 1688 2853 γῆν.
1715 2784 1984 2855 τοσαύτην
2009 2784 2040 2837 ό

465 2860 623 2931 λόγος
647 2864 907 2935 ἐπέτρεχε
940 2866 1076 2936 μετά
1100 2866 1189 2922 τὸν
1217 2867 1448 2939 σταυρὸν
1470 2870 1565 2923 καὶ
1589 2870 1688 2941 τὴν
1720 2870 2036 2929 ἀνάστασιν.

466 2947 647 3021 ’Ἃπερ
675 2950 891 3006 ἅπαντα
921 2953 1116 3007 ἐννοῶν
1145 2955 1175 3007 6
1203 2955 1488 3026 Προφήτης
1516 2954 1668 3025 ἔλεγε
1687 2971 1702 2986 ’
1736 2957 1895 3012 Μετὰ
1920 2957 2039 3013 σοῦ

465 3038 504 3106 ἡ
535 3038 693 3109 ἀρχὴ
721 3039 791 3094 ἐν
812 3039 1001 3112 ἡμέρᾳ
1034 3039 1141 3110 τῆς
1171 3041 1478 3113 δυνάμεώς
1502 3059 1640 3098 σου.

537 3210 616 3275 ς’.
641 3210 777 3264 Εἰδέ
800 3210 978 3281 βούλει
1004 3211 1099 3267 καὶ
1112 3212 1213 3284 τὴν
1232 3211 1529 3284 μέλλουσαν
1547 3213 1758 3287 ἡμέραν
1784 3214 1929 3282 ἰδεῖν,
1944 3216 2037 3271 καί

468 3297 659 3366 μαθεῖν
691 3298 808 3363 πῶς
838 3299 1139 3371 καὶ,ἐκείνη
1163 3299 1343 3373 ήμέρα
1368 3300 1652 3372 δυνάμεως
1680 3304 1844 3357 αὐτοῦ
1868 3306 2034 3368 ἐστιν,

465 3384 717 3454 ἐννόησον
742 3384 927 3455 ήλίκον
963 3385 1110 3440 ἐστὶν
1142 3386 1269 3440 ἰδεῖν
1301 3387 1393 3441 τὸν
1423 3389 1651 3461 οὐρανὸν
1683 3390 2032 3462 συστελλόμε-

463 3488 578 3537 νον,
626 3473 720 3525 καὶ
750 3472 969 3529 ἃπασαν
1006 3473 1103 3544 τὴν
1128 3474 1292 3545 φύσιν
1325 3474 1421 3546 τήν
1455 3478 1901 3549 καταφθαρεῖσαν
1940 3479 2038 3533 ἀνα

465 3560 781 3634 ιτταμένην,
815 3564 910 3617 καὶ
947 3562 1024 3634 τῷ
1051 3562 1279 3633 νεύματι
1310 3567 1747 3638 παρισταμένους
1770 3569 2037 3636 ἅπαντας,

462 3649 708 3703 διάϐολον
734 3651 1244 3722 καταισχυνόμενον,
1264 3652 1523 3724 δαίμονας
1543 3654 1691 3708 κάτω
1711 3654 2033 3722 κύπτοντας,

462 3737 703 3801 δικαίους
755 3739 1255 3810 στεφανουμένους,
1306 3740 1535 3794 ἕκαστον
1572 3741 1800 3806 εὐθύνας
1831 3742 2038 3797 διδόντα

461 3824 571 3878 τῶν
597 3825 1169 3897 πεπλημμελημὲνων,
1197 3827 1266 3881 τά
1297 3827 1527 3900 βραϐεῖα
1561 3828 1904 3900 λαμϐάνοντα
1928 3830 2037 3886 τῶν

462 3913 924 3986 κατορθωμάτων,
966 3916 1157 3988 ἐτέρας
1195 3915 1341 3987 ζωῆς
1372 3920 1703 3972 κατάστασιν
1723 3919 2034 3991 γινομένην.

463 4002 659 4056 Οὐκέτι
687 4002 794 4072 γάρ
820 4002 1076 4070 θάνατος,
1115 4003 1211 4056 καὶ
1238 4004 1419 4069 νόσος,
1463 4004 1559 4058 καὶ
1593 4005 1768 4076 γῆρας
1789 4047 1804 4072 ,
1852 4007 2035 4062 οὐκέτι

463 4088 640 4153 πενία,
667 4090 760 4143 καὶ
781 4092 1058 4161 ἐπήρειαι,
1080 4091 1171 4144 καὶ
1199 4091 1501 4156 ἐπιϐουλαὶ,
1525 4092 1705 4146 οὐκέτι
1739 4093 2032 4165 οἰκήματα,

462 4177 554 4228 καὶ
580 4176 780 4243 πόλεις,
810 4177 905 4232 καὶ
932 4179 1139 4249 τέχναι.
1163 4178 1256 4232 καὶ
1279 4178 1565 4245 ναυτιλίαι,
1593 4179 1773 4233 οὐκέτι
1806 4180 2035 4251 ἱματίων

464 4280 529 4316 πε
539 4264 745 4336 ριϐολη,
774 4267 865 4319 καὶ
894 4268 1038 4330 σῖτα,
1065 4266 1159 4319 καὶ
1182 4265 1341 4330 ποτά,
1368 4267 1460 4319 καὶ
1478 4266 1687 4337 ὄροφοι,
1713 4269 1807 4321 καὶ
1834 4268 2030 4335 κλῖναι,

462 4353 557 4405 καὶ
587 4352 893 4422 τράπεζαι,
923 4352 1018 4406 καὶ
1070 4352 1317 4423 λυχνίαι,
1363 4353 1547 4406 οὐκέτι
1592 4354 1905 4420 ἐπιϐουλαὶ,
1940 4357 2035 4410 καὶ

465 4440 664 4509 μάχαι,
696 4441 794 4494 καὶ
843 4442 1201 4512 δικαστήρια,
1235 4442 1418 4496 οὐκέτι
1444 4442 1649 4513 γάμοι,
1682 4444 1775 4496 καί
1825 4443 2031 4509 ὠδῖνες,

461 4528 558 4581 καὶ
575 4528 725 4582 τόκοι
745 4547 760 4561 ·
788 4529 924 4583 ἀλλά
948 4529 1121 4584 ταῦτα
1145 4530 1321 4585 πάντα
1348 4531 1537 4603 ῶσπερ
1566 4532 1710 4595 κόνις,
1744 4532 2037 4586 ἀποσοϐουα

465 4616 599 4687 μένη
633 4616 985 4683 καταλύεται,
1014 4618 1112 4671 καὶ
1140 4618 1301 4690 ἐτέρα
1322 4636 1405 4682 τις
1429 4620 1667 4689 ἀμείνων
1693 4618 1837 4688 ζωῆς
1860 4619 2032 4674 κατά-

463 4719 651 4766 στασις
697 4703 938 4771 δίδοται,
992 4703 1342 4774 ἀφθαρσίας,
1389 4702 1707 4769 ἀθανασίας.
1752 4704 2033 4776 δυνάμεως

461 4789 663 4860 πολλῆς
690 4790 768 4861 τῷ
794 4790 1004 4862 σώματι
1032 4790 1414 4862 χαριζομένης.
1443 4791 1618 4862 ’Δπερ
1647 4793 1741 4846 καὶ
1764 4793 1793 4844 6
1820 4792 2031 4857 Παῦλος

459 4877 657 4948 δηλῶν,
688 4878 841 4947 ἔλεγε
862 4895 876 4909 ·
911 4879 1167 4949 Παράγει
1195 4878 1304 4951 γάρ
1334 4878 1402 4932 τὸ
1431 4877 1642 4948 σχῆμα
1669 4879 1774 4933 τοῦ
1800 4881 2030 4950 κόσμου

460 4965 695 5019 τούτου.
739 4966 802 5019 Εἰ
841 4964 898 5019 δέ
926 4966 1173 5030 ἀπιστεῖς
1196 4969 1308 5030 τοῖς
1342 4965 1652 5038 εἰρημένοις
1675 5006 1690 5030 9
1737 4966 1922 5037 ἐπειδὴ
1955 4967 2030 5039 μὴ

458 5052 592 5122 ὁρᾷς
629 5052 767 5106 αὐτά
800 5052 1062 5125 παρόντα,
1099 5053 1208 5107 ἀπὸ
1236 5053 1344 5107 τῶν
1373 5053 1656 5123 παρόντων
1689 5053 1770 5116 εἰς
1805 5052 1875 5106 τά
1902 5054 2031 5125 περὶ

460 5139 568 5194 τῶν
601 5139 901 5211 μελλόντων
938 5139 1181 5210 λάμϐανε
1218 5141 1318 5212 τὴν
1351 5139 1640 5204 ἀπόδειξιν.
1683 5139 1917 5193 Ἔπελθε
1952 5141 2030 5213 τῷ

454 5227 603 5299 λόγῳ
634 5228 732 5301 τὴν
778 5229 1099 5300 οἰκουμένην
1125 5230 1364 5294 ἃπασαν,
1407 5230 1509 5299 τήν
1548 5232 1670 5299 γῆν,
1701 5230 1799 5298 τὴν
1824 5228 2023 5285 θάλασ-

462 5327 592 5378 σαν,
632 5317 728 5388 τὴν
767 5317 1022 5384 Ἐλλάδα,
1064 5317 1163 5390 τὴν
1201 5317 1497 5390 βάρϐαρον,
1540 5316 1639 5387 τὴν
1680 5318 2027 5388 οἰκουμένην,

461 5404 557 5474 τὴν
585 5406 857 5476 ἀοίκητον,
897 5406 996 5470 τὰς
1035 5406 1094 5460 ἐν
1122 5410 1188 5479 τῇ
1220 5410 1291 5479 γῇ
1319 5407 1521 5472 πόλεις,
1551 5407 1651 5470 τὰς
1684 5407 1743 5459 ἐν
1775 5408 1839 5476 τῇ
1875 5403 2027 5480 [259]

460 5492 704 5565 θαλάσσῃ
744 5494 960 5564 νήσους,
998 5494 1068 5548 τά
1099 5495 1222 5568 ὅρη,
1274 5496 1368 5549 καὶ
1401 5497 1501 5559 τάς
1541 5493 1738 5557 νάπας.
1768 5494 1862 5547 καὶ
1907 5494 2030 5550 ἰδὼν

460 5579 733 5650 πανταχοῦ
767 5581 865 5651 τὴν
907 5580 1139 5652 δύναμιν
1182 5582 1277 5639 τοῦ
1322 5581 1558 5655 Χριστοῦ
1593 5577 2024 5652 διαλάμπουσαν,

467 5768 477 5802 έ
521 5771 551 5800 ⁸
570 5770 693 5836 Reg.
719 5775 854 5834 ἡλίου
870 5774 1190 5833 ἐσκοτίζοντο.

1124 387 1183 443 S.
1221 387 1504 445 JOANNIS
1540 381 2030 446 CHRYSOSTOMI
2065 388 2391 449 ARCHIEP.
2430 392 2975 450 CONSTANTINOP.

3611 388 3719 451 οτι

2154 507 2245 560 καὶ
2272 507 2481 571 πάντας
2508 508 2570 561 τδ
2595 507 2770 579 τίμιον
2802 508 2973 578 ὄνομα
3018 504 3503 576 ἀνακηρύττοντας.
3529 503 3710 561 ἀναλο-

2148 596 2302 664 γίζου
2325 596 2461 668 πρὸς
2491 596 2700 661 ἑαυτὸν,
2734 599 2815 650 ὅτι
2843 600 2870 651 6
2897 594 3134 650 τοσαῦτα
3153 594 3417 667 δυνηθεὶς,
3442 588 3593 660 οὗτος
3623 596 3718 651 καὶ

2152 686 2219 740 τὰ
2257 686 2518 756 μέλλοντα
2546 685 2926 757 ἐπηγγείλατο.

2221 864 2285 918 Εἰ
2316 862 2372 917 δὲ
2404 864 2493 917 καὶ
2520 862 2627 917 ἀπὸ
2652 861 2849 935 μέρους
2872 860 3078 925 ἐθέλοις
3102 859 3399 930 λαμϐάνειν
3424 859 3713 926 ἀπόδειξιν,

2150 950 2401 1023 ἐννόησον
2430 950 2575 1014 τίνος
2616 951 2800 1004 ἐνεκεν
2820 951 2854 1020 ἡ
2886 948 3179 1017 οἰκουμένη
3219 948 3497 1018 συντρέχει
3533 948 3716 1003 ἅπασα

2149 1038 2318 1107 τάφον
2346 1038 2471 1091 ἰδεῖν
2496 1037 2652 1107 σῶμα
2666 1038 2767 1089 οὐκ
2787 1037 2978 1105 ἔχοντα
2997 1051 3008 1064 ·
3035 1036 3163 1088 ποία
3182 1033 3410 1106 δύναμις
3431 1035 3577 1089 ἐλκει
3592 1036 3717 1100 τοὺς

2149 1124 2257 1179 ἀπὸ
2275 1124 2388 1178 τῶν
2410 1125 2661 1195 περάτων
2675 1123 2772 1192 τῆς
2795 1123 2919 1192 γῆς,
2939 1120 3077 1175 ὥστε
3105 1122 3232 1175 ἰδεῖν
3259 1121 3361 1175 ποῦ
3382 1122 3479 1193 μὲν
3499 1122 3714 1193 ἐτέχθη,

2151 1212 2254 1267 ποῦ
2276 1213 2334 1266 δέ
2358 1212 2556 1283 ἐτάφη,
2578 1210 2679 1265 ποῦ
2703 1211 2758 1264 δὲ
2783 1212 2948 1264 ἐσταυ
2958 1210 3102 1282 ρὼθη
3124 1226 3136 1239 ’
3161 1210 3411 1281 ἐννόησον
3437 1211 3596 1265 αὐτὸν
3623 1211 3716 1267 τδν

2153 1301 2406 1371 σταυρδν,
2436 1300 2567 1370 ὅσης
2594 1298 2875 1367 δυνάμεώς
2907 1300 3024 1352 ἐστι
3055 1302 3299 1370 σημεῖον.
3330 1299 3390 1352 Ὀ
3418 1299 3525 1370 γὰρ
3554 1317 3717 1353 σταυ-

2155 1388 2247 1460 ρὸς
2273 1381 2427 1451 οὗτος
2460 1387 2567 1458 πρὸ
2594 1386 2782 1440 τούτου
2818 1387 3043 1451 θάνατος
3072 1381 3140 1457 ἦν
3166 1386 3452 1458 ἐπάρατος,
3486 1387 3714 1451 θάνατος

2148 1474 2534 1538 ἐπονείδιστος,
2568 1472 2793 1537 θάνατος
2825 1475 2854 1527 6
2875 1473 3091 1527 πάντων
3111 1474 3407 1543 αἴσχιστος.
3440 1473 3575 1526 Ἀλλ’
3601 1473 3711 1528 ἰδοὺ

2147 1561 2242 1616 νῦν
2274 1561 2372 1632 τῆς
2400 1561 2545 1631 ζωῆς
2567 1561 2737 1632 αὐτῆς
2759 1559 3080 1631 τιμιώτερος
3106 1560 3321 1628 γέγονε,
3344 1561 3439 1614 καὶ
3454 1560 3714 1631 διαδημά-

2146 1666 2256 1703 των
2305 1647 2682 1719 λαμπρότερος
2701 1688 2717 1715 ,
2753 1647 2848 1701 καί
2892 1647 3095 1710 πάντες
3133 1647 3225 1699 ἐπὶ
3265 1646 3517 1714 μετώπου
3548 1647 3714 1702 αὐτὸν

2146 1736 2536 1808 περιφέρομεν,
2580 1735 2641 1788 οὐ
2676 1734 2835 1806 μόνον
2862 1734 2963 1788 οὐκ
3011 1733 3422 1804 αἰσχυνόμενοι,
3455 1734 3590 1789 ἀλλά
3617 1737 3714 1790 καὶ

2149 1823 2680 1894 ἐγκαλλωπιζόμενοι
2701 1820 2895 1892 τούτῳ.
2918 1820 2992 1874 Οὐ
3017 1820 3115 1891 μὲν
3141 1819 3345 1874 ἰδιῶται
3377 1821 3555 1890 μόνον,
3579 1820 3714 1877 ἀλλὰ

2146 1911 2243 1964 καὶ
2271 1910 2427 1963 αὐτοὶ
2447 1912 2495 1963 οἰ
2523 1908 2592 1962 τὰ
2618 1908 2924 1979 διαδήματα
2950 1906 3324 1979 περικείμενοι
3343 1907 3436 1960 ἐπὶ
3464 1907 3559 1961 τοῦ
3588 1924 3714 1979 μετ-

2145 1996 2298 2051 ώπου
2352 1997 2492 2068 ὐπέρ
2547 1996 2618 2051 τά
2669 1995 2976 2067 διαδήματα
3008 1993 3169 2047 αὐτὸν
3216 1992 3573 2064 βαστάζουσι,
3616 1995 3712 2047 καὶ

2148 2084 2294 2156 μάλα
2327 2083 2552 2147 εἰκότως
2572 2097 2591 2112 ⁸
2625 2082 2833 2154 μυρίων
2857 2080 2966 2153 γάρ
2991 2079 3336 2152 διαδημάτων
3357 2080 3612 2150 ἀμείνων.
3637 2081 3713 2134 Τὸ

2147 2171 2248 2241 μὲν
2273 2172 2380 2243 γάρ
2415 2171 2654 2241 διάδημα
2686 2168 3017 2234 καλλωπίζει
3055 2167 3316 2239 κεφαλὴν,
3344 2169 3374 2222 6
3396 2167 3453 2220 δέ
3482 2166 3713 2239 σταυρὸς

2143 2258 2500 2328 ἀσφαλίζεται
2539 2258 2797 2313 διάνοιαν.
2844 2256 3016 2311 Τοῦτο
3047 2255 3316 2326 δαιμόνων
3355 2255 3708 2327 ἀμυντήριον,

2139 2347 2295 2402 τοῦτο
2335 2347 2397 2402 τὸ
2440 2347 2676 2418 διάδημα
2731 2344 3054 2416 νοσημάτων
3101 2343 3279 2414 ψυχῆς
3330 2343 3708 2414 άναιρετικόνδ

2138 2435 2295 2488 τοῦτο
2323 2435 2485 2489 ὅπλον
2512 2434 2828 2505 ἀχείρωτον,
2869 2431 3026 2486 τοῦτο
3064 2434 3238 2501 τεῖχος
3273 2430 3482 2501 ἄμαχον
3502 2447 3518 2462 ο
3552 2429 3713 2485 τοῦτο

2138 2523 2407 2594 ἀσφάλεια
2434 2521 2873 2590 ἀκαταγώνιστος
2893 2535 2909 2550 ο
2950 2519 3011 2573 οὐ
3048 2516 3337 2589 βαρϐάρων
3377 2517 3613 2587 ἐφόδους,
3645 2519 3712 2571 οὐ

2139 2610 2411 2680 πολεμίων
2472 2610 2631 2680 μόνον
2669 2606 3040 2680 καταδρομάς,
3084 2605 3220 2660 ἀλλά
3250 2604 3348 2659 καὶ
3385 2604 3560 2659 αὐτῶν
3599 2605 3713 2662 τῶν

2133 2694 2343 2765 ἀγρίων
2385 2692 2655 2765 δαιμόνων
2696 2691 2910 2744 διαλύον
2947 2691 3045 2753 τάς
3089 2690 3392 2760 φάλαγγας.
3444 2690 3542 2744 Ἐν
3581 2691 3711 2758 ταῖς

2131 2786 2514 2856 λαμπρότησι
2535 2781 2654 2837 τῶν
2676 2783 2879 2853 ἁγίων.
2901 2783 3143 2853 Ἕτερος.
3180 2782 3276 2835 Ἑν
3298 2783 3470 2852 ἁγίου
3496 2785 3711 2851 εὐπρε-

2136 2875 2290 2940 πείᾳ.
2316 2872 2526 2935 Ἀλλος.
2562 2871 2662 2926 Ἐν
2682 2869 2831 2937 δόξῃ
2860 2867 3061 2938 ἁγίων.
3084 2865 3205 2919 Ἔτι
3226 2866 3354 2935 περί
3372 2865 3470 2934 τῆς
3496 2863 3709 2936 ἡμέρας

2134 2960 2441 3028 διαλέγεται
2467 2958 2565 3028 τῆς
2590 2973 2648 3010 τε
2684 2954 2964 3025 παρούσης
2987 2953 3084 3024 τῆς
3112 2969 3171 3005 τε
3201 2950 3517 3021 μελλούσης.
3548 2952 3706 3021 Λαμ-

2138 3047 2380 3118 πρότητα
2415 3045 2472 3098 δέ
2512 3042 2748 3097 ἐνταῦθα
2785 3041 2846 3095 τὸ
2883 3040 3076 3101 κάλλος
3117 3040 3252 3108 φησί
3289 3038 3395 3090 τῶν
3421 3038 3608 3103 ἁγίων.
3640 3038 3708 3092 Τί

2139 3134 2237 3205 μὲν
2259 3130 2633 3204 λαμπρότερον
2661 3127 2872 3184 Παύλου
2895 3144 2910 3194 ;
2957 3127 3012 3180 τί
3037 3127 3094 3181 δὲ
3124 3126 3581 3197 περιφανέστερον
3604 3125 3709 3178 Πέ-

2135 3237 2303 3290 τρου;
2334 3219 2382 3274 οἳ
2407 3220 2507 3290 τὴν
2532 3217 2857 3287 οἰκουμένην
2883 3213 3254 3286 περιέτρεχον,
3281 3213 3420 3285 ὑπὲρ
3439 3214 3529 3265 τὸν
3553 3210 3707 3282 ἣλιον

2136 3307 2464 3378 λάμποντες,
2493 3305 2563 3359 τά
2598 3306 2888 3376 σπέρματα
2906 3302 3008 3372 τῆς
3038 3300 3319 3363 εὐσεϐείας
3352 3299 3709 3354 καταϐάλλον-

2135 3412 2262 3459 τεςς
2304 3394 2390 3458 Ὧς
2413 3391 2524 3465 γὰρ
2554 3393 2612 3459 ἐξ
2642 3389 2882 3463 οὐρανῶν
2902 3387 3122 3458 ἄγγελοι
3148 3385 3500 3449 καταϐάντες,
3532 3384 3706 3448 οὕτως

2132 3478 2270 3554 ἦσαν
2305 3483 2469 3536 πᾶσιν
2501 3479 2782 3551 ἀπρόσιτοι
2805 3477 2854 3532 ι).
2885 3474 3055 3531 Τοῦτο
3090 3473 3300 3537 δεικνὺς
3338 3474 3366 3526 6
3407 3472 3469 3527 τὸ
3503 3471 3705 3544 βιϐλίον

2133 3570 2242 3623 τῶν
2284 3567 2539 3639 Πράξεων
2585 3564 2830 3629 συνθεὶς,
2860 3563 3065 3631 ἔλεγεν,
3100 3562 3181 3615 ὅτι
3233 3559 3442 3627 Οὐδείς
3481 3560 3715 3627 ἐτόλμα

2136 3654 2473 3711 κολλᾶσθαι
2499 3652 2722 3718 αὐτοῖς.
2750 3650 2854 3704 Καὶ
2869 3650 2979 3722 γάρ
2999 3648 3068 3702 τὰ
3089 3647 3280 3718 ἱμάτια
3299 3647 3475 3699 αὐτῶν
3504 3644 3704 3715 πολλῆς

2134 3746 2299 3816 ἔγεμε
2344 3745 2582 3816 χάριτος.
2620 3743 2714 3796 καὶ
2763 3741 2821 3795 αἰ
2870 3741 3019 3794 σκιαί
3054 3738 3163 3791 τῶν
3202 3738 3469 3807 σωμάτων
3506 3734 3705 3806 πολλὴν

2135 3834 2506 3888 ἐπεδείκνυντο
2537 3831 2784 3900 δύναμιν.
2809 3829 2870 3881 Εἰ
2902 3827 2959 3882 δὲ
2987 3824 3219 3880 ἐνταῦθα
3237 3821 3485 3886 τοιοῦτοι,
3514 3823 3711 3893 ἐννόηο

2136 3923 2229 3976 σόν
2276 3938 2365 3993 μοι
2411 3919 2552 3974 κατὰ
2589 3918 2687 3989 τήν
2741 3915 2958 3988 ἡμέραν
2996 3912 3243 3984 ἐκείνην,
3286 3911 3416 3965 ὅταν
3451 3910 3705 3980 ἄφθαρτα

2136 4009 2363 4080 σώματα
2403 4006 2636 4060 λάϐωσιν
2660 4044 2675 4065 .
2704 4005 2834 4058 ὅταν
2872 4001 3146 4064 ἀθάνατα,
3179 3999 3307 4052 ὅταν
3342 3998 3481 4068 ὐπέρ
3521 3998 3706 4050 πᾶσαν

2132 4095 2414 4166 ὁρωμένην
2455 4092 2815 4163 λαμπρότητα
2857 4086 3247 4143 ἀποστίλϐοντα
3266 4124 3282 4150 ,
3310 4085 3457 4148 τίνες
3484 4084 3699 4138 ἔσονται

2131 4178 2275 4238 οῦτοί
2301 4198 2360 4235 τε
2382 4181 2476 4235 καὶ
2498 4181 2547 4234 οἰ
2573 4179 2779 4242 τούτοις
2807 4177 3042 4238 ἐοικότες
3062 4173 3334 4247 προφῆται
3360 4173 3455 4226 καὶ
3476 4171 3705 4225 ἀπόστοο

2132 4271 2235 4335 λοι,
2269 4271 2363 4323 καὶ
2398 4268 2727 4332 δίκαιοι,καὶ
2751 4265 3046 4335 μάρτυρες,
3081 4260 3173 4313 καὶ
3196 4258 3560 4331 ὀμολογηταὶ,
3599 4259 3707 4311 καὶ

2133 4358 2333 4420 πάντες
2356 4356 2405 4409 οἰ
2442 4352 2583 4407 κατά
2612 4355 2711 4423 τὴν
2741 4350 2967 4423 ἀρίστην
3007 4346 3277 4400 πολιτείαν
3305 4343 3717 4416 διαπρέψαντες.

2131 4447 2189 4500 ἐν
2219 4449 2285 4517 τῇ
2311 4444 2491 4498 πίστει
2522 4444 2587 4514 τῇ
2616 4443 2697 4505 εἰς
2718 4439 2812 4493 τὸν
2839 4440 3092 4511 Χριστόν.
3139 4435 3418 4504 Ἑννόησόν
3448 4450 3537 4504 μοι
3564 4434 3701 4497 τοὺς

2130 4534 2339 4605 δήμους
2376 4532 2647 4593 ἐκείνους,
2677 4527 2775 4591 τὰς
2801 4525 3124 4597 λαμπάδας,
3166 4523 3265 4586 τὰς
3296 4521 3519 4584 ἀκτῖνας
3542 4562 3558 4587 ,
3587 4519 3695 4591 τὴν

2129 4623 2305 4688 δόξαν,
2343 4621 2441 4692 τήν
2484 4620 2841 4690 εὐπρέπειαν,
2882 4616 2981 4686 τὴν
3018 4613 3381 4685 φαιδρότητα,
3424 4610 3521 4681 τὴν
3559 4628 3704 4664 παν-

2131 4713 2346 4783 ἡγυριν.
2378 4710 2474 4773 Τίς
2504 4707 2678 4762 ταῦτα
2710 4705 3050 4776 παραστήσει
3071 4718 3086 4768 ;
3109 4702 3280 4771 Λόγος
3300 4701 3398 4772 μὲν
3420 4698 3626 4763 οὐδείς’
3662 4698 3705 4770 ἡ

2129 4800 2187 4854 δὲ
2229 4802 2392 4869 πεῖρα
2440 4797 2574 4868 μόνη
2633 4793 2820 4864 σαφῶς
2856 4791 3057 4858 διδάξει
3117 4790 3242 4852 τοὺς
3273 4789 3453 4856 ἀξίους
3494 4788 3703 4859 ταύτης

2129 4886 2382 4956 γενέσθαι
2402 4885 2501 4956 τῆς
2528 4882 2779 4954 θεωρίας,
2800 4878 2896 4951 τὴν
2915 4877 3273 4949 λαμπρότητα
3300 4877 3531 4943 ἐκείνην.
3553 4874 3706 4927 Ταυ-

2129 4975 2220 5028 τδν
2247 4972 2354 5045 γάρ
2387 4969 2542 5041 οἶμαι
2572 4967 2908 5040 συμϐαίνειν,
2939 4960 3050 5018 οἷον
3090 4966 3139 5017 εἰ
3169 4963 3353 5017 πολλοί
3388 4963 3525 5032 ῆλιοι
3557 4961 3705 5033 ὑπὲρ

2128 5062 2220 5117 τόν
2249 5059 2473 5133 οὐρανὸν
2505 5057 2772 5127 ἔλαμψαν,
2805 5056 2839 5127 ἢ
2870 5055 2919 5107 εἰ
2952 5055 3194 5122 συνεχεῖς
3218 5049 3524 5122 ἀστραπαί·
3555 5049 3701 5120 μᾶλ-

2129 5149 2220 5203 λον
2239 5148 2297 5201 δέ
2317 5149 2452 5217 ὅπερ
2477 5144 2543 5199 ἂν
2572 5143 2733 5208 εἴπω,
2762 5140 3076 5211 φιλονεικῶν
3102 5140 3449 5211 παραστῆσαι
3476 5137 3536 5190 τὸ
3566 5136 3702 5191 κάλ·-

2129 5237 2217 5302 λος
2250 5235 2402 5310 [260]
2432 5235 2627 5299 ἐκεῖνο,
2649 5232 2712 5285 οὐ
2739 5230 3037 5300 δυνήσομαι
3066 5227 3186 5281 κατ’
3212 5226 3370 5294 ἀξίαν
3396 5228 3589 5281 εἰπεῖν.
3615 5225 3702 5278 Τὰ

2129 5326 2241 5395 γὰρ
2282 5320 2697 5394 παραδείγματα
2731 5316 2948 5372 ἅπαντα
2991 5315 3165 5369 ταῦτα
3208 5313 3495 5386 σωματικά
3517 5332 3528 5345 ·
3562 5313 3599 5382 ἡ
3640 5312 3727 5368 δέ,

2128 5410 2465 5482 λαμπρότης,
2497 5405 2591 5461 καί⁷
2615 5408 2649 5477 ή
2683 5404 2840 5470 δόξα,
2878 5406 2912 5476 ή
2950 5403 3071 5457 τότε
3101 5401 3366 5474 μέλλουσα
3395 5399 3699 5470 ἐκλάμπειν

2129 5500 2265 5564 ἐκεῖ,
2298 5496 2438 5566 ὐπέρ
2468 5495 2611 5549 ἆπαν
2642 5490 2880 5547 τοιοῦτον
2913 5489 3113 5554 κάλλος.
3136 5488 3449 5560 διαλάμψει.
3481 5487 3557 5540 Οὐ
3578 5486 3700 5556 γὰρ

2130 5585 2378 5656 ἄφθαρτα
2406 5582 2555 5636 ἐσται
2579 5580 2648 5635 τά
2676 5580 2903 5651 σώματα
2935 5579 3119 5651 μόνον,
3140 5578 3260 5635 οὐδέ
3278 5577 3538 5642 ἀθάνατα,
3558 5573 3701 5629 ἀλλὰ

2177 5759 2220 5820 ’ὃ
2246 5778 2368 5841 Reg.
2380 5775 2503 5838 ἦσαν
2520 5773 2669 5825 ἅπασι
2691 5770 3016 5851 περιμάχητοι.
