4108 6344
423 382 533 435 275

428 489 794 548 refrenabatur
819 535 834 558 ,
864 502 1077 563 peccata
1110 492 1469 557 solvebantur,
1496 491 1769 563 paralytici
1795 491 2018 546 robora-

425 584 641 648 bantur,
687 586 963 654 paradisus
1004 587 1340 655 aperiebatur
1363 628 1378 652 ,
1412 596 1575 655 petra:
1614 585 2015 655 rumpebantur,

428 679 607 732 velum
634 677 1054 745 discindebatur,
1081 679 1209 732 radii
1242 680 1369 733 solis
1393 680 1766 733 averteliantnr
1795 678 1835 741 ί,
1855 688 1905 732 el
1937 686 2016 731 tc-

426 772 607 825 nebra:
634 773 935 827 universum
981 772 1164 827 orbem
1206 783 1361 827 terra:
1398 773 1757 842 occupabant,
1788 787 2013 841 corpora

426 872 755 930 sanctorum,
777 865 864 934 qui
886 864 1232 925 dormierant.
1260 865 1657 931 excitabantur,
1686 865 1822 918 latro
1852 867 1902 917 in
1928 880 2015 917 vc-

428 965 594 1010 terem
622 958 847 1025 patriam
874 956 1265 1021 revertebatur,
1297 957 1409 1010 οπειὶ
1442 955 1669 1011 fornices
1696 955 2013 1025 aperieban-

426 1054 546 1111 tur,
575 1064 695 1117 qute
724 1049 1033 1104 conculcata
1061 1049 1230 1104 fuerat
1270 1058 1460 1104 natura
1493 1064 1650 1118 supra
1679 1049 1867 1103 caelum
1897 1048 2010 1102 czcli

427 1140 840 1207 sustollebatur,
870 1150 925 1196 et
947 1142 1086 1212 quod
1114 1150 1197 1195 est
1222 1142 1302 1195 his
1332 1142 1521 1211 majus,
1554 1144 1603 1196 in
1634 1143 1826 1196 throno
1857 1142 2010 1195 sede-

424 1233 513 1287 bat
534 1234 683 1302 regio
705 1235 1074 1289 assistentibus
1094 1236 1141 1290 ei
1167 1235 1368 1306 angelis
1395 1246 1449 1290 et
1475 1236 1592 1289 aliis
1621 1235 2007 1304 potestatibus;

422 1338 581 1378 omne
607 1325 792 1378 vitium
823 1324 1135 1395 fugabarur,
1168 1327 1335 1381 virtus
1362 1326 1750 1394 reducebatur,
1781 1327 2009 1398 Spiritus

421 1417 589 1486 gratia
614 1416 860 1485 dabatur,
907 1418 1217 1488 piscatores,
1242 1420 1537 1490 publicani,
1565 1429 1621 1475 et
1663 1420 1880 1489 Opifices
1929 1430 2009 1474 ta-

424 1508 833 1564 bernaculorum
860 1526 951 1564 ora
981 1511 1311 1580 philosophis
1339 1511 1707 1578 obstruebant,
1734 1522 2005 1567 oratorum

420 1598 652 1669 linguam
684 1599 1047 1667 confutabant,
1080 1602 1381 1657 daemonum
1417 1602 1726 1657 evertebant
1768 1605 2005 1674 tyranni-

422 1689 576 1755 dem;
605 1693 877 1761 gentilium
902 1693 1109 1759 altaria,
1139 1695 1351 1764 templa,
1386 1693 1537 1760 festa,
1571 1703 1626 1749 ct
1654 1695 1847 1765 publici
1877 1711 2006 1751 con-

420 1792 610 1836 ventus
664 1783 1067 1848 abolebantur;
1126 1785 1317 1850 nidor,
1365 1796 1417 1839 et
1465 1784 1678 1850 fumus,
1736 1796 1791 1841 et
1843 1788 2003 1858 impia

419 1874 677 1928 sacrilicia
722 1876 895 1929 omnia
925 1891 1022 1945 per
1056 1875 1163 1929 vim
1200 1878 1574 1947 exigebantur;
1600 1888 1779 1945 vates,
1808 1890 2002 1934 metra-

419 1976 585 2035 gyrtae
617 1966 713 2037 (a),
742 1982 969 2037 augures
998 1975 1053 2021 et
1096 1969 1338 2023 universa
1371 1968 1565 2023 diaboli
1594 1969 1807 2024 officina
1835 1971 2000 2040 fugie-

420 2060 542 2113 bant
570 2101 586 2126 ,
618 2059 871 2115 Ecclesia:
899 2061 1094 2131 ubique
1120 2070 1379 2117 terrarum
1421 2063 1821 2132 germinabant,
1849 2065 1999 2118 chori

415 2150 676 2219 virginum
702 2151 1089 2218 consistebant,
1121 2160 1178 2208 et
1198 2153 1578 2208 monachorum
1604 2154 1816 2210 ordines
1833 2198 1848 2222 ,
1878 2170 1997 2210 cum

410 2241 717 2298 civitatibus
743 2242 1011 2299 desertum
1055 2261 1267 2315 quoque
1314 2232 1631 2315 implebatur
1658 2248 1852 2313 pietate
1870 2288 1885 2313 ,
1912 2247 1999 2317 ju-

412 2343 726 2406 storumque
754 2346 806 2391 et
822 2346 1127 2392 sanctorum
1154 2339 1388 2394 virorum
1414 2349 1616 2395 stantes
1644 2340 1789 2395 chori
1812 2357 1999 2410 super-

411 2426 499 2481 nis
540 2427 849 2496 angelorum
907 2430 1254 2498 potestatibus
1308 2432 1363 2485 in
1414 2430 1686 2487 modulato
1732 2443 1995 2489 concentu

408 2519 838 2589 respondebant,
870 2530 922 2575 et
967 2522 1133 2576 turba:
1162 2534 1452 2594 martyrum
1474 2566 1489 2589 ,
1520 2534 1575 2579 et
1601 2534 1834 2580 catervae
1867 2540 1996 2580 con-

415 2611 672 2665 l'essorum
704 2612 895 2682 ubique
927 2623 1184 2668 terrarum
1217 2615 1605 2683 plantabantur,
1638 2617 1845 2672 virtutis
1881 2628 1995 2673 erat

413 2701 614 2757 faustus
650 2718 771 2758 cum
801 2704 1050 2760 facilitate
1090 2720 1405 2772 successus,
1435 2709 1777 2763 barbarorum
1807 2720 1992 2780 gentes

411 2792 740 2848 docebantur
768 2795 1156 2866 philosophiam
1178 2838 1191 2862 ,
1219 2806 1274 2852 et
1301 2799 1388 2867 qui
1437 2810 1589 2854 erant
1618 2800 1700 2855 vel
1745 2803 1868 2856 feris
1895 2804 1991 2856 im-

403 2885 709 2952 maniores,
740 2888 822 2942 vel
866 2904 986 2942 cum
1019 2889 1146 2959 ipsis
1183 2889 1384 2960 angelis
1435 2890 1676 2946 instituto
1722 2894 1839 2948 vita:
1881 2909 1990 2948 sua:

400 2976 820 3044 contendebant,
847 2989 899 3034 et
926 2990 1180 3051 quantum
1209 2989 1364 3037 terra:
1402 2983 1483 3037 sol
1523 2986 1757 3053 respicit,
1784 2996 1987 3043 tantum

399 3068 625 3122 verbum
653 3072 882 3138 pervasit
911 3081 1030 3141 post
1050 3087 1262 3129 crucem
1284 3083 1339 3128 et
1365 3077 1826 3132 resurrectionem.
1857 3078 1988 3146 Qum

399 3160 581 3214 omnia
627 3160 765 3229 apud
810 3174 869 3215 se
917 3162 1153 3234 cogitans
1199 3165 1491 3236 propheta,
1520 3168 1733 3224 dicebat
1761 3188 1773 3224 :
1805 3169 1988 3225 Tecum

395 3250 724 3320 principatus
738 3251 791 3305 in
812 3253 893 3306 die
919 3256 1153 3323 potentiae
1179 3267 1295 3312 tute.

468 3342 524 3398 ϐ.
563 3343 719 3412 Quod
748 3345 792 3400 si
822 3346 953 3400 velis
985 3347 1218 3403 futurum
1248 3365 1460 3421 quoque
1494 3351 1633 3407 diem
1672 3354 1854 3411 videre
1877 3395 1893 3422 ,
1932 3364 1987 3411 ct

396 3434 532 3491 scire
557 3437 830 3506 quomodo
858 3438 945 3494 ille
973 3441 1133 3495 etiam
1162 3441 1275 3496 dies
1304 3453 1386 3497 est
1421 3443 1537 3513 ejus
1566 3446 1814 3513 potentiae
1840 3488 1855 3513 ,
1887 3462 1951 3501 co

395 3529 499 3596 gita
527 3528 670 3598 apud
702 3538 753 3585 te
777 3573 791 3596 ,
818 3542 1070 3600 quantum
1106 3535 1175 3589 sit
1199 3533 1380 3590 videre
1404 3536 1592 3590 cadum
1619 3537 1858 3593 contrahi
1885 3580 1901 3606 ,
1931 3548 1985 3594 et

395 3619 702 3674 universam
755 3633 992 3677 naturam
1041 3634 1345 3695 corruptam
1391 3642 1706 3699 resurgere,
1755 3639 1809 3684 et
1850 3639 1981 3685 nutu

394 3726 582 3766 omnes
609 3712 801 3768 adesse
824 3754 839 3777 ,
871 3713 1138 3771 diabolum
1180 3717 1385 3787 pudore
1410 3718 1639 3774 sull'undi
1665 3760 1681 3785 ,
1710 3721 1982 3777 daemones

391 3802 624 3858 dentis-so
649 3807 829 3875 capite
856 3820 974 3861 esse
994 3849 1009 3874 ,
1036 3807 1212 3878 justos
1239 3811 1519 3878 coronari,
1552 3827 1981 3884 unumquemque

391 3896 520 3952 dare
546 3898 807 3954 rationem
834 3915 1049 3955 suorum
1077 3902 1391 3958 delictorum
1409 3946 1425 3972 ,
1454 3915 1509 3961 et
1536 3920 1630 3975 pro
1656 3916 1801 3962 recte
1827 3906 1979 3962 factis

390 3991 639 4058 accipere
662 3993 958 4061 praemium,
982 4008 1102 4050 esse
1122 3996 1340 4051 alterius
1361 3998 1482 4053 vita:
1505 4000 1935 4055 constitutionem
1961 4020 1974 4056 :

389 4097 493 4137 non
520 4085 666 4141 enim
695 4086 922 4155 amplius
950 4102 1127 4155 mors,
1163 4091 1377 4145 morbus
1405 4100 1460 4147 et
1482 4094 1709 4157 senium,
1736 4111 1842 4150 non
1865 4112 1978 4149 am-

389 4174 525 4244 plius
548 4187 855 4247 paupertas,
879 4178 1072 4234 damna
1096 4190 1151 4235 et
1174 4181 1409 4250 insidiae,
1439 4198 1543 4238 non
1564 4186 1789 4255 amplius
1808 4187 1980 4240 domi-

386 4267 506 4321 cilia
534 4276 589 4321 et
613 4269 859 4323 civitates
883 4313 895 4333 ,
924 4282 1065 4326 artes
1101 4282 1155 4326 et
1186 4274 1546 4344 navigationes
1565 4317 1581 4342 ,
1613 4292 1718 4329 non
1747 4278 1977 4347 amplius

387 4358 612 4412 vestium
639 4361 889 4427 amictus,
920 4362 1021 4418 cibi
1051 4372 1104 4417 et
1130 4375 1306 4433 potus,
1341 4374 1475 4420 tecta
1507 4376 1561 4421 et
1584 4368 1798 4435 cubilia,
1828 4386 1980 4425 men-

386 4465 461 4503 sa:
485 4460 539 4505 et
564 4451 832 4519 lucernai;
862 4469 965 4508 non
988 4456 1212 4524 amplius
1232 4456 1458 4523 insidias,
1483 4474 1670 4529 pugna:
1690 4469 1743 4514 et
1756 4460 1975 4530 judicia,

387 4555 491 4594 non
536 4542 771 4612 amplius
817 4544 1189 4612 matrimonia,
1238 4546 1559 4618 doloresque
1602 4550 1879 4618 pariendi,
1921 4560 1980 4607 et

386 4642 598 4701 partus;
634 4634 729 4690 sed
760 4634 873 4690 haec
896 4637 1071 4690 omnia
1098 4649 1363 4708 tamquam
1392 4640 1561 4709 pulvis
1588 4641 1824 4710 jactatus
1854 4658 1980 4697 eva-

386 4736 613 4779 nescunt
637 4768 651 4790 ,
681 4736 736 4781 et
771 4728 906 4782 alius
948 4730 1283 4797 praestantior
1328 4731 1450 4785 vita:
1488 4741 1658 4786 status
1696 4733 1934 4788 redditur
1956 4775 1973 4802 ,

384 4830 505 4869 cum
545 4817 875 4873 concedatur
900 4820 1148 4889 corpori,
1181 4830 1239 4875 ut
1270 4822 1339 4877 sit
1363 4822 1430 4877 ab
1460 4824 1671 4878 interitu
1701 4825 1930 4879 alienum
1957 4867 1972 4892 ,

384 4910 708 4977 immortale,
757 4924 812 4967 et
851 4928 1039 4984 magna
1087 4916 1156 4968 sit
1198 4924 1461 4985 potestate
1500 4916 1803 4986 praeditum.
1846 4918 1978 4986 Quae

384 5002 586 5058 Pan-lus
628 5005 970 5075 significans,
1018 5007 1227 5062 dicebat
1268 5026 1282 5063 :
1328 5007 1561 5063 Prwterit
1598 5010 1763 5079 ﬁgura
1800 5012 1977 5064 mundi

381 5095 535 5165 hujus
553 5095 633 5165 (ι.
656 5096 777 5153 Cor.
801 5100 853 5153 7.
877 5101 991 5171 5|).
1021 5101 1173 5166 Quod
1198 5101 1242 5155 si
1267 5116 1373 5156 non
1399 5100 1564 5157 habes
1590 5102 1744 5157 fidem
1770 5104 1831 5157 iis
1857 5120 1975 5174 qua:

381 5189 519 5243 dicta
552 5197 700 5258 sunt,
731 5193 981 5262 quoniam
1010 5209 1069 5248 ea
1101 5210 1206 5248 non
1235 5193 1385 5249 vides
1411 5198 1711 5264 praesentia,
1739 5212 1804 5251 ex
1835 5213 1973 5266 pra:-

382 5281 631 5337 senlibus
655 5298 807 5340 sume
828 5297 1199 5356 argumentum
1225 5286 1293 5342 de
1322 5287 1536 5343 futuris;
1560 5288 1795 5345 Pervadc
1823 5291 1977 5345 ratio-

382 5388 449 5425 ne
475 5376 785 5431 universum
810 5376 1014 5445 orbem,
1045 5386 1263 5446 terram,
1286 5394 1455 5445 mare,
1478 5378 1758 5448 Grarciam,
1787 5382 1975 5437 barba-

382 5481 568 5523 rorum
608 5468 804 5536 sedes,
847 5480 1040 5525 terram
1084 5470 1425 5528 habitabilem
1453 5482 1508 5528 et
1533 5473 1929 5530 inbabitabilem
1953 5515 1972 5543 ,

448 5602 469 5633 ⁸
504 5606 622 5664 Reg.
641 5639 656 5661 ,
680 5602 1077 5657 obscurabuntur.

444 5664 520 5725 (α)
553 5670 854 5737 Metragyrtze
878 5681 890 5716 :
913 5668 956 5737 ji_
976 5675 1115 5718 erant
1150 5668 1236 5732 qui
1274 5682 1361 5737 pro
1392 5683 1569 5733 magna
1600 5680 1755 5723 matre
1788 5672 1974 5737 Cybele

444 5682 520 5725 tu)
553 5682 854 5729 metragyrtte
878 5682 890 5716 :
913 5682 950 5742 tt
976 5682 1115 5718 erant
1150 5682 1371 5780 qm
1392 5683 1569 5733 magna
1600 5682 1755 5723 matre
1788 5682 1974 5737 Cybele

381 5732 564 5799 stipem
600 5732 880 5789 cogebant:
909 5729 1122 5799 ideoque
1156 5746 1184 5779 v
1356 5740 1458 5799 _tur_
1490 5743 1837 5799 metragyrtte:
1866 5750 1977 5788 mec

381 5795 602 5860 natura:
634 5802 830 5860 quoque
867 5791 1259 5856 appellabantur,
1284 5796 1397 5857 quia
1421 5796 1624 5860 singulis
1647 5791 1895 5851 mensibus
1927 5800 1973 5851 id

382 5853 525 5906 ulllcii
550 5857 883 5921 praestabant”
898 5853 910 5855 “
927 5853 944 5856 “
1114 5888 1119 5893 η

1522 377 1913 434 'EXPOSITIO
1951 376 2016 433 IN
2055 376 2375 434 PSALMUM
2411 378 2545 435 CIX.

3606 383 3708 437 275

2130 489 2289 545 urbes
2316 508 2434 562 qua:
2457 504 2579 547 sunt
2609 493 2660 550 in
2688 504 2848 562 terra,
2879 498 3077 554 insulas
3099 516 3217 572 qua:
3244 503 3294 557 in
3324 504 3477 568 mari,
3504 518 3713 561 montes

2127 581 2355 652 denique
2395 594 2450 639 et
2487 587 2650 641 saltus
2681 607 2693 641 :
2726 600 2778 643 ct
2807 605 2926 645 cum
2959 592 3151 646 videris
3181 594 3373 665 ubique
3396 594 3592 651 Christi
3620 615 3712 653 re-

2126 671 2304 729 luccrc
2348 679 2672 744 potentiam,
2719 696 3010 751 omneSque
3058 686 3553 752 prmstantissitnum
3596 688 3711 757 ejus

2125 780 2317 821 nomen
2343 767 2652 836 prtedicarc,
2682 780 2864 839 reputa
2890 774 3028 840 apud
3059 782 3131 839 te,
3162 791 3282 829 eum
3304 776 3395 847 qui
3417 786 3495 832 tot
3520 788 3576 833 et
3597 788 3681 833 tan
3701 808 3713 819 -

2126 867 2173 911 ta
2205 862 2391 926 potuit,
2425 862 2584 916 etiam
2616 862 2788 917 futura
2820 866 3109 935 pollicitmn
3141 884 3279 922 esse.

2194 949 2628 1022 Peregrinationes
2655 955 2721 1007 ad
2749 956 2859 1008 loca
2883 968 3078 1010 sancta.
3100 958 3234 1012 Laus
3260 961 3442 1015 crucis.
3466 992 3537 1001 ——
3556 961 3708 1031 Quod

2119 1043 2161 1095 si
2195 1058 2257 1096 ex
2290 1052 2437 1112 parte
2465 1060 2676 1115 quoque
2708 1048 2837 1100 velis
2861 1060 3231 1117 argumentum
3260 1067 3473 1107 sumere
3493 1095 3506 1117 ,
3535 1054 3706 1122 cogita

2118 1151 2344 1204 quanam
2373 1137 2440 1191 de
2465 1152 2623 1192 causa
2660 1140 2939 1194 universus
2968 1141 3111 1195 orbis
3152 1151 3308 1197 terra:
3344 1146 3614 1199 concurrit
3637 1147 3704 1199 ad

2118 1230 2399 1284 videndum
2440 1234 2737 1299 sepulcrum
2777 1233 2914 1302 quod
2961 1244 3102 1288 caret
3149 1249 3372 1304 corpore
3412 1253 3699 1307 :quzcnam

2117 1331 2353 1391 potestas
2392 1322 2553 1376 trahit
2585 1341 2677 1377 eos
2719 1325 2806 1392 qui
2844 1324 3081 1378 habitant
3123 1327 3173 1379 in
3215 1328 3470 1382 extremis
3509 1329 3701 1383 finibus

2117 1422 2291 1477 terrae,
2324 1425 2379 1468 ttt
2408 1416 2621 1470 videant
2651 1418 2736 1470 ubi
2764 1426 2917 1471 natus
2944 1429 3022 1471 est
3042 1459 3058 1485 ,
3092 1419 3179 1473 ubi
3207 1422 3444 1489 sepultus
3469 1431 3549 1477 est
3567 1464 3581 1488 ,
3613 1423 3701 1477 ubi

2114 1507 2415 1561 crucilixus.
2440 1508 2732 1563 Considera
2758 1521 2968 1580 quanta:
2995 1513 3062 1565 sit
3085 1516 3331 1581 potentia:
3354 1515 3561 1585 signum
3590 1517 3701 1582 ipsa

2112 1611 2262 1651 crux.
2315 1598 2439 1653 Haec
2465 1600 2606 1655 enim
2639 1618 2767 1656 crux
2799 1615 2953 1656 antea
2993 1612 3109 1658 erat
3151 1620 3296 1659 mors
3336 1608 3657 1662 exsecranda
3680 1650 3695 1673 ,

2113 1704 2256 1741 mors
2296 1692 2565 1758 opprobrii
2605 1701 2659 1746 et
2698 1692 2999 1763 ignominia:
3039 1695 3195 1763 plena
3222 1737 3237 1761 ,
3280 1712 3423 1749 mors
3462 1699 3698 1753 omnium

2113 1780 2434 1849 turpissima.
2465 1781 2569 1835 Sed
2595 1798 2720 1837 ecce
2746 1800 2888 1838 nunc
2928 1787 3040 1853 ipsa
3068 1785 3175 1839 vita
3211 1787 3378 1840 evasit
3406 1786 3697 1842 honorabi-

2110 1869 2208 1921 lior
2227 1913 2241 1935 ,
2270 1881 2324 1925 et
2351 1873 2707 1941 splendidior,
2734 1884 2790 1929 et
2819 1890 3004 1929 omnes
3033 1892 3150 1930 eam
3181 1876 3232 1929 in
3261 1876 3434 1932 fronte
3463 1879 3697 1933 circum-

2109 1962 2326 2018 ferimus
2345 2005 2360 2029 ,
2391 1981 2496 2018 non
2526 1966 2700 2020 solum
2732 1983 2835 2021 non
2878 1969 3253 2023 erubescentes
3277 2012 3291 2034 ,
3321 1970 3412 2025 sed
3443 1986 3504 2025 ea
3534 1972 3694 2026 etiam

2105 2053 2410 2120 gloriantes.
2437 2055 2554 2110 Non
2581 2058 2722 2112 enim
2748 2059 2919 2113 solum
2952 2061 3159 2128 privati,
3191 2062 3283 2116 sed
3316 2072 3370 2117 et
3396 2063 3427 2116 ii
3456 2065 3542 2133 qui
3570 2074 3694 2119 sunt

2105 2142 2402 2199 diademate
2432 2146 2662 2201 rcdimiti
2684 2188 2697 2209 ,
2726 2163 2842 2202 eam
2873 2149 3047 2218 potius
3075 2151 3125 2204 in
3156 2149 3328 2206 fronte
3354 2163 3556 2221 gestant
3592 2152 3691 2224 (α),

2104 2250 2262 2304 quam
2310 2236 2587 2302 diadema;
2630 2248 2685 2293 et
2713 2240 2903 2293 tncrito
2946 2241 3157 2310 quidem
3194 2261 3208 2297 :
3241 2251 3323 2297 est
3352 2244 3490 2298 enim
3532 2245 3690 2298 innu-

2104 2330 2265 2384 meris
2294 2330 2679 2386 diadematibus
2714 2332 2919 2387 melior.
2960 2334 3205 2388 Diadcma
3242 2336 3384 2389 enim
3420 2350 3573 2390 ornat
3595 2353 3690 2391 ca-

2104 2430 2190 2489 put
2225 2439 2238 2474 :
2270 2438 2398 2475 crux
2428 2431 2605 2477 autem
2648 2424 2819 2478 munit
2850 2436 3103 2479 mentem.
3154 2425 3229 2480 Ea
3260 2426 3529 2482 dmmones
3555 2428 3688 2483 uici-

2101 2513 2282 2576 scitur,
2312 2530 2372 2567 ca
2399 2514 2641 2570 diadema
2668 2526 2769 2579 est,
2795 2517 2935 2587 quod
2967 2518 3100 2573 tollit
3127 2520 3341 2573 morbos
3366 2522 3592 2587 animm;
3621 2538 3685 2577 ca

2099 2615 2180 2659 cst
2206 2616 2471 2660 armatura
2498 2607 2712 2675 invicta,
2737 2624 2799 2663 ea
2826 2625 3010 2665 murus
3038 2611 3489 2681 inexpugnabilis;
3513 2630 3575 2668 ea
3601 2626 3685 2669 est

2100 2697 2484 2753 munimentum
2514 2699 2867 2770 insuperabile
2896 2719 2909 2755 :
2941 2716 3057 2772 qua:
3089 2717 3191 2757 non
3224 2703 3393 2757 solmn
3423 2704 3682 2759 barbaro-

2098 2804 2213 2842 rum
2239 2790 2560 2858 irruptiones
2586 2805 2636 2847 et
2666 2793 2994 2848 incursiones
3024 2795 3254 2849 hostium
3276 2838 3291 2860 ,
3325 2797 3417 2851 sed
3445 2797 3679 2869 ipsorum

2095 2880 2255 2933 etiam
2284 2879 2590 2935 immanium
2622 2882 2919 2937 dzrmonum
2952 2884 3241 2955 phalanges
3270 2888 3579 2958 perrumpit.
3612 2887 3679 2943 In

2094 2973 2441 3040 splendoribus
2465 2986 2771 3029 sanctorum.
2806 2977 2972 3041 Alius,
3003 2976 3070 3030 In
3097 2977 3273 3032 decore
3299 2981 3481 3033 sancti.
3504 2981 3674 3046 Alius,

2092 3061 2159 3117 In
2189 3065 2353 3135 gloria
2381 3077 2687 3122 sanctorum.
2718 3067 2906 3123 Adhuc
2928 3069 3155 3139 loquitur
3180 3070 3245 3125 de
3271 3069 3357 3125 die
3381 3073 3629 3140 praesenti
3655 3114 3674 3138 ,

2091 3167 2143 3209 ct
2173 3157 2237 3211 de
2265 3157 2460 3211 futuro.
2508 3159 2859 3227 Splendorem
2886 3170 3062 3215 autem
3095 3161 3179 3216 hic
3206 3160 3336 3216 dicit
3363 3171 3668 3217 sanctorum

2091 3247 2559 3319 pulchritudinem.
2608 3250 2743 3317 Quid
2792 3260 2875 3305 est
2917 3251 3059 3306 enim
3100 3250 3266 3307 Paulo
3304 3252 3676 3322 Splendidins?

2090 3340 2215 3410 quid
2244 3340 2401 3395 Petro
2429 3340 2729 3411 insignius?
2753 3343 2840 3412 qui
2873 3343 3174 3397 universum
3199 3343 3380 3399 orbem
3411 3354 3672 3399 terrarum

2087 3443 2457 3505 pervaserunt,
2489 3435 2567 3489 vel
2598 3435 2709 3490 sole
2735 3436 2990 3491 clariores
3013 3478 3030 3501 ,
3060 3437 3272 3507 pictatis
3300 3440 3500 3493 semina
3530 3438 3669 3507 deji-

2088 3526 2331 3580 cicntcs?
2359 3526 2586 3582 Perinde
2612 3528 2753 3582 enim
2778 3542 2841 3583 ac
2869 3529 2911 3582 si
2944 3527 3165 3584 fuissent
3186 3529 3358 3601 angeli
3379 3532 3467 3602 qui
3489 3549 3520 3587 e
3539 3532 3674 3586 cado

2085 3618 2505 3688 dcscendissent,
2532 3622 2597 3675 ita
2623 3633 2774 3676 erant
2791 3624 3036 3678 omnibus
3057 3624 3333 3679 inaccessi.
3360 3626 3469 3680 lloc
3490 3635 3671 3681 osten-

2084 3714 2215 3769 dens
2230 3717 2317 3784 qui
2338 3714 2528 3768 librum
2543 3716 2766 3770 Actuum
2786 3717 3105 3784 Composuit,
3125 3716 3334 3772 dicebat
3353 3736 3367 3773 :
3385 3717 3548 3773 Nemo
3565 3736 3665 3772 au-

2084 3805 2230 3860 debat
2256 3824 2309 3860 se
2332 3808 2637 3877 conjungere
2656 3808 2725 3862 eis
2747 3808 2885 3877 (Act.
2908 3808 2962 3863 5.
2987 3810 3093 3879 l5).
3112 3808 3321 3864 Etenim
3335 3811 3566 3878 ipsorum
3580 3827 3675 3866 vc-

2084 3911 2195 3955 5tes
2209 3908 2359 3954 erant
2377 3900 2547 3970 plena:
2562 3916 2748 3970 magna
2765 3901 2951 3972 gratia,
2966 3910 3019 3955 et
3034 3902 3233 3957 umbra:
3256 3918 3538 3972 corporum
3567 3920 3672 3958 ma-

2082 4008 2237 4062 gnam
2251 3992 2603 4048 ostendebant
2621 3995 2903 4064 potentiam
2921 3993 3287 4065 (1ὺ.υ.15,ειο.
3306 3995 3671 4065 19.12).Quod

2082 4086 2127 4137 si
2155 4084 2240 4139 hic
2263 4084 2395 4139 tales
2421 4094 2591 4148 erant,
2610 4085 2778 4154 cogita
2794 4085 2919 4139 mihi
2938 4102 3003 4139 eo
3018 4087 3123 4150 die,
3142 4086 3354 4155 quando
3370 4087 3437 4142 ab
3456 4089 3665 4142 interitu

2082 4177 2252 4231 aliena
2273 4192 2496 4246 corpora
2518 4178 2847 4246 acceperint,
2867 4179 3077 4247 quando
3099 4180 3436 4248 immortalia,
3457 4181 3670 4251 quando

2081 4284 2293 4323 omnem
2321 4269 2410 4338 qui
2449 4269 2658 4325 videtur
2696 4269 3034 4339 splendorem
3070 4271 3407 4341 superantia,
3448 4272 3664 4343 quinam

2081 4369 2235 4414 erunt
2252 4361 2284 4414 ii
2305 4402 2319 4424 ,
2340 4370 2393 4414 et
2409 4362 2496 4429 qui
2516 4360 2711 4415 fuerint
2724 4362 2802 4416 eis
2815 4362 3036 4426 similes,
3059 4363 3328 4432 propheta:
3344 4375 3395 4419 et
3412 4365 3661 4434 apostoli,

2081 4461 2131 4505 et
2158 4451 2287 4519 justi
2317 4461 2369 4506 et
2394 4461 2673 4524 martyres,
2703 4462 2753 4506 ct
2780 4452 3132 4518 confessores,
3164 4463 3217 4507 et
3241 4468 3428 4509 omnes
3452 4456 3538 4524 qui
3573 4471 3669 4524 per

2081 4542 2334 4610 optimam
2365 4542 2487 4595 vita:
2514 4541 2898 4596 institutionem
2932 4544 2983 4595 in
3012 4543 3113 4597 fide
3137 4543 3334 4597 Christi
3365 4544 3560 4599 fuerint
3586 4545 3669 4599 in-

2081 4636 2278 4703 signes.
2307 4633 2488 4703 COgita
2522 4634 2651 4688 mihi
2680 4636 2798 4689 illos
2830 4636 3052 4705 populos
3073 4677 3086 4700 ,
3119 4636 3423 4707 lampades,
3455 4638 3663 4704 radios,

2081 4724 2302 4793 gloriam
2329 4767 2343 4788 ,
2375 4724 2625 4779 decorem
2651 4767 2665 4789 ,
2701 4724 2937 4780 lmtitiam
2963 4769 2979 4789 ,
3017 4725 3208 4781 festum
3238 4727 3663 4783 celeberrimum.

2081 4813 2334 4880 Quisnam
2376 4813 2491 4868 haec
2527 4814 2848 4884 explicabit?
2889 4814 3041 4870 Nulla
3082 4816 3293 4886 quidem
3325 4819 3526 4883 oratio;
3571 4820 3665 4874 sed

2079 4905 2190 4959 sola
2213 4919 2274 4958 ex
2284 4906 2536 4974 perientia
2556 4914 2736 4975 aperte
2756 4905 2968 4960 docebit
2990 4922 3103 4972 eos,
3123 4910 3209 4978 qui
3239 4908 3339 4963 hoc
3360 4912 3665 4979 spectaculo

2080 4996 2223 5065 digni
2247 4998 2459 5059 fuerint,
2486 5007 2684 5051 tantum
2709 4998 3067 5068 splendorem.
3093 5000 3317 5057 Perinde
3342 5003 3484 5057 enim
3507 5019 3666 5058 even-

2081 5098 2254 5143 turum
2297 5090 2543 5143 existimo
2567 5130 2582 5153 ,
2623 5104 2685 5144 ac
2714 5092 2755 5145 si
2788 5092 2936 5145 multi
2966 5092 3108 5146 soles
3134 5095 3185 5147 in
3216 5094 3347 5148 czclo
3378 5094 3619 5151 fulserint
3645 5138 3661 5164 ,

2080 5179 2167 5234 vel
2198 5180 2240 5233 si
2269 5180 2564 5249 frequentia
2597 5180 2798 5252 fulgura
2830 5201 2844 5238 :
2872 5184 2955 5237 vel
2987 5185 3160 5253 potius
3184 5187 3551 5258 quodcumque
3577 5188 3661 5242 di-

2079 5286 2231 5337 sero,
2254 5272 2578 5326 contendens
2596 5274 2877 5329 ostendere
2896 5274 3039 5329 illam
3070 5276 3534 5345 pulchritudinem,
3562 5280 3667 5334 mi-

2080 5364 2222 5418 nime
2248 5374 2432 5433 potero
2458 5364 2637 5419 dicere
2680 5381 2776 5435 pro
2806 5367 2883 5421 rei
2911 5367 3184 5436 dignitate.
3217 5366 3351 5423 Sunt
3377 5372 3517 5425 enim
3547 5372 3662 5428 lucc

2079 5453 2255 5508 omnia
2286 5456 2525 5525 exempla
2556 5456 2853 5525 corporalia
2884 5475 2897 5511 :
2932 5459 3181 5526 splendor
3206 5468 3382 5514 autem
3409 5503 3423 5526 ,
3453 5471 3506 5516 et
3543 5479 3662 5533 quae

2080 5554 2205 5599 tunc
2227 5545 2334 5599 illic
2359 5544 2533 5599 futura
2557 5554 2641 5600 est
2663 5534 2865 5617 gloria,
2897 5561 3108 5601 omnem
3135 5547 3392 5618 ejusmodi
3422 5551 3659 5620 pulchri-

2140 5677 2216 5741 (α)
2260 5675 2511 5751 singulare
2554 5682 2634 5727 est
2668 5677 2802 5751 Aquod
2846 5676 2924 5751 hic
2961 5679 3029 5751 ait
3069 5676 3460 5751 Chrysostomus,
3492 5697 3665 5738 omnes

2079 5738 2273 5790 crucem
2297 5738 2354 5788 in‘
2375 5741 2531 5808 fronte
2554 5753 2643 5789 suo
2660 5738 2887 5808 tempore
2911 5738 3102 5800 tulisse,
3119 5738 3365 5805 etiamque
3387 5738 3642 5808 imperato

2080 5815 2164 5851 res
2180 5817 2205 5887 ς.
2218 5802 2611 5887 certeAHelenam
2926 5801 3313 5887 “Euccptmsupr'a
3348 5801 3546 5871 globum
3577 5826 3641 5873 ge

2082 5872 2291 5917 stantem
2312 5864 2532 5915 videmus
2554 5864 2604 5913 in
2630 5863 2864 5928 Antiqutt,
2890 5872 3200 5917 nostratem.
3220 5863 3271 5915 5.
3349 5863 3378 5871 ⁷
3530 5910 3533 5911 ν
