4108 6344
480 387 588 444 275

483 505 720 562 tudinem
750 505 912 576 longo
936 503 1220 560 intervallo
1244 505 1536 574 superabit.
1580 503 1696 558 Non
1729 504 1900 558 solum
1930 502 2074 557 enim

479 606 640 650 erunt
668 595 735 651 ab
765 595 985 650 interitu
1009 595 1179 650 aliena
1199 636 1216 660 ,
1247 604 1301 649 et
1337 593 1656 649 immortalia
1684 609 1906 663 corpora
1933 635 1948 660 ,
1979 593 2074 648 sed

484 696 611 741 tunc
636 687 794 741 etiam
825 687 1112 742 induentur
1136 687 1303 758 gloria
1329 686 1601 742 itiellabili.
1631 684 1697 740 In
1722 685 2074 757 splendoribus

482 788 793 832 sanctorum.
823 777 894 835 Ut
932 778 1180 833 ostendat
1215 792 1336 832 eum
1372 792 1476 832 non
1509 777 1799 833 terribilem
1827 793 1948 833 esse
1979 792 2071 832 so-

482 871 590 924 lum
613 913 628 937 ,
655 870 892 926 ostendit
916 871 1034 940 ejus
1061 868 1518 925 mansuetudinem
1547 877 1604 923 et
1629 867 2030 923 beneﬁcentiam
2053 908 2068 935 ,

478 970 665 1025 dicens
693 986 707 1023 :
738 967 805 1023 In
839 966 1189 1039 splendoribus
1227 975 1535 1020 sanctorum.
1570 964 1638 1019 Et
1675 965 1775 1019 hoc
1813 973 1898 1019 est
1930 963 2072 1018 illius

481 1063 756 1133 potentiae,
779 1077 872 1117 eos
900 1061 1036 1118 adeo
1061 1062 1236 1118 claros
1259 1060 1482 1116 reddere
1505 1075 1520 1114 :
1543 1059 1686 1130 quod
1712 1059 1908 1115 Paulus
1932 1076 2067 1132 quo-

478 1171 583 1223 que
625 1153 968 1224 signiﬁcans,
1009 1151 1221 1208 dicebat
1259 1168 1273 1205 :
1320 1151 1420 1220 Qui
1461 1150 1837 1222 transformabit
1880 1166 2069 1220 corpus

479 1245 778 1298 humilitatis
812 1253 996 1299 nostra!
1019 1286 1036 1312 ,
1066 1253 1122 1298 ut
1148 1245 1332 1314 fiamus
1358 1246 1643 1316 conformes
1665 1243 1866 1312 corpori
1892 1242 2069 1314 gloria:

476 1340 589 1408 ejus
618 1336 838 1409 (Philip.
866 1339 919 1393 5.
942 1337 1060 1408 21).

549 1431 602 1485 7.
646 1429 850 1486 Deinde
877 1430 1126 1498 quoniam
1155 1444 1266 1484 rem
1294 1427 1502 1482 dixerat
1527 1441 1774 1497 magnam
1797 1435 1851 1482 et
1878 1424 2068 1482 ineffa-

479 1521 639 1577 bilem
661 1563 676 1587 ,
704 1523 984 1592 subjunxit
1022 1538 1035 1575 :
1082 1520 1376 1576 Secundum
1413 1511 1754 1590 operationem
1778 1533 1878 1587 qua
1907 1526 2068 1589 potest

477 1613 650 1667 omnia
672 1613 766 1667 sibi
793 1611 1056 1682 subjicere.
1099 1611 1175 1667 Ne
1201 1625 1412 1684 quaeras
1434 1651 1451 1677 ,
1484 1611 1687 1681 inquit,
1720 1609 1990 1681 quomodo
2015 1617 2070 1664 et

477 1719 704 1773 quanam
743 1704 970 1758 ratione.
1022 1702 1206 1759 Potest
1237 1702 1379 1757 enim
1409 1717 1758 1773 quaecumque
1781 1701 1912 1756 vult.
1960 1700 2067 1756 Sed

477 1809 646 1863 quare
687 1809 794 1848 non
834 1794 1004 1860 dixit,
1040 1793 1095 1848 ln
1132 1793 1417 1863 splendore
1451 1803 1758 1848 sanctorum
1783 1833 1798 1858 ,
1831 1792 1924 1848 sed
1946 1834 1961 1858 ,
2001 1791 2066 1846 In

477 1887 828 1956 splendoribus
841 1886 1032 1961 (lbid.)
1043 1887 1066 1940 ιν
1079 1886 1208 1955 Quia
1224 1888 1385 1941 multa
1401 1895 1523 1941 sunt
1536 1886 1806 1941 etdiversa
1825 1886 2064 1956 pne-mia.

476 1979 593 2033 Alia
620 1990 693 2034 est
732 1981 864 2034 enim
906 1981 1069 2052 gloria
1093 1980 1213 2035 solis
1237 2021 1254 2046 ,
1285 1989 1332 2033 et
1361 1979 1464 2033 alia
1492 1979 1654 2050 gloria
1684 1978 1821 2033 Iunce
1844 1993 1863 2032 :
1889 1988 1936 2032 et
1963 1978 2068 2031 alia

478 2071 641 2140 gloria
663 2071 942 2124 stellarmn.
968 2069 1037 2126 Ut
1059 2071 1193 2124 enim
1216 2070 1365 2124 stella
1384 2087 1416 2124 a
1437 2070 1585 2124 stella
1609 2067 1780 2136 diﬂ'ert
1803 2070 1858 2122 in
1877 2067 2063 2139 gloria,

477 2163 550 2214 ita
575 2162 670 2216 erit
693 2202 708 2226 ,
741 2163 909 2233 inquit
933 2203 948 2228 ,
977 2163 1127 2216 etiam
1153 2164 1449 2217 resurrectio
1475 2171 1788 2216 mortuorum
1815 2161 1833 2233 (
1856 2163 1910 2217 1.
1941 2160 2062 2217 Cor.

481 2254 569 2309 15.
599 2255 661 2310 41
687 2254 732 2326 ).
776 2255 843 2310 Et
870 2255 1114 2309 Christus
1143 2271 1155 2308 :
1182 2252 1251 2308 In
1276 2255 1427 2308 domo
1458 2253 1627 2309 Patris
1654 2256 1749 2309 mei
1780 2255 2064 2309 mansiones

473 2347 648 2400 multa:
687 2357 804 2400 sunt
830 2347 848 2416 (
877 2344 1036 2402 Joan.
1069 2346 1156 2402 14.
1185 2345 1223 2400 2
1247 2345 1291 2416 ).
1335 2345 1458 2401 Ideo
1496 2347 1750 2418 splendor
1783 2347 1874 2403 ille
1904 2350 2062 2402 tinem

475 2455 582 2493 non
631 2440 824 2505 habet;
867 2455 1038 2511 neque
1079 2440 1221 2496 enim
1247 2440 1389 2495 cedit
1427 2441 1608 2507 nocti,
1639 2455 1737 2496 nec
1773 2442 1946 2496 locum
1975 2441 2066 2496 dat

475 2532 711 2588 tenebris
732 2573 749 2599 ,
781 2533 874 2588 sed
903 2549 1024 2588 cum
1053 2533 1125 2589 sit
1167 2548 1389 2603 magnus
1412 2573 1427 2598 ,
1475 2532 1754 2589 inelfabilis
1777 2575 1793 2600 ,
1825 2545 1880 2588 et
1923 2533 2064 2589 hunc

471 2623 562 2692 qui
577 2622 785 2678 videtur
804 2623 960 2694 longe
979 2638 1258 2693 superans,
1276 2623 1437 2678 habet
1452 2623 1612 2678 etiam
1629 2624 1730 2678 hoc
1747 2624 2058 2692 maximum,

471 2713 614 2783 quod
646 2715 802 2768 linem
832 2729 935 2768 non
976 2715 1236 2785 suscipit:
1264 2714 1403 2783 quod
1430 2713 1644 2785 quidem
1673 2725 1755 2770 est
1781 2715 2064 2771 ineﬁabilis

476 2805 636 2876 Regis
683 2806 961 2875 potestatis
984 2849 999 2872 ,
1037 2806 1180 2878 quod
1223 2821 1450 2876 corpora
1486 2822 1605 2877 qua:
1637 2816 1792 2861 erant
1829 2808 2061 2862 interitni

471 2898 699 2953 obnoxia
728 2909 783 2954 et
815 2898 1013 2954 caduca
1039 2941 1055 2967 ,
1086 2899 1140 2954 in
1171 2907 1368 2953 tantam
1407 2899 1698 2970 potentiam
1728 2907 1784 2954 et
1808 2900 2056 2954 virtutem

470 2989 772 3044 deduxerit.
805 2989 1006 3046 Deinde
1039 2989 1292 3061 quoniam
1321 3005 1510 3062 magna
1534 2991 1778 3062 quaedam
1805 2991 1978 3058 dixit,
2009 3001 2062 3048 et

471 3098 568 3152 spe
591 3082 886 3139 auditorem
911 3085 1114 3149 erexit,
1137 3084 1371 3140 ostendit
1391 3084 1508 3140 hmc
1532 3099 1742 3156 quoque
1765 3085 1884 3155 jure
1906 3085 2018 3140 ﬁeri
2043 3102 2058 3139 :

469 3177 717 3245 quoniam
762 3176 850 3246 qui
897 3177 1011 3230 haec
1051 3175 1207 3240 facit,
1239 3176 1360 3232 talis
1388 3185 1472 3231 est
1500 3187 1554 3232 et
1585 3185 1780 3231 tantus.
1814 3175 1945 3245 Quis
1973 3177 2063 3233 ille

470 3284 670 3338 porro,
713 3270 803 3339 qui
843 3268 958 3325 haec
997 3269 1162 3325 facit?
1206 3271 1304 3337 Qui
1349 3279 1433 3326 est
1468 3269 1710 3340 ejusdem
1753 3286 1872 3325 cum
1905 3271 2062 3327 Patre

469 3361 798 3416 substantize.
828 3361 958 3416 lllud
983 3361 1125 3417 enim
1157 3361 1481 3432 signiﬁcans,
1507 3362 1779 3433 subjunin
1807 3380 1822 3419 :
1847 3361 1931 3417 Ea:
1954 3372 2062 3418 ute-

469 3469 527 3506 ro
555 3461 672 3506 ante
702 3452 966 3522 luciferum
989 3454 1138 3524 genui
1168 3463 1234 3507 te.

549 3546 693 3611 Haec,
726 3549 865 3602 Ante
887 3547 1170 3603 luciferum
1191 3548 1350 3618 genui
1375 3556 1446 3613 te,
1482 3547 1546 3604 de
1572 3549 1891 3619 generatione
1913 3557 2060 3604 αἰεν-

470 3655 536 3690 no
578 3638 764 3694 Christi
803 3638 1058 3694 dicuntur.
1104 3637 1425 3710 Operationis
1463 3649 1510 3692 et
1551 3649 1746 3693 natura:
1772 3639 2054 3694 diversitas.

470 3761 539 3771 —
566 3731 669 3786 Sed
722 3731 816 3801 qui
845 3731 958 3786 haec
1000 3731 1162 3786 verba
1213 3732 1280 3786 ad
1328 3747 1482 3786 suum
1534 3747 1750 3786 sensum
1803 3742 2055 3801 vertunt,

467 3824 799 3880 contendunt
841 3823 958 3880 hare
1001 3825 1141 3880 dicta
1183 3840 1305 3880 esse
1350 3825 1419 3880 de
1465 3826 1810 3895 generatione
1845 3825 2053 3881 “carnis.

470 3918 749 3986 Quomodo
774 3933 924 3990 ergo,
956 3917 1062 3984 dic,
1093 3931 1298 3989 quzeso,
1331 3919 1458 3972 Ante
1489 3917 1798 3987 luciferum?
1823 3917 1896 3972 Ita
1923 3919 2058 3974 dixit

466 4021 676 4066 noctem
701 4025 805 4082 qua
831 4019 986 4066 natus
1012 4019 1132 4066 est:
1156 4019 1311 4066 natus
1335 4019 1418 4064 est
1437 4010 1578 4064 enim
1598 4017 1721 4064 ante
1741 4009 2054 4063 diluculum.

467 4103 576 4158 Sed
606 4103 706 4158 hoc
731 4119 838 4158 non
861 4111 950 4158 est
973 4102 1152 4158 dicere
1177 4101 1318 4172 quod
1347 4101 1622 4171 qtlmritur,
1651 4114 1823 4168 neque
1849 4098 1952 4153 hoc
1975 4097 2056 4153 dio

466 4195 542 4250 xit
566 4196 735 4266 gratia
761 4195 995 4250 historia:
1020 4212 1036 4249 :
1064 4206 1120 4250 et
1144 4192 1342 4264 alioqui
1368 4209 1471 4248 non
1502 4200 1723 4263 possunt
1747 4190 2051 4256 ostendere,

469 4287 520 4342 iii
548 4288 691 4358 quod
715 4287 1009 4343 docuerunt
1029 4287 1385 4358 evangelistze,
1409 4285 1605 4340 dictum
1633 4299 1752 4340 esse
1771 4299 1801 4338 a
1825 4283 2054 4355 prophe-

464 4380 550 4443 tis,
577 4381 665 4449 qui
693 4381 919 4434 maxima
945 4395 1009 4435 ex
1037 4389 1187 4450 parte
1211 4379 1436 4434 obscure
1475 4377 1778 4446 loquuntur.
1808 4375 1906 4431 Hic
1923 4390 2052 4446 ergo

465 4473 591 4528 ilhul
613 4515 629 4539 ,
659 4475 1084 4547 Anteluciferum
1107 4513 1124 4540 ,
1160 4488 1265 4529 non
1296 4473 1424 4528 dicit
1448 4481 1570 4526 ante
1598 4479 1771 4526 ortmn
1802 4469 2006 4525 luciferi
2031 4512 2046 4535 ,

460 4568 554 4621 sed
583 4577 708 4622 ante
731 4574 1002 4632 naturam,
1035 4574 1319 4635 antequam
1351 4564 1518 4619 factus
1545 4572 1689 4619 esset
1711 4562 1918 4617 lucifer.
1945 4562 2049 4617 So-

461 4660 535 4713 let
553 4658 694 4714 enim
717 4657 985 4729 Scriptura
1010 4657 1126 4713 haec
1145 4657 1492 4726 distinguere,
1512 4644 1725 4726 quando
1745 4654 1891 4718 dicit,
1914 4656 2049 4707 Ante

464 4765 728 4822 naturam,
751 4765 807 4812 et
828 4755 1062 4827 quando,
1085 4755 1226 4810 Ante
1244 4752 1640 4825 operationem;
1670 4759 1726 4805 ut
1743 4764 1862 4805 cum
1884 4748 2044 4803 dicit:

464 4847 678 4916 Oportet
706 4849 981 4919 praevenire
1003 4846 1306 4902 matutinum
1329 4844 1397 4898 ad
1425 4843 1614 4915 gratias
1637 4841 1857 4913 agendas
1881 4839 1968 4894 tibi
1991 4842 2042 4907 ¹;

458 4951 504 4994 et
533 4951 650 4995 ante
673 4950 838 4996 ortum
865 4941 990 4995 lucis
1019 4950 1065 4994 te
1091 4939 1320 5012 alloqui(
1347 4939 1478 5009 Sap.
1504 4939 1590 4993 16.
1619 4936 1692 4992 28
1713 4939 1751 5007 ).
1781 4936 1877 4991 llic
1900 4934 2042 4991 enim

457 5033 588 5087 dicit
625 5032 961 5087 matutinum.
1004 5031 1117 5086 Non
1151 5031 1285 5086 dixit
1312 5031 1454 5084 enim
1474 5071 1490 5094 ,
1518 5031 1654 5083 Ante
1683 5031 1848 5083 solem
1867 5068 1884 5096 ,
1911 5026 2003 5082 sed
2025 5067 2040 5091 ,

459 5125 587 5180 Ante
611 5135 808 5190 ortum;
836 5141 964 5188 non,
983 5125 1119 5178 Ante
1147 5133 1392 5178 naturam
1427 5141 1439 5176 :
1473 5132 1596 5176 ante
1625 5131 1868 5176 naturam
1897 5120 2042 5174 enim

459 5219 588 5274 solis
615 5219 743 5273 nihil
770 5220 964 5273 factum
991 5225 1106 5282 est;
1135 5216 1250 5282 sed,
1270 5217 1406 5270 Ante
1432 5228 1604 5270 ortum
1628 5214 1775 5276 solis,
1799 5221 1857 5267 ut
1881 5211 2043 5283 signi-

459 5312 643 5366 ficaret
678 5309 991 5366 diluculum.
1026 5308 1232 5363 Alicubi
1264 5318 1442 5363 autem
1468 5305 1681 5377 quando
1708 5305 1872 5370 dicit,
1901 5305 2042 5359 Ante

455 5403 572 5472 ejus
596 5412 859 5470 naturam,
885 5417 991 5456 non
1015 5399 1162 5468 dicit,
1189 5400 1330 5455 Ante
1351 5407 1550 5466 ortum,
1571 5397 1687 5461 sed,
1703 5397 1831 5452 Ante
1851 5397 2040 5462 solem;

457 5505 518 5551 ut
543 5495 758 5567 quando
782 5494 909 5550 dicit
941 5513 956 5549 :
980 5492 1110 5548 Ante
1130 5494 1289 5549 solem
1321 5501 1576 5564 permanet
1605 5507 1786 5545 nomen
1809 5491 1938 5561 ejus.
1969 5487 2039 5542 Et

457 5597 576 5641 ante
594 5588 767 5641 lunam
785 5585 1129 5657 generationes
1147 5583 1524 5657 generationum
1544 5580 1716 5655 (Psal.
1737 5581 1825 5640 7i.
1852 5581 1939 5636 17.
1958 5578 2036 5652 5).

527 5799 544 5830 ι
570 5797 906 5862 Locumlmne
935 5799 1007 5848 sic
1033 5799 1220 5862 habent
1247 5800 1414 5849 Grrca
1445 5796 1625 5858 Biblia,
1661 5796 1933 5862 Sapientia:
1958 5795 2031 5857 16,

461 5858 524 5908 ἓ
547 5873 558 5908 :
587 5859 668 5908 Aci
690 5859 871 5922 φθάνειν
892 5862 1026 5918 ἥλιον
1049 5862 1121 5912 ἐπ’
1145 5861 1445 5924 εὐχαριστίαν
1476 5876 1584 5910 σου.

1195 385 1252 444 S.
1292 385 1570 444 JOANNlS
1593 383 2073 442 CHRYSOSTOMI
2114 386 2433 444 ARCI‘IIEP.
2473 389 3020 450 CONS’I‘ANTINOP.

3668 402 3769 460 276

2181 503 2642 571 Quemadmodum
2668 523 2799 579 ergo
2821 509 2963 564 aliud
2989 519 3112 577 est,
3139 510 3270 566 Ante
3294 515 3480 579 solun,
3511 525 3566 570 et
3589 517 3730 574 aliud
3751 560 3768 585 ,

2179 596 2310 650 Ante
2327 607 2491 652 ortum
2511 599 2633 653 solis
2647 615 2666 663 ;
2691 599 2792 656 hoc
2815 601 2956 656 enim
2981 603 3350 672 Operationem
3380 606 3513 660 solis
3539 617 3592 661 et
3617 624 3773 666 mane

2179 689 2440 758 signiﬁcat
2461 732 2478 756 ,
2511 691 2638 746 illud
2666 708 2793 748 vero
2831 705 3109 760 naturain;
3143 696 3214 750 ita
3241 698 3403 753 etiam
3438 699 3524 754 hic
3549 741 3562 761 ,
3594 701 3640 755 si
3672 718 3771 756 vo-

2180 777 2366 835 luisset
2383 781 2679 852 signiﬁcare
2699 795 2932 848 noctem,
2947 802 3053 840 non
3074 787 3317 854 dixisset,
3337 789 3464 842 Ante
3480 791 3761 862 luciferum,

2177 872 2308 936 sed,
2339 875 2478 929 Ante
2513 889 2688 932 ortum
2715 877 2944 932 luciferi.
2976 880 3043 933 Et
3070 881 3263 951 alioqui
3287 882 3532 940 Christus
3559 901 3768 956 quoque

2177 961 2320 1020 hunc
2345 966 2614 1022 Psalmum
2643 971 2848 1040 accepit
2889 987 2994 1025 non
3033 971 3103 1027 de
3141 974 3388 1030 humana:
3425 979 3602 1032 carnis
3625 993 3771 1035 osco-

2175 1055 2352 1110 noniia
2375 1097 2390 1121 ,
2428 1057 2523 1112 Sed
2564 1058 2629 1115 de
2663 1060 3006 1130 generatione
3035 1077 3131 1132 per
3156 1065 3436 1134 Spiritum.
3468 1067 3600 1122 Cum
3625 1071 3767 1125 enim

2173 1145 2399 1202 dixisset
2422 1147 2620 1204 Iuda-is
2653 1169 2666 1206 :
2701 1152 2838 1220 Quid
2867 1155 3004 1209 vobis
3040 1157 3233 1211 videtur
3267 1158 3330 1212 de
3354 1159 3553 1215 Christo
3573 1162 3599 1215 .’
3624 1164 3770 1232 cujus

2173 1248 2246 1293 est
2264 1240 2442 1308 filius?
2469 1250 2746 1312 postquam
2771 1244 3022 1302 dixerunt
3045 1265 3058 1301 :
3088 1246 3257 1303 Dauid
3277 1291 3293 1314 ,
3321 1250 3595 1320 subjunxit
3623 1253 3768 1309 Psal-

2173 1347 2340 1395 mum,
2359 1333 2570 1388 dicens:
2589 1335 2853 1400 Quomodo
2867 1353 2985 1409 ergo
3003 1338 3127 1394 dicit
3141 1337 3308 1394 David
3325 1357 3344 1394 :
3359 1339 3505 1395 Dixit
3521 1342 3767 1400 Dominus

2171 1423 2394 1480 Domino
2420 1443 2551 1494 meo,
2581 1427 2716 1483 Sede
2758 1445 2791 1482 a
2834 1431 3026 1485 dextris
3063 1433 3228 1486 meis?
3263 1431 3323 1488 Si
3359 1451 3476 1505 ergo
3515 1433 3767 1491 Dominus

2172 1517 2282 1586 ejus
2321 1527 2396 1572 est
2420 1558 2435 1582 ,
2479 1519 2730 1588 quomodo
2776 1535 2865 1576 vos
2912 1523 3111 1587 dicitis,
3157 1524 3294 1592 quod
3343 1535 3416 1579 est
3469 1525 3580 1596 ejus
3628 1527 3767 1595 [ilius

2173 1606 2382 1679 (Matth.
2405 1609 2496 1664 22.
2524 1610 2780 1680 42-45)⁴ἒ
2804 1612 2941 1678 Quid
2970 1624 3201 1684 estergo
3228 1616 3370 1685 quod
3399 1616 3636 1671 dicitur?
3663 1618 3766 1672 Ve—

2172 1714 2288 1753 ram
2325 1709 2380 1755 et
2415 1715 2724 1770 germanam
2768 1702 2855 1758 hic
2892 1705 3125 1760 ostendit
3162 1707 3582 1774 generationem.
3625 1708 3761 1776 Quid

2170 1794 2340 1860 ergo?
2379 1800 2462 1846 est
2491 1792 2663 1846 solum
2702 1801 2826 1848 ante
2868 1793 3184 1850 luciferum?
3227 1795 3586 1868 Nequaquam.
3629 1799 3759 1854 Nam

2170 1882 2297 1936 dicit
2323 1882 2480 1936 etiam
2503 1883 2629 1939 alibi
2659 1902 2672 1940 :
2704 1885 2833 1940 Ante
2859 1887 3032 1946 lunam
3054 1889 3264 1942 thronus
3289 1891 3419 1958 ejus.
3453 1891 3520 1944 Et
3544 1907 3648 1946 non
3674 1907 3762 1947 so-

2175 1973 2280 2028 lum
2318 1983 2442 2028 ante
2479 1975 2692 2041 lunam;
2727 1993 2847 2030 nam
2875 1977 2944 2032 de
2969 1978 3127 2034 Patre
3165 1995 3375 2050 quoque
3400 1980 3528 2036 dicit
3558 1998 3574 2034 :
3601 1982 3758 2038 Ante-

2168 2083 2321 2137 quam
2345 2079 2538 2122 montes
2562 2069 2757 2136 ]ierent,
2784 2079 2830 2124 et
2856 2073 3161 2141 [armaretur
3187 2081 3339 2137 terra,
3372 2084 3417 2127 et
3443 2073 3577 2128 orbis
3598 2084 3759 2130 terra-
3839 2132 3846 2134 ,

2168 2175 2282 2212 rum
2300 2200 2317 2224 ,
2346 2174 2378 2212 α
2404 2162 2589 2214 steculo
2616 2170 2664 2214 et
2689 2163 2744 2214 in
2767 2161 3011 2216 saxulum
3037 2170 3093 2216 tu
3116 2179 3167 2216 es
3202 2161 3372 2233 (Psal.
3404 2164 3494 2219 89.
3523 2164 3603 2236 Ξ).
3633 2165 3751 2222 Non

2168 2266 2198 2305 a
2227 2251 2422 2307 sa-culo
2441 2252 2634 2318 solum,
2659 2253 2753 2309 sed
2775 2255 2935 2309 etiam
2956 2265 3080 2310 ante
3101 2256 3352 2311 saeculum
3377 2274 3391 2311 :
3418 2273 3589 2327 neque
3609 2260 3752 2314 enim

2167 2352 2252 2397 est
2276 2357 2442 2412 usque
2466 2342 2532 2398 ad
2559 2345 2834 2409 saeculum,
2863 2346 2956 2401 sed
2985 2347 3036 2400 in
3063 2345 3346 2403 inﬁnitum.
3371 2349 3447 2404 Ne
3473 2350 3758 2407 otl'endaris

2167 2443 2344 2489 autem
2377 2435 2428 2490 in
2458 2435 2816 2500 dictionibus,
2845 2437 2938 2492 sed
2969 2439 3182 2510 suscipe
3215 2441 3615 2511 intelligentiam
3639 2460 3758 2514 qua:

2171 2528 2279 2582 lteo
2324 2532 2624 2584 conveniat.
2693 2529 2828 2585 Vide
2871 2543 3048 2586 autem
3097 2533 3372 2603 prophetae
3409 2535 3754 2604 sapientiam.

2168 2619 2436 2675 Psahnum
2489 2621 2746 2690 incipiens
2789 2636 2895 2677 non
2939 2623 3007 2678 ab
3051 2623 3133 2678 his
3167 2641 3322 2679 orsus
3351 2637 3433 2680 est
3463 2643 3476 2679 :
3507 2625 3590 2681 Ex
3618 2638 3756 2683 utero

2166 2726 2284 2764 attte
2308 2711 2576 2782 luciferum
2602 2715 2757 2783 genui
2784 2725 2830 2768 te
2857 2732 2876 2770 :
2900 2714 2993 2768 sed
3032 2730 3152 2770 cum
3183 2719 3329 2786 prius
3361 2719 3612 2787 praeclara
3641 2721 3756 2789 ejus

2169 2803 2306 2859 facta
2343 2805 2706 2874 ostendisset,
2747 2814 2802 2860 et
2829 2808 3002 2876 ipsum
3045 2823 3139 2877 per
3167 2824 3328 2878 opera
3370 2811 3753 2881 praedicasset,

2169 2907 2347 2966 postea
2373 2899 2587 2966 proprio
2609 2899 2724 2954 loco
2745 2899 2861 2969 ejus
2880 2901 3192 2971 dignitatem
3218 2903 3470 2957 ostendit.
3497 2903 3569 2958 Ita
3593 2906 3753 2960 etiam

2164 2987 2376 3043 dicebat
2406 2990 2518 3058 ipse
2543 3007 2556 3042 :
2585 2991 2646 3045 Si
2668 3008 2768 3044 non
2788 2992 2922 3062 facio
2941 2989 3094 3062 op'era
3117 2992 3291 3047 Patris
3320 2996 3436 3062 mei,
3459 2996 3613 3050 nolite
3631 2999 3754 3053 mihi

2165 3082 2386 3137 credere.
2419 3083 2516 3137 Sin
2541 3093 2708 3137 autent
2736 3085 2902 3154 facio,
2933 3095 2977 3138 et
3001 3086 3044 3138 si
3073 3086 3196 3138 mihi
3221 3103 3321 3140 non
3349 3087 3593 3156 credatis,
3628 3105 3752 3160 ope-

2164 3175 2303 3227 ribus
2333 3174 2520 3228 credite
2543 3175 2724 3247 (Joan.
2753 3177 2838 3230 ill.
2869 3177 2958 3247 57)
2993 3194 3008 3232 :
3032 3187 3089 3230 ut
3115 3191 3236 3231 cum
3263 3177 3512 3233 didiceris
3537 3180 3678 3250 quod
3709 3181 3754 3236 is

2165 3275 2248 3319 est
2274 3266 2363 3336 qui
2389 3265 2539 3320 sedet
2562 3266 2627 3320 ad
2657 3266 2932 3323 dexteram
2959 3267 3149 3334 Patris,
3181 3269 3269 3338 qui
3296 3269 3548 3324 Dominus
3567 3272 3753 3340 appel-

2165 3359 2307 3414 latur
2337 3369 2395 3414 ut
2424 3361 2581 3414 Pater
2609 3362 2696 3431 qui
2727 3377 2906 3422 secum
2940 3361 3099 3417 habet
3129 3361 3477 3432 principatum
3503 3403 3519 3430 ,
3550 3364 3750 3433 qui‘ta-

2163 3451 2267 3507 lem
2309 3452 2474 3506 eflicit
2513 3453 2877 3518 splendorem,
2907 3454 2996 3523 qui
3029 3454 3170 3508 inter
3213 3464 3400 3524 gentes
3425 3455 3749 3512 dominatum

2162 3543 2367 3599 obtinet
2385 3586 2401 3609 ,
2433 3561 2499 3598 ne
2526 3545 2860 3599 conturbet-is
2880 3585 2895 3611 ,
2927 3544 2970 3599 si
3001 3545 3232 3599 audieris
3261 3562 3381 3599 enm
3409 3561 3528 3600 esse
3557 3545 3748 3602 Filium

2160 3640 2321 3691 etiam
2349 3647 2473 3691 ante
2504 3638 2804 3691 universam
2831 3645 3150 3691 creaturam.
3193 3636 3320 3690 .lure
3357 3647 3535 3690 autem
3575 3637 3748 3691 admi-

2161 3726 2360 3782 randus
2401 3736 2484 3782 est
2532 3726 2785 3796 prOpheta
2815 3767 2832 3791 ,
2877 3725 3147 3796 quomodo
3185 3726 3276 3780 illa
3314 3727 3529 3796 quidem
3559 3744 3621 3781 ex
3656 3727 3746 3787 Dei

2161 3833 2426 3889 persona,
2478 3817 2594 3872 lucc
2619 3833 2747 3872 vero
2784 3833 2850 3872 ex
2898 3833 2995 3872 sua
3044 3832 3267 3887 persona
3314 3818 3569 3887 loquitur.
3618 3819 3747 3875 Illud

2159 3913 2320 3976 enim,
2351 3911 2484 3966 Sede
2506 3929 2537 3963 a
2557 3911 2747 3964 dextris
2767 3910 2887 3963 meis
2912 3925 2931 3963 :
2952 3917 3006 3964 et
3035 3909 3185 3975 illud,
3210 3908 3293 3962 Ea:
3318 3920 3459 3964 utero
3482 3921 3598 3964 ante
3620 3910 3747 3964 luci-

2159 4003 2322 4072 ferum
2339 4003 2488 4074 genui
2509 4013 2574 4063 te,
2599 4016 2718 4071 quae
2740 4000 2888 4055 illum
2911 4000 3233 4069 superabant
3252 3999 3549 4064 altitudine,
3573 4000 3746 4068 ipsum

2161 4093 2326 4148 Deum
2353 4093 2660 4151 introducit
2683 4094 2957 4152 dicentem
2997 4090 3143 4145 :alia
3181 4098 3359 4146 autem
3405 4091 3518 4158 ipse
3558 4089 3742 4149 refert.

2161 4185 2295 4239 Vide
2321 4195 2500 4239 autem
2530 4193 2728 4255 quanta
2759 4191 2937 4238 utatur
2961 4183 3286 4252 proprietate
3309 4181 3576 4236 dictionis.
3603 4181 3744 4237 Satis

2156 4277 2343 4332 fuisset
2371 4277 2513 4332 enim
2543 4277 2762 4340 dicere,
2809 4273 2972 4330 Genui
3015 4284 3064 4329 te
3101 4291 3122 4328 :
3163 4274 3256 4329 sed
3290 4284 3508 4344 propter
3533 4290 3627 4328 eos
3651 4276 3742 4345 qui

2156 4367 2302 4422 humi
2345 4377 2606 4437 serpunt,
2650 4376 2708 4422 ut
2745 4381 2926 4422 veram
2958 4365 3263 4420 ostenderet
3302 4367 3698 4435 generationem
3721 4406 3738 4431 ,

2155 4462 2312 4532 hujus
2349 4475 2562 4532 quoque
2595 4459 2846 4515 dictionis
2889 4458 3150 4514 meminit.
3203 4457 3274 4512 Et
3300 4457 3437 4512 sicut
3463 4472 3583 4512 eum
3611 4456 3740 4512 dicit

2153 4570 2390 4616 manum,
2423 4569 2528 4608 non
2559 4552 2609 4607 id
2631 4551 2760 4606 dicit
2785 4559 2842 4605 ut
2869 4564 3083 4605 manum
3111 4563 3232 4604 esse
3257 4548 3613 4618 StISpicemur,
3642 4547 3736 4603 sed

2153 4659 2212 4701 ut
2242 4647 2598 4717 intelligamus
2627 4643 2843 4700 creandi
2879 4650 3196 4712 potestatem
3221 4682 3238 4708 ,
3285 4640 3354 4694 ita
3398 4642 3558 4695 etiam
3603 4641 3736 4696 uteri

2151 4741 2412 4806 meminit,
2441 4749 2498 4794 ut
2519 4752 2702 4793 veram
2726 4751 2846 4792 esse
2867 4735 3266 4806 generationem
3291 4733 3557 4787 ostendat.

2224 4834 2274 4887 8.
2329 4829 2531 4886 Deinde
2571 4829 2756 4883 volens
2807 4825 3139 4897 prophetiam
3183 4825 3237 4878 in
3279 4823 3500 4894 t'iguram
3544 4821 3738 4892 jndieis

2149 4935 2333 4995 aptare
2355 4963 2372 4990 ,
2412 4922 2478 4977 ad
2505 4937 2626 4976 eum
2657 4919 2818 4974 verba
2849 4918 3004 4982 facit,
3036 4916 3178 4986 quod
3205 4915 3419 4986 quidem
3448 4913 3734 4968 vehemen-

2153 5017 2341 5072 tissimi
2371 5015 2569 5070 amoris
2595 5023 2648 5068 et
2677 5011 2899 5082 insignis
2919 5009 3095 5080 gaudii
3120 5018 3234 5063 erat
3262 5018 3316 5062 et
3340 5009 3534 5061 anima:
3561 5022 3679 5074 quae
3704 5021 3734 5059 a

2147 5111 2328 5166 divino
2368 5109 2570 5177 Spiritu
2611 5105 2992 5174 occupabatur.
3030 5103 3084 5157 4.
3123 5100 3325 5154 Iuravit
3367 5098 3640 5164 Donunus,
3687 5109 3736 5152 et

2149 5220 2248 5258 non
2279 5200 2530 5273 paenitebit
2558 5215 2689 5253 eum.
2725 5196 2803 5250 Tu
2830 5213 2882 5252 es
2917 5193 3150 5249 sacerdos
3175 5194 3226 5248 in
3251 5203 3520 5252 wternunt,
3551 5206 3731 5243 secun-

2148 5297 2268 5350 dum
2289 5294 2516 5349 ordinent
2546 5290 2900 5345 Melchisedec.
2935 5286 3094 5341 Vides
3121 5283 3390 5354 quomodo
3413 5281 3480 5337 ad
3511 5281 3560 5335 id
3589 5278 3732 5350 quod

2146 5398 2228 5443 est
2255 5384 2507 5440 humilius
2537 5381 2760 5438 deduxit
2785 5379 3082 5436 orationem
3103 5417 3117 5440 ,
3146 5374 3305 5430 modo
3333 5373 3400 5428 de
3423 5371 3730 5437 divinitate,

2146 5479 2308 5536 modo
2344 5477 2412 5532 de
2442 5474 2771 5530 humanitate
2810 5469 3114 5527 disserens?
3159 5464 3302 5537 quod
3331 5465 3492 5520 etiam
3533 5463 3733 5518 faciunt

2144 5570 2503 5641 eratigelistaa,
2537 5576 2594 5622 ut
2620 5567 2866 5636 utrinque
2897 5571 3243 5619 conservetur
3271 5559 3577 5629 dogmatnm
3611 5571 3730 5627 per-

2144 5662 2323 5717 feetio.
2348 5661 2417 5718 Et
2438 5674 2604 5732 quare
2623 5659 2776 5720 dixit,
2800 5655 3093 5712 Secundum
3111 5653 3343 5707 ordinent
3361 5648 3731 5705 Melchisedec.’

2143 5756 2212 5812 Et
2240 5763 2456 5825 propter
2479 5763 2841 5811 sacramenta,
2881 5744 3023 5817 quod
3069 5744 3158 5799 ille
3198 5756 3412 5814 quoque
3454 5754 3646 5810 panem
3676 5749 3729 5793 et

2136 5849 2325 5923 ,vinum
2347 5846 2574 5905 Abraha:
2595 5842 2879 5910 obtulerit;
2911 5849 2965 5898 et
2988 5837 3130 5911 quod
3155 5837 3258 5894 hoc
3287 5831 3640 5893 sacerdotium
3662 5829 3731 5888 sit
