4108 6344
349 311 455 366 275

349 427 615 493 καὶδόξαν
635 427 873 498 ἄρρητον
893 427 1173 482 ἐνδύσεται
1204 429 1342 481 τότε.
1379 429 1475 482 Ἑν
1498 429 1626 492 ταῖς
1649 428 1916 496 λαμπρό-

347 527 483 578 τησι
512 509 629 563 τῶν
659 511 861 578 ἁγίων.
905 511 1019 563 Ἵνα
1049 511 1122 581 μὴ
1152 512 1379 583 φοόερὸν
1411 512 1538 566 ὄντα
1562 511 1708 582 δείξῃ
1733 511 1913 582 μόνον,
1954 517 1966 528 '

344 595 613 649 δείκνυσιν
652 595 816 648 αὐτοῦ
851 595 1031 649 καὶτὸ
1069 597 1275 668 ἥμερον
1309 599 1404 650 καὶ
1435 597 1496 649 τὸ
1536 597 1912 668 εὐεργετικὸν,

344 679 516 746 λέγων
534 696 548 710 ·
589 679 685 732 Ἐν
702 678 831 744 ταῖς
855 681 1231 749 λαμπρότησι
1255 680 1374 734 τῶν
1399 681 1601 749 ἁγίων.
1627 682 1735 734 Καὶ
1756 681 1914 734 τοῦτο

343 765 440 834 τῆς
461 763 672 816 ἐκείνου
697 764 976 834 δυνάμεώς
1009 767 1146 826 ἐστι.
1175 766 1236 818 τὸ
1266 765 1552 836 λαμπροὺς
1572 765 1744 830 οὕτως
1771 765 1913 820 ἐκεί-

342 863 464 910 νους
504 846 761 916 ποιῆσαι·
804 848 942 920 ὅπερ
981 850 1075 902 καὶ
1105 849 1314 914 Παῦλος
1345 849 1520 920 δηλῶν
1551 849 1733 919 ἔλεγεν
1755 867 1768 880 ·
1806 853 1912 916 Ὃς

337 932 846 999 μετασχηματίσει
871 932 938 984 τὸ
965 930 1137 1002 σῶμα
1169 932 1278 1002 τῆς
1311 933 1720 987 ταπεινώσεως
1744 933 1912 1004 ἡμῶν

341 1015 427 1101 εἰς
447 1014 524 1101 τὸ.
536 1014 813 1083 γενέσθαι
837 1017 1229 1087 συμμόρφους
1248 1015 1328 1082 τῷ
1351 1016 1574 1088 σώματι
1598 1016 1707 1087 τῆς
1725 1017 1910 1089 δόξης

340 1100 547 1137 αυτονυ.

409 1163 614 1230 ζ’.Εἷτα
634 1167 818 1239 ἐπειδὴ
836 1167 975 1238 μέγα
988 1163 1109 1222 εἷπε
1127 1170 1220 1223 καὶ
1239 1168 1906 1242 ἀφατον,ἐπήγαγε·Κατὰ

338 1247 452 1318 τὴν
469 1249 770 1320 ἐνέργειαν
784 1251 888 1304 τοῦ
909 1251 1199 1306 δύνασθαι
1224 1253 1411 1307 αὐτὸν
1433 1252 1723 1318 ὑποτάξαι
1748 1254 1907 1318 αὐτῷ

337 1333 410 1387 τά
426 1333 640 1389 πάντα.
670 1335 760 1404 Μὴ
788 1335 937 1404 ζήτει
972 1335 1108 1398 πῶς,
1132 1338 1284 1406 φησὶ,
1313 1337 1408 1390 καὶ
1436 1337 1538 1391 τίνι
1575 1337 1781 1410 τρόπῳ.
1805 1341 1906 1391 Δυ-

336 1416 474 1470 νατά
502 1417 610 1488 γάρ
638 1417 785 1486 αύτῷ
821 1419 1020 1480 πάντα,
1043 1420 1141 1472 ὅσα
1167 1419 1431 1488 βούλεται.
1463 1422 1618 1485 Τίνος
1640 1421 1696 1474 δέ
1722 1422 1904 1474 ἕνεκεν

334 1498 434 1553 οὐκ
464 1494 647 1562 εἶπεν,
689 1500 862 1571 Ἐντῇ
901 1500 1242 1571 λαμπρότητι
1267 1504 1374 1555 τῶν
1399 1505 1588 1570 ἁγίων,
1626 1504 1758 1567 ἀλλ’,
1802 1506 1904 1558 Ἐν

333 1583 462 1649 ταῖς
487 1585 936 1653 λαμπρότησινς
968 1586 1089 1638 ’Ότι
1119 1585 1288 1640 πολλὰ
1310 1589 1403 1640 καὶ
1422 1588 1656 1657 διάφορα
1678 1591 1747 1642 τὰ
1770 1588 1902 1659 βρα-

333 1666 471 1720 δεῖα.
508 1669 688 1733 Ἄλλη
722 1668 832 1736 γὰρ
846 1667 994 1731 δόξα
1019 1669 1219 1735 ἡλίου,
1240 1671 1335 1723 καὶ
1358 1670 1516 1739 ἄλλη
1538 1671 1687 1736 δόξα
1715 1672 1899 1739 σελή-

330 1767 463 1816 νης,
496 1747 594 1802 καὶ
626 1749 786 1818 ἄλλη
823 1750 972 1815 δόξά
1001 1751 1288 1820 ἀστέρων.
1329 1755 1548 1824 Ἀστὴρ
1576 1754 1686 1824 γὰρ
1720 1755 1897 1810 ἀστέ-

326 1851 430 1902 ρος
463 1833 728 1903 διαφέρει
754 1835 824 1888 ἐν
859 1835 1009 1904 δόξῃ
1029 1854 1042 1867 ·
1070 1837 1258 1903 οὕτως
1291 1839 1459 1892 ἔσται
1483 1880 1498 1905 ,
1529 1842 1693 1910 φησὶ,
1734 1841 1829 1894 καὶ
1859 1842 1898 1909 ἠ

327 1915 663 1981 ἀνάστασις
716 1917 834 1970 τῶν
888 1919 1136 1987 νεκρῶν.
1185 1921 1296 1974 Καὶ
1333 1923 1362 1974 6
1390 1924 1654 1994 Χριστός⁶
1696 1925 1797 1978 Ἐν
1823 1925 1899 1994 τῇ

326 2001 484 2069 οἰκίᾳ
529 2000 634 2054 τοῦ
689 2003 915 2068 Πατρός
957 2019 1078 2069 μου
1128 2004 1350 2058 πολλαὶ
1395 2007 1579 2074 μοναί
1625 2010 1763 2061 εἰσι.
1800 2010 1898 2063 Διά

323 2081 484 2135 τοῦτο
508 2085 542 2153 ή
571 2082 889 2154 λαμπρότης
916 2083 1096 2156 ἐκείνη
1141 2086 1290 2150 τέλος
1319 2088 1418 2141 ούκ
1459 2089 1588 2158 ἔχει.
1622 2091 1755 2143 Οὐδὲ
1788 2092 1896 2163 γάρ

326 2167 462 2250 είκει
485 2167 659 2250 νυκτὶ,
688 2165 808 2219 οὐδὲ
838 2170 1156 2238 παραχωρεῖ
1181 2169 1376 2240 σκότῳ,
1403 2171 1514 2224 ἀλλ’
1539 2171 1896 2250 ἄφατοςδοῦσα

325 2248 422 2301 καὶ
463 2247 693 2319 μεγάλη,
741 2250 836 2302 καὶ⁸
868 2250 1003 2303 πολὺ
1035 2251 1238 2324 ταύτην
1285 2253 1378 2324 τὴν
1410 2255 1695 2326 ὁρωμένην
1729 2247 1896 2328 ὕπερ-

323 2331 603 2398 6αίνουσα,
627 2331 709 2386 ἔτι
739 2333 836 2386 καὶ
872 2333 1030 2387 τοῦτο
1067 2335 1180 2405 ἔχει
1215 2337 1498 2406 μέγιστον,
1523 2339 1584 2392 τὸ
1615 2339 1786 2411 πέρας
1817 2342 1892 2412 μή

321 2415 592 2487 δέχεσθαι,
631 2417 771 2489 ὅπερ
790 2418 996 2487 ἀφάτου
1031 2419 1311 2491 δυνάμεώς
1343 2423 1459 2476 ἐστι
1483 2422 1577 2476 τοῦ
1610 2423 1891 2494 βασιλέως,

320 2498 385 2552 τὸ
414 2497 484 2551 τὰ
513 2497 740 2570 σώματα
764 2499 832 2554 τά
871 2501 1084 2574 φθαρτά
1121 2504 1215 2556 καὶ
1241 2503 1482 2576 ἐπίκηρα
1509 2508 1588 2570 είς
1622 2510 1892 2579 τοσαύτην

320 2581 476 2660 ἀγειν
508 2582 660 2652 ἰσχὺν
705 2583 800 2636 καὶ
832 2583 1079 2655 δύναμιν.
1120 2580 1256 2644 Εἶτα
1294 2587 1480 2659 ἐπειδὴ
1528 2591 1738 2660 μεγάλα
1769 2593 1892 2646 τινὰ

321 2659 442 2716 εἷπε
461 2702 477 2727 ,
506 2667 600 2718 καὶ
627 2667 747 2728 ταῖς
776 2664 988 2720 ἐλπίσιν
1029 2668 1304 2738 ἐπτέρωσε
1336 2670 1428 2723 τὸν
1461 2659 1750 2744 ἀκροατὴν,
1780 2674 1890 2728 δεί-

319 2764 507 2801 κνυσιν
526 2748 607 2800 ὅτι
639 2748 862 2812 εἰκότως
895 2748 1066 2804 ταῦτα
1093 2751 1320 2819 γίνεται,
1349 2753 1536 2825 ἐπειδὴ
1572 2755 1890 2826 τηλικοῦτος

309 2834 348 2883 ’ὀ
391 2829 690 2900 κατορθῶν.
723 2831 818 2894 Τίς
870 2831 927 2884 δὲ
957 2834 986 2885 ὸ
1033 2834 1348 2904 κατορθῶν;
1389 2836 1446 2890 'U
1478 2837 1762 2908 ὸμοούσιος
1811 2840 1889 2912 τῷ

319 2913 513 2985 Ιίατρί.
551 2913 721 2967 Τοῦτο
761 2915 870 2986 γὰρ
905 2916 1079 2986 δηλῶν
1129 2919 1439 2990 ἐπήγαγεν·
1496 2922 1591 2976 Ἐκ
1630 2923 1890 2993 γαστρὸς

319 2997 432 3064 πρὸ
462 2996 773 3065 ἐωσφόρου
796 2997 1094 3067 ἐγέννησὰ
1122 3017 1214 3056 σε.

399 3077 538 3131 Ἀλλ’
585 3081 633 3132 οἱ
666 3079 803 3150 πρὸς
832 3079 929 3151 τὴν
961 3081 1168 3134 ἑαυτῶν
1209 3083 1433 3157 γνώμην
1472 3087 1888 3161 διαστρέφοντες

315 3161 385 3214 τὰ
413 3161 695 3233 εἰρημένα,
730 3163 855 3232 περὶ
883 3162 983 3232 τῆς
1013 3167 1152 3220 κατά
1186 3167 1360 3238 σάρκα
1387 3169 1558 3224 ταῦτα
1585 3174 1887 3242 γεννήσεως

315 3244 563 3316 εἰρῆσθαί
591 3262 743 3314 φασι.
775 3245 898 3308 Πῶς
927 3244 1020 3300 οὖν
1039 3286 1053 3309 ,
1093 3249 1214 3316 Πρὸ
1242 3250 1586 3320 ἐωσφόρου;
1617 3255 1738 3308 εἰπέ
1773 3273 1884 3325 μοι.

317 3330 428 3400 Τὴν
457 3329 627 3382 νύκτα
643 3329 813 3394 οὕτως
845 3326 986 3392 εἶπε,
1017 3331 1137 3384 καθ’
1167 3335 1232 3404 ἢν
1261 3334 1522 3397 ἐτίκτετο,
1548 3339 1628 3391 ὅτι
1659 3339 1764 3410 πρὸ
1791 3341 1884 3394 τοῦ

313 3412 510 3485 ὖρθρου
541 3409 756 3483 ἐτέχθη.
809 3413 946 3466 Ἀλλ’
972 3415 1031 3467 ού
1061 3410 1216 3468 τοῦτο
1255 3411 1322 3486 ἦν
1362 3418 1422 3471 τὸ
1451 3409 1780 3490 ζητούμενον
1805 3425 1883 3476 εί-

313 3497 458 3559 πεῖν,
474 3495 594 3549 ούδὲ
619 3495 861 3567 ἱστορίας
883 3497 1038 3566 χάριν
1061 3497 1243 3566 ἐλεγεν
1261 3517 1270 3527 ·
1291 3499 1466 3564 ἄλλως
1488 3501 1543 3554 δὲ
1560 3503 1681 3556 σύδέ
1705 3505 1883 3575 ἔχουσι

312 3578 500 3645 δεῖξαι,
531 3581 612 3642 ὅτι
641 3581 777 3650 ὅπερ
819 3582 866 3633 οί
899 3581 1281 3649 εύαγγελισταὶ
1315 3585 1588 3653 ἐδίδαξαν,
1619 3589 1774 3642 τοῦτο
1810 3587 1884 3643 εἴ·

313 3681 416 3716 πον
470 3664 537 3718 ἂν
587 3667 632 3718 οἱ
682 3665 954 3735 προφῆται
996 3667 1044 3718 οἱ
1089 3670 1564 3740 συνεσκιασμένως
1610 3673 1678 3726 τά
1715 3673 1884 3728 πλείω

313 3746 692 3818 φθεγγόμενοι.
729 3748 992 3801 Ἐνταῦθα
1008 3749 1186 3803 τοίνυν
1211 3751 1292 3815 τὸ,
1324 3752 1442 3819 Πρὸ
1469 3753 1800 3824 ἐωσφόρου,
1820 3757 1881 3809 ού

313 3831 421 3903 πρὸ
451 3832 547 3902 τῆς
574 3832 834 3901 ἀνατολῆς
865 3833 1013 3902 λέγει
1049 3833 1143 3887 τοῦ
1167 3836 1464 3908 έωσφόρου,
1497 3838 1630 3892 ἀλλά
1651 3841 1756 3910 πρὸ
1782 3841 1883 3911 τῆς

311 3917 546 3984 φύσεως,
579 3916 686 3988 πρὸ
707 3916 800 3969 τοῦ
830 3917 1080 3986 γενέσθαι
1112 3919 1406 3990 ἑωσφόρον.
1429 3918 1548 3976 Οῐδε
1577 3923 1684 3994 γὰρ
1713 3923 1882 3978 ταῦτα

309 4003 344 4072 ή
375 4000 564 4072 Γραφὴ
601 4001 864 4081 διαιρεῖν,
883 4002 1013 4056 ὅταν
1045 4003 1154 4073 πρὸ
1193 4004 1406 4074 φύσεως
1442 4006 1599 4081 λέγῃ,
1629 4009 1724 4062 καὶ
1752 4010 1881 4064 ὅταν

279 4083 418 4156 ’πρὸ
455 4085 734 4154 ἐνεργείας
757 4099 772 4116 ·
820 4080 931 4137 οἷον
974 4085 1103 4138 ὅταν
1147 4085 1316 4160 λέγῃ·
1358 4088 1454 4143 Δεῖ
1499 4090 1748 4159 φθάνειν
1775 4094 1882 4148 τὸν

311 4169 525 4236 ὄρθρον
550 4168 644 4222 ἐπ’
677 4169 1065 4239 εὐχαριστίαν
1099 4184 1216 4224 σου
1241 4181 1283 4234 ⁸,
1309 4172 1408 4225 καὶ
1439 4173 1553 4242 πρὸ
1578 4176 1881 4246 ἀνατολῆς

307 4251 503 4320 φωτὸς
530 4251 922 4322 ἐντυγχάνειν
962 4268 1083 4307 σοι.
1129 4252 1394 4307 Ἐνταῦθα
1427 4256 1534 4327 γὰρ
1561 4257 1652 4310 τὸν
1684 4258 1878 4330 ὄρθρον

307 4336 475 4404 λέγει.
502 4334 578 4387 Οὐ
599 4335 706 4407 γάρ
727 4331 867 4398 εἷπε,
890 4336 1005 4408 Πρὸ
1028 4337 1198 4408 ήλίου,
1222 4337 1378 4401 ἀλλά,
1406 4341 1525 4408 Πρὸ
1546 4341 1846 4410 ἀνατολῆς
1862 4362 1877 4378 ο

305 4416 393 4479 ού,
419 4418 535 4488 Πρὸ
559 4419 656 4488 τῆς
687 4418 898 4488 φύσεως
916 4437 930 4450 ·
964 4419 1115 4473 οὐδὲν
1143 4419 1252 4492 γὰρ
1286 4421 1393 4493 πρὸ
1414 4422 1514 4493 τῆς
1540 4424 1753 4492 φύσεως
1784 4427 1878 4480 τοῦ

306 4501 457 4572 ἡλίου
476 4504 718 4571 γέγονεν·
745 4503 899 4566 ἀλλά,
932 4503 1045 4574 Πρὸ
1077 4505 1341 4576 ἀνατολῆς
1357 4505 1452 4559 τοῦ
1475 4507 1646 4580 ήλίου,
1678 4509 1764 4563 ἵνα
1787 4511 1878 4566 τὸν

305 4585 502 4658 ὄρθρον
527 4588 764 4659 ἐμφήνῃ.
793 4585 1047 4658 Ἀλλαχοῦ
1068 4587 1123 4642 δὲ
1147 4587 1296 4661 [261]
1315 4590 1404 4642 ὅτε
1425 4591 1531 4663 πρὸ
1547 4593 1646 4662 τῆς
1665 4592 1878 4662 φύσεως

305 4669 470 4723 αὐτοῦ
505 4669 672 4738 λέγει,
703 4669 763 4722 οὐ
795 4669 962 4738 λέγει,
990 4671 1104 4742 Πρὸ
1132 4672 1417 4742 ἀνατολῆς,
1447 4673 1603 4738 ἀλλὰ,
1626 4677 1744 4743 Πρὸ
1769 4679 1877 4733 τοῦ

305 4752 504 4819 ἡλίου·
532 4753 609 4816 ὼς
650 4755 778 4807 ὅταν
808 4753 960 4825 λέγῃ·
1001 4753 1120 4822 Πρὸ
1162 4755 1269 4809 τοῦ
1313 4757 1492 4825 ἡλίου
1521 4756 1780 4828 διαμένει
1809 4762 1875 4814 τὸ

307 4835 492 4905 ὄνομα
511 4835 716 4890 αὑτοῦ.
740 4835 850 4891 Καὶ
868 4836 982 4906 πρὸ
998 4837 1106 4904 τῆς
1127 4837 1395 4908 σελήνης
1412 4840 1620 4910 γενεὰς
1636 4845 1872 4911 γενεῶν.

306 4918 520 4989 Ὠσπερ
562 4914 655 4972 οὖν
698 4920 883 4992 ἕτερον
925 4921 1020 4985 τὸ,
1054 4921 1176 4989 Πρὸ
1212 4923 1415 4991 ἡλίου,
1446 4926 1539 4978 καὶ
1571 4927 1752 4999 ἕτερον
1782 4928 1872 4994 τὸ,

305 5002 428 5070 Πρὸ
464 5001 768 5072 ἀνατολῆς
811 5004 1029 5072 ἡλίου·
1073 5003 1136 5057 τὸ
1180 5005 1278 5074 μὲν
1312 5006 1422 5078 γὰρ
1460 5007 1558 5078 τὴν
1595 5009 1876 5080 ἐνέργειαν

304 5086 400 5140 τοῦ
428 5085 581 5158 ἡλίου
606 5127 622 5150 ,
653 5087 746 5140 καὶ
779 5085 872 5140 τὸν
899 5086 1095 5160 ὄρθρον
1142 5086 1326 5160 δηλοῖ,
1361 5089 1424 5142 τὸ
1462 5090 1519 5145 δὲ
1551 5092 1653 5164 τὴν
1679 5095 1870 5162 φύσιν·

305 5168 447 5224 οὕτω
472 5170 536 5242 δὴ
565 5171 659 5223 καὶ
683 5170 915 5225 ἐνταῦθα
943 5173 992 5225 εἰ
1020 5170 1270 5225 ἐϐούλετο
1292 5173 1392 5244 τὴν
1411 5175 1580 5229 νύκτα
1612 5177 1870 5248 δηλῶσαι,

304 5255 406 5308 οὐκ
435 5253 502 5307 ἂν
537 5249 658 5306 εἷπε
682 5294 698 5315 ,
727 5253 847 5323 Πρὸ
887 5254 1218 5324 ἐωσφόρου,
1251 5256 1414 5321 ἀλλά,
1454 5259 1569 5330 Πρὸ
1610 5260 1873 5333 ἀνατολῆς

305 5338 604 5411 ἑωσφόρον.
638 5338 845 5401 Ἄλλως
876 5338 931 5392 δὲ
962 5339 1055 5392 καὶ
1082 5341 1110 5392 6
1143 5340 1374 5405 Χριστὸς
1409 5341 1499 5394 τὸν
1527 5342 1738 5412 ψαλμὸν
1759 5345 1874 5398 τοῦ·

304 5439 396 5476 τον
424 5424 522 5476 οὐκ
546 5424 625 5488 εἰς
662 5425 760 5496 τὴν
792 5422 932 5476 κατὰ
961 5425 1137 5494 σάρκα
1161 5424 1492 5496 οἰκονομίαν,
1522 5426 1636 5479 ἀλλ’
1669 5429 1748 5492 είς
1774 5429 1872 5501 τὴν

365 5638 393 5667 ⁸
413 5637 535 5698 Reg.
563 5638 636 5698 ἐπ’
657 5637 930 5698 εὐχαριστίᾳ
947 5635 1243 5687 σου.1.οουω
1265 5638 1395 5688 hunc
1415 5640 1488 5688 sic
1513 5639 1872 5690 habentcraeca

309 5698 462 5748 Biblia
483 5689 748 5766 Sapienti;
771 5689 848 5766 i_6,
873 5689 936 5747 23
960 5718 973 5766 ξ
999 5699 1068 5746 δεῖ
1091 5701 1271 5762 φθάνειν
1297 5703 1430 5758 ἥλιον
1461 5702 1534 5750 ἐπ’
1575 5689 1873 5766 εὐχαριστίαν

306 5773 414 5819 σου,
437 5763 579 5815 ειεὶε
596 5762 768 5820 utique
792 5760 1077 5822 legendum.

598 5860 872 5924 ΡΑτιιοι..
918 5863 1036 5924 (in.
1085 5863 1212 5931 LV.

1441 309 1798 366 EXPOSITIO
1831 309 1900 364 IN
1938 303 2262 364 PSALMUM
2297 305 2425 361 CIX.

3480 305 3585 360 2276

2014 422 2154 475 κατὰ
2184 420 2408 491 Πνεῦμα
2439 419 2690 490 γέννησιν
2715 418 2922 471 ἔλαϐεν.
2957 417 3137 472 Εἰπὼν
3169 416 3277 488 γὰρ
3308 420 3419 481 τοῖς
3457 419 3589 472 ’1ου-

2012 506 2204 568 δαίοις,
2269 505 2329 558 Τί
2366 502 2506 572 ὑμῖν
2557 502 2722 555 δοκεῖ
2750 502 2882 572 περὶ
2929 500 3036 557 τοῦ
3075 500 3372 568 Χριστοῦζ
3421 504 3585 568 τίνος

2012 590 2142 655 υἱός
2171 589 2370 650 ἐστιν;
2394 585 2580 656 ἐπειδὴ
2611 581 2760 638 εἷπον
2779 627 2794 650 ,
2835 587 2944 640 Τοῦ
2969 584 3168 650 Δαυῒδ,
3212 585 3460 656 ἐπήγαγε
3493 585 3584 639 τὸν
3659 659 3661 662 γ

2009 670 2246 742 ψαλμὸν,
2292 671 2464 737 λέγων
2487 685 2499 698 ·
2534 668 2666 735 Πῶς
2712 666 2826 724 οὖν
2869 670 3047 722 Δαυΐδ
3077 683 3298 738 φησιν,
3329 664 3512 724 Εἶπεν
3550 671 3583 722 ό

2009 756 2224 823 Κύριος
2251 754 2331 820 τῷ
2361 753 2553 821 Κυρίῳ
2579 771 2696 822 μου
2715 771 2726 785 ·
2763 753 2960 808 Κάθου
2991 755 3059 808 ἐκ
3094 751 3308 822 δεξιῶν
3322 769 3440 822 μου
3465 769 3484 817 ;
3513 752 3582 805 El

2010 834 2124 893 οὖν
2144 840 2358 905 Κύριος
2383 837 2569 891 αὑτοῦ
2585 837 2733 902 ἐστι,
2762 836 2888 903 πῶς
2905 837 3074 905 ὑμεῖς
3096 837 3320 907 λέγετε,
3340 837 3428 890 ὅτι
3448 833 3583 903 υίὸς

2008 920 2196 976 αὑτοῦ
2223 921 2392 983 ἐστι;
2420 921 2484 973 Τί
2510 917 2602 974 οὖν
2629 922 2746 974 ἐστι
2769 921 2830 973 τὸ
2860 920 3185 990 λεγόμενον;
3235 919 3310 973 Τὸ
3353 921 3578 991 γνήσιον

2006 1005 2108 1075 τῆς
2140 1006 2442 1075 γεννήσεως
2465 1005 2807 1076 παρέστησεν
2833 1003 3085 1058 ἐνταῦθα.
3121 1002 3186 1056 τί
3209 999 3331 1070 οὖν;
3353 1002 3460 1074 πρὸ
3481 1002 3575 1056 τοῦ

2007 1087 2284 1158 ἐωσφόρου
2324 1085 2483 1158 μόνον
2531 1087 2717 1153 ἐστίν;
2773 1087 3055 1156 Οὐδαμῶς.
3107 1087 3261 1139 Ἐπεὶ
3292 1086 3388 1140 καὶ
3416 1085 3577 1139 611a-

2005 1169 2103 1240 χοῦ
2134 1187 2299 1241 φησι·
2335 1170 2457 1238 Πρὸ
2479 1168 2590 1238 τῆς
2621 1169 2895 1239 σελήνης
2923 1173 2956 1223 ό
2983 1169 3194 1238 θρόνος
3221 1167 3428 1223 αὑτοῦ.
3465 1169 3575 1223 Καὶ

2003 1255 2064 1305 οὐ
2088 1253 2195 1325 πρὸ
2223 1253 2324 1324 τῆς
2353 1252 2580 1323 σελήνης
2609 1252 2786 1324 μόνον,
2820 1252 2942 1306 ἐπεὶ
2967 1252 3061 1306 καὶ
3089 1253 3218 1323 περὶ
3246 1251 3336 1305 τοῦ
3363 1252 3575 1322 Πατρὸς

2003 1336 2179 1405 λέγει·
2212 1337 2331 1405 Πρὸ
2371 1336 2478 1391 τοῦ
2522 1338 2627 1404 ὅρη
2674 1335 3016 1404 γενηθῆναι,
3069 1337 3168 1390 καὶ
3229 1335 3574 1403 πλασθῆναι

2002 1419 2118 1486 τὴν
2154 1417 2289 1489 γῆν,
2312 1420 2410 1473 καὶ
2442 1417 2557 1486 τὴν
2593 1420 2968 1491 οἰκουμένην,
3008 1419 3104 1473 καὶ
3136 1419 3254 1473 ἀπὸ
3293 1419 3398 1473 τοῦ
3437 1418 3574 1472 ald)-

2001 1519 2130 1567 νος,
2161 1500 2258 1555 καὶ
2282 1501 2393 1566 ἕως
2420 1501 2525 1555 τοῦ
2545 1503 2758 1568 αἰῶνος
2788 1503 2868 1556 σὺ
2893 1503 2962 1556 εἷ.
2990 1503 3102 1556 Οὐκ
3136 1501 3239 1556 ἀπὸ
3257 1501 3350 1554 τοῦ
3380 1500 3572 1565 αἰῶνος

2005 1585 2184 1653 μόνον.
2227 1583 2364 1637 6116
2409 1585 2501 1637 καὶ
2545 1585 2652 1656 πρὸ
2699 1585 2792 1638 τοῦ
2847 1586 3078 1650 αἰῶνος·
3145 1585 3266 1640 οὐδὲ
3316 1584 3424 1656 γὰρ
3467 1585 3574 1647 ἕως

1999 1667 2094 1720 τοῦ
2133 1667 2347 1732 αἰῶνος,
2390 1667 2504 1720 ἀλλ’
2533 1669 2775 1739 ἀπείρως
2828 1669 2962 1722 ἐστί.
3014 1669 3105 1740 Μὴ
3155 1669 3218 1738 δὴ
3265 1667 3569 1740 πρόσπταιε

1997 1754 2118 1814 ταῖς
2148 1749 2375 1816 λέξεσιν,
2409 1750 2544 1805 ἀλλά
2568 1751 2883 1821 θεοπρεπῶς
2908 1752 3062 1823 δέχου
3093 1753 3191 1821 τὴν
3211 1751 3437 1806 ἔννοιαν.
3462 1751 3570 1804 Καὶ

1997 1833 2098 1904 ὅρα
2125 1835 2410 1904 Προφήτου
2451 1834 2662 1903 σοφίαν.
2707 1835 3032 1906 Ἀρχόμενος
3083 1834 3173 1888 τοῦ
3204 1833 3438 1904 ψαλμοῦ,
3467 1835 3568 1890 οὐκ

1998 1917 2248 1971 ἐντεῦθεν
2275 1915 2494 1988 ἤρξατο·
2528 1918 2629 1971 Ἐκ
2651 1918 2910 1988 γαστρὸς
2937 1916 3051 1986 πρὸ
3075 1917 3383 1986 ἐωσφόρου
3404 1917 3568 1986 ἐγέν-

1996 2001 2159 2067 νησά
2192 2014 2297 2054 σε·
2326 2000 2460 2054 ἀλλά
2498 2002 2762 2073 πρότερον
2786 2003 2963 2068 δείξας
2992 2001 3155 2054 αὐτοῦ
3189 2001 3255 2054 τὰ
3290 2001 3566 2072 κατορθώ-

1999 2099 2166 2153 ματα,
2190 2083 2283 2136 καὶ
2304 2083 2391 2136 διά
2420 2083 2526 2136 τῶν
2555 2084 2730 2155 ἔργων
2759 2083 3104 2154 ἀνακηρύξας
3137 2083 3317 2145 αὑτὸν,
3343 2084 3567 2154 ὕστερον

1995 2165 2102 2218 ἀπὸ
2117 2165 2338 2236 κυρίουδ
2354 2165 2621 2220 δείκνυσιν
2639 2165 2799 2220 αὑτοῦ
2817 2167 2915 2232 τὴν
2939 2165 3273 2230 ἁξίαν.οῦτω
3295 2167 3389 2220 καὶ
3404 2166 3567 2230 αὐτὸς

1993 2247 2208 2316 ἔλεγεν·
2236 2251 2307 2302 El
2348 2251 2420 2303 οὐ
2458 2249 2606 2304 ποιῶ
2632 2248 2705 2304 τὰ
2753 2251 2896 2320 ἔργα
2924 2250 3030 2303 τοῦ
3054 2252 3285 2316 Πατρός
3309 2268 3447 2318 μου,
3478 2249 3564 2319 μὴ

1994 2332 2306 2386 πιστεύετέ
2322 2350 2443 2401 μοι.
2459 2335 2526 2386 El
2541 2332 2610 2386 δὲ
2627 2331 2794 2396 ποιῶ,
2819 2332 2935 2386 κᾶν
2961 2333 3086 2402 ἐμοὶ
3103 2331 3188 2402 μὴ
3219 2333 3562 2400 πιστεύητε,

1992 2416 2117 2482 τοῖς
2145 2416 2339 2486 ἔργοις
2367 2419 2731 2470 πιστεύσατε
2751 2433 2763 2445 ·
2794 2417 2880 2469 ἵνα
2913 2415 3120 2487 μαθὼν,
3153 2417 3233 2470 δτι
3256 2418 3285 2470 6
3321 2416 3565 2488 καθήμε-

1992 2516 2081 2562 νος
2121 2501 2177 2550 ἐν
2201 2498 2351 2570 δεξιᾷ
2381 2499 2474 2551 τοῦ
2504 2499 2737 2571 Πατρὸς,
2775 2499 2804 2549 6
2839 2500 3044 2570 Κύριος
3076 2498 3408 2570 καλούμενος
3429 2500 3505 2561 ὡς
3535 2501 3565 2553 6

1992 2579 2202 2651 Πατήρ,
2231 2581 2259 2632 6
2291 2581 2408 2650 μεθ’
2428 2582 2620 2634 ἑαυτοῦ
2651 2582 2750 2654 τὴν
2776 2582 2949 2654 ἀρχὴν
2977 2582 3136 2653 ἔχων,
3160 2581 3564 2654 όλαμπρότητα

1988 2662 2244 2735 τοιαύτην
2275 2664 2664 2735 ἐργαζόμενος,
2690 2668 2718 2720 6
2741 2667 2945 2736 μεταξὺ
2977 2665 3088 2719 τῶν
3123 2666 3292 2720 ἐθνῶν
3323 2683 3563 2720 κατακυ-

1993 2747 2208 2820 ριεύων,
2247 2748 2320 2820 μὴ
2347 2748 2678 2822 θορυϐηθῇς,
2711 2750 2806 2804 ἐὰν
2838 2749 3098 2822 ἀκούσῃς,
3123 2750 3206 2804 ὅτι
3233 2744 3386 2812 οὗτος
3434 2750 3562 2813 Υἱός

1991 2831 2221 2885 ἐστικαὶ
2246 2831 2352 2904 πρὸ
2374 2832 2473 2903 τῆς
2493 2833 2725 2896 κτίσεως
2749 2833 2986 2904 ἀπάσης.
3014 2832 3328 2902 Θαυμάζειν
3341 2830 3397 2883 δέ
3412 2831 3562 2896 ἀξιον

1988 2913 2081 2966 τὸν
2123 2914 2428 2986 Προφήτην,
2462 2915 2582 2979 πῶς
2606 2916 2674 2969 τά
2703 2915 2802 2986 μὲν
2840 2918 2904 2970 ἐκ
2934 2914 3222 2987 προσώπου
3273 2913 3372 2968 τοῦ
3400 2914 3558 2978 Θεοῦ,

1987 2996 2058 3050 τά
2087 2996 2144 3050 δὲ
2169 3001 2232 3051 ἐκ
2262 2997 2556 3069 προσώπου
2591 2998 2757 3052 αὑτοῦ
2813 2998 3133 3068 φθέγγεται.
3177 2999 3250 3050 Τὸ
3298 2998 3396 3068 μέν
3425 2998 3556 3069 γὰρ,

1987 3079 2184 3138 Κάθου
2210 3080 2280 3134 ἐκ
2309 3081 2529 3146 δεξιῶν
2569 3100 2704 3151 μου,
2740 3084 2834 3136 καὶ
2870 3083 2930 3136 τὸ
2952 3125 2967 3149 ,
3009 3085 3110 3138 Ἐκ
3150 3081 3407 3152 γαστρὸς
3443 3083 3559 3150 πρὸ

1985 3165 2298 3234 ἐωσφόρου
2321 3164 2623 3234 ἐγέννησα
2651 3181 2745 3230 σε,
2783 3160 3091 3236 ἆπερνέστὶν
3113 3165 3419 3237 ὑψηλότερα
3454 3167 3556 3220 αὐ-

1985 3247 2100 3311 τοῦ,
2123 3247 2284 3301 αὐτὸν
2307 3249 2513 3315 εἰσάγει
2533 3249 2622 3301 τὸν
2642 3249 2773 3302 Θεὸν
2789 3248 3016 3318 λέγοντα
3035 3266 3047 3280 ·
3069 3248 3138 3302 τὰ
3161 3248 3217 3300 δέ
3238 3247 3372 3302 ἄλλα
3393 3248 3558 3311 αὐτὸς

1984 3329 2272 3400 διηγεῖται.
2300 3331 2500 3383 Σκόπει
2531 3331 2588 3384 δὲ
2615 3333 2708 3385 καὶ
2737 3331 2877 3402 πόσῃ
2906 3330 3168 3403 κέχρηται
3203 3331 3489 3400 οἰκειότητι
3527 3341 3551 3367 α

1984 3412 2083 3482 τῆς
2110 3411 2326 3478 λέξεως.
2347 3410 2541 3483 Ἤρκει
2571 3414 2670 3484 μὲν
2686 3413 2794 3484 γὰρ
2813 3414 2984 3467 καὶτὸ
3003 3415 3196 3477 είπεῖν,
3231 3412 3558 3480 Ἐγέννησὰ

1985 3511 2093 3548 σε·
2124 3495 2261 3548 ἀλλά
2281 3494 2372 3548 διά
2403 3497 2528 3558 τοὺς
2556 3496 2728 3566 χαμαὶ
2757 3496 3094 3566 βαδίζοντας,
3124 3497 3210 3550 ἵνα
3245 3496 3306 3548 τὸ
3333 3497 3555 3566 γνήσιον

1985 3581 2336 3650 παραστήσῃ,
2374 3580 2467 3632 καὶ
2517 3579 2720 3650 ταύτης
2752 3580 3128 3650 ἐμνημόνευσε
3171 3579 3268 3650 τῆς
3320 3581 3551 3650 ρήσεως.

1983 3661 2392 3733 Καὶλκαθάπερ
2438 3663 2610 3729 λέγων
2652 3665 2830 3734 χεῖρα,
2871 3663 2969 3734 οὐχ
3003 3663 3088 3715 ἴνα
3125 3662 3554 3732 ύποπτεύσωμεν

1983 3747 2163 3816 χεῖρα,
2204 3745 2373 3814 λέγει,
2395 3745 2530 3800 ἀλλά
2560 3747 2660 3820 τὴν
2691 3746 3090 3818 δημιουργικὴν
3121 3747 3382 3817 δύναμιν·
3411 3745 3554 3799 οὕτω

1983 3829 2079 3882 καὶ
2103 3829 2342 3900 γαστρὸς
2365 3829 2794 3901 ἐμνημόνευσεν,
2837 3831 2922 3885 ἵνα
2959 3831 3019 3884 τὸ
3042 3833 3260 3903 γνήσιον
3291 3831 3389 3902 τῆς
3426 3845 3551 3898 γεν-

1981 3912 2188 3982 νήσεως
2235 3915 2580 3985 παραστήσῃ.

2052 3996 2122 4067 η’.
2138 3993 2269 4049 Εἶτα
2295 3996 2614 4068 βουλόμενος
2637 3999 2735 4067 τὴν
2753 3999 3087 4069 προφητείαν
3111 3999 3166 4051 ὲν
3199 3999 3435 4069 σχήματι
3470 4000 3548 4055 δι-

1982 4078 2182 4134 καστοῦ
2205 4078 2354 4152 [262]
2381 4080 2685 4146 συνθεῖναι,
2715 4083 2851 4153 πρὸς
2874 4083 3034 4136 αὑτὸν
3053 4082 3149 4153 τὴν
3171 4083 3357 4136 λαλιάν
3380 4085 3552 4137 ποιεῖ-

1978 4181 2092 4226 ται,
2135 4164 2271 4234 ὅπερ
2300 4165 2670 4237 σφοδροτάτης
2714 4168 2935 4238 ἀγάπης
2957 4163 3024 4239 ἦν
3051 4169 3146 4222 καὶ
3177 4169 3348 4238 χαρᾶς
3375 4169 3550 4241 ὕπερ-

1980 4246 2300 4319 6αλλούσης,
2334 4249 2427 4300 καὶ
2448 4247 2625 4319 ψυχῆς
2645 4250 2848 4323 σφόδρα
2869 4251 3096 4322 κατόχου
3127 4250 3255 4321 θείῳ
3272 4249 3550 4322 Πνεύματι

1979 4334 2290 4405 γινομένης.
2317 4336 2537 4404 Ὤμοσε
2559 4337 2797 4404 Κύριος,
2831 4338 2929 4391 καί
2956 4339 3027 4392 οὐ
3062 4335 3552 4406 μεταμεληθήσε-

1977 4439 2090 4478 ται.
2127 4421 2212 4475 Σὺ
2245 4422 2436 4490 ἱερεὺς
2478 4426 2567 4490 είς
2611 4422 2720 4477 τὸν
2752 4423 2955 4488 αὶῶνα,
3004 4423 3152 4478 κατὰ
3203 4423 3319 4491 τὴν
3373 4423 3551 4489 τάξιν

1978 4509 2368 4580 Μελχισεδέκ.
2418 4509 2582 4583 Ὁρᾷς
2618 4505 2735 4574 πῶς
2766 4511 2926 4566 πάλιν
2957 4510 3050 4564 ἐπὶ
3072 4510 3134 4563 τὸ
3170 4511 3550 4583 ταπεινότερον

1975 4596 2068 4652 τὸν
2112 4597 2268 4667 λόγον
2307 4597 2453 4666 ἄγει,
2503 4597 2636 4650 ποτέ
2692 4598 2792 4668 μὲν
2821 4597 2950 4669 περὶ
2975 4599 3075 4670 τῆς
3106 4597 3376 4670 θεότητος,
3419 4601 3552 4653 ποτὲ

1975 4684 2033 4738 δὲ
2052 4686 2180 4755 περὶ
2217 4687 2317 4756 τῆς
2338 4684 2436 4739 ἀνθ
2443 4685 2756 4758 ρωπότητος
2776 4687 3156 4757 διαλεγόμενος
3175 4703 3190 4752 ;
3222 4686 3359 4757 ὅπερ
3385 4689 3480 4741 καὶ
3500 4690 3550 4741 οἰ

1977 4772 2362 4842 εὐαγγελισταὶ
2397 4772 2644 4826 ποιοῦσιν
2665 4812 2681 4837 ,
2722 4773 2809 4826 ἵνα
2853 4773 3194 4843 ἑκατέρωθεν
3229 4774 3264 4844 ἡ
3293 4773 3553 4845 ἀκρίϐεια

1975 4862 2083 4916 τῶν
2101 4861 2383 4933 δογμάτων
2406 4861 2745 4932 διατηρῆται.
2766 4863 2876 4916 Καὶ
2898 4860 2985 4914 διὰ
3011 4863 3063 4915 τί
3086 4857 3228 4925 εἷπε,
3257 4865 3419 4916 Κατὰ
3441 4862 3554 4928 thr

1975 4946 2146 5012 τάξιν
2163 4947 2535 5016 Μελχισεδέκ
2556 4963 2575 5011 ;
2605 4949 2712 5001 Καὶ
2740 4948 2827 5002 διὰ
2850 4948 2916 5002 τὰ
2949 4955 3242 5021 μυστήρια,
3263 4951 3345 5004 ὅτι
3367 4949 3554 5002 κάκεῖ-

1973 5053 2066 5100 νος
2108 5037 2273 5108 ἄρτον
2312 5036 2406 5089 καὶ
2449 5032 2589 5089 οἶνον
2635 5037 2977 5109 προσήνεγκε
3010 5036 3086 5108 τῷ
3125 5037 3408 5109 Ἀϐραὰμ,
3460 5039 3552 5088 καὶ

1972 5124 2060 5178 διὰ
2093 5124 2156 5178 τὸ
2181 5123 2470 5195 ἐλευθέραν
2503 5120 2640 5178 εἶναι
2671 5125 2766 5179 τοῦ
2789 5127 2954 5198 νόμου
2979 5126 3182 5197 ταύτην
3205 5127 3303 5197 τὴν
3330 5123 3552 5198 ίερωσύ·

2039 5266 2068 5306 b
2092 5266 2248 5340 Savil;
2266 5339 2271 5340 ν
2289 5266 2401 5335 ἀπὸ.
2422 5267 2507 5340 τοῦ
2550 5270 2716 5340 κυρίου
2755 5270 2905 5340 habe!
2941 5278 2996 5320 et
3013 5271 3119 5340 harp
3142 5275 3276 5319 uolat
3301 5290 3312 5318 :
3339 5288 3363 5310 ιι
3386 5268 3546 5340 [nger-

2004 5341 2107 5395 res,
2131 5327 2448 5395 eqdominio,
2471 5330 2526 5395 ἐκ
2545 5327 2632 5395 τοῦ
2663 5332 2822 5395 κύριον
2861 5334 2995 5391 εἶναι,
3028 5330 3099 5382 vel
3127 5331 3541 5395 προσωχομὼσθαι.

2004 5343 2107 5384 res.
2131 5343 2194 5378 ea;
2216 5343 2448 5386 aommw,
2471 5345 2526 5377 εκ
2545 5347 2632 5378 του
2663 5347 2822 5395 κυριον
2861 5343 2995 5391 εἰναι,
3028 5343 3097 5382 vel
3127 5343 3541 5394 προσωνομωσθαι.

1974 5343 2168 5444 goisius
2190 5387 2472 5458 ingepigse,
2494 5393 2588 5439 ἀπὸ
2627 5392 2719 5458 ,τοῦ
2749 5395 2910 5458 κυρίου
2951 5394 3194 5458 δνόματος.
3231 5409 3248 5438 ι
3293 5391 3397 5458 Ego
3418 5405 3544 5458 peu-

1971 5463 2096 5503 tram
2139 5451 2539 5520 emendationgm
2579 5451 2822 5520 admitto;
2854 5464 2907 5504 et
2961 5451 3119 5503 loc'um
3173 5451 3542 5520 bene_'hapqra

1972 5523 2114 5580 pluo,
2136 5514 2226 5561 sed
2248 5514 2376 5561 male
2399 5527 2426 5580 ᾳ
2453 5513 2696 5580 ῦβηιίεηο
2720 5513 3011 5580 conversum
3035 5529 3165 5573 esse,
3194 5528 3272 5580 ἐκ
3288 5513 3539 5580 dominio;
3567 5549 3569 5552 ‹

1972 5573 2062 5628 ἒεὸ
2102 5573 2220 5623 esse
2279 5573 2418 5640 quasi
2461 5575 2631 5640 dicask
2658 5591 2730 5640 exi
2763 5577 2985 5640 proprio,
3034 5576 3248 5640 propriq
3281 5577 3410 5626 loco.
3454 5576 3536 5640 vel

1971 5636 2500 5714 gppot{tflfg._§0651l_1_
2523 5639 2666 5714 πειρᾷς)
2704 5636 2948 5701 Οιέὶεείιεε
2975 5636 3044 5687 in’
3069 5636 3301 5688 Génesim
3323 5639 3538 5700 κυριολι-

1973 5695 2070 5772 ξίάν
2095 5705 2235 5772 fpcal
2253 5695 2846 5772 ρτορτὶαηιμίειξοηειηξη
2901 5763 2914 5772 .
3006 5762 3016 5772 ι
3387 5695 3396 5700 ’
3437 5731 3442 5735 λ

2041 5767 2064 5793 ε
2099 5762 2222 5822 Reg.
2253 5760 2484 5820 ἐγγύτητι.
2510 5760 2665 5810 δαγῦ.
2692 5769 2745 5810 ει
2765 5763 2850 5812 alii
2875 5762 3147 5816 οἰκειότητι.

3147 5865 3221 5927 17
