  <div class='ocr_page' id='page_1' title='image "/cluster/home/n/w/nwhite01/storage/ocr_20150623/55/nnc1.0046980016/267.png"; bbox 0 0 4108 6344; ppageno 0'>
   <div class='ocr_carea' id='block_1_1' title="bbox 614 313 720 373">
    <p class='ocr_par' dir='ltr' id='par_1_1' title="bbox 614 313 720 373">
     <span class='ocr_line' id='line_1_1' title="bbox 614 313 720 373; baseline -0.009 -2"><span class='ocrx_word' id='word_1_1' title='bbox 614 313 720 373; x_wconf 75' lang='grc'>277</span> 
     </span>
    </p>
   </div>
   <div class='ocr_carea' id='block_1_2' title="bbox 616 517 2178 595">
    <p class='ocr_par' dir='ltr' id='par_1_2' title="bbox 616 517 2178 595">
     <span class='ocr_line' id='line_1_2' title="bbox 616 517 2178 595; baseline 0.008 -28"><span class='ocrx_word' id='word_1_2' title='bbox 616 532 770 586; x_wconf 83' lang='grc' dir='ltr'>φησι,</span> <span class='ocrx_word' id='word_1_3' title='bbox 800 517 894 569; x_wconf 78' lang='grc' dir='ltr'>καὶ</span> <span class='ocrx_word' id='word_1_4' title='bbox 927 518 1177 589; x_wconf 82' lang='grc' dir='ltr'>ἄναρχον.</span> <span class='ocrx_word' id='word_1_5' title='bbox 1203 519 1381 591; x_wconf 81' lang='grc' dir='ltr'>Ὅπερ</span> <span class='ocrx_word' id='word_1_6' title='bbox 1425 522 1535 592; x_wconf 83' lang='grc' dir='ltr'>γὰρ</span> <span class='ocrx_word' id='word_1_7' title='bbox 1560 526 1764 588; x_wconf 87' lang='grc' dir='ltr'>ἐκεῖνος</span> <span class='ocrx_word' id='word_1_8' title='bbox 1790 521 1933 595; x_wconf 74' lang='grc' dir='ltr'>εἶχεν</span> <span class='ocrx_word' id='word_1_9' title='bbox 1966 527 2022 579; x_wconf 83' lang='grc' dir='ltr'>ἐν</span> <span class='ocrx_word' id='word_1_10' title='bbox 2058 530 2178 591; x_wconf 84' lang='grc' dir='ltr'>ταῖς</span> 
     </span>
    </p>
   </div>
   <div class='ocr_carea' id='block_1_3' title="bbox 616 601 2174 679">
    <p class='ocr_par' dir='ltr' id='par_1_3' title="bbox 616 601 2174 679">
     <span class='ocr_line' id='line_1_3' title="bbox 616 601 2174 679; baseline 0.008 -28"><span class='ocrx_word' id='word_1_11' title='bbox 616 602 817 663; x_wconf 85' lang='grc' dir='ltr'>σκιαῖς,</span> <span class='ocrx_word' id='word_1_12' title='bbox 848 601 1006 655; x_wconf 85' lang='grc' dir='ltr'>τοῦτο</span> <span class='ocrx_word' id='word_1_13' title='bbox 1039 604 1097 655; x_wconf 84' lang='grc' dir='ltr'>ἐν</span> <span class='ocrx_word' id='word_1_14' title='bbox 1116 605 1184 673; x_wconf 83' lang='grc' dir='ltr'>τῇ</span> <span class='ocrx_word' id='word_1_15' title='bbox 1211 604 1437 678; x_wconf 81' lang='grc' dir='ltr'>ἀληθείᾳ</span> <span class='ocrx_word' id='word_1_16' title='bbox 1466 607 1687 676; x_wconf 88' lang='grc' dir='ltr'>γέγονεν</span> <span class='ocrx_word' id='word_1_17' title='bbox 1716 610 1808 662; x_wconf 69' lang='grc' dir='ltr'>ἐπὶ</span> <span class='ocrx_word' id='word_1_18' title='bbox 1826 608 1920 662; x_wconf 90' lang='grc' dir='ltr'>τοῦ</span> <span class='ocrx_word' id='word_1_19' title='bbox 1963 610 2138 679; x_wconf 83' lang='grc' dir='ltr'>Ἰησοῦ</span> <span class='ocrx_word' id='word_1_20' title='bbox 2160 628 2174 641; x_wconf 75' lang='grc'><strong>⁸</strong></span> 
     </span>
    </p>
   </div>
   <div class='ocr_carea' id='block_1_4' title="bbox 613 688 2179 768">
    <p class='ocr_par' dir='ltr' id='par_1_4' title="bbox 613 688 2179 768">
     <span class='ocr_line' id='line_1_4' title="bbox 613 688 2179 768; baseline 0.007 -27"><span class='ocrx_word' id='word_1_21' title='bbox 613 688 709 741; x_wconf 74' lang='grc' dir='ltr'>καὶ</span> <span class='ocrx_word' id='word_1_22' title='bbox 732 688 983 761; x_wconf 90' lang='grc' dir='ltr'>καθάπερ</span> <span class='ocrx_word' id='word_1_23' title='bbox 1006 691 1074 745; x_wconf 83' lang='grc' dir='ltr'>τά</span> <span class='ocrx_word' id='word_1_24' title='bbox 1106 693 1342 764; x_wconf 85' lang='grc' dir='ltr'>ὀνόματα</span> <span class='ocrx_word' id='word_1_25' title='bbox 1364 695 1714 767; x_wconf 79' lang='grc' dir='ltr'>προέτρεχεν,</span> <span class='ocrx_word' id='word_1_26' title='bbox 1746 698 1821 761; x_wconf 85' lang='grc' dir='ltr'>ὡς</span> <span class='ocrx_word' id='word_1_27' title='bbox 1856 698 2082 768; x_wconf 84' lang='grc' dir='ltr'>Ἰησοῦς,</span> <span class='ocrx_word' id='word_1_28' title='bbox 2103 698 2179 762; x_wconf 87' lang='grc' dir='ltr'>ὡς</span> 
     </span>
    </p>
   </div>
   <div class='ocr_carea' id='block_1_5' title="bbox 613 774 2179 856">
    <p class='ocr_par' dir='ltr' id='par_1_5' title="bbox 613 774 2179 856">
     <span class='ocr_line' id='line_1_5' title="bbox 613 774 2179 856; baseline 0.008 -30"><span class='ocrx_word' id='word_1_29' title='bbox 613 774 867 845; x_wconf 80' lang='grc' dir='ltr'>Χριστὸς,</span> <span class='ocrx_word' id='word_1_30' title='bbox 901 775 1041 831; x_wconf 77' lang='grc' dir='ltr'>οὕτω</span> <span class='ocrx_word' id='word_1_31' title='bbox 1086 780 1386 835; x_wconf 83' lang='grc' dir='ltr'>καὶτοῦτο.</span> <span class='ocrx_word' id='word_1_32' title='bbox 1433 781 1570 835; x_wconf 81' lang='grc' dir='ltr'>Οὔτε</span> <span class='ocrx_word' id='word_1_33' title='bbox 1597 783 1769 854; x_wconf 76' lang='grc' dir='ltr'>ἀρχὴν</span> <span class='ocrx_word' id='word_1_34' title='bbox 1823 779 1914 838; x_wconf 83' lang='grc' dir='ltr'>οὖν</span> <span class='ocrx_word' id='word_1_35' title='bbox 1956 784 2179 856; x_wconf 80' lang='grc' dir='ltr'>ἡμερῶν</span> 
     </span>
    </p>
   </div>
   <div class='ocr_carea' id='block_1_6' title="bbox 615 863 2180 948">
    <p class='ocr_par' dir='ltr' id='par_1_6' title="bbox 615 863 2180 948">
     <span class='ocr_line' id='line_1_6' title="bbox 615 863 2180 948; baseline 0.009 -33"><span class='ocrx_word' id='word_1_36' title='bbox 615 863 862 932; x_wconf 85' lang='grc' dir='ltr'>φαίνεται</span> <span class='ocrx_word' id='word_1_37' title='bbox 881 865 1039 936; x_wconf 83' lang='grc' dir='ltr'>ἔχων,</span> <span class='ocrx_word' id='word_1_38' title='bbox 1071 866 1193 921; x_wconf 81' lang='grc' dir='ltr'>οὔτε</span> <span class='ocrx_word' id='word_1_39' title='bbox 1219 869 1365 941; x_wconf 80' lang='grc' dir='ltr'>ζωῆς</span> <span class='ocrx_word' id='word_1_40' title='bbox 1384 870 1536 934; x_wconf 84' lang='grc' dir='ltr'>τέλος</span> <span class='ocrx_word' id='word_1_41' title='bbox 1563 873 1592 925; x_wconf 98' lang='lat'>6</span> <span class='ocrx_word' id='word_1_42' title='bbox 1623 872 1973 944; x_wconf 78' lang='grc' dir='ltr'>Μελχισεδὲκ,</span> <span class='ocrx_word' id='word_1_43' title='bbox 2004 876 2066 928; x_wconf 91' lang='grc' dir='ltr'>οὐ</span> <span class='ocrx_word' id='word_1_44' title='bbox 2100 876 2180 948; x_wconf 82' lang='grc' dir='ltr'>τῷ</span> 
     </span>
    </p>
   </div>
   <div class='ocr_carea' id='block_1_7' title="bbox 618 949 2176 1033">
    <p class='ocr_par' dir='ltr' id='par_1_7' title="bbox 618 949 2176 1033">
     <span class='ocr_line' id='line_1_7' title="bbox 618 949 2176 1033; baseline 0.01 -31"><span class='ocrx_word' id='word_1_45' title='bbox 618 949 693 1021; x_wconf 83' lang='grc' dir='ltr'>μὴ</span> <span class='ocrx_word' id='word_1_46' title='bbox 716 951 878 1022; x_wconf 82' lang='grc' dir='ltr'>ἔχειν,</span> <span class='ocrx_word' id='word_1_47' title='bbox 913 954 1048 1008; x_wconf 88' lang='grc' dir='ltr'>ἀλλά</span> <span class='ocrx_word' id='word_1_48' title='bbox 1074 955 1152 1026; x_wconf 83' lang='grc' dir='ltr'>τῷ</span> <span class='ocrx_word' id='word_1_49' title='bbox 1179 955 1253 1027; x_wconf 83' lang='grc' dir='ltr'>μὴ</span> <span class='ocrx_word' id='word_1_50' title='bbox 1280 958 1761 1030; x_wconf 86' lang='grc' dir='ltr'>γενεαλογηθῆναι.</span> <span class='ocrx_word' id='word_1_51' title='bbox 1797 962 1857 1015; x_wconf 86' lang='grc' dir='ltr'><strong>Ὀ</strong></span> <span class='ocrx_word' id='word_1_52' title='bbox 1882 962 1938 1015; x_wconf 82' lang='grc' dir='ltr'>δὲ</span> <span class='ocrx_word' id='word_1_53' title='bbox 1973 963 2176 1033; x_wconf 78' lang='grc' dir='ltr'>Ἰησοῦς</span> 
     </span>
    </p>
   </div>
   <div class='ocr_carea' id='block_1_8' title="bbox 614 1037 2179 1117">
    <p class='ocr_par' dir='ltr' id='par_1_8' title="bbox 614 1037 2179 1117">
     <span class='ocr_line' id='line_1_8' title="bbox 614 1037 2179 1117; baseline 0.008 -27"><span class='ocrx_word' id='word_1_54' title='bbox 614 1037 733 1092; x_wconf 85' lang='grc' dir='ltr'>οὐδὲ</span> <span class='ocrx_word' id='word_1_55' title='bbox 754 1040 925 1110; x_wconf 88' lang='grc' dir='ltr'>ἀρχὴν</span> <span class='ocrx_word' id='word_1_56' title='bbox 952 1041 1175 1111; x_wconf 82' lang='grc' dir='ltr'>ἡμερῶν</span> <span class='ocrx_word' id='word_1_57' title='bbox 1215 1041 1391 1114; x_wconf 80' lang='grc' dir='ltr'>ἔσχεν,</span> <span class='ocrx_word' id='word_1_58' title='bbox 1416 1043 1541 1098; x_wconf 82' lang='grc' dir='ltr'>οὐτε</span> <span class='ocrx_word' id='word_1_59' title='bbox 1572 1044 1716 1117; x_wconf 76' lang='grc' dir='ltr'>ζωῆς</span> <span class='ocrx_word' id='word_1_60' title='bbox 1746 1048 1914 1112; x_wconf 88' lang='grc' dir='ltr'>τέλος,</span> <span class='ocrx_word' id='word_1_61' title='bbox 1951 1050 2012 1102; x_wconf 89' lang='grc' dir='ltr'>οὐ</span> <span class='ocrx_word' id='word_1_62' title='bbox 2042 1051 2179 1103; x_wconf 86' lang='grc' dir='ltr'>κατά</span> 
     </span>
    </p>
   </div>
   <div class='ocr_carea' id='block_1_9' title="bbox 613 1125 2176 1206">
    <p class='ocr_par' dir='ltr' id='par_1_9' title="bbox 613 1125 2176 1206">
     <span class='ocr_line' id='line_1_9' title="bbox 613 1125 2176 1206; baseline 0.009 -30"><span class='ocrx_word' id='word_1_63' title='bbox 613 1125 800 1178; x_wconf 87' lang='grc' dir='ltr'>τοῦτον</span> <span class='ocrx_word' id='word_1_64' title='bbox 844 1126 936 1180; x_wconf 68' lang='grc' dir='ltr'>τὸν</span> <span class='ocrx_word' id='word_1_65' title='bbox 964 1128 1181 1199; x_wconf 85' lang='grc' dir='ltr'>τρόπον,</span> <span class='ocrx_word' id='word_1_66' title='bbox 1227 1130 1361 1184; x_wconf 88' lang='grc' dir='ltr'>ἀλλά</span> <span class='ocrx_word' id='word_1_67' title='bbox 1392 1131 1470 1202; x_wconf 84' lang='grc' dir='ltr'>τῷ</span> <span class='ocrx_word' id='word_1_68' title='bbox 1502 1133 1624 1186; x_wconf 86' lang='grc' dir='ltr'>καθ’</span> <span class='ocrx_word' id='word_1_69' title='bbox 1652 1134 1775 1188; x_wconf 78' lang='grc' dir='ltr'>ὅλου</span> <span class='ocrx_word' id='word_1_70' title='bbox 1815 1135 1888 1206; x_wconf 83' lang='grc' dir='ltr'>μὴ</span> <span class='ocrx_word' id='word_1_71' title='bbox 1919 1132 2058 1191; x_wconf 79' lang='grc' dir='ltr'>εἶναι</span> <span class='ocrx_word' id='word_1_72' title='bbox 2088 1138 2176 1190; x_wconf 86' lang='grc' dir='ltr'>ἐπ’</span> 
     </span>
    </p>
   </div>
   <div class='ocr_carea' id='block_1_10' title="bbox 615 1209 2179 1295">
    <p class='ocr_par' dir='ltr' id='par_1_10' title="bbox 615 1209 2179 1295">
     <span class='ocr_line' id='line_1_10' title="bbox 615 1209 2179 1295; baseline 0.008 -30"><span class='ocrx_word' id='word_1_73' title='bbox 615 1209 779 1265; x_wconf 77' lang='grc' dir='ltr'>αὐτοῦ</span> <span class='ocrx_word' id='word_1_74' title='bbox 812 1213 987 1285; x_wconf 85' lang='grc' dir='ltr'>ἀρχὴν</span> <span class='ocrx_word' id='word_1_75' title='bbox 1026 1216 1300 1287; x_wconf 83' lang='grc' dir='ltr'>χρονικὴν,</span> <span class='ocrx_word' id='word_1_76' title='bbox 1334 1217 1468 1288; x_wconf 85' lang='grc' dir='ltr'>μηδέ</span> <span class='ocrx_word' id='word_1_77' title='bbox 1511 1219 1683 1282; x_wconf 81' lang='grc' dir='ltr'>τέλος.</span> <span class='ocrx_word' id='word_1_78' title='bbox 1727 1221 1799 1274; x_wconf 75' lang='grc' dir='ltr'>Τὸ</span> <span class='ocrx_word' id='word_1_79' title='bbox 1847 1222 1943 1293; x_wconf 84' lang='grc' dir='ltr'>μὲν</span> <span class='ocrx_word' id='word_1_80' title='bbox 1967 1225 2073 1295; x_wconf 87' lang='grc' dir='ltr'>γὰρ</span> <span class='ocrx_word' id='word_1_81' title='bbox 2111 1217 2179 1294; x_wconf 81' lang='grc' dir='ltr'>ἦν</span> 
     </span>
    </p>
   </div>
   <div class='ocr_carea' id='block_1_11' title="bbox 618 1297 2178 1374">
    <p class='ocr_par' dir='ltr' id='par_1_11' title="bbox 618 1297 2178 1374">
     <span class='ocr_line' id='line_1_11' title="bbox 618 1297 2178 1374; baseline 0.009 -24"><span class='ocrx_word' id='word_1_82' title='bbox 618 1297 764 1363; x_wconf 86' lang='grc' dir='ltr'>σκιὰ,</span> <span class='ocrx_word' id='word_1_83' title='bbox 790 1298 850 1351; x_wconf 84' lang='grc' dir='ltr'>τὸ</span> <span class='ocrx_word' id='word_1_84' title='bbox 876 1299 933 1352; x_wconf 84' lang='grc' dir='ltr'>δὲ</span> <span class='ocrx_word' id='word_1_85' title='bbox 958 1299 1198 1372; x_wconf 84' lang='grc' dir='ltr'>ἀλήθεια.</span> <span class='ocrx_word' id='word_1_86' title='bbox 1225 1304 1433 1373; x_wconf 81' lang='grc' dir='ltr'>Ὥσπερ</span> <span class='ocrx_word' id='word_1_87' title='bbox 1451 1299 1565 1369; x_wconf 83' lang='grc' dir='ltr'>οῦν,</span> <span class='ocrx_word' id='word_1_88' title='bbox 1598 1308 1845 1374; x_wconf 84' lang='grc' dir='ltr'>Ἰησοῦς,</span> <span class='ocrx_word' id='word_1_89' title='bbox 1865 1309 2096 1373; x_wconf 88' lang='grc' dir='ltr'>ἀκούων,</span> <span class='ocrx_word' id='word_1_90' title='bbox 2117 1311 2178 1364; x_wconf 89' lang='grc' dir='ltr'>οὐ</span> 
     </span>
    </p>
   </div>
   <div class='ocr_carea' id='block_1_12' title="bbox 616 1383 2180 1466">
    <p class='ocr_par' dir='ltr' id='par_1_12' title="bbox 616 1383 2180 1466">
     <span class='ocr_line' id='line_1_12' title="bbox 616 1383 2180 1466; baseline 0.008 -30"><span class='ocrx_word' id='word_1_91' title='bbox 616 1383 708 1437; x_wconf 80' lang='grc' dir='ltr'>τὸν</span> <span class='ocrx_word' id='word_1_92' title='bbox 743 1383 958 1455; x_wconf 86' lang='grc' dir='ltr'>ἀληθῶς</span> <span class='ocrx_word' id='word_1_93' title='bbox 1008 1386 1212 1458; x_wconf 79' lang='grc' dir='ltr'>Ἰησοῦν</span> <span class='ocrx_word' id='word_1_94' title='bbox 1255 1388 1603 1456; x_wconf 82' lang='grc' dir='ltr'>ὑποπτεύεις,</span> <span class='ocrx_word' id='word_1_95' title='bbox 1634 1393 1773 1446; x_wconf 86' lang='grc' dir='ltr'>ἀλλά</span> <span class='ocrx_word' id='word_1_96' title='bbox 1795 1393 1888 1448; x_wconf 90' lang='grc' dir='ltr'>τοῦ</span> <span class='ocrx_word' id='word_1_97' title='bbox 1918 1395 2180 1466; x_wconf 85' lang='grc' dir='ltr'>ὀνόματος</span> 
     </span>
    </p>
   </div>
   <div class='ocr_carea' id='block_1_13' title="bbox 617 1471 2180 1554">
    <p class='ocr_par' dir='ltr' id='par_1_13' title="bbox 617 1471 2180 1554">
     <span class='ocr_line' id='line_1_13' title="bbox 617 1471 2180 1554; baseline 0.01 -30"><span class='ocrx_word' id='word_1_98' title='bbox 617 1471 705 1525; x_wconf 76' lang='grc' dir='ltr'>τὸν</span> <span class='ocrx_word' id='word_1_99' title='bbox 724 1473 890 1525; x_wconf 85' lang='grc' dir='ltr'>τύπον</span> <span class='ocrx_word' id='word_1_100' title='bbox 911 1473 1040 1547; x_wconf 80' lang='grc' dir='ltr'>δέχῃ</span> <span class='ocrx_word' id='word_1_101' title='bbox 1057 1476 1237 1545; x_wconf 91' lang='grc' dir='ltr'>μόνον,</span> <span class='ocrx_word' id='word_1_102' title='bbox 1251 1479 1344 1532; x_wconf 81' lang='grc' dir='ltr'>καὶ</span> <span class='ocrx_word' id='word_1_103' title='bbox 1364 1479 1514 1535; x_wconf 88' lang='grc' dir='ltr'>οὐδὲν</span> <span class='ocrx_word' id='word_1_104' title='bbox 1537 1481 1697 1534; x_wconf 81' lang='grc' dir='ltr'>πλέον</span> <span class='ocrx_word' id='word_1_105' title='bbox 1721 1482 1996 1554; x_wconf 76' lang='grc' dir='ltr'>ἐπιζητεῖς</span> <span class='ocrx_word' id='word_1_106' title='bbox 2010 1501 2022 1515; x_wconf 80' lang='grc'><em>’</em></span> <span class='ocrx_word' id='word_1_107' title='bbox 2040 1484 2180 1540; x_wconf 84' lang='grc' dir='ltr'>οὐτω</span> 
     </span>
    </p>
   </div>
   <div class='ocr_carea' id='block_1_14' title="bbox 617 1558 2176 1641">
    <p class='ocr_par' dir='ltr' id='par_1_14' title="bbox 617 1558 2176 1641">
     <span class='ocr_line' id='line_1_14' title="bbox 617 1558 2176 1641; baseline 0.008 -29"><span class='ocrx_word' id='word_1_108' title='bbox 617 1560 712 1612; x_wconf 74' lang='grc' dir='ltr'>καὶ</span> <span class='ocrx_word' id='word_1_109' title='bbox 735 1558 946 1613; x_wconf 89' lang='grc' dir='ltr'>ἀκούων</span> <span class='ocrx_word' id='word_1_110' title='bbox 973 1561 1063 1613; x_wconf 90' lang='grc' dir='ltr'>τὸν</span> <span class='ocrx_word' id='word_1_111' title='bbox 1085 1562 1416 1633; x_wconf 79' lang='grc' dir='ltr'>Μελχισεδὲκ</span> <span class='ocrx_word' id='word_1_112' title='bbox 1434 1566 1665 1639; x_wconf 72' lang='grc' dir='ltr'>ἄναρχον</span> <span class='ocrx_word' id='word_1_113' title='bbox 1685 1570 1780 1622; x_wconf 73' lang='grc' dir='ltr'>καὶ</span> <span class='ocrx_word' id='word_1_114' title='bbox 1807 1570 2176 1641; x_wconf 81' lang='grc' dir='ltr'>ἀτελεύτητον,</span> 
     </span>
    </p>
   </div>
   <div class='ocr_carea' id='block_1_15' title="bbox 619 1644 2181 1728">
    <p class='ocr_par' dir='ltr' id='par_1_15' title="bbox 619 1644 2181 1728">
     <span class='ocr_line' id='line_1_15' title="bbox 619 1644 2181 1728; baseline 0.01 -31"><span class='ocrx_word' id='word_1_115' title='bbox 619 1644 695 1716; x_wconf 82' lang='grc' dir='ltr'>μὴ</span> <span class='ocrx_word' id='word_1_116' title='bbox 719 1647 776 1699; x_wconf 75' lang='grc' dir='ltr'>έν</span> <span class='ocrx_word' id='word_1_117' title='bbox 813 1648 878 1717; x_wconf 79' lang='grc' dir='ltr'>τῇ</span> <span class='ocrx_word' id='word_1_118' title='bbox 906 1646 1012 1699; x_wconf 87' lang='grc' dir='ltr'>τῶν</span> <span class='ocrx_word' id='word_1_119' title='bbox 1044 1651 1383 1720; x_wconf 83' lang='grc' dir='ltr'>πραγμάτων</span> <span class='ocrx_word' id='word_1_120' title='bbox 1409 1653 1637 1726; x_wconf 80' lang='grc' dir='ltr'>ἀληθείᾳ</span> <span class='ocrx_word' id='word_1_121' title='bbox 1665 1655 1828 1709; x_wconf 76' lang='grc' dir='ltr'>αὐτὸν</span> <span class='ocrx_word' id='word_1_122' title='bbox 1865 1656 2034 1728; x_wconf 81' lang='grc' dir='ltr'>ζήτει,</span> <span class='ocrx_word' id='word_1_123' title='bbox 2066 1658 2181 1712; x_wconf 84' lang='grc' dir='ltr'>ἀλλ’</span> 
     </span>
    </p>
   </div>
   <div class='ocr_carea' id='block_1_16' title="bbox 617 1732 2178 1814">
    <p class='ocr_par' dir='ltr' id='par_1_16' title="bbox 617 1732 2178 1814">
     <span class='ocr_line' id='line_1_16' title="bbox 617 1732 2178 1814; baseline 0.009 -30"><span class='ocrx_word' id='word_1_124' title='bbox 617 1732 788 1803; x_wconf 89' lang='grc' dir='ltr'>ἀρκοῦ</span> <span class='ocrx_word' id='word_1_125' title='bbox 816 1736 879 1804; x_wconf 81' lang='grc' dir='ltr'>τῇ</span> <span class='ocrx_word' id='word_1_126' title='bbox 902 1738 1242 1809; x_wconf 78' lang='grc' dir='ltr'>προσηγορίᾳ</span> <span class='ocrx_word' id='word_1_127' title='bbox 1276 1739 1432 1812; x_wconf 83' lang='grc' dir='ltr'>μόνῃ,</span> <span class='ocrx_word' id='word_1_128' title='bbox 1466 1740 1565 1811; x_wconf 80' lang='grc' dir='ltr'>τὴν</span> <span class='ocrx_word' id='word_1_129' title='bbox 1593 1740 1650 1794; x_wconf 85' lang='grc' dir='ltr'>δὲ</span> <span class='ocrx_word' id='word_1_130' title='bbox 1678 1742 1934 1814; x_wconf 88' lang='grc' dir='ltr'>ἀλήθειαν</span> <span class='ocrx_word' id='word_1_131' title='bbox 1973 1745 2064 1797; x_wconf 81' lang='grc' dir='ltr'>ἐπὶ</span> <span class='ocrx_word' id='word_1_132' title='bbox 2084 1744 2178 1799; x_wconf 83' lang='grc' dir='ltr'>τοῦ</span> 
     </span>
    </p>
   </div>
   <div class='ocr_carea' id='block_1_17' title="bbox 615 1821 2232 1907">
    <p class='ocr_par' dir='ltr' id='par_1_17' title="bbox 615 1821 2232 1907">
     <span class='ocr_line' id='line_1_17' title="bbox 615 1821 2232 1907; baseline 0.013 -34"><span class='ocrx_word' id='word_1_133' title='bbox 615 1821 851 1893; x_wconf 86' lang='grc' dir='ltr'>Χριστοῦ</span> <span class='ocrx_word' id='word_1_134' title='bbox 900 1825 1296 1896; x_wconf 83' lang='grc' dir='ltr'>καταμάνθανε.</span> <span class='ocrx_word' id='word_1_135' title='bbox 1327 1830 1532 1900; x_wconf 85' lang='grc' dir='ltr'>Ὅρκον</span> <span class='ocrx_word' id='word_1_136' title='bbox 1563 1830 1620 1884; x_wconf 86' lang='grc' dir='ltr'>δὲ</span> <span class='ocrx_word' id='word_1_137' title='bbox 1647 1832 1775 1886; x_wconf 86' lang='grc' dir='ltr'>ὅταν</span> <span class='ocrx_word' id='word_1_138' title='bbox 1805 1833 2063 1905; x_wconf 81' lang='grc' dir='ltr'>ἀκούσῃς,</span> <span class='ocrx_word' id='word_1_139' title='bbox 2105 1834 2180 1907; x_wconf 79' lang='grc' dir='ltr'>μὴ</span> <span class='ocrx_word' id='word_1_140' title='bbox 2225 1857 2232 1865; x_wconf 87' lang='grc'><em>’</em></span> 
     </span>
    </p>
   </div>
   <div class='ocr_carea' id='block_1_18' title="bbox 616 1910 2177 1989">
    <p class='ocr_par' dir='ltr' id='par_1_18' title="bbox 616 1910 2177 1989">
     <span class='ocr_line' id='line_1_18' title="bbox 616 1910 2177 1989; baseline 0.009 -27"><span class='ocrx_word' id='word_1_141' title='bbox 616 1910 776 1981; x_wconf 84' lang='grc' dir='ltr'>ὅρκον</span> <span class='ocrx_word' id='word_1_142' title='bbox 807 1912 1011 1981; x_wconf 83' lang='grc' dir='ltr'>νόμιζε.</span> <span class='ocrx_word' id='word_1_143' title='bbox 1035 1915 1243 1989; x_wconf 84' lang='grc' dir='ltr'>Ὥσπερ</span> <span class='ocrx_word' id='word_1_144' title='bbox 1265 1916 1386 1989; x_wconf 76' lang='grc' dir='ltr'>γάρ¹</span> <span class='ocrx_word' id='word_1_145' title='bbox 1405 1917 1596 1988; x_wconf 80' lang='grc' dir='ltr'>θυμὸς,</span> <span class='ocrx_word' id='word_1_146' title='bbox 1625 1919 1686 1973; x_wconf 91' lang='grc' dir='ltr'>οὐ</span> <span class='ocrx_word' id='word_1_147' title='bbox 1708 1919 1875 1988; x_wconf 79' lang='grc' dir='ltr'>θυμὸς</span> <span class='ocrx_word' id='word_1_148' title='bbox 1900 1921 1992 1975; x_wconf 79' lang='grc' dir='ltr'>ἐπὶ</span> <span class='ocrx_word' id='word_1_149' title='bbox 2019 1922 2177 1987; x_wconf 86' lang='grc' dir='ltr'>Θεοῦ,</span> 
     </span>
    </p>
   </div>
   <div class='ocr_carea' id='block_1_19' title="bbox 617 1999 2179 2075">
    <p class='ocr_par' dir='ltr' id='par_1_19' title="bbox 617 1999 2179 2075">
     <span class='ocr_line' id='line_1_19' title="bbox 617 1999 2179 2075; baseline 0.009 -23"><span class='ocrx_word' id='word_1_150' title='bbox 617 1999 750 2054; x_wconf 89' lang='grc' dir='ltr'>ἀλλά</span> <span class='ocrx_word' id='word_1_151' title='bbox 773 2000 833 2054; x_wconf 79' lang='grc' dir='ltr'>τὸ</span> <span class='ocrx_word' id='word_1_152' title='bbox 849 2003 1231 2075; x_wconf 81' lang='grc' dir='ltr'>τιμωρητικὸν,</span> <span class='ocrx_word' id='word_1_153' title='bbox 1264 2006 1357 2059; x_wconf 72' lang='grc' dir='ltr'>καὶ</span> <span class='ocrx_word' id='word_1_154' title='bbox 1376 2006 1436 2059; x_wconf 89' lang='grc' dir='ltr'>οὐ</span> <span class='ocrx_word' id='word_1_155' title='bbox 1459 2008 1629 2072; x_wconf 88' lang='grc' dir='ltr'>πάθος</span> <span class='ocrx_word' id='word_1_156' title='bbox 1655 2010 1803 2063; x_wconf 83' lang='grc' dir='ltr'>ἐστίν</span> <span class='ocrx_word' id='word_1_157' title='bbox 1826 2029 1836 2040; x_wconf 84' lang='grc'><strong>·</strong></span> <span class='ocrx_word' id='word_1_158' title='bbox 1865 2009 2037 2075; x_wconf 86' lang='grc' dir='ltr'>οῦτως</span> <span class='ocrx_word' id='word_1_159' title='bbox 2056 2012 2179 2066; x_wconf 86' lang='grc' dir='ltr'>οὐδὲ</span> 
     </span>
    </p>
   </div>
   <div class='ocr_carea' id='block_1_20' title="bbox 617 2087 2181 2169">
    <p class='ocr_par' dir='ltr' id='par_1_20' title="bbox 617 2087 2181 2169">
     <span class='ocr_line' id='line_1_20' title="bbox 617 2087 2181 2169; baseline 0.008 -30"><span class='ocrx_word' id='word_1_160' title='bbox 617 2087 797 2157; x_wconf 85' lang='grc' dir='ltr'>ὅρκος.</span> <span class='ocrx_word' id='word_1_161' title='bbox 824 2089 897 2142; x_wconf 91' lang='grc' dir='ltr'>Οὐ</span> <span class='ocrx_word' id='word_1_162' title='bbox 918 2088 1027 2161; x_wconf 84' lang='grc' dir='ltr'>γὰρ</span> <span class='ocrx_word' id='word_1_163' title='bbox 1048 2090 1241 2161; x_wconf 75' lang='grc' dir='ltr'>ὄμνυσι</span> <span class='ocrx_word' id='word_1_164' title='bbox 1268 2092 1419 2157; x_wconf 79' lang='grc' dir='ltr'>Θεὸς,</span> <span class='ocrx_word' id='word_1_165' title='bbox 1452 2094 1588 2148; x_wconf 90' lang='grc' dir='ltr'>ἀλλά</span> <span class='ocrx_word' id='word_1_166' title='bbox 1610 2096 1672 2150; x_wconf 75' lang='grc' dir='ltr'>τὸ</span> <span class='ocrx_word' id='word_1_167' title='bbox 1692 2096 1907 2161; x_wconf 80' lang='grc' dir='ltr'>πάντως</span> <span class='ocrx_word' id='word_1_168' title='bbox 1927 2098 2181 2169; x_wconf 74' lang='grc' dir='ltr'>ἐσόμενον</span> 
     </span>
    </p>
   </div>
   <div class='ocr_carea' id='block_1_21' title="bbox 617 2173 2180 2253">
    <p class='ocr_par' dir='ltr' id='par_1_21' title="bbox 617 2173 2180 2253">
     <span class='ocr_line' id='line_1_21' title="bbox 617 2173 2180 2253; baseline 0.008 -27"><span class='ocrx_word' id='word_1_169' title='bbox 617 2173 787 2243; x_wconf 85' lang='grc' dir='ltr'>λέγει.</span> <span class='ocrx_word' id='word_1_170' title='bbox 816 2175 1002 2230; x_wconf 76' lang='grc' dir='ltr'>Εἰπὼν</span> <span class='ocrx_word' id='word_1_171' title='bbox 1038 2177 1212 2232; x_wconf 82' lang='grc' dir='ltr'>τοίνυν</span> <span class='ocrx_word' id='word_1_172' title='bbox 1238 2179 1339 2250; x_wconf 85' lang='grc' dir='ltr'>τὴν</span> <span class='ocrx_word' id='word_1_173' title='bbox 1364 2180 1724 2253; x_wconf 84' lang='grc' dir='ltr'>λαμπρότητα</span> <span class='ocrx_word' id='word_1_174' title='bbox 1750 2183 1857 2236; x_wconf 89' lang='grc' dir='ltr'>τῶν</span> <span class='ocrx_word' id='word_1_175' title='bbox 1885 2183 2073 2253; x_wconf 81' lang='grc' dir='ltr'>ἁγίων,</span> <span class='ocrx_word' id='word_1_176' title='bbox 2118 2184 2180 2238; x_wconf 79' lang='grc' dir='ltr'>τὸ</span> 
     </span>
    </p>
   </div>
   <div class='ocr_carea' id='block_1_22' title="bbox 570 2261 2181 2342">
    <p class='ocr_par' dir='ltr' id='par_1_22' title="bbox 570 2261 2181 2342">
     <span class='ocr_line' id='line_1_22' title="bbox 570 2261 2181 2342; baseline 0.008 -29"><span class='ocrx_word' id='word_1_177' title='bbox 570 2328 574 2332; x_wconf 17' lang='grc' dir='ltr'><strong>Δ</strong></span> <span class='ocrx_word' id='word_1_178' title='bbox 616 2261 841 2332; x_wconf 86' lang='grc' dir='ltr'>τεθῆναι</span> <span class='ocrx_word' id='word_1_179' title='bbox 858 2265 984 2328; x_wconf 83' lang='grc' dir='ltr'>τοὺς</span> <span class='ocrx_word' id='word_1_180' title='bbox 1008 2265 1234 2336; x_wconf 85' lang='grc' dir='ltr'>ἐχθροὺς</span> <span class='ocrx_word' id='word_1_181' title='bbox 1264 2266 1368 2321; x_wconf 78' lang='grc' dir='ltr'>ὑπὸ</span> <span class='ocrx_word' id='word_1_182' title='bbox 1383 2270 1510 2332; x_wconf 82' lang='grc' dir='ltr'>τοὺς</span> <span class='ocrx_word' id='word_1_183' title='bbox 1534 2269 1698 2334; x_wconf 81' lang='grc' dir='ltr'>πόδας</span> <span class='ocrx_word' id='word_1_184' title='bbox 1717 2270 1899 2335; x_wconf 88' lang='grc' dir='ltr'>αὐτοῦ,</span> <span class='ocrx_word' id='word_1_185' title='bbox 1919 2270 2017 2342; x_wconf 80' lang='grc' dir='ltr'>τὴν</span> <span class='ocrx_word' id='word_1_186' title='bbox 2044 2272 2181 2342; x_wconf 82' lang='grc' dir='ltr'>ἠμέ-</span> 
     </span>
    </p>
   </div>
   <div class='ocr_carea' id='block_1_23' title="bbox 621 2352 2181 2428">
    <p class='ocr_par' dir='ltr' id='par_1_23' title="bbox 621 2352 2181 2428">
     <span class='ocr_line' id='line_1_23' title="bbox 621 2352 2181 2428; baseline 0.007 -25"><span class='ocrx_word' id='word_1_187' title='bbox 621 2368 722 2422; x_wconf 90' lang='grc' dir='ltr'>ραν</span> <span class='ocrx_word' id='word_1_188' title='bbox 742 2352 840 2422; x_wconf 88' lang='grc' dir='ltr'>τῆς</span> <span class='ocrx_word' id='word_1_189' title='bbox 868 2352 1167 2424; x_wconf 89' lang='grc' dir='ltr'>δυνάμεως,</span> <span class='ocrx_word' id='word_1_190' title='bbox 1189 2355 1336 2424; x_wconf 82' lang='grc' dir='ltr'>λέγει</span> <span class='ocrx_word' id='word_1_191' title='bbox 1364 2357 1458 2410; x_wconf 80' lang='grc' dir='ltr'>καὶ</span> <span class='ocrx_word' id='word_1_192' title='bbox 1486 2357 1555 2410; x_wconf 86' lang='grc' dir='ltr'>τά</span> <span class='ocrx_word' id='word_1_193' title='bbox 1583 2358 1822 2428; x_wconf 89' lang='grc' dir='ltr'>παρόντα</span> <span class='ocrx_word' id='word_1_194' title='bbox 1852 2360 2053 2413; x_wconf 83' lang='grc' dir='ltr'>λοιπόν.</span> <span class='ocrx_word' id='word_1_195' title='bbox 2070 2361 2181 2416; x_wconf 72' lang='grc' dir='ltr'>Καὶ</span> 
     </span>
    </p>
   </div>
   <div class='ocr_carea' id='block_1_24' title="bbox 618 2438 2181 2519">
    <p class='ocr_par' dir='ltr' id='par_1_24' title="bbox 618 2438 2181 2519">
     <span class='ocr_line' id='line_1_24' title="bbox 618 2438 2181 2519; baseline 0.006 -28"><span class='ocrx_word' id='word_1_196' title='bbox 618 2438 720 2510; x_wconf 83' lang='grc' dir='ltr'>δρα</span> <span class='ocrx_word' id='word_1_197' title='bbox 751 2440 868 2493; x_wconf 78' lang='grc' dir='ltr'>οἵαν</span> <span class='ocrx_word' id='word_1_198' title='bbox 893 2444 1123 2495; x_wconf 90' lang='grc' dir='ltr'>ποιεῖται</span> <span class='ocrx_word' id='word_1_199' title='bbox 1147 2442 1298 2507; x_wconf 86' lang='grc' dir='ltr'>τάξιν</span> <span class='ocrx_word' id='word_1_200' title='bbox 1321 2442 1396 2514; x_wconf 85' lang='grc' dir='ltr'>τῷ</span> <span class='ocrx_word' id='word_1_201' title='bbox 1417 2443 1578 2516; x_wconf 85' lang='grc' dir='ltr'>λόγῳ,</span> <span class='ocrx_word' id='word_1_202' title='bbox 1612 2446 1702 2499; x_wconf 81' lang='grc' dir='ltr'>τὸν</span> <span class='ocrx_word' id='word_1_203' title='bbox 1720 2447 1951 2517; x_wconf 84' lang='grc' dir='ltr'>σκληρὸν</span> <span class='ocrx_word' id='word_1_204' title='bbox 1975 2449 2181 2519; x_wconf 86' lang='grc' dir='ltr'>ἀκροα-</span> 
     </span>
    </p>
   </div>
   <div class='ocr_carea' id='block_1_25' title="bbox 617 2527 2180 2608">
    <p class='ocr_par' dir='ltr' id='par_1_25' title="bbox 617 2527 2180 2608">
     <span class='ocr_line' id='line_1_25' title="bbox 617 2527 2180 2608; baseline 0.006 -29"><span class='ocrx_word' id='word_1_205' title='bbox 617 2527 716 2596; x_wconf 82' lang='grc' dir='ltr'>τὴν</span> <span class='ocrx_word' id='word_1_206' title='bbox 753 2528 1205 2599; x_wconf 90' lang='grc' dir='ltr'>καταμαλάσσων.</span> <span class='ocrx_word' id='word_1_207' title='bbox 1236 2532 1501 2603; x_wconf 86' lang='grc' dir='ltr'>Πρότερον</span> <span class='ocrx_word' id='word_1_208' title='bbox 1530 2535 1635 2604; x_wconf 85' lang='grc' dir='ltr'>γὰρ</span> <span class='ocrx_word' id='word_1_209' title='bbox 1663 2534 1905 2605; x_wconf 91' lang='grc' dir='ltr'>φοϐήσας</span> <span class='ocrx_word' id='word_1_210' title='bbox 1931 2535 2007 2607; x_wconf 82' lang='grc' dir='ltr'>τῷ</span> <span class='ocrx_word' id='word_1_211' title='bbox 2038 2535 2180 2608; x_wconf 85' lang='grc' dir='ltr'>λόγῳ</span> 
     </span>
    </p>
   </div>
   <div class='ocr_carea' id='block_1_26' title="bbox 617 2614 2180 2690">
    <p class='ocr_par' dir='ltr' id='par_1_26' title="bbox 617 2614 2180 2690">
     <span class='ocr_line' id='line_1_26' title="bbox 617 2614 2180 2690; baseline 0.006 -23"><span class='ocrx_word' id='word_1_212' title='bbox 617 2615 716 2684; x_wconf 85' lang='grc' dir='ltr'>τῆς</span> <span class='ocrx_word' id='word_1_213' title='bbox 737 2614 991 2685; x_wconf 89' lang='grc' dir='ltr'>κρίσεως,</span> <span class='ocrx_word' id='word_1_214' title='bbox 1020 2617 1195 2671; x_wconf 77' lang='grc' dir='ltr'>καὶτὸ</span> <span class='ocrx_word' id='word_1_215' title='bbox 1216 2617 1523 2672; x_wconf 88' lang='grc' dir='ltr'>δυσένδοτον</span> <span class='ocrx_word' id='word_1_216' title='bbox 1551 2618 1716 2672; x_wconf 87' lang='grc' dir='ltr'>αὐτοῦ</span> <span class='ocrx_word' id='word_1_217' title='bbox 1753 2620 2020 2690; x_wconf 81' lang='grc' dir='ltr'>μαλάξας,</span> <span class='ocrx_word' id='word_1_218' title='bbox 2038 2621 2180 2676; x_wconf 73' lang='grc' dir='ltr'>οὕτω</span> 
     </span>
    </p>
   </div>
   <div class='ocr_carea' id='block_1_27' title="bbox 612 2695 2186 2776">
    <p class='ocr_par' dir='ltr' id='par_1_27' title="bbox 612 2695 2186 2776">
     <span class='ocr_line' id='line_1_27' title="bbox 612 2695 2186 2776; baseline 0.007 -27"><span class='ocrx_word' id='word_1_219' title='bbox 612 2696 709 2749; x_wconf 79' lang='grc' dir='ltr'>καὶ</span> <span class='ocrx_word' id='word_1_220' title='bbox 726 2695 818 2749; x_wconf 84' lang='grc' dir='ltr'>τὸν</span> <span class='ocrx_word' id='word_1_221' title='bbox 834 2697 1082 2767; x_wconf 73' lang='grc' dir='ltr'>περὶτῶν</span> <span class='ocrx_word' id='word_1_222' title='bbox 1100 2698 1381 2768; x_wconf 84' lang='grc' dir='ltr'>παρόντων</span> <span class='ocrx_word' id='word_1_223' title='bbox 1392 2702 1600 2768; x_wconf 80' lang='grc' dir='ltr'>εἰσάγει</span> <span class='ocrx_word' id='word_1_224' title='bbox 1616 2702 1792 2776; x_wconf 87' lang='grc' dir='ltr'>λόγον.</span> <span class='ocrx_word' id='word_1_225' title='bbox 1814 2704 1911 2758; x_wconf 85' lang='grc' dir='ltr'>Διά</span> <span class='ocrx_word' id='word_1_226' title='bbox 1927 2705 2081 2759; x_wconf 88' lang='grc' dir='ltr'>τοῦτο</span> <span class='ocrx_word' id='word_1_227' title='bbox 2094 2707 2186 2761; x_wconf 77' lang='grc' dir='ltr'>καὶ</span> 
     </span>
    </p>
   </div>
   <div class='ocr_carea' id='block_1_28' title="bbox 611 2786 2186 2862">
    <p class='ocr_par' dir='ltr' id='par_1_28' title="bbox 611 2786 2186 2862">
     <span class='ocr_line' id='line_1_28' title="bbox 611 2786 2186 2862; baseline 0.008 -22"><span class='ocrx_word' id='word_1_228' title='bbox 611 2786 867 2859; x_wconf 80' lang='grc' dir='ltr'>τοιαύτην</span> <span class='ocrx_word' id='word_1_229' title='bbox 897 2789 1130 2842; x_wconf 88' lang='grc' dir='ltr'>ποιεῖται</span> <span class='ocrx_word' id='word_1_230' title='bbox 1155 2789 1253 2861; x_wconf 78' lang='grc' dir='ltr'>τὴν</span> <span class='ocrx_word' id='word_1_231' title='bbox 1289 2792 1454 2862; x_wconf 81' lang='grc' dir='ltr'>μίξιν.</span> <span class='ocrx_word' id='word_1_232' title='bbox 1480 2793 1678 2847; x_wconf 85' lang='grc' dir='ltr'>Σκόπει</span> <span class='ocrx_word' id='word_1_233' title='bbox 1708 2794 1794 2847; x_wconf 87' lang='grc' dir='ltr'>δέ’</span> <span class='ocrx_word' id='word_1_234' title='bbox 1823 2796 1977 2859; x_wconf 84' lang='grc' dir='ltr'>Ἕως</span> <span class='ocrx_word' id='word_1_235' title='bbox 2000 2796 2079 2851; x_wconf 87' lang='grc' dir='ltr'>ἂν</span> <span class='ocrx_word' id='word_1_236' title='bbox 2105 2797 2186 2852; x_wconf 97' lang='grc' dir='ltr'>θῶ</span> 
     </span>
    </p>
   </div>
   <div class='ocr_carea' id='block_1_29' title="bbox 612 2877 2186 2947">
    <p class='ocr_par' dir='ltr' id='par_1_29' title="bbox 612 2877 2186 2947">
     <span class='ocr_line' id='line_1_29' title="bbox 612 2877 2186 2947; baseline 0.005 -18"><span class='ocrx_word' id='word_1_237' title='bbox 612 2877 755 2943; x_wconf 76' lang='grc' dir='ltr'>’τοὺς</span> <span class='ocrx_word' id='word_1_238' title='bbox 768 2877 1020 2947; x_wconf 80' lang='grc' dir='ltr'>ἐχθρούς</span> <span class='ocrx_word' id='word_1_239' title='bbox 1034 2892 1150 2932; x_wconf 89' lang='grc' dir='ltr'>σου</span> <span class='ocrx_word' id='word_1_240' title='bbox 1172 2879 1501 2934; x_wconf 82' lang='grc' dir='ltr'>ὑποπόδιον</span> <span class='ocrx_word' id='word_1_241' title='bbox 1515 2880 1632 2934; x_wconf 85' lang='grc' dir='ltr'>τῶν</span> <span class='ocrx_word' id='word_1_242' title='bbox 1642 2878 1843 2935; x_wconf 79' lang='grc' dir='ltr'>ποδῶν</span> <span class='ocrx_word' id='word_1_243' title='bbox 1858 2896 1995 2939; x_wconf 89' lang='grc' dir='ltr'>σου.</span> <span class='ocrx_word' id='word_1_244' title='bbox 2017 2882 2186 2937; x_wconf 91' lang='grc' dir='ltr'>Τοῦτο</span> 
     </span>
    </p>
   </div>
   <div class='ocr_carea' id='block_1_30' title="bbox 617 2960 2184 3039">
    <p class='ocr_par' dir='ltr' id='par_1_30' title="bbox 617 2960 2184 3039">
     <span class='ocr_line' id='line_1_30' title="bbox 617 2960 2184 3039; baseline 0.004 -22"><span class='ocrx_word' id='word_1_245' title='bbox 617 2961 727 3017; x_wconf 80' lang='grc' dir='ltr'>τῶν</span> <span class='ocrx_word' id='word_1_246' title='bbox 747 2963 1043 3033; x_wconf 84' lang='grc' dir='ltr'>μελλόντων</span> <span class='ocrx_word' id='word_1_247' title='bbox 1055 2981 1068 2995; x_wconf 88' lang='grc'><strong>·</strong></span> <span class='ocrx_word' id='word_1_248' title='bbox 1087 2960 1205 3018; x_wconf 79' lang='grc' dir='ltr'>εἶτα</span> <span class='ocrx_word' id='word_1_249' title='bbox 1219 2964 1289 3019; x_wconf 82' lang='grc' dir='ltr'>τὰ</span> <span class='ocrx_word' id='word_1_250' title='bbox 1308 2964 1548 3035; x_wconf 88' lang='grc' dir='ltr'>παρόντα</span> <span class='ocrx_word' id='word_1_251' title='bbox 1563 2982 1575 2996; x_wconf 72' lang='grc' dir='ltr'><strong><em>ο</em></strong></span> <span class='ocrx_word' id='word_1_252' title='bbox 1605 2965 1854 3021; x_wconf 79' lang='grc' dir='ltr'>Ῥάϐδον</span> <span class='ocrx_word' id='word_1_253' title='bbox 1876 2967 2184 3039; x_wconf 81' lang='grc' dir='ltr'>δυνάμεώς</span> 
     </span>
    </p>
   </div>
   <div class='ocr_carea' id='block_1_31' title="bbox 620 3052 2183 3124">
    <p class='ocr_par' dir='ltr' id='par_1_31' title="bbox 620 3052 2183 3124">
     <span class='ocr_line' id='line_1_31' title="bbox 620 3052 2183 3124; baseline 0.004 -19"><span class='ocrx_word' id='word_1_254' title='bbox 620 3065 737 3106; x_wconf 90' lang='grc' dir='ltr'>σου</span> <span class='ocrx_word' id='word_1_255' title='bbox 755 3052 1151 3116; x_wconf 79' lang='grc' dir='ltr'>ἐξαποστελεῖ</span> <span class='ocrx_word' id='word_1_256' title='bbox 1162 3053 1377 3121; x_wconf 83' lang='grc' dir='ltr'>Κύριος</span> <span class='ocrx_word' id='word_1_257' title='bbox 1395 3053 1463 3107; x_wconf 81' lang='grc' dir='ltr'>ἐκ</span> <span class='ocrx_word' id='word_1_258' title='bbox 1480 3052 1631 3107; x_wconf 86' lang='grc' dir='ltr'>Σιών</span> <span class='ocrx_word' id='word_1_259' title='bbox 1642 3071 1659 3086; x_wconf 77' lang='grc' dir='ltr'><strong><em>ο</em></strong></span> <span class='ocrx_word' id='word_1_260' title='bbox 1677 3055 1775 3108; x_wconf 80' lang='grc' dir='ltr'>καὶ</span> <span class='ocrx_word' id='word_1_261' title='bbox 1797 3057 2183 3124; x_wconf 77' lang='grc' dir='ltr'>κατακυρίευε</span> 
     </span>
    </p>
   </div>
   <div class='ocr_carea' id='block_1_32' title="bbox 619 3135 2184 3211">
    <p class='ocr_par' dir='ltr' id='par_1_32' title="bbox 619 3135 2184 3211">
     <span class='ocr_line' id='line_1_32' title="bbox 619 3135 2184 3211; baseline 0.004 -19"><span class='ocrx_word' id='word_1_262' title='bbox 619 3139 691 3192; x_wconf 81' lang='grc' dir='ltr'>ἐν</span> <span class='ocrx_word' id='word_1_263' title='bbox 711 3137 879 3207; x_wconf 82' lang='grc' dir='ltr'>μέσῳ</span> <span class='ocrx_word' id='word_1_264' title='bbox 910 3137 1030 3192; x_wconf 86' lang='grc' dir='ltr'>τῶν</span> <span class='ocrx_word' id='word_1_265' title='bbox 1050 3138 1281 3208; x_wconf 82' lang='grc' dir='ltr'>ἐχθρῶν</span> <span class='ocrx_word' id='word_1_266' title='bbox 1308 3153 1424 3193; x_wconf 91' lang='grc' dir='ltr'>σου</span> <span class='ocrx_word' id='word_1_267' title='bbox 1445 3155 1461 3172; x_wconf 87' lang='grc'><strong>·</strong></span> <span class='ocrx_word' id='word_1_268' title='bbox 1493 3135 1614 3193; x_wconf 81' lang='grc' dir='ltr'>εἷτα</span> <span class='ocrx_word' id='word_1_269' title='bbox 1632 3141 1700 3194; x_wconf 84' lang='grc' dir='ltr'>τὰ</span> <span class='ocrx_word' id='word_1_270' title='bbox 1724 3140 2007 3211; x_wconf 73' lang='grc' dir='ltr'>μέλλοντα*</span> <span class='ocrx_word' id='word_1_271' title='bbox 2024 3145 2184 3199; x_wconf 84' lang='grc' dir='ltr'>Μετὰ</span> 
     </span>
    </p>
   </div>
   <div class='ocr_carea' id='block_1_33' title="bbox 622 3224 2185 3298">
    <p class='ocr_par' dir='ltr' id='par_1_33' title="bbox 622 3224 2185 3298">
     <span class='ocr_line' id='line_1_33' title="bbox 622 3224 2185 3298; baseline 0.003 -20"><span class='ocrx_word' id='word_1_272' title='bbox 622 3224 737 3279; x_wconf 88' lang='grc' dir='ltr'>σοῦ</span> <span class='ocrx_word' id='word_1_273' title='bbox 763 3226 801 3293; x_wconf 76' lang='grc' dir='ltr'><em>ἠ</em></span> <span class='ocrx_word' id='word_1_274' title='bbox 823 3224 998 3295; x_wconf 77' lang='grc' dir='ltr'>ἀρχὴ,</span> <span class='ocrx_word' id='word_1_275' title='bbox 1030 3225 1101 3278; x_wconf 87' lang='grc' dir='ltr'>ἐν</span> <span class='ocrx_word' id='word_1_276' title='bbox 1132 3227 1319 3295; x_wconf 77' lang='grc' dir='ltr'>ἡμέρᾳ</span> <span class='ocrx_word' id='word_1_277' title='bbox 1339 3224 1448 3295; x_wconf 83' lang='grc' dir='ltr'>τῆς</span> <span class='ocrx_word' id='word_1_278' title='bbox 1471 3225 1775 3296; x_wconf 84' lang='grc' dir='ltr'>δυνάμεώς</span> <span class='ocrx_word' id='word_1_279' title='bbox 1797 3243 1912 3282; x_wconf 90' lang='grc' dir='ltr'>σου</span> <span class='ocrx_word' id='word_1_280' title='bbox 1948 3230 2016 3282; x_wconf 83' lang='grc' dir='ltr'>ἐν</span> <span class='ocrx_word' id='word_1_281' title='bbox 2058 3230 2185 3298; x_wconf 85' lang='grc' dir='ltr'>ταῖς</span> 
     </span>
    </p>
   </div>
   <div class='ocr_carea' id='block_1_34' title="bbox 621 3309 2181 3389">
    <p class='ocr_par' dir='ltr' id='par_1_34' title="bbox 621 3309 2181 3389">
     <span class='ocr_line' id='line_1_34' title="bbox 621 3309 2181 3389; baseline 0.004 -24"><span class='ocrx_word' id='word_1_282' title='bbox 621 3313 997 3379; x_wconf 81' lang='grc' dir='ltr'>λαμπρότησι</span> <span class='ocrx_word' id='word_1_283' title='bbox 1026 3310 1144 3367; x_wconf 85' lang='grc' dir='ltr'>τῶν</span> <span class='ocrx_word' id='word_1_284' title='bbox 1175 3313 1372 3382; x_wconf 81' lang='grc' dir='ltr'>ἁγίων,</span> <span class='ocrx_word' id='word_1_285' title='bbox 1430 3309 1564 3367; x_wconf 76' lang='grc' dir='ltr'>Εἶτα</span> <span class='ocrx_word' id='word_1_286' title='bbox 1598 3314 1758 3369; x_wconf 85' lang='grc' dir='ltr'>πάλιν</span> <span class='ocrx_word' id='word_1_287' title='bbox 1786 3313 1856 3369; x_wconf 82' lang='grc' dir='ltr'>τά</span> <span class='ocrx_word' id='word_1_288' title='bbox 1909 3317 2181 3389; x_wconf 86' lang='grc' dir='ltr'>παρόντα,</span> 
     </span>
    </p>
   </div>
   <div class='ocr_carea' id='block_1_35' title="bbox 624 3398 2185 3472">
    <p class='ocr_par' dir='ltr' id='par_1_35' title="bbox 624 3398 2185 3472">
     <span class='ocr_line' id='line_1_35' title="bbox 624 3398 2185 3472; baseline 0.005 -21"><span class='ocrx_word' id='word_1_289' title='bbox 624 3399 805 3452; x_wconf 88' lang='grc' dir='ltr'>οὐκέτι</span> <span class='ocrx_word' id='word_1_290' title='bbox 827 3398 1092 3469; x_wconf 82' lang='grc' dir='ltr'>τιμωρίαν</span> <span class='ocrx_word' id='word_1_291' title='bbox 1115 3398 1322 3469; x_wconf 75' lang='grc' dir='ltr'>ἔχοντα,</span> <span class='ocrx_word' id='word_1_292' title='bbox 1347 3398 1463 3453; x_wconf 83' lang='grc' dir='ltr'>ἀλλ’</span> <span class='ocrx_word' id='word_1_293' title='bbox 1491 3401 1809 3471; x_wconf 81' lang='grc' dir='ltr'>εὐεργεσίαν</span> <span class='ocrx_word' id='word_1_294' title='bbox 1834 3420 1847 3434; x_wconf 88' lang='grc'><strong>·</strong></span> <span class='ocrx_word' id='word_1_295' title='bbox 1884 3404 1967 3458; x_wconf 90' lang='grc' dir='ltr'>Σὺ</span> <span class='ocrx_word' id='word_1_296' title='bbox 1996 3405 2185 3472; x_wconf 79' lang='grc' dir='ltr'>ἱερεὺς</span> 
     </span>
    </p>
   </div>
   <div class='ocr_carea' id='block_1_36' title="bbox 623 3479 2186 3557">
    <p class='ocr_par' dir='ltr' id='par_1_36' title="bbox 623 3479 2186 3557">
     <span class='ocr_line' id='line_1_36' title="bbox 623 3479 2186 3557; baseline 0.004 -17"><span class='ocrx_word' id='word_1_297' title='bbox 623 3489 709 3552; x_wconf 83' lang='grc' dir='ltr'>είς</span> <span class='ocrx_word' id='word_1_298' title='bbox 738 3487 845 3539; x_wconf 80' lang='grc' dir='ltr'>τὸν</span> <span class='ocrx_word' id='word_1_299' title='bbox 865 3485 1050 3540; x_wconf 74' lang='grc' dir='ltr'>αἰῶνα</span> <span class='ocrx_word' id='word_1_300' title='bbox 1075 3486 1222 3540; x_wconf 82' lang='grc' dir='ltr'>κατὰ</span> <span class='ocrx_word' id='word_1_301' title='bbox 1251 3487 1364 3555; x_wconf 81' lang='grc' dir='ltr'>τὴν</span> <span class='ocrx_word' id='word_1_302' title='bbox 1390 3486 1566 3552; x_wconf 78' lang='grc' dir='ltr'>τάξιν</span> <span class='ocrx_word' id='word_1_303' title='bbox 1593 3482 1981 3557; x_wconf 78' lang='grc' dir='ltr'>Μελχισεδέκ.</span> <span class='ocrx_word' id='word_1_304' title='bbox 2016 3479 2186 3548; x_wconf 81' lang='grc' dir='ltr'>Τοῦτο</span> 
     </span>
    </p>
   </div>
   <div class='ocr_carea' id='block_1_37' title="bbox 622 3573 2182 3649">
    <p class='ocr_par' dir='ltr' id='par_1_37' title="bbox 622 3573 2182 3649">
     <span class='ocr_line' id='line_1_37' title="bbox 622 3573 2182 3649; baseline 0.004 -22"><span class='ocrx_word' id='word_1_305' title='bbox 622 3573 731 3645; x_wconf 85' lang='grc' dir='ltr'>γὰρ</span> <span class='ocrx_word' id='word_1_306' title='bbox 759 3573 1025 3646; x_wconf 85' lang='grc' dir='ltr'>ἁμαρτίας</span> <span class='ocrx_word' id='word_1_307' title='bbox 1048 3575 1351 3644; x_wconf 84' lang='grc' dir='ltr'>ἀναίρεσις,</span> <span class='ocrx_word' id='word_1_308' title='bbox 1387 3576 1480 3628; x_wconf 75' lang='grc' dir='ltr'>καὶ</span> <span class='ocrx_word' id='word_1_309' title='bbox 1511 3575 1824 3645; x_wconf 85' lang='grc' dir='ltr'>καταλλαγὴ</span> <span class='ocrx_word' id='word_1_310' title='bbox 1867 3580 2003 3649; x_wconf 87' lang='grc' dir='ltr'>πρὸς</span> <span class='ocrx_word' id='word_1_311' title='bbox 2029 3579 2182 3635; x_wconf 87' lang='grc' dir='ltr'>Θεόν.</span> 
     </span>
    </p>
   </div>
   <div class='ocr_carea' id='block_1_38' title="bbox 622 3656 2186 3738">
    <p class='ocr_par' dir='ltr' id='par_1_38' title="bbox 622 3656 2186 3738">
     <span class='ocr_line' id='line_1_38' title="bbox 622 3656 2186 3738; baseline 0.004 -23"><span class='ocrx_word' id='word_1_312' title='bbox 622 3656 757 3715; x_wconf 80' lang='grc' dir='ltr'>Εἶτα</span> <span class='ocrx_word' id='word_1_313' title='bbox 808 3660 1092 3731; x_wconf 81' lang='grc' dir='ltr'>ἐπιμείνας</span> <span class='ocrx_word' id='word_1_314' title='bbox 1137 3662 1318 3724; x_wconf 89' lang='grc' dir='ltr'>αὐτοῖς</span> <span class='ocrx_word' id='word_1_315' title='bbox 1372 3661 1496 3715; x_wconf 82' lang='grc' dir='ltr'>ὅσον</span> <span class='ocrx_word' id='word_1_316' title='bbox 1552 3662 1833 3732; x_wconf 74' lang='grc' dir='ltr'>ἠϐούλετο,</span> <span class='ocrx_word' id='word_1_317' title='bbox 1891 3665 2052 3720; x_wconf 91' lang='grc' dir='ltr'>πάλιν</span> <span class='ocrx_word' id='word_1_318' title='bbox 2087 3668 2186 3738; x_wconf 87' lang='grc' dir='ltr'>τῆς</span> 
     </span>
    </p>
   </div>
   <div class='ocr_carea' id='block_1_39' title="bbox 621 3748 2187 3823">
    <p class='ocr_par' dir='ltr' id='par_1_39' title="bbox 621 3748 2187 3823">
     <span class='ocr_line' id='line_1_39' title="bbox 621 3748 2187 3823; baseline 0.004 -20"><span class='ocrx_word' id='word_1_319' title='bbox 621 3749 931 3819; x_wconf 75' lang='grc' dir='ltr'>οἰκονομίας</span> <span class='ocrx_word' id='word_1_320' title='bbox 953 3748 1205 3813; x_wconf 72' lang='grc' dir='ltr'>ἅπτεται,</span> <span class='ocrx_word' id='word_1_321' title='bbox 1250 3750 1343 3802; x_wconf 75' lang='grc' dir='ltr'>ἐπὶ</span> <span class='ocrx_word' id='word_1_322' title='bbox 1378 3750 1438 3803; x_wconf 83' lang='grc' dir='ltr'>τὸ</span> <span class='ocrx_word' id='word_1_323' title='bbox 1467 3751 1844 3822; x_wconf 84' lang='grc' dir='ltr'>ταπεινότερον</span> <span class='ocrx_word' id='word_1_324' title='bbox 1893 3753 1983 3806; x_wconf 82' lang='grc' dir='ltr'>τὸν</span> <span class='ocrx_word' id='word_1_325' title='bbox 2031 3753 2187 3823; x_wconf 91' lang='grc' dir='ltr'>λόγον</span> 
     </span>
    </p>
   </div>
   <div class='ocr_carea' id='block_1_40' title="bbox 627 3836 2182 3911">
    <p class='ocr_par' dir='ltr' id='par_1_40' title="bbox 627 3836 2182 3911">
     <span class='ocr_line' id='line_1_40' title="bbox 627 3836 2182 3911; baseline 0.005 -19"><span class='ocrx_word' id='word_1_326' title='bbox 627 3836 1131 3911; x_wconf 80' lang='grc' dir='ltr'>μετασχηματίζων,</span> <span class='ocrx_word' id='word_1_327' title='bbox 1152 3838 1245 3891; x_wconf 74' lang='grc' dir='ltr'>καὶ</span> <span class='ocrx_word' id='word_1_328' title='bbox 1264 3836 1439 3907; x_wconf 89' lang='grc' dir='ltr'>λέγων</span> <span class='ocrx_word' id='word_1_329' title='bbox 1457 3856 1471 3869; x_wconf 73' lang='grc' dir='ltr'><strong>ο</strong></span> <span class='ocrx_word' id='word_1_330' title='bbox 1498 3839 1709 3908; x_wconf 81' lang='grc' dir='ltr'>Κύριος</span> <span class='ocrx_word' id='word_1_331' title='bbox 1725 3840 1794 3893; x_wconf 83' lang='grc' dir='ltr'>ἐκ</span> <span class='ocrx_word' id='word_1_332' title='bbox 1816 3840 2028 3906; x_wconf 79' lang='grc' dir='ltr'>δεξιῶν</span> <span class='ocrx_word' id='word_1_333' title='bbox 2045 3857 2182 3899; x_wconf 90' lang='grc' dir='ltr'>σου.</span> 
     </span>
    </p>
   </div>
   <div class='ocr_carea' id='block_1_41' title="bbox 623 3924 2184 4001">
    <p class='ocr_par' dir='ltr' id='par_1_41' title="bbox 623 3924 2184 4001">
     <span class='ocr_line' id='line_1_41' title="bbox 623 3924 2184 4001; baseline 0.002 -20"><span class='ocrx_word' id='word_1_334' title='bbox 623 3927 815 3981; x_wconf 86' lang='grc' dir='ltr'>Καίτοι</span> <span class='ocrx_word' id='word_1_335' title='bbox 847 3924 957 3980; x_wconf 79' lang='grc' dir='ltr'>ἄνω</span> <span class='ocrx_word' id='word_1_336' title='bbox 981 3925 1182 3994; x_wconf 74' lang='grc' dir='ltr'>ἔλεγεν,</span> <span class='ocrx_word' id='word_1_337' title='bbox 1228 3928 1309 3980; x_wconf 85' lang='grc' dir='ltr'>ὅτι</span> <span class='ocrx_word' id='word_1_338' title='bbox 1349 3925 1521 3989; x_wconf 77' lang='grc' dir='ltr'>αὐτὸς</span> <span class='ocrx_word' id='word_1_339' title='bbox 1561 3926 1793 3998; x_wconf 89' lang='grc' dir='ltr'>κάθηται</span> <span class='ocrx_word' id='word_1_340' title='bbox 1821 3930 1879 3981; x_wconf 84' lang='grc' dir='ltr'>ὲν</span> <span class='ocrx_word' id='word_1_341' title='bbox 1911 3926 2059 4001; x_wconf 80' lang='grc' dir='ltr'>δεξιᾷ</span> <span class='ocrx_word' id='word_1_342' title='bbox 2091 3930 2184 3984; x_wconf 89' lang='grc' dir='ltr'>τοῦ</span> 
     </span>
    </p>
   </div>
   <div class='ocr_carea' id='block_1_42' title="bbox 624 4012 2185 4088">
    <p class='ocr_par' dir='ltr' id='par_1_42' title="bbox 624 4012 2185 4088">
     <span class='ocr_line' id='line_1_42' title="bbox 624 4012 2185 4088; baseline 0.003 -21"><span class='ocrx_word' id='word_1_343' title='bbox 624 4013 854 4085; x_wconf 86' lang='grc' dir='ltr'>Πατρός.</span> <span class='ocrx_word' id='word_1_344' title='bbox 892 4013 1052 4085; x_wconf 79' lang='grc' dir='ltr'>Ὁρᾷς</span> <span class='ocrx_word' id='word_1_345' title='bbox 1078 4014 1196 4078; x_wconf 87' lang='grc' dir='ltr'>πῶς</span> <span class='ocrx_word' id='word_1_346' title='bbox 1219 4014 1315 4084; x_wconf 87' lang='grc' dir='ltr'>οὐχ</span> <span class='ocrx_word' id='word_1_347' title='bbox 1343 4012 1493 4088; x_wconf 74' lang='grc'>[265]</span> <span class='ocrx_word' id='word_1_348' title='bbox 1514 4014 1698 4079; x_wconf 85' lang='grc' dir='ltr'>ἁπλῶς</span> <span class='ocrx_word' id='word_1_349' title='bbox 1730 4017 1834 4087; x_wconf 79' lang='grc' dir='ltr'>χρὴ</span> <span class='ocrx_word' id='word_1_350' title='bbox 1866 4018 1986 4081; x_wconf 85' lang='grc' dir='ltr'>ταῖς</span> <span class='ocrx_word' id='word_1_351' title='bbox 2011 4017 2185 4082; x_wconf 80' lang='grc' dir='ltr'>λέξεσι</span> 
     </span>
    </p>
   </div>
   <div class='ocr_carea' id='block_1_43' title="bbox 626 4099 2185 4173">
    <p class='ocr_par' dir='ltr' id='par_1_43' title="bbox 626 4099 2185 4173">
     <span class='ocr_line' id='line_1_43' title="bbox 626 4099 2185 4173; baseline 0.003 -18"><span class='ocrx_word' id='word_1_352' title='bbox 626 4099 1080 4173; x_wconf 85' lang='grc' dir='ltr'>παρακαθῆσθαι;</span> <span class='ocrx_word' id='word_1_353' title='bbox 1124 4101 1188 4153; x_wconf 96' lang='grc' dir='ltr'>Τί</span> <span class='ocrx_word' id='word_1_354' title='bbox 1225 4102 1364 4164; x_wconf 80' lang='grc' dir='ltr'>ἐστι,</span> <span class='ocrx_word' id='word_1_355' title='bbox 1398 4103 1610 4172; x_wconf 82' lang='grc' dir='ltr'>Κύριος</span> <span class='ocrx_word' id='word_1_356' title='bbox 1652 4103 1720 4156; x_wconf 85' lang='grc' dir='ltr'>ἐκ</span> <span class='ocrx_word' id='word_1_357' title='bbox 1772 4102 1986 4168; x_wconf 74' lang='grc' dir='ltr'>δεξιῶν</span> <span class='ocrx_word' id='word_1_358' title='bbox 2031 4121 2185 4168; x_wconf 78' lang='lat' dir='ltr'>a&#39;ov;</span> 
     </span>
    </p>
   </div>
   <div class='ocr_carea' id='block_1_44' title="bbox 638 4188 2188 4263">
    <p class='ocr_par' dir='ltr' id='par_1_44' title="bbox 638 4188 2188 4263">
     <span class='ocr_line' id='line_1_44' title="bbox 638 4188 2188 4263; baseline 0.004 -22"><span class='ocrx_word' id='word_1_359' title='bbox 638 4189 853 4259; x_wconf 82' lang='grc' dir='ltr'>Ἐπειδὴ</span> <span class='ocrx_word' id='word_1_360' title='bbox 885 4189 984 4259; x_wconf 89' lang='grc' dir='ltr'>τῆς</span> <span class='ocrx_word' id='word_1_361' title='bbox 1030 4188 1335 4258; x_wconf 78' lang='grc' dir='ltr'>οἰκονομίας</span> <span class='ocrx_word' id='word_1_362' title='bbox 1376 4188 1568 4259; x_wconf 73' lang='grc' dir='ltr'>ἥψατο,</span> <span class='ocrx_word' id='word_1_363' title='bbox 1603 4191 1695 4243; x_wconf 78' lang='grc' dir='ltr'>ἐπὶ</span> <span class='ocrx_word' id='word_1_364' title='bbox 1745 4190 1842 4262; x_wconf 82' lang='grc' dir='ltr'>τήν</span> <span class='ocrx_word' id='word_1_365' title='bbox 1872 4191 2048 4263; x_wconf 84' lang='grc' dir='ltr'>σάρκα</span> <span class='ocrx_word' id='word_1_366' title='bbox 2095 4193 2188 4248; x_wconf 82' lang='grc' dir='ltr'>τὸν</span> 
     </span>
    </p>
   </div>
   <div class='ocr_carea' id='block_1_45' title="bbox 626 4274 2188 4352">
    <p class='ocr_par' dir='ltr' id='par_1_45' title="bbox 626 4274 2188 4352">
     <span class='ocr_line' id='line_1_45' title="bbox 626 4274 2188 4352; baseline 0.003 -25"><span class='ocrx_word' id='word_1_367' title='bbox 626 4275 780 4344; x_wconf 90' lang='grc' dir='ltr'>λόγον</span> <span class='ocrx_word' id='word_1_368' title='bbox 809 4275 994 4345; x_wconf 82' lang='grc' dir='ltr'>τρέπει</span> <span class='ocrx_word' id='word_1_369' title='bbox 1021 4275 1118 4345; x_wconf 84' lang='grc' dir='ltr'>τὴν</span> <span class='ocrx_word' id='word_1_370' title='bbox 1163 4274 1409 4346; x_wconf 87' lang='grc' dir='ltr'>βοήθειαν</span> <span class='ocrx_word' id='word_1_371' title='bbox 1444 4276 1766 4347; x_wconf 86' lang='grc' dir='ltr'>δεχομένην.</span> <span class='ocrx_word' id='word_1_372' title='bbox 1813 4279 2036 4351; x_wconf 75' lang='grc' dir='ltr'>Ὀρᾶται</span> <span class='ocrx_word' id='word_1_373' title='bbox 2079 4279 2188 4352; x_wconf 86' lang='grc' dir='ltr'>γὰρ</span> 
     </span>
    </p>
   </div>
   <div class='ocr_carea' id='block_1_46' title="bbox 626 4360 2190 4437">
    <p class='ocr_par' dir='ltr' id='par_1_46' title="bbox 626 4360 2190 4437">
     <span class='ocr_line' id='line_1_46' title="bbox 626 4360 2190 4437; baseline 0.002 -22"><span class='ocrx_word' id='word_1_374' title='bbox 626 4361 894 4430; x_wconf 86' lang='grc' dir='ltr'>ἀγωνιῶν,</span> <span class='ocrx_word' id='word_1_375' title='bbox 935 4362 1030 4415; x_wconf 74' lang='grc' dir='ltr'>καὶ</span> <span class='ocrx_word' id='word_1_376' title='bbox 1065 4362 1243 4431; x_wconf 87' lang='grc' dir='ltr'>ίδρῶν,</span> <span class='ocrx_word' id='word_1_377' title='bbox 1275 4362 1367 4415; x_wconf 71' lang='grc' dir='ltr'>καὶ</span> <span class='ocrx_word' id='word_1_378' title='bbox 1392 4360 1563 4425; x_wconf 79' lang='grc' dir='ltr'>οὕτως</span> <span class='ocrx_word' id='word_1_379' title='bbox 1592 4362 1770 4434; x_wconf 86' lang='grc' dir='ltr'>ίδρῶν,</span> <span class='ocrx_word' id='word_1_380' title='bbox 1798 4363 1872 4427; x_wconf 85' lang='grc' dir='ltr'>ὡς</span> <span class='ocrx_word' id='word_1_381' title='bbox 1903 4366 1995 4418; x_wconf 72' lang='lat' dir='ltr'>xal</span> <span class='ocrx_word' id='word_1_382' title='bbox 2028 4365 2190 4437; x_wconf 91' lang='grc' dir='ltr'>θρόμ-</span> 
     </span>
    </p>
   </div>
   <div class='ocr_carea' id='block_1_47' title="bbox 629 4448 2188 4524">
    <p class='ocr_par' dir='ltr' id='par_1_47' title="bbox 629 4448 2188 4524">
     <span class='ocr_line' id='line_1_47' title="bbox 629 4448 2188 4524; baseline 0.003 -23"><span class='ocrx_word' id='word_1_383' title='bbox 629 4449 754 4513; x_wconf 88' lang='grc' dir='ltr'>ϐους</span> <span class='ocrx_word' id='word_1_384' title='bbox 778 4450 1087 4519; x_wconf 80' lang='grc' dir='ltr'>καταρρεῖν,</span> <span class='ocrx_word' id='word_1_385' title='bbox 1118 4450 1211 4502; x_wconf 78' lang='grc' dir='ltr'>καὶ</span> <span class='ocrx_word' id='word_1_386' title='bbox 1238 4448 1630 4519; x_wconf 82' lang='grc' dir='ltr'>ἐνισχυόμενος.</span> <span class='ocrx_word' id='word_1_387' title='bbox 1679 4450 1911 4521; x_wconf 89' lang='grc' dir='ltr'>Τοιαύτη</span> <span class='ocrx_word' id='word_1_388' title='bbox 1945 4452 2053 4523; x_wconf 87' lang='grc' dir='ltr'>γὰρ</span> <span class='ocrx_word' id='word_1_389' title='bbox 2089 4453 2188 4524; x_wconf 91' lang='grc' dir='ltr'>τῆς</span> 
     </span>
    </p>
   </div>
   <div class='ocr_carea' id='block_1_48' title="bbox 629 4534 2186 4607">
    <p class='ocr_par' dir='ltr' id='par_1_48' title="bbox 629 4534 2186 4607">
     <span class='ocr_line' id='line_1_48' title="bbox 629 4534 2186 4607; baseline 0.003 -19"><span class='ocrx_word' id='word_1_390' title='bbox 629 4536 826 4607; x_wconf 83' lang='grc' dir='ltr'>σαρκὸς</span> <span class='ocrx_word' id='word_1_391' title='bbox 851 4537 884 4606; x_wconf 84' lang='grc' dir='ltr'>ἡ</span> <span class='ocrx_word' id='word_1_392' title='bbox 912 4534 1091 4604; x_wconf 83' lang='grc' dir='ltr'>φύσις.</span> <span class='ocrx_word' id='word_1_393' title='bbox 1121 4536 1456 4589; x_wconf 85' lang='grc' dir='ltr'>Συνθλάσει</span> <span class='ocrx_word' id='word_1_394' title='bbox 1480 4535 1549 4589; x_wconf 80' lang='grc' dir='ltr'>ἐν</span> <span class='ocrx_word' id='word_1_395' title='bbox 1575 4535 1765 4606; x_wconf 78' lang='grc' dir='ltr'>ἡμέρᾳ</span> <span class='ocrx_word' id='word_1_396' title='bbox 1797 4536 1977 4607; x_wconf 76' lang='grc' dir='ltr'>ὀργῆς</span> <span class='ocrx_word' id='word_1_397' title='bbox 2002 4539 2186 4594; x_wconf 84' lang='grc' dir='ltr'>αὐτοῦ</span> 
     </span>
    </p>
   </div>
   <div class='ocr_carea' id='block_1_49' title="bbox 625 4622 2188 4696">
    <p class='ocr_par' dir='ltr' id='par_1_49' title="bbox 625 4622 2188 4696">
     <span class='ocr_line' id='line_1_49' title="bbox 625 4622 2188 4696; baseline 0.002 -19"><span class='ocrx_word' id='word_1_398' title='bbox 625 4623 922 4688; x_wconf 82' lang='grc' dir='ltr'>βασιλεῖς.</span> <span class='ocrx_word' id='word_1_399' title='bbox 959 4623 1071 4676; x_wconf 89' lang='grc' dir='ltr'>Οὐκ</span> <span class='ocrx_word' id='word_1_400' title='bbox 1098 4623 1162 4677; x_wconf 81' lang='grc' dir='ltr'>ἄν</span> <span class='ocrx_word' id='word_1_401' title='bbox 1186 4639 1268 4685; x_wconf 88' lang='grc' dir='ltr'>τις</span> <span class='ocrx_word' id='word_1_402' title='bbox 1311 4623 1546 4694; x_wconf 87' lang='grc' dir='ltr'>ἁμάρτοι</span> <span class='ocrx_word' id='word_1_403' title='bbox 1586 4622 1746 4676; x_wconf 90' lang='grc' dir='ltr'>τοῦτο</span> <span class='ocrx_word' id='word_1_404' title='bbox 1798 4625 1892 4677; x_wconf 71' lang='grc' dir='ltr'>καὶ</span> <span class='ocrx_word' id='word_1_405' title='bbox 1927 4627 2054 4696; x_wconf 77' lang='grc' dir='ltr'>περὶ</span> <span class='ocrx_word' id='word_1_406' title='bbox 2079 4626 2188 4681; x_wconf 86' lang='grc' dir='ltr'>τῶν</span> 
     </span>
    </p>
   </div>
   <div class='ocr_carea' id='block_1_50' title="bbox 627 4709 2185 4785">
    <p class='ocr_par' dir='ltr' id='par_1_50' title="bbox 627 4709 2185 4785">
     <span class='ocr_line' id='line_1_50' title="bbox 627 4709 2185 4785; baseline 0.002 -22"><span class='ocrx_word' id='word_1_407' title='bbox 627 4711 906 4781; x_wconf 74' lang='grc' dir='ltr'>παρόντων</span> <span class='ocrx_word' id='word_1_408' title='bbox 927 4709 1099 4779; x_wconf 90' lang='grc' dir='ltr'>λέγων</span> <span class='ocrx_word' id='word_1_409' title='bbox 1128 4709 1235 4764; x_wconf 84' lang='grc' dir='ltr'>τῶν</span> <span class='ocrx_word' id='word_1_410' title='bbox 1279 4710 1719 4781; x_wconf 72' lang='grc' dir='ltr'>ἐπανισταμένων</span> <span class='ocrx_word' id='word_1_411' title='bbox 1757 4715 1822 4783; x_wconf 84' lang='grc' dir='ltr'>τῇ</span> <span class='ocrx_word' id='word_1_412' title='bbox 1870 4713 2185 4785; x_wconf 75' lang='grc' dir='ltr'>Ἐκκλησία,</span> 
     </span>
    </p>
   </div>
   <div class='ocr_carea' id='block_1_51' title="bbox 626 4794 2188 4872">
    <p class='ocr_par' dir='ltr' id='par_1_51' title="bbox 626 4794 2188 4872">
     <span class='ocr_line' id='line_1_51' title="bbox 626 4794 2188 4872; baseline 0.003 -21"><span class='ocrx_word' id='word_1_413' title='bbox 626 4799 720 4851; x_wconf 78' lang='grc' dir='ltr'>καὶ</span> <span class='ocrx_word' id='word_1_414' title='bbox 765 4797 891 4869; x_wconf 76' lang='grc' dir='ltr'>περὶ</span> <span class='ocrx_word' id='word_1_415' title='bbox 926 4797 1032 4851; x_wconf 83' lang='grc' dir='ltr'>τῶν</span> <span class='ocrx_word' id='word_1_416' title='bbox 1069 4797 1366 4868; x_wconf 86' lang='grc' dir='ltr'>μελλόντων</span> <span class='ocrx_word' id='word_1_417' title='bbox 1404 4797 1596 4851; x_wconf 83' lang='grc' dir='ltr'>δώσειν</span> <span class='ocrx_word' id='word_1_418' title='bbox 1641 4797 1891 4865; x_wconf 89' lang='grc' dir='ltr'>εὐθύνας,</span> <span class='ocrx_word' id='word_1_419' title='bbox 1933 4800 2071 4872; x_wconf 82' lang='grc' dir='ltr'>ὑπὲρ</span> <span class='ocrx_word' id='word_1_420' title='bbox 2113 4794 2188 4855; x_wconf 82' lang='grc' dir='ltr'>ὧν</span> 
     </span>
    </p>
   </div>
   <div class='ocr_carea' id='block_1_52' title="bbox 626 4884 2185 4958">
    <p class='ocr_par' dir='ltr' id='par_1_52' title="bbox 626 4884 2185 4958">
     <span class='ocr_line' id='line_1_52' title="bbox 626 4884 2185 4958; baseline 0.002 -18"><span class='ocrx_word' id='word_1_421' title='bbox 626 4889 870 4958; x_wconf 77' lang='grc' dir='ltr'>ἥμαρτον</span> <span class='ocrx_word' id='word_1_422' title='bbox 920 4889 1014 4940; x_wconf 60' lang='grc' dir='ltr'>καὶ¹</span> <span class='ocrx_word' id='word_1_423' title='bbox 1058 4884 1353 4957; x_wconf 76' lang='grc' dir='ltr'>ἠσέϐησαν.</span> <span class='ocrx_word' id='word_1_424' title='bbox 1399 4885 1607 4954; x_wconf 74' lang='grc' dir='ltr'>Κρινεῖ</span> <span class='ocrx_word' id='word_1_425' title='bbox 1649 4886 1719 4940; x_wconf 84' lang='grc' dir='ltr'>ἐν</span> <span class='ocrx_word' id='word_1_426' title='bbox 1764 4886 1890 4954; x_wconf 81' lang='grc' dir='ltr'>τοῖς</span> <span class='ocrx_word' id='word_1_427' title='bbox 1942 4887 2145 4943; x_wconf 78' lang='grc' dir='ltr'>ἔθνεσι</span> <span class='ocrx_word' id='word_1_428' title='bbox 2169 4930 2185 4956; x_wconf 93' lang='grc'>,</span> 
     </span>
    </p>
   </div>
   <div class='ocr_carea' id='block_1_53' title="bbox 627 4971 2190 5046">
    <p class='ocr_par' dir='ltr' id='par_1_53' title="bbox 627 4971 2190 5046">
     <span class='ocr_line' id='line_1_53' title="bbox 627 4971 2190 5046; baseline 0.002 -18"><span class='ocrx_word' id='word_1_429' title='bbox 627 4972 928 5043; x_wconf 73' lang='grc' dir='ltr'>πληρώσει</span> <span class='ocrx_word' id='word_1_430' title='bbox 980 4971 1277 5043; x_wconf 83' lang='grc' dir='ltr'>πτώματα.</span> <span class='ocrx_word' id='word_1_431' title='bbox 1339 4972 1404 5025; x_wconf 87' lang='grc' dir='ltr'>Τί</span> <span class='ocrx_word' id='word_1_432' title='bbox 1456 4975 1571 5027; x_wconf 82' lang='grc' dir='ltr'>ἐστι</span> <span class='ocrx_word' id='word_1_433' title='bbox 1599 5017 1614 5041; x_wconf 86' lang='grc'>,</span> <span class='ocrx_word' id='word_1_434' title='bbox 1690 4972 1899 5043; x_wconf 80' lang='grc' dir='ltr'>Κρινεῖ-</span> <span class='ocrx_word' id='word_1_435' title='bbox 1947 4977 2018 5030; x_wconf 88' lang='grc' dir='ltr'>ἐν</span> <span class='ocrx_word' id='word_1_436' title='bbox 2065 4977 2190 5046; x_wconf 84' lang='grc' dir='ltr'>τοῖς</span> 
     </span>
    </p>
   </div>
   <div class='ocr_carea' id='block_1_54' title="bbox 627 5059 2184 5133">
    <p class='ocr_par' dir='ltr' id='par_1_54' title="bbox 627 5059 2184 5133">
     <span class='ocr_line' id='line_1_54' title="bbox 627 5059 2184 5133; baseline 0.001 -17"><span class='ocrx_word' id='word_1_437' title='bbox 627 5060 864 5125; x_wconf 79' lang='grc' dir='ltr'>ἕθνεσι;</span> <span class='ocrx_word' id='word_1_438' title='bbox 892 5060 1131 5133; x_wconf 84' lang='grc' dir='ltr'>Δικάσει,</span> <span class='ocrx_word' id='word_1_439' title='bbox 1172 5059 1325 5130; x_wconf 72' lang='grc' dir='ltr'>φησὶ,</span> <span class='ocrx_word' id='word_1_440' title='bbox 1359 5062 1675 5133; x_wconf 88' lang='grc' dir='ltr'>κατακρινεῖ</span> <span class='ocrx_word' id='word_1_441' title='bbox 1696 5073 1723 5102; x_wconf 75' lang='grc' dir='ltr'>ι</span> <span class='ocrx_word' id='word_1_442' title='bbox 1750 5063 1876 5125; x_wconf 85' lang='grc' dir='ltr'>τοὺς</span> <span class='ocrx_word' id='word_1_443' title='bbox 1907 5062 2184 5133; x_wconf 88' lang='grc' dir='ltr'>δαίμονας.</span> 
     </span>
    </p>
   </div>
   <div class='ocr_carea' id='block_1_55' title="bbox 627 5145 2204 5219">
    <p class='ocr_par' dir='ltr' id='par_1_55' title="bbox 627 5145 2204 5219">
     <span class='ocr_line' id='line_1_55' title="bbox 627 5145 2204 5219; baseline 0.001 -16"><span class='ocrx_word' id='word_1_444' title='bbox 627 5148 738 5211; x_wconf 76' lang='grc' dir='ltr'>Καὶ</span> <span class='ocrx_word' id='word_1_445' title='bbox 763 5148 844 5201; x_wconf 83' lang='grc' dir='ltr'>ὅτι</span> <span class='ocrx_word' id='word_1_446' title='bbox 871 5147 1102 5218; x_wconf 79' lang='grc' dir='ltr'>ἔκρινεν,</span> <span class='ocrx_word' id='word_1_447' title='bbox 1122 5147 1350 5201; x_wconf 86' lang='grc' dir='ltr'>ἄκουσον</span> <span class='ocrx_word' id='word_1_448' title='bbox 1376 5145 1471 5199; x_wconf 91' lang='grc' dir='ltr'>τοῦ</span> <span class='ocrx_word' id='word_1_449' title='bbox 1497 5145 1731 5219; x_wconf 81' lang='grc' dir='ltr'>Χριστοῦ</span> <span class='ocrx_word' id='word_1_450' title='bbox 1761 5147 2038 5217; x_wconf 86' lang='grc' dir='ltr'>λέγοντος·</span> <span class='ocrx_word' id='word_1_451' title='bbox 2059 5150 2204 5217; x_wconf 75' lang='grc' dir='ltr'>Νῦν⁸</span> 
     </span>
    </p>
   </div>
   <div class='ocr_carea' id='block_1_56' title="bbox 629 5233 2189 5305">
    <p class='ocr_par' dir='ltr' id='par_1_56' title="bbox 629 5233 2189 5305">
     <span class='ocr_line' id='line_1_56' title="bbox 629 5233 2189 5305; baseline 0.002 -16"><span class='ocrx_word' id='word_1_452' title='bbox 629 5235 825 5304; x_wconf 77' lang='grc' dir='ltr'>κρίσις</span> <span class='ocrx_word' id='word_1_453' title='bbox 853 5233 983 5288; x_wconf 79' lang='grc' dir='ltr'>ἐστὶ</span> <span class='ocrx_word' id='word_1_454' title='bbox 1005 5233 1111 5287; x_wconf 86' lang='grc' dir='ltr'>τοῦ</span> <span class='ocrx_word' id='word_1_455' title='bbox 1132 5234 1358 5302; x_wconf 81' lang='grc' dir='ltr'>κόσμου</span> <span class='ocrx_word' id='word_1_456' title='bbox 1378 5233 1592 5287; x_wconf 85' lang='grc' dir='ltr'>τούτου</span> <span class='ocrx_word' id='word_1_457' title='bbox 1614 5250 1628 5265; x_wconf 89' lang='grc'><strong>·</strong></span> <span class='ocrx_word' id='word_1_458' title='bbox 1658 5233 1774 5287; x_wconf 86' lang='grc' dir='ltr'>νῦν</span> <span class='ocrx_word' id='word_1_459' title='bbox 1796 5238 1828 5288; x_wconf 85' lang='grc' dir='ltr'>ό</span> <span class='ocrx_word' id='word_1_460' title='bbox 1850 5234 2048 5305; x_wconf 81' lang='grc' dir='ltr'>ἄρχων</span> <span class='ocrx_word' id='word_1_461' title='bbox 2082 5237 2189 5292; x_wconf 84' lang='grc' dir='ltr'>τοῦ</span> 
     </span>
    </p>
   </div>
   <div class='ocr_carea' id='block_1_57' title="bbox 629 5320 2190 5394">
    <p class='ocr_par' dir='ltr' id='par_1_57' title="bbox 629 5320 2190 5394">
     <span class='ocr_line' id='line_1_57' title="bbox 629 5320 2190 5394; baseline 0.001 -17"><span class='ocrx_word' id='word_1_462' title='bbox 629 5325 858 5392; x_wconf 85' lang='grc' dir='ltr'>κόσμου</span> <span class='ocrx_word' id='word_1_463' title='bbox 889 5321 1321 5390; x_wconf 75' lang='grc' dir='ltr'>ἐκϐληθήσεται</span> <span class='ocrx_word' id='word_1_464' title='bbox 1362 5320 1497 5385; x_wconf 80' lang='grc' dir='ltr'>ἕξω.</span> <span class='ocrx_word' id='word_1_465' title='bbox 1551 5322 1661 5375; x_wconf 71' lang='grc' dir='ltr'>Καὶ</span> <span class='ocrx_word' id='word_1_466' title='bbox 1705 5320 1939 5393; x_wconf 82' lang='grc' dir='ltr'>ἀλλαχοῦ</span> <span class='ocrx_word' id='word_1_467' title='bbox 1961 5339 1977 5354; x_wconf 69' lang='grc'><strong>⁸</strong></span> <span class='ocrx_word' id='word_1_468' title='bbox 2017 5325 2190 5394; x_wconf 74' lang='grc' dir='ltr'>Κάγὼ</span> 
     </span>
    </p>
   </div>
   <div class='ocr_carea' id='block_1_58' title="bbox 630 5407 2190 5480">
    <p class='ocr_par' dir='ltr' id='par_1_58' title="bbox 630 5407 2190 5480">
     <span class='ocr_line' id='line_1_58' title="bbox 630 5407 2190 5480; baseline 0.001 -16"><span class='ocrx_word' id='word_1_469' title='bbox 630 5411 736 5468; x_wconf 78' lang='grc' dir='ltr'>ἐὰν</span> <span class='ocrx_word' id='word_1_470' title='bbox 760 5409 997 5480; x_wconf 71' lang='grc' dir='ltr'>ὑψωθῶ,</span> <span class='ocrx_word' id='word_1_471' title='bbox 1022 5407 1250 5473; x_wconf 78' lang='grc' dir='ltr'>πάντας</span> <span class='ocrx_word' id='word_1_472' title='bbox 1273 5409 1512 5463; x_wconf 77' lang='grc' dir='ltr'>ἑλκύσω</span> <span class='ocrx_word' id='word_1_473' title='bbox 1540 5409 1689 5477; x_wconf 81' lang='grc' dir='ltr'>πρὸς</span> <span class='ocrx_word' id='word_1_474' title='bbox 1728 5409 2007 5478; x_wconf 78' lang='grc' dir='ltr'>ἐμαυτόν.</span> <span class='ocrx_word' id='word_1_475' title='bbox 2031 5412 2093 5465; x_wconf 67' lang='lat' dir='ltr'>Et</span> <span class='ocrx_word' id='word_1_476' title='bbox 2130 5412 2190 5465; x_wconf 83' lang='grc' dir='ltr'>δὲ</span> 
     </span>
    </p>
   </div>
   <div class='ocr_carea' id='block_1_59' title="bbox 631 5497 2181 5573">
    <p class='ocr_par' dir='ltr' id='par_1_59' title="bbox 631 5497 2181 5573">
     <span class='ocr_line' id='line_1_59' title="bbox 631 5497 2181 5573; baseline 0.001 -19"><span class='ocrx_word' id='word_1_477' title='bbox 631 5497 1064 5570; x_wconf 70' lang='grc' dir='ltr'>αἰσθητικωτέρα</span> <span class='ocrx_word' id='word_1_478' title='bbox 1085 5499 1150 5569; x_wconf 80' lang='grc' dir='ltr'>τῇ</span> <span class='ocrx_word' id='word_1_479' title='bbox 1172 5497 1315 5562; x_wconf 76' lang='grc' dir='ltr'>λέξει</span> <span class='ocrx_word' id='word_1_480' title='bbox 1345 5497 1628 5569; x_wconf 86' lang='grc' dir='ltr'>κέχρηται,</span> <span class='ocrx_word' id='word_1_481' title='bbox 1667 5497 1741 5567; x_wconf 82' lang='grc' dir='ltr'>μὴ</span> <span class='ocrx_word' id='word_1_482' title='bbox 1784 5499 2181 5573; x_wconf 77' lang='grc' dir='ltr'>προσπταίσης.</span> 
     </span>
    </p>
   </div>
   <div class='ocr_carea' id='block_1_60' title="bbox 636 5583 2185 5658">
    <p class='ocr_par' dir='ltr' id='par_1_60' title="bbox 636 5583 2185 5658">
     <span class='ocr_line' id='line_1_60' title="bbox 636 5583 2185 5658; baseline 0.001 -16"><span class='ocrx_word' id='word_1_483' title='bbox 636 5585 796 5651; x_wconf 86' lang='grc' dir='ltr'>Ἔθος</span> <span class='ocrx_word' id='word_1_484' title='bbox 811 5586 920 5658; x_wconf 89' lang='grc' dir='ltr'>γὰρ</span> <span class='ocrx_word' id='word_1_485' title='bbox 932 5588 1000 5657; x_wconf 72' lang='grc' dir='ltr'>τῇ</span> <span class='ocrx_word' id='word_1_486' title='bbox 1021 5586 1210 5657; x_wconf 82' lang='grc' dir='ltr'>Γραφῇ</span> <span class='ocrx_word' id='word_1_487' title='bbox 1233 5583 1411 5639; x_wconf 87' lang='grc' dir='ltr'>τοῦτο.</span> <span class='ocrx_word' id='word_1_488' title='bbox 1437 5585 1773 5640; x_wconf 83' lang='grc' dir='ltr'>Συνθλάσει</span> <span class='ocrx_word' id='word_1_489' title='bbox 1796 5587 2061 5656; x_wconf 68' lang='grc' dir='ltr'>κεφαλὰς</span> <span class='ocrx_word' id='word_1_490' title='bbox 2088 5589 2185 5643; x_wconf 75' lang='grc' dir='ltr'>ἐπὶ</span> 
     </span>
    </p>
   </div>
   <div class='ocr_carea' id='block_1_61' title="bbox 695 5756 1971 5823">
    <p class='ocr_par' dir='ltr' id='par_1_61' title="bbox 695 5756 1971 5823">
     <span class='ocr_line' id='line_1_61' title="bbox 695 5756 1971 5823; baseline 0 -14"><span class='ocrx_word' id='word_1_491' title='bbox 695 5760 722 5789; x_wconf 75' lang='grc'><strong><em>⁸</em></strong></span> <span class='ocrx_word' id='word_1_492' title='bbox 747 5758 831 5809; x_wconf 72' lang='lat' dir='ltr'>Sic</span> <span class='ocrx_word' id='word_1_493' title='bbox 851 5772 966 5808; x_wconf 82' lang='lat' dir='ltr'>mss.</span> <span class='ocrx_word' id='word_1_494' title='bbox 986 5758 1181 5811; x_wconf 77' lang='lat' dir='ltr'>melius.</span> <span class='ocrx_word' id='word_1_495' title='bbox 1204 5758 1335 5810; x_wconf 84' lang='lat' dir='ltr'>Edit.</span> <span class='ocrx_word' id='word_1_496' title='bbox 1363 5757 1535 5810; x_wconf 81' lang='lat' dir='ltr'>Morel.</span> <span class='ocrx_word' id='word_1_497' title='bbox 1558 5763 1613 5810; x_wconf 80' lang='lat' dir='ltr'><strong><em>el</em></strong></span> <span class='ocrx_word' id='word_1_498' title='bbox 1630 5756 1780 5811; x_wconf 67' lang='lat' dir='ltr'>SaYil.</span> <span class='ocrx_word' id='word_1_499' title='bbox 1807 5759 1971 5823; x_wconf 82' lang='grc' dir='ltr'>κρινεῖ.</span> 
     </span>
    </p>
   </div>
   <div class='ocr_carea' id='block_1_62' title="bbox 1314 312 3139 385">
    <p class='ocr_par' dir='ltr' id='par_1_62' title="bbox 1314 312 3139 385">
     <span class='ocr_line' id='line_1_62' title="bbox 1314 312 3139 385; baseline 0.008 -17"><span class='ocrx_word' id='word_1_500' title='bbox 1314 314 1372 368; x_wconf 90' lang='lat' dir='ltr'>S.</span> <span class='ocrx_word' id='word_1_501' title='bbox 1405 312 1688 373; x_wconf 82' lang='lat' dir='ltr'>JOANMS</span> <span class='ocrx_word' id='word_1_502' title='bbox 1724 317 2200 377; x_wconf 80' lang='lat' dir='ltr'>CHRYSOSTOMI</span> <span class='ocrx_word' id='word_1_503' title='bbox 2238 321 2556 378; x_wconf 77' lang='lat' dir='ltr'>ARCHIEP.</span> <span class='ocrx_word' id='word_1_504' title='bbox 2596 323 3139 385; x_wconf 80' lang='lat' dir='ltr'>CONS’I‘ANTINOP.</span> 
     </span>
    </p>
   </div>
   <div class='ocr_carea' id='block_1_63' title="bbox 613 427 2217 518">
    <p class='ocr_par' dir='ltr' id='par_1_63' title="bbox 613 427 2217 518">
     <span class='ocr_line' id='line_1_63' title="bbox 613 427 2217 518; baseline 0.008 -37"><span class='ocrx_word' id='word_1_505' title='bbox 613 445 729 498; x_wconf 88' lang='grc' dir='ltr'>νην,</span> <span class='ocrx_word' id='word_1_506' title='bbox 762 427 969 518; x_wconf 47' lang='lat' dir='ltr'>mpm</span> <span class='ocrx_word' id='word_1_507' title='bbox 998 428 1060 482; x_wconf 86' lang='grc' dir='ltr'>τδ</span> <span class='ocrx_word' id='word_1_508' title='bbox 1100 429 1479 503; x_wconf 83' lang='grc' dir='ltr'>ἀτελεύτητον,</span> <span class='ocrx_word' id='word_1_509' title='bbox 1528 434 1780 507; x_wconf 87' lang='grc' dir='ltr'>καθάπερ</span> <span class='ocrx_word' id='word_1_510' title='bbox 1820 436 1916 490; x_wconf 73' lang='grc' dir='ltr'>καὶ</span> <span class='ocrx_word' id='word_1_511' title='bbox 1969 439 2217 518; x_wconf 54' lang='grc' dir='ltr'>Παῦλός.</span> 
     </span>
    </p>
   </div>
   <div class='ocr_carea' id='block_1_64' title="bbox 3734 335 3839 393">
    <p class='ocr_par' dir='ltr' id='par_1_64' title="bbox 3734 335 3839 393">
     <span class='ocr_line' id='line_1_64' title="bbox 3734 335 3839 393; baseline 0.038 -4"><span class='ocrx_word' id='word_1_512' title='bbox 3734 335 3839 393; x_wconf 72' lang='grc'>278</span> 
     </span>
    </p>
   </div>
   <div class='ocr_carea' id='block_1_65' title="bbox 2281 443 3839 517">
    <p class='ocr_par' dir='ltr' id='par_1_65' title="bbox 2281 443 3839 517">
     <span class='ocr_line' id='line_1_65' title="bbox 2281 443 3839 517; baseline 0.008 -22"><span class='ocrx_word' id='word_1_513' title='bbox 2281 443 2393 513; x_wconf 78' lang='grc' dir='ltr'>γῆς</span> <span class='ocrx_word' id='word_1_514' title='bbox 2424 443 2686 498; x_wconf 83' lang='grc' dir='ltr'>πολλῶν.</span> <span class='ocrx_word' id='word_1_515' title='bbox 2719 443 2782 496; x_wconf 68' lang='lat' dir='ltr'>Et</span> <span class='ocrx_word' id='word_1_516' title='bbox 2822 443 2923 511; x_wconf 79' lang='grc' dir='ltr'>μὲν</span> <span class='ocrx_word' id='word_1_517' title='bbox 2954 444 3098 497; x_wconf 88' lang='grc' dir='ltr'>κατά</span> <span class='ocrx_word' id='word_1_518' title='bbox 3126 444 3416 517; x_wconf 80' lang='grc' dir='ltr'>ἀναγωγὴν</span> <span class='ocrx_word' id='word_1_519' title='bbox 3450 443 3657 515; x_wconf 86' lang='grc' dir='ltr'>βούλοιο</span> <span class='ocrx_word' id='word_1_520' title='bbox 3690 450 3839 508; x_wconf 84' lang='grc' dir='ltr'>τοῦτο</span> 
     </span>
    </p>
   </div>
   <div class='ocr_carea' id='block_1_66' title="bbox 2279 529 3840 600">
    <p class='ocr_par' dir='ltr' id='par_1_66' title="bbox 2279 529 3840 600">
     <span class='ocr_line' id='line_1_66' title="bbox 2279 529 3840 600; baseline 0.006 -18"><span class='ocrx_word' id='word_1_521' title='bbox 2279 529 2546 599; x_wconf 88' lang='grc' dir='ltr'>δέχεσθαι,</span> <span class='ocrx_word' id='word_1_522' title='bbox 2578 529 2676 600; x_wconf 81' lang='grc' dir='ltr'>τὴν</span> <span class='ocrx_word' id='word_1_523' title='bbox 2702 529 2958 585; x_wconf 84' lang='grc' dir='ltr'>ἀπόνοιαν</span> <span class='ocrx_word' id='word_1_524' title='bbox 2981 531 3123 585; x_wconf 82' lang='grc' dir='ltr'>εῐποι</span> <span class='ocrx_word' id='word_1_525' title='bbox 3144 548 3230 597; x_wconf 92' lang='grc' dir='ltr'>τις</span> <span class='ocrx_word' id='word_1_526' title='bbox 3250 532 3316 588; x_wconf 85' lang='grc' dir='ltr'>ἂν</span> <span class='ocrx_word' id='word_1_527' title='bbox 3336 534 3419 586; x_wconf 85' lang='grc' dir='ltr'>ὅτι</span> <span class='ocrx_word' id='word_1_528' title='bbox 3439 532 3685 588; x_wconf 82' lang='grc' dir='ltr'>καθελεῖ·</span> <span class='ocrx_word' id='word_1_529' title='bbox 3712 539 3761 591; x_wconf 76' lang='grc' dir='ltr'>εί</span> <span class='ocrx_word' id='word_1_530' title='bbox 3787 539 3840 591; x_wconf 85' lang='grc' dir='ltr'>δὲ</span> 
     </span>
    </p>
   </div>
   <div class='ocr_carea' id='block_1_67' title="bbox 2282 615 3840 694">
    <p class='ocr_par' dir='ltr' id='par_1_67' title="bbox 2282 615 3840 694">
     <span class='ocr_line' id='line_1_67' title="bbox 2282 615 3840 694; baseline 0.006 -25"><span class='ocrx_word' id='word_1_531' title='bbox 2282 616 2379 670; x_wconf 76' lang='grc' dir='ltr'>καὶ</span> <span class='ocrx_word' id='word_1_532' title='bbox 2426 615 2719 687; x_wconf 85' lang='grc' dir='ltr'>αίσθητῶς,</span> <span class='ocrx_word' id='word_1_533' title='bbox 2764 616 2861 688; x_wconf 86' lang='grc' dir='ltr'>τὴν</span> <span class='ocrx_word' id='word_1_534' title='bbox 2902 617 3189 689; x_wconf 79' lang='grc' dir='ltr'>συμφορὰν</span> <span class='ocrx_word' id='word_1_535' title='bbox 3230 619 3330 690; x_wconf 83' lang='grc' dir='ltr'>τὴν</span> <span class='ocrx_word' id='word_1_536' title='bbox 3373 619 3669 694; x_wconf 82' lang='grc' dir='ltr'>Ἰουδαῖκὴν</span> <span class='ocrx_word' id='word_1_537' title='bbox 3695 660 3713 687; x_wconf 91' lang='grc'>,</span> <span class='ocrx_word' id='word_1_538' title='bbox 3752 622 3840 688; x_wconf 80' lang='grc' dir='ltr'>οὓς</span> 
     </span>
    </p>
   </div>
   <div class='ocr_carea' id='block_1_68' title="bbox 2282 703 3699 779">
    <p class='ocr_par' dir='ltr' id='par_1_68' title="bbox 2282 703 3699 779">
     <span class='ocr_line' id='line_1_68' title="bbox 2282 703 3699 779; baseline 0.006 -22"><span class='ocrx_word' id='word_1_539' title='bbox 2282 703 2561 759; x_wconf 87' lang='grc' dir='ltr'>ἀπώλεσεν</span> <span class='ocrx_word' id='word_1_540' title='bbox 2580 704 2750 776; x_wconf 81' lang='grc' dir='ltr'>ἄρδην</span> <span class='ocrx_word' id='word_1_541' title='bbox 2781 705 2918 775; x_wconf 88' lang='grc' dir='ltr'>μετά</span> <span class='ocrx_word' id='word_1_542' title='bbox 2949 706 3151 778; x_wconf 85' lang='grc' dir='ltr'>πολλῆς</span> <span class='ocrx_word' id='word_1_543' title='bbox 3189 709 3289 779; x_wconf 85' lang='grc' dir='ltr'>τῆς</span> <span class='ocrx_word' id='word_1_544' title='bbox 3317 708 3699 779; x_wconf 85' lang='grc' dir='ltr'>σφοδρότητος.</span> 
     </span>
    </p>
   </div>
   <div class='ocr_carea' id='block_1_69' title="bbox 2366 790 3839 860">
    <p class='ocr_par' dir='ltr' id='par_1_69' title="bbox 2366 790 3839 860">
     <span class='ocr_line' id='line_1_69' title="bbox 2366 790 3839 860; baseline 0.005 -15"><span class='ocrx_word' id='word_1_545' title='bbox 2366 792 2464 845; x_wconf 83' lang='grc' dir='ltr'>Ἐκ</span> <span class='ocrx_word' id='word_1_546' title='bbox 2488 790 2894 860; x_wconf 74' lang='grc' dir='ltr'>χειμάρρουὲν</span> <span class='ocrx_word' id='word_1_547' title='bbox 2924 793 3040 859; x_wconf 82' lang='grc' dir='ltr'>ὁδῷ</span> <span class='ocrx_word' id='word_1_548' title='bbox 3058 794 3272 848; x_wconf 79' lang='grc' dir='ltr'>πίεται.</span> <span class='ocrx_word' id='word_1_549' title='bbox 3317 795 3579 849; x_wconf 86' lang='grc' dir='ltr'>Ἐνταῦθα</span> <span class='ocrx_word' id='word_1_550' title='bbox 3607 796 3839 854; x_wconf 84' lang='grc' dir='ltr'>δείκνυσι</span> 
     </span>
    </p>
   </div>
   <div class='ocr_carea' id='block_1_70' title="bbox 2281 866 3838 957">
    <p class='ocr_par' dir='ltr' id='par_1_70' title="bbox 2281 866 3838 957">
     <span class='ocr_line' id='line_1_70' title="bbox 2281 866 3838 957; baseline 0.003 -23"><span class='ocrx_word' id='word_1_551' title='bbox 2281 880 2342 934; x_wconf 79' lang='grc' dir='ltr'>τὸ</span> <span class='ocrx_word' id='word_1_552' title='bbox 2358 880 2611 934; x_wconf 85' lang='grc' dir='ltr'>ταπεινὸν</span> <span class='ocrx_word' id='word_1_553' title='bbox 2637 881 2738 951; x_wconf 86' lang='grc' dir='ltr'>τῆς</span> <span class='ocrx_word' id='word_1_554' title='bbox 2759 881 2986 953; x_wconf 83' lang='grc' dir='ltr'>διαίτης,</span> <span class='ocrx_word' id='word_1_555' title='bbox 3013 882 3074 935; x_wconf 83' lang='grc' dir='ltr'>τὸ</span> <span class='ocrx_word' id='word_1_556' title='bbox 3089 866 3421 955; x_wconf 73' lang='grc' dir='ltr'>εὐτελὲςτῆς</span> <span class='ocrx_word' id='word_1_557' title='bbox 3447 885 3738 957; x_wconf 79' lang='grc' dir='ltr'>διαγωγῆς,</span> <span class='ocrx_word' id='word_1_558' title='bbox 3760 887 3838 939; x_wconf 82' lang='grc' dir='ltr'>ὅτι</span> 
     </span>
    </p>
   </div>
   <div class='ocr_carea' id='block_1_71' title="bbox 2282 968 3838 1043">
    <p class='ocr_par' dir='ltr' id='par_1_71' title="bbox 2282 968 3838 1043">
     <span class='ocr_line' id='line_1_71' title="bbox 2282 968 3838 1043; baseline 0.004 -21"><span class='ocrx_word' id='word_1_559' title='bbox 2282 968 2347 1041; x_wconf 82' lang='grc' dir='ltr'>δὴ</span> <span class='ocrx_word' id='word_1_560' title='bbox 2374 970 2435 1022; x_wconf 92' lang='grc' dir='ltr'>οὐ</span> <span class='ocrx_word' id='word_1_561' title='bbox 2465 969 2659 1034; x_wconf 88' lang='grc' dir='ltr'>σοϐῶν,</span> <span class='ocrx_word' id='word_1_562' title='bbox 2685 971 2806 1023; x_wconf 87' lang='grc' dir='ltr'>οὐδέ</span> <span class='ocrx_word' id='word_1_563' title='bbox 2830 970 3159 1043; x_wconf 86' lang='grc' dir='ltr'>δορυφόρους</span> <span class='ocrx_word' id='word_1_564' title='bbox 3198 971 3357 1042; x_wconf 79' lang='grc' dir='ltr'>ἔχων,</span> <span class='ocrx_word' id='word_1_565' title='bbox 3392 974 3514 1027; x_wconf 83' lang='grc' dir='ltr'>οὐδὲ</span> <span class='ocrx_word' id='word_1_566' title='bbox 3539 974 3838 1043; x_wconf 87' lang='grc' dir='ltr'>φαντασίαν</span> 
     </span>
    </p>
   </div>
   <div class='ocr_carea' id='block_1_72' title="bbox 2282 1056 3835 1130">
    <p class='ocr_par' dir='ltr' id='par_1_72' title="bbox 2282 1056 3835 1130">
     <span class='ocr_line' id='line_1_72' title="bbox 2282 1056 3835 1130; baseline 0.005 -22"><span class='ocrx_word' id='word_1_567' title='bbox 2282 1056 2405 1109; x_wconf 90' lang='grc' dir='ltr'>τινά</span> <span class='ocrx_word' id='word_1_568' title='bbox 2433 1058 2810 1128; x_wconf 88' lang='grc' dir='ltr'>περικείμενος</span> <span class='ocrx_word' id='word_1_569' title='bbox 2864 1058 3124 1129; x_wconf 84' lang='grc' dir='ltr'>αἰσθητὴν</span> <span class='ocrx_word' id='word_1_570' title='bbox 3151 1058 3321 1112; x_wconf 90' lang='grc' dir='ltr'>ταῦτα</span> <span class='ocrx_word' id='word_1_571' title='bbox 3358 1059 3646 1130; x_wconf 75' lang='grc' dir='ltr'>ἔπραττεν,</span> <span class='ocrx_word' id='word_1_572' title='bbox 3702 1061 3835 1116; x_wconf 87' lang='grc' dir='ltr'>ἀλλά</span> 
     </span>
    </p>
   </div>
   <div class='ocr_carea' id='block_1_73' title="bbox 2283 1142 3837 1220">
    <p class='ocr_par' dir='ltr' id='par_1_73' title="bbox 2283 1142 3837 1220">
     <span class='ocr_line' id='line_1_73' title="bbox 2283 1142 3837 1220; baseline 0.003 -24"><span class='ocrx_word' id='word_1_573' title='bbox 2283 1142 2426 1197; x_wconf 81' lang='grc' dir='ltr'>λιτὸν</span> <span class='ocrx_word' id='word_1_574' title='bbox 2462 1143 2574 1214; x_wconf 90' lang='grc' dir='ltr'>βίον</span> <span class='ocrx_word' id='word_1_575' title='bbox 2612 1142 2843 1215; x_wconf 86' lang='grc' dir='ltr'>μετιὼν,</span> <span class='ocrx_word' id='word_1_576' title='bbox 2885 1145 2979 1197; x_wconf 75' lang='grc' dir='ltr'>καὶ</span> <span class='ocrx_word' id='word_1_577' title='bbox 3022 1145 3281 1210; x_wconf 91' lang='grc' dir='ltr'>τοιοῦτον,</span> <span class='ocrx_word' id='word_1_578' title='bbox 3324 1146 3401 1211; x_wconf 84' lang='grc' dir='ltr'>ὡς</span> <span class='ocrx_word' id='word_1_579' title='bbox 3442 1149 3506 1201; x_wconf 76' lang='grc' dir='ltr'>ἐκ</span> <span class='ocrx_word' id='word_1_580' title='bbox 3541 1147 3837 1220; x_wconf 77' lang='grc' dir='ltr'>χειμάρρου</span> 
     </span>
    </p>
   </div>
   <div class='ocr_carea' id='block_1_74' title="bbox 2283 1225 3840 1304">
    <p class='ocr_par' dir='ltr' id='par_1_74' title="bbox 2283 1225 3840 1304">
     <span class='ocr_line' id='line_1_74' title="bbox 2283 1225 3840 1304; baseline 0.004 -25"><span class='ocrx_word' id='word_1_581' title='bbox 2283 1228 2480 1283; x_wconf 84' lang='grc' dir='ltr'>πίνειν.</span> <span class='ocrx_word' id='word_1_582' title='bbox 2499 1229 2599 1282; x_wconf 82' lang='grc' dir='ltr'>Οἴα</span> <span class='ocrx_word' id='word_1_583' title='bbox 2630 1230 2738 1300; x_wconf 92' lang='grc' dir='ltr'>γάρ</span> <span class='ocrx_word' id='word_1_584' title='bbox 2761 1225 2829 1300; x_wconf 82' lang='grc' dir='ltr'>ἦν</span> <span class='ocrx_word' id='word_1_585' title='bbox 2856 1229 3003 1301; x_wconf 83' lang='grc' dir='ltr'>αὐτῷ</span> <span class='ocrx_word' id='word_1_586' title='bbox 3034 1232 3065 1300; x_wconf 89' lang='grc' dir='ltr'>ή</span> <span class='ocrx_word' id='word_1_587' title='bbox 3096 1230 3362 1304; x_wconf 83' lang='grc' dir='ltr'>τράπεζα,</span> <span class='ocrx_word' id='word_1_588' title='bbox 3397 1233 3635 1286; x_wconf 84' lang='grc' dir='ltr'>τοιοῦτον</span> <span class='ocrx_word' id='word_1_589' title='bbox 3666 1234 3760 1286; x_wconf 86' lang='grc' dir='ltr'>καί</span> <span class='ocrx_word' id='word_1_590' title='bbox 3783 1234 3840 1286; x_wconf 78' lang='grc' dir='ltr'>τὸ</span> 
     </span>
    </p>
   </div>
   <div class='ocr_carea' id='block_1_75' title="bbox 2284 1314 3839 1387">
    <p class='ocr_par' dir='ltr' id='par_1_75' title="bbox 2284 1314 3839 1387">
     <span class='ocr_line' id='line_1_75' title="bbox 2284 1314 3839 1387; baseline 0.003 -20"><span class='ocrx_word' id='word_1_591' title='bbox 2284 1314 2466 1371; x_wconf 89' lang='grc' dir='ltr'>ποτόν.</span> <span class='ocrx_word' id='word_1_592' title='bbox 2497 1316 2561 1369; x_wconf 85' lang='grc' dir='ltr'><strong>Ἠ</strong></span> <span class='ocrx_word' id='word_1_593' title='bbox 2579 1314 2825 1386; x_wconf 80' lang='grc' dir='ltr'>τράπεζα</span> <span class='ocrx_word' id='word_1_594' title='bbox 2855 1317 3006 1384; x_wconf 85' lang='grc' dir='ltr'>ἄρτοι</span> <span class='ocrx_word' id='word_1_595' title='bbox 3029 1317 3284 1386; x_wconf 88' lang='grc' dir='ltr'>κρίθινοι,</span> <span class='ocrx_word' id='word_1_596' title='bbox 3308 1317 3369 1371; x_wconf 83' lang='grc' dir='ltr'>τὸ</span> <span class='ocrx_word' id='word_1_597' title='bbox 3393 1318 3553 1373; x_wconf 79' lang='grc' dir='ltr'>ποτὸν</span> <span class='ocrx_word' id='word_1_598' title='bbox 3577 1318 3720 1387; x_wconf 77' lang='grc' dir='ltr'>ὕδωρ</span> <span class='ocrx_word' id='word_1_599' title='bbox 3737 1320 3839 1372; x_wconf 86' lang='grc' dir='ltr'>ἀπὸ</span> 
     </span>
    </p>
   </div>
   <div class='ocr_carea' id='block_1_76' title="bbox 2282 1400 3839 1478">
    <p class='ocr_par' dir='ltr' id='par_1_76' title="bbox 2282 1400 3839 1478">
     <span class='ocr_line' id='line_1_76' title="bbox 2282 1400 3839 1478; baseline 0.004 -24"><span class='ocrx_word' id='word_1_600' title='bbox 2282 1400 2376 1454; x_wconf 90' lang='grc' dir='ltr'>τοῦ</span> <span class='ocrx_word' id='word_1_601' title='bbox 2420 1403 2741 1475; x_wconf 80' lang='grc' dir='ltr'>χειμάρρου.</span> <span class='ocrx_word' id='word_1_602' title='bbox 2774 1403 2883 1474; x_wconf 84' lang='grc' dir='ltr'>Τὴν</span> <span class='ocrx_word' id='word_1_603' title='bbox 2924 1402 3033 1473; x_wconf 82' lang='grc' dir='ltr'>γὰρ</span> <span class='ocrx_word' id='word_1_604' title='bbox 3067 1404 3356 1474; x_wconf 87' lang='grc' dir='ltr'>φιλόσοφον</span> <span class='ocrx_word' id='word_1_605' title='bbox 3390 1406 3596 1478; x_wconf 90' lang='grc' dir='ltr'>ταύτην</span> <span class='ocrx_word' id='word_1_606' title='bbox 3631 1406 3839 1460; x_wconf 90' lang='grc' dir='ltr'>δίαιταν</span> 
     </span>
    </p>
   </div>
   <div class='ocr_carea' id='block_1_77' title="bbox 2281 1481 3838 1561">
    <p class='ocr_par' dir='ltr' id='par_1_77' title="bbox 2281 1481 3838 1561">
     <span class='ocr_line' id='line_1_77' title="bbox 2281 1481 3838 1561; baseline 0.004 -22"><span class='ocrx_word' id='word_1_607' title='bbox 2281 1481 2413 1557; x_wconf 82' lang='grc' dir='ltr'>ἦλθε</span> <span class='ocrx_word' id='word_1_608' title='bbox 2441 1488 2686 1555; x_wconf 81' lang='grc' dir='ltr'>διδάξων,</span> <span class='ocrx_word' id='word_1_609' title='bbox 2726 1488 2961 1561; x_wconf 77' lang='grc' dir='ltr'>γαστρὸς</span> <span class='ocrx_word' id='word_1_610' title='bbox 2989 1494 3232 1560; x_wconf 85' lang='grc' dir='ltr'>κρατεῖν,</span> <span class='ocrx_word' id='word_1_611' title='bbox 3288 1493 3592 1561; x_wconf 88' lang='grc' dir='ltr'>φαντασίαν</span> <span class='ocrx_word' id='word_1_612' title='bbox 3627 1498 3838 1557; x_wconf 87' lang='grc' dir='ltr'>πατεῖν,</span> 
     </span>
    </p>
   </div>
   <div class='ocr_carea' id='block_1_78' title="bbox 2283 1571 3841 1651">
    <p class='ocr_par' dir='ltr' id='par_1_78' title="bbox 2283 1571 3841 1651">
     <span class='ocr_line' id='line_1_78' title="bbox 2283 1571 3841 1651; baseline 0.004 -23"><span class='ocrx_word' id='word_1_613' title='bbox 2283 1574 2448 1643; x_wconf 91' lang='grc' dir='ltr'>τῦφον</span> <span class='ocrx_word' id='word_1_614' title='bbox 2493 1574 2945 1643; x_wconf 87' lang='grc' dir='ltr'>ἀποστρέφεσθαι.</span> <span class='ocrx_word' id='word_1_615' title='bbox 3001 1571 3135 1630; x_wconf 83' lang='grc' dir='ltr'>Εἶτα</span> <span class='ocrx_word' id='word_1_616' title='bbox 3185 1578 3398 1643; x_wconf 84' lang='grc' dir='ltr'>δεικνὺς</span> <span class='ocrx_word' id='word_1_617' title='bbox 3447 1580 3546 1650; x_wconf 86' lang='grc' dir='ltr'>τῆς</span> <span class='ocrx_word' id='word_1_618' title='bbox 3595 1578 3739 1651; x_wconf 79' lang='grc' dir='ltr'>ζωῆς</span> <span class='ocrx_word' id='word_1_619' title='bbox 3782 1581 3841 1635; x_wconf 79' lang='grc' dir='ltr'>τὸ</span> 
     </span>
    </p>
   </div>
   <div class='ocr_carea' id='block_1_79' title="bbox 2284 1662 3836 1737">
    <p class='ocr_par' dir='ltr' id='par_1_79' title="bbox 2284 1662 3836 1737">
     <span class='ocr_line' id='line_1_79' title="bbox 2284 1662 3836 1737; baseline 0.005 -22"><span class='ocrx_word' id='word_1_620' title='bbox 2284 1662 2494 1737; x_wconf 86' lang='grc' dir='ltr'>κέρδος,</span> <span class='ocrx_word' id='word_1_621' title='bbox 2515 1663 2672 1717; x_wconf 88' lang='grc' dir='ltr'>τοῦτο</span> <span class='ocrx_word' id='word_1_622' title='bbox 2689 1663 2932 1733; x_wconf 76' lang='grc' dir='ltr'>ἐπήγαγε</span> <span class='ocrx_word' id='word_1_623' title='bbox 2953 1678 2966 1693; x_wconf 81' lang='grc'><em>’</em></span> <span class='ocrx_word' id='word_1_624' title='bbox 2985 1663 3087 1717; x_wconf 86' lang='grc' dir='ltr'>Διὰ</span> <span class='ocrx_word' id='word_1_625' title='bbox 3101 1665 3276 1719; x_wconf 84' lang='grc' dir='ltr'>τοῦτο</span> <span class='ocrx_word' id='word_1_626' title='bbox 3291 1666 3520 1735; x_wconf 74' lang='grc' dir='ltr'>ὑψώσει</span> <span class='ocrx_word' id='word_1_627' title='bbox 3547 1667 3836 1736; x_wconf 73' lang='grc' dir='ltr'>κεφαλήν.</span> 
     </span>
    </p>
   </div>
   <div class='ocr_carea' id='block_1_80' title="bbox 2284 1749 3842 1826">
    <p class='ocr_par' dir='ltr' id='par_1_80' title="bbox 2284 1749 3842 1826">
     <span class='ocr_line' id='line_1_80' title="bbox 2284 1749 3842 1826; baseline 0.004 -23"><span class='ocrx_word' id='word_1_628' title='bbox 2284 1751 2397 1821; x_wconf 88' lang='grc' dir='ltr'>Τῆς</span> <span class='ocrx_word' id='word_1_629' title='bbox 2419 1751 2524 1822; x_wconf 88' lang='grc' dir='ltr'>γὰρ</span> <span class='ocrx_word' id='word_1_630' title='bbox 2542 1749 3036 1823; x_wconf 86' lang='grc' dir='ltr'>ταπεινοφροσύνης</span> <span class='ocrx_word' id='word_1_631' title='bbox 3052 1752 3143 1805; x_wconf 64' lang='grc' dir='ltr'>καλ⁵</span> <span class='ocrx_word' id='word_1_632' title='bbox 3170 1753 3264 1806; x_wconf 88' lang='grc' dir='ltr'>τοῦ</span> <span class='ocrx_word' id='word_1_633' title='bbox 3292 1752 3528 1825; x_wconf 88' lang='grc' dir='ltr'>σκληροῦ</span> <span class='ocrx_word' id='word_1_634' title='bbox 3553 1754 3667 1826; x_wconf 84' lang='grc' dir='ltr'>βίου</span> <span class='ocrx_word' id='word_1_635' title='bbox 3690 1750 3842 1819; x_wconf 75' lang='grc' dir='ltr'>οὗτος</span> 
     </span>
    </p>
   </div>
   <div class='ocr_carea' id='block_1_81' title="bbox 2284 1839 2572 1909">
    <p class='ocr_par' dir='ltr' id='par_1_81' title="bbox 2284 1839 2572 1909">
     <span class='ocr_line' id='line_1_81' title="bbox 2284 1839 2572 1909; baseline -0.003 -17"><span class='ocrx_word' id='word_1_636' title='bbox 2284 1840 2312 1892; x_wconf 90' lang='grc' dir='ltr'>ὁ</span> <span class='ocrx_word' id='word_1_637' title='bbox 2339 1839 2572 1909; x_wconf 87' lang='grc' dir='ltr'>καρπός.</span> 
     </span>
    </p>
   </div>
   <div class='ocr_carea' id='block_1_82' title="bbox 2356 2003 3845 2079">
    <p class='ocr_par' dir='ltr' id='par_1_82' title="bbox 2356 2003 3845 2079">
     <span class='ocr_line' id='line_1_82' title="bbox 2356 2003 3845 2079; baseline 0.002 -22"><span class='ocrx_word' id='word_1_638' title='bbox 2356 2003 2422 2058; x_wconf 83' lang='grc' dir='ltr'>θ’.</span> <span class='ocrx_word' id='word_1_639' title='bbox 2440 2003 2626 2059; x_wconf 90' lang='grc' dir='ltr'>Ταῦτα</span> <span class='ocrx_word' id='word_1_640' title='bbox 2642 2005 2697 2058; x_wconf 84' lang='grc' dir='ltr'>δὲ</span> <span class='ocrx_word' id='word_1_641' title='bbox 2717 2006 2775 2059; x_wconf 91' lang='grc' dir='ltr'>οὐ</span> <span class='ocrx_word' id='word_1_642' title='bbox 2794 2006 2920 2079; x_wconf 75' lang='grc' dir='ltr'>περὶ</span> <span class='ocrx_word' id='word_1_643' title='bbox 2939 2009 3037 2078; x_wconf 83' lang='grc' dir='ltr'>τῆς</span> <span class='ocrx_word' id='word_1_644' title='bbox 3050 2006 3300 2075; x_wconf 87' lang='grc' dir='ltr'>θεότητος</span> <span class='ocrx_word' id='word_1_645' title='bbox 3315 2007 3545 2078; x_wconf 75' lang='grc' dir='ltr'>εἴρηται,</span> <span class='ocrx_word' id='word_1_646' title='bbox 3561 2006 3694 2062; x_wconf 83' lang='grc' dir='ltr'>ἀλλὰ</span> <span class='ocrx_word' id='word_1_647' title='bbox 3716 2008 3845 2079; x_wconf 75' lang='grc' dir='ltr'>περὶ</span> 
     </span>
    </p>
   </div>
   <div class='ocr_carea' id='block_1_83' title="bbox 2283 2091 3845 2166">
    <p class='ocr_par' dir='ltr' id='par_1_83' title="bbox 2283 2091 3845 2166">
     <span class='ocr_line' id='line_1_83' title="bbox 2283 2091 3845 2166; baseline 0.001 -21"><span class='ocrx_word' id='word_1_648' title='bbox 2283 2091 2384 2162; x_wconf 83' lang='grc' dir='ltr'>τῆς</span> <span class='ocrx_word' id='word_1_649' title='bbox 2414 2092 2616 2163; x_wconf 77' lang='grc' dir='ltr'>σαρκὸς</span> <span class='ocrx_word' id='word_1_650' title='bbox 2645 2093 2744 2162; x_wconf 84' lang='grc' dir='ltr'>τῆς</span> <span class='ocrx_word' id='word_1_651' title='bbox 2771 2093 3031 2164; x_wconf 90' lang='grc' dir='ltr'>πινούσης</span> <span class='ocrx_word' id='word_1_652' title='bbox 3062 2096 3126 2147; x_wconf 84' lang='grc' dir='ltr'>ἐκ</span> <span class='ocrx_word' id='word_1_653' title='bbox 3153 2094 3585 2166; x_wconf 78' lang='grc' dir='ltr'>χειμάῤῥου,τῆς</span> <span class='ocrx_word' id='word_1_654' title='bbox 3613 2095 3845 2164; x_wconf 72' lang='grc' dir='ltr'>ὑψωθεί-</span> 
     </span>
    </p>
   </div>
   <div class='ocr_carea' id='block_1_84' title="bbox 2286 2179 3844 2252">
    <p class='ocr_par' dir='ltr' id='par_1_84' title="bbox 2286 2179 3844 2252">
     <span class='ocr_line' id='line_1_84' title="bbox 2286 2179 3844 2252; baseline 0.001 -20"><span class='ocrx_word' id='word_1_655' title='bbox 2286 2195 2405 2249; x_wconf 84' lang='grc' dir='ltr'>σης.</span> <span class='ocrx_word' id='word_1_656' title='bbox 2431 2179 2504 2232; x_wconf 92' lang='grc' dir='ltr'>Οὐ</span> <span class='ocrx_word' id='word_1_657' title='bbox 2543 2180 2702 2250; x_wconf 91' lang='grc' dir='ltr'>μόνον</span> <span class='ocrx_word' id='word_1_658' title='bbox 2730 2180 2839 2250; x_wconf 84' lang='grc' dir='ltr'>γὰρ</span> <span class='ocrx_word' id='word_1_659' title='bbox 2866 2180 3014 2234; x_wconf 85' lang='grc' dir='ltr'>οὐδὲν</span> <span class='ocrx_word' id='word_1_660' title='bbox 3051 2181 3220 2252; x_wconf 83' lang='grc' dir='ltr'>αὐτὴν</span> <span class='ocrx_word' id='word_1_661' title='bbox 3265 2180 3610 2251; x_wconf 82' lang='grc' dir='ltr'>παρέϐλαψεν</span> <span class='ocrx_word' id='word_1_662' title='bbox 3634 2179 3774 2251; x_wconf 84' lang='grc' dir='ltr'>αὐτη</span> <span class='ocrx_word' id='word_1_663' title='bbox 3808 2181 3844 2252; x_wconf 82' lang='grc' dir='ltr'>ή</span> 
     </span>
    </p>
   </div>
   <div class='ocr_carea' id='block_1_85' title="bbox 2283 2264 3846 2338">
    <p class='ocr_par' dir='ltr' id='par_1_85' title="bbox 2283 2264 3846 2338">
     <span class='ocr_line' id='line_1_85' title="bbox 2283 2264 3846 2338; baseline 0.001 -21"><span class='ocrx_word' id='word_1_664' title='bbox 2283 2264 2548 2329; x_wconf 82' lang='grc' dir='ltr'>εὐτέλεια,</span> <span class='ocrx_word' id='word_1_665' title='bbox 2580 2265 2715 2320; x_wconf 86' lang='grc' dir='ltr'>ἀλλά</span> <span class='ocrx_word' id='word_1_666' title='bbox 2739 2266 2834 2320; x_wconf 80' lang='grc' dir='ltr'>καὶ</span> <span class='ocrx_word' id='word_1_667' title='bbox 2864 2266 2999 2338; x_wconf 78' lang='grc' dir='ltr'>πρὸς</span> <span class='ocrx_word' id='word_1_668' title='bbox 3021 2266 3155 2337; x_wconf 74' lang='grc' dir='ltr'>ὕψος</span> <span class='ocrx_word' id='word_1_669' title='bbox 3186 2269 3459 2337; x_wconf 87' lang='grc' dir='ltr'>ἀνήγαγεν</span> <span class='ocrx_word' id='word_1_670' title='bbox 3486 2266 3709 2336; x_wconf 76' lang='grc' dir='ltr'>ἄφατον.</span> <span class='ocrx_word' id='word_1_671' title='bbox 3733 2267 3846 2321; x_wconf 81' lang='grc' dir='ltr'>Καὶ</span> 
     </span>
    </p>
   </div>
   <div class='ocr_carea' id='block_1_86' title="bbox 2286 2346 3845 2425">
    <p class='ocr_par' dir='ltr' id='par_1_86' title="bbox 2286 2346 3845 2425">
     <span class='ocr_line' id='line_1_86' title="bbox 2286 2346 3845 2425; baseline 0.002 -21"><span class='ocrx_word' id='word_1_672' title='bbox 2286 2352 2350 2405; x_wconf 86' lang='grc' dir='ltr'>σὺ</span> <span class='ocrx_word' id='word_1_673' title='bbox 2377 2351 2577 2418; x_wconf 89' lang='grc' dir='ltr'>τοίνυν,</span> <span class='ocrx_word' id='word_1_674' title='bbox 2604 2346 2649 2405; x_wconf 81' lang='grc' dir='ltr'><strong>ὧ</strong></span> <span class='ocrx_word' id='word_1_675' title='bbox 2670 2354 2941 2422; x_wconf 87' lang='grc' dir='ltr'>ἀγαπητὲ,</span> <span class='ocrx_word' id='word_1_676' title='bbox 2963 2352 3101 2424; x_wconf 82' lang='grc' dir='ltr'>έχων</span> <span class='ocrx_word' id='word_1_677' title='bbox 3127 2355 3194 2407; x_wconf 83' lang='grc' dir='ltr'>τά</span> <span class='ocrx_word' id='word_1_678' title='bbox 3223 2354 3611 2424; x_wconf 80' lang='grc' dir='ltr'>ὑποδείγματα,</span> <span class='ocrx_word' id='word_1_679' title='bbox 3629 2353 3718 2407; x_wconf 78' lang='grc' dir='ltr'>τὸν</span> <span class='ocrx_word' id='word_1_680' title='bbox 3748 2353 3845 2425; x_wconf 71' lang='grc' dir='ltr'>μὲν</span> 
     </span>
    </p>
   </div>
   <div class='ocr_carea' id='block_1_87' title="bbox 2285 2438 3843 2511">
    <p class='ocr_par' dir='ltr' id='par_1_87' title="bbox 2285 2438 3843 2511">
     <span class='ocr_line' id='line_1_87' title="bbox 2285 2438 3843 2511; baseline 0.002 -21"><span class='ocrx_word' id='word_1_681' title='bbox 2285 2438 2681 2508; x_wconf 86' lang='grc' dir='ltr'>φλεγμαίνοντα</span> <span class='ocrx_word' id='word_1_682' title='bbox 2722 2441 2816 2493; x_wconf 78' lang='grc' dir='ltr'>καὶ</span> <span class='ocrx_word' id='word_1_683' title='bbox 2843 2440 3143 2509; x_wconf 89' lang='grc' dir='ltr'>φαντασίας</span> <span class='ocrx_word' id='word_1_684' title='bbox 3169 2440 3409 2510; x_wconf 87' lang='grc' dir='ltr'>γέμοντα</span> <span class='ocrx_word' id='word_1_685' title='bbox 3435 2440 3547 2511; x_wconf 88' lang='grc' dir='ltr'>βίον</span> <span class='ocrx_word' id='word_1_686' title='bbox 3576 2439 3843 2511; x_wconf 76' lang='grc' dir='ltr'>ἀτίμαζεο</span> 
     </span>
    </p>
   </div>
   <div class='ocr_carea' id='block_1_88' title="bbox 2283 2524 3846 2598">
    <p class='ocr_par' dir='ltr' id='par_1_88' title="bbox 2283 2524 3846 2598">
     <span class='ocr_line' id='line_1_88' title="bbox 2283 2524 3846 2598; baseline 0.001 -20"><span class='ocrx_word' id='word_1_687' title='bbox 2283 2525 2374 2578; x_wconf 88' lang='grc' dir='ltr'>τὸν</span> <span class='ocrx_word' id='word_1_688' title='bbox 2400 2524 2456 2578; x_wconf 82' lang='grc' dir='ltr'>δὲ</span> <span class='ocrx_word' id='word_1_689' title='bbox 2495 2526 2682 2598; x_wconf 84' lang='grc' dir='ltr'>εὐτελῆ</span> <span class='ocrx_word' id='word_1_690' title='bbox 2711 2527 2805 2580; x_wconf 67' lang='grc' dir='ltr'>καλ⁵</span> <span class='ocrx_word' id='word_1_691' title='bbox 2831 2526 3243 2597; x_wconf 83' lang='grc' dir='ltr'>ἐσχεδιασμένον</span> <span class='ocrx_word' id='word_1_692' title='bbox 3269 2527 3429 2581; x_wconf 86' lang='grc' dir='ltr'>δίωκε</span> <span class='ocrx_word' id='word_1_693' title='bbox 3451 2567 3466 2591; x_wconf 91' lang='grc'>,</span> <span class='ocrx_word' id='word_1_694' title='bbox 3493 2526 3633 2596; x_wconf 79' lang='grc' dir='ltr'>εἴγε</span> <span class='ocrx_word' id='word_1_695' title='bbox 3668 2526 3846 2597; x_wconf 82' lang='grc' dir='ltr'>βούλει</span> 
     </span>
    </p>
   </div>
   <div class='ocr_carea' id='block_1_89' title="bbox 2283 2610 3848 2687">
    <p class='ocr_par' dir='ltr' id='par_1_89' title="bbox 2283 2610 3848 2687">
     <span class='ocr_line' id='line_1_89' title="bbox 2283 2610 3848 2687; baseline 0 -20"><span class='ocrx_word' id='word_1_696' title='bbox 2283 2613 2534 2685; x_wconf 88' lang='grc' dir='ltr'>λαμπρός</span> <span class='ocrx_word' id='word_1_697' title='bbox 2561 2632 2643 2679; x_wconf 88' lang='grc' dir='ltr'>τις</span> <span class='ocrx_word' id='word_1_698' title='bbox 2671 2610 2810 2669; x_wconf 81' lang='grc' dir='ltr'>εἶναι</span> <span class='ocrx_word' id='word_1_699' title='bbox 2851 2616 2945 2669; x_wconf 80' lang='grc' dir='ltr'>καὶ</span> <span class='ocrx_word' id='word_1_700' title='bbox 2973 2615 3165 2685; x_wconf 88' lang='grc' dir='ltr'>μέγας.</span> <span class='ocrx_word' id='word_1_701' title='bbox 3207 2616 3318 2670; x_wconf 83' lang='lat' dir='ltr'>Kal</span> <span class='ocrx_word' id='word_1_702' title='bbox 3351 2615 3459 2687; x_wconf 80' lang='grc' dir='ltr'>γὰρ</span> <span class='ocrx_word' id='word_1_703' title='bbox 3499 2618 3528 2669; x_wconf 91' lang='grc' dir='ltr'>ό</span> <span class='ocrx_word' id='word_1_704' title='bbox 3571 2615 3848 2686; x_wconf 87' lang='grc' dir='ltr'>Δεσπότης</span> 
     </span>
    </p>
   </div>
   <div class='ocr_carea' id='block_1_90' title="bbox 2287 2697 3842 2776">
    <p class='ocr_par' dir='ltr' id='par_1_90' title="bbox 2287 2697 3842 2776">
     <span class='ocr_line' id='line_1_90' title="bbox 2287 2697 3842 2776; baseline 0 -23"><span class='ocrx_word' id='word_1_705' title='bbox 2287 2716 2382 2753; x_wconf 86' lang='grc' dir='ltr'>σου</span> <span class='ocrx_word' id='word_1_706' title='bbox 2413 2701 2498 2755; x_wconf 79' lang='grc' dir='ltr'>διὰ</span> <span class='ocrx_word' id='word_1_707' title='bbox 2533 2701 2691 2755; x_wconf 89' lang='grc' dir='ltr'>τοῦτο</span> <span class='ocrx_word' id='word_1_708' title='bbox 2721 2697 2902 2773; x_wconf 78' lang='grc' dir='ltr'>ἦλθεν,</span> <span class='ocrx_word' id='word_1_709' title='bbox 2940 2702 3026 2756; x_wconf 79' lang='grc' dir='ltr'>ἴνα</span> <span class='ocrx_word' id='word_1_710' title='bbox 3054 2701 3256 2773; x_wconf 90' lang='grc' dir='ltr'>ταύτην</span> <span class='ocrx_word' id='word_1_711' title='bbox 3291 2720 3348 2755; x_wconf 92' lang='grc' dir='ltr'>σε</span> <span class='ocrx_word' id='word_1_712' title='bbox 3376 2703 3560 2776; x_wconf 77' lang='grc' dir='ltr'>διδάξῃ</span> <span class='ocrx_word' id='word_1_713' title='bbox 3586 2705 3684 2771; x_wconf 80' lang='grc' dir='ltr'>τὴν</span> <span class='ocrx_word' id='word_1_714' title='bbox 3703 2702 3842 2755; x_wconf 88' lang='grc' dir='ltr'>όδόν.</span> 
     </span>
    </p>
   </div>
   <div class='ocr_carea' id='block_1_91' title="bbox 2286 2788 3846 2863">
    <p class='ocr_par' dir='ltr' id='par_1_91' title="bbox 2286 2788 3846 2863">
     <span class='ocr_line' id='line_1_91' title="bbox 2286 2788 3846 2863; baseline -0.001 -21"><span class='ocrx_word' id='word_1_715' title='bbox 2286 2789 2385 2842; x_wconf 91' lang='grc' dir='ltr'>Διά</span> <span class='ocrx_word' id='word_1_716' title='bbox 2411 2807 2494 2842; x_wconf 89' lang='grc' dir='ltr'>τοι</span> <span class='ocrx_word' id='word_1_717' title='bbox 2523 2790 2677 2842; x_wconf 90' lang='grc' dir='ltr'>τοῦτο</span> <span class='ocrx_word' id='word_1_718' title='bbox 2726 2791 2821 2842; x_wconf 69' lang='grc' dir='ltr'>καὶ</span> <span class='ocrx_word' id='word_1_719' title='bbox 2848 2793 2875 2844; x_wconf 89' lang='lat'>6</span> <span class='ocrx_word' id='word_1_720' title='bbox 2909 2791 3192 2860; x_wconf 82' lang='grc' dir='ltr'>προφήτης</span> <span class='ocrx_word' id='word_1_721' title='bbox 3234 2790 3405 2842; x_wconf 85' lang='grc' dir='ltr'>είπὼν</span> <span class='ocrx_word' id='word_1_722' title='bbox 3457 2790 3524 2844; x_wconf 89' lang='grc' dir='ltr'>τά</span> <span class='ocrx_word' id='word_1_723' title='bbox 3564 2788 3846 2863; x_wconf 79' lang='grc' dir='ltr'>κατορθώ-</span> 
     </span>
    </p>
   </div>
   <div class='ocr_carea' id='block_1_92' title="bbox 2290 2874 3850 2947">
    <p class='ocr_par' dir='ltr' id='par_1_92' title="bbox 2290 2874 3850 2947">
     <span class='ocr_line' id='line_1_92' title="bbox 2290 2874 3850 2947; baseline 0 -19"><span class='ocrx_word' id='word_1_724' title='bbox 2290 2893 2452 2947; x_wconf 86' lang='grc' dir='ltr'>ματα,</span> <span class='ocrx_word' id='word_1_725' title='bbox 2487 2877 2732 2946; x_wconf 85' lang='grc' dir='ltr'>ἐπήγαγε</span> <span class='ocrx_word' id='word_1_726' title='bbox 2759 2876 2916 2929; x_wconf 88' lang='grc' dir='ltr'>τοῦτο</span> <span class='ocrx_word' id='word_1_727' title='bbox 2939 2876 3087 2938; x_wconf 84' lang='grc' dir='ltr'>αὐτὸ,</span> <span class='ocrx_word' id='word_1_728' title='bbox 3125 2876 3403 2946; x_wconf 70' lang='grc' dir='ltr'>μονονουχὶ</span> <span class='ocrx_word' id='word_1_729' title='bbox 3431 2877 3622 2944; x_wconf 81' lang='grc' dir='ltr'>λέγων’</span> <span class='ocrx_word' id='word_1_730' title='bbox 3659 2874 3850 2929; x_wconf 82' lang='grc' dir='ltr'>Ἀκού-</span> 
     </span>
    </p>
   </div>
   <div class='ocr_carea' id='block_1_93' title="bbox 2289 2960 3864 3034">
    <p class='ocr_par' dir='ltr' id='par_1_93' title="bbox 2289 2960 3864 3034">
     <span class='ocr_line' id='line_1_93' title="bbox 2289 2960 3864 3034; baseline -0.001 -18"><span class='ocrx_word' id='word_1_731' title='bbox 2289 2979 2386 3026; x_wconf 87' lang='grc' dir='ltr'>σας</span> <span class='ocrx_word' id='word_1_732' title='bbox 2413 2962 2566 3033; x_wconf 84' lang='grc' dir='ltr'>νίκην</span> <span class='ocrx_word' id='word_1_733' title='bbox 2589 2962 2680 3015; x_wconf 78' lang='grc' dir='ltr'>καὶ</span> <span class='ocrx_word' id='word_1_734' title='bbox 2707 2962 2963 3034; x_wconf 88' lang='grc' dir='ltr'>τρόπαια,</span> <span class='ocrx_word' id='word_1_735' title='bbox 3003 2965 3075 3034; x_wconf 87' lang='grc' dir='ltr'>μὴ</span> <span class='ocrx_word' id='word_1_736' title='bbox 3103 2960 3286 3027; x_wconf 79' lang='grc' dir='ltr'>ἔλπιζε</span> <span class='ocrx_word' id='word_1_737' title='bbox 3311 2963 3448 3016; x_wconf 87' lang='grc' dir='ltr'>ὅπλα</span> <span class='ocrx_word' id='word_1_738' title='bbox 3470 2964 3563 3016; x_wconf 71' lang='grc' dir='ltr'>καὶ</span> <span class='ocrx_word' id='word_1_739' title='bbox 3585 2961 3864 3034; x_wconf 61' lang='grc' dir='ltr'>στρατιὼα</span> 
     </span>
    </p>
   </div>
   <div class='ocr_carea' id='block_1_94' title="bbox 2289 3048 3852 3119">
    <p class='ocr_par' dir='ltr' id='par_1_94' title="bbox 2289 3048 3852 3119">
     <span class='ocr_line' id='line_1_94' title="bbox 2289 3048 3852 3119; baseline -0.001 -17"><span class='ocrx_word' id='word_1_740' title='bbox 2289 3065 2406 3111; x_wconf 88' lang='grc' dir='ltr'>τας,</span> <span class='ocrx_word' id='word_1_741' title='bbox 2441 3049 2535 3101; x_wconf 73' lang='grc' dir='ltr'>καί</span> <span class='ocrx_word' id='word_1_742' title='bbox 2565 3048 2805 3119; x_wconf 79' lang='grc' dir='ltr'>ἅρματα,</span> <span class='ocrx_word' id='word_1_743' title='bbox 2840 3051 2933 3102; x_wconf 74' lang='grc' dir='ltr'>καὶ</span> <span class='ocrx_word' id='word_1_744' title='bbox 2964 3051 3182 3115; x_wconf 82' lang='grc' dir='ltr'>ἵππους,</span> <span class='ocrx_word' id='word_1_745' title='bbox 3203 3051 3295 3103; x_wconf 80' lang='grc' dir='ltr'>καὶ</span> <span class='ocrx_word' id='word_1_746' title='bbox 3328 3050 3545 3113; x_wconf 84' lang='grc' dir='ltr'>ἱππέας,</span> <span class='ocrx_word' id='word_1_747' title='bbox 3581 3050 3673 3102; x_wconf 72' lang='grc' dir='ltr'>καὶ</span> <span class='ocrx_word' id='word_1_748' title='bbox 3697 3050 3852 3103; x_wconf 86' lang='grc' dir='ltr'>ὁπλί-</span> 
     </span>
    </p>
   </div>
   <div class='ocr_carea' id='block_1_95' title="bbox 2288 3135 3848 3209">
    <p class='ocr_par' dir='ltr' id='par_1_95' title="bbox 2288 3135 3848 3209">
     <span class='ocr_line' id='line_1_95' title="bbox 2288 3135 3848 3209; baseline -0.001 -19"><span class='ocrx_word' id='word_1_749' title='bbox 2288 3154 2408 3200; x_wconf 89' lang='grc' dir='ltr'>τας,</span> <span class='ocrx_word' id='word_1_750' title='bbox 2445 3138 2535 3190; x_wconf 77' lang='grc' dir='ltr'>καὶ</span> <span class='ocrx_word' id='word_1_751' title='bbox 2583 3136 2842 3207; x_wconf 86' lang='grc' dir='ltr'>θορύϐους</span> <span class='ocrx_word' id='word_1_752' title='bbox 2867 3176 2881 3200; x_wconf 95' lang='grc'>,</span> <span class='ocrx_word' id='word_1_753' title='bbox 2939 3138 3035 3191; x_wconf 76' lang='grc' dir='ltr'>καὶ</span> <span class='ocrx_word' id='word_1_754' title='bbox 3065 3136 3310 3209; x_wconf 83' lang='grc' dir='ltr'>ταραχὰς</span> <span class='ocrx_word' id='word_1_755' title='bbox 3349 3136 3496 3191; x_wconf 76' lang='grc' dir='ltr'>ἰδεῖν.</span> <span class='ocrx_word' id='word_1_756' title='bbox 3550 3135 3704 3189; x_wconf 80' lang='grc' dir='ltr'>Οὐτω</span> <span class='ocrx_word' id='word_1_757' title='bbox 3751 3153 3848 3189; x_wconf 85' lang='grc' dir='ltr'>τα·</span> 
     </span>
    </p>
   </div>
   <div class='ocr_carea' id='block_1_96' title="bbox 2291 3222 3850 3294">
    <p class='ocr_par' dir='ltr' id='par_1_96' title="bbox 2291 3222 3850 3294">
     <span class='ocr_line' id='line_1_96' title="bbox 2291 3222 3850 3294; baseline 0 -20"><span class='ocrx_word' id='word_1_758' title='bbox 2291 3222 2468 3285; x_wconf 86' lang='grc' dir='ltr'>πεινός</span> <span class='ocrx_word' id='word_1_759' title='bbox 2487 3225 2631 3275; x_wconf 89' lang='grc' dir='ltr'>ἐστιν</span> <span class='ocrx_word' id='word_1_760' title='bbox 2656 3224 2684 3276; x_wconf 89' lang='lat'>6</span> <span class='ocrx_word' id='word_1_761' title='bbox 2706 3222 2877 3276; x_wconf 87' lang='grc' dir='ltr'>ταῦτα</span> <span class='ocrx_word' id='word_1_762' title='bbox 2904 3225 3200 3294; x_wconf 88' lang='grc' dir='ltr'>κατορθῶν,</span> <span class='ocrx_word' id='word_1_763' title='bbox 3229 3222 3371 3277; x_wconf 83' lang='grc' dir='ltr'>οὑτω</span> <span class='ocrx_word' id='word_1_764' title='bbox 3405 3222 3850 3292; x_wconf 83' lang='grc' dir='ltr'>συνεσταλμένος,</span> 
     </span>
    </p>
   </div>
   <div class='ocr_carea' id='block_1_97' title="bbox 2289 3303 3854 3384">
    <p class='ocr_par' dir='ltr' id='par_1_97' title="bbox 2289 3303 3854 3384">
     <span class='ocr_line' id='line_1_97' title="bbox 2289 3303 3854 3384; baseline 0 -22"><span class='ocrx_word' id='word_1_765' title='bbox 2289 3311 2365 3374; x_wconf 74' lang='grc' dir='ltr'>ὡς</span> <span class='ocrx_word' id='word_1_766' title='bbox 2412 3311 2473 3363; x_wconf 77' lang='grc' dir='ltr'>ἐκ</span> <span class='ocrx_word' id='word_1_767' title='bbox 2509 3309 2809 3383; x_wconf 77' lang='grc' dir='ltr'>χειμάρρου</span> <span class='ocrx_word' id='word_1_768' title='bbox 2862 3311 3036 3364; x_wconf 89' lang='grc' dir='ltr'>πίνειν</span> <span class='ocrx_word' id='word_1_769' title='bbox 3075 3311 3244 3384; x_wconf 77' lang='grc' dir='ltr'>ὕδωρ·</span> <span class='ocrx_word' id='word_1_770' title='bbox 3297 3311 3407 3365; x_wconf 79' lang='grc' dir='ltr'>ἀλλ’</span> <span class='ocrx_word' id='word_1_771' title='bbox 3441 3311 3589 3380; x_wconf 85' lang='grc' dir='ltr'>ὅμως</span> <span class='ocrx_word' id='word_1_772' title='bbox 3629 3303 3786 3372; x_wconf 71' lang='grc' dir='ltr'>οὗτος</span> <span class='ocrx_word' id='word_1_773' title='bbox 3822 3310 3854 3362; x_wconf 88' lang='lat'>6</span> 
     </span>
    </p>
   </div>
   <div class='ocr_carea' id='block_1_98' title="bbox 2289 3397 3855 3462">
    <p class='ocr_par' dir='ltr' id='par_1_98' title="bbox 2289 3397 3855 3462">
     <span class='ocr_line' id='line_1_98' title="bbox 2289 3397 3855 3462; baseline 0.001 -12"><span class='ocrx_word' id='word_1_774' title='bbox 2289 3397 2525 3461; x_wconf 88' lang='grc' dir='ltr'>τοιοῦτος</span> <span class='ocrx_word' id='word_1_775' title='bbox 2551 3399 2721 3451; x_wconf 77' lang='grc' dir='ltr'>ταῦτα</span> <span class='ocrx_word' id='word_1_776' title='bbox 2762 3398 2976 3452; x_wconf 78' lang='grc' dir='ltr'>ἅπαντα</span> <span class='ocrx_word' id='word_1_777' title='bbox 3016 3397 3222 3455; x_wconf 88' lang='grc' dir='ltr'>ἀνύσει.</span> <span class='ocrx_word' id='word_1_778' title='bbox 3270 3397 3637 3452; x_wconf 84' lang='grc' dir='ltr'>Ἀκουέτωσαν</span> <span class='ocrx_word' id='word_1_779' title='bbox 3664 3398 3712 3450; x_wconf 80' lang='grc' dir='ltr'>οἱ</span> <span class='ocrx_word' id='word_1_780' title='bbox 3751 3397 3855 3462; x_wconf 85' lang='grc' dir='ltr'>τὰς</span> 
     </span>
    </p>
   </div>
   <div class='ocr_carea' id='block_1_99' title="bbox 2290 3484 3851 3557">
    <p class='ocr_par' dir='ltr' id='par_1_99' title="bbox 2290 3484 3851 3557">
     <span class='ocr_line' id='line_1_99' title="bbox 2290 3484 3851 3557; baseline 0.001 -21"><span class='ocrx_word' id='word_1_781' title='bbox 2290 3484 2649 3556; x_wconf 80' lang='grc' dir='ltr'>Συϐαριτικὰς</span> <span class='ocrx_word' id='word_1_782' title='bbox 2688 3484 2899 3554; x_wconf 76' lang='grc' dir='ltr'>ἔχοντες</span> <span class='ocrx_word' id='word_1_783' title='bbox 2927 3485 2955 3525; x_wconf 78' lang='lat' dir='ltr'><strong>b</strong></span> <span class='ocrx_word' id='word_1_784' title='bbox 2981 3486 3273 3557; x_wconf 79' lang='grc' dir='ltr'>τραπέζας,</span> <span class='ocrx_word' id='word_1_785' title='bbox 3310 3486 3402 3539; x_wconf 75' lang='grc' dir='ltr'>καὶ</span> <span class='ocrx_word' id='word_1_786' title='bbox 3444 3485 3514 3538; x_wconf 86' lang='grc' dir='ltr'>τὰ</span> <span class='ocrx_word' id='word_1_787' title='bbox 3558 3485 3851 3555; x_wconf 80' lang='grc' dir='ltr'>ἐδέσματα,</span> 
     </span>
    </p>
   </div>
   <div class='ocr_carea' id='block_1_100' title="bbox 2290 3565 3857 3642">
    <p class='ocr_par' dir='ltr' id='par_1_100' title="bbox 2290 3565 3857 3642">
     <span class='ocr_line' id='line_1_100' title="bbox 2290 3565 3857 3642; baseline 0.001 -18"><span class='ocrx_word' id='word_1_788' title='bbox 2290 3571 2386 3625; x_wconf 78' lang='grc' dir='ltr'>καὶ</span> <span class='ocrx_word' id='word_1_789' title='bbox 2440 3573 2545 3624; x_wconf 81' lang='grc' dir='ltr'>πᾶν</span> <span class='ocrx_word' id='word_1_790' title='bbox 2594 3565 2732 3633; x_wconf 83' lang='grc' dir='ltr'>εἶδος</span> <span class='ocrx_word' id='word_1_791' title='bbox 2770 3571 3067 3642; x_wconf 87' lang='grc' dir='ltr'>καρυκείας</span> <span class='ocrx_word' id='word_1_792' title='bbox 3092 3571 3465 3635; x_wconf 84' lang='grc' dir='ltr'>ἐπινοοῦντες,</span> <span class='ocrx_word' id='word_1_793' title='bbox 3502 3572 3598 3626; x_wconf 78' lang='grc' dir='ltr'>καὶ</span> <span class='ocrx_word' id='word_1_794' title='bbox 3631 3572 3857 3626; x_wconf 89' lang='grc' dir='ltr'>ποικίλα</span> 
     </span>
    </p>
   </div>
   <div class='ocr_carea' id='block_1_101' title="bbox 2294 3656 3857 3729">
    <p class='ocr_par' dir='ltr' id='par_1_101' title="bbox 2294 3656 3857 3729">
     <span class='ocr_line' id='line_1_101' title="bbox 2294 3656 3857 3729; baseline 0.001 -19"><span class='ocrx_word' id='word_1_795' title='bbox 2294 3656 2570 3727; x_wconf 89' lang='grc' dir='ltr'>μαγείρων</span> <span class='ocrx_word' id='word_1_796' title='bbox 2595 3656 2724 3726; x_wconf 88' lang='grc' dir='ltr'>γένη</span> <span class='ocrx_word' id='word_1_797' title='bbox 2757 3658 3093 3729; x_wconf 88' lang='grc' dir='ltr'>πανταχόθεν</span> <span class='ocrx_word' id='word_1_798' title='bbox 3135 3658 3498 3726; x_wconf 83' lang='grc' dir='ltr'>συλλέγοντες,</span> <span class='ocrx_word' id='word_1_799' title='bbox 3530 3659 3624 3712; x_wconf 74' lang='grc' dir='ltr'>καὶ</span> <span class='ocrx_word' id='word_1_800' title='bbox 3650 3658 3857 3722; x_wconf 90' lang='grc' dir='ltr'>ναύτας</span> 
     </span>
    </p>
   </div>
   <div class='ocr_carea' id='block_1_102' title="bbox 2292 3742 3856 3817">
    <p class='ocr_par' dir='ltr' id='par_1_102' title="bbox 2292 3742 3856 3817">
     <span class='ocr_line' id='line_1_102' title="bbox 2292 3742 3856 3817; baseline 0.001 -20"><span class='ocrx_word' id='word_1_801' title='bbox 2292 3742 2446 3817; x_wconf 70' lang='grc'>[264]</span> <span class='ocrx_word' id='word_1_802' title='bbox 2478 3743 2576 3796; x_wconf 83' lang='grc' dir='ltr'>καὶ</span> <span class='ocrx_word' id='word_1_803' title='bbox 2598 3743 2933 3815; x_wconf 89' lang='grc' dir='ltr'>κυϐερνήτας</span> <span class='ocrx_word' id='word_1_804' title='bbox 2960 3745 3056 3799; x_wconf 72' lang='grc' dir='ltr'>καὶ</span> <span class='ocrx_word' id='word_1_805' title='bbox 3079 3763 3161 3798; x_wconf 89' lang='grc' dir='ltr'>κω</span> <span class='ocrx_word' id='word_1_806' title='bbox 3172 3745 3411 3815; x_wconf 87' lang='grc' dir='ltr'>πηλάτας</span> <span class='ocrx_word' id='word_1_807' title='bbox 3440 3744 3856 3812; x_wconf 87' lang='grc' dir='ltr'>καταλέγοντες,</span> 
     </span>
    </p>
   </div>
   <div class='ocr_carea' id='block_1_103' title="bbox 2292 3833 3860 3907">
    <p class='ocr_par' dir='ltr' id='par_1_103' title="bbox 2292 3833 3860 3907">
     <span class='ocr_line' id='line_1_103' title="bbox 2292 3833 3860 3907; baseline 0 -19"><span class='ocrx_word' id='word_1_808' title='bbox 2292 3836 2378 3888; x_wconf 79' lang='grc' dir='ltr'>ἵνα</span> <span class='ocrx_word' id='word_1_809' title='bbox 2406 3833 2526 3899; x_wconf 80' lang='grc' dir='ltr'>ξένα</span> <span class='ocrx_word' id='word_1_810' title='bbox 2553 3833 2675 3887; x_wconf 79' lang='grc' dir='ltr'>τινὰ</span> <span class='ocrx_word' id='word_1_811' title='bbox 2690 3834 2820 3904; x_wconf 88' lang='grc' dir='ltr'>γένη</span> <span class='ocrx_word' id='word_1_812' title='bbox 2842 3835 2936 3889; x_wconf 77' lang='grc' dir='ltr'>καὶ</span> <span class='ocrx_word' id='word_1_813' title='bbox 2953 3836 3094 3889; x_wconf 78' lang='grc' dir='ltr'>οἴνου</span> <span class='ocrx_word' id='word_1_814' title='bbox 3115 3835 3208 3889; x_wconf 76' lang='grc' dir='ltr'>καὶ</span> <span class='ocrx_word' id='word_1_815' title='bbox 3236 3835 3420 3907; x_wconf 87' lang='grc' dir='ltr'>μύρων</span> <span class='ocrx_word' id='word_1_816' title='bbox 3444 3835 3539 3888; x_wconf 80' lang='grc' dir='ltr'>καὶ</span> <span class='ocrx_word' id='word_1_817' title='bbox 3567 3834 3669 3905; x_wconf 85' lang='grc' dir='ltr'>τῆς</span> <span class='ocrx_word' id='word_1_818' title='bbox 3686 3834 3860 3907; x_wconf 84' lang='grc' dir='ltr'>άλλης</span> 
     </span>
    </p>
   </div>
   <div class='ocr_carea' id='block_1_104' title="bbox 2294 3921 3859 3994">
    <p class='ocr_par' dir='ltr' id='par_1_104' title="bbox 2294 3921 3859 3994">
     <span class='ocr_line' id='line_1_104' title="bbox 2294 3921 3859 3994; baseline 0.001 -20"><span class='ocrx_word' id='word_1_819' title='bbox 2294 3921 2547 3992; x_wconf 86' lang='grc' dir='ltr'>βλακείας</span> <span class='ocrx_word' id='word_1_820' title='bbox 2579 3921 2866 3991; x_wconf 87' lang='grc' dir='ltr'>κομίσωσι,</span> <span class='ocrx_word' id='word_1_821' title='bbox 2893 3922 2986 3974; x_wconf 79' lang='grc' dir='ltr'>καὶ</span> <span class='ocrx_word' id='word_1_822' title='bbox 3012 3922 3148 3994; x_wconf 84' lang='grc' dir='ltr'>πρὸς</span> <span class='ocrx_word' id='word_1_823' title='bbox 3168 3921 3298 3975; x_wconf 84' lang='grc' dir='ltr'>αὐτὸ</span> <span class='ocrx_word' id='word_1_824' title='bbox 3331 3923 3555 3985; x_wconf 80' lang='grc' dir='ltr'>ἑαυτοὺς</span> <span class='ocrx_word' id='word_1_825' title='bbox 3578 3939 3859 3975; x_wconf 85' lang='grc' dir='ltr'>καταπον-</span> 
     </span>
    </p>
   </div>
   <div class='ocr_carea' id='block_1_105' title="bbox 2290 4007 3858 4080">
    <p class='ocr_par' dir='ltr' id='par_1_105' title="bbox 2290 4007 3858 4080">
     <span class='ocr_line' id='line_1_105' title="bbox 2290 4007 3858 4080; baseline 0.001 -19"><span class='ocrx_word' id='word_1_826' title='bbox 2290 4010 2480 4062; x_wconf 88' lang='grc' dir='ltr'>τίσωσι</span> <span class='ocrx_word' id='word_1_827' title='bbox 2515 4008 2576 4061; x_wconf 86' lang='grc' dir='ltr'>τὸ</span> <span class='ocrx_word' id='word_1_828' title='bbox 2620 4007 2910 4080; x_wconf 87' lang='grc' dir='ltr'>βάραθρον,</span> <span class='ocrx_word' id='word_1_829' title='bbox 2932 4009 3026 4063; x_wconf 72' lang='grc' dir='ltr'>καὶ</span> <span class='ocrx_word' id='word_1_830' title='bbox 3064 4010 3281 4063; x_wconf 91' lang='grc' dir='ltr'>πάντων</span> <span class='ocrx_word' id='word_1_831' title='bbox 3310 4009 3571 4077; x_wconf 88' lang='grc' dir='ltr'>γένωνται</span> <span class='ocrx_word' id='word_1_832' title='bbox 3598 4008 3858 4062; x_wconf 89' lang='grc' dir='ltr'>ταπεινό-</span> 
     </span>
    </p>
   </div>
   <div class='ocr_carea' id='block_1_106' title="bbox 2289 4093 3857 4167">
    <p class='ocr_par' dir='ltr' id='par_1_106' title="bbox 2289 4093 3857 4167">
     <span class='ocr_line' id='line_1_106' title="bbox 2289 4093 3857 4167; baseline -0.001 -18"><span class='ocrx_word' id='word_1_833' title='bbox 2289 4112 2457 4167; x_wconf 88' lang='grc' dir='ltr'>τεροι.</span> <span class='ocrx_word' id='word_1_834' title='bbox 2510 4093 2648 4148; x_wconf 82' lang='grc' dir='ltr'>Οὐτε</span> <span class='ocrx_word' id='word_1_835' title='bbox 2686 4095 2793 4166; x_wconf 84' lang='grc' dir='ltr'>γὰρ</span> <span class='ocrx_word' id='word_1_836' title='bbox 2829 4094 3032 4166; x_wconf 72' lang='grc' dir='ltr'>ὑψηλὸν</span> <span class='ocrx_word' id='word_1_837' title='bbox 3067 4095 3225 4148; x_wconf 80' lang='grc' dir='ltr'>εἴωθε</span> <span class='ocrx_word' id='word_1_838' title='bbox 3272 4097 3445 4148; x_wconf 88' lang='grc' dir='ltr'>ποιεῖν</span> <span class='ocrx_word' id='word_1_839' title='bbox 3488 4095 3550 4148; x_wconf 83' lang='grc' dir='ltr'>τὸ</span> <span class='ocrx_word' id='word_1_840' title='bbox 3595 4094 3857 4149; x_wconf 89' lang='grc' dir='ltr'>πλειόνων</span> 
     </span>
    </p>
   </div>
   <div class='ocr_carea' id='block_1_107' title="bbox 2292 4180 3859 4255">
    <p class='ocr_par' dir='ltr' id='par_1_107' title="bbox 2292 4180 3859 4255">
     <span class='ocr_line' id='line_1_107' title="bbox 2292 4180 3859 4255; baseline -0.003 -17"><span class='ocrx_word' id='word_1_841' title='bbox 2292 4185 2518 4250; x_wconf 87' lang='grc' dir='ltr'>δεῖσθαι,</span> <span class='ocrx_word' id='word_1_842' title='bbox 2553 4182 2676 4238; x_wconf 78' lang='grc' dir='ltr'>οὐτε</span> <span class='ocrx_word' id='word_1_843' title='bbox 2700 4185 2952 4237; x_wconf 88' lang='grc' dir='ltr'>ταπεινὸν</span> <span class='ocrx_word' id='word_1_844' title='bbox 2972 4185 3033 4238; x_wconf 85' lang='grc' dir='ltr'>τὸ</span> <span class='ocrx_word' id='word_1_845' title='bbox 3064 4185 3259 4252; x_wconf 88' lang='grc' dir='ltr'>ὀλίγων</span> <span class='ocrx_word' id='word_1_846' title='bbox 3291 4180 3428 4236; x_wconf 82' lang='grc' dir='ltr'>εἶναι</span> <span class='ocrx_word' id='word_1_847' title='bbox 3455 4185 3513 4238; x_wconf 85' lang='grc' dir='ltr'>ἐν</span> <span class='ocrx_word' id='word_1_848' title='bbox 3536 4184 3716 4255; x_wconf 78' lang='grc' dir='ltr'>χρείᾳ.</span> <span class='ocrx_word' id='word_1_849' title='bbox 3747 4183 3859 4238; x_wconf 78' lang='grc' dir='ltr'>Καὶ</span> 
     </span>
    </p>
   </div>
   <div class='ocr_carea' id='block_1_108' title="bbox 2292 4271 3859 4343">
    <p class='ocr_par' dir='ltr' id='par_1_108' title="bbox 2292 4271 3859 4343">
     <span class='ocr_line' id='line_1_108' title="bbox 2292 4271 3859 4343; baseline -0.003 -16"><span class='ocrx_word' id='word_1_850' title='bbox 2292 4276 2340 4327; x_wconf 88' lang='grc' dir='ltr'>εί</span> <span class='ocrx_word' id='word_1_851' title='bbox 2368 4272 2640 4343; x_wconf 87' lang='grc' dir='ltr'>βούλεσθε,</span> <span class='ocrx_word' id='word_1_852' title='bbox 2672 4274 2946 4342; x_wconf 81' lang='grc' dir='ltr'>ἑκατέρων</span> <span class='ocrx_word' id='word_1_853' title='bbox 2982 4273 3080 4342; x_wconf 86' lang='grc' dir='ltr'>τὴν</span> <span class='ocrx_word' id='word_1_854' title='bbox 3099 4273 3283 4327; x_wconf 83' lang='grc' dir='ltr'>είκόνα</span> <span class='ocrx_word' id='word_1_855' title='bbox 3308 4272 3730 4340; x_wconf 82' lang='grc' dir='ltr'>ἁναπλάσωμεν,</span> <span class='ocrx_word' id='word_1_856' title='bbox 3761 4271 3859 4325; x_wconf 78' lang='grc' dir='ltr'>καὶ</span> 
     </span>
    </p>
   </div>
   <div class='ocr_carea' id='block_1_109' title="bbox 2293 4357 3853 4430">
    <p class='ocr_par' dir='ltr' id='par_1_109' title="bbox 2293 4357 3853 4430">
     <span class='ocr_line' id='line_1_109' title="bbox 2293 4357 3853 4430; baseline -0.002 -16"><span class='ocrx_word' id='word_1_857' title='bbox 2293 4361 2433 4414; x_wconf 77' lang='grc' dir='ltr'>ἔστω</span> <span class='ocrx_word' id='word_1_858' title='bbox 2452 4378 2532 4423; x_wconf 90' lang='grc' dir='ltr'>τις</span> <span class='ocrx_word' id='word_1_859' title='bbox 2549 4358 2774 4423; x_wconf 75' lang='grc' dir='ltr'>πολλοὺς</span> <span class='ocrx_word' id='word_1_860' title='bbox 2789 4359 2925 4430; x_wconf 80' lang='grc' dir='ltr'>έχων</span> <span class='ocrx_word' id='word_1_861' title='bbox 2941 4361 3065 4422; x_wconf 86' lang='grc' dir='ltr'>τοὺς</span> <span class='ocrx_word' id='word_1_862' title='bbox 3096 4358 3432 4429; x_wconf 85' lang='grc' dir='ltr'>πανταχόθεν</span> <span class='ocrx_word' id='word_1_863' title='bbox 3458 4357 3853 4429; x_wconf 87' lang='grc' dir='ltr'>χορηγοῦντας,</span> 
     </span>
    </p>
   </div>
   <div class='ocr_carea' id='block_1_110' title="bbox 2293 4443 3857 4519">
    <p class='ocr_par' dir='ltr' id='par_1_110' title="bbox 2293 4443 3857 4519">
     <span class='ocr_line' id='line_1_110' title="bbox 2293 4443 3857 4519; baseline -0.003 -17"><span class='ocrx_word' id='word_1_864' title='bbox 2293 4448 2386 4502; x_wconf 80' lang='grc' dir='ltr'>καὶ</span> <span class='ocrx_word' id='word_1_865' title='bbox 2437 4446 2638 4508; x_wconf 85' lang='grc' dir='ltr'>ναύτας</span> <span class='ocrx_word' id='word_1_866' title='bbox 2683 4447 2778 4499; x_wconf 72' lang='grc' dir='ltr'>καὶ</span> <span class='ocrx_word' id='word_1_867' title='bbox 2826 4446 3182 4519; x_wconf 84' lang='grc' dir='ltr'>κυϐερνήτας,</span> <span class='ocrx_word' id='word_1_868' title='bbox 3234 4448 3327 4500; x_wconf 74' lang='grc' dir='ltr'>καὶ</span> <span class='ocrx_word' id='word_1_869' title='bbox 3378 4446 3723 4518; x_wconf 88' lang='grc' dir='ltr'>χειροτέχνας</span> <span class='ocrx_word' id='word_1_870' title='bbox 3762 4443 3857 4499; x_wconf 73' lang='grc' dir='ltr'>καὶ</span> 
     </span>
    </p>
   </div>
   <div class='ocr_carea' id='block_1_111' title="bbox 2293 4531 3858 4604">
    <p class='ocr_par' dir='ltr' id='par_1_111' title="bbox 2293 4531 3858 4604">
     <span class='ocr_line' id='line_1_111' title="bbox 2293 4531 3858 4604; baseline -0.003 -16"><span class='ocrx_word' id='word_1_871' title='bbox 2293 4534 2527 4601; x_wconf 87' lang='grc' dir='ltr'>οίκέτας,</span> <span class='ocrx_word' id='word_1_872' title='bbox 2553 4534 2647 4587; x_wconf 79' lang='grc' dir='ltr'>καὶ</span> <span class='ocrx_word' id='word_1_873' title='bbox 2688 4533 2932 4604; x_wconf 84' lang='grc' dir='ltr'>ὑφάντας</span> <span class='ocrx_word' id='word_1_874' title='bbox 2971 4532 3064 4586; x_wconf 77' lang='grc' dir='ltr'>καὶ</span> <span class='ocrx_word' id='word_1_875' title='bbox 3095 4531 3397 4596; x_wconf 82' lang='grc' dir='ltr'>ποικιλτάς,</span> <span class='ocrx_word' id='word_1_876' title='bbox 3442 4533 3536 4586; x_wconf 81' lang='grc' dir='ltr'>καὶ</span> <span class='ocrx_word' id='word_1_877' title='bbox 3567 4531 3858 4602; x_wconf 87' lang='grc' dir='ltr'>βουκόλους</span> 
     </span>
    </p>
   </div>
   <div class='ocr_carea' id='block_1_112' title="bbox 2293 4618 3857 4691">
    <p class='ocr_par' dir='ltr' id='par_1_112' title="bbox 2293 4618 3857 4691">
     <span class='ocr_line' id='line_1_112' title="bbox 2293 4618 3857 4691; baseline -0.004 -16"><span class='ocrx_word' id='word_1_878' title='bbox 2293 4622 2388 4675; x_wconf 76' lang='grc' dir='ltr'>καὶ</span> <span class='ocrx_word' id='word_1_879' title='bbox 2411 4621 2692 4690; x_wconf 86' lang='grc' dir='ltr'>ποιμένας,</span> <span class='ocrx_word' id='word_1_880' title='bbox 2726 4620 2818 4672; x_wconf 74' lang='grc' dir='ltr'>καὶ</span> <span class='ocrx_word' id='word_1_881' title='bbox 2850 4620 3185 4691; x_wconf 76' lang='grc' dir='ltr'>ἱπποκόμους</span> <span class='ocrx_word' id='word_1_882' title='bbox 3206 4619 3303 4672; x_wconf 78' lang='grc' dir='ltr'>καὶ</span> <span class='ocrx_word' id='word_1_883' title='bbox 3342 4618 3737 4689; x_wconf 87' lang='grc' dir='ltr'>ίπποφορϐοὐς,</span> <span class='ocrx_word' id='word_1_884' title='bbox 3761 4618 3857 4671; x_wconf 74' lang='grc' dir='ltr'>καὶ</span> 
     </span>
    </p>
   </div>
   <div class='ocr_carea' id='block_1_113' title="bbox 2294 4705 3858 4781">
    <p class='ocr_par' dir='ltr' id='par_1_113' title="bbox 2294 4705 3858 4781">
     <span class='ocr_line' id='line_1_113' title="bbox 2294 4705 3858 4781; baseline -0.004 -17"><span class='ocrx_word' id='word_1_885' title='bbox 2294 4709 2492 4781; x_wconf 86' lang='grc' dir='ltr'>πολλὴν</span> <span class='ocrx_word' id='word_1_886' title='bbox 2530 4709 2587 4762; x_wconf 82' lang='grc' dir='ltr'>ἐν</span> <span class='ocrx_word' id='word_1_887' title='bbox 2618 4707 2819 4762; x_wconf 80' lang='grc' dir='ltr'>άπασιν</span> <span class='ocrx_word' id='word_1_888' title='bbox 2864 4707 3034 4777; x_wconf 83' lang='grc' dir='ltr'>ἐχέτω</span> <span class='ocrx_word' id='word_1_889' title='bbox 3076 4706 3172 4779; x_wconf 81' lang='grc' dir='ltr'>τὴν</span> <span class='ocrx_word' id='word_1_890' title='bbox 3212 4706 3538 4777; x_wconf 74' lang='grc' dir='ltr'>θεραπείανο</span> <span class='ocrx_word' id='word_1_891' title='bbox 3567 4707 3757 4776; x_wconf 75' lang='grc' dir='ltr'>ἕτερος</span> <span class='ocrx_word' id='word_1_892' title='bbox 3801 4705 3858 4757; x_wconf 84' lang='grc' dir='ltr'>δὲ</span> 
     </span>
    </p>
   </div>
   <div class='ocr_carea' id='block_1_114' title="bbox 2298 4792 3860 4866">
    <p class='ocr_par' dir='ltr' id='par_1_114' title="bbox 2298 4792 3860 4866">
     <span class='ocr_line' id='line_1_114' title="bbox 2298 4792 3860 4866; baseline -0.002 -17"><span class='ocrx_word' id='word_1_893' title='bbox 2298 4794 2524 4866; x_wconf 85' lang='grc' dir='ltr'>μηδενὸς</span> <span class='ocrx_word' id='word_1_894' title='bbox 2571 4793 2774 4848; x_wconf 91' lang='grc' dir='ltr'>τούτων</span> <span class='ocrx_word' id='word_1_895' title='bbox 2812 4794 3126 4848; x_wconf 89' lang='grc' dir='ltr'>ἀπολαυέτω</span> <span class='ocrx_word' id='word_1_896' title='bbox 3144 4835 3158 4859; x_wconf 96' lang='grc'>,</span> <span class='ocrx_word' id='word_1_897' title='bbox 3198 4793 3313 4848; x_wconf 86' lang='grc' dir='ltr'>ἀλλ’</span> <span class='ocrx_word' id='word_1_898' title='bbox 3343 4792 3508 4865; x_wconf 79' lang='grc' dir='ltr'>ἄρτου</span> <span class='ocrx_word' id='word_1_899' title='bbox 3561 4793 3724 4863; x_wconf 90' lang='grc' dir='ltr'>μόνου</span> <span class='ocrx_word' id='word_1_900' title='bbox 3762 4792 3860 4846; x_wconf 80' lang='grc' dir='ltr'>καὶ</span> 
     </span>
    </p>
   </div>
   <div class='ocr_carea' id='block_1_115' title="bbox 2295 4879 3854 4954">
    <p class='ocr_par' dir='ltr' id='par_1_115' title="bbox 2295 4879 3854 4954">
     <span class='ocr_line' id='line_1_115' title="bbox 2295 4879 3854 4954; baseline -0.003 -17"><span class='ocrx_word' id='word_1_901' title='bbox 2295 4883 2485 4947; x_wconf 74' lang='grc' dir='ltr'>ὓδατος</span> <span class='ocrx_word' id='word_1_902' title='bbox 2508 4883 2601 4937; x_wconf 75' lang='grc' dir='ltr'>καὶ</span> <span class='ocrx_word' id='word_1_903' title='bbox 2628 4882 2841 4954; x_wconf 84' lang='grc' dir='ltr'>ἱματίου</span> <span class='ocrx_word' id='word_1_904' title='bbox 2873 4882 3027 4954; x_wconf 77' lang='grc' dir='ltr'>ψιλοῦ</span> <span class='ocrx_word' id='word_1_905' title='bbox 3047 4899 3060 4913; x_wconf 75' lang='grc' dir='ltr'><strong><em>ο</em></strong></span> <span class='ocrx_word' id='word_1_906' title='bbox 3111 4882 3195 4945; x_wconf 90' lang='grc' dir='ltr'>τίς</span> <span class='ocrx_word' id='word_1_907' title='bbox 3223 4881 3281 4936; x_wconf 79' lang='grc' dir='ltr'>ἐν</span> <span class='ocrx_word' id='word_1_908' title='bbox 3312 4880 3520 4944; x_wconf 87' lang='grc' dir='ltr'>τούτοις</span> <span class='ocrx_word' id='word_1_909' title='bbox 3551 4882 3579 4933; x_wconf 85' lang='grc' dir='ltr'>ό</span> <span class='ocrx_word' id='word_1_910' title='bbox 3607 4879 3811 4951; x_wconf 77' lang='grc' dir='ltr'>ὑψηλός</span> <span class='ocrx_word' id='word_1_911' title='bbox 3838 4895 3854 4942; x_wconf 90' lang='lat'><strong>;</strong></span> 
     </span>
    </p>
   </div>
   <div class='ocr_carea' id='block_1_116' title="bbox 2293 4965 3856 5041">
    <p class='ocr_par' dir='ltr' id='par_1_116' title="bbox 2293 4965 3856 5041">
     <span class='ocr_line' id='line_1_116' title="bbox 2293 4965 3856 5041; baseline -0.004 -16"><span class='ocrx_word' id='word_1_912' title='bbox 2293 4971 2376 5035; x_wconf 90' lang='grc' dir='ltr'>τίς</span> <span class='ocrx_word' id='word_1_913' title='bbox 2397 4971 2453 5025; x_wconf 88' lang='grc' dir='ltr'>δὲ</span> <span class='ocrx_word' id='word_1_914' title='bbox 2479 4970 2508 5022; x_wconf 89' lang='lat'>6</span> <span class='ocrx_word' id='word_1_915' title='bbox 2533 4969 2821 5035; x_wconf 87' lang='grc' dir='ltr'>ταπεινός;</span> <span class='ocrx_word' id='word_1_916' title='bbox 2851 4970 2963 5024; x_wconf 90' lang='grc' dir='ltr'>Οὐκ</span> <span class='ocrx_word' id='word_1_917' title='bbox 2995 4968 3234 5041; x_wconf 75' lang='grc' dir='ltr'>εὔδηλον,</span> <span class='ocrx_word' id='word_1_918' title='bbox 3258 4969 3338 5022; x_wconf 85' lang='grc' dir='ltr'>ὃτι</span> <span class='ocrx_word' id='word_1_919' title='bbox 3366 4971 3394 5021; x_wconf 93' lang='lat'>6</span> <span class='ocrx_word' id='word_1_920' title='bbox 3424 4968 3484 5021; x_wconf 83' lang='grc' dir='ltr'>τὸ</span> <span class='ocrx_word' id='word_1_921' title='bbox 3514 4967 3725 5037; x_wconf 80' lang='grc' dir='ltr'>ἱμάτιον</span> <span class='ocrx_word' id='word_1_922' title='bbox 3757 4965 3856 5037; x_wconf 90' lang='grc' dir='ltr'>μό-</span> 
     </span>
    </p>
   </div>
   <div class='ocr_carea' id='block_1_117' title="bbox 2292 5050 3857 5129">
    <p class='ocr_par' dir='ltr' id='par_1_117' title="bbox 2292 5050 3857 5129">
     <span class='ocr_line' id='line_1_117' title="bbox 2292 5050 3857 5129; baseline -0.005 -16"><span class='ocrx_word' id='word_1_923' title='bbox 2292 5076 2384 5114; x_wconf 91' lang='grc' dir='ltr'>νον</span> <span class='ocrx_word' id='word_1_924' title='bbox 2420 5059 2596 5129; x_wconf 81' lang='grc' dir='ltr'>έχων;</span> <span class='ocrx_word' id='word_1_925' title='bbox 2632 5050 2800 5121; x_wconf 73' lang='grc' dir='ltr'>Οὗτος</span> <span class='ocrx_word' id='word_1_926' title='bbox 2833 5056 2930 5127; x_wconf 78' lang='grc' dir='ltr'>μὲν</span> <span class='ocrx_word' id='word_1_927' title='bbox 2961 5057 3068 5127; x_wconf 83' lang='grc' dir='ltr'>γάρ</span> <span class='ocrx_word' id='word_1_928' title='bbox 3102 5057 3195 5109; x_wconf 74' lang='grc' dir='ltr'>καὶ</span> <span class='ocrx_word' id='word_1_929' title='bbox 3228 5054 3391 5109; x_wconf 89' lang='grc' dir='ltr'>αὐτοῦ</span> <span class='ocrx_word' id='word_1_930' title='bbox 3416 5054 3508 5108; x_wconf 91' lang='grc' dir='ltr'>τοῦ</span> <span class='ocrx_word' id='word_1_931' title='bbox 3548 5052 3857 5125; x_wconf 84' lang='grc' dir='ltr'>βασιλεύον-</span> 
     </span>
    </p>
   </div>
   <div class='ocr_carea' id='block_1_118' title="bbox 2295 5140 3856 5215">
    <p class='ocr_par' dir='ltr' id='par_1_118' title="bbox 2295 5140 3856 5215">
     <span class='ocr_line' id='line_1_118' title="bbox 2295 5140 3856 5215; baseline -0.004 -16"><span class='ocrx_word' id='word_1_932' title='bbox 2295 5163 2384 5209; x_wconf 87' lang='grc' dir='ltr'>τος</span> <span class='ocrx_word' id='word_1_933' title='bbox 2408 5145 2818 5215; x_wconf 86' lang='grc' dir='ltr'>καταφρονῆσαι</span> <span class='ocrx_word' id='word_1_934' title='bbox 2844 5144 3127 5215; x_wconf 85' lang='grc' dir='ltr'>δυνήσεται</span> <span class='ocrx_word' id='word_1_935' title='bbox 3149 5159 3164 5175; x_wconf 88' lang='grc'><strong>·</strong></span> <span class='ocrx_word' id='word_1_936' title='bbox 3198 5145 3401 5206; x_wconf 84' lang='grc' dir='ltr'>ἐκεῖνος</span> <span class='ocrx_word' id='word_1_937' title='bbox 3423 5142 3480 5196; x_wconf 87' lang='grc' dir='ltr'>δέ</span> <span class='ocrx_word' id='word_1_938' title='bbox 3503 5142 3719 5196; x_wconf 86' lang='grc' dir='ltr'>πάντων</span> <span class='ocrx_word' id='word_1_939' title='bbox 3747 5140 3856 5193; x_wconf 86' lang='grc' dir='ltr'>τῶν</span> 
     </span>
    </p>
   </div>
   <div class='ocr_carea' id='block_1_119' title="bbox 2294 5227 3857 5302">
    <p class='ocr_par' dir='ltr' id='par_1_119' title="bbox 2294 5227 3857 5302">
     <span class='ocr_line' id='line_1_119' title="bbox 2294 5227 3857 5302; baseline -0.004 -16"><span class='ocrx_word' id='word_1_940' title='bbox 2294 5233 2466 5286; x_wconf 91' lang='grc' dir='ltr'>ταῦτα</span> <span class='ocrx_word' id='word_1_941' title='bbox 2499 5227 2844 5302; x_wconf 84' lang='grc' dir='ltr'>παρεχόντων</span> <span class='ocrx_word' id='word_1_942' title='bbox 2880 5230 3061 5294; x_wconf 88' lang='grc' dir='ltr'>δοῦλός</span> <span class='ocrx_word' id='word_1_943' title='bbox 3086 5232 3232 5284; x_wconf 86' lang='grc' dir='ltr'>ἐστιν</span> <span class='ocrx_word' id='word_1_944' title='bbox 3254 5271 3269 5297; x_wconf 94' lang='grc'>,</span> <span class='ocrx_word' id='word_1_945' title='bbox 3319 5228 3669 5294; x_wconf 87' lang='grc' dir='ltr'>ὑποκύπτων,</span> <span class='ocrx_word' id='word_1_946' title='bbox 3697 5227 3857 5281; x_wconf 78' lang='grc' dir='ltr'>κολα-</span> 
     </span>
    </p>
   </div>
   <div class='ocr_carea' id='block_1_120' title="bbox 2297 5312 3857 5388">
    <p class='ocr_par' dir='ltr' id='par_1_120' title="bbox 2297 5312 3857 5388">
     <span class='ocr_line' id='line_1_120' title="bbox 2297 5312 3857 5388; baseline -0.006 -14"><span class='ocrx_word' id='word_1_947' title='bbox 2297 5320 2490 5383; x_wconf 87' lang='grc' dir='ltr'>κεύων,</span> <span class='ocrx_word' id='word_1_948' title='bbox 2524 5317 2840 5388; x_wconf 87' lang='grc' dir='ltr'>θεραπεύων</span> <span class='ocrx_word' id='word_1_949' title='bbox 2882 5317 3144 5384; x_wconf 77' lang='grc' dir='ltr'>ἅπαντας,</span> <span class='ocrx_word' id='word_1_950' title='bbox 3176 5315 3431 5379; x_wconf 87' lang='grc' dir='ltr'>δεδοικὼς</span> <span class='ocrx_word' id='word_1_951' title='bbox 3479 5316 3552 5387; x_wconf 84' lang='grc' dir='ltr'>μή</span> <span class='ocrx_word' id='word_1_952' title='bbox 3582 5331 3667 5378; x_wconf 89' lang='grc' dir='ltr'>τις</span> <span class='ocrx_word' id='word_1_953' title='bbox 3694 5312 3857 5367; x_wconf 80' lang='grc' dir='ltr'>αὐτὸν</span> 
     </span>
    </p>
   </div>
   <div class='ocr_carea' id='block_1_121' title="bbox 2294 5402 3858 5480">
    <p class='ocr_par' dir='ltr' id='par_1_121' title="bbox 2294 5402 3858 5480">
     <span class='ocr_line' id='line_1_121' title="bbox 2294 5402 3858 5480; baseline -0.006 -17"><span class='ocrx_word' id='word_1_954' title='bbox 2294 5405 2605 5468; x_wconf 86' lang='grc' dir='ltr'>καταλιπὼν</span> <span class='ocrx_word' id='word_1_955' title='bbox 2652 5408 2733 5469; x_wconf 88' lang='grc' dir='ltr'>είς</span> <span class='ocrx_word' id='word_1_956' title='bbox 2775 5405 2847 5460; x_wconf 87' lang='grc' dir='ltr'>τά</span> <span class='ocrx_word' id='word_1_957' title='bbox 2893 5407 3080 5477; x_wconf 84' lang='grc' dir='ltr'>καίρια</span> <span class='ocrx_word' id='word_1_958' title='bbox 3119 5406 3330 5480; x_wconf 75' lang='grc' dir='ltr'>βλάψῃ’</span> <span class='ocrx_word' id='word_1_959' title='bbox 3380 5404 3532 5459; x_wconf 84' lang='grc' dir='ltr'>οὐδὲν</span> <span class='ocrx_word' id='word_1_960' title='bbox 3574 5403 3680 5475; x_wconf 87' lang='grc' dir='ltr'>γὰρ</span> <span class='ocrx_word' id='word_1_961' title='bbox 3715 5402 3858 5455; x_wconf 79' lang='grc' dir='ltr'>οὓτω</span> 
     </span>
    </p>
   </div>
   <div class='ocr_carea' id='block_1_122' title="bbox 2295 5486 3858 5561">
    <p class='ocr_par' dir='ltr' id='par_1_122' title="bbox 2295 5486 3858 5561">
     <span class='ocr_line' id='line_1_122' title="bbox 2295 5486 3858 5561; baseline -0.006 -12"><span class='ocrx_word' id='word_1_962' title='bbox 2295 5497 2438 5550; x_wconf 86' lang='grc' dir='ltr'>ποιεῖ</span> <span class='ocrx_word' id='word_1_963' title='bbox 2467 5492 2672 5558; x_wconf 89' lang='grc' dir='ltr'>δοῦλον,</span> <span class='ocrx_word' id='word_1_964' title='bbox 2700 5488 2775 5557; x_wconf 81' lang='grc' dir='ltr'>ὡς</span> <span class='ocrx_word' id='word_1_965' title='bbox 2801 5493 2863 5546; x_wconf 83' lang='grc' dir='ltr'>τὸ</span> <span class='ocrx_word' id='word_1_966' title='bbox 2882 5492 3092 5548; x_wconf 83' lang='grc' dir='ltr'>πολλῶν</span> <span class='ocrx_word' id='word_1_967' title='bbox 3115 5492 3351 5547; x_wconf 80' lang='grc' dir='ltr'>δεῖσθαι’</span> <span class='ocrx_word' id='word_1_968' title='bbox 3377 5491 3565 5561; x_wconf 83' lang='grc' dir='ltr'>ὥσπερ</span> <span class='ocrx_word' id='word_1_969' title='bbox 3597 5486 3688 5543; x_wconf 83' lang='grc' dir='ltr'>οῦν</span> <span class='ocrx_word' id='word_1_970' title='bbox 3709 5488 3858 5542; x_wconf 80' lang='grc' dir='ltr'>ἐλεύ-</span> 
     </span>
    </p>
   </div>
   <div class='ocr_carea' id='block_1_123' title="bbox 2296 5574 3857 5653">
    <p class='ocr_par' dir='ltr' id='par_1_123' title="bbox 2296 5574 3857 5653">
     <span class='ocr_line' id='line_1_123' title="bbox 2296 5574 3857 5653; baseline -0.002 -17"><span class='ocrx_word' id='word_1_971' title='bbox 2296 5584 2472 5653; x_wconf 89' lang='grc' dir='ltr'>θερον,</span> <span class='ocrx_word' id='word_1_972' title='bbox 2502 5582 2578 5644; x_wconf 86' lang='grc' dir='ltr'>ὡς</span> <span class='ocrx_word' id='word_1_973' title='bbox 2612 5581 2675 5635; x_wconf 83' lang='grc' dir='ltr'>τὸ</span> <span class='ocrx_word' id='word_1_974' title='bbox 2706 5581 2801 5653; x_wconf 91' lang='grc' dir='ltr'>τῆς</span> <span class='ocrx_word' id='word_1_975' title='bbox 2833 5581 3021 5653; x_wconf 87' lang='grc' dir='ltr'>χρείας</span> <span class='ocrx_word' id='word_1_976' title='bbox 3043 5576 3183 5637; x_wconf 80' lang='grc' dir='ltr'>εἷναι</span> <span class='ocrx_word' id='word_1_977' title='bbox 3224 5582 3408 5653; x_wconf 87' lang='grc' dir='ltr'>μόνης.</span> <span class='ocrx_word' id='word_1_978' title='bbox 3453 5578 3624 5634; x_wconf 89' lang='grc' dir='ltr'>Τοῦτο</span> <span class='ocrx_word' id='word_1_979' title='bbox 3645 5576 3740 5632; x_wconf 78' lang='grc' dir='ltr'>καὶ</span> <span class='ocrx_word' id='word_1_980' title='bbox 3767 5574 3857 5633; x_wconf 69' lang='grc' dir='ltr'>ἐπ’</span> 
     </span>
    </p>
   </div>
   <div class='ocr_carea' id='block_1_124' title="bbox 2359 5751 2946 5819">
    <p class='ocr_par' dir='ltr' id='par_1_124' title="bbox 2359 5751 2946 5819">
     <span class='ocr_line' id='line_1_124' title="bbox 2359 5751 2946 5819; baseline 0.002 -15"><span class='ocrx_word' id='word_1_981' title='bbox 2359 5752 2388 5793; x_wconf 70' lang='grc'><em>³³</em></span> <span class='ocrx_word' id='word_1_982' title='bbox 2411 5751 2560 5805; x_wconf 77' lang='lat' dir='ltr'>Savil.</span> <span class='ocrx_word' id='word_1_983' title='bbox 2581 5756 2946 5819; x_wconf 74' lang='grc' dir='ltr'>προστιθέμενοι.</span> 
     </span>
    </p>
   </div>
  </div>
