4108 6344
343 357 447 412 277

343 489 372 526 a
401 473 516 541 lege
542 467 767 523 liberum
786 507 800 528 ,
832 479 895 520 ac
925 477 1093 534 neque
1139 461 1294 516 ﬁnem
1322 500 1336 522 ,
1369 460 1504 513 sicut
1531 458 1658 512 dicit
1682 457 1918 534 Paulus,

347 578 520 634 neque
547 561 859 632 principium
887 557 1078 611 habeat
1107 553 1291 624 (Hebr.
1317 553 1366 605 7.
1393 551 1468 620 '5).
1495 549 1646 618 Quod
1670 551 1813 602 enim
1835 547 1922 602 ille

347 657 400 710 in
428 654 612 711 umbra
640 652 842 716 habuit,
867 650 970 705 hoc
992 663 1175 704 revera
1208 645 1304 700 fuit
1328 645 1380 698 in
1405 643 1530 698 Jesu
1554 660 1567 695 :
1590 652 1644 698 et
1664 639 1920 712 quemad-

349 749 564 804 modum
595 744 808 800 nomina
837 747 1243 813 praecesserunt,
1273 749 1331 793 ut
1355 737 1529 800 Jesus,
1562 743 1621 789 ut
1644 733 1916 790 Christus:

347 844 419 897 ita
447 841 546 894 hoc
567 838 747 893 etiam.
771 836 951 905 Neque
974 848 1102 902 ergo
1121 830 1472 887 Melchisedec
1495 828 1703 883 videtur
1727 827 1922 881 habere

347 935 552 988 dierum
579 930 890 1001 principium
916 968 930 994 ,
961 941 1131 996 neque
1161 923 1318 978 ﬁnem
1345 923 1492 986 vitae;
1521 936 1623 976 non
1649 918 1788 990 quod
1817 933 1920 972 non

347 1026 559 1090 habeat,
586 1022 681 1078 sed
710 1020 850 1092 quod
873 1019 988 1088 ejus
1008 1015 1315 1086 genealogia
1341 1013 1484 1067 nulla
1504 1013 1572 1066 sit
1587 1011 1742 1064 facta.
1765 1009 1922 1064 Jesus

346 1126 522 1172 autem
555 1129 726 1184 neque
753 1110 1064 1181 principium
1096 1107 1330 1169 dierum,
1360 1119 1460 1157 nec
1488 1102 1608 1156 vita:
1639 1099 1794 1154 ﬁnem
1824 1099 1921 1152 ba-

349 1210 479 1273 buit,
510 1223 615 1261 non
644 1220 709 1260 eo
735 1202 896 1258 modo
915 1242 929 1264 ,
960 1199 1051 1254 sed
1078 1198 1216 1270 quod
1261 1211 1358 1251 nec
1385 1196 1437 1250 in
1469 1197 1585 1264 ipso
1613 1193 1681 1247 sit
1706 1191 1922 1246 omnino

351 1291 666 1372 principium
724 1292 1054 1362 temporale,
1105 1303 1203 1343 nec
1250 1287 1390 1341 ﬁnis.
1449 1285 1578 1339 Illud
1621 1283 1762 1339 enim
1809 1292 1923 1336 erat

349 1391 555 1454 tnnbra,
589 1387 691 1442 hoc
714 1386 928 1440 veritas.
959 1379 1410 1450 Quemadmodum
1438 1393 1564 1448 ergo
1592 1393 1713 1432 cum
1737 1375 1921 1432 Jesum

349 1481 521 1544 audis,
564 1493 668 1533 non
699 1492 819 1532 eum
861 1475 948 1544 qui
995 1488 1120 1527 vere
1161 1478 1244 1527 est
1269 1471 1423 1526 Jesus
1461 1469 1784 1539 suspicaris,
1827 1467 1920 1522 sed

350 1571 581 1626 nominis
607 1567 774 1624 solam
796 1565 1013 1636 ﬁguram
1035 1563 1250 1632 accipis,
1279 1571 1333 1618 et
1355 1561 1484 1616 nihil
1505 1563 1640 1614 ultra
1658 1559 1918 1630 requiris:

351 1665 421 1717 ita
448 1676 568 1717 cum
594 1659 744 1714 audis
781 1655 1130 1712 Melchisedcc
1151 1694 1168 1719 ,
1214 1655 1304 1724 qui
1347 1669 1518 1723 neque
1547 1653 1708 1707 habet
1727 1652 1922 1722 princi-

351 1759 490 1825 pium
518 1796 533 1819 ,
577 1767 676 1806 nec
715 1749 872 1804 ﬁnem
893 1788 908 1813 ,
937 1763 1002 1802 ne
1029 1746 1080 1801 id
1120 1761 1325 1816 quaeras
1353 1745 1408 1800 in
1433 1746 1508 1800 rei
1539 1743 1760 1798 veritate
1781 1785 1795 1810 ,
1828 1743 1923 1798 sed

350 1847 443 1901 tibi
464 1843 689 1898 sufﬁciat
703 1841 814 1895 sola
831 1839 1146 1909 appellatio:
1164 1839 1437 1893 veritatem
1453 1845 1630 1891 autem
1648 1837 1699 1891 in
1711 1834 1924 1890 Christo

350 1938 546 1992 edisce.
575 1931 946 2011 Jusjurandum
971 1945 1100 1985 vero
1138 1929 1348 2000 quando
1367 1928 1598 1984 audieris
1618 1969 1634 1993 ,
1667 1943 1735 1983 ne
1769 1936 1924 1997 putes

349 2044 471 2084 esse
505 2007 894 2096 jusjurandum.
936 2007 1390 2090 Quemadmodum
1416 2022 1557 2076 enim
1594 2022 1667 2076 ira
1699 2021 1749 2075 in
1781 2021 1920 2087 Deo,

353 2122 424 2174 ira
454 2135 560 2173 non
589 2128 690 2181 est,
719 2116 813 2172 scd
843 2125 924 2171 est
952 2116 1033 2170 vis
1061 2114 1341 2185 puniendi,
1376 2123 1425 2169 et
1458 2128 1565 2168 non
1596 2113 1924 2184 perturbatio

351 2212 515 2265 animi
541 2227 555 2265 :
581 2210 651 2264 ita
677 2211 832 2266 etiam
856 2207 1244 2279 jusjurandum.
1278 2207 1417 2262 Deus
1441 2206 1583 2263 enim
1613 2221 1718 2261 non
1749 2205 1887 2275 iurat
1907 2248 1920 2271 ,

350 2302 441 2356 sed
482 2301 534 2356 id
582 2302 710 2355 dicit
749 2302 889 2371 quod
938 2301 1156 2356 omnino
1197 2299 1432 2354 futurum
1482 2308 1584 2355 est.
1639 2299 1922 2368 Postquam

353 2409 480 2463 ergo
548 2392 681 2446 dixit
737 2391 1071 2463 splendorem
1133 2401 1468 2457 sanctorum,
1533 2391 1735 2460 positos
1807 2402 1926 2443 esse

355 2486 598 2541 inimicos
643 2487 743 2543 sub
785 2488 1007 2557 pedibus
1035 2487 1183 2556 ejus,
1215 2486 1354 2540 diem
1384 2485 1498 2555 ejus
1526 2484 1737 2538 virtutis
1765 2502 1777 2536 :
1801 2482 1928 2537 dicit

353 2579 603 2648 deinceps
633 2580 932 2649 praesentia.
957 2579 1086 2633 Vide
1109 2588 1283 2632 autem
1306 2591 1532 2646 quonam
1560 2575 1744 2630 ordine
1764 2575 1926 2628 utitur

355 2670 409 2723 in
448 2671 721 2736 oratione,
751 2671 940 2726 durum
970 2671 1266 2725 auditorem
1295 2668 1590 2724 emolliens.
1621 2665 1752 2720 Cum
1781 2666 1927 2735 prius

353 2764 493 2816 enim
523 2765 795 2819 terruisset
837 2763 1100 2834 loquendo
1139 2764 1207 2818 de
1240 2762 1456 2833 judicio.
1497 2777 1560 2815 ac
1585 2760 1924 2830 pertinaciam

353 2855 472 2922 ejus
507 2855 836 2922 emolliisset,
882 2855 1083 2910 inducit
1122 2869 1422 2910 sermonem
1462 2853 1529 2908 de
1557 2852 1923 2922 praesentibus.

355 2943 640 3012 Propterea
679 2945 839 3000 talem
887 2946 1100 3001 adhibet
1146 2946 1467 2999 mistionem.
1507 2942 1790 2999 Considera
1830 2957 1926 2995 an-

357 3043 462 3088 tem
483 3052 494 3086 :
514 3033 685 3088 Donec
715 3053 898 3104 ponam
924 3037 1152 3090 inimicos
1177 3046 1288 3090 tuos
1313 3035 1584 3089 scubellum
1615 3035 1794 3104 perluat
1820 3044 1928 3086 tuo-

355 3143 487 3179 rum.
533 3126 643 3182 Hoc
681 3127 810 3182 dicit
847 3127 915 3182 de
955 3127 1143 3182 futuris
1169 3147 1180 3182 :
1204 3127 1396 3182 deinde
1435 3127 1502 3182 de
1543 3126 1924 3195 praesentibus:

368 3216 571 3289 Virgam
590 3222 784 3274 virtutis
805 3229 902 3274 tua:
923 3221 1108 3275 emittet
1129 3219 1376 3274 Dominus
1405 3235 1468 3274 ea;
1488 3218 1647 3282 Sion;
1670 3219 1930 3270 dominare

357 3312 408 3364 in
439 3312 602 3366 medio
627 3312 940 3366 inimicorum
969 3323 1189 3366 tuorum.
1226 3310 1425 3366 Deinde
1456 3309 1623 3364 fulura
1655 3309 1926 3378 prmdicit:

362 3402 544 3456 Tecum
573 3405 887 3474 principatus
911 3405 966 3458 in
1005 3405 1086 3457 die
1120 3404 1316 3457 virtutis
1349 3411 1448 3456 tua:
1486 3403 1538 3455 in
1580 3401 1930 3470 splendoribus

357 3505 641 3548 sanctorum
662 3512 681 3549 :
704 3509 884 3565 postea
915 3510 1096 3550 rursus
1125 3493 1420 3564 praesentia,
1457 3509 1574 3564 qua:
1601 3507 1704 3547 non
1735 3492 1931 3547 habent

359 3587 584 3656 amplius
611 3586 864 3642 ultionem
884 3627 899 3652 ,
933 3587 1026 3641 sed
1054 3586 1457 3642 beneﬁcentiam
1481 3605 1495 3639 :
1521 3584 1598 3638 Tu
1624 3601 1675 3640 es
1699 3584 1930 3638 sacerdos

359 3677 411 3730 in
445 3687 688 3732 retentum
725 3679 1000 3733 secundum
1041 3679 1267 3732 ordinent
1309 3677 1660 3732 Melclrisedec.
1699 3676 1809 3732 Hoc
1848 3685 1931 3733 est

359 3773 501 3825 enim
539 3773 742 3841 peccati
785 3773 1081 3839 absolutio,
1127 3781 1181 3826 et
1223 3787 1342 3828 cum
1394 3772 1502 3826 Deo
1545 3770 1926 3826 reconciliatio.

361 3863 560 3920 Deinde
597 3880 717 3920 cum
754 3865 806 3919 in
846 3865 926 3920 eis
965 3874 1218 3936 quantum
1260 3865 1426 3918 voluit
1461 3863 1681 3928 institit,
1721 3863 1930 3933 attingit

358 3969 543 4009 rursus
562 3956 934 4022 oeconomiam,
955 3956 1019 4010 ad
1043 3954 1092 4010 id
1110 3955 1249 4025 quod
1269 3963 1350 4010 est
1371 3954 1616 4009 humilius
1636 3954 1928 4009 orationem

353 4057 696 4116 convertens,
726 4057 782 4104 et
805 4049 1006 4117 dicens,
1031 4049 1082 4104 6.
1113 4048 1354 4102 Dominus
1373 4064 1404 4100 a
1424 4048 1610 4102 dextris
1625 4049 1739 4101 tuis.
1770 4047 1929 4116 Atqui

359 4139 604 4208 superius
645 4140 850 4196 dixerat
890 4156 1011 4197 eum
1053 4141 1240 4196 sedere
1267 4157 1294 4194 a
1323 4141 1522 4196 dextris
1548 4141 1737 4196 Patris.
1772 4139 1929 4195 Vides

357 4231 624 4300 quomodo
664 4248 767 4287 non
814 4240 1014 4288 temere
1049 4224 1766 4288 dictionibus'inhaarendum
1808 4233 1930 4286 est?

358 4322 492 4388 Quid
521 4333 620 4387 est,
639 4323 888 4379 Dominus
903 4343 934 4398 ᾳ
950 4326 1136 4380 dextris
1160 4327 1258 4379 tuis
1270 4326 1294 4378 ξ)
1306 4325 1561 4393 Quoniam
1589 4325 1929 4380 humanitatis

358 4423 617 4484 susceptae
655 4417 1005 4470 (economiam
1054 4418 1257 4487 attigit,
1302 4417 1368 4471 ad
1416 4432 1627 4471 carnem
1671 4417 1928 4472 convertit

358 4507 672 4573 orationem,
702 4523 820 4578 qua:
840 4509 1091 4563 auxilium
1121 4510 1358 4579 suscipit.
1388 4508 1607 4564 Videtur
1629 4511 1767 4564 enim
1786 4509 1925 4578 angi,

359 4596 622 4663 afllic’tari,
655 4607 708 4653 et
730 4599 942 4665 sudare,
966 4610 1018 4656 et
1043 4601 1114 4655 ita
1143 4600 1354 4666 sudare,
1386 4611 1442 4655 nt
1478 4610 1637 4671 gutta:
1661 4601 1930 4669 sanguinis

358 4690 611 4758 defluant,
638 4700 694 4746 et
716 4708 899 4748 rursus
925 4694 1227 4749 conﬁrmari
1260 4692 1405 4767 (Luc.
1435 4694 1524 4750 29..
1546 4695 1660 4761 44).
1679 4695 1823 4749 Talis
1848 4704 1929 4750 est

359 4785 500 4836 enim
526 4785 698 4838 carnis
727 4794 934 4838 natura.
976 4785 1266 4857 Confringet
1292 4787 1346 4839 in
1384 4785 1466 4839 die
1505 4786 1596 4839 ira:
1629 4802 1733 4840 sua:
1766 4803 1926 4856 reges.

357 4874 472 4928 Non
501 4875 826 4930 aberraverit
852 4877 940 4946 qui
973 4876 1075 4931 hoc
1103 4877 1296 4932 dixerit
1321 4877 1424 4932 dici
1446 4877 1514 4932 de
1540 4877 1891 4946 pratsentibus
1909 4919 1926 4944 ,

357 4968 446 5036 qui
478 4967 755 5037 insurgunt
785 4968 1039 5024 adversus
1078 4969 1372 5024 Ecclesiam
1395 5011 1410 5036 ,
1447 4978 1499 5024 et
1529 4969 1594 5022 de
1621 4970 1685 5023 iis
1713 4969 1800 5039 qui
1832 4983 1928 5038 pro

360 5061 594 5127 peccatis
618 5069 673 5113 et
696 5060 966 5128 impietate
988 5075 1080 5115 sua
1109 5075 1291 5129 poenas
1317 5069 1442 5114 sunt
1466 5060 1660 5114 daturi.
1688 5059 1742 5114 6.
1768 5060 1927 5113 ludi-

358 5150 486 5201 cabit
521 5149 574 5202 in
604 5151 832 5220 gentibus
855 5152 1110 5220 :implebit
1135 5153 1328 5206 ruinas.
1357 5152 1490 5218 Quid
1519 5163 1631 5218 est,
1671 5151 1928 5207 Judicabit

357 5240 409 5291 in
431 5241 656 5308 gentibus
670 5241 696 5295 .’
713 5239 1001 5310 Judicabit,
1028 5244 1214 5314 inquit,
1239 5243 1609 5300 condemnabit
1635 5244 1924 5299 dzemonas.

361 5332 426 5385 Et
449 5333 588 5402 quod
614 5333 958 5402 judicaverit,
999 5337 1118 5391 audi
1145 5335 1410 5391 Christum
1446 5337 1708 5392 dicentem
1734 5355 1746 5390 :
1774 5337 1927 5392 Nunc

357 5435 428 5478 est
445 5426 699 5497 judicium
723 5429 900 5482 mundi
928 5429 1116 5497 huius;
1155 5444 1286 5482 nunc
1315 5429 1544 5498 princeps
1573 5430 1748 5482 mundi
1777 5429 1928 5498 hujus

359 5518 584 5585 ejicietur
603 5521 741 5589 foras
767 5518 948 5591 (Joan.
983 5519 1068 5572 12.
1100 5519 1209 5588 51).
1243 5519 1306 5573 Et
1326 5518 1452 5572 alibi
1477 5536 1490 5572 :
1514 5517 1581 5571 Et
1601 5534 1690 5588 ego
1714 5519 1760 5572 si
1783 5520 1926 5573 exal-

360 5618 494 5662 tatus
520 5609 691 5679 fuero,
722 5626 892 5664 omnes
929 5611 1126 5664 trahant
1163 5612 1232 5664 ad
1269 5611 1515 5678 meipsum
1546 5608 1699 5681 (Ibid.
1734 5625 1779 5662 υ.
1811 5608 1924 5682 52).

358 5702 508 5768 Quod
535 5705 578 5759 si
609 5719 736 5760 usus
762 5714 844 5759 est
861 5703 1090 5759 dictione
1113 5719 1229 5773 qua:
1256 5702 1410 5773 paulo
1436 5702 1599 5771 magis
1618 5701 1684 5756 ad
1710 5717 1925 5758 sensum

359 5796 606 5866 pertinet,
636 5812 741 5854 non
765 5795 1068 5855 oll'endaris.
1099 5795 1208 5852 Hoc
1231 5804 1313 5852 est
1335 5795 1476 5852 enim
1500 5792 1754 5850 familiare
1777 5793 1916 5850 δεη-

1438 341 1796 400 EXPOSITIO
1833 340 1899 396 ΙΝ
1930 339 2251 396 PSALMUM
2288 338 2422 396 CIX.

3493 339 3597 394 278

2029 465 2216 526 pturae.
2245 453 2603 525 Canquassabit
2649 454 2816 525 capita
2850 453 2902 507 in
2940 463 3073 507 terra
3099 453 3390 509 multorum.
3415 453 3470 510 Si
3500 456 3602 510 hoc

2026 547 2240 617 quidem
2280 548 2412 601 velis
2454 546 2696 616 accipere
2734 547 3055 616 anagogice,
3104 546 3296 601 dixerit
3340 547 3600 617 quispiam

2025 654 2144 693 eum
2174 653 2293 694 esse
2333 638 2659 707 dejecturum
2689 638 2879 694 fastum
2909 646 2964 691 et
2989 640 3375 708 arrogantiam;
3403 641 3447 695 si
3474 655 3604 694 vero

2025 730 2264 785 sensibili
2291 729 2448 784 modo
2472 730 2719 798 accipias,
2741 729 3043 784 Judaaorum
3069 731 3446 798 calamitatem,
3469 747 3606 802 quos

2025 837 2144 877 cum
2175 821 2506 876 vehementia
2535 821 2762 875 maxima
2787 821 3020 876 funditus
3038 823 3245 877 evertit.

2097 915 2434 983 Philosophia
2453 914 2639 970 Christi
2665 924 2713 969 et
2739 915 2965 968 doctrina
2985 933 3002 980 ;
3024 915 3262 969 adversus
3280 916 3487 981 luxum;
3506 933 3606 972 ser-

2025 1023 2142 1062 uum
2183 1017 2271 1061 aut
2297 1007 2505 1061 liberum
2536 1008 2657 1075 quid
2685 1008 2994 1077 potissimum
3023 1008 3212 1076 faciat;
3237 1025 3473 1063 curarum
3511 1025 3604 1062 va-

2028 1101 2187 1152 cuitas
2224 1107 2468 1166 quantum
2504 1098 2704 1152 bonum.
2730 1129 2801 1138 —
2823 1098 2874 1150 7.
2903 1097 2980 1151 De
3006 1107 3221 1151 torrente
3260 1099 3313 1152 in
3342 1100 3422 1153 via
3451 1100 3600 1154 bibet.

2027 1189 2124 1243 llic
2149 1188 2380 1243 ostendit
2403 1188 2655 1244 humilem
2686 1204 2748 1243 ac
2774 1188 2932 1242 vilem
2953 1189 3068 1257 ejus
3089 1189 3298 1243 vivendi
3319 1190 3601 1257 rationem,

2027 1282 2166 1353 quod
2210 1283 2409 1337 nullum
2454 1283 2644 1336 fastum
2694 1298 2803 1352 prae
2844 1298 2903 1337 se
2944 1283 3144 1348 ferens,
3183 1283 3339 1336 nullis
3381 1284 3607 1354 stipatus

2027 1377 2378 1443 satellitibus,
2425 1393 2525 1432 nec
2563 1377 2802 1432 sensibili
2846 1377 3023 1446 aliquo
3051 1386 3306 1446 apparatu
3337 1377 3601 1443 munitus,

1993 1524 1996 1525 ν
2029 1467 2144 1522 hmc
2168 1466 2391 1532 fecerit;
2422 1467 2515 1522 sed
2561 1477 2770 1522 tenuem
2801 1469 2994 1521 victum
3023 1467 3254 1536 ducens,
3286 1476 3339 1520 et
3364 1466 3500 1522 adeo
3526 1476 3607 1522 te-

2028 1574 2224 1626 nuem,
2267 1568 2325 1614 ut
2366 1575 2432 1615 ex
2475 1568 2710 1615 torrente
2756 1559 2978 1614 biberet.
3016 1559 3197 1627 Qualis
3235 1559 3377 1614 enim
3417 1569 3532 1614 erat
3553 1560 3605 1614 ei

2027 1666 2208 1706 mensa
2229 1691 2245 1716 ,
2281 1651 2400 1706 talis
2433 1666 2644 1721 quoque
2675 1659 2850 1720 potus.
2881 1650 3060 1704 Mensa
3089 1665 3254 1719 panes
3283 1650 3602 1717 hordeacei,

2030 1753 2187 1814 potus
2213 1758 2348 1814 aqua
2380 1743 2448 1798 de
2478 1753 2735 1799 torrente.
2763 1743 2914 1796 Venit
2938 1743 3078 1796 enim
3109 1742 3247 1797 hanc
3273 1742 3603 1813 philosophi-

2027 1853 2146 1892 cam
2171 1836 2383 1892 vivendi
2411 1837 2668 1892 rationem
2696 1835 2947 1890 docturus
2969 1876 2984 1900 ,
3017 1851 3209 1906 nempe
3238 1837 3409 1892 ventri
3438 1837 3606 1906 impe-

2029 1944 2149 1984 rare
2173 1971 2188 1996 ,
2241 1943 2486 1999 pompam
2517 1929 2756 1993 calcare,
2790 1938 2842 1982 et
2883 1927 3074 1982 fastum
3117 1930 3370 1984 aversari.
3405 1929 3607 1985 Deinde

2029 2022 2316 2077 ostendens
2344 2021 2484 2092 quod
2523 2022 2592 2076 sit
2621 2021 2778 2091 hujus
2807 2023 2932 2076 vita:
2974 2025 3391 2077 emolumentum
3415 2064 3431 2089 ,
3476 2024 3607 2079 sub-

2025 2114 2238 2182 junxit:
2267 2111 2542 2181 PrOpterea
2583 2113 2822 2167 exaltabit
2865 2122 3039 2183 caput.
3090 2112 3416 2169 Humilitatis
3461 2116 3606 2170 enim

2031 2205 2259 2274 vitaeque
2282 2213 2507 2259 austera:
2534 2203 2620 2258 hic
2641 2213 2722 2259 est
2751 2203 2972 2258 fructus.

2102 2295 2155 2350 9.
2186 2295 2312 2351 Htec
2337 2305 2514 2350 autem
2547 2311 2649 2349 non
2680 2295 2818 2349 dicta
2847 2305 2969 2350 sunt
2996 2295 3063 2350 de
3093 2295 3386 2361 divinitate,
3418 2297 3511 2352 sed
3539 2297 3608 2353 de

2032 2403 2191 2443 carne
2217 2403 2334 2457 qua:
2361 2387 2493 2442 bibit
2519 2403 2588 2442 ex
2619 2396 2885 2450 torrente,
2929 2402 3047 2456 qua:
3088 2387 3187 2441 fuit
3217 2388 3463 2443 exaltata.
3492 2389 3608 2444 Non

2031 2480 2192 2536 modo
2219 2481 2359 2535 enim
2400 2479 2531 2533 nihil
2559 2479 2608 2533 ei
2638 2479 2938 2534 detrimenti
2976 2479 3151 2534 attulit
3191 2479 3306 2534 haec
3345 2481 3606 2547 tenuitas,

2031 2575 2125 2630 sed
2165 2575 2322 2630 etiam
2369 2573 2435 2628 ad
2477 2571 2793 2627 ineffabilem
2825 2573 3000 2627 evexit
3036 2573 3393 2628 altitudinem.
3443 2575 3509 2629 Et
3553 2584 3608 2631 tu

2033 2681 2180 2736 ergo,
2208 2680 2240 2718 o
2266 2665 2475 2727 dilecte,
2500 2662 2588 2734 qui
2612 2663 2728 2718 hazc
2747 2665 2988 2734 exempla
3010 2663 3172 2719 habes
3202 2665 3294 2719 tibi
3319 2667 3608 2735 proposita,

2031 2759 2192 2812 vitam
2238 2755 2374 2810 fastu
2424 2765 2477 2810 et
2521 2770 2713 2824 pompa
2754 2756 3007 2824 repletam
3048 2765 3350 2816 contemne.
3395 2767 3608 2814 tenuem

2033 2857 2209 2902 autem
2239 2863 2302 2902 ac
2327 2847 2542 2902 minime
2572 2847 2884 2916 exquisitam
2913 2863 3261 2916 persequere,
3305 2851 3347 2903 si
3388 2850 3466 2904 vis
3491 2866 3609 2908 esse

2032 2941 2208 2995 clarus
2233 2949 2287 2994 et
2315 2954 2554 3010 magnus.
2588 2939 2839 2993 Dominus
2868 2940 3010 2993 enim
3039 2951 3160 2993 tuus
3204 2940 3322 2996 ideo
3349 2944 3519 3006 venit,
3553 2955 3610 2998 ut

2036 3031 2172 3086 hanc
2215 3041 2266 3086 te
2307 3031 2443 3084 viam
2488 3030 2722 3085 doceret.
2773 3030 3027 3099 Quocirca
3066 3032 3320 3101 propheta
3363 3049 3608 3104 quoque,

2033 3141 2154 3179 cum
2195 3123 2441 3194 praeclara
2481 3123 2596 3193 ejus
2645 3123 2779 3178 facta
2819 3133 3104 3187 narrasset,
3147 3125 3246 3179 hoc
3291 3126 3460 3194 ipsum
3486 3127 3610 3180 sub-

2029 3215 2238 3286 junxit,
2285 3230 2450 3285 prope
2477 3215 2660 3270 dicens
2684 3211 2845 3270 :Cum
2885 3215 3154 3270 victoriam
3195 3225 3248 3270 et
3291 3225 3486 3286 tropaea
3516 3233 3610 3272 au-

2033 3312 2218 3376 dieris,
2252 3326 2320 3365 ne
2347 3324 2504 3380 spera
2544 3317 2598 3364 te
2628 3309 2859 3363 visurum
2905 3323 3072 3371 arma,
3123 3309 3336 3371 milites,
3384 3325 3607 3374 currus,

2034 3419 2220 3474 equos,
2245 3403 2448 3473 equites
2465 3443 2480 3467 ,
2505 3401 2759 3456 tumultus
2787 3411 2876 3455 aut
2899 3401 3077 3455 turbas
3102 3419 3115 3454 :
3137 3411 3212 3456 est
3240 3402 3372 3456 adeo
3393 3401 3610 3460 humilis

2035 3496 2124 3560 qui
2155 3497 2270 3550 hzec
2309 3494 2452 3559 facit,
2485 3495 2618 3547 adeo
2645 3493 2779 3563 frugi
2805 3502 2858 3547 et
2886 3493 3172 3558 abstinens,
3201 3504 3256 3547 ut
3282 3510 3347 3548 ex
3377 3504 3610 3551 torrente

2034 3602 2222 3656 aquam
2250 3585 2392 3640 bibat
2414 3601 2427 3638 :
2449 3595 2502 3639 et
2529 3593 2704 3638 tamen
2732 3583 2821 3652 qui
2852 3592 2936 3638 est
2959 3585 3215 3651 ejusmodi
3239 3627 3252 3647 ,
3287 3585 3401 3640 haec
3430 3588 3608 3643 omnia

2037 3677 2290 3747 perﬁciet.
2310 3676 2541 3730 Audiant
2561 3690 2687 3746 ergo
2707 3675 2793 3745 qui
2817 3691 3025 3730 mensas
3050 3676 3244 3731 habent
3263 3677 3605 3749 Sybariticas,

2035 3769 2324 3840 epulasque
2345 3776 2398 3822 et
2417 3767 2878 3822 condinicntorum
2905 3783 3063 3822 omne
3090 3784 3256 3837 genus
3284 3772 3604 3841 excogitant,

2034 3872 2089 3918 et
2128 3863 2273 3916 varia
2306 3875 2592 3931 coquorum
2638 3875 2833 3930 genera
2873 3860 3104 3929 undique
3147 3861 3430 3930 colligunt.
3473 3879 3607 3918 nau-

2037 3965 2239 4023 tasque,
2264 3953 2665 4024 gubernatores,
2690 3961 2744 4006 et
2769 3952 2994 4022 remiges
3020 3951 3274 4021 deligunt,
3306 3963 3363 4006 ut
3388 3964 3607 4012 externa

2034 4045 2272 4115 qua‘dam
2301 4045 2407 4098 vini
2437 4055 2488 4099 et
2515 4051 2898 4112 unguentorum
2940 4059 3161 4112 genera,
3202 4044 3438 4115 aliasque
3466 4046 3608 4114 ejus-

2035 4135 2176 4190 modi
2210 4135 2427 4190 delicias
2453 4136 2736 4202 importcnt
2760 4174 2774 4200 ,
2806 4147 2868 4186 ac
2908 4134 3110 4203 seipsos
3155 4135 3205 4187 in
3252 4135 3422 4201 ipsum
3451 4137 3606 4194 bara-

2037 4227 2210 4280 thrutn
2248 4225 2603 4295 prmcipitent,
2635 4234 2688 4278 et
2729 4223 2956 4278 evadant
2980 4225 3213 4278 omnium
3243 4225 3606 4293 ahjectissimi.

2035 4317 2216 4387 Neque
2266 4317 2404 4370 enim
2451 4316 2717 4371 excelsum
2763 4315 2887 4383 quid
2949 4317 3220 4370 c0usuevit
3271 4316 3473 4384 facere,
3517 4321 3607 4389 qui

2035 4411 2274 4480 pluribus
2306 4409 2505 4478 indiget
2542 4427 2554 4460 :
2587 4422 2683 4461 nec
2727 4407 2924 4461 humile
2963 4407 3245 4476 quidquam
3271 4451 3286 4475 ,
3318 4409 3401 4462 cui
3441 4424 3607 4480 pauca

2035 4502 2244 4556 desunt.
2275 4499 2330 4555 Si
2361 4501 2516 4553 vultis
2539 4509 2739 4564 autem,
2780 4497 3091 4568 eflingamus
3119 4500 3388 4570 utriusque
3420 4499 3607 4572 imagi-

2037 4610 2180 4661 nem,
2222 4602 2275 4647 et
2318 4593 2388 4646 sit
2429 4591 2688 4662 quispiam
2730 4591 2817 4660 qui
2861 4590 3054 4645 habeat
3089 4591 3283 4646 multos
3305 4592 3351 4646 ei
3380 4593 3608 4664 undique

2035 4686 2434 4756 suppeditantes
2480 4693 2695 4749 nautas,
2743 4692 2798 4738 et
2838 4685 3252 4754 gubernatores,
3289 4686 3520 4742 artiﬁces
3551 4699 3608 4742 et

2035 4777 2327 4842 ministros,
2348 4785 2581 4832 textores
2605 4787 2657 4831 et
2684 4776 3021 4848 phrygiones,
3046 4776 3319 4845 bubulcos,
3342 4790 3604 4848 pastores,

2035 4880 2090 4926 et
2115 4871 2418 4941 equisones,
2447 4883 2809 4938 equorumque
2830 4879 3086 4932 armenta,
3112 4879 3268 4938 atque
3288 4869 3342 4924 in
3363 4872 3608 4927 omnibus

2035 4969 2085 5023 ei
2137 4966 2418 5022 famulatus
2463 4973 2748 5035 suppetant
2781 4983 2792 5017 :
2825 4964 2959 5019 alter
3010 4974 3186 5020 autem
3240 4964 3369 5020 nihil
3419 4981 3606 5022 eorum

2035 5061 2246 5126 habeat,
2267 5068 2614 5130 pra-terquam
2637 5059 2805 5112 solum
2829 5073 3018 5128 panem
3035 5067 3088 5112 et
3107 5073 3318 5128 aquam,
3337 5067 3386 5113 et
3403 5069 3606 5115 vestem

2034 5153 2243 5207 unicam
2273 5151 2428 5220 :quis
2449 5159 2530 5205 est
2559 5151 2613 5205 in
2643 5149 2725 5204 his
2753 5150 2996 5205 excelsus
3009 5148 3032 5200 ?
3062 5150 3180 5219 quis
3206 5165 3334 5205 vero
3358 5149 3608 5206 humilis?

2035 5247 2226 5299 Annon
2270 5242 2470 5298 clarum
2514 5251 2596 5297 est
2619 5284 2633 5308 ,
2681 5256 2803 5296 eum
2829 5256 2949 5296 esse
2975 5242 3062 5312 qui
3093 5243 3300 5296 unicam
3332 5241 3491 5297 habet
3516 5259 3606 5297 ve-

2034 5335 2208 5391 stem?
2239 5334 2287 5389 ls
2311 5336 2452 5389 enim
2471 5333 2551 5389 vel
2581 5332 2752 5402 ipsum
2772 5347 2948 5403 regem
2978 5334 3172 5402 poterit
3191 5332 3464 5403 despicere
3484 5351 3498 5387 :
3519 5333 3605 5389 ille

2033 5439 2208 5484 autem
2246 5443 2430 5483 servus
2458 5437 2540 5482 est
2567 5427 2800 5482 omnium
2841 5426 2931 5497 qui
2977 5425 3090 5481 hmc
3117 5426 3374 5496 praebent,
3419 5440 3478 5482 se
3506 5425 3601 5480 deo

2035 5523 2270 5586 mittens,
2315 5519 2591 5575 blandiens
2612 5560 2627 5585 ,
2673 5533 2858 5572 omnes
2887 5517 3178 5572 observans
3196 5558 3211 5580 ,
3241 5517 3433 5571 timens
3462 5531 3528 5572 ne
3554 5517 3603 5574 si

2033 5611 2153 5682 quis
2191 5624 2312 5665 eum
2353 5609 2661 5678 reliquerit,
2711 5607 2763 5662 in
2805 5606 2964 5662 rebus
3013 5606 3243 5661 maxime
3289 5606 3599 5662 necessariis

2033 5703 2404 5759 detrimentum
2425 5701 2665 5770 accipiat.
2683 5698 2822 5754 Nihil
2843 5699 2982 5770 enim
3005 5711 3155 5767 teque
3174 5696 3346 5752 reddit
3365 5712 3597 5760 servum,

2034 5793 2171 5850 sicut
2211 5791 2389 5850 multis
2432 5791 2786 5864 egere:sicut
2813 5790 2970 5846 etiam
3014 5788 3590 5860 liberum,neeessaria
