4108 6344
554 353 648 409 279

543 480 747 525 tantum
775 465 1068 536 requirere.
1101 463 1213 519 lloe
1240 463 1410 532 ipsum
1438 460 1603 515 videri
1630 465 1805 529 potest
1838 455 1888 509 in
1928 452 2115 507 brutis.

549 562 684 630 Quid
726 561 868 615 enim
916 557 1128 628 prodest
1169 557 1321 610 asino
1364 555 1586 610 sarcinis
1632 561 1844 615 onusto,
1897 546 1994 601 etsi
2044 544 2121 599 eis

547 658 748 710 fruatur
777 651 1002 708 millies?
1028 648 1150 720 quid
1193 657 1366 703 autem
1408 653 1562 700 nocet
1604 643 1690 698 alii
1728 642 1896 696 libero
1934 638 2000 692 ab
2041 635 2123 690 his

546 746 812 810 omnibus,
835 743 877 796 si
902 741 1257 798 necessarium
1279 739 1584 793 alimentum
1614 731 1894 804 suppetat?
1917 730 1985 784 Et
2006 729 2124 782 idco

546 836 792 892 Christus
820 836 956 889 altos
983 833 1200 902 spiritus
1241 831 1350 886 suis
1394 828 1582 882 indens
1607 824 1880 894 discipulis
1899 864 1914 888 ,
1944 830 2126 889 utp0te

550 929 640 998 qui
679 935 835 982 erant
877 939 995 977 cum
1049 923 1297 976 universo
1341 919 1473 975 orbe
1519 928 1779 972 terrarutn
1819 909 2122 983 loquuturi,

550 1021 798 1075 omnibus
823 1034 916 1074 eos
941 1017 1083 1072 curis
1104 1016 1361 1078 liberavit,
1387 1014 1553 1067 alatos
1573 1010 1833 1075 efficiens,
1861 1017 1914 1061 et
1938 1005 2128 1076 quovis

555 1113 832 1168 adamante
859 1111 1242 1165 constantiores
1286 1107 1531 1162 reddens.
1578 1104 1780 1158 Anima:
1811 1099 1951 1154 cnim
1993 1096 2126 1152 nihil

555 1213 726 1259 tantas
751 1203 897 1256 addit
925 1202 1065 1256 vires
1085 1244 1098 1266 ,
1131 1211 1188 1254 ut
1213 1199 1279 1253 ab
1309 1199 1386 1254 eis
1412 1211 1531 1252 esse
1557 1195 1775 1249 liberam
1807 1209 1821 1246 :
1851 1188 1980 1244 nihil
2008 1203 2126 1242 eam

554 1298 688 1352 adeo
713 1304 962 1360 enervat,
997 1305 1052 1348 ut
1079 1295 1158 1349 eis
1187 1292 1526 1347 constrictam
1557 1288 1743 1344 teneri.
1775 1282 2128 1353 Quemadmo-

555 1389 680 1442 dum
707 1388 846 1442 enim
890 1401 994 1441 non
1025 1395 1197 1456 potest
1223 1385 1377 1439 dolor
1412 1383 1498 1436 hic
1521 1382 1626 1438 cito
1649 1379 1868 1434 inveniri
1896 1395 1910 1432 :
1935 1377 2003 1430 ita
2030 1389 2131 1430 nec

557 1481 666 1535 illic
685 1480 949 1549 voluptas.
981 1478 1073 1534 Ille
1097 1477 1236 1532 enim
1264 1476 1422 1531 habet
1448 1474 1640 1530 multos
1658 1487 1828 1528 saevos
1851 1472 2135 1525 immanes-

557 1588 660 1642 que
703 1571 948 1626 dominos
990 1580 1045 1625 et
1086 1569 1368 1624 dominas:
1400 1567 1484 1622 hic
1527 1574 1702 1620 autem
1746 1563 1873 1617 nulli
1917 1559 2130 1631 quidem

559 1665 752 1730 servit,
791 1664 1037 1718 omnibus
1081 1671 1254 1716 autem
1287 1661 1544 1730 imperat,
1583 1657 1747 1711 radiis
1783 1655 1912 1711 solis
1949 1667 2134 1707 secure

564 1759 777 1824 fruens,
821 1758 960 1812 aeris
994 1772 1119 1810 aura
1141 1754 1373 1825 jucunde
1399 1753 1576 1808 fruens
1597 1793 1610 1815 ,
1642 1761 1696 1806 et
1718 1749 1806 1819 qui
1837 1745 1937 1802 sibi
1965 1744 2134 1798 mole-

560 1852 715 1905 stiam
737 1849 1004 1916 exhibeat,
1031 1865 1134 1903 non
1167 1847 1386 1902 habens.
1418 1845 1531 1899 Non
1562 1858 1683 1898 eum
1711 1850 1868 1894 vexat
1892 1847 1946 1892 ct
1973 1836 2137 1906 agitat

523 1937 525 1940 ⁴
562 1943 658 2007 ira,
681 1958 785 1996 non
808 1941 1022 2007 invidia,
1045 1955 1150 1993 non
1169 1939 1322 2005 livor,
1355 1952 1460 1991 non
1486 1951 1606 1991 eum
1629 1949 1769 1988 cura:
1797 1929 2132 1993 tabefaciunt,

563 2050 669 2088 non
697 2033 1085 2096 aemulationes,
1111 2046 1214 2086 non
1238 2044 1370 2084 vana
1390 2027 1580 2099 gloria,
1604 2041 1709 2081 non
1736 2023 2003 2094 superbia,
2029 2037 2134 2076 non

563 2124 758 2194 aliquid
789 2124 934 2178 aliud
962 2121 1251 2194 ejusmodi;
1288 2120 1381 2176 sed
1411 2120 1548 2174 sicut
1573 2129 1753 2187 portus
1779 2113 1968 2185 aliquis
1993 2122 2137 2167 trau-

563 2216 783 2284 quillus,
814 2225 870 2270 et
898 2215 1030 2270 liber
1055 2230 1084 2268 a
1117 2213 1392 2274 fluctibus,
1425 2212 1491 2266 ita
1520 2221 1602 2265 est
1628 2209 1846 2264 allectus
1875 2207 1988 2276 ejus
2018 2205 2137 2259 ani-

565 2320 705 2373 mus,
728 2314 784 2361 et
804 2307 902 2360 iter
927 2306 976 2360 in
1005 2305 1193 2360 etclam
1217 2303 1372 2359 facile
1399 2301 1709 2372 ingreditur,
1737 2309 1792 2354 ut
1813 2313 1972 2368 quem
1999 2295 2140 2350 nulla

564 2409 652 2452 res
677 2408 914 2465 praesens
952 2403 1278 2450 remoretur.
1304 2393 1375 2450 Ut
1405 2407 1534 2462 ergo
1554 2405 1658 2446 nos
1689 2403 1899 2461 quoque
1929 2388 2028 2441 hac
2052 2400 2141 2440 se-

568 2490 793 2546 curitate
819 2489 1073 2553 fruamur,
1103 2497 1158 2543 et
1183 2487 1237 2542 in
1265 2487 1512 2557 praesenti
1544 2485 1646 2539 vita
1678 2478 2146 2550 tranquillitatem,

568 2593 622 2638 et
665 2585 718 2638 in
759 2582 1186 2653 peregrinatione
1217 2580 1520 2636 facilitatem
1551 2591 1970 2647 consequamur,
2002 2574 2141 2629 hanc

570 2676 728 2729 vitam
757 2688 1152 2744 persequamur,
1181 2682 1240 2726 ut
1263 2671 1401 2726 bona
1424 2685 1634 2740 quoque
1659 2677 1854 2723 aeterna
1879 2667 2141 2736 adipisca-

573 2781 711 2829 mur,
733 2780 850 2836 quae
875 2780 1084 2820 omnem
1107 2764 1386 2830 rationem,
1416 2771 1669 2826 mentem,
1694 2769 1749 2817 et
1771 2759 2143 2830 cogitationem

542 2869 543 2872 ‘
575 2869 857 2931 superant,
901 2859 954 2913 in
993 2858 1203 2914 Christo
1231 2857 1358 2914 Jcsu
1383 2856 1608 2912 Domino
1633 2864 1838 2920 nostro,
1865 2851 1950 2907 cui
1980 2851 2146 2923 gloria

572 2965 626 3009 et
651 2953 930 3024 imperium
958 2951 1010 3006 in
1039 2951 1229 3006 saecula
1257 2950 1595 3006 steculorum.
1620 2949 1810 3002 Amen.

1071 3042 1137 3097 ΙΝ
1176 3041 1496 3098 PSALMUM
1535 3039 1647 3095 CX.

723 3139 776 3192 ‘l.
817 3134 1232 3204 Conﬁteborstibi,
1257 3132 1488 3196 Domine,
1511 3133 1564 3186 in
1593 3140 1695 3186 toto
1719 3131 1866 3185 corde
1892 3145 2023 3184 meo.

645 3229 697 3284 Ι.
739 3226 1029 3282 Gratiarum
1069 3226 1310 3280 acrionem
1335 3242 1368 3278 a
1395 3225 1535 3278 nobis
1564 3222 1700 3276 Deus
1735 3221 1953 3276 maxime
1978 3221 2148 3291 requi-

576 3320 662 3373 rit.
689 3349 759 3359 —
793 3317 932 3386 Quid
959 3325 1059 3382 est,
1089 3315 1153 3372 In
1176 3326 1278 3371 toto
1300 3317 1326 3370 .9
1349 3315 1481 3371 Cum
1512 3314 1656 3370 omni
1683 3313 1844 3368 animi
1881 3312 2153 3368 alacritate

577 3421 632 3468 et
658 3411 970 3481 diligenter,
992 3410 1124 3464 liber
1149 3409 1216 3464 ab
1249 3408 1495 3464 omnibus
1523 3408 1665 3462 curis
1702 3404 2032 3461 saecularium
2062 3419 2152 3460 re-

578 3521 694 3561 rum
713 3546 727 3571 ,
772 3503 1014 3560 sublimis
1040 3511 1094 3558 et
1119 3513 1325 3559 erectus
1344 3543 1358 3568 ,
1391 3501 1565 3558 anima
1591 3515 1622 3556 a
1651 3499 1876 3556 vinculis
1913 3499 2155 3568 corporis

581 3597 822 3652 liberata.
851 3595 918 3650 In
948 3595 1116 3650 corde.
1145 3594 1261 3651 Non
1291 3595 1344 3650 in
1368 3594 1544 3650 verbis
1573 3600 1775 3647 tantum
1800 3633 1815 3658 ,
1845 3605 1945 3646 nec
1967 3591 2018 3644 in
2048 3589 2154 3644 lin-

580 3703 681 3758 gua
702 3696 757 3745 et
777 3701 872 3743 ore
894 3685 1252 3752 solummodo,
1280 3684 1374 3740 sed
1393 3698 1512 3738 cum
1535 3691 1712 3737 mente
1735 3688 1791 3736 et
1809 3679 2149 3750 cogitatione.

582 3779 658 3834 Ita
687 3779 844 3834 etiam
874 3777 1046 3833 Moses
1067 3776 1237 3847 legem
1267 3775 1444 3830 ferens
1469 3772 1678 3830 dicebat
1708 3789 1722 3828 :
1751 3771 1944 3843 Diliges
1969 3770 2155 3826 Domi-

581 3888 702 3926 num
732 3869 889 3925 Deum
918 3879 1057 3923 tuum
1079 3885 1142 3922 ex
1161 3876 1262 3922 toto
1290 3867 1440 3922 corde
1463 3877 1576 3932 tuo,
1599 3875 1644 3922 et
1667 3882 1730 3921 ea:
1757 3873 1860 3920 tota
1881 3873 2043 3919 mente
2069 3871 2158 3918 tua

585 3960 762 4032 (Deut.
793 3961 844 4017 6.
876 3959 954 4033 5).
986 3959 1382 4016 Confessionem
1428 3968 1604 4014 autem
1652 3957 1741 4013 hic
1779 3956 1909 4011 mihi
1949 3955 2158 4011 videtur

585 4052 762 4108 dicere
801 4053 1086 4122 gratiarum
1130 4051 1414 4105 actionem.
1463 4047 1746 4111 Laudabo,
1773 4046 1980 4117 inquit,
2007 4061 2158 4116 agam

586 4144 801 4215 gratias.
823 4143 1009 4198 Totam
1037 4142 1176 4198 enim
1206 4142 1363 4195 vitam
1392 4147 1443 4194 in
1471 4140 1572 4194 hoc
1599 4137 1948 4208 consumpsit,
1966 4138 2034 4192 ab
2061 4137 2162 4192 hoc

587 4234 878 4300 exorditur,
908 4241 962 4288 et
984 4235 1036 4288 in
1076 4234 1178 4287 hoc
1201 4232 1395 4287 desinit
1426 4249 1438 4284 :
1473 4229 1574 4284 hoc
1598 4229 1712 4299 ejus
1746 4243 1879 4298 opus
1908 4237 2162 4299 perpetuo

587 4326 720 4390 fuit,
749 4341 847 4398 pro
875 4327 939 4382 iis
967 4342 1084 4396 qua:
1108 4334 1160 4380 et
1191 4325 1306 4395 ipse
1347 4331 1402 4380 et
1435 4323 1522 4378 alii
1550 4330 1866 4393 acceperant
1892 4321 2162 4377 beneficiis

589 4420 784 4490 gratias
806 4435 983 4490 agere.
1018 4419 1157 4473 Deus
1183 4418 1326 4472 enim
1364 4416 1496 4471 nihil
1524 4430 1676 4486 teque
1721 4424 1880 4486 atque
1923 4414 2024 4469 hoc
2065 4428 2161 4484 po-

591 4512 750 4566 stulat
781 4529 794 4564 :
825 4511 926 4566 hoc
946 4520 1028 4566 est
1052 4509 1390 4576 sacrificium,
1417 4508 1520 4564 hoc
1544 4508 1760 4574 oblatio,
1789 4507 1891 4562 hoc
1915 4517 1992 4563 est
2019 4507 2088 4578 pii
2110 4514 2166 4563 et

590 4607 723 4678 grati
750 4606 910 4660 animi
940 4606 1146 4676 signum
1166 4645 1182 4672 ,
1210 4604 1314 4658 hoc
1355 4604 1544 4658 vulnus
1576 4602 1734 4656 infert
1759 4600 1969 4655 diabolo
1999 4617 2013 4650 :
2042 4600 2166 4656 hinc

591 4699 944 4756 coronabatur
980 4699 1164 4754 beatus
1193 4697 1294 4752 Job
1333 4703 1387 4752 et
1429 4693 1811 4766 praedicabatur
1833 4733 1848 4760 ,
1881 4692 2018 4763 quod
2045 4708 2165 4749 cum

594 4793 669 4850 illi
701 4791 1017 4847 tentationes
1045 4799 1223 4846 essent
1264 4785 1673 4843 innumerabiles
1701 4782 1863 4839 illatae
1887 4826 1902 4853 ,
1937 4795 1992 4841 et
2036 4801 2169 4840 uxor

596 4898 806 4954 quoque
834 4897 957 4938 eum
985 4881 1322 4952 supplantare
1347 4879 1545 4946 vellet,
1572 4889 1681 4935 non
1707 4887 1925 4935 aversus
1952 4877 2042 4942 sit,
2073 4875 2169 4932 sed

595 4975 820 5032 Domino
843 4975 910 5030 de
946 4975 1190 5030 omnibus
1215 4973 1382 5044 egerit
1418 4981 1670 5044 perpetuo
1695 4973 1911 5046 gratias,
1947 4985 2052 5025 non
2077 4985 2170 5025 so-

597 5069 705 5125 lum
751 5065 964 5138 quando
1003 5064 1186 5132 dives,
1228 5063 1321 5119 sed
1359 5063 1516 5118 etiam
1561 5064 1771 5133 quando
1809 5077 2009 5133 pauper
2055 5069 2173 5116 erat

602 5161 744 5235 (Job
771 5163 823 5216 1.
851 5159 917 5214 21
951 5157 1006 5229 ):
1039 5173 1145 5212 non
1194 5156 1364 5212 solum
1409 5155 1619 5225 quando
1664 5169 1824 5209 sanus
1865 5163 1978 5209 erat
2012 5194 2027 5217 ,
2077 5151 2171 5207 sed

599 5255 758 5313 etiam
779 5250 990 5324 quando
1015 5263 1295 5320 percussus
1321 5256 1403 5303 est
1429 5248 1482 5301 in
1512 5260 1671 5300 carne
1694 5262 1710 5311 ;
1733 5260 1838 5299 non
1869 5242 2026 5298 modo
2050 5259 2172 5298 cum

599 5349 646 5402 ei
690 5361 779 5402 res
814 5355 999 5400 omnes
1039 5356 1104 5396 ex
1156 5338 1316 5393 animi
1361 5337 1618 5393 sententia
1667 5335 2030 5401 succederent,
2078 5333 2174 5389 sed

602 5438 762 5493 etiam
786 5451 907 5492 cum
927 5433 1102 5505 gravis
1122 5431 1211 5485 illa
1238 5439 1523 5498 tempestas
1544 5429 1595 5482 in
1625 5427 1924 5480 universam
1951 5425 2066 5494 ejus
2089 5424 2180 5478 do-

603 5545 750 5584 mum
775 5526 1032 5592 incubuit,
1063 5533 1116 5580 et
1144 5524 1196 5577 in
1221 5522 1386 5593 ipsam
1408 5535 1619 5592 quoque
1647 5529 1886 5572 naturam
1915 5516 2173 5586 corporis.

608 5621 718 5676 Hoc
739 5626 822 5675 est
848 5616 988 5673 enim
1017 5615 1151 5688 grati
1179 5615 1230 5669 in
1254 5613 1436 5685 primis
1463 5612 1646 5678 animi,
1678 5611 1732 5664 in
1756 5609 1914 5664 rebus
1940 5607 2180 5663 adversis

606 5720 662 5766 et
687 5709 888 5779 asperis
916 5708 1026 5763 Deo
1047 5720 1263 5776 magnas
1293 5714 1547 5775 perpetuo
1576 5703 1772 5758 habere
1793 5699 2002 5771 gratias.
2025 5699 2174 5766 Quod

608 5803 818 5871 quidem
849 5803 966 5872 ipse
992 5815 1199 5872 quoque
1223 5800 1449 5854 innuens
1470 5839 1484 5865 ,
1511 5795 1802 5854 declaravit
1839 5809 1934 5866 per
1966 5809 2026 5849 ea
2065 5808 2182 5862 quae

1247 347 1303 402 S.
1343 344 1619 402 JOANNIS
1654 331 2122 396 CIIRYSOSTOMI
2153 326 2464 384 ARCIHEP.
2499 326 3028 383 CONSTANTINOP.

3697 322 3798 378 280

2224 454 2640 516 consequuntur.
2682 445 2814 514 Quia
2851 446 2992 500 enim
3042 443 3192 498 multi
3242 441 3482 498 homines
3505 483 3522 510 ,
3550 441 3676 497 dum
3715 458 3802 498 res

2225 541 2435 610 quidem
2478 550 2601 595 sunt
2632 539 2767 593 laeta:
2788 579 2802 603 ,
2830 547 2990 609 agunt
3016 539 3245 608 gratias;
3273 537 3318 592 si
3353 536 3403 591 id
3429 547 3603 592 autem
3649 551 3801 592 secus

2227 631 2470 698 eveniat,
2499 645 2640 700 :cgre
2679 628 2897 685 ferunt:
2935 642 3059 684 sunt
3086 629 3246 684 etiam
3283 629 3373 699 qui
3415 643 3533 699 quae
3558 629 3804 684 eveniunt

2228 721 2623 793 reprehendunt
2660 740 2672 775 :
2703 721 2990 778 ostendens
3034 722 3085 777 id
3128 737 3231 776 non
3265 721 3380 777 fieri
3406 737 3470 777 ex
3499 730 3682 778 natura
3713 737 3804 777 eo-

2229 831 2370 880 rum,
2394 829 2512 885 qnae
2533 813 2799 880 accidunt,
2827 813 2920 869 sed
2940 830 3004 868 ex
3033 814 3322 884 depravato
3358 814 3559 880 animo,
3586 813 3806 883 subjun-

2231 908 2303 962 xit
2340 906 2568 964 dicens:
2599 906 2665 961 In
2709 907 2918 961 consilio
2957 907 3214 979 justorum
3252 915 3299 960 et
3337 905 3718 977 congregatione
3751 905 3806 960 9.

2230 1014 2414 1070 magna
2437 1015 2592 1070 opera
2618 998 2844 1054 Domini.
2869 997 2983 1053 Hoc
3027 997 3164 1051 dixit
3194 996 3482 1052 ostendens
3517 1010 3650 1066 opus
3693 1010 3810 1050 esse

2229 1091 2406 1160 judice
2443 1093 2648 1162 integro
2671 1133 2685 1157 ,
2717 1101 2772 1147 et
2798 1099 2940 1147 coetu
2967 1104 3072 1144 non
3104 1097 3376 1157 corrupto,
3401 1098 3456 1144 et
3483 1088 3684 1144 clarum
3714 1102 3810 1142 crn

2234 1199 2422 1255 magna
2446 1185 2686 1241 esse.Dei
2714 1199 2875 1253 opera
2899 1225 2915 1250 ,
2943 1197 3166 1252 esseque
3204 1195 3394 1250 magno
3419 1179 3677 1235 miraculo
3703 1179 3810 1248 plc-

2234 1292 2323 1332 na.
2350 1278 2487 1334 Sunt
2510 1278 2650 1333 enim
2676 1291 2772 1348 per
2810 1291 2869 1331 se
2897 1290 3084 1347 magna
3109 1317 3122 1341 ,
3150 1289 3251 1330 nec
3271 1273 3518 1330 videntur
3539 1288 3660 1328 esse
3699 1287 3812 1327 ma-

2235 1384 2370 1441 gna,
2399 1368 2499 1424 nisi
2525 1379 2726 1424 rectum
2758 1368 2989 1438 judicem
3019 1366 3265 1422 habeant.
3299 1363 3535 1434 Namque
3570 1364 3653 1419 sol
3679 1379 3812 1432 quo-

2236 1477 2340 1530 que
2363 1476 2459 1532 per
2483 1476 2540 1517 se
2565 1461 2737 1516 clarus
2763 1472 2846 1516 est
2873 1469 2928 1515 et
2967 1459 3188 1526 lucidus,
3217 1469 3271 1514 et
3297 1457 3599 1513 universum
3629 1455 3811 1510 orbem

2240 1562 2393 1608 terra:
2423 1555 2647 1609 illustrat
2683 1573 2694 1608 :
2729 1554 2822 1609 sed
2865 1554 2929 1608 iis
2955 1568 3179 1624 quorum
3225 1551 3362 1606 oculi
3401 1550 3676 1614 laborant,
3711 1563 3813 1602 non

2238 1655 2320 1699 est
2349 1646 2486 1700 talis.
2516 1647 2672 1716 Atqui
2701 1646 2780 1701 sol
2809 1661 2913 1700 non
2939 1654 3022 1701 est
3041 1646 3092 1699 in
3121 1643 3297 1714 culpa,
3323 1642 3415 1698 sed
3436 1651 3518 1698 est
3542 1643 3728 1696 vitium
3754 1643 3815 1695 il-

2241 1736 2410 1791 lorum
2439 1736 2830 1792 imbecillitatis.
2855 1737 3075 1806 Quando
3101 1751 3229 1806 ergo
3249 1735 3445 1790 videris
3464 1735 3692 1804 aliquem
3721 1734 3813 1788 Dei

2240 1841 2401 1896 opera
2427 1837 2784 1895 accusantem,
2807 1843 2874 1883 ne
2903 1836 3117 1897 propter
3143 1827 3282 1881 illius
3311 1826 3696 1896 improbitatem
3725 1826 3816 1881 Dei

2241 1933 2402 1987 opera
2428 1919 2800 1985 calumnieris;
2829 1919 2920 1973 sed
2951 1920 3088 1973 illius
3113 1918 3394 1973 dementiae
3424 1919 3707 1973 maximum
3739 1919 3818 1972 in-

2241 2009 2437 2064 dicium
2487 2011 2670 2080 accipe
2722 2026 2784 2065 ex
2838 2011 2929 2066 Dei
2970 2009 3322 2080 providentia.
3362 2009 3818 2076 Quemadmodum

2242 2103 2384 2156 enim
2406 2102 2493 2172 qui
2519 2102 2688 2157 solem
2718 2101 2847 2157 dicit
2876 2102 3286 2166 tenebricosum,
3321 2109 3521 2156 astrum
3546 2116 3650 2156 non
3682 2103 3822 2156 vitu-

2243 2197 2466 2265 peravit,
2495 2195 2588 2250 sed
2616 2210 2726 2250 suae
2757 2196 2923 2264 ipsius
2947 2196 3200 2251 caecitatis
3226 2206 3428 2250 certum
3452 2204 3820 2266 argumentum

2244 2289 2459 2359 protulit
2487 2310 2500 2344 :
2528 2297 2582 2344 et
2607 2289 2696 2358 qui
2739 2289 2841 2344 mel
2871 2303 3110 2343 amarum
3140 2288 3396 2354 nominat,
3430 2303 3534 2342 non
3565 2287 3702 2342 illius
3728 2290 3823 2342 ob-

2244 2389 2422 2435 scurat
2457 2380 2790 2436 dulcedinem
2818 2423 2832 2447 ,
2861 2381 2955 2436 sed
2983 2381 3050 2435 de
3091 2381 3277 2435 morbo
3301 2395 3407 2450 quo
3450 2380 3654 2435 laborat
3678 2423 3693 2448 ,
3725 2380 3827 2436 fert

2245 2472 2561 2536 sententiam
2592 2491 2604 2526 :
2637 2474 2707 2529 ita
2745 2473 2905 2528 etiam
2931 2475 3018 2544 qui
3051 2474 3141 2528 Dei
3177 2489 3335 2543 opera
3364 2472 3725 2548 reprehendit.
3761 2473 3829 2530 Et

2246 2564 2690 2634 quemadmodum
2721 2565 2804 2623 hic
2830 2581 2928 2624 nec
2968 2565 3091 2636 illis,
3116 2583 3214 2624 nec
3233 2570 3280 2624 ei
3307 2584 3423 2640 quae
3443 2569 3512 2625 de
3537 2569 3638 2624 illis
3658 2569 3827 2624 habe-

2249 2665 2352 2723 tur,
2377 2658 2749 2715 existimationi
2775 2659 3151 2715 detrimentum
3183 2659 3338 2714 infert
3358 2701 3374 2727 ,
3405 2659 3498 2715 sed
3538 2661 3829 2715 amentiam

2248 2761 2396 2800 suam
2428 2749 2656 2803 maxime
2682 2750 2852 2820 arguit
2881 2769 2895 2804 :
2925 2751 2994 2805 ita
3015 2751 3104 2820 qui
3130 2751 3198 2805 de
3225 2750 3316 2806 Dei
3343 2750 3592 2820 operibus
3621 2763 3830 2806 rectum

2249 2853 2354 2892 non
2378 2838 2570 2894 habent
2589 2841 2866 2910 judicium,
2898 2858 2964 2896 ne
2989 2841 3242 2896 miracula
3273 2843 3486 2912 quidem
3511 2844 3684 2898 sciunt
3705 2859 3831 2914 qua:

2249 2928 2386 2984 facta
2431 2932 3061 3002 suntzquemadmodum
3093 2945 3299 3000 contra,
3325 2934 3369 2987 si
3397 2933 3517 3003 quis
3563 2934 3632 2988 sit
3675 2949 3832 3004 aequo

2251 3032 2304 3079 et
2331 3038 2439 3077 non
2467 3023 2753 3095 dcpravato
2782 3025 2989 3091 animo,
3031 3026 3263 3095 stupebit
3288 3025 3705 3096 unumquodque
3733 3041 3831 3081 eo-

2251 3132 2392 3184 rum,
2415 3132 2534 3187 quze
2565 3117 2812 3173 videntur
2837 3133 2957 3174 esse
2985 3118 3238 3174 difiicilia.
3265 3118 3401 3186 Quid
3428 3119 3588 3182 enim,
3624 3133 3831 3189 qnmso,

2253 3223 2436 3264 eorum
2458 3225 2576 3279 qua:
2601 3213 2752 3277 tiunt,
2786 3227 2890 3266 non
2919 3219 3001 3268 est
3025 3212 3334 3268 admirabile
3352 3213 3375 3266 ?
3393 3213 3446 3267 Si
3476 3212 3606 3268 velis
3628 3221 3833 3277 autem,

2255 3299 2373 3354 aliis
2398 3302 2771 3369 praetermissis
2791 3303 3066 3357 veniamus
3095 3303 3161 3357 ad
3189 3318 3271 3367 ea,
3300 3319 3418 3374 qum
3442 3303 3690 3358 videntur
3713 3317 3839 3359 esse

2257 3391 2436 3446 multis
2465 3391 2685 3447 molesta
2713 3402 2768 3448 et
2790 3393 2964 3463 gravia
2990 3435 3004 3458 ,
3031 3403 3276 3458 mortem,
3309 3394 3570 3461 morbum,
3600 3409 3838 3466 pauper-

2258 3490 2459 3550 tatem,
2491 3492 2547 3538 et
2583 3499 2929 3555 quaecumque
2970 3494 3093 3540 sunt
3131 3485 3412 3554 ejusmodi.
3459 3486 3511 3542 Si
3542 3487 3662 3556 quis
3691 3490 3840 3542 enim

2259 3573 2418 3629 fuerit
2457 3586 2604 3630 recto
2626 3577 2807 3643 corde,
2835 3592 2896 3632 ea
2928 3593 3031 3632 non
3058 3577 3341 3633 difficulter
3362 3579 3616 3647 suscipiet
3639 3588 3696 3635 et
3735 3581 3843 3634 mi-

2260 3667 2483 3722 rabitur.
2508 3669 2616 3723 Etsi
2637 3670 2776 3724 enim
2806 3685 2948 3725 mors
2968 3687 3032 3725 ex
3060 3683 3277 3740 peccato
3297 3672 3530 3742 ingressa
3553 3681 3633 3728 est
3658 3673 3840 3744 (Rom.

2263 3757 2316 3812 5.
2347 3757 2458 3830 12),
2492 3767 2634 3814 tanta
2661 3769 2835 3815 tamen
2865 3771 2918 3816 et
2947 3769 3052 3816 tam
3082 3763 3303 3832 insignis
3327 3763 3424 3818 fuit
3456 3763 3548 3819 Dei
3579 3766 3841 3834 potentia,

2262 3851 2541 3906 clementia
2584 3861 2638 3906 et
2688 3853 3036 3922 providentia,
3070 3862 3127 3907 ut
3152 3870 3270 3910 eam
3317 3855 3368 3910 in
3419 3856 3585 3911 nostri
3629 3859 3845 3926 generis

2260 3943 2540 4000 utilitatem
2570 3945 2910 4001 converterit.
2942 3945 3079 4013 Quid
3107 3947 3247 4002 enim
3278 3963 3438 4017 grave
3457 3991 3473 4017 ,
3503 3947 3608 4015 dic,
3631 3965 3841 4020 quaeso,

2263 4033 2424 4091 habet
2446 4037 2630 4092 mors?
2657 4038 2847 4092 Annon
2875 4038 3066 4093 liberat
3092 4053 3120 4092 a
3149 4039 3456 4094 laboribus?
3483 4055 3660 4095 annon
3687 4057 3718 4096 a
3745 4055 3845 4096 cu-

2262 4127 2338 4182 ris
2366 4127 2560 4197 eripit?
2584 4129 2772 4182 Annon
2796 4128 2947 4183 audis
2970 4128 3071 4185 Job
3098 4145 3214 4184 eam
3244 4129 3565 4194 laudantem,
3593 4140 3648 4186 et
3668 4132 3848 4188 dicen-

2265 4229 2371 4274 tem
2404 4234 2419 4271 :
2451 4219 2593 4273 Mors
2617 4219 2805 4274 homini
2825 4220 3035 4288 requies,
3052 4221 3199 4291 cujus
3221 4222 3300 4275 via
3334 4231 3406 4274 est
3447 4220 3738 4276 abscondita
3767 4225 3845 4292 (a)

2267 4310 2407 4384 (Job
2433 4313 2487 4368 5.
2513 4311 2648 4384 2'5)?
2701 4314 2890 4369 Annon
2917 4329 2980 4368 ea
3005 4314 3189 4368 vitium
3234 4314 3530 4368 rescindit?
3561 4314 3694 4370 Nam
3722 4326 3778 4370 et
3801 4315 3846 4369 si

2266 4405 2439 4460 malus
2464 4405 2582 4474 quis
2627 4403 2818 4471 fuerit,
2849 4420 2914 4459 eo
2951 4415 3160 4460 mortuo
3188 4405 3369 4460 vitium
3408 4415 3673 4461 resectum
3716 4417 3800 4461 est
3830 4423 3846 4461 :

2271 4495 2370 4562 Qui
2408 4495 2542 4550 enim
2569 4506 2795 4550 mortuus
2829 4505 2920 4563 est,
2942 4496 3252 4566 justi/iaetu:
3275 4506 3344 4551 est
3369 4513 3402 4550 α
3431 4507 3632 4566 peccato
3661 4495 3844 4568 (Rom.

2268 4589 2322 4645 6.
2351 4589 2432 4659 7),
2464 4587 2565 4642 hoc
2602 4597 2718 4656 est,
2749 4596 3022 4658 peccatum
3060 4603 3168 4643 non
3205 4588 3431 4658 amplius
3469 4587 3690 4658 adjicit:
3723 4598 3780 4644 et
3803 4590 3849 4644 si

2267 4695 2387 4735 cum
2430 4679 2600 4734 bonus
2628 4678 2730 4744 sit,
2753 4678 3074 4746 excesserit,
3117 4681 3168 4732 in
3211 4687 3324 4733 tuto
3350 4678 3455 4733 erit
3498 4678 3548 4734 ei
3583 4678 3849 4734 collocata

2269 4770 2445 4827 omnis
2467 4770 2656 4837 virtus,
2685 4778 2738 4824 et
2766 4769 2818 4823 in
2846 4771 3109 4825 tutissimo
3133 4769 3385 4824 thesauro
3405 4768 3703 4824 recondita.
3735 4772 3852 4825 An-

2270 4877 2398 4926 non,
2430 4859 2538 4928 dic,
2564 4874 2744 4930 quaeso
2761 4901 2776 4927 ,
2798 4859 2946 4914 vivos
2971 4859 3322 4916 modestiores
3349 4859 3526 4914 reddit
3560 4869 3616 4914 et
3641 4869 3853 4930 tempe-

2271 4950 2578 5010 rantiores?
2606 4951 2721 5006 Non
2758 4950 2908 5005 vides
2937 4965 3077 5021 saepe
3104 4949 3294 5006 divites
3316 4949 3405 5020 qui
3431 4948 3678 5020 superbia
3707 4951 3854 5005 intu-

2274 5051 2534 5107 mescunt,
2562 5049 2617 5096 et
2634 5041 2915 5110 supercilia
2941 5040 3205 5108 attollunt,
3227 5055 3349 5095 cum
3377 5039 3430 5095 in
3461 5038 3645 5095 funere
3670 5039 3858 5096 vident

2276 5150 2470 5207 corpus
2495 5135 2674 5206 jacere
2708 5133 2953 5190 exanime
2991 5143 3046 5188 et
3074 5133 3347 5188 immotum
3370 5170 3390 5201 ,
3419 5131 3660 5200 ﬁliosque
3685 5131 3744 5186 in
3767 5147 3856 5186 or-

2276 5229 2458 5295 bitate,
2487 5243 2704 5284 uxorem
2727 5227 2780 5282 in
2808 5225 3082 5291 viduitate,
3113 5235 3166 5282 et
3191 5225 3390 5280 amicos
3417 5225 3469 5280 in
3490 5238 3745 5290 maerore,
3776 5224 3859 5278 fa-

2279 5320 2557 5390 mulosque
2583 5319 2714 5374 atris
2736 5317 2971 5374 vestibus
3002 5317 3244 5384 indutos,
3276 5325 3328 5372 et
3354 5331 3474 5373 esse
3498 5317 3730 5385 denique
3766 5317 3859 5370 tri-

2280 5421 2416 5467 stem
2445 5425 2510 5465 ac
2530 5409 2802 5481 lugubrem
2827 5409 2987 5464 totius
3005 5408 3195 5464 domus
3213 5409 3445 5478 speciem
3469 5426 3485 5474 ;
3508 5406 3781 5478 quomodo
3801 5421 3862 5460 se

2349 5515 2418 5580 (a)
2433 5513 2583 5580 haec,
2605 5514 2742 5578 cujus
2765 5511 2846 5564 via
2865 5513 3239 5580 estabgondita
3262 5515 3280 5578 (
3303 5515 3358 5564 οὗ
3396 5519 3427 5575 ἡ
3459 5516 3588 5580 ὁδὸςλ
3604 5517 3852 5580 ἀπετιρύϐη

2286 5575 2367 5626 ἀπ’
2393 5575 2539 5639 αὐτοῦ
2560 5579 2596 5636 ),
2636 5575 2732 5624 non
2763 5585 2906 5625 erant
2937 5577 2986 5625 in
3022 5576 3251 5639 Editione
3270 5575 3400 5636 'Lxx,
3436 5577 3608 5639 sedrab
3629 5575 3854 5639 Origene

2287 5653 2350 5688 ex
2399 5638 2742 5687 Theodotione
2789 5651 2901 5686 curn
2942 5637 3180 5687 asterisco
3223 5639 3480 5696 subiuncta
3522 5637 3745 5693 fuerant:
3799 5647 3856 5688 ut

2288 5709 2756 5772 responderent_his
2786 5706 2950 5772 verbis
2982 5707 3238 5772 Hebraicis
3272 5723 3284 5734 ·
3318 5713 3498 5772 mna:
3531 5712 3662 5772 1311’
3696 5712 3852 5772 quis.

2287 5767 2386 5819 sed
2398 5781 2565 5833 postea
2587 5767 2875 5833 quibusdam
2899 5769 3268 5833 exemplaribus
3288 5770 3513 5832 adjuncta
3539 5770 3695 5820 fuere.
3724 5771 3853 5820 Vide

2290 5842 2376 5882 not
2391 5830 2450 5881 rm
2473 5833 2688 5881 nostram
2719 5831 2766 5879 in
2805 5830 3054 5892 Hexaplis.
