4108 6344
295 411 402 465 ‘279

297 530 507 597 ἀλόγων
546 525 642 578 ἴδοι
676 542 757 588 τις
810 526 892 580 ἀν.
931 525 994 576 Τί
1036 524 1142 593 γὰρ
1183 523 1368 592 ὄφελος
1411 523 1515 592 ὄνῳ
1552 520 1862 592 βαλλομένη)

301 617 520 688 μεγέθει
540 613 791 683 φορτίων,
808 613 910 665 κᾶν
931 613 1183 683 μυριάκις
1207 611 1382 663 αὐτῶν
1401 610 1650 680 ἀπολαύῃ
1670 627 1685 674 ;
1732 609 1784 661 τί
1807 608 1864 661 δέ

302 703 496 776 βλάϐος
535 701 704 770 ἑτέρῳ
721 699 926 752 τούτων
969 697 1370 769 ἀπηλλαγμένῳ
1403 699 1641 760 πάντων,
1672 696 1738 750 ἂν
1768 699 1866 768 τῆς

299 788 602 856 ἀναγκαίας
624 784 872 859 ἀπολαύῃ
891 786 1122 858 τροφῆς;
1143 784 1242 838 Διά
1265 785 1422 839 τοῦτο
1454 787 1548 839 καὶ
1585 787 1612 838 6
1639 786 1870 856 Χριστὸς

303 877 537 949 ὐψηλούς
600 877 722 940 τοὺς
767 875 960 928 ἐαυτοῦ
1001 875 1424 939 κατασκευάζων
1476 874 1740 945 μαθητάς,
1775 873 1869 927 ἀτε

311 965 601 1036 μέλλοντας
627 966 694 1034 τῇ
729 963 1022 1035 οἰκουμένῃ
1049 962 1386 1027 διαλέξεσθαι
1431 962 1581 1034 πάσῃ
1609 1001 1623 1025 ,
1679 959 1869 1014 πασῶν

306 1053 504 1114 αὐτοὺς
522 1049 796 1121 ἀπήλλαξε
824 1050 1138 1119 φροντίδων,
1162 1049 1471 1121 πτερωτοὺς
1488 1047 1871 1120 ἐργαζόμενος,

309 1139 402 1193 καὶ
430 1137 734 1209 ἀδάμαντος
763 1135 1168 1208 εὐτονωτέρους.
1195 1138 1358 1192 Οὐδὲν
1378 1137 1486 1207 γάρ
1513 1134 1695 1200 οὕτως,
1720 1135 1873 1205 ἰσχὺν

310 1225 550 1296 ἐντίθησι
599 1224 768 1296 ψυχῇ,
819 1224 897 1286 ὡς
946 1225 1008 1279 τὸ
1048 1225 1252 1279 τούτων
1297 1224 1672 1297 ἀπηλλάχθαιο
1722 1222 1874 1277 οὐδὲν

311 1313 484 1377 οὓτως
510 1313 708 1385 ἀσθενῆ
737 1316 900 1376 ποιεῖ,
931 1312 1080 1376 ώςτδ
1098 1313 1309 1376 τούτοις
1341 1313 1641 1384 ἐνέχεσθαι.
1662 1312 1876 1382 Ὠσπερ

315 1403 426 1472 γάρ
456 1403 556 1456 οὐκ
595 1402 710 1455 ἔστι
738 1401 915 1473 λύπην
961 1402 1140 1473 εὑρεῖν
1177 1401 1408 1456 ἐνταῦθα
1447 1401 1673 1472 ταχέως,
1706 1400 1878 1463 οὕτως

316 1491 432 1544 ἐκεῖ
460 1491 672 1562 ἡδονήν.
709 1491 770 1545 '0
805 1490 904 1560 μὲν
931 1491 1040 1563 γὰρ
1079 1490 1304 1554 πολλοὺς
1334 1490 1446 1561 ἔχει
1482 1491 1746 1554 δεσπότας
1783 1489 1880 1543 καὶ

316 1579 598 1642 δεσποίνας
626 1579 936 1649 ἀνημέρους
963 1577 1115 1642 τινὰς
1152 1577 1246 1632 καὶ
1273 1577 1668 1650 ἀπανθρώπους
1691 1595 1704 1609 ο
1752 1578 1782 1631 6
1818 1577 1876 1630 δὲ

317 1664 554 1719 δουλεύει
588 1663 686 1736 μὲν
712 1665 910 1730 οὐδενὶ,
936 1666 1129 1736 κρατεῖ
1167 1664 1224 1717 δὲ
1273 1663 1547 1726 ἁπάντων,
1583 1662 1720 1728 μετὰ
1749 1663 1880 1718 πολ-

318 1753 419 1824 λῆς
445 1755 544 1826 τῆς
584 1753 785 1821 ἀδείας,
825 1753 920 1806 καὶ
950 1753 1052 1824 τῆς
1091 1754 1306 1817 ἀκτῖνος
1333 1753 1637 1818 ἀπολαύων,
1673 1753 1768 1808 καὶ
1802 1751 1881 1823 τῷ

320 1842 444 1913 ἀέρι
483 1841 779 1913 ἐντρυφῶν,
811 1841 906 1894 καὶ
954 1841 1045 1894 τὸν
1086 1839 1452 1911 διενοχλοῦντα
1483 1841 1583 1894 οὐκ
1610 1839 1768 1910 έχων.
1803 1840 1880 1894 Οὐ

321 1929 489 2000 θυμὸς
520 1930 822 2001 σπαράσσει
848 1927 1054 1990 τοῦτον,
1095 1929 1156 1982 οὐ
1181 1927 1392 1998 φθόνος,
1417 1929 1478 1981 οὐ
1513 1927 1800 1998 βασκανία,
1818 1928 1880 1980 οὐ

323 2015 600 2086 φροντίδες
627 2018 905 2088 τήκουσιν,
940 2016 1000 2070 οὐ
1023 2015 1366 2086 ζηλοτυπίαι,
1403 2016 1465 2069 οὐ
1501 2016 1790 2080 κενοδοξία.
1819 2015 1881 2068 οὐ

322 2103 510 2172 τῦφος,
534 2104 633 2157 οὐκ
658 2102 786 2157 ἀλλο
822 2103 931 2156 τῶν
954 2102 1210 2156 τοιούτων
1239 2103 1391 2156 οὐδέν
1415 2122 1428 2135 ’
1456 2104 1568 2158 ἀλλ’
1594 2105 1779 2175 ῶσπερ
1799 2121 1884 2167 τις

322 2191 486 2262 λιμὴν
544 2189 804 2254 εὐδιεινὸς
837 2205 858 2230 ο
888 2190 1147 2260 κυμάτων
1204 2190 1654 2261 ἀπηλλαγμένος,
1713 2190 1884 2254 οὕτως

325 2277 474 2348 αὐτῷ
498 2277 566 2332 τά
589 2279 688 2349 τῆς
715 2276 890 2348 ψυχῆς
920 2277 1206 2340 διάκειται,
1256 2279 1350 2331 καὶ
1379 2279 1514 2348 πρὸς
1540 2278 1630 2331 τὸν
1659 2277 1883 2348 οὐρανὸν

326 2364 560 2429 εὐκόλως
599 2363 790 2429 ὁδεύει,
840 2364 1012 2417 οὐδενὶ
1051 2364 1159 2418 τῶν
1201 2365 1478 2435 παρόντων
1507 2364 1881 2436 κατεχόμενος.

330 2451 426 2506 ’ἶν’
455 2449 546 2507 οῦν
577 2453 669 2506 καὶ
701 2453 860 2523 ἡμεῖς
896 2452 1098 2522 ταύτης
1144 2453 1503 2524 ἀπολαύωμεν
1549 2454 1647 2525 τῆς
1681 2453 1882 2517 ἁδείας.

329 2543 422 2595 καὶ
463 2543 561 2613 τῆς
597 2541 738 2596 κατὰ
782 2543 873 2595 τὸν
905 2541 1146 2613 παρόντα
1187 2542 1298 2613 βίον
1335 2543 1618 2614 εὐθυμίας,
1653 2544 1748 2596 καὶ
1788 2545 1888 2610 τῆς

331 2629 578 2693 εὐκολίας
597 2630 696 2700 τῆς
727 2629 868 2684 κατὰ
892 2630 990 2702 τὴν
1017 2631 1345 2702 ἀποδημίαν,
1375 2630 1563 2685 τοῦτον
1609 2629 1888 2702 διώκωμεν

328 2717 422 2770 τὸν
463 2716 595 2787 βίον,
640 2715 779 2770 ὥστε
813 2718 908 2770 καὶ
950 2715 1057 2770 τῶν
1109 2717 1342 2771 αἰωνίων
1385 2719 1602 2787 ἀγαθῶν
1647 2717 1889 2771 ἀπολαῦ-

334 2821 446 2864 σαι,
486 2803 594 2856 τῶν
634 2802 1081 2875 ὑπερϐαλλόντων
1115 2804 1328 2859 ἅπαντα
1370 2805 1526 2873 λόγον
1549 2847 1564 2872 ,
1615 2805 1708 2859 καὶ
1746 2803 1892 2868 νοῦν,

333 2891 427 2944 καὶ
465 2891 720 2956 διάνοιαν,
755 2893 814 2945 ἐν
843 2891 1064 2963 Χριστῷ
1109 2892 1280 2964 Ἰησοῦ
1312 2893 1390 2964 τῷ
1429 2893 1616 2966 Κυρίῳ
1644 2893 1819 2964 ήμῶν,
1850 2888 1895 2962 ᾧ

333 2979 368 3046 ἡ
404 2977 533 3044 δόξα
553 2978 647 3033 καί⁵
673 2979 734 3033 τὸ
758 2978 980 3050 κράτος,
1010 2981 1090 3044 εἰς
1131 2981 1257 3044 τοὺς
1295 2981 1496 3045 αίῶνας
1526 2981 1633 3035 τῶν
1661 2979 1892 3036 αἰώνων.

347 3065 400 3117 ’Δ
411 3065 540 3136 μήν.

689 3151 838 3228 [265]
859 3155 966 3208 E12
992 3154 1130 3209 TON
1164 3155 1245 3210 Ριν
1275 3157 1596 3212 ΨΑΛΜΟΝ.

349 3243 890 3314 Ἐξομολογήσομαί
925 3259 1046 3308 σοι,
1063 3247 1261 3314 Κύριε,
1283 3246 1492 3316 ἐν’ὅλῃ
1522 3246 1734 3315 καρδίᾳ
1756 3264 1895 3316 μου.

407 3333 548 3388 α’.Τί
567 3334 735 3397 ἐστιν,
751 3333 846 3384 Ἐν
865 3331 978 3403 ὅλῃ
998 3350 1017 3396 ;
1041 3335 1196 3389 Μετά
1209 3335 1513 3406 προθυμίας
1525 3336 1760 3407 ἀπάσης,
1778 3352 1902 3388 συν-

340 3420 669 3491 τεταμένως,
701 3421 1034 3490 ἀπαλλαγεὶς
1054 3422 1163 3476 τῶν
1194 3423 1460 3492 βιωτικῶν
1477 3423 1790 3495 φροντίδων,
1806 3425 1902 3478 καὶ⁸

347 3509 634 3578 μετάρσιος
662 3508 974 3578 γενόμενος,
1021 3511 1116 3564 καὶ
1153 3511 1253 3582 τὴν
1284 3511 1462 3581 ψυχὴν
1479 3510 1762 3575 ’ἀπολύσας
1793 3512 1903 3566 τῶν

342 3594 556 3666 δεσμῶν
597 3594 692 3648 τοῦ
737 3594 1006 3665 σώματος.
1053 3596 1156 3651 Ἐν
1201 3597 1435 3665 καρδίᾳ.
1473 3598 1584 3667 Οὐχ
1623 3597 1808 3660 ἁπλῶς
1845 3599 1904 3652 ἐν

349 3684 574 3754 ῥήμασι,
625 3683 744 3737 οὐδὲ
777 3685 834 3736 ἐν
862 3683 1074 3754 γλώττῃ
1108 3684 1203 3738 καὶ
1250 3684 1478 3755 στόματι
1531 3685 1719 3756 μόνον,
1770 3686 1908 3740 ἀλλά

347 3771 442 3825 καὶ
470 3771 608 3842 μεεά
633 3772 732 3842 τῆς
753 3771 1004 3836 διανοίας.
1031 3771 1187 3826 υῦτω
1221 3774 1314 3827 καὶ
1340 3773 1578 3845 Μωῦσῆς
1603 3773 1906 3844 νομοθετῶν

348 3859 532 3926 ἔλεγεν
549 3874 564 3889 ο
592 3859 952 3928 Ἀγαπήσεις
982 3861 1200 3927 Κύριον
1211 3859 1320 3914 τὸν
1341 3861 1489 3915 Θεόν
1515 3877 1631 3915 σου
1661 3861 1730 3926 ἐξ
1759 3861 1909 3928 ὅλης

349 3945 458 4014 τῆς
492 3947 738 4015 καρδίας
769 3963 909 4014 σου,
939 3949 1040 4002 καί
1073 3949 1143 4014 ἐξ
1163 3950 1312 4017 ὅλης
1335 3949 1442 4019 τῆς
1467 3951 1736 4018 διανοίας
1767 3967 1906 4006 σου.

363 4034 624 4089 Ἐνταῦθα
643 4037 752 4108 γάρ
777 4054 865 4107 μοι
891 4038 992 4108 τὴν
1015 4037 1399 4110 ἐξομολόγησιν
1433 4039 1532 4109 τὴν
1559 4038 1911 4110 εὐχαριστίαν

348 4122 704 4192 ὼκεῖλέγειν.
739 4123 1013 4197 ’Υμνήσω,
1042 4124 1224 4194 φησὶν,
1249 4126 1641 4199 εὐχαριστήσω.
1671 4129 1780 4180 Καὶ
1803 4126 1912 4199 γὰρ

351 4209 566 4264 ἅπαντα
600 4211 692 4264 τὸν
736 4210 846 4281 βίον
889 4213 970 4276 εἰς
1009 4211 1168 4265 τοῦτο
1194 4213 1501 4284 ἀνήλισκεν,
1541 4213 1635 4267 καὶ
1664 4214 1912 4270 ἐντεῦθεν

352 4298 783 4369 προοιμιάζεται,
813 4300 906 4353 καὶ
938 4301 1017 4363 εἰς
1041 4299 1196 4352 τοῦτο
1213 4299 1510 4371 καταλήγει
1530 4318 1544 4331 ⁸
1565 4301 1827 4355 καὶτοῦτο
1845 4297 1912 4373 ἦν

353 4387 511 4455 ἔργον
545 4384 706 4439 αὐτοῦ
731 4385 1038 4450 διαπαντὸς,
1073 4386 1134 4440 τὸ
1165 4387 1258 4440 καὶ
1302 4387 1440 4460 ὑπὲρ
1484 4387 1593 4441 τῶν
1624 4389 1704 4451 εἰς
1751 4390 1912 4442 αὐτὸν

351 4471 677 4542 γενομένων,
703 4472 796 4526 καὶ
826 4473 963 4545 ὑπὲρ
994 4474 1102 4528 τῶν
1135 4477 1216 4538 είς
1241 4473 1433 4538 ἀλλους
1457 4476 1782 4547 εὐεργεσιῶν
1814 4476 1911 4548 τὴν

353 4563 702 4634 εὐχαριστίαν
730 4562 1046 4633 ἀναφέρειν.
1080 4564 1244 4617 Οὐδὲν
1273 4563 1382 4634 γὰρ
1434 4563 1604 4628 οῦτως
1627 4566 1655 4618 6
1683 4565 1812 4630 Θεδς
1837 4567 1913 4630 ώς

353 4650 509 4702 τοῦτο
529 4650 805 4722 ἐπιζητεῖο
831 4651 990 4705 τοῦτο
1023 4652 1204 4719 θυσία,
1240 4652 1396 4706 τοῦτο
1426 4653 1730 4726 προσφορά,
1755 4654 1915 4708 τοῦτο

351 4736 529 4807 ψυχῆς
577 4737 914 4809 εὐγνώμονος
944 4742 1184 4810 σημεῖον,
1225 4739 1383 4793 τοῦτο
1413 4740 1596 4812 πληγὴ
1645 4743 1784 4794 κατὰ
1820 4742 1913 4796 τοῦ

353 4825 596 4880 διαϐόλου
616 4842 630 4855 °
665 4826 914 4880 ἐντεῦθεν
941 4827 970 4879 ὁ
993 4828 1258 4900 μακάριος
1297 4828 1415 4882 Ἰὼϐ
1445 4829 1801 4898 ἐστεφανοῦτο
1822 4832 1918 4884 καὶ

355 4913 770 4983 ἀνεκηρύττετο,
809 4913 890 4967 ὅτι
919 4914 1126 4986 μυρίων
1153 4915 1473 4986 πειρασμῶν
1521 4917 1917 4987 ἐπενεχθέντων

355 5001 524 5072 αὐτῷ,
556 5001 648 5055 καὶ
690 5002 788 5072 τῆς
824 5001 1076 5070 γυναικὸς
1105 5002 1565 5077 ὐποσκελιζούσης
1586 5043 1602 5069 ,
1641 5005 1702 5059 οὐ
1761 5021 1919 5076 περι-

356 5088 591 5159 ετράπη,
617 5087 734 5141 ἀλλ’
762 5087 952 5159 ἔμενεν
1000 5089 1333 5162 εὐχαριστῶν
1378 5095 1458 5163 τῷ
1503 5093 1746 5166 Δεσπότῃ
1792 5094 1920 5166 περί

357 5177 596 5238 πάντων,
627 5175 726 5246 οὐχ
752 5175 912 5246 ήνίκα
936 5176 1206 5241 ἐπλούτει,
1252 5177 1388 5232 ἀλλά
1417 5181 1512 5233 καὶ
1559 5181 1722 5251 ήνίκα
1752 5181 1921 5254 πένης

359 5261 602 5328 ἐγένετο’
629 5262 728 5332 οὐχ
753 5263 912 5333 ήνίκα
945 5264 1204 5332 ὐγίαινεν,
1239 5264 1373 5318 ἀλλά
1403 5268 1497 5320 καὶ
1525 5268 1685 5338 ήνίκα
1707 5270 1919 5342 ἐπλήγη

356 5349 456 5421 τὴν
485 5351 663 5422 σάρκα
685 5367 699 5382 °
734 5353 831 5423 οὐχ
867 5354 956 5406 ὅτε
996 5354 1139 5406 κατὰ
1175 5354 1301 5424 ῥοῦν
1340 5355 1486 5426 αὐτῷ
1513 5357 1583 5409 τὰ
1624 5360 1923 5430 πράγματα

357 5438 601 5510 ἐφέρετο,
630 5438 766 5493 ἀλλά
797 5441 892 5494 καὶ
915 5442 1006 5494 ὅτε
1033 5441 1268 5512 χαλεπὸς
1285 5444 1490 5507 ἐκεῖνος
1510 5448 1538 5498 6
1559 5447 1765 5515 χειμὼν
1793 5465 1922 5500 κατ-

360 5525 599 5597 έσκηψεν
636 5529 716 5592 εἰς
759 5531 936 5584 πᾶσαν
961 5530 1127 5585 αὐτοῦ
1167 5531 1266 5603 τὴν
1296 5532 1491 5600 οἰκίαν,
1517 5536 1612 5588 καὶ
1646 5538 1724 5599 είς
1756 5536 1923 5608 αὐτὴν

358 5613 455 5667 τοῦ
490 5612 739 5686 σώματος
771 5615 870 5688 τήν
893 5617 1074 5686 φύσιν.
1126 5619 1296 5673 Τοῦτο
1326 5620 1433 5692 γὰρ
1481 5622 1712 5692 μάλιστα
1765 5625 1924 5697 εὐχαε

425 5792 452 5822 ι
479 5791 562 5843 Sic
578 5806 693 5846 mss.
718 5798 873 5846 recte.
895 5793 1025 5846 Edit.
1055 5795 1227 5848 Morel.
1251 5797 1448 5856 εὐδεινὸς
1465 5811 1741 5860 perperam.

1393 403 1776 461 'EXPOSITIO
1815 401 1882 457 IN
1924 402 2252 462 PSALSIUM
2290 410 2402 464 CX.

3407 411 3516 466 9.80

1968 522 2149 592 ρίστου
2179 525 2398 598 γνώμης
2424 529 2480 580 ἐν
2505 529 2618 589 ταῖς
2660 527 2866 597 θλίψεσι
2893 528 2983 580 καὶ
3019 532 3136 584 ταῖς
3167 530 3521 600 δυσημερίαις

1966 612 2163 684 πολλὴν
2201 613 2396 667 εἰδέναι
2442 613 2520 683 τῷ
2569 614 2686 685 Θεῷ
2729 615 2827 686 τὴν
2872 616 3063 686 χάριν,
3112 617 3204 669 καὶ
3236 617 3524 680 διαπαντὸς

1971 701 2150 770 μένειν
2183 701 2605 772 εὐχαριστοῦντα
2629 720 2642 734 ο
2677 704 2812 774 ὅπερ
2841 700 2933 758 οὖν
2965 705 3059 760 καὶ
3089 705 3247 768 αὐτὸς
3291 706 3524 759 αἰνιττό-

1971 805 2129 858 μενος
2152 789 2238 842 διά
2270 790 2377 843 τῶν
2424 789 2552 859 ἐξῆς
2603 790 2886 862 ἐδήλωσεν.
2932 792 3150 864 Ἐπειδὴ
3190 793 3298 864 γάρ
3343 793 3528 848 πολλοὶ

1967 874 2075 929 τῶν
2119 875 2418 947 ἀνθρώπων
2459 879 2518 930 ἐν
2554 877 2786 948 εὐθυμία
2821 877 2916 948 μέν
2942 878 3089 942 ὅντες
3125 879 3526 951 εὐχαριστοῦσι,

1967 963 2039 1016 τά
2076 963 2292 1017 ἐναντία
2317 963 2374 1016 δέ
2406 964 2700 1034 πάσχοντες
2732 963 3170 1034 δυσχεραίνουσιν
3191 981 3204 995 ο
3245 967 3351 1018 εἰσί
3381 966 3437 1020 δέ
3479 967 3530 1020 οἶ

1970 1049 2196 1104 καὶτῶν
2232 1051 2531 1121 γινομένων
2564 1050 3054 1122 ἐπιλαμϐάνονται·
3087 1052 3300 1116 δεικνὺς
3339 1053 3421 1107 ὅτι
3469 1055 3528 1107 οὐ

1972 1137 2127 1209 παρὰ
2152 1137 2248 1210 τὴν
2276 1137 2436 1207 φύσιν
2462 1138 2569 1192 τῶν
2602 1137 3026 1210 συμϐαινόντων,
3065 1139 3200 1194 ἀλλά
3245 1140 3394 1211 παρά
3435 1141 3532 1211 τὴν

1971 1225 2408 1295 διεστραμμένην
2465 1224 2687 1296 γνώμην
2732 1223 2891 1278 τοῦτο
2945 1224 3196 1293 γίνεται,
3286 1227 3535 1298 ἐπήγαγε

1973 1311 2176 1380 λέγων’
2217 1314 2310 1366 Ἑν
2336 1311 2540 1381 ,ϐουλῇ
2572 1310 2793 1367 εὐθέων
2830 1311 2927 1366 καὶ
2960 1312 3280 1383 συναγωγῇ
3303 1312 3538 1382 μεγάλα

1974 1399 2046 1454 τὰ
2069 1400 2212 1469 ἔργα
2252 1400 2496 1468 Κυρίου.
2543 1399 2712 1453 Τοῦτο
2742 1395 2862 1453 εἷπε
2891 1399 3121 1464 δεικνὺς,
3160 1402 3239 1454 ὅτι
3283 1400 3534 1476 δικαστοῦ

1975 1487 2130 1558 χρεία
2189 1488 2481 1541 ἀδεκάστου
2535 1487 2628 1541 καὶ
2671 1487 2926 1556 συλλόγου
2977 1489 3051 1559 μὴ
3101 1487 3534 1561 διεφθαρμένου,

1978 1575 2071 1628 καὶ
2117 1573 2250 1644 δῆλα
2293 1573 2444 1628 ἐσται
2485 1575 2553 1628 τά
2583 1574 2720 1644 ἔργα
2745 1575 2840 1628 τοῦ
2886 1575 3040 1640 Θεοῦ,
3074 1577 3154 1629 ὅτι
3191 1575 3421 1647 μέγαλα,
3455 1576 3536 1630 ὃτι

1981 1663 2173 1718 πολλοῦ
2206 1663 2477 1734 θαύματος
2495 1663 2793 1734 ἀνάμεστα.
2823 1665 2976 1718 Ἐστι
3013 1664 3110 1735 μὲν
3139 1665 3247 1735 γὰρ
3274 1665 3368 1718 καὶ
3416 1662 3536 1719 καθ’

1981 1752 2148 1806 ἐαυτά
2169 1753 2395 1822 μεγάλα,
2426 1752 2485 1804 οὐ
2510 1752 2776 1806 δείκνυται
2793 1752 2850 1806 δὲ
2881 1753 3109 1823 μεγάλα,
3130 1753 3222 1806 ἐὰν
3249 1752 3321 1824 μὴ
3349 1753 3538 1824 κριτὴν

1980 1840 2136 1911 ὀρθὸν
2169 1841 2286 1912 ἐχῃ.
2335 1840 2486 1894 Ἐπεὶ
2527 1840 2619 1893 καὶ
2662 1841 2690 1892 6
2735 1841 2885 1909 ἥλιος
2929 1839 3049 1893 καθ’
3088 1841 3275 1893 ἐαυτδν
3321 1840 3540 1910 φαιδρὸς

1981 1924 2074 1978 καὶ
2106 1922 2348 1994 διαυγὴς,
2383 1921 2475 1975 καὶ
2504 1921 2600 1994 τὴν
2628 1923 2951 1993 οἰκουμένην
3001 1921 3291 1992 διαλάμπει
3323 1925 3502 1976 πᾶσαν
3523 1941 3536 1952 ·

1981 2007 2116 2061 ἀλλά
2173 2009 2284 2068 τοῖς
2317 2005 2453 2058 κατὰ
2487 2005 2637 2075 ὄψεις
2685 2005 2928 2060 νοσοῦσιν
2975 2007 3075 2058 οὐκ
3134 2007 3247 2059 ἔστι
3284 2005 3541 2069 τοιοῦτος.

1996 2092 2133 2146 Ἀλλ’
2186 2091 2246 2144 οὐ
2277 2087 2370 2142 τοῦ
2397 2089 2546 2168 ἡλίου
2575 2090 2636 2142 τὸ
2664 2088 2911 2159 ἔγκλημα
2931 2129 2946 2152 ,
2995 2089 3129 2142 ἀλλά
3172 2091 3266 2160 τῆς
3319 2089 3541 2143 ἐκείνων

1983 2175 2260 2240 ἀσθενείας
2312 2174 2372 2229 τὸ
2420 2171 2723 2244 ἐλάττωμα.
2769 2173 2937 2228 Ὅταν
3003 2173 3179 2228 τοίνυν
3237 2173 3352 2244 ἴδῃς
3423 2173 3545 2227 τινὰ

1983 2257 2392 2330 κατηγοροῦντα
2417 2257 2522 2310 τῶν
2557 2254 2731 2326 ἔργων
2755 2255 2910 2319 Θεοῦ,
2937 2257 3010 2326 μὴ
3033 2258 3101 2311 τά
3125 2256 3259 2327 ἔργα
3291 2255 3542 2309 διάϐαλλε

1984 2344 2070 2398 διὰ
2105 2343 2202 2412 τὴν
2251 2338 2458 2394 ἐκείνου
2495 2339 2731 2402 κακίαν,
2783 2338 2916 2392 ἀλλά
2953 2339 3052 2409 τῆς
3102 2340 3309 2392 ἐκείνου
3360 2337 3544 2402 ἀνοίας

1985 2427 2226 2498 λάμϐανε
2263 2425 2515 2495 μέγιστον
2560 2424 2756 2493 δεῖγμα
2806 2423 2912 2477 ἀπὸ
2941 2425 3040 2494 τῆς
3081 2423 3175 2477 τοῦ
3225 2422 3359 2476 Θεοῦ
3409 2440 3545 2494 προ-

1987 2511 2151 2573 νοίας.
2190 2510 2396 2578 Ὥσπερ
2429 2507 2536 2578 γάρ
2570 2509 2598 2560 6
2633 2508 2725 2560 τὸν
2752 2507 2904 2576 ἥλιον
2935 2506 3104 2576 λέγων
3146 2508 3436 2571 σκοτεινὸν,
3483 2507 3545 2559 οὐ

1986 2593 2048 2648 τὸ
2077 2593 2272 2664 ἄστρον
2301 2590 2560 2654 διέϐαλεν,
2605 2588 2741 2642 ἀλλά
2779 2591 2878 2660 τῆς
2909 2589 3070 2643 αὐτοῦ
3102 2589 3402 2661 πηρώσεως
3455 2589 3547 2656 ἐξ·

1988 2680 2216 2748 ήνεγκεν
2243 2674 2460 2744 ἔλεγχον
2487 2673 2685 2744 ἀκριϐῆ
2703 2689 2716 2700 ·
2737 2674 2872 2726 καὶὸ
2888 2673 2947 2726 τὸ
2978 2674 3098 2743 μέλι
3129 2674 3324 2746 πικρὸν
3350 2673 3550 2744 ὀνομά-

1991 2761 2116 2825 ζων,
2135 2758 2193 2812 οὐ
2210 2758 2307 2829 τὴν
2323 2755 2630 2826 γλυκύτητα
2653 2756 2751 2826 τὴν
2780 2756 2986 2808 ἐκείνου
3011 2757 3356 2812 συνεσκίασεν
3373 2755 3545 2827 [266],

1991 2842 2125 2898 ἀλλά
2150 2843 2246 2912 τῆς
2277 2842 2430 2894 νόσου
2453 2843 2551 2911 τῆς
2582 2839 2773 2893 ἐαυτοῦ
2809 2841 3142 2910 κατηγορίας
3189 2841 3551 2906 συνεστήσατο

1991 2926 2088 2997 τὴν
2109 2925 2287 2997 ψῆφον
2306 2941 2321 2956 ⁶
2354 2923 2496 2977 οῦτω
2523 2924 2585 2994 δὴ
2613 2923 2709 2976 καὶ
2735 2924 2763 2975 ὁ
2785 2922 2894 2975 τῶν
2919 2922 3094 2992 ἔργων
3130 2923 3223 2976 τοῦ
3265 2922 3397 2975 Θεοῦ
3425 2925 3549 2974 ἐπι-

1993 3009 2414 3081 λαμϐανόμενος.
2439 3008 2548 3062 Καὶ
2575 3006 2760 3077 ὥσπερ
2779 2999 2929 3069 οὗτος
2961 3007 3141 3058 ἐκεῖνα
3165 3006 3261 3074 μὲν
3281 3007 3342 3058 οὐ
3368 3005 3554 3076 λυμαί-

1995 3110 2164 3157 νεται,
2191 3092 2310 3146 οὐδὲ
2334 3092 2432 3162 τὴν
2467 3091 2592 3161 περὶ
2620 3090 2798 3144 αὐτῶν
2830 3090 3115 3160 ὑπόληψιν,
3147 3091 3248 3160 τῆς
3287 3091 3343 3144 δὲ
3371 3091 3553 3152 ἀνοίας

1991 3181 2092 3250 τῆς
2109 3175 2298 3231 ἑαυτοῦ
2325 3176 2586 3247 μεγίστην
2610 3175 2830 3246 ἐκφέρει
2845 3173 3175 3244 κατηγορίαν
3192 3191 3204 3204 ο
3223 3173 3366 3227 οὓτω
3383 3173 3447 3244 δὴ
3465 3173 3557 3226 καὶ

1998 3261 2126 3332 περί
2147 3260 2254 3312 τῶν
2283 3258 2458 3330 ἔργων
2476 3257 2572 3310 τοῦ
2598 3257 2730 3310 Θεοῦ
2753 3258 2800 3311 οί
2835 3255 2908 3328 μὴ
2928 3257 3106 3325 κρίσιν
3125 3257 3289 3328 ὀρθὴν
3320 3257 3552 3328 ἔχοντες,

1998 3345 2099 3398 οὐκ
2125 3344 2300 3396 ἴσασιν
2325 3342 2443 3396 οὐδέ
2471 3341 2540 3394 τά
2568 3339 2820 3411 θαύματα
2847 3341 2912 3393 τὰ
2941 3342 3239 3411 γενόμεναο
3264 3341 3339 3405 ὡς
3380 3343 3434 3395 εἴ
3473 3360 3557 3407 τις

2001 3427 2293 3480 ἀδέκαστον
2343 3425 2452 3495 ἔχοι
2494 3424 2672 3494 ψυχὴν
2699 3425 2792 3476 καὶ
2824 3422 2896 3493 μὴ
2939 3423 3398 3494 διεστραμμένην,
3431 3424 3559 3478 ’ἐκα-

2005 3527 2127 3563 στον
2171 3508 2264 3561 καὶ
2293 3507 2402 3561 τῶν
2428 3506 2724 3560 δοκούντων
2758 3503 2894 3559 εἶναι
2935 3506 3210 3576 δυσχερῶν
3223 3506 3560 3578 ἐκπλαγήσε-

2003 3610 2114 3648 ται.
2138 3592 2202 3645 Τί
2227 3591 2334 3664 γάρ
2355 3591 2415 3644 οὐ
2445 3589 2776 3660 θαυμαστὸν,
2801 3589 2921 3642 εἰπέ
2951 3607 3061 3660 μοι,
3089 3589 3194 3642 τῶν
3219 3591 3522 3660 γινομένων
3545 3607 3559 3654 ;

2004 3675 2114 3729 Καὶ
2135 3677 2184 3728 εἰ
2224 3673 2419 3743 βούλει,
2449 3671 2895 3743 παραδραμόντες
2921 3674 2990 3725 τά
3025 3671 3158 3725 ἄλλα
3196 3674 3370 3726 πάντα
3399 3673 3564 3727 ἔλθω-

2009 3775 2106 3831 μεν
2137 3759 2230 3812 ἐπὶ
2249 3758 2318 3810 τά
2353 3755 2613 3809 δοκοῦντα
2638 3751 2776 3808 εἶναι
2805 3757 2917 3819 τοῖς
2961 3754 3172 3818 πολλοῖς
3218 3755 3428 3826 ἐπαχθῆ
3471 3761 3563 3812 καὶ

2005 3840 2256 3914 φορτικά,
2276 3840 2365 3893 τὸν
2393 3839 2637 3899 θάνατον,
2665 3839 2760 3908 τὴν
2793 3838 2971 3900 νόσον,
2999 3839 3095 3907 τὴν
3121 3839 3328 3900 πενίαν,
3352 3839 3442 3892 καὶ
3465 3841 3566 3894 ὅσα

2005 3924 2247 3979 τοιαῦτα.
2276 3924 2459 3993 Εἰγάρ
2485 3940 2567 3985 τις
2599 3921 2807 3974 εὐθεῖαν
2835 3918 2990 3990 έχοιδ
3020 3920 3264 3992 καρδίαν,
3282 3922 3570 3976 καὶταῦτα

2010 4015 2216 4086 σφόδρα
2254 4012 2570 4076 ἀποδέξεται
2611 4011 2704 4064 καὶ
2745 4008 3104 4080 θαυμάσεται.
3143 4009 3205 4062 Εἰ
3242 4011 3349 4080 γὰρ
3387 4012 3478 4063 καὶ
3509 4011 3567 4077 ἐξ

2008 4095 2284 4167 ἁμαρτίας
2315 4093 2558 4164 εἰσῆλθεν
2587 4094 2615 4146 6
2637 4092 2882 4155 θάνατος,
2912 4091 3026 4144 ἀλλ’
3053 4092 3204 4162 ὅμως
3223 4091 3458 4162 τοσαύτη
3474 4093 3566 4145 τοῦ

2009 4179 2142 4232 Θεοῦ
2173 4175 2531 4248 ήπεριουσία,
2560 4176 2654 4229 καὶ
2681 4177 2713 4245 ἡ
2743 4173 3140 4245 φιλανθρωπία,
3169 4175 3262 4228 καὶ
3289 4175 3386 4245 τῆς
3415 4174 3569 4246 κηδε-

2015 4263 2201 4334 μονίας
2232 4263 2264 4332 ή
2295 4258 2584 4330 ὑπερϐολὴ,
2613 4258 2686 4322 ώς
2721 4258 2814 4310 καὶ
2827 4256 3000 4328 τούτῳ
3017 4259 3095 4320 εἰς
3118 4257 3236 4311 δέον
3265 4259 3568 4328 χρήσασθαι

2011 4345 2090 4415 τῷ
2119 4342 2358 4413 γένειτῷ
2389 4342 2658 4413 ἡμετέρῳ.
2690 4341 2755 4394 Τί
2781 4341 2908 4412 γὰρ,
2946 4341 3066 4393 εἰπέ
3095 4357 3203 4411 μοι,
3237 4341 3373 4412 βαρύ
3409 4343 3437 4394 6
3473 4340 3569 4394 θά-

2013 4445 2170 4492 νατος
2206 4427 2346 4497 ἐχει;
2386 4427 2498 4502 ρύκ
2528 4425 2812 4495 ἀπαλλαγὴ
2857 4424 3035 4477 πόνων
3080 4425 3258 4490 ἐστίν;
3308 4426 3368 4477 οὐ
3421 4423 3572 4491 λύσις

2016 4511 2308 4583 φροντίδων
2331 4526 2346 4576 ;
2379 4510 2492 4563 Οὐκ
2511 4508 2728 4571 ἀκούεις
2753 4508 2846 4561 τοῦ
2875 4506 2994 4561 Ἰὼϐ
3017 4508 3177 4561 αὐτὸν
3204 4507 3575 4579 ἐγκωμιάζον-

2013 4616 2125 4662 τος,
2153 4596 2247 4651 καί
2283 4595 2562 4666 λέγοντος·
2601 4595 2862 4661 Θάνατος
2889 4595 3059 4662 ἀνδρὶ
3093 4595 3454 4661 ἀνάπαυσις,
3500 4591 3573 4651 οὗ

2014 4683 2052 4750 ἢ
2080 4681 2220 4747 όδὸς
2247 4681 2578 4748 ἀπεκρύ6η;
2625 4679 2738 4733 Οὐκ
2763 4678 2970 4749 ἐκκοπὴ
2996 4679 3220 4744 κακίας;
3250 4681 3348 4733 Ἂν
3381 4697 3440 4733 τε
3469 4682 3577 4751 γάρ

2017 4765 2253 4835 πονηρὸς
2342 4781 2446 4826 τις,
2473 4763 2696 4830 διεκόπη
2721 4762 2788 4815 τὰ
2813 4763 2914 4832 τῆς
2950 4761 3143 4825 κακίας
3181 4763 3344 4816 αὐτοῦ
3393 4764 3578 4817 τελευ-

2015 4851 2305 4920 τήσαντοςο
2347 4846 2400 4897 '0
2434 4845 2542 4914 γὰρ
2578 4844 2893 4898 ἀποθανὼν
2920 4845 3286 4898 δεδικαίωται
3320 4847 3438 4900 ἀπὸ
3472 4845 3576 4913 τῆς

2018 4930 2324 5000 ἁμαρτίας,
2353 4929 2644 4990 τουτέστιν,
2676 4929 2857 4980 οὐκέτι
2899 4928 3244 4998 προστίθησιν
3275 4928 3574 5000 άμαρτίανσ

2019 5015 2085 5069 ἀν
2108 5031 2166 5067 τε
2187 5012 2387 5082 ἀγαθὸς
2428 5010 2504 5064 ὢν
2531 5011 2756 5083 ἀπέλθῃ,
2784 5013 2840 5064 ὲν
2867 5011 3101 5079 ἀσφαλεῖ
3121 5014 3357 5068 κείσεται
3387 5015 3454 5068 τά
3481 5017 3579 5084 τῆς

2020 5097 2224 5171 ἀρετῆς
2250 5095 2397 5165 αὐτῷ
2426 5095 2622 5156 πάντα,
2654 5095 2746 5148 καὶ
2772 5096 2828 5147 ἐν
2856 5095 3037 5166 ἀσύλῳ
3062 5095 3338 5168 θησαυρῷ.
3367 5099 3503 5162 Τοὺς
3523 5099 3580 5150 δὲ

2021 5181 2250 5245 ζῶντας,
2283 5178 2401 5232 εἰπέ
2426 5195 2536 5248 μοι,
2557 5178 2617 5229 οὐ
2645 5180 2784 5230 ποιεῖ
2805 5179 3270 5250 σωφρονεστέρους
3297 5181 3389 5234 καὶ
3413 5183 3582 5234 ἐπιει-

2024 5264 2311 5334 κεστέρους
2334 5278 2348 5327 ;
2387 5261 2498 5330 Οὐχ
2524 5263 2655 5331 ὁρᾷς
2683 5261 2764 5314 ὅτι
2790 5261 3046 5324 πολλάκις
3076 5263 3134 5316 ἐν
3158 5265 3364 5335 ἐκφορᾷ
3401 5282 3579 5335 παρα-

2023 5349 2302 5420 γενόμενοι
2333 5348 2382 5399 οἱ
2407 5345 2782 5409 πλουτοῦντες,
2834 5345 2928 5399 καὶ
2956 5347 3322 5417 τετυφωμένοι
3358 5349 3449 5401 καὶ
3485 5351 3582 5414 τὰς

2023 5433 2194 5505 ὀφρῦς
2225 5430 2590 5492 ἀνασπῶντες,
2615 5429 2740 5481 ὅταν
2765 5429 2913 5482 ῖδωσι
2933 5429 2992 5482 τὸ
3021 5430 3181 5500 σῶμα
3213 5431 3458 5500 κείμενον
3477 5449 3584 5486 κω-

2026 5519 2125 5588 φὸν
2147 5517 2239 5571 καὶ
2264 5515 2538 5585 ἀκίνητον,
2562 5512 2656 5565 καὶ
2678 5512 2859 5566 παιδία
2887 5515 2944 5565 ἐν
2967 5514 3215 5585 ὀρφανίᾳ,
3240 5517 3332 5569 καὶ
3354 5519 3585 5584 γυναῖκα

2026 5605 2084 5657 ἐν
2123 5601 2337 5672 χηρείᾳ,
2378 5600 2472 5652 καὶ
2497 5597 2680 5667 φίλους
2712 5600 2770 5650 ἐν
2798 5599 3088 5669 κατηφείᾳ,
3121 5603 3214 5653 καί
3241 5601 3454 5663 οἰκέτας
3487 5618 3582 5670 με.

2025 5683 2492 5754 λανειμονοῦντας,
2525 5683 2617 5735 καὶ
2647 5681 2790 5735 ἀπαν
2829 5682 2928 5750 τῆς
2972 5683 3146 5747 οἰκίας
3178 5683 3492 5755 σκυθρωπὸν
3527 5683 3588 5737 τὸ

2091 5798 2120 5839 ὶι
2141 5797 2250 5848 Mss.
2276 5802 2327 5847 et
2353 5797 2499 5847 Savil.
2531 5796 2646 5859 ἔχοι.
2667 5795 2836 5846 Morel.
2863 5795 2974 5858 ἔχει.
