4090 6338
556 416 654 478 281

557 532 762 604 σχῆμα,
799 530 913 594 πῶς
952 530 1359 597 συστέλλονταις
1398 532 1513 594 πῶς
1548 530 1962 595 ταπεινοῦνταις
2002 527 2118 590 πῶς

556 615 963 685 συντρίϐονταις
1005 616 1112 669 Καὶ
1140 616 1249 687 γὰρ
1291 617 1488 687 μυρίας
1537 615 1940 677 ἀπολαύσαντες
1972 613 2118 665 διδαο

557 698 800 763 σκαλίας,
823 699 916 752 καὶ
944 699 1108 769 μηδὲν
1137 699 1506 770 κερδάναντες,
1531 697 1638 752 ἀπὸ
1657 698 1758 767 τῆς
1782 697 1955 766 ὅψεως
1982 697 2121 748 ἐκεί-

554 798 653 850 νης
683 781 876 852 ἀθρόον
905 780 1270 851 φιλοσοφοῦσι,
1305 783 1367 835 τό
1403 797 1461 835 τε
1493 779 1704 842 εὐτελὲς
1735 780 1828 833 καὶ
1857 779 2120 849 ἐπίκηρον

554 864 653 933 τῆς
698 864 1042 935 ἀνθρωπίνης
1088 864 1591 935 καταμανθάνοντες
1633 861 1866 930 φύσεως,
1919 862 2013 914 καὶ
2057 861 2119 913 τὸ

555 949 756 1021 σαθρὸν
787 951 882 1005 καὶ
921 952 1150 1005 ἄστατον
1174 950 1276 1020 τῆς
1315 950 1494 1003 αὐτῶν
1532 947 1867 1011 δυναστείας,
1914 947 2009 999 καὶ
2060 947 2120 998 ἐν

553 1036 673 1097 ταῖς
716 1033 1019 1106 ἀλλοτρίαις
1059 1036 1361 1105 συμφοραῖς
1403 1033 1502 1097 τάς
1533 1032 1740 1086 ἑαυτῶν
1780 1028 2119 1102 προορῶντες

557 1116 873 1185 μεταϐολάς.

627 1271 696 1343 β’.
716 1273 776 1326 Et
802 1272 900 1345 γὰρ
923 1272 1151 1327 θανάτου
1179 1269 1617 1336 δντος,τοσαῦται
1634 1270 1900 1343 ἁρπαγαὶ,
1918 1269 2113 1324 τοσαῦ-

553 1374 643 1411 ται
680 1356 1001 1420 πλεονεξίαι,
1048 1356 1144 1409 καὶ
1187 1355 1436 1426 καθάπερ
1463 1356 1511 1408 οἱ
1547 1353 1724 1426 ἰχθύες
1760 1354 2119 1408 καταπίνουσι

554 1442 678 1503 τοὺς
704 1440 1152 1510 καταδεεστέρους
1177 1439 1226 1490 οί
1264 1439 1619 1509 δυνατώτεροι
1640 1456 1655 1470 ·
1701 1441 1749 1492 εί
1790 1438 1865 1510 μὴ
1893 1438 2120 1501 Θάνατος

552 1519 642 1594 ἦν,
665 1523 793 1576 πότε
823 1522 888 1577 ἂν
909 1521 1143 1593 ἔστησαν
1173 1521 1514 1588 πλεονεξίας;
1549 1520 1613 1574 Εἰ
1647 1522 1756 1593 γάρ
1784 1521 2003 1585 ειδότες,
2037 1522 2118 1574 ὅτι

554 1606 654 1659 οὐκ
696 1604 1089 1658 ἀπολαύσονται
1116 1597 1192 1657 ὧν
1226 1604 1563 1676 ἁρπάσωσιν,
1593 1603 1729 1656 ἀλλά
1777 1603 1991 1667 ἑκόντες
2025 1604 2119 1657 καὶ

554 1688 777 1751 ἄκοντες
802 1688 1151 1758 ἐκστήσονται
1173 1687 1260 1739 ἐτέ
1270 1704 1399 1756 ροις,
1422 1686 1563 1740 οὕτω
1587 1688 1862 1757 μαίνονται
1889 1689 1980 1740 καὶ
2000 1687 2120 1740 λυτ-

552 1770 747 1823 τῶσιν·
790 1771 838 1823 εί
870 1769 1027 1823 τοῦτο
1058 1766 1202 1841 εἶχον
1246 1773 1302 1823 ἐν
1348 1770 1636 1841 ἀσφαλείᾳ,
1672 1772 1800 1824 πότε
1839 1770 1905 1824 ἂν
1939 1771 2118 1834 αὐτοῖς

553 1853 785 1924 ἐσϐέσθη
815 1856 882 1908 τά
910 1855 1009 1924 τῆς
1041 1853 1335 1924 ἐπιθυμίας
1361 1856 1460 1924 τῆς
1502 1856 1773 1925 πονηρᾶς;
1805 1854 1868 1906 Τί
1899 1854 1987 1914 δέ;
2022 1854 2116 1907 τοῦ

555 1939 851 2009 μαρτυρίου
868 1940 917 1991 οί
934 1938 1184 2005 στέφανοι
1204 1937 1263 1989 οὐ
1282 1936 1367 1990 διὰ
1382 1935 1611 1990 θανάτου
1627 1938 1912 1991 πλέκονται
1930 1954 1943 2003 ;
1966 1935 2118 2010 [267]

553 2020 618 2072 Τί
636 2020 691 2073 δὲ
707 2023 735 2073 6
754 2021 993 2085 Ila-510;;
1028 2021 1086 2073 οὐ
1107 2020 1274 2091 μυρία
1299 2020 1491 2091 ἔστησε
1503 2018 1962 2091 τρόπαια,λέγων·
1980 2021 2117 2074 Καθ’

548 2104 778 2173 ’ἡμέραν
809 2104 1190 2173 ἀποθνήσκω,
1217 2103 1295 2171 νὴ
1320 2103 1435 2170 τὴν
1459 2102 1749 2173 ὑμετέραν
1785 2107 2117 2173 καύχησιν;

552 2189 627 2240 υύ
660 2188 769 2259 γὰρ
793 2190 821 2241 6
843 2188 1068 2250 θάνατος
1093 2187 1280 2250 κακὸς,
1306 2187 1420 2239 ἀλλ’
1448 2188 1477 2240 6
1503 2187 1733 2258 πονηρὸς
1762 2186 1987 2250 θάνατος
2014 2205 2115 2240 κα-

552 2271 665 2334 κός.
704 2272 802 2325 Διά
850 2271 1006 2324 τοῦτό
1053 2287 1185 2340 φησι
1208 2286 1222 2301 ⁸
1279 2272 1473 2339 Τίμιος
1515 2270 1791 2323 ἐναντίον
1823 2271 2045 2338 Κυρίου
2083 2274 2116 2325 d

551 2354 806 2421 θάνατος
828 2353 947 2407 τῶν
976 2354 1162 2408 ὁσίων
1192 2354 1398 2407 αὐτοῦ.
1431 2352 1687 2422 Ἀλλαχοῦ
1719 2353 1777 2405 δέ
1803 2369 1966 2422 φησι·
2002 2353 2114 2407 Θά-

549 2452 729 2503 νατος
765 2435 1125 2505 ἁμαρτωλῶν
1170 2437 1464 2504 πονηρός·
1521 2435 1680 2488 τοῦτο
1734 2435 1907 2504 λέγων
1951 2453 2117 2507 πονη-

551 2520 668 2591 96v,
694 2520 755 2573 16
789 2518 928 2590 μετά
952 2518 1045 2572 τοῦ
1094 2518 1330 2589 πονηροῦ
1374 2519 1670 2582 συνειδότος
1707 2518 1977 2585 ἀπελθεῖν,
2022 2519 2116 2573 καὶ

548 2602 769 2666 πολλαῖς
797 2601 1283 2672 πλημμελημάτων
1328 2601 1571 2672 φροντίσι
1624 2601 1992 2672 βεϐαρημένον
2021 2604 2115 2657 καὶ

547 2683 884 2756 πιεζόμενον.
920 2686 1006 2748 Ὠς
1042 2684 1072 2737 6
1103 2701 1167 2752 γε
1199 2684 1440 2754 καθαρὸν
1472 2684 1610 2754 έχων
1639 2685 1893 2751 συνειδὸς,
1928 2686 2018 2738 ἐπὶ
2047 2686 2115 2739 τά

549 2769 775 2841 βραδεῖα
807 2769 1008 2839 τρέχει,
1042 2767 1178 2839 πρὸς
1224 2767 1313 2820 τὸν
1350 2768 1611 2836 στέφανον
1660 2769 1947 2840 ἀναχωρεῖ.
2006 2771 2115 2823 Καὶ

548 2853 634 2905 ἵνα
665 2851 838 2923 μάθῃς
872 2851 950 2904 ὅτι
998 2851 1094 2919 οὐχ
1143 2852 1176 2921 ἡ
1226 2850 1332 2903 τῶν
1361 2851 1699 2922 πραγμάτων
1724 2850 1900 2920 φύσις,
1932 2851 2044 2904 ἀλλ’
2077 2854 2111 2923 ή

543 2934 654 2988 τῶν
702 2933 1001 3005 ἀνθρώπων
1041 2928 1254 3005 γνώμη,
1294 2932 1432 3005 αῦτη
1487 2933 1579 2986 τὸν
1629 2933 1855 3005 θόρυϐόν
1901 2936 2112 3007 ἐστινή

544 3020 799 3081 ποιοῦσα,
828 3018 1057 3072 ἄκουσον
1084 3017 1113 3069 6
1148 3016 1355 3080 Παῦλος
1383 3016 1497 3079 πῶς
1521 3017 1766 3087 ἐπιζητεῖ
1801 3017 1976 3081 τοῦτο,
2019 3017 2113 3073 νῦν

548 3101 647 3172 μὶν
671 3101 843 3168 λέγων
861 3117 878 3134 ο
906 3100 1015 3154 Καὶ
1044 3100 1156 3170 τὰρ
1181 3103 1236 3152 οί
1270 3099 1438 3166 ὄντες
1463 3100 1534 3153 ὲν
1563 3099 1644 3166 τῷ
1686 3099 1897 3165 σκήνει
1927 3105 2114 3168 τούτῳ

545 3182 923 3252 στενάζομεν,
958 3182 1074 3251 τὴν
1111 3182 1419 3238 υἱοθεσίαν
1459 3182 1942 3253 ἀπεκδεχόμενοι.
2000 3185 2114 3254 τὴν

542 3267 966 3334 ἀπολύτρωσιν
994 3265 1103 3319 τοῦ
1149 3267 1421 3333 σώματος
1448 3266 1648 3335 ἡμῶν·
1682 3267 1776 3321 νῦν
1810 3268 1865 3321 δὲ
1894 3270 1956 3322 16
1982 3270 2114 3322 αὐτὸ

542 3348 719 3420 δηλῶν
768 3345 1023 3416 ἀλλαχοῦ’
1070 3346 1220 3400 Ἀλλ’
1263 3350 1316 3400 εὶ
1368 3348 1467 3401 καὶ
1508 3347 1838 3419 σπένδομαι
1881 3352 1979 3405 ἐπὶ
2038 3353 2114 3425 τῇ

545 3432 729 3497 θυσίᾳ
764 3431 861 3485 καὶ
900 3431 1235 3499 λειτουργίᾳ
1272 3429 1376 3499 τῆς
1409 3433 1668 3497 πίστεως
1697 3434 1882 3503 ὑμῶν,
1931 3438 2114 3506 χαίρω

544 3514 644 3569 καὶ
671 3512 975 3583 συγχαίρω
1006 3510 1196 3567 πᾶσιν
1225 3512 1385 3582 ὑμῖν.
1423 3515 1494 3569 T6
1522 3515 1590 3568 δὲ
1620 3517 1765 3571 αὐτὸ
1804 3519 1902 3571 καὶ
1945 3520 2114 3589 ὑμεῖς

547 3598 783 3668 χαίρετε
825 3597 923 3650 καὶ
964 3596 1320 3665 συγχαίρετέ
1358 3615 1482 3665 μοι.
1543 3600 1605 3651 Εἰ
1659 3598 1715 3652 δὲ
1770 3600 1996 3665 θάνατος
2050 3604 2109 3655 οὐ

546 3679 829 3752 φορτικὸν,
887 3677 1021 3731 ἀλλά
1067 3679 1157 3730 καὶ
1214 3677 1456 3732 ποθεινὸν
1499 3684 1611 3744 τοῖς
1674 3681 1845 3752 ὀρθῶς
1909 3684 2109 3753 βιοῦσι,

546 3763 725 3833 πολλῷ
777 3762 973 3833 μᾶλλον
1009 3761 1166 3814 πενία
1208 3762 1300 3815 καὶ
1338 3762 1406 3815 τά
1442 3763 1573 3817 ἄλλα
1604 3763 1835 3818 ἅπαντα.
1881 3767 2109 3837 Ἐξεζη-

542 3846 770 3917 τημένα
809 3848 897 3912 εἰς
943 3843 1139 3899 πάντα
1185 3846 1257 3900 τὰ
1308 3847 1608 3916 θελήματα
1657 3850 1863 3905 αὐτοῦ.
1901 3851 2107 3918 Ἀλλος,

556 3927 1046 4000 ,Εεηκρισωμένω
1083 3929 1346 3983 Ἐνταῦθά
1386 3946 1477 4001 μοι
1512 3932 1640 4002 περὶ
1669 3933 1775 3985 τῶν
1802 3936 2111 4006 κτισμάτων

543 4016 687 4070 δοκεῖ
703 4013 1063 4082 διαλέγεσθαι,
1095 4013 1483 4086 ἀνακηρύττων
1507 4015 1598 4068 τοῦ
1621 4014 1755 4069 Θεοῦ
1774 4017 1872 4088 τὴν
1898 4021 2107 4089 σοφίαν·

544 4098 802 4170 ἀνωτέρω
837 4097 893 4150 δὲ
915 4096 1052 4168 ἔργα
1097 4097 1279 4165 ἔλεγεν
1305 4100 1375 4165 (εί
1415 4099 1509 4150 καὶ
1546 4100 1706 4169 ἡμεῖς
1737 4099 1824 4153 διὰ
1856 4103 1982 4167 τοὺς
2021 4122 2111 4174 μι-

544 4181 847 4254 κροψύχους
890 4181 984 4234 καὶ
1010 4180 1201 4251 ἐτέρας
1222 4180 1457 4243 διανοίας
1494 4183 1573 4245 είς
1598 4182 1768 4236 ταῦτα
1799 4184 2104 4257 ἡψάμεθα),

542 4266 613 4320 τά
640 4264 922 4336 τεράστια,
954 4263 1025 4317 τά
1062 4263 1334 4334 θαύματα,
1374 4263 1410 4318 ἀ
1440 4264 1693 4331 πολλάκις
1731 4269 2013 4323 ἐπετέλεσε
2045 4272 2106 4325 16

541 4349 649 4403 τῶν
670 4349 765 4402 ἀνθ
775 4347 968 4419 ρώπων
988 4348 1284 4418 οἰκονομῶν
1307 4348 1481 4416 γένος.
1513 4348 1576 4401 Τί
1600 4349 1653 4402 δέ
1674 4352 1841 4415 ἐστιν,
1886 4352 2107 4422 Ἐξεζη-

541 4431 766 4500 τημένα
786 4433 866 4496 είς
911 4431 1104 4485 πάντα
1130 4431 1203 4485 τὰ
1235 4431 1535 4500 θελήματα
1573 4433 1789 4497 αὑτοῦ;
1834 4436 2105 4508 Ἠκριϐω-

544 4515 700 4586 μένα,
740 4513 895 4584 φησὶ,
929 4512 1180 4583 καθάπερ
1210 4514 1303 4567 καὶ
1343 4514 1528 4584 ἕτερος
1574 4517 1917 4589 ἑρμηνευτής
1961 4518 2104 4585 εἷπε,

539 4597 1050 4669 παρεσκευασμένα,
1074 4597 1474 4667 ἀπηρτισμένα,
1502 4600 1864 4670 γεγενημένα,
1900 4603 2107 4674 πεπλη-

540 4680 778 4754 ρωμένα,
817 4679 1089 4751 ἀρκοῦντα
1128 4680 1196 4733 τά
1227 4681 1504 4752 θελήματα
1530 4682 1695 4736 αὐτοῦ
1723 4687 1915 4749 ποιεῖν,
1945 4687 2104 4740 ίκανά

542 4767 838 4835 μαρτυρεῖν
887 4763 982 4835 τὴν
1029 4763 1256 4835 δύναμιν
1300 4766 1486 4825 αὐτοῦ,
1526 4767 1587 4819 οὐ
1619 4767 1941 4837 χωλεύοντα,
1982 4772 2103 4825 οὐδὲ

537 4846 731 4909 ἐνδεῶς
761 4846 950 4917 ἔχοντα
982 4848 1061 4909 είς
1089 4846 1148 4899 16
1192 4846 1386 4901 ἀνῦσαι
1429 4848 1589 4900 αὐτοῦ
1626 4849 1695 4901 τά
1735 4851 2099 4923 ἐπιτάγματα,

535 4928 672 5000 ὅπερ
710 4929 800 4981 καὶ
838 4928 1067 4999 ἀλλαχοῦ
1096 4944 1265 4999 φησι·
1308 4930 1453 4998 Πῦρ,
1486 4929 1731 4999 χάλαζα,
1761 4934 1925 5001 χιὼν,
1961 4938 2103 5005 κρύ-

534 5017 821 5077 σταλλος,
862 5014 1170 5081 πνεύματα
1211 5014 1547 5083 καταιγίδος
1572 5014 1645 5068 τὰ
1676 5018 1964 5073 ποιοῦντα
1994 5021 2102 5075 τὸν

533 5098 714 5166 λόγον
766 5097 988 5151 αὐτοῦ·
1036 5096 1301 5160 τουτέστι,
1359 5098 1429 5152 τά
1482 5101 1872 5170 προστάγματα
1909 5104 2093 5160 αὐτοῦ.

534 5178 691 5232 Οὕτω
719 5179 814 5231 καὶ
849 5179 878 5230 ὁ
924 5180 1208 5250 Προφήτης
1252 5179 1466 5246 ἔλεγεν⁵
1512 5182 1787 5250 Ἐποίησε
1826 5187 2101 5254 σελήνην

531 5263 619 5327 εὶς
643 5261 907 5328 καιροὺς,
930 5264 964 5314 ὀ
989 5260 1163 5328 ἥλιος
1190 5262 1344 5330 ἔγνω
1372 5264 1485 5330 τὴν
1506 5263 1687 5318 δύσιν
1711 5266 1930 5321 αὐτοῦ·
1956 5270 2098 5325 ἔθου

531 5347 772 5409 σκότος,
810 5344 906 5398 καί
949 5345 1186 5412 ἐγένετο
1233 5346 1370 5409 νύξ.
1401 5349 1473 5400 Οὐ
1513 5347 1671 5417 μόνον
1701 5349 1756 5402 δὲ
1786 5351 1922 5421 πρὸς
1954 5352 2098 5423 ἅπερ

532 5427 652 5479 εστὶ
683 5428 1158 5497 κατεσκευασμένα
1189 5427 1358 5481 ταῦτα
1400 5430 1550 5482 ἀνύει
1569 5447 1582 5460 ’
1618 5430 1748 5483 ἀλλά
1777 5434 1879 5486 κᾶν
1905 5437 2098 5489 τάναν-

531 5511 623 5589 τία
652 5510 908 5589 ἐπιτάξῃ,
951 5511 1045 5589 καὶ
1069 5512 1300 5565 ἐνταῦθα
1329 5513 1494 5583 πολλὴ
1537 5515 1569 5582 ἡ
1595 5515 1828 5585 ὑπακοή.
1858 5518 1935 5589 Τῇ
1968 5519 2097 5587 γοῦν

532 5587 767 5658 θαλάττῃ
818 5587 1064 5651 ἐπέταξε,
1116 5590 1210 5640 καὶ
1255 5590 1315 5641 ού
1370 5590 1529 5659 μόνον
1573 5591 1634 5642 οὐ
1688 5587 2094 5659 κατεπόντισεν,

534 5665 667 5734 ὅπερ
692 5667 859 5736 αὐτῆς
884 5666 1041 5736 ἔργον
1068 5661 1157 5735 ἦν,
1198 5666 1330 5720 ἀλλὰ
1370 5668 1670 5736 στορέσασα
1710 5670 1878 5741 αὐτῆς
1904 5674 1972 5728 τά
2000 5675 2097 5726 κύ-

536 5761 700 5813 ματα,
733 5749 934 5815 πέτρας
961 5750 1359 5820 ἀσφαλέστερον
1388 5751 1478 5804 τὸν
1519 5751 1783 5807 Ἰουδαίων
1818 5755 1987 5826 δῆμον
2021 5758 2095 5812 δι-

532 5825 802 5881 εϐίϐασεν.
829 5832 891 5883 Ἡ
934 5834 1155 5902 κάμινος
1187 5833 1245 5885 οὐ
1281 5835 1435 5902 μόνον
1481 5836 1577 5887 οὐκ
1616 5837 1813 5907 ἔκαιεν,
1839 5825 1973 5895 ἀλλά
2003 5844 2091 5897 καὶ

1232 416 1288 473 s.
1311 416 1593 473 101.11st
1627 413 2106 471 cumsosmm
2144 413 2463 470 Αιιειηερ.
2500 400 3046 499 εοΝδΤΑΝτιΝορ.

2224 529 2409 598 δρόσον
2437 532 2662 602 παρεῖχε
2697 527 3122 599 διασυρίζουσαν.
3155 522 3236 577 Τά
3261 519 3424 593 θηρία
3446 518 3507 573 οὐ
3541 518 3695 590 μόνον
3713 519 3777 572 οὐ

2221 622 2530 692 κατήσθιεν,
2565 622 2699 676 ἀλλά
2736 623 2831 676 καὶ
2871 617 3345 691 σωματοφυλάκων
3376 615 3557 684 ἐπεῖχε
3594 611 3777 684 χώραν
3804 648 3813 685 γ

2219 707 2314 758 ἐπὶ
2339 690 2433 758 τοῦ
2461 704 2680 775 Δανιήλ.
2726 704 2799 757 Τὸ
2836 690 3001 773 κῆτος
3051 702 3113 755 οὐ
3161 699 3318 770 μόνον
3361 697 3423 750 οὐ
3469 690 3827 761 κατέπινενμ.

2219 787 2355 843 ἀλλά
2382 789 2474 841 καὶ
2519 787 2664 841 σώαν
2699 788 2799 857 τὴν
2830 782 3295 857 παρακαταθήκην
3321 780 3576 853 διετήρει.
3606 780 3670 832 Ἠ
3700 778 3779 849 γῆ

2218 880 2280 935 οὐ
2316 881 2475 951 μόνον
2500 882 2599 934 οὐκ
2627 881 2943 942 ἐϐάστασεν,
2970 878 3102 932 ἀλλά
3130 877 3223 930 καὶ¹
3246 874 3510 945 θαλάττης
3534 871 3785 945 χαλεπώ-

2219 981 2375 1037 τερον
2414 965 2819 1028 κατεπόντισεν,
2851 963 2938 1015 ὅτε
2965 960 3185 1031 ἠνοίχθη
3213 959 3305 1013 καὶ
3333 958 3551 1012 κατέπιε
3580 954 3780 1020 Δαθάν,

2219 1049 2314 1102 καὶ
2338 1047 2604 1116 ἐκάλυψεν
2632 1048 2725 1100 ἐπὶ
2750 1045 2847 1117 τὴν
2870 1044 3185 1114 συναγωγὴν
3213 1039 3469 1113 Ἀϐειρών
3489 1058 3502 1070 ·
3535 1040 3627 1093 καὶ
3649 1037 3783 1091 πολ-

2219 1132 2317 1204 λὴν
2344 1133 2533 1202 ἑτέραν
2561 1131 2661 1185 ῐδοι
2691 1147 2775 1194 τις
2806 1128 2873 1184 ἀν
2896 1127 3281 1199 τερατουργίαν
3314 1126 3372 1179 ἐν
3396 1127 3509 1187 τοῖς
3530 1118 3646 1176 οὖσι
3682 1137 3786 1189 γε-

2221 1203 2453 1286 νομένην
2473 1231 2487 1244 ·
2521 1214 2608 1267 ἴνα
2646 1213 2887 1283 μάθωσιν
2918 1213 2969 1264 οἱ
3002 1210 3203 1281 σφόδρα
3230 1209 3652 1278 ἀνοηταίνοντες,
3684 1203 3786 1257 καὶ

2220 1300 2381 1370 φύσιν
2409 1297 2797 1359 θεοποιοῦντες,
2826 1298 2906 1350 ὅτι
2933 1295 2994 1349 οὐ
3015 1293 3284 1366 τυραννίδι
3313 1292 3522 1363 φύσεως
3546 1290 3615 1342 τὰ
3642 1289 3788 1360 πράο

2220 1400 2407 1456 γματα
2428 1381 2641 1452 ἄγεται,
2671 1379 2806 1436 ἀλλά
2827 1379 2987 1450 βουλῇ
3016 1377 3149 1431 Θεοῦ
3190 1379 3361 1431 πάντα
3385 1376 3521 1429 εἴκει
3549 1374 3640 1428 καὶ
3677 1389 3787 1426 πα-

2224 1455 2480 1540 ραχωρεῖ.
2512 1464 2660 1535 Αὕτη
2694 1465 2802 1535 γάρ
2825 1467 2969 1515 ἐστιν
3006 1464 3039 1530 ἡ
3067 1462 3167 1531 τῆς
3197 1459 3409 1528 φύσεως
3431 1455 3781 1528 δημιουργὸς,

2221 1551 2472 1621 καὶπρὸς
2494 1549 2556 1602 τὸ
2580 1549 2715 1618 αὐτῇ
2741 1547 2929 1600 δοκοῦν
2961 1545 3140 1599 πάντα
3160 1543 3226 1598 τά
3247 1543 3376 1597 ὄντα
3404 1540 3550 1614 [268}
3584 1541 3787 1609 μεταρ-

2222 1633 2556 1706 ρυθμίζουσα
2586 1640 2627 1693 ⁸,
2658 1632 2754 1683 καὶ
2792 1629 2888 1682 νῦν
2923 1628 3021 1699 μὲν
3060 1627 3348 1696 ἀκινήτους
3392 1623 3569 1677 αὐτῶν
3596 1622 3787 1706 διατηα

2224 1704 2391 1787 ροῦσα
2428 1716 2555 1779 τοὺς
2595 1715 2773 1785 ὄρους,
2804 1711 2898 1765 νῦν
2936 1710 3015 1776 δὲ,
3048 1708 3265 1763 ἐπειδάν
3302 1706 3553 1778 βουληθῇ,
3587 1704 3787 1777 ῥαδίως

2219 1802 2415 1865 αὐτοὺς
2444 1798 2762 1859 ἀνασπῶσα,
2808 1796 2903 1849 καὶ
2945 1794 3081 1865 πρὸς
3122 1794 3183 1847 16
3226 1792 3462 1846 ἐναντίον
3513 1789 3785 1860 μεταϐάλ-

2219 1888 2402 1939 λουσα.
2435 1879 2856 1949 Ἐξεζτητημένα
2902 1880 2989 1944 είς
3021 1880 3216 1930 πάντα
3255 1877 3325 1930 τὰ
3348 1872 3646 1942 θελήματα
3677 1874 3788 1926 αὺ-

2218 1968 2344 2022 τοῦ.
2387 1968 2480 2030 Εἰς
2507 1966 2575 2019 τά
2603 1964 2997 2034 προστάγματα
3021 1959 3206 2024 αὐτοῦ,
3235 1958 3418 2029 φησὶν,
3452 1959 3533 2020 είς
3561 1954 3630 2008 τά
3670 1958 3787 2008 ἐπι-

2217 2053 2471 2121 τάγματα
2529 2049 2726 2103 αύτοῦ·
2775 2047 2835 2100 οὐ
2895 2045 3055 2116 μόνον
3105 2043 3162 2097 δέ
3202 2045 3280 2105 είς
3325 2040 3393 2095 τά
3437 2041 3786 2121 ἐπιτάγματα

2223 2120 2408 2197 αὐτοῦ,
2462 2132 2597 2187 ἀλλά
2650 2130 2742 2185 καὶ
2781 2131 2860 2192 είς
2907 2128 2970 2181 16
3022 2124 3381 2195 γινώσκεσθαι
3421 2122 3580 2176 αὐτὸν
3631 2120 3785 2191 παρά

2216 2218 2323 2270 τῶν
2349 2214 2668 2288 ἀνθρώπων,
2700 2214 2837 2285 ὅπερ
2875 2211 2967 2264 καὶ
3013 2208 3419 2281 προηγούμενον
3487 2204 3652 2258 αὐτοῦ
3680 2205 3783 2288 ,θέ-

2216 2300 2382 2371 λημα,
2412 2287 2504 2352 καὶ
2550 2297 2629 2350 διὸ
2679 2295 2910 2366 μάλιστα
2963 2293 3134 2347 ταῦτα
3177 2291 3447 2360 ἐποίησεν.
3476 2291 3540 2341 Ὃ
3605 2287 3785 2342 τοίνυν

2216 2386 2245 2436 ὀ
2280 2383 2565 2454 Προφήτης
2594 2380 2762 2447 λέγει.
2813 2377 3049 2431 τοιοῦτόν
3074 2378 3218 2429 ἐστιν
3240 2390 3252 2404 ·
3306 2374 3387 2426 ὅτι
3428 2371 3599 2434 οὕτως
3636 2371 3786 2423 ἐστὶν

2216 2464 2619 2535 ἀπηρτισμένα,
2647 2463 2721 2526 ὡς
2757 2465 2868 2525 τοῖς
2908 2459 3229 2530 προσέχουσι
3267 2455 3364 2510 καὶ
3403 2454 3525 2508 νοῦν
3569 2454 3786 2524 ἔχουσιν

2215 2547 2612 2618 ἀκριϐεστάτην
2643 2547 2738 2599 καὶ
2770 2545 2914 2614 σαφῆ
2945 2543 3041 2596 καὶ
3066 2540 3401 2611 τρανοτάτην
3423 2539 3520 2607 τὴν
3544 2536 3789 2607 1:591:16.-

2213 2630 2306 2685 τοῦ
2331 2630 2533 2699 γνῶσιν
2558 2629 2822 2682 ἐντιθέναι
2848 2629 2915 2697 τῇ
2954 2625 3159 2695 διανοίᾳ
3186 2623 3293 2675 τῶν
3320 2620 3639 2690 ἀνθρώπων.
3675 2619 3787 2671 Καὶ

2213 2713 2320 2785 γὰρ
2365 2712 2457 2767 καὶ
2495 2713 2632 2783 πρὸς
2689 2711 2846 2764 τοῦτο
2892 2708 3124 2780 μάλιστα
3152 2707 3214 2759 16
3253 2705 3462 2775 θέλημα
3511 2702 3679 2756 αὐτοῦ
3726 2700 3788 2768 ἐξ

2215 2796 2388 2867 ἀρχῆς
2414 2796 2555 2850 αὐτά
2582 2793 2969 2857 κατεσκεύασε,
3005 2790 3081 2861 τῷ
3113 2788 3349 2860 μεγέθει,
3384 2789 3463 2857 τῷ
3480 2787 3687 2849 κάλλει,
3715 2789 3783 2858 τῇ

2214 2879 2380 2943 θέσει,
2415 2881 2481 2950 τῇ
2516 2877 2787 2949 ἐνεργείᾳ,
2827 2879 2893 2947 τῇ
2929 2872 3189 2943 διακονίᾳ,
3215 2874 3328 2936 τοῖς
3370 2870 3547 2933 ἄλλοις
3581 2872 3785 2924 ἅπασιν

2212 2963 2481 3018 ἀνακινῶν
2524 2962 2622 3032 τήν
2669 2961 2847 3031 ψυχὴν
2872 2958 2964 3011 τοῦ
3015 2953 3225 3015 θεατοῦ,
3266 2955 3360 3007 καὶ
3404 2955 3500 3024 τὴν
3542 2954 3786 3006 διάνοιαν

2211 3046 2490 3116 διεγείρων
2518 3046 2596 3108 είς
2626 3044 2687 3097 τὸ
2719 3043 2949 3113 ζητῆσαι
2976 3041 3064 3093 τὸν
3096 3037 3423 3110 δημιουργὸν
3447 3038 3540 3090 καὶ
3564 3038 3786 3108 ἀριστο-

2211 3129 2405 3201 τέχνην
2433 3128 2583 3189 Θεὸν,
2624 3127 2717 3181 καὶ
2747 3125 3119 3196 προσκυνῆσαι
3161 3123 3254 3175 τὸν
3291 3122 3589 3192 ποιήσαντα
3618 3119 3784 3178 αὐτὰ,

2213 3213 2307 3266 καὶ
2339 3211 2459 3264 ἀντὶ
2503 3209 2720 3280 βιϐλίων
2756 3210 2851 3261 καὶ
2892 3206 3232 3278 γραμμάτων
3265 3202 3517 3273 γενέσθαι
3547 3203 3692 3256 ἀπαν
3722 3202 3787 3255 16

2214 3294 2373 3364 σῶμα
2403 3294 2503 3364 τῆς
2536 3293 2788 3354 κτίσεως.

2282 3419 2352 3487 γ’.
2371 3419 2483 3472 Οὐκ
2514 3420 2592 3480 εἰς
2608 3417 2934 3487 θεογνωσίαν
2958 3415 3015 3469 δέ
3049 3416 3224 3485 μόνον,
3251 3415 3384 3469 ἀλλά
3405 3416 3498 3469 καὶ
3524 3417 3606 3479 εἰς
3628 3415 3785 3470 πολι-

2211 3503 2360 3556 τείαν
2375 3505 2507 3572 ἡμῖν
2534 3501 2794 3571 μεγίστην
2810 3500 3018 3568 εἰσάγει
3038 3498 3378 3552 διδασκαλίαν
3396 3499 3464 3551 τά
3487 3499 3783 3564 κτίσματα.

2214 3586 2283 3639 Ὅ
2311 3603 2372 3639 τε
2410 3584 2517 3657 γάρ
2553 3583 2901 3653 πλεονέκτης,
2939 3581 3155 3635 ἐπειδὰν
3198 3581 3282 3654 ἴδῃ
3330 3581 3425 3652 τὴν
3465 3583 3678 3653 ἡμέραν
3710 3585 3783 3654 τῇ

2211 3669 2368 3724 νυκτὶ
2398 3667 2852 3740 παραχωροῦσαν,
2880 3667 2975 3721 καὶ
3000 3667 3091 3721 τὸν
3117 3666 3266 3736 ἣλιον
3287 3669 3352 3737 τῇ
3385 3666 3602 3737 σελήνῃ.
3633 3667 3787 3719 αἰδε-

2213 3752 2469 3823 σθήσεται
2498 3751 2607 3805 τῶν
2632 3750 2904 3820 στοιχείων
2928 3750 3027 3820 τὴν
3048 3749 3317 3815 εὐταξίαν,
3343 3748 3445 3803 κᾶν
3476 3748 3782 3803 δυνατώτεο

2212 3853 2304 3908 ρος
2329 3832 2383 3907 ᾗ,
2407 3836 2516 3888 τῶν
2550 3834 2990 3904 καταδεεστέρων
3020 3834 3119 3885 οὐκ
3159 3832 3485 3903 ἐπιθυμήσει
3517 3833 3788 3903 πραγμά-

2209 3937 2353 3974 των·
2389 3919 2419 3972 ὅ
2466 3935 2527 3972 τε
2574 3918 2759 3988 μοιχὸς
2802 3916 2897 3970 καὶ
2938 3916 3254 3980 ἀκόλαστος,
3294 3916 3515 3969 ἐπειδὰν
3550 3915 3637 3986 ἴδῃ
3680 3914 3789 3986 τὴν

2212 4003 2481 4058 θάλατταν
2539 4000 2893 4072 μαινομένην,
2946 3994 3065 4054 εἶτα
3116 4000 3504 4070 χαλινουμένην
3544 3998 3647 4052 ὑπὸ
3687 3998 3788 4052 τὸν

2209 4085 2468 4155 αίγιαλόν,
2497 4084 2659 4138 πάλιν
2689 4082 2796 4138 τῶν
2821 4083 3068 4137 ἀτάκτων
3105 4083 3311 4137 ὑδάτων
3340 4082 3652 4151 αἰδούμενος
3680 4082 3789 4152 τὴν

2209 4170 2479 4236 εὐταξίαν,
2506 4168 2715 4239 ταχέως
2750 4166 3098 4220 καταστεῖλαι
3125 4167 3408 4235 δυνήσεται
3454 4165 3553 4236 τὴν
3580 4166 3787 4220 ἑαυτοῦ

2211 4252 2623 4322 κορυφουμένην
2653 4249 2967 4320 ἐπιθυμίαν,
3009 4250 3102 4302 καὶ
3129 4248 3204 4317 τῷ
3234 4248 3381 4318 φόϐῳ
3409 4247 3503 4301 τοῦ
3532 4248 3783 4319 Χριστοῦ

2207 4334 2502 4407 χαλινῶσαι
2530 4331 2628 4403 τὴν
2657 4334 2738 4394 είς
2766 4330 2827 4384 16
2858 4332 3042 4402 πρόσω
3067 4331 3258 4401 φορὰν,
3290 4331 3385 4385 καὶ
3409 4330 3659 4385 διαλῦσαι
3684 4331 3790 4384 τὸν

2206 4418 2378 4490 ἀφρὸν
2406 4416 2621 4470 ἅπαντα
2649 4414 2748 4483 τῆς
2786 4412 3083 4467 ἀκολάστου
3117 4411 3316 4482 ταύτης
3352 4413 3546 4484 ὁρμῆς,
3575 4414 3667 4465 καὶ
3697 4414 3791 4477 είς

2207 4498 2558 4571 σωφροσύνην
2596 4497 2982 4563 ἐπαναγαγεῖν.
3013 4495 3122 4549 Καὶ
3164 4495 3289 4566 περὶ
3333 4495 3681 4558 ἀναστάσεως
3725 4492 3807 4548 δὲ.

2205 4584 2285 4646 είς
2311 4582 2408 4653 τὴν
2434 4581 2627 4653 χέρσον
2656 4576 2861 4632 ἀπιδὼν
2876 4577 3111 4641 εὐκόλως
3137 4578 3419 4648 δυνήσεται
3442 4577 3787 4647 φιλοσοφεῖν,

2204 4666 2417 4720 καὶτὸν
2448 4663 2577 4735 περὶ
2609 4662 2777 4731 αὐτῆς
2824 4659 3080 4725 δέξασθαι
3115 4660 3291 4729 λόγον.
3323 4662 3491 4715 Ὅταν
3536 4662 3645 4733 γάρ
3692 4663 3788 4734 ἴδῃ

2203 4750 2301 4820 τὴν
2328 4748 2430 4818 γῆν
2458 4746 2754 4817 δεχομένην
2779 4745 2976 4798 κόκκον
3011 4744 3158 4797 σίτου
3204 4745 3439 4817 στερεὸν,
3489 4740 3608 4798 εἶτα
3643 4748 3792 4817 πρό-

2201 4850 2358 4903 τερον
2385 4829 2707 4885 διαλύουσαν
2745 4829 2838 4881 καὶ
2876 4830 3173 4899 σήπουσαν,
3199 4829 3295 4882 καὶ
3326 4828 3501 4897 πολλῷ
3531 4828 3791 4897 βελτίονα

2200 4913 2485 4966 τίκτουσαν
2502 4926 2517 4939 ·
2547 4911 2676 4964 ὅταν
2703 4909 2786 4981 ἴδῃ
2814 4909 2911 4980 τὴν
2937 4908 3178 4978 ἄμπελον
3207 4910 3265 4961 ἐν
3294 4908 3521 4979 χειμῶνι
3559 4912 3790 4980 γυμνὴν

2202 4996 2433 5064 φύλλων,
2466 4993 2558 5047 καὶ
2610 4992 2823 5054 ἐλίκων,
2872 4993 2965 5046 καὶ
3014 4991 3272 5064 βοτρύων,
3318 4992 3412 5045 καὶ
3437 4991 3570 5044 αὐτὸ
3608 4990 3790 5060 ξηρὸν

2201 5078 2376 5145 ξύλον,
2412 5077 2487 5141 ὡς
2526 5075 2596 5129 τά
2633 5073 2850 5128 ὀστᾶτά
2895 5075 3056 5145 ξηρά,
3101 5070 3219 5127 εἶτα
3251 5073 3407 5144 έαρος
3453 5074 3785 5138 ἐπιστάντος

2198 5161 2296 5231 τὴν
2329 5158 2628 5229 εὐμορφίαν
2659 5156 2878 5210 ἃπασαν
2908 5156 3409 5226 ἀπολαμϐάνουσαν.
3437 5158 3498 5210 ἐν
3520 5158 3636 5220 τοῖς
3662 5157 3787 5210 σώ-

2201 5260 2335 5313 μασι
2367 5242 2474 5296 τῶν
2504 5240 2685 5307 φυτῶν
2725 5242 2820 5294 καὶ
2861 5239 2971 5293 τῶν
3002 5240 3331 5311 σπερμάτων
3367 5240 3477 5293 τῶν
3519 5241 3658 5308 μετά
3713 5240 3787 5294 τὸ

2196 5324 2554 5396 διαφθαρῆναι
2595 5322 2986 5393 ἀνισταμένων,
3026 5322 3312 5394 δυνήσεται
3356 5321 3450 5375 καὶ
3492 5323 3623 5391 περὶ
3670 5323 3788 5396 τῆς

2198 5392 2410 5461 ἑαυτοῦ
2436 5392 2635 5477 σαρκὸς
2683 5392 3008 5474 φιλοσοφεῖν.
3055 5392 3153 5458 Τὸή
3175 5404 3457 5474 φιλόπονον
3501 5403 3559 5456 δέ
3604 5392 3786 5458 πάλιν

2195 5490 2304 5544 ἀπὸ
2331 5489 2425 5543 τοῦ
2458 5489 2744 5561 μύρμηκος
2765 5489 2988 5552 εἵσεται,
3013 5487 3106 5541 καὶ
3132 5487 3193 5540 16
3221 5486 3505 5556 φιλόκαλον
3535 5486 3644 5539 ἀπὸ
3664 5486 3789 5557 τῆς

2200 5573 2475 5644 μελίττης,
2510 5572 2603 5624 καὶ
2649 5569 2710 5622 16
2745 5570 3075 5633 κοινωνικὸν,
3120 5571 3369 5641 καθάπερ
3414 5571 3449 5639 ή
3492 5569 3790 5640 Παροιμία

2261 5719 2410 5790 {Hic
2431 5719 2769 5790 ob_serv_anc_lqs
2803 5723 2940 5790 vqcis
2964 5721 3349 5790 μετιξρῤυθμίζειν
3391 5733 3527 5790 usus,
3566 5720 3633 5787 de
3665 5732 3792 5780 quo

2197 5783 2527 5894 ρρᾶιέἶιρῶετδὶε
2548 5788 2627 5834 εει
2652 5802 2663 5830 :
2686 5783 2767 5834 hic
2790 5785 2922 5833 enim
2939 5783 3180 5846 signiﬁcat
3201 5784 3349 5833 etiam
3369 5787 3554 5833 mutare
3576 5783 3628 5833 in
3650 5792 3791 5831 con-
