4108 6344
282 421 381 478 εει

280 535 582 600 demittunt,
606 546 761 604 quam
787 529 1016 586 humiles
1044 529 1197 593 ﬁunt,
1216 541 1372 598 quam
1398 526 1628 580 contrito
1647 519 1858 578 animo?

282 627 492 680 Etenim
519 624 609 694 qui
637 624 826 678 millies
849 621 1142 677 doctrinam
1169 620 1268 674 sibi
1295 617 1538 673 traditam
1559 615 1856 680 audierant,

283 731 380 771 nec
407 733 473 770 ex
502 731 563 785 ea
595 715 880 785 quidquam
916 712 1306 778 luerifecerant,
1337 725 1405 765 ex
1437 708 1528 765 illo
1555 707 1860 778 spectaculo

282 816 498 875 repente
526 784 978 876 philosophantur,
1009 819 1165 875 quam
1193 803 1260 857 sit
1289 801 1405 856 vilis
1441 810 1496 856 et
1528 799 1727 855 caduca
1763 799 1862 852 bu-

283 913 437 952 mana
483 907 670 951 natura
720 896 1092 965 intelligentes,
1119 903 1173 949 et
1201 908 1358 963 quam
1389 892 1648 946 instabilis
1677 899 1730 945 et
1759 892 1858 944 im-

283 988 469 1042 becilla
499 987 566 1042 sit
593 1001 777 1042 eorum
803 985 1038 1056 potentia
1061 1027 1076 1052 ,
1103 993 1158 1040 et
1187 985 1238 1040 in
1265 983 1450 1038 alienis
1475 981 1861 1037 calamitatibus

283 1079 634 1149 pr:rvidentes
661 1094 778 1134 eam
802 1094 920 1148 qua:
949 1077 1013 1132 ad
1039 1093 1097 1134 se
1121 1085 1325 1148 spectat
1351 1075 1785 1132 vicissitudinem.

353 1171 406 1226 2.
441 1171 583 1225 Mors
623 1171 760 1226 utilis
781 1187 798 1236 ;
822 1187 935 1240 qua
953 1169 1112 1236 mala,
1135 1185 1246 1240 qua
1275 1171 1402 1223 bona
1426 1171 1509 1224 sit.
1528 1199 1599 1208 —
1617 1167 1672 1224 Si
1718 1167 1859 1222 enim

283 1265 526 1333 quamvis
549 1264 616 1318 sit
634 1278 779 1319 mors
799 1263 1150 1334 exSpectanda
1166 1304 1180 1327 ,
1203 1269 1284 1317 est
1303 1270 1479 1316 tamen
1501 1269 1701 1315 tantum
1723 1260 1862 1328 rapi-

286 1372 368 1410 na:
387 1397 402 1420 ,
428 1364 630 1409 tantum
651 1355 881 1409 avaritiae
898 1396 912 1420 ,
939 1363 993 1410 et
1018 1369 1122 1408 non
1151 1368 1304 1409 secus
1326 1367 1388 1407 ac
1412 1353 1607 1422 pisces,
1636 1352 1723 1420 qui
1741 1360 1862 1404 sunt

285 1449 640 1516 potentiores,
696 1446 1072 1502 imbecilliores
1122 1443 1377 1501 devorant
1415 1463 1428 1497 :
1467 1444 1512 1498 si
1561 1459 1666 1497 non
1721 1450 1863 1496 esset

286 1554 464 1607 mors,
494 1554 600 1610 quo
631 1554 734 1593 non
781 1539 1124 1608 processisset
1160 1536 1417 1592 avaritia?
1458 1534 1512 1590 Si
1555 1535 1696 1589 enim
1739 1551 1859 1588 eum

286 1632 454 1686 sciant
481 1630 593 1685 fore
619 1639 678 1684 ut
710 1631 773 1684 iis
793 1673 808 1697 ,
851 1645 969 1700 quae
995 1630 1296 1699 rapuerint,
1329 1644 1433 1683 non
1464 1630 1702 1681 fruantur
1721 1667 1734 1692 ,
1768 1625 1861 1681 sed

285 1723 450 1776 velint
476 1722 644 1776 nolint
670 1723 735 1777 iis
755 1722 860 1776 sint
883 1721 1083 1777 cessuri
1108 1721 1227 1775 aliis
1249 1763 1265 1786 ,
1295 1730 1440 1775 tanto
1465 1727 1587 1774 sunt
1611 1718 1786 1773 furore
1808 1726 1864 1773 et

287 1813 434 1868 rabie
462 1813 646 1883 perciti
672 1829 686 1866 :
719 1812 765 1867 si
791 1827 853 1866 ea
881 1820 994 1866 tuto
1020 1812 1387 1881 possiderent,
1419 1809 1630 1880 quando
1659 1809 1860 1863 exstin-

284 1914 532 1974 gueretur
559 1918 743 1959 eorum
773 1903 1009 1972 improba
1038 1901 1336 1972 cupiditas?
1361 1901 1484 1971 quid
1515 1900 1678 1954 vero?
1717 1916 1860 1954 mar-

285 1994 406 2065 tyrii
429 2009 641 2049 corona:
663 2009 837 2049 nonne
860 2009 952 2063 per
971 2003 1194 2047 mortem
1221 1992 1502 2048 texuntur?
1525 1992 1660 2058 Quid
1683 2000 1861 2046 autem

286 2086 518 2142 Paulus?
542 2101 718 2140 annon
745 2085 1019 2140 innumera
1043 2087 1211 2140 erexit
1236 2094 1452 2155 tropata,
1479 2084 1661 2139 dicens
1689 2103 1700 2136 :
1725 2083 1863 2148 Quo-

287 2181 406 2233 tidie
433 2180 619 2232 morior
648 2196 736 2248 per
759 2189 966 2232 vestram
997 2179 1344 2249 gloriationem
1371 2179 1446 2243 (1.
1474 2176 1592 2231 Cor.
1627 2177 1712 2232 15.
1735 2176 1863 2248 5i)?

287 2268 401 2324 Non
423 2269 562 2323 enim
587 2283 730 2324 mors
751 2270 886 2322 mala
905 2278 987 2322 est
1008 2309 1021 2332 ,
1050 2268 1141 2322 sed
1166 2269 1299 2320 mala
1319 2276 1400 2321 est
1417 2281 1563 2321 mors
1589 2267 1817 2336 pessima
1846 2284 1860 2320 :

288 2372 339 2416 et
366 2361 485 2416 ideo
509 2361 635 2416 dicit
660 2380 671 2414 :
694 2359 929 2414 Pretiosa
955 2371 1024 2414 est
1050 2376 1221 2413 coram
1254 2359 1468 2413 Domino
1499 2375 1632 2412 mors
1655 2369 1863 2412 sancto-

287 2469 402 2505 rum
427 2453 534 2523 ejus
561 2451 732 2524 (Psal.
762 2451 885 2506 115.
915 2452 1023 2518 15).
1056 2451 1192 2505 Alibi
1220 2460 1398 2504 autem
1427 2467 1439 2501 :
1473 2449 1614 2504 Mors
1633 2460 1863 2518 peccato-

287 2562 398 2598 rum
423 2547 636 2615 pessima
666 2543 837 2616 (Psal.
865 2545 950 2599 55.
980 2542 1071 2612 29)
1098 2560 1110 2596 :
1146 2542 1247 2597 hoc
1273 2543 1454 2598 dicens
1486 2543 1711 2607 malum,
1741 2558 1864 2598 cum

289 2639 424 2693 mala
450 2638 702 2692 recedere
731 2638 1052 2692 conscientia
1078 2678 1091 2701 ,
1123 2645 1178 2691 et
1205 2636 1384 2692 multis
1412 2646 1746 2706 peccatorum
1768 2652 1863 2690 cu-

288 2731 363 2784 ris
388 2739 636 2784 onustum
684 2738 738 2783 et
764 2739 1058 2799 gravatum.
1094 2730 1162 2782 At
1188 2729 1277 2799 qui
1323 2745 1506 2798 pttram
1537 2728 1696 2782 habet.
1738 2743 1867 2782 con-

287 2821 562 2875 scientiam
583 2862 598 2886 ,
629 2821 672 2874 is
713 2822 877 2875 currit
902 2819 968 2873 ad
991 2821 1229 2890 prmmia,
1253 2820 1318 2875 ad
1345 2835 1595 2875 coronam
1624 2820 1754 2874 abit.
1801 2819 1865 2874 Et

290 2923 345 2965 ut
373 2914 510 2966 scias
539 2927 642 2966 non
673 2926 848 2966 rerum
879 2921 1149 2978 naturam,
1197 2911 1290 2967 sed
1317 2921 1546 2966 mentem
1591 2911 1864 2966 hominum

291 3004 455 3072 ipsam
483 3003 582 3056 sibi
623 3018 806 3058 creare
848 3005 1128 3058 tumultum
1154 3014 1208 3059 et
1234 3004 1711 3074 perturbationem,
1743 3003 1867 3058 audi

290 3093 556 3162 quomodo
585 3095 776 3150 Paulus
807 3096 907 3150 hoc
936 3097 1151 3166 inquirit
1175 3139 1189 3164 ,
1220 3111 1361 3150 nunc
1401 3095 1614 3166 quidem
1643 3095 1826 3150 dicens
1850 3112 1862 3147 :

293 3187 490 3241 Etenim
538 3189 624 3258 qui
651 3206 822 3244 sumus
850 3189 902 3242 in
947 3190 1040 3244 hoc
1069 3189 1419 3255 tabernaculo,
1459 3189 1826 3259 ingemiscimus
1848 3229 1864 3256 ,

292 3278 610 3348 adoptionem
634 3289 1001 3349 exspectantes,
1029 3279 1419 3349 redemptionem
1443 3281 1668 3349 corporis
1708 3281 1865 3334 nostri

293 3372 366 3439 (2.
391 3371 509 3425 Cor.
533 3373 586 3427 5.
633 3372 686 3426 ιι.
718 3371 868 3427 Rom.
914 3374 965 3426 8.
993 3373 1122 3443 93);
1165 3389 1303 3429 nunc
1349 3385 1527 3428 autem
1555 3375 1655 3428 hoc
1695 3377 1867 3442 ipsum

295 3463 416 3516 alibi
443 3461 744 3531 signiﬁcans
769 3481 782 3516 :
816 3463 922 3517 Sed
941 3474 987 3517 et
1016 3465 1058 3518 si
1084 3463 1316 3518 intmolor
1341 3474 1546 3535 propter
1566 3466 1870 3533 sacri/icium

293 3564 338 3608 et
365 3555 692 3608 ministerium
722 3555 840 3624 ﬁdei
867 3565 1042 3609 vestra:
1059 3597 1074 3622 ,
1096 3556 1291 3626 gaudeo
1321 3567 1366 3610 et
1390 3558 1713 3628 congratulor
1734 3556 1870 3610 vobis

295 3645 539 3698 omnibus.
571 3644 597 3697 Ι
607 3645 758 3699 tidem
784 3654 829 3699 et
857 3661 940 3700 vos
960 3647 1198 3716 gaudete,
1231 3656 1276 3700 et
1305 3648 1425 3700 mihi
1453 3647 1872 3718 congratulamini

300 3734 554 3806 (Philipp.
582 3736 638 3789 ‘2.
669 3737 755 3791 17.
785 3736 1063 3808 i8).Quod
1093 3740 1136 3792 si
1170 3753 1312 3794 mors
1339 3754 1443 3793 non
1475 3739 1631 3794 modo
1657 3755 1761 3794 non
1790 3747 1873 3794 est

294 3825 502 3893 gravis,
530 3826 621 3880 sed
647 3827 802 3881 etiam
831 3827 1059 3896 optanda
1088 3828 1152 3882 iis
1179 3829 1265 3898 qui
1293 3839 1436 3884 recte
1462 3830 1674 3894 vivunt,
1705 3829 1872 3884 multo

301 3919 469 3988 magis
498 3929 777 3988 paupertas
805 3928 860 3975 et
879 3921 982 3974 alia
1012 3922 1208 3974 omnia.
1234 3921 1498 3992 Exquisita
1522 3924 1575 3975 in
1595 3939 1766 3976 omnes
1787 3939 1872 3976 vo-

297 4010 513 4064 luntates
538 4012 664 4076 eius.
689 4011 833 4066 Alius
851 4052 868 4076 ,
895 4011 1165 4066 Accurata.
1189 4013 1284 4067 llic
1306 4014 1434 4068 mihi
1462 4013 1672 4068 videtur
1692 4013 1872 4070 dicere

296 4099 363 4154 de
403 4101 695 4167 creaturis,
739 4102 1036 4172 prtedicans
1085 4103 1175 4158 Dei
1225 4105 1578 4174 sapientiam:
1629 4107 1872 4175 superius

296 4199 472 4245 autem
501 4191 632 4246 dixit
659 4207 816 4261 opera
849 4192 1085 4265 (etiamsi
1115 4211 1240 4259 nos,
1271 4204 1487 4265 propter
1514 4211 1604 4251 eos
1629 4198 1716 4267 qui
1751 4205 1874 4252 sunt

299 4281 475 4350 pusilli
506 4292 558 4335 et
587 4281 774 4350 abjecti
806 4283 1000 4350 animi,
1036 4285 1195 4338 alium
1223 4300 1433 4354 quoque
1460 4301 1672 4341 sensum
1705 4288 1756 4340 in
1789 4287 1872 4341 his

297 4371 620 4443 attigimus),
650 4373 904 4443 prodigia,
925 4375 1174 4430 miracula
1205 4392 1321 4445 qure
1343 4393 1484 4447 saepe
1511 4378 1754 4448 perfecit,
1781 4379 1875 4433 ho-

298 4465 497 4520 minum
524 4482 690 4536 genus
713 4467 1108 4524 administrans.
1138 4470 1272 4538 Quid
1293 4481 1372 4526 est
1393 4481 1591 4538 autem,
1611 4472 1874 4544 Exquisita

297 4555 350 4608 in
377 4572 544 4610 omnes
575 4558 850 4614 voluntates
887 4561 1036 4625 eius?
1055 4563 1324 4629 Accurata,
1346 4564 1532 4634 inquit,
1559 4565 1694 4620 sicut
1713 4567 1873 4621 etiam

297 4647 430 4702 alius
446 4646 574 4702 dicit
590 4650 866 4719 interpres,
884 4663 1196 4721 praeparata,
1219 4655 1468 4724 perfecta,
1487 4655 1746 4724 absoluta,
1766 4658 1876 4712 suf-

300 4738 526 4793 ficientia
549 4739 615 4794 ad
641 4741 754 4810 ejus
779 4741 1071 4798 faciendam
1097 4745 1440 4812 voluntatem,
1459 4762 1578 4817 qua:
1597 4749 1726 4803 satis
1752 4757 1877 4804 sunt

297 4829 363 4883 ad
404 4830 520 4900 ejus
555 4832 849 4888 testandam
886 4837 1210 4904 potentiam,
1255 4853 1372 4908 qua:
1416 4853 1516 4894 nec
1552 4839 1871 4907 claudicant,

299 4937 398 4976 nec
425 4939 610 4978 manca
641 4935 764 4980 sunt
791 4925 857 4980 ad
885 4926 1030 4997 jussa
1058 4929 1172 4998 ejus
1197 4931 1522 5001 peragenda,
1553 4934 1690 4988 sicut
1713 4934 1874 4989 etiam

299 5006 428 5060 dicit
446 5007 572 5062 alibi
596 5025 610 5062 :
641 5007 783 5079 Ignis
805 5051 820 5076 ,
851 5013 1045 5080 grando
1067 5054 1081 5077 ,
1114 5015 1204 5068 nix
1228 5057 1241 5080 ,
1273 5017 1456 5086 glacies
1476 5059 1490 5080 ,
1522 5019 1730 5087 spiritus
1759 5036 1878 5091 pro-

297 5099 539 5153 cellarum
563 5117 676 5171 qute
701 5104 892 5173 faciunt
921 5106 1119 5159 verbum
1150 5109 1260 5177 ejus
1289 5107 1460 5177 (Psal.
1493 5111 1613 5166 148.
1647 5111 1702 5181 8)
1729 5131 1742 5176 ;
1774 5113 1876 5167 hoc

298 5198 410 5256 est,
442 5190 689 5245 mandata
724 5193 859 5262 ejus.
889 5193 958 5248 lta
987 5197 1146 5250 etiam
1173 5197 1383 5253 dicebat
1409 5201 1663 5269 propheta
1689 5221 1701 5257 :
1734 5201 1876 5258 Fecit

299 5281 471 5334 lunam
492 5283 544 5336 in
565 5292 788 5354 tempora
812 5300 830 5338 :
858 5287 936 5340 sol
967 5290 1192 5360 cognovit
1231 5307 1462 5345 accusant
1486 5310 1633 5346 suum
1657 5311 1675 5348 :
1705 5297 1877 5367 posui-

296 5374 359 5426 sti
381 5373 637 5441 tenebras,
666 5386 712 5430 ct
742 5378 877 5445 facta
916 5389 985 5433 est
1011 5397 1111 5435 nox
1137 5379 1303 5450 (Psal.
1335 5384 1456 5438 105.
1499 5386 1582 5442 19.
1617 5386 1729 5455 20).
1760 5388 1876 5443 Νοη

297 5465 470 5519 solum
493 5481 554 5520 ea
579 5479 835 5538 peragunt
856 5469 920 5523 ad
943 5487 1058 5539 qua:
1079 5473 1362 5526 constituta
1384 5485 1508 5530 sunt
1531 5494 1545 5541 ;
1569 5478 1661 5532 sed
1683 5479 1875 5534 etiam-

296 5554 342 5606 si
367 5553 587 5623 jusserit
612 5559 876 5612 contraria
897 5599 914 5623 ,
941 5559 1028 5614 hie
1053 5576 1262 5630 quoque
1289 5579 1475 5633 magna
1507 5574 1589 5620 est
1615 5568 1874 5624 obedien~

298 5645 390 5700 tia.
427 5645 593 5703 Jussit
635 5651 797 5716 mari;
825 5661 881 5706 et
906 5669 1008 5707 non
1045 5655 1212 5708 solum
1236 5671 1339 5710 non
1381 5658 1696 5728 submersit,
1730 5664 1878 5732 quod

295 5744 380 5791 est
407 5737 523 5805 ejus
552 5741 819 5810 proprium
857 5742 1086 5797 officium
1108 5786 1123 5808 ,
1155 5745 1250 5800 sed
1290 5748 1470 5803 stratis
1494 5751 1603 5804 suis
1629 5750 1872 5807 fluctibus

295 5831 382 5886 vel
406 5842 550 5904 petra
571 5835 770 5890 firmius
791 5851 850 5891 ac
876 5837 1133 5909 stabilius,
1160 5840 1362 5910 trajecit
1381 5845 1635 5915 populum
1655 5843 1869 5903 δικ]ωο-

1395 407 1751 470 EXPOSITIO
1779 405 1844 462 IN
1884 403 2208 462 PSALMUM
2235 406 2348 463 CX.

3435 411 3539 464 233

1966 537 2084 578 rum
2131 521 2328 591 (Exod.
2360 523 2444 577 M.
2468 521 2582 589 22).
2615 522 2823 578 Fornax
2865 537 2968 578 non
2993 522 3166 578 solum
3193 537 3295 577 non
3327 525 3541 589 urebat,

1965 613 2059 668 sed
2093 629 2265 668 rorem
2310 613 2466 668 etiam
2495 613 2760 682 praebebat
2799 614 3094 668 sibilantem
3139 614 3297 683 (Dan.
3329 617 3380 669 5.
3429 616 3540 683 2i).

1966 707 2117 762 Ferae
2148 722 2251 761 non
2280 707 2450 760 solum
2484 723 2586 760 non
2615 707 2970 772 devorabant,
3004 708 3094 763 sed
3140 709 3295 762 etiam
3339 708 3540 760 Danieli

1965 808 2119 852 erant
2168 798 2286 852 loco
2324 799 2611 852 satellitum
2653 796 2764 866 (Id.
2802 799 2854 852 5.
2902 798 3015 869 22).
3042 797 3202 854 Cetus
3233 815 3334 853 non
3368 799 3539 852 solum

1967 903 2071 943 non
2103 887 2421 955 devorabat,
2453 888 2545 942 sed
2577 889 2736 943 etiam
2764 889 2966 944 salvum
2997 890 3344 944 conservabat
3373 890 3540 958 depo-

1965 981 2122 1035 situm
2149 979 2291 1050 (Jan.
2323 980 2400 1052 2).
2433 980 2596 1034 Terra
2632 996 2734 1033 non
2762 981 2930 1034 solum
2965 996 3066 1034 non
3091 981 3236 1041 tulit,
3265 981 3357 1034 sed
3381 981 3539 1054 etiam

1965 1072 2098 1126 mari
2130 1071 2492 1126 vehementius
2519 1072 2838 1138 submersit,
2883 1072 3094 1142 quando
3136 1085 3314 1142 aperta
3345 1082 3454 1139 est,
3489 1083 3544 1127 ct

1965 1163 2236 1218 devoravit
2278 1163 2476 1218 Dathan
2502 1205 2516 1230 ,
2567 1175 2620 1218 et
2659 1164 2834 1219 obruit
2880 1180 3038 1235 super
3081 1165 3540 1234 congregationem

1965 1255 2164 1309 Abiron
2198 1253 2394 1326 (Num.
2434 1256 2516 1308 16.
2546 1255 2648 1324 ὅὲ)
2678 1273 2689 1306 :
2720 1265 2770 1310 et
2802 1255 2964 1310 multa
2993 1256 3250 1325 ejusmodi
3281 1256 3381 1308 alia
3414 1273 3539 1324 pro-

1965 1347 2105 1418 digia
2149 1348 2202 1402 in
2243 1348 2400 1402 rebus
2437 1349 2630 1403 creatis
2663 1349 2825 1403 videri
2867 1356 3114 1418 possunt;
3156 1358 3212 1403 ut
3253 1349 3423 1403 sciant
3455 1350 3540 1417 qui

1965 1441 2121 1496 valde
2148 1441 2430 1511 desipiunt,
2450 1451 2502 1496 et
2529 1451 2766 1496 naturam
2788 1445 2840 1498 in
2869 1442 3005 1497 Deos
3035 1441 3289 1504 referunt,
3323 1458 3408 1496 res
3438 1458 3540 1495 non

1965 1535 2048 1604 agi
2079 1549 2169 1603 per
2198 1544 2398 1588 natura:
2425 1535 2754 1605 tyrannidem
2774 1573 2790 1598 ,
2834 1533 2926 1588 sed
2967 1533 3057 1588 Dei
3085 1534 3336 1588 voluntati
3365 1534 3540 1586 omnia

1965 1625 2156 1681 cedere
2183 1635 2234 1680 et
2257 1627 2642 1695 obtemperare.
2671 1628 2742 1680 Ea
2760 1627 2898 1681 enim
2925 1636 3008 1681 est
3027 1635 3225 1680 natura:
3248 1627 3422 1696 opifex
3440 1669 3452 1686 ,
3492 1635 3546 1678 et

1967 1727 2123 1786 prout
2153 1718 2248 1787 ipsi
2279 1717 2515 1784 videtur,
2545 1718 2720 1772 omnia
2750 1732 3096 1788 qumcumque
3122 1727 3245 1773 sunt
3269 1719 3539 1781 immutat,

1968 1824 2107 1863 nunc
2133 1809 2344 1878 quidem
2365 1809 2659 1864 immobiles
2683 1825 2863 1863 eorum
2892 1810 3022 1864 fines
3041 1824 3382 1872 conservans,
3405 1825 3542 1861 nunc

1966 1910 2162 1964 autem,
2205 1915 2323 1953 cum
2356 1901 2600 1964 voluerit,
2622 1915 2714 1955 eos
2735 1899 2888 1955 facile
2905 1901 3228 1967 convellens,
3255 1910 3309 1954 ct
3332 1909 3541 1954 mutans

1967 1991 2019 2045 in
2049 1991 2390 2045 contrarium.
2424 1989 2686 2060 Exquisita
2705 1991 2756 2044 in
2783 2007 2950 2045 omnes
2991 1992 3265 2046 voluntates
3305 1993 3430 2061 ejus.
3464 1991 3541 2043 Ad

1969 2093 2227 2152 prtecepta
2248 2083 2379 2150 ejus,
2404 2083 2590 2152 inqttit,
2617 2082 2682 2136 ad
2701 2082 2944 2137 mandata
2963 2083 3074 2152 ejus
3095 2102 3106 2137 :
3130 2099 3232 2137 non
3252 2085 3418 2137 solum
3444 2099 3508 2134 au
3524 2111 3541 2119 -

1969 2184 2072 2230 tem
2090 2177 2154 2230 ad
2179 2186 2438 2244 prazcepta
2463 2178 2596 2244 ejus,
2613 2178 2704 2231 sed
2726 2187 2779 2232 ut
2803 2178 2914 2246 ipse
2938 2178 3093 2231 etiam
3113 2187 3460 2246 cognoscatur
3477 2180 3544 2230 ah

1967 2267 2272 2323 hominibus
2290 2309 2306 2333 ,
2335 2285 2451 2338 qua:
2478 2267 2686 2337 quidem
2710 2277 2792 2323 est
2818 2268 3118 2338 principalis
3141 2269 3256 2336 ejus
3279 2269 3540 2333 voluntas,

1967 2369 2020 2414 et
2041 2368 2256 2429 prOptcr
2281 2376 2436 2428 quam
2469 2359 2582 2414 haec
2608 2360 2834 2414 maxime
2863 2360 3000 2414 fecit.
3031 2359 3182 2428 Quod
3215 2361 3388 2429 itaque
3418 2359 3543 2412 dicit

1966 2453 2222 2522 propheta
2246 2493 2258 2517 ,
2290 2462 2374 2506 est
2415 2452 2670 2521 ejusmodi
2699 2469 2712 2504 :
2751 2453 2884 2506 adeo
2924 2451 3155 2521 perfecta
3198 2464 3316 2505 sunt
3346 2493 3362 2517 ,
3397 2461 3449 2503 ut
3482 2451 3544 2502 iis

1967 2542 2056 2612 qui
2083 2543 2364 2597 attendunt
2399 2553 2450 2596 et
2481 2545 2724 2612 sapiunt,
2769 2542 3240 2612 perfectissimam,
3273 2543 3545 2611 apertissi-

1967 2651 2142 2702 mam,
2175 2645 2229 2690 et
2255 2637 2701 2691 evidentissimam
2749 2637 2838 2690 Dei
2878 2636 3229 2706 cognitionem
3273 2635 3543 2689 hominum

1968 2728 2130 2781 menti
2173 2727 2412 2781 afferant.
2447 2727 2526 2781 Ad
2559 2729 2692 2780 hanc
2717 2728 2856 2780 enim
2887 2728 3003 2797 ejus
3033 2726 3355 2781 voluntatem
3385 2742 3445 2780 ea
3477 2727 3544 2778 ab

1970 2819 2120 2873 initio
2143 2820 2208 2874 ab
2230 2820 2342 2888 ipso
2364 2821 2594 2874 maxime
2614 2821 2895 2874 constituta
2919 2829 3061 2883 sunt,
3086 2829 3142 2874 ut
3160 2819 3540 2888 magnitudine,

1969 2912 2390 2982 pulchritudine,
2423 2913 2690 2982 positura,
2734 2914 3078 2981 Operatione,
3125 2913 3444 2979 ministerio,
3493 2921 3545 2964 et

1969 3003 2086 3056 aliis
2109 3004 2352 3056 omnibus
2377 3004 2607 3056 animum
2635 3004 2943 3071 Spectatoris
2969 3012 3327 3057 commoveret
3350 3045 3364 3067 ,
3397 3018 3548 3056 tuen-

1972 3103 2184 3166 temque
2225 3107 2278 3150 et
2329 3095 2725 3166 intelligentiam
2784 3095 3047 3150 excitaret
3093 3094 3158 3148 ad
3206 3094 3447 3163 opificem
3495 3103 3548 3146 et

1972 3188 2460 3258 praestantissimum
2515 3188 2769 3242 artificem
2820 3187 2983 3242 Demu
3040 3186 3443 3257 imuirendum,
3495 3195 3548 3239 et

1970 3281 2296 3335 adorandum
2318 3297 2436 3335 eum
2466 3281 2552 3350 qtti
2578 3281 2663 3334 illa
2691 3280 2906 3348 fecerit,
2931 3289 2985 3334 et
3012 3290 3070 3334 ut
3097 3282 3400 3334 universum
3428 3295 3548 3334 cor-

1971 3387 2070 3442 pus
2099 3373 2256 3426 totius
2287 3383 2542 3426 creatura:
2566 3382 2708 3426 esset
2735 3371 2782 3426 ei
2813 3387 2905 3440 pro
2930 3371 3078 3425 libris
3099 3379 3150 3425 et
3181 3371 3369 3425 literis.

2043 3467 2095 3520 '5.
2130 3464 2492 3535 Contemplatio
2510 3476 2852 3518 creaturarum
2875 3465 3030 3518 utilis.
3049 3493 3121 3503 —-
3136 3463 3247 3517 Non
3271 3464 3438 3517 solum
3459 3477 3550 3516 au-

1977 3568 2082 3612 tem
2107 3556 2171 3610 ad
2194 3556 2284 3610 Dei
2306 3555 2682 3625 cognitionem,
2707 3555 2798 3608 sed
2825 3555 2983 3609 etiam
3006 3553 3070 3607 ad
3096 3555 3218 3607 vitae
3243 3564 3438 3607 nOstrtc
3466 3554 3548 3607 ili-

1973 3649 2298 3703 stitutionem
2320 3689 2334 3713 ,
2374 3648 2654 3700 maximam
2683 3645 2908 3700 afferunt
2941 3646 3236 3701 doctrinam
3267 3655 3545 3700 creatum.

1973 3740 2104 3795 Nam
2136 3750 2190 3793 et
2215 3755 2404 3793 avarus
2436 3751 2712 3808 postquam
2760 3738 2950 3792 viderit
2989 3737 3130 3792 diem
3172 3739 3312 3793 nocti
3353 3739 3550 3792 ceden-

1976 3839 2104 3894 tem,
2135 3840 2189 3884 et
2212 3830 2377 3884 solem
2423 3829 2582 3895 lunae,
2625 3830 2953 3884 revercbitur
2984 3831 3364 3884 elementorum
3405 3828 3551 3882 ordi-

1975 3937 2095 3975 nem
2124 3939 2136 3975 :
2166 3930 2220 3976 et
2245 3922 2287 3975 si
2315 3921 2386 3974 sit
2412 3921 2696 3990 potentior,
2727 3935 2810 3974 res
2839 3921 3144 3975 inferiorum
3173 3920 3387 3974 minime
3417 3935 3551 3974 eun-

1975 4013 2247 4082 cupiscet;
2279 4021 2336 4068 et
2364 4012 2570 4067 adulter
2596 4021 2651 4067 et
2677 4013 3028 4073 incontinens,
3055 4021 3332 4081 postquam
3363 4011 3552 4064 viderit

1976 4120 2124 4160 mare
2154 4104 2351 4168 furere,
2380 4103 2572 4158 deinde
2599 4102 2854 4157 refrenari
2883 4111 2936 4157 et
2977 4102 3237 4156 contineri
3280 4116 3310 4155 a
3360 4100 3549 4153 littori-

1975 4197 2116 4252 bus:
2151 4197 2487 4252 insolentium
2515 4211 2770 4263 aquarmn
2804 4196 3061 4250 reveritus
3106 4194 3546 4259 moderationem,

1977 4289 2173 4358 poterit
2213 4288 2457 4342 celeriter
2507 4288 2858 4356 comprimere
2902 4288 3342 4340 intumescentem
3399 4299 3549 4337 suam

1976 4380 2340 4450 cupiditatem,
2373 4389 2422 4434 et
2455 4379 2652 4432 Christi
2683 4387 2827 4433 metu
2856 4388 3120 4448 tamquam
3151 4376 3303 4433 freno
3334 4377 3546 4446 injecto,

1977 4487 2045 4527 ne
2071 4470 2294 4525 ulterius
2336 4470 2722 4538 progrediatur,
2766 4470 3020 4537 impetum
3059 4483 3327 4533 coercere,
3359 4477 3413 4522 et
3454 4468 3552 4521 im-

1977 4563 2154 4634 pudici
2186 4562 2341 4632 hujus
2367 4560 2616 4616 desiderii
2648 4575 2889 4630 Spumant
2917 4575 3127 4613 onmem
3154 4560 3474 4629 abstergere,
3498 4567 3554 4613 et

1976 4654 2045 4709 ad
2073 4653 2474 4723 temperantiam
2513 4654 2789 4708 reducere.
2815 4652 2931 4707 Jam
2957 4668 3082 4707 vero
3111 4652 3175 4706 ad
3201 4663 3393 4706 terram
3416 4669 3552 4722 quo-

1977 4761 2081 4816 que
2104 4745 2416 4814 reSpicieus,
2450 4743 2642 4814 poterit
2671 4744 2823 4798 facile
2863 4743 3224 4813 philosophari
3265 4743 3330 4797 de
3369 4758 3550 4797 resur-

1977 4838 2234 4904 rectione,
2271 4845 2326 4891 et
2357 4834 2497 4906 quod
2541 4835 2608 4890 de
2653 4851 2713 4889 ea
2759 4836 2949 4890 dicitur
2993 4838 3282 4904 suscipere.
3333 4835 3554 4902 Quando

1979 4931 2120 4986 enim
2153 4929 2337 4984 viderit
2367 4937 2562 4983 terram
2593 4928 2838 4997 excipere
2875 4927 3102 4981 solidum
3143 4929 3386 4982 frumenti
3429 4943 3550 4997 gra-

1980 5037 2140 5086 num,
2187 5018 2380 5074 deinde
2433 5019 2578 5087 prius
2624 5018 2949 5083 dissolvere,
2999 5027 3054 5072 et
3093 5018 3454 5086 putrefaeere,
3503 5028 3554 5072 et

1979 5112 2146 5166 multo
2170 5111 2389 5165 meliora
2417 5125 2605 5179 parere
2639 5125 2652 5161 :
2683 5109 2894 5178 quando
2923 5109 3112 5162 viderit
3140 5111 3346 5164 vineam
3379 5109 3556 5163 hieme

1979 5201 2144 5269 foliis,
2187 5211 2242 5256 et
2283 5199 2566 5270 pampinis,
2614 5210 2667 5254 et
2714 5202 2878 5254 botris
2931 5201 3208 5266 nudatam,
3255 5202 3554 5272 lignumque

1981 5293 2154 5364 ipsum
2183 5294 2409 5356 aridum,
2451 5294 2588 5346 sicut
2630 5307 2748 5347 ossa
2795 5293 2962 5356 arida,
3005 5293 3198 5348 deinde
3239 5295 3555 5346 adventante

1979 5399 2105 5440 vere
2133 5400 2346 5439 onmem
2387 5399 2534 5438 suam
2565 5385 2802 5453 recipere
2831 5385 3063 5454 speciem
3093 5400 3107 5438 :
3153 5385 3203 5437 itt
3243 5384 3554 5452 corporibus

1983 5479 2278 5548 plantarum
2307 5487 2360 5532 et
2389 5481 2678 5542 seminum,
2709 5493 2825 5547 qua:
2854 5487 3138 5546 resurgunt
3163 5487 3438 5546 postquam
3471 5477 3551 5530 in-

1985 5579 2240 5634 tertertnt,
2267 5569 2459 5638 poterit
2497 5568 2564 5623 de
2591 5583 2683 5622 sua
2713 5585 2920 5638 quoque
2963 5584 3122 5623 Carne
3168 5568 3550 5637 philosophari.

1978 5659 2192 5718 Rursus
2219 5671 2396 5718 autem
2427 5663 2751 5733 diligentiam
2794 5673 2847 5717 et
2885 5663 3082 5718 laboris
3125 5663 3352 5715 studium
3391 5662 3555 5716 discet

1980 5769 2009 5806 a
2040 5753 2276 5820 formica,
2319 5755 2385 5809 ab
2419 5770 2519 5824 ape
2552 5764 2728 5809 autem
2778 5754 2984 5808 honesti
3032 5768 3292 5817 amorem,
3336 5753 3565 5808 societam

1985 5857 2219 5919 temque,
2251 5859 2304 5905 et
2337 5850 2474 5904 inter
2519 5863 2578 5905 sc
2619 5847 3068 5916 commuttionem,
3105 5849 3240 5904 sicut
3274 5847 3402 5903 dicit
3430 5847 3554 5902 Pro-
