4108 6344
527 393 634 447 285

523 508 764 562 verbium
798 526 813 563 :
853 504 993 562 Vade
1021 503 1098 562 ad
1119 508 1404 580 formicam,
1435 525 1466 561 o
1496 507 1656 576 piger,
1690 515 1736 559 et
1764 505 1962 558 imitare
2000 504 2106 557 vias

524 604 652 670 eius,
679 612 727 656 et
753 603 823 658 sis
850 603 942 657 illa
971 604 1266 673 sapientior.
1312 600 1440 657 Cum
1486 602 1618 654 enim
1646 600 1723 652 illi
1752 615 1852 652 non
1897 599 1960 651 sit
1989 613 2110 667 ager

518 711 667 767 quem
691 697 846 763 colat,
877 711 969 750 nec
1015 695 1151 749 ullus
1181 711 1293 749 eam
1333 703 1501 765 cogat,
1542 709 1632 746 nec
1673 693 1738 746 sit
1775 691 1828 745 in
1868 700 2109 762 potestate

521 788 732 852 domini,
780 798 928 857 parat
956 797 1128 842 wstate
1164 788 1482 850 alimentum,
1513 797 1561 840 et
1590 787 1642 839 in
1677 795 1901 854 tempore
1935 786 2108 839 messis

519 895 758 950 magnum
799 880 921 950 facit
950 896 1201 932 acervum.
1267 878 1355 932 Vel
1400 879 1524 932 vade
1562 877 1630 930 ad
1674 893 1841 947 apem,
1880 886 1930 930 et
1972 876 2109 930 disce

523 971 655 1035 ruod
683 972 750 1024 sit
794 972 1049 1041 aperaria,
1101 975 1245 1042 cujus
1295 971 1492 1025 labores
1534 987 1674 1042 reges
1719 979 1766 1024 et
1814 971 1993 1040 privati
2039 971 2108 1022 ad

517 1062 787 1116 sanitatem
817 1061 1057 1129 offerunt.
1091 1063 1242 1133 Atqui
1285 1063 1401 1116 licet
1429 1063 1492 1116 sit
1521 1061 1774 1116 imbecilla
1803 1062 2016 1127 viribus,
2053 1071 2108 1114 ut

515 1167 632 1218 qua:
657 1155 960 1224 sapientiam
994 1154 1275 1218 honorarit,
1306 1165 1536 1224 provecta
1561 1163 1632 1208 est
1658 1152 1840 1226 (Prov.
1872 1152 1924 1208 6.
1957 1152 2104 1222 6-8).

520 1241 639 1313 Ipsa
667 1245 809 1299 enim
845 1245 962 1315 apis
1001 1260 1187 1300 rursus
1229 1254 1401 1300 tecum
1441 1253 1581 1314 aget,
1631 1260 1700 1300 ne
1744 1243 2104 1314 nequidquam

521 1335 969 1408 pulchritudinem
1020 1352 1303 1408 corporum
1359 1337 1672 1404 admireris,
1729 1336 1942 1407 quando
1998 1353 2104 1392 non

518 1430 674 1486 adest
699 1431 868 1485 virtus
910 1431 1104 1484 anima:
1147 1447 1162 1484 :
1206 1445 1305 1485 nec
1347 1429 1739 1484 deformitatem
1788 1430 2100 1500 vilipendas,

519 1521 734 1592 quando
762 1521 922 1578 fuerit
951 1522 1171 1592 pulchre
1215 1533 1436 1576 ornatus
1475 1523 1705 1578 animus.
1741 1523 1893 1592 Quod
1933 1523 2104 1593 ipsum

518 1630 732 1686 quoque
778 1615 1087 1686 significans
1130 1615 1340 1670 dicebat
1379 1613 1752 1669 Partemiastes
1795 1632 1808 1669 ε
1845 1614 2015 1669 Parva
2051 1615 2106 1670 in

518 1709 802 1764 volucribus
827 1710 961 1779 apis,
993 1718 1038 1763 et
1067 1709 1370 1780 principium
1398 1709 1719 1762 dulcedinum
1759 1712 1951 1779 fructus
1995 1710 2106 1778 ejus

518 1799 708 1868 (Eccli.
734 1803 822 1856 11.
851 1802 929 1871 5).
959 1801 1145 1872 Cogita
1174 1801 1302 1854 mihi
1329 1802 1593 1868 volucres,
1617 1810 1670 1855 et
1693 1816 1907 1856 omnem
1935 1802 2106 1871 philo-

517 1891 761 1962 sophiam
787 1908 855 1949 ex
893 1894 974 1948 eis
1013 1893 1288 1962 suscipies.
1317 1891 1575 1960 Quocirca
1620 1891 1861 1948 Christus
1895 1889 2106 1963 qucque

517 1984 731 2040 dicebat
762 2003 775 2038 :
816 1984 1069 2057 Respicite
1097 1987 1321 2040 volucres
1347 1985 1481 2051 cadi,
1513 2001 1624 2056 quae
1665 2001 1756 2039 nec
1793 1995 1984 2053 serunt,
2015 2002 2105 2040 nec

517 2087 729 2143 metunt,
763 2087 808 2131 ct
835 2076 992 2131 Pater
1020 2087 1180 2131 vester
1199 2077 1410 2130 cwlestis
1441 2092 1524 2129 eas
1547 2076 1638 2129 alit
1670 2075 1882 2146 (Matth.
1908 2077 1959 2131 6.
1987 2076 2100 2147 26).

518 2168 574 2222 Si
598 2168 741 2222 enim
764 2183 883 2238 qua:
909 2176 1032 2221 sunt
1063 2167 1285 2221 rationis
1325 2167 1561 2236 expertia
1601 2182 1708 2222 non
1747 2177 1872 2222 sunt
1908 2167 1976 2222 de
2007 2169 2104 2222 ali-

521 2261 714 2314 mentis
745 2260 990 2324 sollicita,
1021 2258 1289 2330 quomodo
1319 2268 1370 2314 te
1390 2259 1665 2325 defendes,
1693 2261 1780 2330 qui
1807 2275 1874 2316 ue
1902 2269 2102 2316 tantum

519 2350 737 2419 quidem
791 2350 1033 2405 ostendis
1087 2366 1264 2404 rerum
1314 2353 1656 2420 prmsentium
1703 2361 2100 2422 contemptum,

518 2449 771 2509 quantum
793 2441 954 2495 aves?
974 2440 1124 2506 Quod
1145 2440 1188 2494 si
1212 2441 1342 2495 velis
1358 2441 1516 2495 etiam
1541 2451 1786 2496 ornatum
1803 2442 2100 2512 despicere,

517 2531 786 2586 docebunt
819 2542 871 2587 te
917 2531 1078 2588 flores
1119 2533 1250 2603 agri,
1295 2548 1363 2587 ne
1409 2533 1462 2586 in
1513 2542 1565 2588 te
1600 2535 1840 2589 ornando
1881 2536 2102 2592 nimium

517 2622 675 2676 studii
704 2632 757 2677 et
785 2638 962 2692 operae
993 2639 1180 2695 ponas.
1210 2623 1361 2690 Quod
1397 2623 1571 2694 ipsum
1613 2641 1823 2696 quoque
1858 2627 2103 2684 Christus

515 2715 818 2785 significans
846 2715 1060 2772 dicebat
1100 2733 1113 2770 :
1148 2715 1403 2787 Respicite
1451 2718 1562 2770 lilia
1604 2719 1733 2788 agri,
1777 2737 1932 2788 neque
1962 2730 2098 2788 nent,

515 2821 675 2874 neque
703 2805 956 2860 laborant.
993 2807 1149 2860 Amen
1174 2807 1286 2860 dico
1316 2806 1473 2874 vobis,
1501 2824 1591 2862 nec
1629 2809 1874 2864 Salomon
1900 2811 2102 2880 quidem

513 2897 815 2952 induebatur
839 2909 894 2953 ut
921 2915 1076 2952 unum
1106 2915 1170 2954 ea:
1190 2900 1268 2953 his
1298 2899 1508 2971 (Matth.
1537 2901 1589 2956 6.
1622 2901 1678 2957 8.
1713 2902 1826 2973 ς39).
1849 2902 1982 2958 Cum
2004 2905 2104 2959 ita-

513 3005 620 3060 que
661 2991 890 3046 vesuum
937 3001 1185 3047 ornatum
1229 3007 1418 3048 curare
1463 2994 1717 3062 volueris,
1748 2996 1919 3066 cogita
1956 2998 2100 3067 quod

517 3075 999 3153 quantumcumque
1026 3083 1385 3150 contenderis,
1431 3085 1532 3139 erit
1571 3101 1735 3155 penes
1781 3087 1980 3144 foenum
2020 3089 2100 3144 vi-

512 3171 705 3236 ctoria,
735 3188 832 3227 nec
859 3173 1057 3242 poteris
1083 3189 1202 3228 cum
1236 3174 1325 3228 illo
1357 3183 1667 3230 concertare
1693 3191 1706 3231 :
1733 3185 1788 3231 et
1817 3177 1954 3234 hanc
1981 3194 2100 3234 ara-

515 3263 658 3316 tione
686 3263 911 3318 alienam
942 3265 1201 3319 insaniam
1232 3267 1546 3336 comprime.
1576 3266 1742 3321 Multa
1765 3284 1973 3339 quoque
1992 3273 2095 3326 alia

514 3353 861 3422 philosophia:
886 3353 1202 3410 documenta
1233 3365 1288 3410 et
1310 3373 1376 3412 ex
1399 3357 1585 3424 brutis,
1619 3366 1674 3413 et
1694 3374 1758 3414 ex
1782 3359 2020 3430 ﬂoribus,
2045 3371 2100 3419 et

512 3459 576 3498 es
603 3445 894 3500 seminibus
919 3447 1034 3516 capi
1060 3455 1304 3516 possunt.

587 3531 772 3586 Omnia
815 3552 968 3604 opera
1006 3533 1104 3590 Dei
1142 3537 1421 3605 gratiarum
1454 3537 1705 3592 actionem
1750 3541 1970 3595 excitare
1993 3541 2100 3596 de—

512 3626 644 3679 bent.
665 3655 734 3665 —
759 3627 812 3682 5.
845 3627 1102 3698 Confessio
1127 3638 1172 3681 et
1209 3629 1584 3700 magniﬁcentia
1629 3647 1756 3701 opus
1801 3633 1928 3702 ejus.
1986 3632 2099 3690 Hoc

513 3725 616 3780 est,
647 3717 1057 3787 unumquodque
1083 3734 1217 3789 opus
1247 3720 1362 3788 ejus
1395 3737 1408 3774 :
1452 3736 1625 3792 neque
1651 3723 1794 3776 enim
1828 3721 1941 3779 hrrc
1969 3723 2098 3780 dicit

510 3808 580 3861 de
607 3823 714 3862 uno
739 3823 922 3878 opere.
957 3809 1108 3864 Alius
1134 3820 1310 3865 autem
1357 3811 1620 3882 interpres
1643 3813 1776 3869 dixit
1805 3833 1819 3870 :
1865 3813 2007 3871 Laus
2047 3829 2097 3874 et

511 3902 735 3971 dignitas
772 3903 995 3973 Operatio
1038 3904 1182 3973 ejus;
1229 3903 1314 3958 hic
1356 3920 1506 3970 vero,
1542 3904 1823 3979 Confessio,
1858 3909 1959 3965 hoc
1987 3923 2092 3978 est,

510 3993 796 4060 gratiarum
825 3994 966 4048 actio
988 4003 1043 4049 et
1068 3995 1259 4064 gloria.
1291 3995 1720 4069 Unumquodque
1739 4001 1881 4056 enim
1906 4017 2095 4059 eorum

511 4100 631 4153 qua:
658 4085 904 4142 videntur
931 4087 1148 4154 sufﬁcit,
1188 4100 1244 4142 ut
1282 4090 1577 4147 deducatur
1601 4105 1872 4162 spectator
1895 4099 1960 4152 ad
1999 4099 2096 4171 hy-

512 4193 754 4233 mnorum
781 4189 1012 4244 cantum,
1039 4180 1106 4235 ad
1136 4181 1368 4248 laudem,
1394 4183 1459 4237 ad
1483 4184 1949 4254 gloriﬁcationem.
1977 4190 2092 4247 Non

511 4268 633 4324 licet
662 4269 860 4338 dicere,
898 4271 1073 4338 Quare
1113 4273 1254 4328 hoc?
1282 4275 1346 4329 ad
1387 4277 1513 4346 quid
1559 4276 1698 4333 hoc?
1740 4280 1834 4336 sed
1863 4285 2096 4340 teuebra:

511 4368 563 4411 et
593 4357 728 4424 dies,
772 4359 939 4415 fames
977 4370 1032 4416 et
1057 4363 1400 4432 abundantia,
1435 4367 1666 4422 solitudo
1693 4379 1748 4424 et
1777 4379 1916 4426 terra
1947 4373 2099 4428 inha-

511 4449 760 4516 bitabilis,
796 4461 936 4506 terra
969 4453 1177 4524 pinguis
1209 4456 1327 4511 laeta
1370 4468 1572 4528 segete,
1611 4461 1717 4516 vita
1751 4471 1804 4517 et
1833 4479 2000 4532 mors,
2042 4476 2098 4522 et

511 4555 860 4612 quzecumque
899 4543 1165 4612 videntur,
1197 4547 1260 4601 iis
1295 4550 1385 4618 qui
1416 4565 1478 4604 ea
1521 4551 1804 4622 diligenter
1827 4555 2091 4623 ediscunt,

510 4630 783 4687 sufficiunt
803 4633 869 4689 ad
893 4637 1231 4692 excitandum
1266 4655 1360 4696 eos
1393 4641 1460 4696 ad
1486 4645 1772 4714 gratiarum
1804 4645 2088 4703 actionem.

514 4724 628 4780 lloc
657 4741 752 4795 per
782 4728 1065 4796 quemdam
1093 4731 1410 4802 pr0phetam
1439 4735 1583 4791 Deus
1613 4738 1918 4808 significans
1958 4741 2096 4798 dice-

510 4815 621 4881 bat,
661 4819 918 4888 supplicia
949 4836 1151 4892 ponens
1183 4840 1278 4893 pro
1305 4825 1563 4881 beneﬁcio
1605 4846 1618 4883 :
1652 4828 1822 4884 Everti
1858 4849 1941 4885 eos
1967 4835 2096 4887 sicut

506 4908 674 4961 evertit
687 4907 821 4964 Deus
834 4910 1110 4966 Sodomam
1125 4924 1168 4968 et
1184 4914 1537 4979 Gomorrham,
1555 4922 1778 4990 percussi
1793 4939 1875 4976 eos
1892 4925 2096 4994 inﬂam-

506 5003 724 5056 matione
752 5013 798 5058 et
828 5005 1000 5059 morbo
1018 5008 1156 5078 regio
1177 5007 1373 5078 (Amos.
1400 5010 1452 5064 4.
1478 5012 1562 5066 11.
1589 5011 1668 5083 9).
1695 5014 1758 5068 Ει
1785 5031 1970 5070 rursus
2001 5033 2095 5086 per

504 5092 668 5147 alium
691 5112 704 5148 :
723 5092 896 5150 Eduxi
908 5113 993 5151 eos
1009 5113 1034 5151 e
1054 5107 1187 5152 terra
1204 5099 1444 5172 Egypti,
1465 5113 1512 5154 et
1531 5121 1557 5156 e
1577 5104 1724 5182 domo
1741 5108 1990 5162 servitutis
2011 5125 2094 5163 eos

509 5184 696 5238 redemi
719 5185 904 5258 (Mich.
927 5189 981 5245 6.
1000 5187 1088 5262 4);
1111 5205 1390 5247 assumens
1416 5195 1670 5264 supplicia
1686 5197 1738 5251 in
1755 5199 2092 5254 beneficium.

510 5275 583 5331 Ita
614 5278 730 5334 haec
757 5279 914 5335 etiam
944 5298 958 5334 :
991 5298 1113 5338 nam
1154 5283 1270 5339 hare
1295 5301 1508 5356 quoque
1539 5288 1797 5345 beneficio
1833 5292 2090 5359 afficiunt,

504 5375 798 5442 corrigunt,
829 5373 1102 5441 erudiunt,
1133 5376 1416 5446 castigant,
1447 5379 1632 5433 vitium
1678 5393 1944 5438 resecant.
1986 5383 2094 5438 llo-

503 5463 678 5520 mines
703 5465 844 5520 enim
868 5465 984 5522 haec
1007 5467 1220 5537 quidem
1252 5467 1453 5523 faciunt
1475 5483 1532 5524 ut
1552 5471 1809 5528 beneﬁcio
1835 5474 2087 5540 afficiant,

505 5552 596 5607 illa
625 5569 756 5610 vero
781 5556 922 5626 quod
950 5557 1074 5612 odio
1104 5557 1337 5614 habeant
1363 5569 1418 5615 et
1445 5573 1759 5618 aversentur
1788 5585 1802 5620 :
1835 5566 1975 5620 Deus
1997 5581 2094 5621 au-

506 5652 615 5699 tem
665 5648 845 5703 omnia
889 5648 1016 5704 facit
1050 5649 1333 5706 dilectione
1388 5665 1602 5710 motus:
1642 5659 2090 5726 quemadmodum

505 5736 774 5795 beneficio
792 5740 1029 5796 afficiens
1055 5743 1229 5810 posuit
1265 5744 1316 5797 in
1331 5746 1598 5814 paradiso,
1624 5757 1678 5802 et
1691 5748 1952 5804 beneﬁcio
1975 5750 2093 5804 alli-

503 5832 657 5894 ciens
677 5831 838 5907 ejecit
859 5853 888 5892 e
907 5835 1153 5905 paradiso
1183 5853 1195 5891 :
1231 5836 1488 5895 beneficio
1515 5841 1753 5896 alliciens
1773 5840 1990 5899 immisit
2012 5845 2087 5899 di-

1235 395 1293 449 S.
1333 389 1613 450 JOANNIS
1648 385 2125 448 CHRYSOSTOMI
2167 386 2484 444 AllClllEP.
2525 367 3065 446 CONSTANTINOP.

3690 393 3798 452 284

2221 503 2440 567 luvium,
2467 514 2522 560 et
2565 505 2824 560 beneficio
2845 506 3086 562 afficiens
3114 506 3167 560 in
3195 505 3425 562 Sodoma
3456 507 3601 562 illum
3624 509 3799 579 ignem

2214 592 2478 662 jaculatus
2513 604 2615 650 est.
2648 595 2715 650 Et
2748 597 3002 668 quidquid
3047 597 3245 653 dixeris
3290 599 3358 654 ab
3391 613 3462 654 eo
3501 609 3799 670 gestorum,

2217 687 2629 757 unumquodque
2656 689 2778 743 facit
2815 689 2882 744 ad
2921 689 3258 746 beneficium.
3292 690 3561 748 Beuehcno
3588 709 3801 764 quoque

2215 777 2473 843 afficiens,
2504 779 2801 848 gehennam
2829 781 3060 836 minatus
3081 793 3164 838 est
3191 799 3205 835 :
3233 791 3288 838 et
3309 783 3451 838 sicut
3475 793 3652 855 patres
3689 799 3797 841 non

2215 873 2390 927 solum
2423 873 2757 943 indulgentes
2788 873 2931 940 filiis,
2971 874 3066 929 sed
3102 875 3262 930 etiam
3302 875 3670 942 verberantes,
3715 894 3800 947 pa-

2217 970 2324 1017 tres
2346 973 2502 1017 sunt:
2533 978 2634 1018 nec
2659 967 2834 1018 minus
2855 965 3218 1030 verberantes,
3241 981 3400 1037 quam
3423 967 3756 1039 indulgentes
3781 987 3792 1019 :

2215 1057 2286 1111 ita
2315 1060 2475 1110 etiam
2502 1055 2664 1112 Deus.
2691 1054 3050 1123 Quamobrem
3078 1057 3277 1114 Paulus
3305 1073 3519 1130 quoque
3543 1059 3752 1114 dicebat
3779 1078 3793 1113 :

2218 1149 2343 1214 Quis
2371 1158 2444 1204 est
2471 1150 2604 1204 enim
2633 1150 2794 1219 ﬁlius,
2815 1163 2963 1221 quem
2986 1167 3088 1205 non
3112 1151 3324 1222 castigat
3339 1151 3684 1223 pater(Hebr.
3705 1151 3791 1207 12.

2215 1241 2308 1310 7)?
2337 1241 2404 1295 Et
2431 1239 2682 1296 Salomon
2717 1260 2731 1296 :
2763 1244 2922 1308 Quem
2954 1243 3090 1297 enim
3123 1243 3290 1314 diligit
3332 1243 3600 1312 Dominus,
3640 1246 3796 1300 casti-

2212 1342 2318 1402 gat,
2349 1332 2574 1402 ﬂagellat
2598 1343 2766 1387 autem
2793 1350 2991 1388 omnem
3016 1335 3181 1404 ﬁlium
3204 1351 3352 1404 quem
3388 1337 3589 1408 recipit.
3626 1335 3794 1391 Justi-

2212 1423 2283 1475 tia
2317 1424 2427 1494 ejus
2451 1433 2618 1478 manet
2647 1425 2700 1478 in
2728 1424 2972 1479 sarculum
2992 1427 3168 1481 steculi
3195 1425 3377 1497 (Prov.
3405 1428 3459 1484 5.
3491 1427 3605 1501 12).

2281 1515 2339 1568 4.
2382 1515 2493 1571 Hoc
2517 1515 2647 1571 mihi
2675 1516 2886 1572 videtur
2912 1518 2999 1573 hic
3019 1517 3200 1574 dicere
3227 1528 3446 1590 propter
3483 1536 3578 1577 eos
3604 1521 3694 1592 qui
3720 1520 3794 1576 of-

2214 1605 2503 1662 fenduntur
2529 1624 2595 1663 ex
2629 1609 2792 1664 rebus
2818 1608 3076 1673 adversis,
3108 1625 3228 1680 quce
3266 1621 3460 1680 praeter
3486 1626 3638 1682 spem
3675 1613 3795 1682 qui—

2211 1699 2434 1756 busdam
2485 1703 2759 1767 eveniunt,
2803 1701 3187 1774 propemodum
3229 1703 3309 1760 eis
3351 1703 3581 1760 suadens
3623 1713 3678 1761 et
3713 1705 3795 1762 di-

2211 1805 2341 1846 cens
2361 1808 2375 1846 :
2394 1791 2470 1847 Ne
2486 1793 2822 1849 conturberis
2834 1795 2877 1848 si
2903 1794 3080 1850 videas
3106 1795 3348 1850 homines
3367 1811 3464 1866 per
3473 1798 3790 1854 calumniam

2211 1883 2439 1945 delatos.
2465 1884 2726 1940 molestiis
2752 1885 2994 1949 affectos,
3017 1897 3071 1942 et
3097 1887 3233 1942 mala
3255 1888 3470 1960 indigne
3491 1891 3749 1958 patientes
3773 1909 3789 1946 :

2212 1983 2390 2029 manet
2408 1975 2551 2030 enim
2581 1975 2942 2047 incorruptum
2963 1978 3238 2047 judicium,
3273 1988 3451 2034 manet
3477 1995 3607 2050 pura
3635 1991 3687 2036 et
3709 1983 3791 2035 in-

2213 2075 2358 2137 tegra
2388 2068 2676 2133 sententia,
2721 2083 2841 2137 qua:
2878 2083 2975 2138 pro
3005 2069 3208 2124 meritis
3256 2071 3540 2141 unicuique
3588 2072 3788 2127 ttilnut.

2210 2159 2364 2227 Quod
2390 2161 2435 2216 si
2457 2175 2576 2214 eam
2603 2175 2750 2216 nunc
2777 2161 3029 2230 postules,
3064 2163 3186 2216 vide
3214 2177 3282 2218 ne
3321 2165 3372 2217 in
3423 2165 3650 2234 teipsum
3681 2167 3788 2234 pri~

2211 2267 2355 2307 mum
2377 2251 2695 2308 sententiam
2717 2251 2976 2322 proferas.
2998 2251 3052 2308 Si
3077 2253 3216 2307 enim
3241 2253 3292 2306 in
3316 2269 3635 2324 unoquoque
3663 2271 3784 2325 pec-

2208 2356 2328 2400 cato
2358 2344 2500 2400 Deus
2529 2344 2750 2399 inferret
2773 2345 3086 2414 supplicium
3111 2355 3166 2400 et
3194 2346 3246 2399 in
3278 2360 3400 2400 reos
3418 2345 3655 2416 singulos
3679 2346 3790 2400 cal-

2208 2437 2386 2492 culum
2416 2439 2597 2502 ferret,
2627 2436 2736 2506 jam
2765 2435 2894 2496 olim
2922 2435 2992 2491 de
3021 2436 3199 2492 medio
3225 2437 3493 2491 sublatum
3525 2447 3669 2492 esset
3695 2435 3791 2490 hu-

2208 2543 2425 2583 manum
2455 2542 2642 2598 genus.
2669 2527 2736 2582 Et
2762 2527 2891 2598 quid
2919 2527 3039 2582 dico
3063 2527 3204 2583 hunc
3247 2538 3342 2584 aut
3379 2529 3562 2583 illum?
3587 2527 3790 2599 Supre-

2208 2633 2354 2673 mum
2384 2617 2526 2673 enim
2555 2616 2794 2672 omnium
2825 2617 3097 2672 hominum
3140 2619 3192 2674 in
3235 2620 3468 2675 medium
3499 2619 3790 2688 adducens,

2207 2711 2310 2766 hoc
2334 2711 2572 2768 conabor
2595 2711 2885 2767 ostendere
2914 2728 2928 2764 :
2959 2712 3180 2768 Paulum
3227 2729 3419 2783 nempe
3457 2714 3602 2768 illum
3647 2714 3792 2770 orbis

2209 2813 2366 2859 terra:
2394 2819 2718 2875 praeconem,
2746 2805 2837 2875 qui
2867 2804 2919 2858 iu
2967 2805 3178 2860 tertium
3227 2806 3416 2862 cailum
3462 2816 3648 2877 raptus
3685 2817 3788 2868 est.

2205 2896 2297 2967 qui
2328 2897 2380 2950 in
2406 2896 2712 2967 paradisum
2741 2896 2840 2950 fuit
2857 2896 3120 2963 sublatus,
3147 2896 3239 2966 qui
3265 2894 3364 2952 fuit
3392 2898 3790 2955 tremendorum

2205 2997 2663 3043 sacramentorum
2684 2987 2976 3058 particeps,
3005 3002 3099 3042 vss
3119 2988 3416 3054 electionis,
3442 2988 3642 3044 Christi
3669 3005 3791 3060 pro-

2205 3079 2400 3147 nubus,
2431 3079 2523 3150 qui
2549 3079 2783 3136 ostendit
2801 3080 3100 3150 angelicam
3123 3080 3244 3136 vitae
3268 3081 3674 3150 institutionem,
3697 3087 3789 3156 qui

2205 3173 2416 3227 virtutis
2440 3171 2674 3227 studium
2703 3181 2906 3227 tantum
2933 3172 3085 3228 adiit.
3115 3172 3174 3228 Si
3207 3174 3350 3228 enim
3391 3176 3648 3232 uoluisset
3671 3192 3791 3235 esse

2207 3267 2342 3322 leuis
2371 3277 2424 3322 et
2449 3267 2678 3336 patiens,
2709 3281 2938 3334 eumque
2964 3269 3252 3331 sustinere,
3291 3267 3386 3321 sed
3424 3268 3641 3338 quando
3668 3285 3791 3340 pec~

2203 3359 2378 3424 cabat,
2422 3357 2831 3428 blasphemabat
2867 3367 2923 3413 et
2967 3359 3406 3428 persequebatur,
3453 3363 3695 3429 protinus
3734 3362 3789 3417 in

2204 3465 2325 3506 eum
2351 3451 2549 3520 justam
2581 3449 2790 3506 tulisset
2815 3449 3154 3514 sententiam,
3177 3449 3286 3520 jam
3326 3449 3451 3505 olim
3483 3451 3790 3522 praeripuis-

2203 3554 2288 3601 set
2321 3561 2444 3600 eum
2484 3545 2834 3616 poenitentiae.
2865 3545 3126 3614 Quocirca
3153 3545 3268 3615 ipse
3293 3561 3504 3616 quoque
3530 3561 3650 3600 cum
3673 3546 3788 3602 lucc

2203 3638 2384 3705 sciret,
2413 3637 2623 3693 dicebat
2649 3654 2662 3692 :
2692 3635 2926 3693 Gratiam
2953 3637 3111 3692 habeo
3137 3636 3338 3692 Christo
3363 3640 3450 3706 qui
3477 3655 3554 3692 me
3581 3643 3788 3710 confor-

2203 3729 2342 3796 tavit,
2370 3731 2507 3798 quod
2525 3746 2604 3783 me
2626 3730 2826 3798 ﬁdelem
2848 3729 3170 3793 existimavit,
3199 3745 3388 3799 ponens
3413 3730 3464 3783 in
3478 3731 3789 3794 ministerio,

2202 3823 2289 3894 qui
2313 3823 2455 3890 prius
2481 3838 2619 3875 nam
2644 3821 2982 3892 blasphemus,
3007 3830 3053 3875 et
3083 3829 3426 3891 persequutor,
3458 3830 3505 3874 et
3533 3831 3788 3876 contume-

2204 3917 2358 3970 liosus
2383 3931 2401 3966 :
2433 3914 2520 3980 sed
2542 3914 2938 3969 misericordiam
2971 3923 3309 3984 consequutus
3345 3929 3479 3980 sum,
3521 3925 3575 3967 ut
3617 3916 3670 3969 in
3707 3931 3787 3969 uta

2203 4009 2368 4080 primo
2397 4007 2678 4062 ostenderet
2707 4023 2902 4060 omnem
2941 3992 3253 4076 patientiam,
3287 4005 3355 4058 ad
3382 4004 3786 4077 informationem

2202 4115 2398 4165 eorum,
2426 4099 2514 4169 qui
2538 4097 2776 4152 credituri
2797 4107 2910 4151 sunt
2930 4097 3009 4151 illi
3029 4098 3081 4150 in
3101 4098 3254 4150 vitam
3278 4107 3518 4151 (sternam
3543 4098 3618 4170 (l.
3647 4096 3782 4152 Tim.

2205 4192 2257 4246 1.
2288 4189 2374 4245 19..
2410 4191 2497 4245 15.
2525 4190 2636 4261 16).
2661 4188 2796 4257 Quid
2817 4198 3016 4257 autem,
3053 4189 3390 4243 meretricem
3424 4187 3470 4243 si
3507 4189 3782 4258 puniisset,

2203 4283 2540 4353 quandonam
2566 4295 2820 4338 conversa
2851 4282 3034 4336 fuisset
3060 4281 3210 4353 (Luc.
3240 4283 3292 4335 7.
3321 4283 3408 4338 57.
3435 4281 3610 4353 sqq.)?
3647 4283 3782 4349 Quid

2202 4389 2332 4428 vero
2354 4373 2692 4444 publicanum
2714 4372 3040 4438 Manlianum,
3063 4373 3106 4426 si
3133 4387 3238 4443 quo
3255 4381 3496 4444 tempore
3519 4373 3782 4442 publicani

2202 4466 2377 4520 ofticio
2397 4465 2732 4536 fungebatur,
2755 4475 2883 4520 ante
2914 4465 3258 4520 mutationem
3287 4480 3475 4536 poenas
3493 4465 3560 4521 ab
3577 4480 3643 4521 eo
3661 4481 3786 4520 exe-

2201 4558 2388 4628 gisset,
2431 4573 2606 4611 annon
2635 4557 2963 4626 poenitentia:
2992 4556 3136 4610 illum
3167 4557 3531 4626 praeripuisset
3571 4556 3780 4628 (Matth.

2201 4649 2256 4705 9.
2307 4649 2401 4720 9}?
2449 4649 2524 4704 lta
2572 4649 2731 4704 etiam
2783 4648 3044 4702 latronem
3090 4645 3239 4719 (Luc.
3278 4648 3368 4704 25.
3397 4647 3511 4720 40),
3558 4649 3629 4703 ita
3673 4663 3786 4702 ma-

2201 4755 2297 4812 gns
2339 4740 2550 4811 (Matth.
2575 4738 2726 4804 ΞΛ),
2773 4739 2845 4793 ita
2881 4741 3040 4793 etiam
3075 4754 3503 4810 unumquemque
3542 4749 3786 4809 peccato~

2202 4850 2337 4889 rem.
2365 4833 2500 4888 Iram
2525 4833 2703 4903 itaque
2729 4834 2976 4896 sustinet,
3007 4839 3061 4884 et
3102 4845 3198 4900 pro
3229 4831 3435 4886 meritis
3471 4831 3783 4886 retributio-

2202 4943 2346 4993 nem,
2375 4941 2573 4981 vocans
2601 4926 2844 4979 homines
2865 4925 2929 4979 ad
2954 4924 3338 4994 paenitentiam.
3363 4924 3516 4990 Quod
3543 4924 3589 4978 si
3616 4938 3643 4976 a
3665 4938 3784 4978 cor-

2203 5020 2440 5073 rectione
2461 5018 2622 5071 alieni
2647 5016 2959 5081 manserint,
2984 5015 3180 5085 justam
3204 5016 3423 5070 omnino
3443 5016 3784 5070 sustinebunt

2201 5109 2544 5166 sententiam.
2575 5109 2837 5175 Quocirca
2883 5107 3138 5178 prepheta
3166 5123 3260 5162 eos
3301 5108 3391 5178 qui
3436 5108 3627 5177 injuria
3667 5106 3783 5160 affi-

2201 5203 2435 5268 ciuutur,
2465 5201 2775 5266 consolans,
2811 5209 2867 5256 et
2888 5215 2982 5255 eos
3007 5200 3098 5267 qui
3123 5200 3369 5268 iujuriam
3402 5200 3638 5255 inferunt
3665 5199 3782 5253 olli-

2198 5296 2267 5350 cii
2304 5294 2618 5359 admonens,
2650 5293 2922 5362 subjunxit
2961 5292 3092 5347 illud
3121 5311 3134 5347 :
3161 5291 3370 5346 Iustitia
3398 5294 3508 5363 ejus
3535 5301 3701 5346 manet
3729 5293 3782 5344 in

2200 5386 2458 5439 saxulum.
2488 5383 2642 5452 Quod
2669 5393 2845 5439 autem
2890 5383 3002 5438 vult
3028 5399 3122 5454 per
3151 5383 3253 5439 hoc
3297 5384 3497 5448 dicere,
3528 5391 3612 5438 est
3639 5382 3785 5452 ejus-

2201 5477 2342 5531 modi
2378 5496 2391 5531 :
2422 5474 2530 5530 Nec
2561 5484 2639 5538 tu,
2680 5475 2773 5544 qui
2813 5475 3003 5543 injuria
3037 5474 3287 5542 atliceris,
3317 5474 3592 5546 desperes,
3619 5475 3663 5527 si
3704 5472 3782 5527 vi-

2201 5579 2306 5624 tam
2339 5568 2558 5635 finieris,
2604 5567 2720 5623 fore
2748 5577 2806 5623 ut
2837 5569 2926 5637 jus
2969 5576 3115 5623 tuum
3160 5569 3402 5624 obtineas
3441 5588 3455 5625 :
3500 5577 3778 5638 postquam

2199 5663 2341 5717 enim
2407 5661 2531 5716 hinc
2594 5661 2932 5719 excesseris.
2992 5661 3232 5716 laborum
3291 5661 3780 5716 remunerationem

2201 5754 2420 5807 omnino
2460 5752 2691 5822 accipies
2717 5771 2729 5805 :
2758 5767 2857 5806 nec
2895 5763 2948 5805 tu
2981 5767 3183 5808 rursus.
3212 5751 3302 5821 qui
3330 5753 3508 5806 omnia
3537 5752 3700 5822 rapis,
3726 5753 3780 5808 in

2204 5845 2438 5899 omnium
2463 5843 2601 5899 bona
2631 5839 2854 5910 invadis,
2881 5851 2932 5898 et
2953 5843 3128 5898 omnia
3153 5859 3348 5914 susque
3369 5845 3539 5916 deque
3561 5847 3776 5910 misces,
