4108 6344
440 381 548 436 285

441 494 639 566 φησίνο
669 495 770 548 Ἴθι
803 493 954 562 πρὸς
971 493 1078 547 τὸν
1100 493 1398 563 μύρμηκα,
1420 487 1468 547 ὦ
1505 492 1743 562 ὀκνηρέ,
1774 497 1874 549 καὶ
1905 492 2000 560 ζή-

440 583 644 634 λωσον
673 576 782 643 τὰς
815 577 994 644 ὀδοὺς
1029 578 1238 641 αὑτοῦ,
1279 578 1380 632 καί
1417 577 1595 647 γενοῦ
1627 578 1862 631 ἐκείνου
1897 592 2003 631 σο-

441 661 719 732 φώτερος.
752 659 1014 725 Ἐκεῖνος
1040 659 1151 729 γὰρ
1176 661 1453 729 γεωργίου
1493 659 1578 729 μὴ
1606 659 2002 730 ὑπάρχοντος,

435 745 592 817 μηδὲ
622 743 729 798 τὸν
745 743 1150 814 ἀναγκάζοντα
1177 744 1351 812 ἔχων,
1369 743 1523 813 μηδὲ
1547 743 1666 798 ὑπὸ
1699 743 2004 811 δεσπότην

439 827 544 892 ὢν,
581 827 936 897 ἐτοιμάζεται
969 827 1177 896 θέρους
1221 827 1334 894 τὴν
1375 826 1619 895 τροφὴν,
1664 827 1904 896 πολλήν
1939 844 2004 881 τε

441 909 609 977 ὲντῷ
647 909 853 981 ἀμητῷ
889 910 1136 964 ποιεῖται
1175 909 1290 978 τὴν
1321 910 1669 979 παράθεσιν.
1690 911 1760 966 Ἢ
1793 912 2003 978 πορεύ-

444 998 574 1063 θητι
613 994 762 1062 πρὸς
791 992 906 1062 τὴν
947 992 1269 1062 μέλισσαν,
1310 995 1408 1047 καὶ
1451 993 1602 1064 μάθε
1652 994 1736 1059 ὡς
1771 993 2004 1064 ἐργάτις

441 1079 642 1132 ἐστίν’
667 1073 743 1148 ἧς
766 1077 908 1142 τοὺς
927 1079 1151 1143 πόνους
1181 1076 1463 1144 βασιλεῖς
1483 1078 1580 1131 καὶ
1617 1076 1826 1132 ίδιῶται
1853 1079 2002 1146 πρὸς

439 1159 669 1230 ὑγίειαν
688 1157 1121 1228 προσφέρονται
1146 1171 1193 1214 ⁸.
1215 1158 1364 1232 [269]
1380 1161 1567 1214 Καίτοι
1592 1155 1726 1214 οὖσα
1752 1162 1816 1232 τῇ
1843 1159 2002 1233 ῥώμῃ

439 1241 689 1313 ἀσθενὴς,
735 1243 834 1312 τὴν
878 1241 1068 1310 σοφίαν
1098 1244 1376 1312 τιμήσασα
1431 1242 1699 1314 προήχθη.
1740 1243 1850 1296 Καὶ
1892 1243 2001 1314 γὰρ

441 1327 578 1398 αὐτή
603 1343 683 1380 σοι
704 1325 865 1380 πάλιν
886 1327 919 1396 ἡ
950 1326 1168 1395 μέλιττα
1187 1326 1502 1390 διαλέξεται,
1523 1325 1663 1379 ὥστε
1695 1327 1768 1397 μὴ
1798 1326 1898 1381 θαυ
1907 1327 2003 1396 μά-

441 1409 554 1474 ζειν
571 1409 757 1472 ἁπλῶς
774 1409 844 1464 τὰ
870 1408 1038 1480 κάλλη
1059 1408 1169 1464 τῶν
1191 1409 1476 1480 σωμάτων,
1492 1410 1616 1464 ὅταν
1638 1409 1812 1480 ψυχῆς
1832 1407 2001 1480 ἀρετὴ

443 1493 518 1561 μὴ
543 1489 598 1575 ᾗ,
625 1491 757 1562 μηδὲ
787 1490 1137 1556 ἐξευτελίζειν
1163 1491 1260 1562 τὴν
1289 1493 1582 1575 ἀμορφίαν,
1621 1494 1750 1547 ὅταν
1781 1493 1814 1562 ἡ
1854 1491 2000 1563 ψυχὴ

440 1573 926 1644 κεκαλλωπισμένη
969 1575 1126 1648 τύχῃ.
1148 1575 1321 1646 Ὅπερ
1349 1573 1442 1628 οὖν
1470 1576 1563 1629 καὶ
1594 1575 1724 1630 αὐτὸ
1753 1575 1926 1646 δηλῶν
1972 1578 2002 1630 6

439 1659 840 1729 παροιμιαστὴς
888 1657 1060 1726 ἐλεγεο
1093 1658 1282 1726 Μικρά
1309 1659 1378 1711 ἐν
1409 1659 1697 1725 πετεινοῖς
1723 1659 1762 1726 η
1785 1658 2000 1728 μέλισ-

439 1757 540 1801 σα.
590 1742 687 1796 καὶ
735 1740 890 1810 ἀρχὴ
938 1740 1376 1810 τλυκασμάτων
1425 1744 1458 1796 ὁ
1506 1742 1732 1810 καρπὸς
1788 1740 1997 1810 αὐτῆς.

453 1823 728 1894 Ἐννόησόν
771 1842 858 1894 μοι
885 1824 1009 1886 τοὺς
1051 1824 1292 1896 ὄρνιθας,
1321 1823 1415 1877 καὶ
1453 1823 1579 1896 δέξῃ
1616 1823 1825 1900 ἐκεῖθεν
1849 1825 1998 1892 φιλο-

442 1907 648 1974 σοφίαν.
674 1907 771 1960 Διά
796 1923 878 1960 τοι
906 1906 1062 1960 τοῦτο
1094 1907 1188 1960 καὶ
1216 1910 1244 1960 6
1276 1908 1508 1978 Χριστὸς
1540 1908 1740 1974 ἐλεγεν’
1776 1907 2002 1976 Ἐμόλέ-

439 1993 591 2058 vate
613 1992 700 2057 είς
717 1990 787 2044 τὰ
811 1989 1049 2044 πετεινὰ
1071 1989 1176 2044 τοῦ
1201 1991 1478 2058 οὐρανοῦ,
1508 1990 1600 2044 ὅτι
1625 1993 1698 2046 οὐ
1721 1991 2000 2058 σπείρου-

440 2089 565 2139 σιν,
596 2071 737 2127 οὺδὲ
767 2072 1078 2142 θερίζουσι,
1112 2072 1211 2124 καὶ
1244 2075 1277 2126 ό
1315 2072 1515 2140 Πατὴρ
1542 2071 1707 2142 ὑμῶν
1753 2075 1787 2126 ό
1829 2072 2002 2141 οὐρά-

439 2172 567 2222 νιος
615 2153 808 2224 τρέφει
849 2153 1020 2208 αὑτά.
1051 2153 1114 2207 Εἰ
1163 2154 1272 2225 γὰρ
1307 2156 1376 2209 τά
1404 2156 1573 2223 ἄλογα
1597 2156 1658 2208 οὐ
1700 2156 1999 2226 μεριμνῶσι

439 2237 569 2308 περὶ
611 2238 836 2309 τροφῆς,
888 2236 1046 2290 ποίαν
1074 2236 1215 2302 ἕξεις
1241 2237 1535 2307 ἀπολογίαν
1579 2236 1711 2308 μηδέ
1736 2235 2000 2308 τοσαύτην

439 2319 875 2390 ἐπιδεικνύμενος
919 2319 1218 2391 ὑπεροψίαν
1259 2319 1369 2373 τῶν
1418 2320 1718 2390 παρόντων,
1767 2321 1898 2390 ὅσην
1950 2321 1999 2372 οἱ

436 2401 677 2473 δρνιθεςς
711 2402 848 2456 Εἰδὲ
889 2402 980 2455 καὶ
1033 2401 1419 2472 καλλωπισμοῦ
1455 2401 1630 2472 βούλει
1656 2405 2000 2473 καταφρονῆ-

439 2502 548 2549 σαι,
576 2485 853 2538 παιδεύσει
889 2500 947 2536 σε
991 2483 1061 2537 τά
1099 2484 1236 2554 ἀνθη
1263 2485 1356 2537 τοῦ
1392 2485 1586 2556 ἀγροῦ,
1629 2486 1704 2556 μὴ
1751 2481 1890 2537 εἶναί
1938 2502 1998 2538 σε

439 2568 780 2639 φιλόκοσμον.
805 2568 982 2638 Ὅπερ
1007 2568 1100 2620 καὶ
1133 2567 1264 2620 αὐτὸ
1289 2567 1462 2638 δηλῶν
1484 2570 1512 2621 6
1533 2569 1761 2640 Χριστὸς
1793 2568 1995 2638 ἔλεγεν·

450 2652 811 2721 Ἐμϐλέψατε
840 2654 926 2718 εἰς
962 2654 1034 2705 τὰ
1063 2651 1240 2718 κρίνα
1277 2651 1382 2705 τοῦ
1409 2652 1615 2720 ἀγροῦ,
1665 2651 1753 2705 ὅτι
1790 2653 1862 2706 οὐ
1893 2651 2000 2720 νή-

437 2736 668 2797 θουσιν,
716 2735 858 2790 οὐδὲ
907 2734 1215 2788 κοπιῶσιν.
1263 2733 1439 2803 Ἀμὴν
1465 2734 1618 2804 λέγω
1656 2736 1817 2804 ύμῖν,
1857 2735 2001 2790 οὐδὲ

436 2817 718 2886 Σολομὼν
748 2817 1124 2885 περιεϐάλετο
1145 2817 1226 2883 ὡς
1249 2816 1319 2870 ἐν
1346 2818 1590 2872 τούτων.
1622 2820 1787 2871 Ὅταν
1822 2819 1998 2874 τοίνυν

436 2902 627 2972 ἐθέλῃς
665 2901 992 2964 σπουδάζειν
1051 2899 1179 2971 περὶ
1234 2900 1404 2972 κάλλη
1457 2901 1702 2971 ἱματίων,
1749 2903 1998 2974 ἐννόησον

435 2988 516 3041 ὅτι
545 2987 644 3039 ὅσα
675 2983 740 3038 ἂν
773 2984 1173 3056 φιλονεικήσῃς.
1197 2984 1346 3055 παρὰ
1374 2983 1452 3055 τῷ
1482 2985 1658 3056 χόρτῳ
1680 2985 1748 3038 τά
1781 2986 1999 3056 νικητήο

439 3087 547 3142 ρια,
581 3069 676 3122 καὶ
711 3067 772 3120 οὐ
817 3066 1022 3138 δυνήσῃ
1065 3066 1199 3139 πρὸς
1229 3070 1433 3120 ἐκεῖνον
1467 3067 1829 3138 ἁμιλληθῆναι
1849 3084 1863 3098 ο
1905 3067 1998 3121 καὶ

437 3152 738 3207 κατάλυσον
767 3148 864 3220 τὴν
913 3150 1104 3216 ἄλογον
1159 3149 1360 3220 ταύτην
1417 3150 1631 3220 μανίαν.
1682 3152 1792 3204 Καὶ
1837 3151 2000 3222 ἕτερα

437 3235 628 3300 πολλὰ,
655 3233 746 3288 καὶ
768 3233 874 3286 ἀπὸ
904 3231 1010 3286 τῶν
1039 3232 1266 3301 ἀλόγων,
1291 3235 1384 3286 καὶ
1404 3234 1512 3287 άπὸ
1540 3234 1648 3288 τῶν
1674 3235 1870 3300 ἀνθῶν,
1905 3238 1999 3290 καὶ

437 3320 546 3375 ἀπὸ
565 3318 672 3370 τῶν
699 3316 1023 3386 σπερμάτων
1045 3315 1161 3368 ἐστι
1183 3315 1508 3385 φιλοσοφεῖν.

521 3399 980 3468 Ἐεομολόγησις
1003 3397 1101 3450 καὶ
1123 3398 1598 3467 μεγαλοπρέπεια
1621 3398 1688 3452 τὸ
1707 3399 1882 3469 ἔργον
1894 3402 1999 3456 αὐ-

437 3483 564 3538 τοῦ.
597 3481 903 3543 Τουτέστιν,
953 3481 1179 3534 ἕκαστον
1209 3482 1319 3534 τῶν
1350 3482 1526 3553 ἔργων
1554 3481 1750 3536 αὐτοῦ’
1789 3485 1851 3537 οὐ
1888 3485 1997 3556 γὰρ

437 3566 504 3636 δὴ
535 3564 660 3637 περὶ
685 3563 800 3626 ἐνὸς
829 3563 989 3632 ἔργου
1021 3563 1193 3616 ταῦτά
1239 3579 1424 3635 φησιν.
1459 3565 1684 3635 Ἕτερος
1715 3565 1773 3619 δὲ
1821 3567 1998 3638 ἑρμη-

438 3648 630 3719 νευτὴς
689 3642 839 3699 εἶπεν
859 3664 874 3677 ο
925 3648 1212 3714 Ἐπαινος
1259 3649 1356 3701 καὶ
1408 3648 1636 3719 ἀξίωμα
1678 3651 1718 3718 ή
1750 3651 1998 3720 ἐργασία

439 3731 622 3785 αὑτοῦ
641 3747 655 3760 ·
685 3724 838 3792 οὗτος
870 3727 949 3790 δὲ,
997 3730 1481 3800 Ἐξομολόγησις,
1503 3731 1798 3798 τουτέστιν,
1835 3734 1996 3804 εὐχα-

444 3815 622 3886 ριστία
649 3813 743 3868 καὶ
773 3814 921 3879 δόξα.
950 3813 1216 3866 ’Ἑκαστον
1239 3814 1346 3885 γὰρ
1367 3815 1473 3868 τῶν
1495 3817 1785 3886 ὁρωμένων
1817 3819 1998 3872 ἱκανὸν

441 3901 520 3962 είς
550 3897 897 3968 εὐχαριστίαν
924 3895 1016 3950 τὸν
1056 3896 1252 3967 θεατὴν
1285 3899 1666 3969 παραπέμψαι,
1694 3901 1772 3963 είς
1809 3899 1995 3970 ὕμνον,

440 3981 521 4043 είς
548 3979 842 4050 εὐφημίαν,
886 3981 964 4042 εἰς
993 3978 1317 4047 δοξολογίαν.
1359 3981 1471 4032 υύκ
1501 3981 1647 4033 ἐστιν
1678 3985 1868 4035 εἰπεῖν’
1900 3983 1999 4036 Διά

438 4063 490 4115 τί
520 4061 709 4128 τοῦτο;
744 4063 823 4124 εἰς
862 4061 915 4114 τί
965 4061 1153 4126 τοῦτος
1193 4063 1328 4115 άλλά
1361 4065 1455 4116 καὶ
1493 4064 1554 4116 τὸ
1591 4063 1778 4127 σκότος
1821 4066 1914 4118 καὶ
1963 4065 1996 4136 ἡ

439 4144 640 4215 ήμέρα,
671 4145 767 4198 καὶ⁵
792 4145 821 4196 6
849 4143 1004 4214 λιμὸς
1036 4144 1128 4198 καὶ
1156 4146 1189 4216 ή
1221 4144 1457 4215 εὐθηνία,
1482 4147 1576 4200 καὶ
1603 4147 1636 4218 ἡ
1669 4146 1870 4218 ἔρημος
1904 4147 1998 4200 καὶ

439 4230 474 4300 ή
507 4228 778 4299 ἀοίκητος,
809 4227 902 4282 καὶ
927 4230 960 4300 ή
990 4229 1199 4299 λιπαρά
1231 4229 1326 4282 καὶ
1357 4231 1389 4300 ή
1417 4230 1721 4300 βαθύγειος,
1767 4232 1860 4284 καὶ
1884 4231 1997 4303 ζωὴ

439 4311 534 4364 καὶ
563 4303 808 4375 θάνατος,
839 4313 932 4364 καὶ
969 4311 1146 4364 πάντα
1173 4312 1240 4365 τά
1266 4312 1514 4384 ὁρώμενα
1539 4316 1648 4375 τοῖς
1677 4314 1812 4383 μετά
1839 4315 1993 4386 ἀκρι-

439 4392 590 4454 ϐείας
619 4393 757 4446 αὐτά
787 4394 1285 4464 καταμανθάνουσιν
1320 4396 1478 4449 ἱκανά
1506 4397 1600 4448 καὶ
1628 4395 1826 4450 δυνατά
1863 4398 1997 4468 πρὸς

438 4475 790 4545 εὐχαριστίαν
823 4476 1106 4548 διεγεῖραι.
1139 4477 1306 4530 Τοῦτο
1339 4477 1468 4546 γοῦν
1499 4477 1673 4550 δηλῶν
1717 4479 1807 4532 διά
1853 4497 1998 4545 τινος

437 4560 714 4630 προφήτου
737 4561 767 4612 6
793 4558 924 4623 Θεὸς
947 4560 1150 4628 ἔλεγεν,
1179 4561 1294 4614 ἀντ’
1320 4563 1638 4632 εὐεργεσίας
1680 4565 1778 4627 τὰς
1827 4581 1998 4634 τιμω-

438 4639 559 4710 ρίας
595 4639 793 4703 τιθείς·
826 4640 1214 4712 Κατέστρεψα
1230 4645 1468 4711 αὐτοὺς,
1496 4647 1576 4712 ὠς
1596 4646 2000 4716 κατέστρεψεν

437 4725 472 4776 ό
507 4724 650 4789 Θεὸς
682 4723 913 4794 Σόδομα
939 4726 1039 4779 καί
1071 4730 1341 4798 Γόμορρα
1359 4745 1372 4759 ·
1404 4728 1669 4794 ἐπάταξά
1687 4730 1906 4796 αὐτοὺς
1928 4731 2000 4782 ἐν

435 4806 696 4874 πυρώσει
734 4808 832 4861 καὶ
877 4809 949 4862 ἐν
974 4809 1195 4880 ὶκτέρφ.
1229 4813 1337 4865 Καὶ
1366 4812 1528 4866 πάλιν
1551 4813 1617 4866 δι’
1643 4812 1832 4867 ἀλλου·
1876 4815 1998 4867 Ἁν-

437 4891 663 4960 ήγαγον
708 4893 930 4960 αὐτοὺς
971 4895 1039 4948 ἐκ
1077 4895 1192 4966 γῆς
1217 4897 1539 4965 Αἰγύπτου,
1573 4896 1673 4950 καὶ
1724 4896 1794 4962 ἐξ
1826 4896 1996 4951 οτκου

435 4973 713 5041 δουλείας
763 4975 1190 5048 ἑλυτρωσάμην
1235 4981 1487 5046 αὐτούς’
1541 4981 1620 5042 είς
1678 4979 1998 5052 εὐεργεσίας

433 5057 532 5120 τὰς
567 5059 836 5130 τιμωρίας
867 5061 1314 5132 μεταλαμϐάνων.
1342 5061 1498 5116 Οὕτω
1535 5062 1824 5117 καὶταῦτα
1843 5081 1857 5096 ο
1898 5064 1996 5116 καὶ

432 5139 541 5210 γὰρ
565 5141 662 5194 καὶ
685 5142 857 5196 ταῦτα
872 5145 1277 5215 εὐεργετοῦντα,
1302 5145 1635 5216 διορθοῦντα,
1653 5146 1990 5211 παιδεύοντα,

433 5222 902 5293 παιδαγωγοῦντα,
945 5228 1278 5283 ἐκκύπτοντα
1312 5229 1416 5300 τὴν
1444 5231 1638 5284 κακίαν
1670 5231 1837 5285 ἐστίν.
1866 5231 1989 5282 Ἀν-

433 5306 638 5378 θρωποι
669 5308 768 5379 μὲν
789 5310 896 5382 γάρ
922 5311 989 5364 τά
1018 5313 1117 5381 μὲν
1141 5312 1554 5380 εὐεργετοῦντες
1583 5313 1814 5377 ποιοῦσι,
1841 5314 1908 5366 τά
1937 5313 1994 5366 δὲ

435 5387 719 5458 μισοῦντες
769 5392 861 5444 καὶ
921 5393 1410 5465 ἀποστρεφόμενοι·
1463 5397 1494 5448 6
1537 5395 1594 5448 δὲ
1650 5396 1780 5459 Θεὸς
1827 5396 1996 5465 φιλῶν

433 5471 576 5521 ποιεῖ
598 5470 798 5532 πάντα,
832 5465 942 5525 οἷον
969 5473 1268 5541 εὐεργετῶν
1296 5475 1448 5529 ἔθετο
1475 5479 1535 5530 ἐν
1561 5475 1638 5545 τῷ
1661 5477 1993 5548 παραδείσῳ,

432 5553 523 5603 καὶ
546 5552 846 5623 εὐεργετῶν
875 5555 1034 5608 πάλιν
1062 5556 1281 5622 ἐξέϐαλε
1305 5557 1400 5610 τοῦ
1433 5557 1766 5630 παραδείσου
1787 5576 1801 5590 ο
1842 5562 1997 5633 εὐερ-

429 5635 600 5704 γετῶν
635 5638 726 5690 τὸν
769 5638 1148 5710 κατακλυσμὸν
1191 5643 1502 5713 εἰργάσατο,
1555 5642 1649 5699 καὶ
1692 5643 1993 5715 εὐεργετῶν

491 5782 517 5812 ⁸
535 5783 634 5834 Alii
662 5785 996 5849 προσφέρουσι.

1553 381 1915 441 Εχιιοδιτιο
1949 381 2016 438 IN
2054 363 2384 438 PSALMUM
2421 373 2534 433 cx.

3560 379 3670 436 εει

2105 491 2166 544 τὸ
2194 490 2305 564 πῦρ
2327 492 2503 545 ἐκεῖνο
2529 489 2590 545 τὸ
2616 489 2724 544 τῶν
2752 490 2998 562 Σοδόμων
3030 469 3354 560 κατήνεγκε.
3387 489 3497 544 Καὶ
3531 492 3670 562 ὅπερ

2103 574 2168 628 ἂν
2205 577 2349 631 είποι
2381 592 2463 638 τις
2487 573 2597 627 τῶν
2625 575 2952 645 γενομένων,
2977 573 3205 626 ’ἑκαστον
3233 575 3312 636 εἰς
3353 574 3669 644 εὐεργεσίαν

2103 660 2264 710 ποιεῖ.
2284 656 2596 727 Εὐεργετῶν
2615 657 2708 710 καὶ
2717 657 2813 727 τὴν
2838 658 3057 724 γέενναν
3078 655 3336 726 ἠπείλησε
3354 673 3367 686 ·
3389 657 3481 710 καὶ
3507 659 3669 712 καθά-

2102 759 2207 813 περ
2247 744 2294 795 οἱ
2328 742 2562 812 πατέρες
2602 742 2662 794 οὐ
2708 741 3095 812 θεραπεύοντες
3144 741 3302 810 μόνον
3353 740 3422 793 τὰ
3459 741 3667 806 παιδία,

2103 825 2237 878 ἀλλὰ
2257 826 2348 878 καὶ
2365 825 2654 888 τύπτοντες
2668 825 2903 894 πατέρες
2919 824 3044 886 εἰσὶ,
3067 824 3160 876 καὶ
3175 826 3273 878 οὐκ
3288 821 3437 895 [ΞἸΟ]
3451 824 3668 877 ἔλαττον

2101 908 2412 973 τύπτοντες,
2443 909 2476 980 ἢ
2505 909 2896 980 θεραπεύοντες
2916 926 2928 938 ·
2965 907 3105 961 οὕτω
3133 908 3197 981 δὴ
3222 909 3315 961 καὶ
3343 909 3372 962 6
3400 907 3548 970 Θεός.
3578 907 3670 960 Διὸ

2101 993 2195 1046 καὶ
2221 993 2249 1043 6
2278 991 2488 1056 Παῦλος
2520 992 2670 1061 ἐλεγε
2689 1008 2704 1023 ο
2733 993 2828 1057 Τίς
2852 991 2960 1061 γάρ
2979 993 3148 1044 ἐστιν
3168 991 3315 1057 υίὸς,
3343 991 3414 1044 ὃν
3432 993 3505 1045 οὐ
3531 1003 3668 1044 παι-

2101 1072 2256 1128 δεύει
2294 1073 2524 1143 πατήρ;
2556 1074 2668 1128 Καὶ
2701 1075 2730 1127 6
2759 1074 3037 1144 Σολομῶν·
3068 1077 3169 1126 Ὃν
3193 1073 3301 1144 γὰρ
3329 1071 3524 1143 ἀγαπᾷ
3553 1073 3670 1127 Kr}-

2095 1175 2246 1226 ριος,
2287 1157 2584 1213 παιδεύειν
2627 1159 2915 1228 μαστιγοῖ
2941 1157 3008 1211 δὲ
3045 1157 3240 1210 πάντα
3278 1157 3432 1220 υἱὸν,
3459 1155 3531 1210 ὃν
3553 1170 3670 1209 πα-

2093 1239 2424 1310 ραδέχεται.
2460 1241 2526 1296 Ἠ
2571 1240 2922 1310 δικαιοσύνη
2980 1239 3166 1294 αὐτοῦ
3206 1238 3376 1310 μένει
3430 1243 3520 1306 είς
3561 1237 3671 1294 τὸν

2099 1323 2284 1377 αὶιῖινα
2307 1323 2414 1378 τοῦ
2441 1323 2656 1390 αἰῶνος
2681 1323 2732 1377 ι».

2172 1411 2236 1466 δ’.
2256 1409 2427 1464 Τοῦτο
2447 1411 2595 1464 δοκεῖ
2610 1427 2701 1481 μοι
2716 1407 2942 1463 ἐνταῦθα
2956 1409 3128 1462 εἰπεῖν
3142 1407 3230 1462 διά
3249 1409 3374 1473 τοὺς
3387 1407 3672 1463 σκανδαλι-

2101 1489 2358 1564 ζομένους
2401 1492 2538 1564 πρὸς
2584 1493 2652 1546 τά
2705 1493 3085 1561 συμπίπτοντα
3116 1493 3350 1563 δυσχερῆ
3393 1508 3505 1545 τισι
3535 1493 3670 1563 παρ’

2101 1582 2342 1649 ἐλπίδας,
2382 1583 2666 1654 μονονουχὶ
2697 1582 2976 1652 παραινῶν
3007 1583 3189 1644 αὐτοῖς
3213 1583 3305 1634 καὶ
3328 1580 3534 1649 λέγων·
3574 1581 3666 1653 Μὴ

2103 1669 2329 1740 θορυϐοῦ
2387 1670 2916 1739 συκοφαντουμένους
2964 1666 3283 1740 ἀνθρώπους
3337 1668 3514 1740 ὀρῶν,
3567 1669 3666 1722 ἐπ’

2101 1757 2516 1830 ηρεαζομένους,
2544 1757 2695 1830 παρὰ
2719 1758 2816 1830 τὴν
2839 1758 2995 1822 ἀξίαν
3015 1757 3200 1821 κακῶς
3218 1757 3541 1827 πάσχονταςο
3573 1755 3669 1828 μέ-

2100 1863 2181 1900 νει
2212 1845 2318 1916 γὰρ
2346 1845 2694 1917 δικαστήριον
2720 1845 3030 1911 ἀδέκαστον,
3058 1844 3205 1914 μένει
3227 1844 3406 1914 ψῆφος
3429 1844 3665 1913 καθαρά,

2097 1933 2160 1987 τὸ
2206 1933 2326 1986 κατ’
2359 1932 2514 1998 ἀξίαν
2545 1932 2759 2004 ἑκάστῳ
2791 1934 3124 2004 παρέχουσα.
3166 1932 3228 1984 El
3276 1931 3333 1985 δέ
3369 1929 3464 1986 νῦν
3495 1933 3668 2003 αὐτὴν

2101 2019 2434 2092 ἐπιζητοίης,
2465 2021 2566 2092 ὅρα
2596 2019 2670 2091 μὴ
2696 2019 2836 2073 κατά
2863 2017 3061 2082 σαυτοῦ
3097 2018 3312 2090 πρώτου
3345 2019 3444 2090 τὴν
3483 2019 3666 2090 ψῆφον

2101 2106 2411 2178 ἐξενέγκῃς.
2442 2107 2506 2160 El
2533 2107 2641 2176 γάρ
2667 2105 2855 2175 ἔμελλε
2887 2104 3009 2160 καθ’
3034 2105 3261 2160 ἕκαστον
3288 2106 3396 2159 τῶν
3425 2107 3668 2178 ἀμαρτηο

2103 2196 2342 2266 μάτωνό
2381 2196 2515 2259 Θεὸς
2564 2197 2790 2264 ἐπάγειν
2827 2195 3116 2266 τιμωρίαν,
3165 2197 3257 2250 καὶ
3305 2197 3389 2266 ἐφ’
3435 2197 3664 2252 ἑκάστου

2098 2284 2206 2337 τῶν
2235 2282 2694 2354 πλημμελούντων
2745 2284 2844 2354 τὴν
2889 2284 3104 2336 δικαίαν
3147 2285 3425 2354 ἐπιφέρειν
3464 2284 3663 2355 ψῆφον,

2100 2369 2274 2422 πάλαι
2290 2369 2356 2423 ἂν
2376 2370 2805 2441 προανηρπάσθη
2827 2369 2888 2422 τὸ
2909 2370 3017 2422 τῶν
3039 2369 3135 2424 ἀνθ
3145 2371 3340 2440 ρώπων
3355 2371 3532 2438 γένος.
3555 2372 3667 2425 Καὶ

2099 2456 2151 2509 τί
2183 2455 2324 2523 λέγω
2342 2456 2432 2509 τὸν
2461 2456 2608 2508 δεῖνα
2637 2456 2730 2509 καὶ
2761 2456 2852 2509 τὸν
2882 2455 3062 2524 δεῖνα;
3105 2457 3207 2512 Τὸν
3235 2457 3343 2528 γὰρ
3373 2459 3667 2529 κορυφαῖον

2098 2543 2205 2596 τῶν
2228 2545 2285 2596 ἐν
2313 2542 2620 2615 ἀνθρώποις
2651 2544 2904 2598 ἁπάντων
2933 2548 3012 2606 είς
3043 2544 3206 2615 μέσον
3234 2545 3474 2614 ἀγαγὼν,
3509 2545 3668 2600 τοῦτο

2097 2631 2262 2696 δεῖξαι
2291 2631 2643 2702 πειράσομαι,
2694 2631 2904 2684 Παῦλον
2946 2634 3152 2686 ἐκεῖνον
3195 2633 3286 2686 τὸν
3317 2635 3531 2706 κήρυκα
3568 2635 3668 2704 τῆς

2098 2719 2439 2789 οἰκουμένης,
2460 2720 2550 2772 τὸν
2567 2720 2646 2782 είς
2670 2719 2851 2790 τρίτον
2871 2720 3188 2790 ἁρπαγέντα
3211 2721 3458 2792 οὐρανὸν,
3475 2721 3566 2775 τὸν
3587 2724 3670 2786 εἰς

2101 2805 2428 2875 παράδεισον
2457 2805 2842 2876 ἀπενεχθέντα.
2873 2806 2963 2861 τὸν
2997 2807 3104 2860 τῶν
3139 2807 3380 2878 φρικτῶν
3411 2809 3667 2880 κοινωνή-

2101 2909 2267 2946 σαντα
2306 2892 2639 2964 μυστηρίων,
2662 2892 2722 2945 τὸ
2745 2891 2936 2956 σκεῦος
2961 2893 3061 2964 τῆς
3088 2894 3334 2966 ἐκλογῆς,
3372 2896 3463 2948 τὸν
3487 2913 3666 2968 νυμφ-

2099 2979 2313 3048 αγωγὸν
2351 2978 2446 3032 τοῦ
2496 2979 2752 3050 Χριστοῦ,
2793 2979 2885 3032 τὸν
2919 2981 3216 3052 ἀγγελικὴν
3261 2981 3667 3053 ἐπιδειξάμενον

2098 3066 2388 3127 πολιτείαν,
2421 3067 2512 3120 τὸν
2555 3065 2820 3138 τοσαύτην
2864 3067 3064 3139 ἀρετὴν
3100 3067 3412 3122 ἐπελθόντα.
3462 3071 3526 3123 El
3554 3071 3666 3143 γάρ

2101 3153 2176 3225 μὴ
2208 3153 2474 3223 ἐϐουλήθη
2509 3153 2928 3225 μακροθυμῆσαι
2962 3153 3131 3225 αὐτῷ,
3163 3155 3298 3226 μηδέ
3334 3153 3665 3228 ἀνασχέσθαι

2096 3239 2283 3306 αὐτοῦ,
2331 3240 2446 3294 ἀλλ’
2475 3240 2636 3311 ήνίκα
2691 3241 2970 3314 ἡμάρτανε
3026 3243 3119 3295 καὶ
3174 3242 3512 3314 ἐϐλασφήμει
3569 3243 3666 3300 καὶ

2097 3327 2309 3393 ἐδίωκε,
2360 3327 2503 3382 κατὰ
2549 3328 2714 3391 πόδας
2771 3329 3072 3398 ἐπαγαγεῖν
3116 3329 3263 3400 αὐτῷ
3307 3331 3404 3402 τήν
3447 3331 3665 3387 δικαίαν

2095 3418 2298 3490 ψῆφον,
2335 3419 2500 3474 πάλαι
2533 3417 2601 3472 ἂν
2625 3419 2786 3473 αὐτὸν
2809 3419 2909 3490 τῆς
2940 3420 3223 3491 μετανοίας
3257 3423 3661 3493 προεξήρπασε.

2097 3511 2188 3564 Διὸ
2219 3511 2314 3565 καὶ
2347 3509 2509 3573 αὐτὸς
2541 3509 2712 3565 ταῦτα
2765 3511 2939 3576 εἰδὼς,
2991 3511 3144 3582 ἔλεγε
3168 3530 3183 3547 ο
3219 3513 3404 3583 Χάριν
3430 3517 3547 3584 ἐχω
3580 3514 3663 3582 τῷ

2095 3596 2584 3667 ἐνδύναμώσαντί
2615 3615 2691 3666 με
2730 3599 2982 3666 Χριστῷ,
3024 3600 3114 3654 ὅτι
3154 3603 3372 3655 πιστόν
3409 3619 3483 3672 με
3521 3602 3666 3671 ήγήο

2096 3701 2267 3751 σατο,
2307 3687 2550 3753 θέμενος
2579 3688 2666 3752 εὶς
2705 3685 3031 3752 διακονίαν,
3059 3689 3166 3743 τὸν
3194 3691 3481 3759 πρότερον
3515 3691 3663 3745 ὄντα

2090 3771 2462 3840 βλάσφημον
2506 3771 2606 3826 καὶ
2653 3771 2928 3841 διώκτην,
2980 3775 3080 3829 καὶ
3146 3777 3470 3844 ὑϐριστήν·
3521 3779 3663 3833 ἀλλ’

2095 3858 2384 3927 ἠλεήθην,
2408 3858 2509 3914 ἵνα
2535 3859 2606 3912 ἐν
2629 3859 2758 3930 ἐμοὶ
2793 3860 2998 3930 πρώτῳ
3033 3861 3367 3932 ἐνδείξηται
3393 3864 3510 3932 τὴν
3544 3864 3662 3921 κᾶε

2095 3959 2219 3998 σαν
2231 3945 2660 4014 μακροθυμίαν,
2687 3946 2836 4015 πρὸς
2857 3949 3246 4004 ὑποτύπωσιν
3268 3949 3388 4004 τῶν
3403 3953 3663 4020 μελλόν-

2095 4048 2213 4085 των
2237 4029 2398 4096 αὐτῷ
2421 4034 2726 4087 πιστεύειν
2748 4036 2836 4100 είς
2859 4033 3013 4104 ζωὴν
3045 4035 3304 4092 αἰώνιον.
3339 4039 3404 4092 Τί
3431 4040 3520 4101 δίς
3559 4041 3661 4111 τὴν

2098 4120 2302 4192 πόρνην
2329 4121 2378 4173 εί
2414 4121 2660 4188 ἐκόλασε,
2707 4122 2838 4176 πότε
2878 4122 2946 4178 ἀν
2973 4124 3304 4198 μτεὸλήθη;
3343 4124 3409 4180 Τί
3441 4127 3532 4196 δέ;
3567 4130 3659 4182 τὸν

2095 4204 2329 4274 τελώνην
2357 4205 2633 4260 Ματθαῖον
2656 4209 2705 4262 εί
2733 4209 2791 4261 ἐν
2812 4208 2890 4280 τῷ
2917 4210 3094 4283 καιρῷ
3119 4212 3218 4282 τῆς
3243 4213 3531 4279 τελωνείας
3553 4217 3660 4285 πρὸ

2096 4293 2192 4362 τῆς
2224 4292 2522 4365 μεταϐολῆς
2553 4294 2709 4366 δίκην
2737 4296 3008 4368 ἀπῄτησε,
3027 4301 3127 4352 οὐκ
3151 4299 3218 4353 ἂν
3245 4303 3660 4374 προεξήρπασεν

2097 4379 2258 4433 αὐτὸν
2297 4379 2400 4450 τῆς
2438 4382 2763 4450 μετανοίας;
2800 4383 2956 4438 Οὕτω
3001 4386 3095 4440 καὶ
3125 4387 3214 4441 τὸν
3251 4388 3472 4462 λῃστὴν,
3517 4391 3660 4446 οὕτω

2099 4467 2191 4518 καὶ
2216 4466 2341 4528 τοὺς
2367 4466 2592 4537 μάγους,
2619 4467 2760 4522 οὕτω
2788 4471 2880 4524 καὶ
2923 4472 3149 4527 ἕκαστον
3178 4475 3285 4528 τῶν
3323 4479 3663 4548 ἁμαρτανόνο

2097 4569 2224 4606 των.
2261 4553 2359 4606 Διά
2406 4569 2489 4606 τοι
2530 4553 2688 4607 τοῦτο
2714 4556 2893 4627 ἀνέχει
2926 4559 3023 4630 τὴν
3061 4560 3246 4634 ὀργὴν,
3291 4565 3386 4617 καὶ
3411 4565 3510 4636 τὴν
3540 4568 3660 4620 κατ’

2097 4636 2249 4703 ἀξίαν
2266 4637 2548 4709 ἀντίδοσιν,
2570 4641 2746 4695 καλῶν
2761 4647 2885 4708 τοὺς
2907 4645 3226 4720 ἀνθρώπους
3245 4651 3325 4714 είς
3349 4653 3658 4721 μετάνοιαν.

2098 4725 2162 4813 Εἰ
2197 4725 2252 4777 δέ
2287 4725 2494 4795 μένοιεν
2518 4727 2852 4800 ἀδιόρθωτοι,
2887 4733 3102 4798 πάντως
3140 4736 3532 4810 ὐποστήσονται
3559 4745 3660 4813 τὴν

2097 4812 2306 4866 δικαίαν
2331 4813 2525 4902 ψῆφον.
2556 4817 2752 4890 Διόπερ
2775 4819 2803 4871 6
2821 4820 3107 4894 Προφήτης
3131 4826 3257 4891 τούς
3283 4847 3340 4881 τε
3371 4812 3661 4902 ἀδικουμέ-

2097 4917 2219 4965 νους
2256 4901 2765 4975 παραμυθούμενος,
2796 4907 2919 4974 τούς
2951 4927 3011 4963 τε
3043 4913 3358 4980 ἀδικοῦντας
3391 4901 3657 4993 σωφρονί-

2097 4988 2222 5054 ζων,
2262 4990 2509 5059 ἐπήγαγε
2539 4992 2619 5054 τὸ,
2664 4993 2732 5045 Ἠ
2782 4994 3133 5068 δικαιοσύνη
3163 5003 3349 5056 αὐτοῦ
3372 4988 3540 5073 μένει
3571 5011 3660 5074 εἰς

2096 5077 2202 5128 τὸν
2239 5074 2440 5131 αἰῶνα.
2480 5080 2544 5131 Ὀ
2571 5079 2628 5132 δὲ
2653 5079 2898 5150 βούλεται
2924 5084 3011 5139 διά
3036 5088 3222 5143 τούτου
3251 5093 3444 5159 είπεῖν,
3480 5096 3659 5149 τοιοῦ-

2094 5163 2183 5256 τόν
2212 5164 2375 5256 ἐστι·⁸
2401 5165 2552 5256 Μήτε
2605 5167 2692 5233 σὺ,
2734 5171 2762 5222 6
2797 5171 3165 5244 ἀδικούμενος,
3215 5179 3310 5234 ἐὰν
3351 5182 3659 5256 καταλύσῃς

2095 5251 2185 5303 τὸν
2207 5250 2320 5341 βίον
2346 5252 2421 5316 ώς
2443 5254 2504 5341 οὐ
2530 5256 2638 5308 τῶν
2677 5257 2897 5314 δικαίων
2941 5263 3279 5334 τευξόμενος,
3315 5244 3654 5341 ἀπελπίσῃξί

2099 5338 2238 5433 μετὰ
2265 5340 2374 5433 γὰρ
2536 5343 2784 5433 ἐντεῦθεν
2809 5349 3115 5422 ἀποδημίαν
3149 5355 3361 5421 πάντως
3401 5338 3656 5433 ἀπολήψῃ

2095 5427 2203 5478 τῶν
2236 5429 2412 5481 πόνων
2451 5429 2548 5491 τάς
2579 5431 2846 5502 ἀμοιόάς·
2896 5439 3032 5508 μήτε
3079 5441 3142 5492 σὺ
3187 5443 3364 5507 πάλιν,
3403 5448 3432 5499 6
3479 5427 3656 5502 πάντά

2098 5513 2355 5607 ἁρπάζων
2385 5516 2478 5607 καί
2510 5516 2842 5607 πλεονεκτῶν
2871 5526 2963 5578 καὶ
2990 5528 3250 5596 συγχέων,
3281 5530 3347 5584 ἂν
3373 5534 3432 5587 ἐν
3467 5537 3656 5607 εἰρήνῃ

2097 5599 2404 5671 καταλύσῃς
2430 5601 2520 5656 τὸν
2556 5603 2687 5675 βίον,
2733 5605 2881 5681 [271]
2931 5611 3240 5688 οαρῤήσῃς·
3289 5599 3656 5694 πάντωννγάρ

2159 5798 2186 5839 Ι)
2211 5800 2305 5851 Τοῦ
2329 5801 2492 5858 αἰῶνος
2514 5801 2683 5854 deerat
2708 5804 2756 5854 in
2785 5804 2954 5858 Morel.
2979 5814 3031 5859 et
3054 5809 3102 5859 in
3131 5805 3280 5861 Savil.
