4108 6344
450 354 558 411 285

448 474 640 538 δώσεις
702 473 857 542 λόγον
910 473 1048 544 μετά
1098 474 1198 547 τὴν
1246 474 1494 530 ἐντεῦθεν
1533 476 1862 547 ἀποδημίαν,
1911 479 2010 548 τῆς

448 565 716 637 πονηρίας
740 566 1016 629 ἀποτίσεις
1039 575 1060 597 ·
1081 566 1180 630 :0;
1203 567 1453 638 ἀμοιϐάς.
1468 568 1599 633 Θεὸς
1627 568 1736 639 γάρ
1761 570 1908 623 ἐστιν
1923 568 2011 622 ἀεὶ

452 656 652 727 μένων,
700 658 794 711 καὶ
835 657 1176 727 δικαιοσύνην
1234 660 1494 729 μένουσαν
1528 659 1666 731 ἔχων
1711 661 1822 723 ἀεὶ,
1858 659 2010 713 οὐδὲν

448 744 556 798 ἀπὸ
580 744 672 798 τοῦ
698 744 924 800 θανάτου
956 748 1400 821 διακοπτομένην,
1428 750 1546 804 0666
1570 751 1706 821 πρὸς
1730 750 1825 820 τὴν
1848 751 2007 821 ἀμοι-

448 834 549 904 ϐήν
576 834 683 887 τῶν
714 835 888 889 πόνων
915 836 1021 890 τῶν
1048 838 1186 910 ύπέρ
1215 839 1315 909 τῆς
1341 840 1561 910 ἀρετῆς.
1598 840 1719 894 0666
1743 841 1878 913 πρὸς
1909 841 2008 913 τὴν

447 927 713 981 ἀντίδοσιν
733 927 839 981 τῶν
873 928 1142 983 κολάσεων
1162 932 1269 983 τῶν
1289 930 1375 984 διὰ
1400 932 1497 1002 τὴν
1524 931 1806 1004 πονηρίαν.

514 1022 742 1075 Μνείαν
782 1021 1105 1091 ἐποιήσατο
1139 1020 1259 1076 τῶν
1303 1025 1648 1093 θαυμασίων
1687 1025 1894 1080 αὑτοῦ.
1940 1025 2005 1080 Τί

445 1113 583 1177 ἐστι,
606 1114 831 1168 Μνείαν
871 1114 1197 1181 ἐποιήσατο
1246 1116 1365 1171 τῶν
1400 1119 1746 1187 θαυμασίων
1781 1120 2005 1185 αὺτοῦ;

444 1204 518 1258 Οὐ
560 1203 762 1257 διέλιπε
804 1205 1253 1277 θαυματουργῶν,
1313 1208 1465 1278 φησὶ,
1504 1208 1787 1279 διηνεκῶς.
1836 1208 2006 1263 Τοῦτο

442 1296 551 1365 γάρ
584 1298 697 1349 ἐστι
732 1296 817 1360 :6,
849 1298 1073 1351 Μνείαν
1112 1297 1467 1364 ἐποιήσατοο
1506 1300 1607 1355 063:
1641 1300 1917 1356 ἐπαύσατο
1953 1303 2003 1368 ι’,

442 1388 543 1441 063:
564 1387 773 1458 ἀπέστη
804 1388 892 1442 6:0
914 1389 1095 1460 πάσης
1119 1392 1312 1459 γενεᾶς
1348 1391 1601 1463 θαύματα
1620 1393 2001 1466 ἐργαζόμενος,

441 1480 536 1532 καὶ
566 1479 694 1542 τοὺς
717 1479 1053 1551 παχυτέρους
1079 1480 1357 1553 διεγείρων
1378 1482 1466 1537 διά
1484 1484 1590 1537 τῶν
1613 1484 1929 1555 τεραστίων.
1947 1487 2004 1540 ’0

444 1572 543 1642 μὲν
573 1572 680 1642 709
706 1571 905 1642 ὑψηλὸς
928 1574 1020 1626 καὶ
1040 1573 1323 1644 φιλόσοφος
1342 1575 1494 1628 οὐδὲν
1512 1576 1757 1647 δεήσεται
1782 1579 1889 1632 τῶν
1911 1596 2008 1650 ση-

443 1662 631 1730 μείων·
650 1661 937 1731 Μακάριοι
956 1661 1063 1734 γάρ
1078 1666 1131 1716 οι
1148 1663 1234 1733 μὴ
1257 1665 1499 1732 εὶδότες,
1523 1667 1622 1721 καί
1642 1671 2006 1724 πιστεύσαν-

438 1770 558 1820 τες.
599 1754 811 1827 Ἐπειδὴ
860 1755 917 1809 δὲ
963 1757 1123 1821 06:6;
1167 1757 1227 1810 06
1272 1757 1474 1811 τούτων
1526 1759 1748 1831 κήδεται
1802 1762 1996 1831 μόνων,

439 1843 575 1897 ἀλλά
596 1845 813 1898 καὶτῶν
840 1847 1178 1919 παχυτέρων,
1197 1847 1317 1903 καθ’
1342 1850 1576 1921 ἑκάστην
1600 1851 1784 1922 σχεδὸν
1808 1854 2000 1920 γενεὰν

439 1934 864 2010 θαυματουργῶν
907 1939 967 1992 06
1010 1940 1261 1997 παύεται.
1292 1942 1472 2013 Ἰκανὴ
1516 1944 1613 2013 μὲν
1652 1946 1757 2016 γάρ
1789 1945 2001 2015 θαυμα-

437 2029 660 2099 τουργία
698 2031 846 2083 πᾶσα
877 2030 985 2082 τῶν
1028 2033 1316 2102 ὁρωμένων
1349 2036 1382 2104 ή
1426 2035 1631 2099 κτίσις’
1680 2037 1793 2090 ἀλλ’
1849 2039 1998 2109 ὅμως

435 2118 713 2190 διεγείρων
733 2118 843 2172 τῶν
866 2118 1072 2174 πολλῶν
1105 2121 1201 2192 τὴν
1226 2122 1492 2192 ρᾳθυμίαν
1519 2124 1575 2174 ἐν
1602 2123 1752 2194 μέσῳ
1773 2124 1849 2195 τῷ
1878 2126 2001 2179 θεά-

433 2224 549 2279 τρῳ
576 2208 750 2278 τούτῳ
772 2208 939 2262 πολλὰ
956 2210 1299 2263 ἐπεδείκνυτο
1326 2212 1603 2282 τεράστια,
1646 2216 1739 2266 3:01
1771 2214 1877 2285 ἰδίᾳ
1904 2216 1997 2268 καὶ

435 2301 610 2369 κοινῇ,
643 2293 751 2351 οἷον
776 2299 837 2352 :6
868 2300 961 2353 ἐπὶ
992 2303 1085 2354 τοῦ
1116 2301 1516 2372 κατακλυσμοῦ,
1547 2303 1606 2355 :6
1630 2304 1721 2356 ἐπὶ
1746 2304 1848 2371 τῆς
1870 2323 1996 2373 συγ-

434 2389 642 2460 χύσεως
664 2390 771 2443 τῶν
798 2391 1073 2459 γλωσσῶν,
1113 2392 1300 2446 :06-1:1
1345 2395 1451 2447 τῶν
1490 2395 1759 2465 Σοδόμων,
1798 2397 1864 2449 :0
1905 2399 1997 2451 ἐπὶ

431 2480 526 2534 τοῦ
554 2481 823 2553 Ἀϐραάμ,
858 2484 927 2537 τὰ
956 2484 1048 2538 ἐπὶ
1072 2483 1165 2538 τοῦ
1207 2486 1410 2549 Ἰσαὰκ,
1435 2489 1501 2541 :0
1535 2488 1626 2541 ἐπὶ
1652 2488 1745 2541 τοῦ
1780 2490 1993 2555 Ἰακὼϐ,

430 2575 503 2630 :0
532 2578 591 2629 ἐν
625 2577 902 2649 Αἰγύπτῳ,
944 2578 1013 2633 τὰ
1056 2581 1114 2633 ἐν
1146 2583 1211 2652 τῇ
1260 2581 1420 2653 ἐξόδῳ
1451 2583 1559 2635 τῶν
1605 2585 1893 2648 Ἰουδαίων.
1925 2589 1995 2642 :0

432 2668 491 2719 ἐν
515 2669 581 2738 τῇ
609 2669 819 2739 ἐρήμῳ,
858 2670 926 2724 :0
963 2673 1020 2724 6v
1047 2674 1113 2743 τῇ
1154 2675 1225 2743 γῇ
1272 2674 1370 2743 τῆς
1420 2675 1798 2748 Παλαιστίνης,
1842 2679 1908 2732 :0
1936 2682 1993 2732 6v

430 2758 734 2825 Βαϐυλῶνι,
765 2761 834 2814 :0
866 2762 1003 2832 μετά
1037 2763 1136 2835 τὴν
1172 2765 1449 2831 ἐπάνοδον,
1479 2767 1546 2821 :0
1578 2769 1671 2821 ἐπὶ
1702 2770 1810 2823 τῶν
1836 2772 1994 2824 Μακ-

429 2849 700 2915 καϐαίων,
756 2851 824 2905 τά
866 2852 1003 2921 μετὰ
1046 2854 1144 2925 τὴν
1174 2856 1405 2926 Χριστοῦ
1438 2858 1770 2928 παρουσίαν,
1819 2860 1887 2915 :0
1935 2863 1992 2914 ἐν

428 2944 566 3014 αύτῇ
604 2946 669 3014 τῇ
712 2930 1017 3016 παρουσίᾳ,
1050 2945 1121 3000 τὰ
1169 2948 1328 3020 μέχρι
1368 2950 1606 3021 σήμερον
1646 2952 1923 3022 γινόμενα,
1956 2957 1990 3024 ή

428 3034 777 3100 κατάπτωσις
800 3037 904 3090 τῶν
948 3038 1350 3112 Ἱεροσολύμων,
1379 3044 1412 3113 ή
1450 3043 1701 3116 οἰκοδομή
1728 3047 1827 3116 τῆς
1868 3047 1991 3101 Ἐκ-

427 3125 677 3195 κλησίας,
701 3141 730 3178 0
756 3126 913 3196 λόγος
937 3130 965 3181 6
990 3129 1263 3200 πανταχοῦ
1300 3132 1527 3203 τρέχων,
1556 3135 1586 3187 6
1613 3133 1702 3188 6:0
1731 3137 1988 3205 κυμάτων

426 3215 631 3286 ἀρθεὶς,
656 3218 685 3270 6
723 3217 812 3271 6:0
860 3219 1107 3290 πολέμων
1135 3222 1419 3293 αὐξηθεὶς,
1475 3227 1525 3280 οί
1560 3226 1667 3280 τῶν
1698 3229 1989 3302 μαρτύρων

425 3303 604 3376 δῆμοι,
635 3306 704 3359 :0
738 3307 871 3361 ἀλλα
904 3311 1137 3368 ἅπαντα.
1180 3315 1356 3370 Πολλά
1392 3317 1449 3370 δὲ
1497 3317 1562 3372 ἄν
1609 3337 1692 3384 τις
1725 3322 1819 3376 καὶ
1846 3323 1987 3378 ίδικά

428 3395 525 3448 ίδοι
557 3398 649 3450 καὶ
677 3400 735 3452 ἐν
771 3399 917 3470 οἰκία
943 3402 1206 3472 γενόμενα
1235 3404 1507 3475 θαύματα,
1535 3410 1629 3464 3:01
1664 3411 1722 3464 ἐν
1745 3412 1984 3467 πόλεσιν.

426 3484 597 3574 'AA110
606 3486 740 3574 τέως
765 3487 833 3541 :0
853 3488 1134 3557 καθολικά,
1152 3493 1244 3546 3:01
1265 3495 1434 3549 ἅπασι
1450 3497 1583 3568 δῆλα
1606 3501 1699 3554 καὶ
1715 3501 1985 3574 γνώριμα,

424 3570 462 3630 0
505 3572 627 3626 καθ’
664 3575 898 3646 ἑκάστην
946 3577 1151 3645 γίνεται
1194 3580 1408 3650 γενεὰν,
1448 3584 1667 3656 ἴδωμεν.
1713 3570 1859 3642 Πόσα
1890 3570 1988 3644 ἐπὶ

437 3659 719 3714 Ἰουλιανοῦ
755 3662 849 3715 τοῦ
889 3665 1091 3731 πάντας
1132 3669 1357 3741 ἀσεϐείᾳ
1399 3674 1719 3742 νικήσαντος
1773 3677 1983 3745 γέγονε,

422 3748 855 3820 τῆςἘκκλησίας
878 3751 1286 3827 πολεμουμένης
1308 3775 1322 3821 ;
1362 3758 1504 3812 πόσα
1532 3761 1625 3813 ἐπὶ
1647 3761 1982 3834 Μαξιμίνου;

424 3839 567 3894 πόσα
598 3842 703 3912 πρὸ
728 3842 836 3897 τῶν
864 3844 1084 3899 ἐκείνων
1110 3846 1401 3917 βασιλέων;
1438 3853 1503 3907 Εί
1531 3853 1589 3908 δέ
1620 3855 1873 3925 βούλεσθε
1893 3861 1986 3914 καὶ

422 3928 494 3983 :0
524 3931 617 3985 ἐπὶ
644 3934 744 4004 τῆς
790 3938 981 4004 γενεᾶς
1023 3939 1302 4009 συμϐάντα
1327 3942 1428 4013 τῆς
1459 3944 1757 4017 ἡμετέρας,
1799 3942 1908 4004 οἷον
1934 3953 1985 4005 οἱ

425 4025 647 4095 σταυροὶ
686 4026 736 4078 οί
780 4026 921 4080 κατά
965 4028 1073 4083 τῶν
1118 4032 1347 4103 ίματίων
1388 4037 1716 4106 χαραγέντες
1767 4040 1982 4112 ἀθρόον,

421 4112 517 4166 τοῦ
556 4114 882 4182 Ἀπόλλωνος
909 4118 968 4172 :6
1011 4122 1153 4192 ἱερὸν
1183 4124 1243 4177 :6
1273 4125 1501 4197 σκηπτῷ
1528 4130 1868 4202 κατενεχθέν,
1891 4133 1983 4187 τοῦ

423 4205 578 4271 ἀγίου
610 4207 883 4282 μάρτυρος
912 4212 1126 4267 Βαϐύλα
1151 4215 1245 4270 τοῦ
1291 4218 1349 4270 ἐν
1378 4218 1561 4291 Δάφνῃ
1591 4222 1623 4292 ή
1673 4223 1981 4293 μετάθεσις,

423 4299 568 4370 καὶὴ
610 4300 819 4373 φανερά
849 4303 969 4373 νίκη
1002 4307 1036 4375 ή
1073 4305 1213 4360 κατὰ
1244 4308 1337 4363 τοῦ
1365 4308 1635 4381 δαίμονος,
1666 4314 1759 4367 τοῦ
1787 4319 1982 4388 ταμίου

419 4390 529 4443 τῶν
556 4390 847 4482 βασιλικῶν
874 4396 1168 4466 χρημάτων
1191 4398 1220 4450 6
1244 4401 1538 4469 παράδοξος
1567 4404 1813 4471 θάνατος,
1843 4410 1981 4482 αὑτὴ

420 4483 453 4552 ή
486 4481 578 4535 τοῦ
616 4483 876 4554 βασιλέως
912 4489 1209 4561 ἀναίρεσις,
1241 4492 1409 4546 αὑτοῦ
1454 4494 1547 4549 τοῦ
1581 4495 1866 4552 Ἰουλιανοῦ
1886 4481 1979 4553 τοῦ

420 4568 627 4634 πάντας
656 4572 879 4644 ἀσεϐείᾳ
892 4578 1227 4646 νικήσαντος,
1259 4581 1406 4653 καὶὴ
1435 4583 1527 4636 τοῦ
1560 4582 1702 4637 θείου
1729 4585 1822 4638 :06
1843 4587 1982 4641 ἐκεί-

419 4676 512 4748 νου
545 4660 807 4725 ἀπώλεια,
828 4663 935 4717 τῶν
973 4665 1265 4737 σκωλήκων
1288 4670 1344 4721 αί
1374 4672 1566 4742 πηγαὶ,
1597 4672 1756 4745 ἐτερα
1791 4678 1976 4748 μυρία,

418 4748 447 4800 6
472 4747 655 4820 λιμὸς,
702 4752 730 4803 6
779 4751 1021 4823 αὐχμὸς,
1072 4756 1245 4827 ήτῶν
1272 4757 1478 4814 ὑδάτων
1518 4762 1744 4829 σπάνις,
1797 4767 1830 4837 ή
1861 4769 1977 4836 μετ’

419 4838 583 4892 06:06
625 4844 745 4906 ταῖς
795 4843 1010 4899 πόλεσιν
1053 4847 1393 4918 ἐμπεσοῦσα,
1447 4851 1542 4905 καὶ
1589 4852 1752 4927 ἐτερα
1809 4857 1978 4928 μυρία

418 4933 709 5004 πανταχοῦ.

489 5022 552 5078 ε’.
575 5026 755 5081 K016v
775 5026 1107 5104 Παλαιστίνῃ
1123 5030 1190 5085 :0
1202 5032 1321 5086 τότε
1338 5050 1401 5086 συ
1408 5034 1615 5106 μϐάντα
1634 5036 1852 5108 ἔγνωτε.
1866 5041 1979 5095 K01

418 5111 527 5185 709
546 5115 707 5185 ἡνίκα
727 5117 819 5171 τὸν
841 5118 967 5173 ναὸν
988 5122 1191 5175 ἐκεῖνον
1211 5124 1300 5177 τὸν
1318 5127 1383 5197 τῇ
1405 5125 1569 5197 ψήφῳ
1583 5127 1676 5181 τοῦ
1693 5128 1826 5184 Θεοῦ
1848 5131 2013 5189 καθ-ι

420 5204 702 5276 αιρεθέντα
723 5208 1087 5281 ἀνοικοδομεῖν
1108 5211 1385 5267 ἐϐούλοντο
1400 5215 1656 5281 Ἰουδαῖοι,
1682 5218 1794 5291 πῦρ
1823 5219 1975 5293 [272]

420 5299 486 5351 63:
526 5298 634 5353 τῶν
689 5299 950 5370 θεμελίων
994 5302 1323 5374 ἐκπηδῆσανο
1341 5305 1585 5371 ἅπαντας
1629 5309 1824 5380 ήλασε,
1881 5313 1977 5366 3:01

422 5394 690 5464 μαρτυρεῖ
710 5395 772 5446 :6
799 5393 957 5465 ἔργον
984 5395 1265 5452 ἀτέλεστον
1289 5400 1497 5470 μεῖναν.
1527 5402 1850 5473 Οίκτίρμων
1876 5406 1976 5459 καί

469 5564 488 5639 ξ
531 5559 805 5639 S_i_cJ$ayjl.
849 5565 1061 5639 et__Reg.
1106 5565 1278 5639 Μαι-ει.
1327 5582 1442 5639 gero
1475 5577 1560 5631 τῆς
1594 5575 1816 5639 πονηρίας
1851 5577 1977 5627 ἀπά-

416 5635 524 5692 σης,
541 5628 838 5692 ρεηιεηιὶξιπι
861 5627 1146 5692 τειίηᾳὶιθοε
1173 5627 1526 5692 imperfectam.

418 5683 516 5795 et:
519 5686 637 5798 13:1:
666 5687 906 5739 ἐπαύσατο
926 5683 1110 5742 deéra:
1130 5692 1182 5741 in
1203 5683 1373 5744 Mbrel.
1401 5694 1501 5746 Sed
1524 5693 1732 5750 habetur
1754 5696 1805 5749 in
1823 5698 1974 5753 Savil.

1188 352 1247 411 S.
1283 353 1565 412 JOANNIS
1599 355 2085 415 CHRYSOSTON
2114 358 2435 421 ARCHIEP.
2471 365 3021 427 CONSTANTINOP.

2110 478 2380 549 ἐλεήμων
2406 488 2439 539 ό
2468 487 2678 555 Κύριος
2692 488 2918 558 τροφὴν
2944 489 3126 544 ἐδωκε
3148 491 3272 558 τοῖς
3289 492 3677 563 φοϐουμένοις

2110 572 2312 629 αὐτόν.
2371 577 2728 647 Ἀπαγγείλας
2765 582 2927 636 αὐτοῦ
2958 580 3056 646 τὰς
3096 584 3432 654 εὐεργεσίας,
3458 586 3557 648 τὰς
3586 586 3675 640 διά

2108 664 2218 717 τῶν
2248 666 2558 738 θαυμάτων,
2593 674 2691 736 τὰς
2728 673 2815 728 διά
2844 675 2953 728 τῶν
2993 674 3190 745 ἔργων,
3218 678 3317 747 τὴν
3348 677 3672 748 κηδεμονίαν

2109 754 2207 825 τὴν
2236 757 2372 829 ὑπὲρ
2400 760 2556 831 ήμῶν
2584 766 2975 836 γεγενημένην,
3004 767 3100 820 καὶ
3125 765 3300 836 τούτῳ
3331 766 3492 820 πάλιν
3521 764 3671 831 αὔξει

2107 844 2198 899 τὸν
2230 846 2408 916 λόγον,
2438 852 2649 918 δεικνὺς
2676 856 2758 908 6::
2793 856 3028 910 :0006:0
3057 856 3151 910 3:01
3184 854 3487 927 τηλικαῦτα
3513 854 3671 925 ποιή-

2110 952 2209 1002 σας
2234 940 2374 1012 ὑπὲρ
2395 946 2494 1012 τῆς
2512 945 2782 1015 σωτηρίας
2802 947 2900 1017 τῆς
2913 946 3022 1000 τῶν
3040 948 3137 1002 0v6
3146 949 3361 1019 ρώπων,
3384 946 3480 1000 καὶ
3508 943 3669 998 παντὶ

2106 1032 2292 1103 τρόπῳ
2321 1034 2614 1101 παιδεύσας
2640 1039 2852 1106 αὐτοὺς,
2882 1041 2977 1095 3:01
3007 1040 3274 1094 παιδεύων
3301 1041 3380 1101 είς
3422 1039 3521 1108 τὴν
3550 1037 3668 1090 θεο-

2106 1121 2343 1187 γνωσίαν
2387 1124 2480 1177 καὶ
2507 1125 2607 1197 τήν
2649 1127 2823 1198 ἀκραν
2856 1128 3189 1196 φιλοσοφίαν,
3235 1127 3330 1181 3:01
3358 1122 3665 1195 διακρατῶν

2105 1214 2282 1269 αὐτῶν
2310 1217 2406 1288 τὴν
2441 1216 2608 1291 ζωὴν,
2646 1220 2707 1273 06
2748 1221 2888 1275 κο,τά
2922 1221 3139 1292 ὀφειλὴν
3175 1219 3332 1274 τοῦτο
3375 1214 3665 1289 ἐργάζεται

2105 1309 2272 1381 (ὅπερ
2305 1312 2531 1383 μεγίστη
2563 1314 2719 1385 χάρις
2748 1315 2944 1381 ἐστὶν).
2979 1313 3116 1368 ἀλλά
3158 1313 3223 1366 δι’
3251 1313 3397 1365 ελεον
3421 1311 3515 1392 3:01
3547 1307 3666 1377 φιλ-

2103 1399 2436 1471 ανθρωπίαν,
2478 1404 2574 1474 οὐχ
2603 1405 2677 1468 ὼς
2716 1405 2879 1470 06:6;
2920 1406 3170 1476 δεόμενος
3191 1403 3389 1468 αὐτῶν,
3426 1399 3563 1455 ἀλλά
3597 1395 3664 1450 δι’

2102 1493 2411 1565 ἀγαθότητα
2445 1496 2632 1566 μόνην.
2664 1496 2903 1567 Τροφὴν
2924 1498 3106 1551 ἔδωκε
3135 1497 3260 1563 τοῖς
3278 1494 3665 1565 φοϐουμένοις

2101 1584 2305 1638 αὐτόν.
2331 1585 2483 1649 Τίνος
2511 1587 2693 1640 ἐνεκεν
2718 1591 2841 1652 τοὺς
2856 1589 3218 1659 φοϐουμένους
3241 1587 3471 1641 ἐνταῦθα
3494 1584 3663 1637 τέθει-

2102 1689 2228 1740 κεν;
2265 1676 2339 1727 Οὐ
2362 1677 2469 1747 709
2494 1676 2557 1747 δὴ
2607 1678 2797 1748 μόνους
2834 1679 3029 1742 06:06;
3058 1680 3265 1750 τρέφει.
3309 1678 3418 1731 K01
3467 1675 3575 1746 709
3604 1677 3661 1727 ἐν

2098 1763 2176 1833 τῷ
2202 1764 2515 1835 Εύαγγελίῳ
2532 1767 2715 1837 φησὶν,
2747 1767 2868 1820 ’Ὁτι
2898 1768 3212 1821 ἀνατέλλει
3236 1765 3342 1819 τὸν
3373 1763 3546 1832 ἣλιον
3562 1763 3662 1817 ἐπὶ

2099 1853 2400 1919 πονηροὺς
2431 1854 2529 1908 καὶ
2576 1855 2852 1925 ἀγαθοὺς,
2887 1855 2985 1910 καὶ
3021 1855 3227 1925 βρέχει
3267 1855 3363 1908 ἐπὶ
3396 1854 3660 1919 δικαίους

2098 1944 2197 1997 καὶ
2225 1945 2487 2011 ἀδίκους.
2541 1947 2665 2011 Πῶς
2693 1941 2784 2001 οῦν
2810 1943 2950 2010 εἷπε,
2984 1946 3115 2013 Τοῖς
3142 1944 3529 2016 φοϐουμένοις
3550 1945 3657 1997 a6-

2099 2034 2204 2086 τόν
2228 2050 2246 2095 ;
2276 2034 2489 2106 Τροφὴν
2515 2035 2746 2089 ἐνταῦθα
2773 2035 2917 2089 δοκεῖ
2944 2052 3033 2106 μοι
3058 2034 3236 2101 λέγειν
3257 2033 3316 2085 06
3342 2030 3438 2102 τὴν
3477 2046 3657 2098 σωμα-

2097 2119 2272 2191 τικὴν.
2302 2121 2434 2176 ἀλλά
2454 2124 2551 2195 τὴν
2572 2124 2671 2193 τῆς
2694 2123 2892 2195 ψυχῆς.
2947 2124 3047 2176 Διά
3074 2121 3229 2175 τοῦτο
3259 2128 3352 2174 καὶ
3388 2121 3516 2191 περὶ
3547 2119 3655 2171 τῶν

2098 2213 2260 2276 φοϐου
2268 2215 2443 2285 μένων
2463 2214 2763 2283 διαλέγεται
2788 2214 2945 2286 μόνον
2959 2231 2972 2244 ³
2997 2213 3132 2286 αῦτη
3157 2216 3263 2286 γὰρ
3283 2213 3489 2276 τούτοις
3510 2210 3654 2265 ἐστὶν

2095 2307 2468 2378 ἀφωρισμένη.
2500 2310 2705 2378 Ὥσπερ
2729 2309 2837 2380 709
2867 2309 3124 2381 τρέφεται
3153 2309 3329 2378 σῶμα,
3359 2306 3497 2359 οὕτω
3532 2303 3655 2375 τρέ-

2094 2413 2250 2464 φεται
2289 2398 2381 2449 καὶ
2412 2396 2577 2468 ψυχή.
2620 2400 2728 2451 K01
2762 2400 2842 2451 6::
2874 2399 3132 2470 τρέφεται
3178 2399 3372 2452 ἀκουε·
3415 2399 3536 2450 Οὐκ
3561 2395 3654 2447 ἐπ’

2092 2488 2245 2557 ἄρτῳ
2277 2492 2443 2558 μόνῳ
2482 2488 2716 2555 ζήσεται
2759 2490 3095 2559 ἄνθρωπος,
3150 2489 3287 2544 ἀλλ’
3330 2489 3428 2542 ἐπὶ
3475 2488 3652 2541 παντὶ

2087 2580 2302 2649 ῥήματι
2328 2581 2771 2651 ἐκπορευομένῳ
2791 2582 2886 2637 διὰ
2912 2585 3207 2652 στόματος
3233 2581 3397 2636 Θεοῦ.
3439 2579 3652 2649 Ταύτην

2090 2667 2182 2724 οὖν
2208 2671 2353 2740 λέγει
2392 2674 2489 2743 τήν
2525 2672 2746 2744 τροφὴν,
2783 2674 2848 2744 ἢν
2886 2672 3175 2743 ἐξαιρέτως
3221 2672 3385 2725 ἔδωκε
3412 2672 3525 2734 τοῖς
3554 2687 3651 2739 φο-

2090 2763 2370 2833 ϐουμένοις
2397 2764 2577 2826 αὐτὸν,
2610 2764 2707 2836 τὴν
2729 2765 2817 2818 6:0
2846 2764 2938 2819 :06
2970 2764 3128 2833 λόγου
3164 2763 3526 2821 διδασκαλίαν,
3555 2762 3651 2833 τήν

2089 2853 2387 2917 παίδευσιν,
2430 2852 2527 2924 τὴν
2576 2853 2889 2921 φιλοσοφίαν
2935 2853 3169 2908 ἃπασαν.
3225 2851 3651 2919 Μνησθήσεται

2087 2946 2174 3010 εὶς
2201 2944 2308 2998 τὸν
2332 2944 2517 2999 αἰῶνα
2543 2945 2827 3011 διαθήκης
2848 2945 3052 2999 αὐτοῦ.
3078 2946 3244 3000 Πάλιν
3275 2944 3649 2999 καταστέλλων

2085 3035 2194 3087 τῶν
2236 3035 2499 3090 Ἰουδαίων
2547 3036 2643 3108 τὴν
2685 3037 2970 3102 ἀπόνοιαν,
3008 3038 3101 3091 3:01
3139 3036 3230 3091 :6v
3272 3036 3437 3105 τῦφον
3471 3035 3647 3090 αὐτῶν

2088 3128 2540 3199 ὑποτεμνόμενος,
2577 3128 2772 3199 μᾶλλον
2796 3129 2852 3181 δὲ
2884 3128 3116 3193 δεικνὺς,
3142 3129 3222 3182 6::
3260 3128 3367 3181 τῶν
3404 3127 3644 3196 ἀγαθῶν,

2087 3210 2163 3272 ὧν
2194 3217 2535 3289 ἀπήλαυσαν,
2565 3218 2624 3271 06
2657 3218 2745 3271 6:0
2779 3218 2875 3289 τὴν
2913 3218 3066 3285 ἀξίαν
3095 3219 3413 3290 ἀπήλαυσαν
3438 3217 3536 3287 τὴν
3567 3218 3641 3270 ol-

2086 3309 2257 3377 κείαν,
2289 3310 2423 3363 ἀλλὰ
2458 3310 2545 3363 6:0
2575 3309 2671 3381 τήν
2712 3309 2889 3381 φιλίαν
2919 3309 3079 3364 06:06
3105 3310 3201 3381 τὴν
3231 3311 3365 3381 πρὸς
3392 3313 3517 3374 τοὺς
3544 3327 3646 3364 πα-

2084 3406 2266 3475 τέρας,
2290 3404 2382 3458 x01
2410 3405 2507 3468 :0;
2550 3404 2823 3474 συνθήκας
2858 3405 2957 3469 τὰς
2993 3405 3126 3476 πρὸς
3152 3405 3391 3469 ἐκείνους
3424 3420 3646 3476 γεγενη-

2088 3498 2274 3567 μένας,
2318 3498 2449 3569 φησί
2468 3515 2482 3529 ’
2517 3498 2941 3565 Μνησθήσεται
2965 3499 3051 3563 είς
3082 3496 3187 3549 τὸν
3226 3496 3412 3549 αἰῶνα
3441 3494 3643 3560 διαθή-

2084 3599 2195 3651 κης
2214 3582 2396 3636 αὑτοῦ
2416 3600 2429 3613 ο
2483 3584 2622 3654 ὅπερ
2676 3584 2769 3637 3:01
2796 3583 3027 3655 Μωῦσῆς
3057 3583 3419 3655 παρήγγειλεν
3461 3585 3643 3647 αύτοῖς

2082 3669 2342 3723 εἰσιοῦσιν
2374 3673 2451 3734 είς
2476 3672 2574 3741 τὴν
2603 3672 2703 3740 γῆν
2733 3671 2833 3741 τῆς
2862 3671 3186 3740 ἐπαγγελίας
3212 3670 3391 3738 λέγειν
3422 3671 3518 3724 3:01
3552 3671 3641 3724 6v-

2082 3760 2245 3811 νοεῖν.
2291 3758 2425 3811 Ἐὰν
2452 3757 2559 3828 709
2591 3758 3012 3827 οίκοδομήσῃς,
3053 3758 3206 3829 φησὶ,
3240 3758 3448 3821 πόλεις
3490 3759 3643 3827 λαμ-

2082 3848 2256 3914 πρὰς,
2275 3848 2370 3901 καὶ
2398 3847 2684 3916 περιϐάλῃ
2708 3848 2972 3901 πλοῦτον
2990 3846 3321 3917 χρημάτων,
3340 3847 3425 3916 μὴ
3446 3846 3640 3915 εἵπῃς,

2082 3932 2171 3987 ὅτι
2205 3934 2308 3989 Διὰ
2330 3934 2445 4002 τὴν
2471 3934 2867 4002 δικαιοσύνην
2890 3952 3008 4004 μου
3037 3934 3222 3988 ταῦτα
3251 3934 3516 4004 γέγονεν,
3536 3937 3643 3990 ἀλ-

2081 4020 2162 4075 λὰ
2192 4021 2289 4075 διὰ
2310 4023 2416 4086 τὰς
2449 4022 2759 4087 συνθήκας
2779 4022 2885 4088 τὰς
2908 4022 3056 4090 πρὸς
3069 4021 3210 4088 τοὺς
3234 4022 3487 4091 πατέρας
3502 4037 3637 4078 σου.

2083 4107 2247 4160 Οὐδὲν
2275 4108 2382 4179 709
2411 4109 2666 4171 ἀπονοίας
2701 4109 2877 4179 χεῖρον
2898 4124 2912 4138 ·
2965 4107 3054 4161 διὰ
3085 4108 3242 4162 τοῦτο
3264 4110 3425 4162 παντὶ
3458 4110 3641 4180 τρόπῳ

2082 4195 2175 4249 3:01
2188 4195 2473 4258 διαπαντὸς
2497 4197 2525 4249 6
2540 4195 2669 4259 Θεὸς
2687 4195 2939 4248 ἐκκόπτει
2961 4195 3128 4266 αὐτὴν
3149 4195 3405 4265 συνεχῶς.
3443 4195 3643 4265 Ἰσχὺν

2079 4281 2267 4351 ἔργων
2284 4281 2469 4336 αὐτοῦ
2495 4280 2809 4351 ἀνήγγειλε
2830 4280 2907 4347 τῷ
2928 4280 3054 4348 λαῷ
3076 4282 3282 4346 αὐτοῦ,
3304 4283 3409 4337 τοῦ
3430 4281 3638 4336 δοῦναι

2078 4368 2281 4435 αὐτοῖς
2297 4370 2699 4439 κληρονομίαν
2719 4368 2923 4424 ἐθνῶν.
2962 4370 3091 4424 Ἀπὸ
3107 4370 3212 4422 τῶν
3228 4369 3526 4424 καθολικῶν
3548 4370 3640 4424 ἐπὶ

2078 4456 2146 4509 :0
2172 4457 2372 4527 μερικά
2408 4457 2635 4527 μετάγει
2657 4457 2747 4511 τὸν
2772 4457 2926 4525 λόγον
2945 4474 2959 4488 ο
2991 4457 3099 4512 ἀπὸ
3123 4458 3231 4511 τῶν
3262 4458 3404 4511 κατὰ
3438 4457 3535 4529 τὴν
3563 4459 3639 4511 01-

2078 4539 2347 4610 κουμένην
2386 4541 2690 4611 γενομένων
2714 4580 2729 4605 ,
2773 4541 2864 4594 ἐπὶ
2906 4540 2981 4594 τάκ
3018 4540 3284 4604 Ἰουδαίοις
3334 4540 3635 4610 συμϐάντα.

2078 4626 2327 4681 Μάλιστα
2356 4626 2433 4689 δέ,
2459 4627 2513 4680 εί
2534 4644 2618 4690 τις
2639 4626 2875 4698 ἀκριϐῶς
2903 4626 3194 4692 ἐξετάσειε,
3226 4630 3319 4681 καὶ
3344 4628 3515 4680 ταῦτα
3541 4644 3636 4681 κα-

2078 4715 2304 4769 θολικῶν
2332 4716 2515 4784 ἐπέχει
2540 4714 2712 4781 τάξιν.
2760 4715 2841 4769 Τά
2873 4715 2978 4787 γὰρ
3012 4716 3093 4780 εἰς
3124 4715 3319 4780 06:06;
3355 4716 3632 4786 γινόμενα,

2074 4804 2187 4867 τοῖς
2217 4803 2396 4866 ἄλλοις
2422 4802 2755 4858 διδασκαλίαι
2779 4802 3037 4871 ἐγίνοντο,
3071 4804 3167 4858 καὶ
3189 4804 3237 4856 οἱ
3260 4802 3503 4874 πόλεμοι,
3543 4804 3637 4857 3:01

2074 4890 2144 4944 :0
2167 4891 2421 4961 τρόπαια,
2440 4890 2533 4945 καὶ
2554 4892 2611 4945 αί
2634 4892 2779 4943 νῖκαι
2800 4891 2919 4943 ἀντὶ
2934 4889 3280 4961 κηρύγματος
3304 4891 3504 4960 ἡρκουν
3523 4893 3635 4955 τοῖς

2075 4978 2448 5048 προσέχουσιν.
2472 4978 2546 5031 O6
2568 4976 2671 5048 709
2688 4976 2972 5048 ἀκολουθίᾳ
2988 4976 3320 5049 ἀνθρωπίνῃ,
3339 4976 3475 5030 ἀλλά
3497 4978 3635 5049 ὑπὲρ

2074 5065 2232 5134 λόγον
2257 5064 2429 5119 ταῦτα
2458 5065 2755 5120 συνέϐαινε.
2794 5064 2929 5118 Ποία
2957 5063 3066 5135 709
3105 5063 3393 5118 ἀκολουθία
3428 5065 3632 5134 ἐκείνη,

2078 5151 2444 5216 σαλπιζόντων
2480 5151 2659 5205 αὐτῶν
2690 5150 2762 5205 τὰ
2799 5150 2952 5221 τείχη
2995 5150 3461 5215 καταϐάλλεσθαι,
3537 5152 3634 5206 καὶ

2074 5241 2305 5307 γυναῖκα
2345 5237 2749 5309 στρατηγοῦσαν
2787 5244 2941 5309 νικᾳν
2971 5239 3065 5291 3:01
3096 5239 3484 5308 περιγίνεσθαι,
3539 5239 3634 5291 3:01

2075 5324 2285 5378 παιδίον
2321 5324 2514 5395 μικρὸν
2544 5324 2905 5396 βαρϐαρικοὺς
2927 5325 3190 5394 πολέμους
3216 5324 3505 5378 καταλύειν
3525 5324 3632 5378 ἀπὸ

2074 5407 2223 5461 λίθου
2273 5407 2435 5479 βολῆς
2462 5410 2627 5479 μιᾶς;
2673 5408 2781 5463 K01
2819 5408 2980 5477 ἐτερα
3010 5408 3065 5460 δέ
3101 5408 3233 5463 ἀλλα
3264 5407 3415 5479 [276]
3458 5404 3631 5475 παράο

2073 5491 2198 5557 δοξα
2218 5491 2438 5545 τοιαῦτα
2484 5492 2810 5545 συνέϐαινεν.
2852 5491 3004 5544 Οὕτω
3039 5491 3146 5544 τῶν
3170 5491 3440 5560 πολεμίων
3465 5489 3629 5560 ἐκρά-

2072 5597 2265 5650 τησαν,
2312 5578 2456 5634 οὕτω
2487 5580 2583 5650 τῆς
2611 5578 2965 5649 Παλαιστίνης
2998 5578 3263 5645 ἐξέϐαλον.
3324 5578 3492 5632 Ὅταν
3537 5572 3631 5630 οὖν

2073 5666 2228 5737 λέγῃ,
2268 5665 2476 5735 Ἰσχὺν
2489 5665 2676 5736 ἔργων
2702 5665 2887 5720 αὑτοῦ
2914 5664 3230 5734 ἀνήγγειλε
3262 5663 3343 5728 τῷ
3368 5664 3495 5726 λαῷ
3531 5663 3634 5716 αὑ-

2078 5754 2205 5822 τοῦ,
2231 5753 2380 5808 οὐδὲν
2412 5752 2539 5808 ἀλλο
2564 5752 2728 5823 λέγει,
2756 5753 2892 5826 ῆὸτι
2920 5754 3187 5821 ἐπέδειξεν
3216 5749 3379 5807 αὐτοῦ
3410 5751 3508 5827 τὴν
3540 5745 3633 5805 δύο
