4108 6344
405 356 512 412 285

387 459 664 546 (conﬁdas,
689 471 735 526 si
766 472 820 526 in
850 485 979 542 pace
1006 472 1173 526 vitam
1208 471 1410 528 ﬁnieris
1461 490 1474 526 :
1525 484 1804 544 postquam
1841 472 1984 526 enim

384 555 530 617 ‘hinc
560 565 877 629 excesseris,
910 564 1148 618 omnium
1189 563 1379 619 reddes
1407 565 1690 631 rationem,
1737 566 1986 634 nequitia:

411 655 582 711 debila
619 657 815 710 solves.
847 657 985 712 Deus
1011 658 1154 712 enim
1176 673 1391 729 semper
1417 674 1658 722 manens,
1683 671 1982 714 manentem

409 764 621 818 semper
649 749 808 805 habet
833 750 1113 819 justitiam,
1157 752 1242 806 cui
1281 767 1427 807 mors
1455 752 1589 808 nihil
1627 754 1881 807 rescindit
1917 752 1985 808 de

406 842 840 896 remuneratione
863 841 1102 897 laborum
1130 857 1226 912 pro
1251 844 1445 899 virtute
1469 854 1860 914 susceptorum,
1884 860 1984 899 nec

404 932 469 986 de
495 932 821 999 irrogatione
847 934 1230 1003 suppliciorum
1259 950 1377 1004 qua:
1407 935 1671 989 debentur
1696 936 1907 989 sceleri.

476 1025 726 1079 Miracula
770 1043 963 1097 semper
1005 1027 1141 1081 Deus
1187 1030 1326 1096 facit.
1349 1031 1486 1084 —4.
1534 1029 1834 1083 Memoriam
1866 1031 1982 1100 fecit

401 1115 708 1168 mirabilium
749 1133 974 1170 suorum.
1023 1117 1159 1183 Quid
1203 1127 1319 1183 est,
1363 1118 1657 1173 Memoriam
1683 1121 1797 1189 fecit
1826 1123 1982 1174 mira-

401 1206 574 1260 bilium
598 1209 842 1262 suorum?
866 1208 1182 1279 Numquam,
1209 1211 1400 1280 inquit,
1427 1211 1681 1266 miracula
1705 1211 1878 1267 facere
1900 1213 1980 1266 in-

401 1300 646 1353 termisit.
677 1299 789 1354 Hoc
815 1301 955 1355 enim
985 1311 1087 1370 est,
1117 1302 1411 1357 Memoriam
1437 1305 1571 1374 fecit,
1596 1321 1701 1359 non
1728 1307 1974 1372 cessavit,

400 1409 504 1447 non
556 1394 758 1450 destitit
791 1411 886 1465 per
925 1411 1140 1453 omnem
1181 1401 1578 1467 generationem
1618 1402 1796 1458 facere
1823 1404 1979 1457 mira-

398 1487 536 1549 cula,
569 1497 624 1541 et
649 1503 743 1555 per
771 1503 857 1542 res
881 1489 1221 1545 admirabiles
1256 1493 1490 1546 excitare
1522 1494 1830 1548 crassiores.
1873 1493 1974 1561 Qui

396 1589 480 1634 est
515 1581 657 1634 enim
689 1581 901 1636 excelso
928 1583 1108 1636 animo
1146 1593 1200 1638 et
1244 1583 1593 1654 philosoiihize
1633 1587 1832 1654 dedito,
1865 1603 1972 1644 non

395 1686 529 1740 Opus
566 1672 781 1728 habebit
806 1675 973 1744 signis
1006 1693 1019 1728 :
1052 1674 1196 1728 Beati
1239 1678 1380 1731 enim
1406 1679 1492 1745 qui
1519 1695 1620 1732 non
1648 1679 1893 1742 viderunt,
1925 1690 1973 1734 et

392 1764 709 1817 crediderunt
737 1764 913 1834 (Joan.
939 1766 1029 1821 20.
1062 1767 1173 1839 29).
1203 1768 1463 1836 Quoniam
1495 1779 1671 1825 autem
1716 1772 1829 1841 ipse
1865 1789 1970 1827 non

390 1870 577 1910 eorum
611 1857 975 1911 tantummodo
1005 1873 1184 1912 curam
1211 1861 1366 1929 gerit,
1409 1861 1502 1916 sed
1535 1863 1694 1916 etiam
1739 1864 1969 1917 crassio-

390 1963 530 2012 rum,
559 1947 610 2000 in
638 1947 783 2002 omni
830 1948 941 2004 fere
974 1952 1315 2020 generatione
1347 1969 1450 2007 non
1493 1963 1668 2008 cessat
1715 1956 1968 2010 miracula

388 2039 569 2092 edere.
607 2037 745 2094 Satis
768 2040 980 2110 quidem
1005 2056 1250 2112 magnum
1279 2055 1362 2098 est
1387 2045 1696 2099 miraculum
1719 2047 1965 2101 universa

387 2148 572 2187 eorum
613 2149 731 2202 qua:
769 2134 1015 2189 videntur
1052 2137 1251 2190 creatio
1279 2155 1291 2190 :
1324 2137 1416 2192 sed
1460 2146 1635 2193 tamen
1678 2141 1963 2194 multorum

387 2226 683 2280 socordiam
715 2229 973 2293 excitans,
1001 2229 1053 2282 in
1080 2229 1257 2284 medio
1281 2231 1383 2285 hoc
1409 2231 1616 2286 theatro
1637 2243 1691 2286 et
1719 2235 1959 2302 privatim

386 2326 441 2371 et
478 2317 687 2386 publice
733 2320 898 2373 multa
925 2319 1162 2374 ostendit
1192 2322 1474 2386 mirabilia,
1505 2324 1639 2376 sicut
1677 2324 1959 2389 diluvium,

385 2409 687 2479 linguarum
741 2411 1138 2478 confusionem,
1188 2412 1541 2468 Sodomorum
1584 2415 1960 2485 conﬂagratio-

383 2517 530 2567 nem,
563 2517 681 2570 qua:
708 2502 956 2568 Abrahae,
983 2518 1100 2573 quas
1121 2502 1287 2570 Isaac,
1316 2521 1433 2574 qua:
1461 2507 1624 2562 Jacob
1645 2518 1957 2575 evenerunt,

383 2608 501 2662 quae
530 2592 582 2646 in
612 2591 842 2663 ngypto
871 2593 1008 2648 facta
1035 2605 1178 2658 sunt,
1220 2611 1337 2665 qua:
1365 2598 1415 2652 in
1443 2600 1586 2652 exitu
1626 2599 1958 2666 Judteorum,

382 2699 501 2754 qua:
529 2685 583 2738 in
608 2685 912 2752 solitudine,
945 2703 1064 2755 quze
1092 2689 1144 2741 in
1177 2688 1490 2756 Palmstina,
1520 2705 1639 2760 quae
1669 2692 1956 2764 Babylone,

381 2791 502 2845 qtae
527 2786 647 2846 post
669 2777 917 2844 reditum,
942 2793 1060 2848 qua:
1085 2788 1324 2850 tempore
1345 2780 1817 2850 Macchabaeorum,
1842 2798 1960 2853 quae

383 2875 503 2935 post
526 2865 720 2921 Christi
744 2868 1048 2936 adventum,
1077 2886 1193 2940 qua:
1229 2873 1280 2924 in
1322 2870 1438 2939 ipso
1479 2873 1732 2939 adventu,
1762 2890 1880 2946 qua:
1906 2877 1958 2929 in

383 2961 522 3015 diem
555 2962 872 3016 hodiernum
905 2979 1072 3033 usque
1099 2965 1247 3030 iiunt,
1283 2968 1434 3019 ruina
1480 2966 1954 3040 Jerosolymorum,

381 3051 660 3106 aediﬁcatio
682 3053 949 3118 Ecclesiae,
971 3055 1189 3108 verbum
1220 3056 1360 3125 quod
1383 3073 1806 3128 quoquoversum
1837 3076 1956 3128 per-

379 3144 542 3210 vadit,
559 3145 698 3214 quod
723 3160 816 3214 per
835 3145 1025 3200 ﬂuctus
1053 3148 1288 3216 erigitur,
1316 3165 1410 3218 per
1435 3150 1568 3204 bella
1582 3151 1953 3220 ampliﬁcatur,

381 3245 679 3305 martyrum
718 3236 910 3301 turbze,
942 3237 1150 3307 aliaque
1171 3240 1368 3293 omnia.
1397 3241 1558 3295 Multa
1584 3252 1760 3296 autem
1789 3244 1957 3300 videri

379 3336 598 3394 possunt
625 3335 680 3382 et
699 3327 962 3396 privatim,
986 3331 1110 3383 etin
1138 3330 1316 3397 domo,
1346 3341 1398 3387 et
1421 3333 1471 3387 in
1497 3336 1798 3390 civitatibus
1818 3336 1954 3392 facta

381 3420 650 3473 miracula.
679 3419 781 3474 Sed
811 3436 928 3490 quae
958 3431 1081 3475 sunt
1106 3426 1392 3493 generalia,
1423 3436 1478 3480 et
1513 3428 1758 3484 omnibus
1789 3431 1954 3485 mani-

377 3508 507 3563 festa
542 3525 606 3564 ac
633 3512 859 3582 cognita,
899 3522 952 3566 et
991 3529 1108 3582 quas
1140 3514 1271 3569 ﬁunt
1300 3517 1351 3570 in
1383 3534 1691 3589 unaquaque
1731 3537 1953 3591 genera-

377 3602 540 3668 tione,
570 3601 859 3657 videamus.
892 3608 1028 3671 Quot
1051 3605 1261 3660 Juliano
1297 3609 1608 3678 imperante,
1651 3615 1738 3683 qui
1767 3629 1952 3670 omnes

377 3693 646 3762 impietate
703 3697 1005 3765 superavit,
1061 3697 1182 3753 dum
1237 3713 1630 3771 oppugnaretur
1679 3706 1948 3772 Ecclesia,

374 3783 508 3838 facta
535 3784 696 3838 sunt?
716 3796 842 3856 quot
867 3786 1190 3844 Maximino?
1215 3800 1343 3861 quot
1367 3803 1488 3849 ante
1513 3796 1642 3850 istos
1665 3797 1953 3868 Imperato-

372 3876 499 3931 res?
530 3877 636 3932 Sed
664 3878 708 3932 si
737 3879 922 3946 vultis,
967 3895 1028 3936 ea
1069 3883 1227 3936 etiam
1264 3901 1382 3954 qua:
1421 3887 1473 3941 in
1515 3899 1692 3943 nostra
1723 3905 1954 3960 genera-

373 3970 516 4023 tione
541 3980 855 4035 evenerunt,
888 3987 1080 4042 nempe
1107 3989 1294 4030 cruces
1325 3988 1544 4046 repente
1569 3982 1622 4035 in
1657 3984 1947 4038 ve31imen-

371 4061 439 4115 tis
476 4061 747 4130 impressa;
784 4063 899 4132 (a),
941 4064 1201 4133 Apollinis
1248 4070 1500 4139 templum
1546 4072 1763 4129 fulmine
1799 4075 1947 4146 deje-

373 4169 546 4226 ctum,
600 4164 769 4217 sancti
822 4165 1070 4237 martyris
1119 4166 1330 4238 Babylte
1365 4171 1454 4240 qui
1495 4171 1547 4224 in
1592 4172 1806 4245 Daphne
1835 4188 1948 4232 erat

376 4253 650 4308 translatio
678 4255 774 4325 (b),
805 4264 858 4310 et
884 4268 1067 4326 aperta
1097 4260 1354 4316 adversus
1381 4263 1677 4319 durmonem
1703 4269 1944 4338 victoria,

369 4346 654 4412 qumstoris
704 4347 1058 4416 imperatoriae
1103 4354 1341 4420 pecunia:
1391 4355 1660 4425 inopinata
1707 4375 1849 4415 mors
1892 4373 1946 4417 et

367 4437 714 4503 admirabilis,
744 4439 907 4509 ipsius
937 4441 1276 4509 Imperatoris
1305 4446 1497 4510 caedes,
1528 4450 1692 4518 ipsius
1731 4453 1943 4521 inquam

367 4527 583 4595 Juliani,
615 4531 702 4599 qui
732 4545 916 4586 omnes
960 4535 1231 4602 impietate
1257 4536 1478 4604 vicerat,
1511 4551 1563 4594 et
1606 4545 1850 4598 avunculi
1891 4547 1946 4599 il-

365 4617 466 4672 litis
506 4621 766 4688 interitus,
799 4628 1057 4679 vermium
1106 4626 1304 4691 fontes,
1348 4631 1556 4700 aliaque
1589 4633 1946 4690 innumerabi—

368 4708 454 4774 lia,
500 4708 689 4774 i'ames,
735 4714 948 4768 siccitas
990 4723 1044 4768 et
1085 4719 1356 4783 sterilitas,
1397 4737 1651 4790 aquarum
1699 4731 1940 4797 penuria,

363 4816 480 4866 qua:
513 4816 614 4855 una
643 4819 764 4858 cum
802 4821 866 4860 eo
899 4806 1141 4862 civitates
1177 4810 1387 4876 invasit,
1417 4823 1470 4866 et
1499 4815 1598 4869 alia
1638 4817 1831 4889 ubique
1858 4821 1940 4874 in-

363 4909 602 4949 numera.

432 4987 483 5040 5.
529 4987 603 5040 Ea
631 5003 840 5059 quoque
887 5008 1005 5060 qua!
1055 4995 1105 5049 in
1137 4996 1415 5054 Palaestina
1458 5010 1581 5057 tunc
1626 5019 1937 5075 evenerunt,
2010 5057 2011 5060 η

356 5077 708 5146 cognovistis.
735 5082 960 5148 Quando
989 5088 1129 5142 enim
1154 5089 1280 5144 illud
1309 5095 1582 5163 templum,
1609 5098 1787 5154 divina
1810 5117 1936 5156 sen-

357 5171 522 5224 tentia
551 5170 805 5241 dirutum,
829 5193 1012 5232 rursus
1037 5179 1301 5237 :ediﬁcare
1327 5187 1573 5242 volebant
1593 5189 1783 5257 Judzei,
1805 5194 1938 5264 ignis

420 5320 493 5409 (al)
526 5329 619 5409 Hae.
649 5337 818 5398 cruces
856 5328 904 5376 in
949 5331 1253 5382 vestimentis
1298 5336 1547 5409 impressa:
1587 5342 1934 5409 observandae,

359 5382 532 5466 quales
555 5385 698 5466 etiam
735 5389 858 5458 visas
893 5402 1006 5439 esse
1033 5403 1250 5442 narratur
1276 5382 1938 5466 manisﬂagici‘éiiité'ﬁéiel

356 5445 497 5529 culis,
521 5447 712 5507 quando
734 5450 785 5529 in
806 5458 1000 5529 Terram
1024 5445 1939 5529 sanctamesp_editioiiessu;ci'pi;baz-

471 5515 585 5565 Quae
609 5522 727 5586 vero
748 5513 812 5586 de
837 5514 1022 5586 templo
1046 5516 1278 5586 Apollinis
1301 5513 1502 5586 fulmine
1527 5513 1936 5586 tactoIder‘ti-ans-

355 5567 535 5647 latione
562 5572 745 5647 Asan_cti_
775 5567 958 5647 Babyla}
981 5611 1016 5647 ,_
1037 5567 1130 5627 etc.
1149 5618 1163 5647 ,_
1201 5567 1935 5647 pluribusbar-traiiidrvin“

355 5629 694 5712 QhI'ysBstomi.
717 5629 1095 5712 bequéitis'jani
1119 5629 1933 5712 υἱώ-ἰωὰνάῖὲίίψρίιῖσξνὲδὲιδῆιυζῖδ

356 5694 572 5759 motuum
594 5701 637 5741 S.
665 5694 864 5759 Babyll'e,
890 5694 1022 5748 Τοιιῖ.
1051 5703 1111 5751 Π.

415 5753 488 5817 (b)
521 5761 628 5804 meo
647 5759 736 5807 sub
754 5753 938 5810 Juliano
961 5763 1084 5814 facta
1109 5773 1183 5816 est
1206 5765 1516 5830 reliquiarum
1540 5777 1801 5831 translatio.

1520 359 1879 416 EXPOSITIO
1917 358 1982 414 IN
2021 358 2336 418 PSALMUM
2367 363 2476 418 CX.

3565 378 3671 436 286

2094 472 2181 541 qui
2209 487 2240 526 e
2266 473 2619 531 fundamentis
2645 480 2838 536 exsiliit
2855 497 3040 538 omnes
3066 485 3258 554 abegit,
3283 497 3336 541 et
3361 487 3412 541 id
3445 498 3672 547 testatur

2093 577 2226 631 opus
2253 566 2395 633 quod
2429 570 2621 622 mansit
2650 571 3035 641 imperfectum.
3065 577 3352 634 Misericors
3377 592 3422 633 et
3456 582 3668 638 misera-

2089 662 2168 706 tor
2196 653 2443 710 Dominus
2482 660 2534 712 ὅ.
2569 677 2730 714 escam
2777 664 2911 716 dedit
2941 667 3222 722 timentibus
3260 686 3331 722 se.
3380 670 3666 742 Postquam

2089 745 2423 800 annuntiavit
2472 748 2563 803 Dei
2617 750 2892 818 beneﬁcia,
2921 771 3040 824 qum
3074 773 3168 826 per
3213 760 3466 815 miracula
3495 773 3549 816 et
3579 779 3671 832 per

2085 845 2248 900 Opera
2291 845 2505 904 accepta
2553 849 2696 903 sunt,
2728 855 2790 894 ac
2813 857 2994 898 curam
3026 861 3183 914 quam
3212 849 3381 904 nostri
3427 851 3583 919 gerit,
3619 855 3666 905 in

2087 938 2154 976 eo
2183 941 2392 980 rursum
2438 930 2727 999 ampliﬁcat
2758 933 3072 1002 orationem,
3104 941 3389 996 ostendens
3419 958 3537 996 eum
3579 946 3664 1012 qui

2086 1025 2164 1070 tot
2205 1028 2260 1072 et
2301 1029 2441 1075 tanta
2474 1021 2600 1076 fecit
2643 1040 2737 1092 pro
2763 1027 3258 1094 salute'hominum,
3289 1045 3342 1087 et
3391 1049 3484 1088 eos
3521 1034 3665 1090 omni

2084 1110 2290 1166 ratione
2315 1114 2566 1178 erudivit,
2589 1125 2642 1169 et
2664 1118 2837 1170 erudit
2865 1120 2915 1172 in
2945 1121 3034 1174 Dei
3061 1125 3358 1191 cognitione
3381 1135 3433 1180 et
3458 1143 3664 1181 summa

2083 1200 2440 1270 philosophia,
2470 1219 2758 1276 eorumque
2788 1210 2947 1263 vitam
2991 1215 3132 1266 fovet
3169 1221 3224 1268 et
3267 1217 3525 1279 sustinet,
3559 1234 3664 1273 non

2083 1288 2184 1345 hoc
2213 1291 2390 1349 facere
2418 1308 2484 1349 ex
2511 1295 2690 1350 debito
2722 1297 2894 1368 (quod
2941 1312 3023 1356 est
3055 1306 3279 1358 maxima
3321 1307 3544 1378 gratia),
3569 1311 3661 1366 sed

2079 1392 2296 1452 propter
2324 1399 2472 1438 suam
2523 1387 2857 1443 clementiam
2904 1401 2958 1445 et
3003 1393 3439 1459 misericordiam,
3471 1414 3574 1452 non
3607 1409 3663 1453 ut

2077 1473 2164 1541 qui
2196 1474 2322 1542 ipsis
2347 1487 2517 1544 egeat,
2549 1479 2643 1532 sed
2675 1491 2890 1550 propter
2945 1485 3110 1537 solam
3154 1503 3303 1541 suam
3350 1489 3658 1547 bonitatem.

2081 1561 2262 1616 Escam
2284 1565 2421 1618 dedit
2450 1568 2733 1623 timentibus
2758 1588 2829 1624 se.
2850 1571 2960 1638 Qua
2991 1573 3056 1627 de
3079 1590 3234 1629 causa
3257 1593 3349 1632 cos
3369 1579 3456 1648 qui
3489 1581 3656 1649 ipsmn

2079 1653 2267 1708 timent
2307 1655 2394 1710 hic
2435 1659 2652 1727 posuit?
2694 1677 2864 1731 neque
2894 1665 3034 1718 enim
3077 1681 3170 1720 eos
3197 1669 3342 1724 solos
3388 1674 3572 1727 nutrit.
3602 1675 3656 1728 lu

2075 1745 2363 1817 Evangelio
2391 1751 2529 1804 enim
2549 1752 2702 1807 dicit:
2726 1755 2826 1821 Qui
2857 1757 3011 1811 salem
3028 1761 3151 1812 oriri
3181 1762 3301 1831 facit
3320 1781 3471 1832 super
3499 1769 3658 1821 malos

2072 1847 2117 1890 et
2155 1841 2329 1907 bonos,
2353 1852 2400 1895 et
2428 1843 2552 1912 pluit
2577 1862 2727 1916 super
2744 1849 2912 1916 justos
2937 1860 2986 1903 et
3010 1852 3225 1920 iniustos
3245 1854 3452 1926 (Matth.
3473 1859 3654 1930 5.45).

2072 1931 2350 1997 Quomodo
2379 1951 2506 2004 ergo
2529 1937 2680 2003 dixit,
2700 1937 3013 1997 Timentibus
3038 1946 3136 1999 se?
3167 1947 3262 2001 Hic
3290 1951 3418 2002 inihi
3449 1952 3655 2008 videtur

2079 2023 2260 2078 dicere
2306 2026 2614 2082 alimentum
2647 2046 2751 2084 non
2783 2037 3044 2104 corporis,
3073 2038 3166 2092 sed
3208 2041 3389 2094 animi.
3441 2043 3504 2097 Et
3536 2044 3655 2099 ideo

2078 2116 2309 2186 loquitur
2353 2121 2525 2175 solum
2552 2122 2618 2177 de
2651 2125 2997 2182 timentibus:
3032 2130 3083 2183 id
3127 2133 3268 2186 enim
3307 2143 3388 2188 est
3413 2135 3491 2190 eis
3516 2139 3651 2191 assi-

2071 2221 2310 2279 gnatum.
2369 2214 2499 2268 Nam
2541 2219 2988 2286 quemadmodum
3034 2226 3266 2279 nutritur
3310 2242 3534 2298 corpus,
3579 2232 3653 2290 ita

2068 2303 2297 2357 nutritur
2323 2305 2520 2361 anima.
2549 2309 2701 2375 Quod
2730 2319 2906 2365 autem
2937 2315 3220 2383 nutriatur,
3247 2319 3368 2372 audi
3403 2337 3417 2372 :
3450 2319 3571 2375 Non
3596 2323 3650 2376 in

2064 2393 2173 2447 solo
2204 2412 2332 2464 pane
2357 2399 2480 2451 vivet
2517 2399 2686 2468 homo,
2714 2403 2802 2456 sed
2829 2404 2880 2456 in
2910 2407 3047 2459 onmi
3075 2406 3222 2460 verbo
3247 2410 3381 2476 quod
3401 2413 3652 2481 egreditur

2067 2502 2157 2555 per
2191 2504 2245 2542 os
2294 2488 2386 2542 Dei
2417 2489 2545 2560 (Id.
2588 2494 2642 2547 4.
2690 2493 2790 2566 4).
2849 2496 2961 2552 Hoc
3005 2513 3133 2568 ergo
3180 2501 3308 2554 dicit
3357 2509 3651 2560 nutrimen-

2065 2587 2196 2642 tum,
2215 2581 2353 2650 quod
2381 2583 2541 2637 etiam
2568 2585 2710 2641 dedit
2741 2589 3006 2658 praecipue
3031 2592 3108 2646 eis
3129 2593 3216 2660 qui
3240 2594 3411 2663 ipsum
3438 2597 3645 2663 timent,

2064 2672 2357 2729 doctrinam
2388 2691 2483 2744 per
2505 2692 2825 2746 sermonem,
2848 2683 3451 2765 eruditionem,_‘omnem
3472 2689 3647 2758 philo-

2063 2765 2327 2834 sophiam.
2376 2767 2573 2822 Memor
2603 2771 2694 2824 erit
2722 2774 2775 2825 in
2799 2774 3038 2827 saeculum
3063 2780 3345 2832 testamenti
3367 2781 3464 2833 sui.
3508 2781 3648 2836 Rur-

2066 2870 2158 2910 sus
2195 2857 2498 2913 Judzeorum
2545 2865 2898 2932 arrogantiam
2941 2870 3318 2937 comprimens,
3367 2882 3420 2926 et
3461 2889 3646 2930 eorum

2067 2945 2261 3000 fastum
2287 2962 2589 3020 amputans,
2621 2953 2703 3007 vel
2733 2955 2905 3023 potius
2931 2959 3216 3014 ostendens
3245 2976 3338 3018 eos
3367 2979 3484 3034 qua:
3505 2967 3644 3021 bona

2062 3040 2372 3108 consequuti
2421 3050 2564 3106 sunt,
2597 3058 2658 3097 ea
2707 3060 2812 3098 non
2858 3060 3214 3118 consequutos
3259 3067 3378 3108 esse
3430 3065 3647 3127 propter

2067 3143 2160 3183 sua
2193 3132 2400 3196 merita,
2432 3132 2525 3187 sed
2569 3144 2788 3205 propter
2832 3139 2998 3207 ipsius
3025 3141 3311 3198 amicitiam
3358 3146 3411 3201 in
3457 3165 3642 3206 eorum

2060 3231 2328 3288 parentes,
2350 3231 2402 3276 et
2428 3235 2644 3293 propter
2669 3237 2818 3295 pacta
2841 3247 2957 3298 quae
2976 3247 3094 3286 cum
3119 3235 3225 3290 illis
3247 3236 3460 3303 fecerat,
3480 3242 3640 3298 dicit:

2059 3309 2257 3366 Memor
2284 3315 2374 3368 erit
2403 3316 2454 3368 in
2477 3318 2717 3371 saeculum
2747 3325 3028 3376 testamenti
3054 3327 3134 3378 sui
3162 3343 3182 3380 :
3210 3330 3351 3397 quod
3386 3337 3641 3402 praecepit

2059 3405 2218 3457 etiam
2249 3404 2423 3460 Moses
2464 3408 2542 3462 eis
2586 3409 2902 3467 intrantibus
2943 3413 2994 3468 in
3040 3425 3234 3472 terram
3279 3423 3643 3489 promissionis

2057 3493 2236 3550 dicere
2282 3507 2337 3552 et
2378 3502 2632 3570 cogitare.
2667 3503 2749 3573 (a)
2778 3505 2839 3559 Si
2866 3508 3005 3561 enim
3053 3511 3402 3580 wdiﬁcaveris,
3452 3518 3638 3589 inquit,

2055 3586 2200 3639 urbes
2248 3591 2540 3657 praeclaras,
2587 3601 2633 3646 et
2684 3597 2910 3663 pecunia:
2954 3598 3155 3654 divitias
3208 3605 3528 3676 adipiscaris,
3579 3628 3642 3665 ne

2055 3676 2260 3742 dixeris,
2305 3677 2525 3748 Propter
2564 3699 2728 3737 meam
2761 3686 3015 3756 justitiam
3056 3691 3162 3745 [nec
3190 3693 3326 3762 facta
3354 3709 3488 3759 sunt,
3529 3702 3637 3765 sed,

2055 3764 2274 3836 Propter
2297 3780 2446 3838 pacta
2487 3772 2612 3825 inita
2639 3791 2752 3828 cum
2785 3778 3009 3845 patribus
3048 3784 3145 3836 tuis
3185 3782 3362 3854 (Deut.
3390 3788 3442 3842 9.
3472 3790 3525 3844 4.
3557 3792 3635 3861 5).

2054 3857 2194 3912 Nihil
2243 3870 2325 3914 est
2368 3865 2508 3916 enim
2557 3864 2793 3922 deterius
2842 3875 3175 3941 arrogantia,
3225 3886 3279 3930 et
3328 3879 3448 3935 ideo
3493 3885 3638 3940 omni

2053 3950 2213 4005 modo
2239 3962 2293 4006 et
2318 3955 2523 4010 ratione
2551 3957 2688 4012 Deus
2718 3975 2834 4014 eam
2862 3963 3071 4019 assidue
3098 3979 3322 4022 resecat.
3365 3972 3417 4026 6.
3457 3972 3634 4028 Virtu-

2053 4052 2152 4096 tem
2179 4059 2386 4114 Operum
2433 4063 2639 4102 suorum
2668 4055 2986 4108 annuntiavit
3028 4060 3217 4126 populo
3243 4078 3355 4128 suo,
3391 4064 3441 4117 7.
3473 4076 3527 4118 ut
3553 4068 3637 4122 det

2051 4137 2152 4190 illis
2178 4139 2501 4194 hereditatem
2527 4145 2767 4211 gentium.
2791 4148 2836 4200 Α
2863 4151 3197 4216 generalibus
3220 4157 3410 4210 transit
3434 4159 3498 4212 ad
3522 4161 3633 4215 sin—

2050 4229 2247 4296 gularia
2277 4246 2294 4284 :
2326 4231 2393 4284 ab
2421 4232 2486 4287 iis
2515 4249 2634 4303 quae
2677 4236 2810 4291 facta
2837 4249 2962 4293 sunt
3000 4240 3054 4294 in
3096 4243 3226 4299 orbe
3258 4254 3538 4317 terrarum,
3567 4253 3633 4306 ad

2050 4335 2112 4374 ea
2141 4336 2258 4390 quin
2285 4333 2576 4378 evenerunt
2603 4326 2817 4384 Judreis.
2844 4330 3192 4403 Quamquam,
3226 4339 3269 4391 si
3299 4341 3418 4408 quis
3447 4357 3508 4396 ea
3548 4343 3632 4398 di-

2052 4411 2277 4483 ligenter
2319 4417 2764 4487 consideraverit,
2810 4439 2874 4478 ea
2923 4441 3134 4496 quoque
3173 4429 3416 4487 obtinent
3455 4435 3629 4492 locum

2049 4504 2394 4572 generalium.
2425 4506 2555 4573 Qua:
2583 4511 2723 4564 enim
2754 4511 2805 4566 in
2837 4513 2957 4569 illos
2988 4516 3121 4571 facta
3147 4529 3290 4585 sunt,
3310 4523 3630 4584 documenta

2049 4595 2165 4648 aliis
2190 4596 2552 4666 prazbuerunt,
2580 4611 2634 4655 et
2661 4602 2817 4670 bella,
2845 4615 2897 4660 et
2923 4616 3143 4678 tropaea,
3165 4620 3219 4667 et
3242 4615 3476 4671 victoria:
3518 4618 3634 4676 fue-

2049 4696 2172 4740 runt
2203 4690 2265 4742 iis
2294 4691 2381 4758 qui
2407 4693 2688 4748 attendunt
2711 4695 2878 4750 instar
2907 4701 3318 4767 praedicationis.
3343 4683 3456 4762 Non
3488 4713 3629 4767 enim

2049 4776 2281 4833 humano
2310 4795 2457 4835 more
2483 4792 2536 4837 et
2565 4783 2768 4850 ordine,
2800 4788 2894 4842 sed
2921 4805 3080 4860 supra
3118 4795 3378 4852 rationem
3410 4816 3468 4854 ca
3497 4818 3627 4858 eve-

2049 4867 2285 4922 niebant.
2330 4869 2567 4936 Quanam
2610 4876 2750 4930 enim
2803 4894 2978 4934 rerum
3025 4891 3402 4955 consequentia
3435 4890 3629 4949 factum

2047 4968 2148 5023 est,
2183 4969 2238 5013 ut
2261 4961 2339 5015 eis
2367 4963 2489 5017 tuba
2516 4968 2824 5023 canentibus
2849 4973 3042 5030 moenia
3068 4990 3401 5047 corruerent,
3429 4993 3484 5038 et
3510 5002 3630 5040 nu;-

2047 5050 2145 5105 lier
2169 5053 2370 5109 ducens
2400 5060 2688 5113 exercitum
2721 5063 2958 5119 vinceret
2995 5077 3050 5122 et
3077 5073 3320 5139 superior
3356 5076 3624 5144 evaderet,

2046 5152 2100 5198 et
2130 5160 2321 5213 parvus
2346 5149 2553 5218 puellus
2589 5151 2732 5221 jactu
2761 5159 2916 5210 unius
2951 5159 3141 5228 lapidis
3181 5163 3314 5218 bella
3355 5166 3626 5226 barbarica

2045 5237 2332 5294 conﬁceret
2363 5241 2497 5314 (los.
2522 5245 2575 5299 6.
2596 5245 2686 5300 20.
2705 5245 2833 5302 Jud.
2857 5250 2908 5304 4.
2939 5249 2988 5304 1.
3017 5255 3176 5328 tReg.
3200 5258 3285 5313 17.
3309 5261 3441 5332 49)?
3465 5264 3629 5322 Multa

2045 5343 2256 5398 quoque
2284 5331 2384 5385 alia
2413 5333 2743 5392 incredibilia
2773 5351 2826 5394 et
2852 5343 3100 5410 opinione
3142 5350 3345 5418 majora
3373 5331 3451 5407 eis
3485 5371 3619 5411 eve-

2046 5421 2283 5475 niebant.
2317 5423 2392 5478 Ita
2431 5424 2613 5482 hostes
2653 5430 2910 5496 vicerunt,
2941 5434 3009 5489 ita
3046 5453 3111 5492 ex
3141 5439 3414 5496 Paltestina
3453 5460 3622 5516 expu-

2047 5514 2486 5585 lerunt.Quando
2527 5536 2656 5592 ergo
2697 5523 2842 5592 dicit,
2887 5525 3126 5584 Virtutem
3170 5548 3377 5604 operum
3405 5514 3625 5596 suorum

2104 5671 2178 5733 (a)
2211 5678 2330 5745 Quae.
2341 5681 2612 5745 sequuntur
2635 5680 2826 5745 omnino
2846 5679 3044 5731 diverse
3062 5684 3229 5745 jacent
3250 5689 3294 5736 iu
3322 5697 3622 5744 Deuterono-

2041 5735 2232 5845 mini)!"
2254 5733 2439 5844 vidfaf'
2465 5737 2689 5787 Nimirum
2709 5733 3294 5801 Chl?Sosiorum-sensum

2043 5809 2130 5844 tser
2169 5809 2194 5844 a
2219 5809 2335 5847 succ
2359 5808 2385 5844 a
2412 5828 2426 5842 .
