4108 6344
439 366 542 422 287

441 479 755 534 aununtiavit
798 478 986 549 populo
1019 493 1131 542 suo,
1161 477 1294 532 nihil
1337 475 1478 531 aliud
1506 476 1654 542 dicit,
1685 491 1844 546 quam
1888 491 2010 530 etnn

439 589 590 628 suam
615 572 914 628 ostendisse
953 570 1263 640 potentiam,
1294 569 1422 624 dum
1451 584 1556 623 non
1597 578 1798 623 tantum
1829 581 2016 639 gentes

439 663 678 732 ejiceret,
702 661 794 716 sed
821 676 887 716 eo
917 661 1074 716 modo
1096 661 1332 730 ejiceret,
1360 677 1465 729 quo
1503 661 1732 713 maxime
1774 669 2019 729 puterant

439 773 783 828 cognoscere,
806 757 903 811 etsi
929 758 1100 826 priora
1125 755 1477 821 sufficiebant,
1494 753 1706 823 quando
1729 762 1843 808 erat
1867 753 2014 822 plaga

440 851 676 905 immissa
716 850 768 904 in
799 865 892 904 eos
921 848 1170 902 divinitus
1200 865 1213 901 :
1243 857 1297 902 et
1334 862 1400 902 co
1435 847 1661 901 ducente
1700 847 2013 909 exercitum,

439 944 506 997 de
538 943 772 998 hostium
804 942 960 996 rebus
989 941 1396 996 decernebatur.
1425 939 1538 994 Non
1561 940 1700 994 enim
1735 954 1829 1008 per
1857 938 2014 993 verba

440 1042 666 1100 tantum,
685 1031 780 1088 sed
804 1032 963 1087 etiam
995 1046 1090 1100 per
1115 1031 1250 1085 facta
1280 1045 1374 1085 eos
1395 1030 1634 1094 docebat,
1660 1044 1757 1100 per
1784 1030 2013 1093 calceos,

439 1141 535 1194 per
574 1134 772 1190 vestes,
804 1139 898 1194 per
942 1124 1270 1187 alimentum,
1325 1138 1418 1192 per
1463 1122 1637 1177 lucem
1679 1122 1922 1177 diurnam
1964 1130 2019 1174 et

441 1226 773 1283 nocturnam,
823 1231 918 1287 per
957 1218 1176 1282 nubem,
1222 1231 1316 1285 per
1359 1214 1517 1280 bella,
1550 1229 1645 1284 per
1688 1229 1889 1282 pacem.
1925 1229 2019 1282 per

439 1321 660 1381 tropica,
695 1319 790 1380 per
825 1310 1218 1380 agriculturam,
1251 1323 1346 1378 per
1376 1308 1614 1378 pluvias:
1645 1305 1823 1360 omnia
1863 1305 2014 1360 deni-

438 1417 542 1472 que
567 1415 753 1456 vocem
778 1401 1092 1456 emittebant
1118 1400 1399 1454 Dominum
1446 1397 1807 1469 prtedicantia,
1838 1406 1895 1452 et
1916 1412 2014 1451 ex-

442 1503 694 1547 czecatam
738 1501 971 1547 mentem
1018 1490 1364 1557 stimulantia,
1403 1505 1504 1545 nec
1548 1489 1712 1543 ullum
1763 1501 2014 1558 umquam

436 1593 648 1654 tentpus
675 1584 1037 1638 intermissum
1066 1592 1169 1647 est,
1208 1581 1259 1636 in
1302 1596 1409 1651 quo
1454 1595 1558 1636 non
1587 1579 1878 1650 frequentia
1921 1594 2016 1634 sua

439 1677 587 1744 signa
615 1674 924 1728 ostenderit.
961 1672 1131 1744 Opera
1167 1689 1408 1725 manuum
1443 1672 1570 1742 ejus,
1600 1671 1780 1725 veritas
1805 1679 1852 1723 et
1868 1670 2017 1737 judi-

439 1769 592 1820 rium.
625 1766 909 1834 Postquam
953 1763 1020 1820 de
1065 1765 1184 1834 ejus
1229 1763 1461 1834 potentia
1505 1762 1773 1828 disseruit,
1806 1759 2019 1816 disserit

439 1860 598 1914 etiam
633 1858 700 1914 de
742 1857 888 1928 justo
925 1857 1144 1927 judicio,
1179 1856 1318 1927 quod
1367 1871 1474 1910 non
1513 1855 1686 1910 solum
1729 1855 2016 1924 potentiam

439 1949 674 2006 Ostendit
699 1950 749 2004 in
782 1949 847 2004 iis
871 1965 989 2018 quae
1017 1949 1159 2013 fecit,
1189 1948 1282 2004 sed
1310 1949 1470 2003 etiam
1493 1948 1712 2002 multam
1736 1947 2016 2017 justitiam.

441 2041 621 2112 Neque
639 2041 781 2096 enim
818 2049 1004 2111 gentes
1035 2043 1150 2095 sine
1179 2054 1335 2094 causa
1367 2039 1590 2108 expulit,
1615 2037 1826 2108 quando
1852 2037 2020 2091 voluit

441 2133 652 2189 Judzeos
693 2132 1050 2196 introducere,
1082 2131 1178 2186 sed
1207 2131 1366 2187 etiam
1390 2130 1510 2198 jure
1535 2129 1755 2200 expulit.
1801 2129 1867 2184 Et
1897 2128 2018 2184 ideo

440 2225 562 2280 alibi
597 2239 808 2296 quoque
846 2224 1054 2278 dicebat
1082 2224 1254 2278 Moses
1285 2239 1299 2276 :
1334 2221 1576 2277 Nondum
1604 2222 1735 2276 enim
1773 2221 2020 2293 completa

440 2326 558 2372 sunt
602 2326 804 2387 peccata
850 2315 1258 2370 Anton/meorum
1292 2314 1446 2384 (Gen.
1486 2316 1572 2371 l5.
1610 2313 1724 2386 l6).
1770 2314 1895 2369 Haec
1920 2329 2018 2369 au-

443 2419 549 2464 tem
576 2425 682 2464 non
721 2409 891 2463 solum
918 2409 1020 2463 dici
1053 2417 1275 2478 possunt
1299 2408 1364 2463 de
1389 2407 1606 2473 ludat-is,
1634 2417 1689 2462 et
1716 2405 1783 2461 de
1807 2407 1871 2461 iis
1899 2421 2018 2476 qua:

444 2503 552 2558 illis
579 2510 892 2565 evenerunt,
917 2501 1010 2555 sed
1040 2515 1222 2555 rursus
1241 2500 1501 2571 generalis
1537 2509 1618 2554 est
1644 2498 1836 2554 oratio.
1859 2497 2016 2566 Qua:-

442 2607 667 2662 enmque
692 2593 832 2647 enim
873 2593 940 2647 ab
969 2607 1034 2647 eo
1060 2593 1192 2647 facta
1223 2602 1364 2658 sunt,
1395 2592 1590 2646 veritas
1624 2601 1747 2646 sunt
1783 2601 1837 2646 et
1875 2590 2016 2661 judi-

443 2687 582 2740 cium
612 2701 626 2752 ;
670 2685 948 2755 judicium,
979 2684 1082 2740 hoc
1125 2693 1207 2739 est
1229 2685 1453 2754 justitia.
1497 2685 1643 2741 Solet
1667 2693 1841 2740 autem
1869 2699 2012 2753 saepe

444 2775 719 2845 Scriptura
748 2776 1024 2830 veritatem
1073 2791 1265 2831 vocare
1309 2776 1666 2830 clementiam.
1692 2774 1842 2842 Quod
1890 2791 2019 2846 ergo

444 2865 593 2932 dicit,
625 2874 706 2920 est
733 2865 994 2934 ejusmodi
1028 2883 1042 2920 :
1070 2881 1191 2920 cum
1223 2866 1424 2936 justitia
1461 2876 1514 2920 et
1539 2866 1817 2921 clementia
1841 2868 2018 2922 omnia

447 2957 658 3014 miscuit
681 2969 735 3014 et
757 2959 1088 3028 temperavit.
1120 2957 1178 3014 Si
1203 2958 1343 3014 enim
1373 2959 1484 3014 sola
1502 2959 1636 3030 juris
1663 2960 1866 3014 ratione
1892 2973 2020 3015 usus

446 3055 612 3115 esset,
641 3049 819 3102 omnia
858 3049 1155 3118 periissent.

516 3141 571 3197 6.
613 3141 680 3196 Et
723 3142 844 3196 ideo
886 3141 972 3197 hic
1000 3143 1114 3212 ipse
1133 3157 1344 3213 quoque
1385 3142 1644 3214 propheta
1687 3140 1813 3197 alibi
1845 3141 2017 3198 dicit:

448 3229 534 3286 Ne
557 3231 713 3287 intres
734 3232 786 3285 in
795 3232 1048 3304 judicium
1068 3249 1181 3286 cum
1205 3249 1342 3288 servo
1365 3244 1450 3287 tuo
1481 3249 1500 3287 :
1523 3233 1760 3304 quoniam
1798 3250 1898 3287 non
1932 3234 2022 3304 ju-

447 3322 746 3392 sti/imbitur
762 3323 814 3376 in
836 3334 1104 3393 conspectu
1135 3334 1219 3378 tuo
1239 3326 1401 3380 omnis
1420 3325 1583 3380 vivens
1606 3325 1771 3396 (Psal.
1795 3327 1916 3381 142.
1939 3325 2019 3395 2).

451 3412 520 3467 Et
548 3427 731 3468 rursus
765 3431 778 3468 :
807 3413 870 3469 Si
913 3415 1195 3484 iniquitates
1236 3417 1584 3481 observaveris,
1636 3417 1867 3484 Domine,
1916 3417 2023 3473 D0-

449 3505 600 3570 mine,
630 3505 739 3576 quis
763 3505 1019 3560 sustinebit
1039 3506 1208 3580 (Psal.
1239 3507 1362 3563 l29.
1396 3508 1492 3579 δν
1519 3509 1876 3580 Qumcumque
1895 3524 2023 3580 ergo

449 3595 518 3648 ab
545 3610 611 3650 eo
635 3595 786 3663 ﬁunt,
810 3595 893 3651 his
917 3596 1153 3668 utrisque
1183 3599 1335 3668 plena
1363 3608 1503 3653 sunt.
1535 3600 1664 3654 Nam
1686 3600 1797 3655 sive
1816 3614 2024 3656 summo

451 3697 653 3743 tantum
669 3687 791 3758 jure
819 3689 1056 3744 ofﬁcium
1082 3691 1341 3761 exigeret,
1371 3692 1548 3746 omnia
1579 3693 1886 3758 interirent;
1911 3693 2024 3749 sive

450 3780 561 3834 sola
586 3789 821 3836 uteretur
837 3781 1140 3848 clementia,
1162 3775 1466 3853 complurés
1487 3784 1833 3840 redderentur
1854 3787 2024 3857 negli-

449 3873 740 3940 gentiores.
788 3874 1046 3943 Quocirca
1089 3876 1310 3932 salutem
1368 3877 1642 3933 hominum
1691 3879 1920 3947 varians,
1957 3880 2023 3936 ad

449 3985 636 4026 corum
663 3967 1046 4025 correctionem
1069 3966 1152 4023 his
1181 3969 1418 4039 utrisque
1446 3984 1574 4024 usus
1597 3977 1698 4025 est.
1737 3971 1790 4026 8.
1822 3969 2027 4027 Fidetia

449 4061 620 4116 omnia
632 4060 872 4115 mandata
883 4061 1014 4130 ejus.
1039 4059 1092 4114 ld
1109 4059 1249 4131 quod
1273 4060 1323 4114 in
1348 4061 1524 4115 multis
1539 4061 1686 4128 locis,
1708 4061 1795 4117 hic
1814 4079 2026 4134 quoque

453 4154 593 4220 facit,
624 4167 654 4208 a
681 4152 938 4222 sapientia
968 4165 1086 4222 quae
1105 4159 1188 4206 est
1217 4152 1268 4206 in
1296 4151 1575 4221 multiplici
1597 4167 1660 4209 ac
1697 4153 1844 4207 vario
1875 4168 2028 4209 crea-

453 4252 689 4297 turarum
717 4240 948 4312 opificio,
979 4250 1029 4297 et
1061 4236 1128 4296 ab
1157 4241 1272 4312 ejus
1299 4241 1626 4312 providentia
1656 4242 1721 4298 ad
1742 4243 1857 4313 ejus
1883 4243 2027 4315 leges

453 4335 738 4400 transiens,
767 4343 821 4390 et
868 4334 1012 4389 illam
1046 4343 1252 4406 partem
1303 4335 1648 4406 providentia:
1695 4351 1882 4393 rursus
1916 4344 2026 4390 tra-

451 4435 625 4484 ctans.
655 4423 770 4480 Non
799 4424 976 4480 solum
989 4427 1131 4480 enim
1157 4425 1297 4496 quod
1327 4426 1486 4480 talem
1514 4435 1567 4481 et
1592 4436 1788 4481 tantam
1816 4438 2026 4482 creatu-

453 4530 567 4571 ram
595 4515 914 4581 condiderit,
939 4516 1034 4572 sed
1063 4517 1224 4572 etiam
1253 4517 1394 4586 quod
1421 4517 1589 4587 legem
1613 4518 1827 4582 tulerit,
1859 4519 2030 4574 homi-

455 4622 582 4662 num
611 4622 780 4679 genus
797 4608 1050 4664 correxit.
1075 4607 1145 4663 Et
1171 4608 1288 4664 ideo
1311 4609 1362 4663 in
1385 4609 1592 4664 decimo
1610 4622 1798 4665 octavo
1818 4611 2030 4668 Psalmo

453 4714 576 4754 cum
617 4707 867 4770 utrasque
895 4697 990 4754 has
1021 4707 1196 4769 partes
1221 4700 1505 4764 divisisset,
1535 4702 1790 4772 incipiens
1818 4703 2028 4772 quidem

454 4790 588 4844 dixit
620 4806 633 4843 :
664 4788 789 4844 ϐωιὶ
815 4799 1052 4844 enarrant
1078 4790 1290 4861 gloriam
1313 4789 1412 4846 Dei
1451 4789 1621 4863 (Psal.
1656 4793 1744 4847 18.
1778 4794 1832 4861 l)
1865 4811 1878 4849 :
1909 4809 2031 4850 cum

455 4890 630 4935 autem
655 4880 721 4935 ad
743 4881 976 4937 medium
1005 4881 1260 4946 venisset,
1291 4893 1344 4936 et
1364 4882 1430 4936 de
1446 4883 1715 4938 creatione
1737 4886 2032 4941 orationem

455 4971 794 5037 absolvisset,
822 4973 1127 5043 subjunxit:
1157 4972 1264 5028 Lex
1294 4973 1500 5028 Domini
1524 4976 1849 5030 immaculata
1867 5019 1880 5041 ,
1913 4995 2037 5032 con-

459 5072 650 5117 vertens
676 5065 871 5119 animas
898 5080 917 5118 :
942 5076 1244 5136 praeceptum
1255 5063 1463 5120 Domini
1478 5067 1720 5134 lucidum,
1742 5069 2036 5124 illuminans

458 5155 630 5210 oculos
659 5155 817 5228 (Ibid.
845 5173 894 5211 υ.
922 5157 975 5212 8.
1005 5157 1086 5228 9).

541 5247 694 5304 Varia
725 5260 1086 5320 praeceptorum
1111 5267 1326 5321 genera;
1350 5267 1492 5305 nova:
1517 5252 1638 5323 legis
1661 5265 1910 5324 praecepta
1938 5271 2039 5309 non

461 5341 704 5412 abrogant
728 5351 892 5395 uetera
908 5357 928 5406 ;
943 5341 1072 5412 leges
1090 5342 1324 5397 humana:
1341 5353 1697 5399 momentariae:
1715 5356 1760 5398 et
1775 5345 2036 5410 obscurw;

465 5435 594 5502 leges
621 5431 804 5488 divinae
826 5435 980 5488 clara:
1002 5443 1047 5488 et
1066 5435 1584 5505 permanentes.—lta
1613 5437 1698 5492 hic
1716 5439 1873 5492 etiam
1892 5449 2038 5507 post-

461 5539 624 5593 quam
649 5523 782 5579 dixit
820 5523 887 5580 de
927 5525 1198 5581 miraculis
1222 5568 1236 5592 ,
1260 5535 1314 5580 et
1337 5532 1455 5596 ejus
1481 5528 1877 5584 admirabilibus
1913 5545 2042 5601 ope.

468 5614 633 5680 ribus,
663 5630 804 5670 nunc
821 5615 1124 5685 aggreditur
1139 5616 1318 5671 dicere
1332 5617 1399 5672 de
1417 5617 1710 5688 prmeeptis,
1735 5620 1812 5675 sic
1826 5621 2036 5679 dicens:

475 5703 676 5760 Fidelia
716 5707 885 5760 omnia
938 5707 1178 5761 mandata
1220 5709 1350 5779 ejus,
1385 5711 1684 5778 conﬁrmata
1727 5711 1778 5765 in
1803 5714 2042 5769 mculum

473 5797 662 5869 seaculi,
687 5802 823 5872 facta
843 5799 894 5856 in
923 5801 1127 5857 veritate
1155 5811 1198 5858 et
1219 5800 1480 5872 a’qttitate.
1503 5803 1617 5860 Non
1652 5803 1844 5862 frustra
1873 5807 2034 5879 dixit,

1152 363 1209 419 S.
1247 360 1524 418 JOANNIS
1573 357 2044 440 CllllYSOSTOMI
2102 361 2414 417 ARCIIIEP.
2455 363 2988 420 CONSTANTINOP.

3592 361 3698 417 988

2128 480 2329 544 Omnia,
2361 480 2454 534 sed
2494 490 2724 534 tractans
2766 479 3041 548 multiplex
3086 492 3252 548 genus
3293 487 3699 548 praeceptorum,

2124 573 2296 642 posuit
2327 571 2461 626 hanc
2489 571 2794 625 dictionem.
2821 569 2953 624 Sunt
2990 569 3133 623 enim
3173 566 3433 638 praecepta
3473 569 3702 622 creatio-

2123 666 2226 730 nis,
2257 678 2376 734 quae
2396 663 2644 717 observat
2670 661 2845 715 onmis
2865 669 3128 724 creatura,
3159 659 3240 714 sol
3263 667 3318 714 et
3343 658 3488 722 luna,
3515 657 3631 712 dies
3651 669 3706 714 et

2123 773 2248 823 nox,
2273 765 2328 810 et
2350 755 2545 823 sidera,
2573 763 2834 822 terra-que
2860 762 2913 808 et
2934 761 3135 807 natura:
3152 765 3358 806 cursus.
3383 749 3519 805 Sunt
3543 749 3703 805 etiam

2123 857 2383 919 praecepta
2435 863 2553 918 quze
2597 846 2721 902 data
2764 855 2886 900 sunt
2930 855 3134 899 naturae
3171 841 3239 897 ab
3293 842 3463 909 initio,
3492 841 3705 912 quando

2125 940 2276 994 tinxit
2301 939 2592 1004 hominem,
2615 937 2682 992 de
2705 936 2898 1006 quibus
2916 935 3044 990 dicit
3073 934 3265 989 Paulus
3295 951 3307 987 :
3334 933 3551 1001 Quando
3573 933 3704 988 enim

2120 1041 2306 1102 gentes,
2338 1046 2451 1101 qua:
2479 1029 2637 1101 legem
2657 1045 2756 1083 non
2777 1028 2977 1093 habent,
2999 1043 3111 1096 qua:
3128 1026 3250 1097 legis
3269 1033 3384 1080 sunt
3410 1035 3596 1080 natura
3618 1029 3704 1098 {a-

2121 1125 2293 1189 ciunt,
2318 1125 2356 1178 ii
2383 1124 2542 1194 legem
2577 1138 2677 1177 non
2706 1121 2970 1186 habentes,
2994 1119 3213 1189 sibitpsis
3239 1128 3355 1174 sunt
3393 1119 3474 1173 lea:
3517 1117 3701 1188 (Rom.

2119 1214 2179 1269 2.
2209 1215 2321 1285 M).
2349 1215 2418 1270 Et
2443 1228 2629 1270 rursus
2654 1231 2668 1268 :
2696 1212 3023 1268 Condelector
3044 1211 3176 1266 enim
3201 1211 3298 1282 legi
3320 1209 3412 1264 Dei
3430 1210 3706 1264 secundum

2120 1305 2404 1360 interiorem
2430 1302 2684 1360 hominem
2712 1303 2731 1372 (
2758 1302 2907 1357 Rom.
2931 1301 2984 1356 7.
3006 1300 3120 1372 22).
3145 1300 3280 1357 Sunt
3307 1301 3465 1354 etiam
3497 1314 3700 1370 praece-

2122 1405 2208 1467 pta
2238 1411 2358 1468 qua:
2381 1394 2578 1465 scripta
2599 1402 2743 1450 sttnt.
2771 1392 2898 1448 llaec
2917 1392 3093 1447 omnia
3118 1398 3446 1446 manserunt.
3473 1389 3627 1459 Quod
3655 1391 3704 1445 si

2121 1489 2230 1544 sint
2253 1487 2413 1544 etiam
2433 1487 2610 1557 aliqua
2638 1485 2908 1554 abrogata,
2938 1498 3044 1538 non
3071 1483 3130 1537 in
3155 1482 3326 1552 pejus,
3353 1481 3446 1536 sed
3489 1481 3544 1535 in
3583 1496 3701 1536 me-

2121 1582 2222 1638 lius
2239 1590 2437 1637 mutata
2454 1588 2595 1636 sunt.
2612 1578 2744 1634 Illud
2763 1577 2928 1644 enim,
2946 1576 3064 1631 Non
3078 1576 3270 1630 occides
3288 1574 3478 1648 (Exod.
3491 1573 3701 1645 20.15),

2122 1690 2228 1728 non
2249 1683 2331 1729 est
2346 1672 2675 1742 abrogatum,
2695 1669 2788 1726 sed
2804 1679 2886 1725 est
2905 1667 3284 1739 amplificatam
3303 1685 3314 1719 :
3334 1675 3389 1721 et
3413 1665 3563 1732 illud,
3581 1663 3702 1719 Non

2120 1765 2427 1820 adulterabis
2455 1762 2559 1834 (Ib.
2584 1780 2630 1817 υ.
2655 1763 2782 1832 14),
2818 1776 2923 1816 non
2956 1767 3039 1814 est
3070 1758 3354 1823 sublatum,
3393 1757 3487 1812 sed
3532 1755 3704 1826 majus

2122 1860 2368 1916 ell'ectum
2401 1866 2502 1913 est.
2535 1855 2601 1910 Et
2630 1855 2750 1910 ideo
2778 1853 2988 1909 dicebat
3009 1892 3025 1919 ,
3055 1849 3177 1905 Non
3200 1851 3308 1904 ueni
3331 1850 3518 1904 solvere
3545 1848 3703 1917 legem

2120 1962 2209 2007 aut
2237 1951 2530 2023 prophetas,
2561 1950 2648 2003 sed
2671 1947 2947 2017 adimplere
2975 1944 3187 2016 (Matth.
3219 1943 3272 1998 5.
3301 1940 3410 2014 17).
3430 1941 3528 2010 Qui
3556 1943 3700 1997 enim

2121 2061 2229 2101 non
2259 2043 2523 2109 irascitur,
2555 2041 2722 2096 multo
2746 2039 2913 2109 magis
2940 2053 2970 2093 a
2998 2036 3146 2092 caede
3175 2035 3464 2091 abstinebit
3493 2053 3505 2090 :
3533 2044 3588 2090 et
3611 2037 3702 2105 qui

2121 2135 2405 2208 impudicis
2425 2133 2593 2189 oculis
2619 2147 2723 2186 non
2748 2131 2961 2200 aspicit,
2989 2128 3198 2198 longius
3223 2129 3290 2182 ab
3323 2127 3583 2182 adulterio
3612 2141 3700 2182 se-

2121 2228 2229 2285 det.
2262 2229 2370 2283 Lex
2401 2241 2526 2298 ergo
2570 2224 2672 2281 hoc
2704 2223 2866 2279 habet
2902 2223 2954 2276 in
2996 2221 3182 2292 primis
3207 2221 3481 2285 eximium,
3510 2235 3702 2288 nempe

2120 2319 2571 2376 immortalitatem
2598 2325 2653 2372 et.
2676 2315 3081 2387 perpetuitatem
3105 2353 3120 2380 ,
3147 2312 3234 2368 lex
3260 2328 3448 2382 nempe
3477 2312 3703 2367 creatio-

2121 2413 2237 2478 nis,
2265 2412 2348 2466 lex
2380 2419 2606 2476 natura},
2643 2408 2725 2463 lex
2761 2406 3121 2476 philosophiae,
3154 2414 3207 2459 et
3235 2405 3316 2459 lex
3355 2403 3484 2459 Novi
3520 2403 3704 2458 Testa-

2121 2506 2307 2562 menti.
2337 2504 2462 2560 Ideo
2503 2503 2672 2558 dicit:
2706 2500 2895 2555 Caelum
2941 2509 2988 2552 et
3027 2507 3161 2552 terra
3204 2496 3523 2561 transibunt,
3557 2495 3702 2549 verba

2120 2610 2287 2655 autem
2317 2614 2427 2652 mea
2455 2614 2555 2652 non
2580 2594 2858 2651 transibunt
2889 2591 3099 2664 (Matth.
3133 2589 3224 2646 24.
3257 2591 3349 2661 35)
3374 2608 3387 2644 :
3415 2590 3702 2645 ostendens

2121 2706 2308 2747 eorum
2349 2687 2794 2745 immobilitatem.
2822 2685 3182 2754 Quaecumque
3220 2683 3361 2738 enim
3409 2683 3521 2738 vult
3564 2682 3700 2738 Deus

2122 2797 2361 2848 manere,
2403 2797 2467 2836 ea
2507 2787 2726 2835 manent
2753 2785 3040 2848 perpetuo,
3075 2786 3129 2829 et
3174 2774 3306 2829 nihil
3347 2783 3430 2831 est
3468 2774 3610 2846 quod
3638 2790 3704 2830 ea

2121 2885 2352 2931 moveat.
2383 2871 2546 2927 Facta
2573 2873 2627 2926 in
2656 2872 2860 2925 veritate
2882 2881 2927 2924 et
2953 2869 3202 2939 wquitate.
3228 2867 3363 2934 Quid
3389 2876 3490 2928 est,
3521 2865 3591 2922 In
3616 2882 3700 2922 ve-

2121 2967 2270 3022 ritate
2294 2975 2340 3020 et
2369 2963 2648 3035 (equitate?
2671 2962 2812 3020 Nihil
2836 2969 2951 3028 est,
2981 2960 3182 3031 inquit,
3211 2959 3263 3013 in
3288 2962 3366 3014 eis
3392 2958 3662 3029 obliquum
3683 3000 3700 3025 ,

2124 3058 2256 3115 nihil
2298 3064 2632 3122 contortum,
2668 3054 2798 3110 nihil
2835 3053 3159 3117 obscurum,
3187 3051 3321 3105 nihil
3366 3051 3433 3106 ad
3480 3053 3702 3122 gratiam

2124 3151 2306 3215 ullam,
2352 3157 2444 3204 aut
2487 3147 2696 3212 odium,
2722 3146 2815 3202 sed
2845 3146 3022 3201 omnia
3063 3143 3129 3199 ad
3171 3144 3368 3200 bonum
3413 3153 3470 3198 et
3507 3143 3706 3198 utilita-

2126 3251 2232 3298 tetn
2270 3257 2286 3308 ;
2334 3255 2442 3296 non
2493 3237 2631 3294 sicut
2684 3237 2832 3308 leges
2883 3236 3196 3301 hominum,
3226 3249 3346 3305 quae
3395 3249 3583 3306 magna
3636 3251 3704 3288 ex

2126 3342 2276 3404 parte
2311 3340 2435 3387 sunt
2476 3339 2898 3393 momentanem,
2924 3337 2981 3382 et
3025 3326 3295 3391 obscura,
3329 3333 3386 3381 et
3408 3340 3527 3394 qua:
3564 3323 3703 3378 mul-

2127 3435 2238 3480 tum
2286 3424 2482 3480 habent
2523 3439 2592 3478 ex
2641 3421 2875 3476 homine.
2903 3419 2986 3474 Ex
3028 3419 3271 3473 humanis
3308 3419 3448 3473 enim
3497 3425 3705 3487 pertur-

2126 3517 2428 3572 bationibus
2471 3514 2654 3571 multa;
2697 3527 2840 3583 saepe
2885 3512 3028 3582 leges
3079 3511 3198 3566 lata:
3239 3519 3380 3565 sunt.
3433 3509 3703 3564 Inimicum

2126 3609 2270 3664 enim
2290 3607 2570 3671 ulciscens,
2593 3595 2677 3660 vel
2696 3603 2868 3659 amico
2883 3602 3169 3674 gratificari
3186 3601 3391 3666 volens,
3415 3601 3606 3670 scripta
3634 3599 3705 3655 ita

2126 3709 2382 3772 concepta
2402 3698 2718 3770 composuit.
2741 3697 2812 3752 At
2832 3711 2937 3752 non
2959 3705 3079 3751 sunt
3097 3696 3242 3767 leges
3261 3694 3453 3750 divinae
3475 3693 3706 3762 ejusmo-

2127 3795 2204 3862 di,
2225 3795 2318 3851 sed
2339 3801 2554 3849 manent
2571 3791 2683 3846 sole
2703 3788 2972 3854 clariores,
2993 3796 3292 3859 quaerentes
3313 3787 3589 3842 utilitatem
3615 3800 3700 3844 eo-

2126 3902 2243 3942 rum
2265 3883 2458 3955 quibus
2495 3883 2753 3948 feruntur,
2781 3879 3101 3936 deducentes
3125 3893 3220 3935 eos
3245 3878 3312 3933 ad
3337 3879 3602 3939 virtutem.
3647 3886 3702 3934 et

2127 3977 2195 4032 ad
2239 3991 2418 4033 rerum
2443 3974 2721 4030 veritatem
2746 3990 2762 4040 ;
2790 3988 2896 4026 non
2921 3971 2988 4026 ad
3013 3971 3126 4026 haec
3146 3970 3440 4036 mendacia,
3471 3969 3703 4035 divitias,

2129 4068 2362 4138 inquam,
2393 4075 2448 4121 et
2467 4067 2789 4136 potentiam;
2819 4062 2933 4118 lucc
2950 4062 3093 4118 enim
3117 4061 3246 4117 falsa
3267 4070 3391 4116 sunt
3415 4076 3429 4124 ;
3458 4075 3575 4130 qure
3615 4060 3706 4114 Dei

2128 4171 2304 4214 autem
2332 4167 2476 4224 sunt,
2515 4165 2642 4212 sunt
2660 4155 2852 4210 veritas
2879 4168 3085 4223 :neque
3107 4152 3373 4222 quomodo
3399 4152 3524 4206 fiant
3551 4151 3711 4205 ditio-

2131 4266 2238 4318 res,
2269 4265 2441 4320 ueque
2465 4247 2734 4320 quomodo
2759 4245 3039 4317 prtescntia
3063 4255 3431 4315 assequuntur,
3461 4243 3552 4298 sed
3579 4259 3712 4312 quo-

2132 4342 2291 4396 modo
2315 4341 2503 4396 futuris
2529 4339 2631 4394 frui
2660 4339 2882 4409 possint,
2911 4337 3182 4392 docentes.
3205 4337 3279 4391 De
3307 4335 3448 4391 veris
3476 4347 3529 4391 et
3544 4337 3706 4390 rectis

2131 4435 2315 4501 rebus,
2337 4444 2391 4489 et
2409 4450 2526 4504 quae
2549 4434 2676 4487 nihil
2698 4432 2895 4487 habent
2914 4446 3241 4502 perversum,
3263 4432 3440 4486 omnia
3460 4430 3711 4486 dixerunt

2133 4525 2238 4579 illae
2266 4525 2428 4595 leges.
2460 4523 2664 4578 Fidelia
2692 4523 2863 4577 omnia
2890 4522 3130 4576 mandata
3157 4523 3286 4594 ejus.
3315 4521 3451 4589 Quid
3487 4532 3589 4590 est,
3615 4522 3710 4575 Fi-

2134 4619 2306 4673 delia?
2333 4617 2530 4682 Firma,
2572 4617 2860 4672 manentia.
2890 4615 3003 4670 Etsi
3030 4618 3171 4672 enim
3213 4617 3594 4681 transiliantur,
3625 4631 3714 4672 se-

2135 4719 2365 4780 quuntur
2390 4709 2665 4779 supplicia,
2694 4716 2748 4762 et
2795 4723 2856 4762 ea
2885 4707 3103 4762 minime
3141 4706 3543 4774 labefactantur,
3573 4717 3629 4762 et
3669 4709 3712 4761 si

2137 4799 2378 4854 homines
2421 4813 2483 4854 ea
2523 4797 2998 4867 transgrediantur,
3044 4798 3183 4852 Deus
3212 4809 3391 4852 tamen
3437 4813 3500 4852 ea
3543 4797 3715 4851 vindi-

2137 4902 2242 4948 cat.
2282 4892 2360 4948 Ne
2389 4908 2514 4961 ergo
2542 4908 2604 4947 ea
2633 4892 2833 4946 dixeris
2859 4891 2997 4947 dicta
3027 4906 3148 4946 esse
3189 4890 3466 4948 minaciter
3490 4899 3584 4946 aut
3619 4891 3718 4962 hy-

2139 4986 2424 5057 perbolice.
2451 4983 2619 5040 Nemo
2645 4985 2812 5055 legem
2843 4983 3041 5050 ferens,
3069 4984 3196 5038 dicit
3226 4992 3430 5039 tantum
3458 4991 3516 5038 ut
3544 4983 3716 5038 mine-

2139 5086 2246 5144 tur,
2276 5077 2369 5132 sed
2398 5077 2558 5132 etiam
2587 5087 2644 5131 ut
2673 5081 2909 5149 castiget.
2937 5076 2994 5132 Si
3020 5087 3195 5133 autem
3229 5092 3334 5132 non
3361 5077 3511 5133 valde
3530 5078 3721 5133 credas

2141 5171 2210 5226 de
2235 5170 2439 5236 futuris,
2472 5169 2668 5224 faciant
2697 5171 2788 5225 tibi
2814 5170 2971 5226 fidem
2998 5170 3288 5241 praeterita.
3316 5169 3470 5236 Quod
3498 5168 3598 5225 fuit
3624 5171 3721 5224 ita-

2143 5275 2246 5330 que
2271 5271 2509 5330 tempore
2540 5258 2653 5314 Noe
2675 5259 2952 5327 diluvium,
2977 5272 3031 5315 et
3057 5260 3406 5316 Sodomorum
3430 5259 3722 5331 conﬂagra-

2146 5352 2240 5416 tio,
2289 5361 2345 5405 et
2385 5349 2674 5406 Pharaonis
2721 5353 2959 5418 exitium,
3005 5361 3061 5407 et
3105 5351 3407 5407 Judzeorum
3453 5353 3726 5414 interitus,

2145 5442 2492 5514 captivitates,
2523 5453 2578 5498 et
2605 5442 2764 5505 bella,
2794 5445 2844 5498 in
2876 5444 3103 5498 minisne
3131 5445 3501 5511 constiterunt,
3532 5459 3602 5499 an
3629 5443 3721 5500 de-

2145 5534 2302 5590 ducta
2333 5543 2456 5588 sunt
2479 5533 2544 5588 ad
2569 5549 2745 5588 rerum
2772 5535 3229 5604 experimentum?
3257 5535 3408 5604 Quod
3433 5536 3477 5591 si
3507 5550 3569 5590 ea
3597 5550 3722 5592 vero

2149 5629 2281 5684 facta
2323 5636 2467 5694 sunt,
2505 5642 2624 5698 quze
2669 5637 2819 5682 erant
2855 5628 2908 5682 in
2951 5627 3160 5698 ﬁgura:
3199 5628 3366 5684 multo
3402 5629 3572 5700 magis
3604 5643 3724 5700 quas

2149 5731 2272 5775 sunt
2300 5719 2351 5773 iu
2389 5719 2629 5783 veritate,
2660 5733 2766 5789 quo
2804 5720 2973 5788 major
2999 5719 3097 5774 fuit
3130 5719 3483 5775 admissorum
3524 5720 3726 5790 impro-

2151 5812 2287 5868 bitas
2304 5821 2425 5879 post
2454 5820 2650 5868 tantam
2679 5811 2994 5869 medicinam
3020 5823 3072 5869 et
3101 5814 3723 5872 correctionem.9.lled-
