4108 6344
389 387 496 444 281

391 518 572 573 ναμινν
623 497 725 568 οὐκ
753 497 938 562 ἁπλῶς
992 499 1268 554 ἐκϐάλλων
1296 498 1364 552 τὰ
1408 496 1555 564 εθνη,
1603 492 1736 546 ἀλλά
1771 487 1956 573 τρόπῳ

389 569 630 652 τοιούτῳ,
663 580 730 634 δι’
773 574 834 634 οὗ
876 580 1106 652 μάλιστα
1141 582 1370 652 ἠδύνατο
1403 579 1598 632 εἰδέναι
1634 573 1840 644 σαφῶς,
1880 569 1955 632 ὡς

390 669 438 720 εί
474 664 568 718 καὶ
586 651 665 716 ⁷τά
702 651 942 734 πρότερα
961 651 1253 736 ήρκει,.ὃτε
1272 676 1297 704 ι
1326 661 1580 734 θεήλατος
1612 654 1679 729 ἦν
1707 659 1740 728 ἡ
1771 651 1954 723 πληγὴ

389 751 507 803 κατ’
541 747 762 803 ἐκείνων
802 735 1078 818 γινομένη,
1109 748 1202 802 καὶ
1239 745 1400 800 αὐτοῦ
1441 735 1957 814 στρατηγοῦντοςτά

389 833 496 884 τῶν
522 831 796 902 πολεμίων
822 832 1063 904 ἐκρίνετο
1083 833 1400 904 πράγματα.
1421 829 1494 883 Ού
1520 827 1629 899 γὰρ
1656 826 1720 896 δὴ
1754 823 1840 877 διὰ
1861 825 1956 894 ρη-

396 916 598 986 μάτων,
639 914 773 968 ἀλλά
817 916 910 967 καὶ
950 914 1036 968 διὰ
1074 915 1412 986 πραγμάτων
1453 911 1646 973 αὐτοὺς
1683 905 1953 966 ἐπαίδευε,

393 999 459 1051 δι’
481 997 862 1068 ὑποδημάτων,
896 997 982 1051 διά
1015 998 1259 1067 ἱματίων,
1283 997 1370 1050 διά
1409 986 1635 1066 τροφῆς,
1663 990 1750 1044 διά
1779 989 1957 1059 φωτὸς

394 1081 704 1153 νυκτερινοῦ
734 1083 827 1135 καὶ
853 1081 1133 1152 ήμερινοῦ,
1165 1081 1253 1134 διά
1289 1080 1534 1148 νεφέλης,
1558 1077 1646 1130 διὰ
1681 1075 1952 1143 πολέμων.

393 1165 480 1218 διά
506 1165 746 1235 εἰρήνης,
775 1163 862 1216 διὰ
887 1163 1179 1234 τροπαίων,
1209 1163 1295 1216 διὰ
1323 1161 1612 1232 γεωργίας,
1644 1159 1733 1212 διά
1763 1157 1950 1218 ὑετῶν,

395 1249 489 1303 καί
511 1249 687 1302 πάντα
707 1246 886 1318 φωνὴν
915 1247 1063 1316 ἠφίει
1083 1247 1174 1300 τὸν
1199 1246 1472 1316 Δεσπότην
1497 1241 1952 1314 ἀνακηρύττοντα,

397 1331 489 1385 καὶ
514 1331 614 1401 τὴν
643 1329 1055 1400 πεπωρωμένην
1079 1329 1255 1382 αὐτῶν
1279 1328 1516 1382 διάνοιαν
1538 1323 1952 1383 κατανύττοντα,

397 1416 490 1470 καὶ
518 1415 694 1478 οὐδεὶς
720 1413 907 1484 χρόνος
945 1413 1211 1476 ἐνέλιπεν,
1243 1415 1300 1467 ἐν
1324 1405 1368 1479 ᾧ
1411 1411 1485 1482 μὴ
1530 1409 1726 1480 συνεχῆ
1756 1407 1955 1477 σημεῖα

398 1497 562 1552 αὑτοῦ
593 1497 951 1551 ἐπεδείκνυτο.
997 1497 1181 1564 Ἔργα
1216 1493 1427 1565 χειρῶν
1471 1493 1676 1556 αὑτοῦ,
1708 1489 1958 1556 ἀλήθεια

399 1583 493 1637 καί
533 1582 747 1650 κρίσις.
813 1578 1025 1647 Ἐπειδὴ
1063 1578 1189 1648 περὶ
1225 1579 1324 1647 τῆς
1359 1577 1636 1647 δυνάμεως
1668 1572 1831 1628 αὑτοῦ
1875 1573 1961 1626 δι·-

398 1666 612 1735 ελέχθη,
629 1662 929 1730 διαλέγεται
957 1661 1052 1715 καὶ
1089 1661 1216 1732 περὶ
1243 1661 1338 1731 τῆς
1359 1659 1771 1731 δικαιοκρισίας,
1799 1656 1954 1710 ὅτιού

403 1747 558 1817 μόνον
603 1746 829 1817 δύναμιν
873 1746 930 1797 ἐν
958 1739 1039 1807 οἷς
1079 1744 1251 1796 ἐποίει
1284 1743 1402 1796 τότε
1433 1741 1795 1803 ἐπεδείκνυτο,
1823 1737 1957 1792 άλλά

400 1830 493 1882 καὶ
529 1827 724 1897 πολλὴν
763 1827 861 1897 τὴν
905 1824 1268 1895 δικαιοσύνην.
1336 1825 1468 1878 Ούδέ
1505 1824 1612 1895 γὰρ
1644 1823 1830 1886 ἁπλῶς
1867 1821 1956 1888 ἐξ·

400 1910 556 1963 έσαλε
580 1909 648 1964 τά
670 1910 818 1980 ἐθνη,
841 1911 936 1962 ἐπε
946 1906 1322 1979 ιδὴἸουδαίους
1348 1908 1662 1976 εἰσαγαγεῖν
1686 1905 1956 1966 ἐϐούλετο.

399 1993 533 2046 ἀλλά
569 1992 706 2063 μετὰ
735 1990 829 2044 τοῦ
858 1991 1086 2046 δικαίου.
1125 1990 1223 2044 Διά
1247 1989 1407 2043 τοῦτο
1447 1991 1541 2044 καὶ
1575 1987 1809 2060 ἀλλαχοῦ
1843 1986 1958 2040 ἐλε-

399 2094 494 2147 γεν
532 2078 562 2130 ό
601 2075 841 2145 Μωῦσῆς
861 2091 877 2106 ⁸
942 2075 1116 2128 Οὔπω
1161 2075 1271 2145 γὰρ
1315 2073 1849 2143 ἀναπεπλήρωνται
1897 2075 1958 2126 αὶ

400 2163 671 2232 ἁμαρτίαι
696 2159 816 2214 τῶν
851 2160 1229 2230 Ἀμορραίων.
1268 2160 1448 2214 Ταῦτα
1479 2161 1538 2214 δὲ
1568 2161 1667 2212 οὐκ
1699 2161 1792 2213 ἐπὶ
1825 2160 1958 2212 ’1ου-

400 2244 561 2300 δαίων
587 2243 732 2297 ἐστιν
759 2245 932 2296 εἰπεῖν
964 2243 1141 2314 μόνον,
1178 2243 1271 2296 καὶ
1301 2242 1412 2296 τῶν
1457 2242 1682 2304 ἐκείνοις
1730 2241 1960 2311 συμϐαι-

402 2327 618 2388 νόντων,
659 2325 794 2380 ἀλλὰ
823 2326 982 2379 πάλιν
1015 2325 1298 2388 καθολικὸς
1341 2327 1369 2379 6
1409 2325 1565 2394 λόγος
1595 2324 1730 2378 ἐστί.
1774 2323 1958 2377 Πάντα

403 2411 510 2481 7&9
563 2409 630 2465 τὰ
676 2409 766 2464 ὑπ’
814 2409 976 2464 αὐτοῦ
1025 2409 1290 2478 γενόμενα
1331 2408 1558 2480 ἀλήθεια
1596 2409 1691 2463 καὶ
1735 2408 1952 2480 κρίσις·

403 2493 597 2566 κρίσις,
624 2491 865 2546 τουτέστι
891 2490 1225 2563 δικαιοσύνη.
1266 2487 1420 2546 Οἶδεν
1455 2493 1511 2545 δέ
1554 2491 1807 2564 ἀλήθειαν
1831 2489 1960 2542 πολ-

400 2576 555 2641 λάκις
598 2577 632 2646 ή
678 2573 868 2645 Γραφὴ
915 2573 1006 2627 καὶ
1048 2573 1146 2644 τὴν
1187 2573 1594 2646 φιλανθρωπίαν
1632 2574 1830 2642 λέγειν.
1891 2575 1958 2625 Ὃ

400 2659 577 2712 τοίνυν
601 2659 768 2728 λέγει,
809 2657 1048 2711 τοιοῦτόν
1083 2659 1250 2722 ἐστιν,
1284 2657 1366 2710 ὅτι
1393 2656 1529 2726 μετά
1557 2657 1656 2726 τῆς
1683 2653 1957 2708 δικαιοσύ-

400 2758 497 2812 νης
533 2743 628 2796 καὶ
667 2739 1071 2811 φιλανθρωπίας
1113 2735 1184 2792 τά
1223 2739 1400 2793 πάντα
1432 2739 1701 2810 ἀνέμιξεν.
1747 2737 1810 2792 El
1854 2737 1959 2808 7&9

399 2824 466 2898 δὴ
497 2826 653 2896 μόνον
682 2823 760 2895 τῷ
807 2822 900 2877 τοῦ
934 2822 1141 2876 δικαίου
1183 2822 1447 2894 ἐκέχρητο
1491 2821 1654 2893 λόγῳ,
1689 2821 1865 2876 πάντα
1891 2819 1960 2874 ἂν

403 2907 685 2963 ἀπολώλει.

473 3024 550 3090 ς’.
566 3024 657 3077 Διὸ
672 3023 765 3076 καί
781 3014 936 3084 οὗτος
949 3021 977 3074 6
994 3019 1274 3091 προφήτης
1291 3019 1522 3089 ἀλλαχοῦ
1536 3018 1681 3088 λέγει
1697 3035 1710 3050 ο
1729 3019 1826 3087 Μὴ
1839 3019 1961 3071 είσ-

402 3108 585 3178 έλθῃς
612 3109 698 3173 εὶς
723 3105 925 3174 κρίσιν
940 3105 1088 3172 μετὰ
1112 3102 1220 3157 τοῦ
1240 3103 1463 3157 δούλου
1487 3118 1602 3157 σου
1622 3119 1635 3134 ο
1668 3102 1755 3156 ὅτι
1783 3105 1854 3157 οὐ
1875 3102 1963 3156 δι-

403 3190 791 3257 καιωθήσεται
805 3186 1058 3241 ἐνώπιόν
1075 3203 1190 3245 σου
1210 3183 1328 3250 πᾶς
1347 3184 1476 3247 ζῶν.
1495 3186 1603 3240 Καὶ
1622 3185 1802 3240 πάλιν·
1827 3187 1962 3240 Ἐὰν

402 3275 650 3343 ἀνομίας
669 3270 1080 3339 παρατηρήσῃ,
1111 3270 1304 3337 Κύριε,
1343 3270 1539 3336 Κύριε,
1585 3270 1676 3335 τίς
1694 3272 1961 3338 ὑποστῄ-

403 3372 600 3420 astat;
629 3354 809 3408 Πάντα
832 3353 1008 3406 τοίνυν
1028 3351 1094 3405 τά
1111 3352 1202 3405 ὑπ’
1232 3351 1396 3405 αὑτοῦ
1418 3353 1673 3422 γινόμενα
1687 3353 1962 3424 ἐκατέρων

402 3439 562 3510 γέμει
601 3438 822 3492 τούτων.
871 3437 971 3490 Ἀν
1003 3453 1063 3489 τε
1086 3437 1192 3508 γὰρ
1236 3436 1296 3489 τὸ
1320 3437 1525 3490 δίκαιον
1552 3437 1751 3508 ἀπαιτῇ
1781 3438 1961 3508 μόνον,

404 3523 580 3576 πάντα
613 3521 679 3575 ἂν
701 3520 960 3591 διεφθάρη
981 3535 995 3548 ·
1039 3519 1087 3571 εί
1115 3518 1172 3572 δέ
1200 3519 1576 3591 φιλανθρωπίᾳ
1601 3519 1740 3592 μόνῃ
1763 3519 1962 3594 κέχρηο

403 3624 514 3668 ται,
545 3607 594 3659 οί
621 3605 836 3667 πλείους
877 3603 943 3658 ἂν
973 3602 1209 3670 ἐγίνοντο
1252 3603 1628 3674 ρᾳθυμότεροι.
1687 3604 1783 3658 Διά
1807 3605 1964 3658 τοῦτο

404 3689 691 3744 ποικίλλων
730 3689 826 3757 τὴν
873 3685 1140 3756 σωτηρίαν
1187 3685 1294 3738 τῶν
1327 3685 1648 3756 ἀνθρώπων,
1684 3687 1962 3759 ἑκατέροις

402 3772 609 3834 τούτοις
641 3774 719 3834 εἰς
757 3771 856 3840 τὴν
894 3769 1174 3840 διόρθωσιν
1205 3769 1381 3822 αὐτῶν
1416 3768 1697 3839 κέχρηται.
1752 3770 1963 3824 Πισταί

403 3855 591 3911 πᾶσαι
633 3857 692 3908 αἱ
737 3853 973 3907 ἐντολαὶ
1021 3853 1224 3907 αὐτοῦ.
1279 3853 1454 3923 Ὅπερ
1497 3852 1758 3923 πολλαχοῦ
1800 3857 1960 3920 ποιεῖ,

403 3938 558 3992 τοῦτο
579 3938 671 3992 καὶ
701 3935 929 3990 ἐνταῦθα
962 3935 1269 4006 ἐργάζεται,
1301 3935 1408 3988 ἀπὸ
1437 3935 1538 4006 τῆς
1565 3936 1754 4005 σοφίας
1782 3937 1878 4007 τῆς
1905 3939 1962 3991 ἐν

403 4029 468 4097 τῇ
497 4025 713 4097 ποικίλῃ
751 4022 1075 4094 δημιουργίᾳ
1115 4023 1210 4076 καὶ
1254 4023 1355 4092 τῆς
1396 4023 1713 4094 κηδεμονίας
1744 4025 1836 4077 ἐπὶ
1864 4026 1963 4096 τὴν

403 4109 729 4181 νομοθεσίαν·
754 4107 1110 4179 μεταϐαίνων,
1154 4107 1247 4159 καὶ
1275 4105 1434 4159 τοῦτο
1462 4107 1619 4162 πάλιν
1660 4109 1822 4163 κινῶν
1864 4111 1964 4181 τῆς

405 4193 657 4262 προνοίας
680 4191 740 4245 τὸ
771 4191 956 4262 μέρος.
989 4189 1064 4244 Ού
1091 4188 1201 4260 γὰρ
1216 4188 1279 4260 δὴ
1309 4189 1466 4260 μόνον
1486 4189 1562 4260 τῷ
1579 4190 1761 4245 κτίσαι
1788 4192 1964 4246 κτίσιν

403 4275 666 4345 τοσαύτην
706 4275 798 4326 καὶ
836 4271 1182 4343 τηλικαύτην,
1222 4271 1356 4325 ἀλλά
1385 4271 1462 4342 τῷ
1486 4272 1578 4326 τὸν
1607 4275 1769 4344 νόμον
1795 4274 1964 4330 θεῖναι

403 4358 465 4411 τὸ
499 4357 608 4411 τῶν
643 4355 939 4429 ἀνθρώπων
979 4353 1254 4426 διιῦρθωσε
1293 4354 1466 4423 γένος.
1524 4356 1616 4410 Διὸ
1657 4358 1751 4410 καὶ
1799 4361 1858 4412 ἐν
1886 4359 1964 4431 τῷ

404 4440 850 4510 ὀκτωκαιδεκάτῳ
881 4439 1078 4511 ψαλμῷ
1101 4439 1386 4510 ἀμφότερα
1421 4439 1592 4494 ταῦτα
1616 4441 1685 4495 τά
1719 4443 1860 4513 μέρη
1884 4443 1963 4498 δι-

406 4521 560 4589 ελὼν,
581 4522 875 4594 ἀρχόμενος
906 4523 1000 4592 μὲν
1023 4521 1232 4590 ἐλεγεν·
1273 4525 1336 4576 Οἱ
1362 4522 1602 4590 οὐρανοί
1622 4523 1964 4592 διηγοῦνται

404 4604 590 4669 δόξαν
619 4604 764 4658 Θεοῦ
782 4621 796 4635 ·
850 4605 988 4674 πρὸς
1019 4604 1076 4657 δέ
1105 4614 1166 4657 το
1197 4609 1360 4674 μέσον
1384 4604 1572 4667 ἐλθὼν,
1601 4607 1692 4660 καὶ
1719 4607 1808 4660 τὸν
1837 4609 1964 4678 περὶ

405 4687 503 4756 τῆς
547 4687 776 4750 κτίσεως
813 4686 1118 4758 ἀπαρτίσας
1143 4687 1298 4756 λόγον
1343 4688 1653 4758 ἐπήγαγεν
1700 4689 1754 4742 '0
1782 4691 1964 4758 νόμος

405 4770 623 4837 Κυρίου
665 4769 923 4840 ἄμωμος,
980 4769 1350 4840 ἐπιστρέφων
1375 4769 1617 4840 ψυχάςο
1663 4771 1701 4839 ἡ
1745 4772 1961 4843 ἐντολὴ

406 4851 625 4921 Κυρίου
649 4851 978 4922 τηλαυγὴς,
1013 4851 1347 4922 φωτίζουσα
1374 4855 1730 4924 ὀφθαλμούς.

476 4967 630 5022 Οῦτω
657 4967 722 5039 δὴ
763 4969 856 5022 καὶ
895 4967 1147 5032 ἐνταῦθα,
1175 4967 1342 5022 εἰπὼν
1381 4971 1508 5040 περὶ
1534 4969 1642 5024 τῶν
1669 4971 1963 5042 τεραστίων

407 5053 499 5106 καὶ
528 5053 637 5106 τῶν
676 5052 968 5123 θαυμάτων
1012 5052 1206 5116 αὐτοῦ,
1259 5053 1354 5106 καὶ
1392 5053 1499 5107 τῶν
1530 5054 1724 5125 ἔργων,
1760 5058 1839 5120 είς
1865 5057 1963 5129 τὴν

406 5137 533 5206 περὶ
571 5136 681 5188 τῶν
721 5136 948 5189 ἐντολῶν
983 5137 1236 5190 ὑπόθεσιν
1276 5139 1634 5210 μεταχειρίζει
1672 5143 1766 5195 τὸν
1807 5141 1962 5211 λόγον

407 5217 556 5291 1274]
586 5219 729 5272 οὓτω
749 5220 950 5288 λέγων·
977 5220 1186 5274 Πισταὶ
1203 5219 1389 5275 πᾶσαι
1415 5225 1474 5275 αἱ
1497 5223 1736 5278 ἐντολαὶ
1755 5225 1960 5291 αὑτοῦ,

405 5301 817 5371 ἐστηριγμέναι
843 5305 929 5368 είς
965 5305 1070 5356 τὸν
1103 5302 1286 5356 αίῶνα
1317 5304 1424 5357 τοῦ
1455 5304 1686 5372 αἰῶνος,
1722 5323 1963 5377 πεποιη-

404 5383 576 5450 μέναι
613 5385 682 5438 ἐν
722 5386 970 5452 ἀληθείᾳ
996 5385 1092 5438 καὶ
1120 5387 1412 5453 εὐθύτητι.
1461 5388 1572 5458 Ούχ
1604 5390 1789 5454 ἀπλῶς
1817 5388 1960 5456 εἶπε,

407 5467 621 5552 Πᾷσαι,
653 5469 786 5524 άλλά
820 5470 954 5524 πολὺ
990 5470 1142 5538 γένος
1180 5471 1408 5526 ἐντολῶν
1439 5474 1728 5540 ἀνακινῶν,
1760 5479 1962 5552 ταύτην

405 5551 613 5606 τέθεικε
644 5554 740 5624 τὴν
760 5553 920 5622 λέξιν.
968 5554 1077 5608 Καὶ
1098 5554 1205 5626 7&9
1245 5555 1452 5612 ἐντολαί
1481 5559 1616 5613 εἰσιν
1641 5561 1694 5614 αἱ
1721 5561 1819 5632 τῆς
1841 5551 1962 5618 κτί-

469 5767 499 5802 ⁸
519 5767 673 5822 εινίι.
695 5770 786 5832 δτι,
806 5770 894 5820 sed
918 5771 995 5820 ὅτε
1021 5770 1142 5836 Reg.

1540 373 1906 435 EXPOSITIO
1943 372 2009 425 ll‘
2048 371 2376 428 PSALMUM
2417 373 2530 429 CX.

3515 371 3622 429 288

2059 499 2218 547 σεως,
2250 485 2317 550 ἃς
2344 487 2591 560 διατηρεῖ
2619 491 2765 544 πᾶσα
2794 490 2828 560 ή
2861 488 3063 552 κτίσις,
3095 485 3245 557 ἣλιος
3265 487 3359 540 καὶ
3402 485 3621 558 σελήνη.

2056 575 2239 647 ἡμέρα
2279 577 2373 632 καὶ
2417 578 2544 644 νὺξ,
2573 580 2667 633 καὶ
2691 580 2935 652 ἀστέρες,
2963 579 3058 633 καὶ
3081 578 3185 648 γῆς
3218 577 3247 617 ι)
3284 576 3379 630 καὶ
3411 574 3625 644 φύσεως

2054 662 2271 734 δρόμος.
2305 663 2543 718 Ἐντολαί
2572 668 2708 719 εἰσιν
2736 667 2790 719 αί
2811 668 2877 737 τῇ
2903 665 3062 734 φύσει
3088 663 3323 718 δοθεῖσαι
3349 661 3408 727 ἐξ
3427 662 3620 733 ἀρχῆς,

2055 747 2144 800 ὅτε
2172 746 2265 800 τὸν
2289 747 2572 820 ἄνθρωπον
2591 749 2843 814 ἔπλαττε,
2874 750 3001 822 περὶ
3026 742 3101 803 ὧν
3127 765 3290 818 φησιν
3324 749 3355 801 ό
3381 746 3620 809 Παῦλος⁵

2015 840 2018 842 ⁷
2057 829 2235 883 Ὅταν
2271 830 2382 900 γὰρ
2411 832 2587 900 ἔθνη,
2620 834 2691 888 τὰ
2731 832 2818 902 μὴ
2847 835 3034 902 νόμον
3063 831 3310 900 ἔχοντα,
3342 829 3522 899 φύσει
3551 827 3624 881 τὰ

2055 912 2160 966 τοῦ
2184 915 2368 982 νόμου
2394 914 2554 983 ποιῇ,
2585 912 2749 972 οὗτοι
2777 918 2966 984 νόμον
2991 915 3078 984 μὴ
3101 915 3362 982 ἔχοντες,
3389 910 3624 976 ἑαυτοῖς

2055 997 2173 1049 είσι
2212 997 2412 1065 νόμος.
2453 999 2563 1051 Καὶ
2593 999 2780 1052 πάλινο
2815 997 3153 1067 Συνήδομαι
3201 995 3310 1066 γὰρ
3346 990 3423 1060 τῷ
3462 994 3623 1064 νόμῳ

2055 1077 2162 1132 τοῦ
2211 1081 2358 1133 Θεοῦ
2388 1082 2536 1135 κατὰ
2567 1083 2674 1135 τὸν
2713 1083 2836 1136 ἔσω
2871 1081 3200 1150 ἄνθρωπον.
3243 1077 3482 1133 Ἐντολαί
3515 1079 3622 1130 είσι

2058 1161 2151 1214 καὶ
2174 1165 2230 1216 αἱ
2267 1164 2524 1234 γραπται.
2564 1167 2673 1218 Καὶ
2718 1160 2879 1218 αὗται
2915 1167 3084 1218 πᾶσαι
3118 1164 3506 1235 μεμενήκασιν.
3558 1161 3621 1214 Et

2054 1243 2110 1296 δέ
2139 1261 2282 1308 τινες
2313 1247 2702 1316 κατελύθησαν,
2747 1248 2846 1300 ούκ
2877 1246 2967 1300 ἐπὶ
2998 1247 3059 1299 τὸ
3081 1248 3282 1316 χεῖρον,
3312 1243 3426 1298 ἀλλ’
3449 1243 3539 1296 ἐπὶ
3562 1243 3625 1295 τὸ

2057 1324 2263 1394 βέλτιον
2299 1329 2876 1402 μεταρρυθμισθεῖσαι.
2909 1329 2982 1382 Τὸ
3011 1328 3139 1401 γὰρ,
3174 1330 3256 1382 Οὐ
3284 1327 3621 1397 φονεύσεις.

2054 1410 2114 1461 ού
2143 1410 2430 1482 κατελύθη,
2455 1412 2567 1466 ἀλλ’
2599 1412 2836 1484 ἐπετάθη
2857 1429 2870 1442 ·
2915 1413 3010 1466 καὶ
3034 1411 3115 1475 τὸ,
3151 1414 3234 1466 Οὐ
3258 1411 3621 1480 μοιχεύσεις,

2055 1492 2154 1546 οὐκ
2185 1493 2455 1565 ἠφανίσθη
2474 1535 2488 1556 ,
2529 1495 2666 1549 ἀλλά
2702 1495 2884 1567 μεῖζον
2913 1495 3121 1563 γέγονε.
3177 1493 3267 1546 Διὸ
3291 1494 3383 1546 καὶ
3417 1492 3622 1559 ἔλεγεν,

2061 1576 2179 1627 Οὐκ
2209 1572 2400 1644 ἦλθον
2427 1579 2758 1632 καταλῦσαι
2791 1577 2898 1631 τὸν
2924 1579 3128 1645 νόμον,
3155 1575 3194 1643 ἢ
3227 1574 3368 1640 τοὺς
3399 1575 3625 1644 προφή-

2057 1671 2182 1720 τας,
2213 1657 2372 1711 ἀλλὰ
2403 1659 2736 1726 πληρῶσαι.
2783 1661 2841 1712 '0
2867 1659 2974 1731 7&9
3005 1659 3078 1730 μὴ
3109 1655 3627 1728 όργιζόμενος,πολ-

2056 1739 2132 1808 λῷ
2159 1741 2357 1809 μᾶλλον
2381 1741 2472 1794 τοῦ
2495 1744 2654 1813 φόνου
2675 1743 2957 1812 ἀφέξεται·
2991 1742 3086 1795 καὶ
3113 1743 3141 1793 6
3163 1741 3238 1812 μὴ
3265 1739 3476 1809 βλέπων
3499 1738 3627 1790 άκοο

2056 1821 2270 1888 λάστοις
2309 1825 2622 1896 ὀφθαλμοῖς,
2666 1828 2995 1898 μακρότερον
3037 1825 3135 1895 τῆς
3180 1821 3419 1894 μοιχείας
3459 1821 3624 1888 ὲσκή·

2057 1925 2243 1961 νωται.
2302 1909 2360 1963 '0
2387 1911 2566 1963 τοίνυν
2605 1911 2769 1980 νόμος
2797 1910 2955 1964 τοῦτο
2991 1910 3222 1980 μάλιστα
3249 1907 3360 1979 ἔχει
3397 1905 3457 1959 τὸ
3484 1904 3625 1969 ἐξαί-

2060 2007 2236 2060 ρετον,
2266 1991 2327 2045 τὸ
2362 1993 2648 2058 ἀθάνατον,
2682 1995 2744 2047 τὸ
2774 1993 3040 2065 διηνεκὲς,
3071 1992 3165 2046 καὶ
3193 1994 3222 2045 6
3248 1991 3348 2061 τῆς
3373 1988 3623 2051 κτίσεως,

2057 2074 2150 2126 καὶ
2181 2076 2210 2127 ό
2237 2076 2482 2144 φυσικὸς,
2513 2078 2607 2130 καὶ
2631 2079 2659 2130 ό
2681 2078 2780 2147 τῆς
2807 2075 3142 2146 φιλοσοφίας,
3164 2073 3260 2126 καὶ
3294 2072 3394 2142 τῆς
3419 2070 3625 2139 Καινῆς

2056 2157 2352 2230 Διαθήκης.
2411 2160 2502 2214 Διό
2534 2178 2696 2231 φησιν
2726 2177 2742 2192 ·
2781 2161 2836 2212 '0
2883 2157 3138 2227 οὐρανὸς
3174 2157 3269 2211 καὶ
3309 2155 3348 2222 ’ἡ
3377 2153 3451 2227 τῆ
3479 2169 3626 2222 παρ-

2056 2242 2407 2296 ελεύσονται
2428 2280 2445 2305 ,
2491 2245 2546 2296 οί
2571 2242 2639 2296 δὲ
2664 2243 2830 2313 λόγιοι
2851 2258 2970 2310 μου
2999 2242 3071 2295 οὐ
3106 2239 3191 2310 μὴ
3223 2237 3628 2307 παρελεύσον-

2058 2345 2152 2382 ται
2174 2345 2189 2360 ·
2230 2330 2292 2384 τὸ
2321 2331 2576 2402 ἀκίνητον
2605 2331 2787 2384 αὐτῶν
2827 2329 3021 2401 δηλῶν.
3075 2329 3261 2383 Πάντα
3293 2326 3402 2399 γάρ
3433 2326 3532 2379 δσα
3558 2325 3626 2378 ἀν

2060 2415 2314 2488 βούληται
2347 2417 2529 2489 μένειν
2561 2417 2591 2470 6
2634 2419 2796 2481 Θεὸς,
2837 2419 2988 2488 μένει
3023 2415 3313 2486 διηνεκῶς,
3352 2413 3448 2468 καὶ
3475 2411 3626 2466 οὐδέν

2059 2507 2174 2557 ἐστι
2210 2505 2272 2558 τὸ
2309 2507 2490 2560 κινοῦν
2520 2507 2677 2562 αύτά.
2714 2505 3118 2574 Πεποιημέναι
3148 2505 3218 2558 ὲν
3253 2502 3503 2570 ἀληθείᾳ
3529 2499 3628 2553 καί

2057 2595 2352 2661 εὐθύτητι.
2408 2594 2474 2647 Τί
2517 2598 2700 2660 ἐστιν,
2752 2596 2846 2648 Ἐν
2889 2593 3142 2662 ἀληθείᾳ
3179 2591 3277 2646 καί
3318 2590 3625 2654 εὐθύτητιὶ

2060 2681 2223 2734 Ούδέν
2259 2681 2472 2746 αὑταῖς,
2507 2683 2660 2754 φησὶ,
2708 2681 2945 2747 σκολιὸν,
2990 2681 3140 2734 οὐδὲν
3171 2675 3625 2750 στραγγαλιῶδεῦ

2059 2767 2209 2819 οὐδὲν
2237 2769 2462 2838 ἀσαφὲς,
2513 2770 2664 2823 οὐδὲν
2695 2770 2830 2842 πρὸς
2869 2770 3030 2842 χάριν
3060 2767 3202 2830 τινὰ,
3232 2767 3267 2836 ἢ
3309 2763 3624 2834 ἀπέχθειαν.

2058 2853 2192 2908 ἀλλά
2219 2856 2392 2909 πάντα
2417 2857 2553 2927 πρὸς
2567 2856 2628 2910 τὸ
2645 2856 2920 2928 συμφέρον
2941 2857 3032 2910 καὶ
3049 2852 3320 2916 λυσιτελές
3337 2869 3350 2882 ·
3375 2852 3436 2904 ού
3459 2849 3629 2904 καθά-

2059 2959 2165 3012 περ
2188 2945 2237 2996 οί
2275 2943 2603 3014 ἀνθρώπινοι
2637 2945 2812 3016 νόμοι,
2846 2945 2982 2998 πολὺ
3035 2943 3132 3013 μὲν
3166 2941 3377 3012 ἔχοντες
3405 2938 3465 2992 τὸ
3505 2938 3626 2991 ἐπί·

2060 3047 2248 3101 κηρον,
2269 3031 2402 3084 πολὺ
2423 3032 2479 3084 δὲ
2501 3033 2562 3086 τὸ
2582 3032 2812 3101 ἀσαφὲς,
2834 3033 2966 3085 πολὺ
2983 3031 3116 3084 δὲτὸ
3137 3027 3490 3100 ἀνθρώπινον.
3515 3026 3626 3081 Καὶ

2059 3114 2168 3185 γάρ
2196 3113 2302 3167 άπὸ
2334 3113 2687 3186 ἀνθρωπίνων
2714 3115 2901 3170 παθῶν
2928 3115 3112 3168 πολλοὶ
3141 3112 3397 3176 πολλάκις
3431 3109 3618 3180 ἐτέθη-

2062 3219 2178 3256 σαν.
2233 3204 2342 3257 Καὶ
2366 3203 2471 3275 γὰρ
2500 3205 2590 3258 τὸν
2620 3204 2808 3276 ἐχθρὸν
2843 3205 3199 3276 ἀμυνόμενος,
3237 3203 3270 3274 ἢ
3305 3201 3444 3272 φίλῳ
3470 3199 3619 3272 χαρί-

2061 3291 2246 3356 ζεσθαι
2277 3293 2611 3365 βουλόμενος,
2659 3294 2801 3348 οῦτω
2841 3293 2911 3348 τά
2958 3295 3259 3364 γράμματα
3309 3291 3622 3360 συνέθηκεν.

2073 3379 2211 3432 Ἀλλ’
2239 3381 2336 3452 ούχ
2378 3383 2427 3435 οί
2466 3381 2598 3435 θεῖοι
2642 3381 2904 3444 τοιοῦτοι,
2947 3382 3058 3434 ἀλλ’
3099 3380 3248 3451 ήλίου
3282 3378 3623 3450 φαιδρότεροι

2064 3469 2312 3538 μένουσι,
2389 3470 2450 3523 τὸ
2507 3471 2782 3544 συμφέρον
2838 3471 2946 3524 τῶν
2991 3469 3458 3540 νομοθετουμένων
3506 3467 3626 3519 ἐπι-

2061 3555 2380 3627 ζητοῦντες,
2424 3558 2680 3629 καὶπρὸς
2738 3558 2935 3629 ἀρετὴν
2989 3559 3184 3622 αὐτοὺς
3239 3555 3621 3623 ἐπανάγοντες,

2061 3644 2153 3698 καὶ
2191 3645 2326 3715 πρὸς
2355 3645 2451 3716 τὴν
2478 3645 2587 3698 τῶν
2621 3646 2956 3717 πραγμάτων
2981 3645 3253 3716 ἀλήθειαν,
3296 3644 3356 3697 ού
3400 3643 3534 3715 πρὸς
3557 3642 3625 3694 τὰ

2059 3730 2223 3802 ψευδῆ
2259 3731 2459 3799 ταῦτα,
2500 3731 2724 3787 πλοῦτον
2757 3732 2900 3802 λέγω
2938 3734 3031 3786 καὶ
3069 3731 3381 3785 δυναστείαν
3418 3728 3624 3797 (ταῦτα

2060 3819 2168 3889 7&9
2193 3819 2391 3889 ψευδῆ·
2439 3818 2509 3872 τὰ
2549 3819 2605 3873 δέ
2631 3819 2722 3873 τοῦ
2753 3819 2887 3872 Θεοῦ
2919 3819 3194 3890 ἀλήθεια),
3232 3819 3330 3888 ούχ
3359 3818 3506 3879 ὅπως
3527 3817 3622 3884 γέ-

2062 3918 2234 3955 νοιντο
2258 3901 2644 3975 εὐπορώτεροι,
2672 3903 2779 3955 οὐδ’
2809 3903 2953 3967 ὅπως
2985 3903 3092 3955 τῶν
3120 3902 3399 3972 παρόντων
3432 3897 3622 3952 ἐπιτύ-

2061 4001 2205 4055 χοιεν
2222 4025 2237 4050 ,
2287 3985 2400 4038 ἀλλ’
2441 3987 2588 4049 ὅπως
2615 3987 2726 4040 τῶν
2753 3986 3048 4056 μελλόντων
3075 3983 3457 4046 ἀπολαύσαιεν,
3479 3980 3624 4035 διδά-

2064 4089 2305 4136 σκοντες.
2367 4074 2502 4144 Περὶ
2537 4073 2646 4125 τῶν
2683 4073 2896 4144 ἀληθῶν
2931 4073 3269 4144 πραγμάτων
3305 4069 3400 4124 καὶ
3425 4068 3621 4141 ὀρθῶν,

2061 4159 2156 4212 καὶ
2184 4160 2334 4214 οὐδὲν
2360 4161 2592 4231 ἐχόντων
2609 4160 3056 4231 διεστραμμένον,
3076 4160 3284 4212 ᾶπαντα
3311 4157 3464 4210 εἶπον
3489 4157 3624 4208 ἐκεῖ-

2059 4264 2139 4301 νοι
2173 4250 2222 4301 οι
2256 4249 2429 4320 νόμοι.
2473 4249 2684 4303 Πισταί
2716 4246 2905 4304 πᾶσαι
2945 4250 3006 4301 αἱ
3039 4247 3276 4301 ἐντολαὶ
3313 4245 3517 4300 αὑτοῦ.
3557 4243 3622 4298 Τί

2063 4334 2198 4397 ἐστι,
2228 4335 2475 4397 Πισταί;
2500 4335 2742 4400 Βέϐαιαι,
2773 4333 3053 4405 μένουσαι.
3094 4333 3212 4387 Κάν
3239 4331 3348 4404 7&9
3379 4331 3623 4402 παραδα-

2063 4419 2248 4485 θῶσιν,
2291 4422 2346 4475 αί
2379 4423 2635 4494 τιμωρίαι
2663 4422 2881 4476 ἕπονται
2903 4459 2918 4483 ,
2970 4421 3064 4475 καὶ
3101 4415 3260 4474 αὗται
3283 4421 3344 4473 ού
3371 4419 3622 4474 σαλεύον-

2060 4523 2184 4562 ται·
2237 4508 2365 4562 εἰδὲ
2396 4509 2668 4580 ἄνθρωποι
2706 4506 3044 4579 παραδῶσιν,
3095 4507 3208 4562 ἀλλ’
3235 4511 3263 4562 6
3293 4507 3424 4572 Θεὸς
3453 4508 3620 4571 αὐτάς

2061 4595 2281 4649 ἐκδικεῖ.
2314 4596 2406 4667 Μὴ
2428 4597 2604 4650 τοίνυν
2635 4595 2779 4665 λέγε,
2799 4597 2881 4650 ὅτι
2907 4596 3042 4668 πρὸς
3069 4595 3295 4667 ἀπειλὴν
3321 4597 3528 4670 εἴρηται
3553 4596 3624 4649 τά

2061 4683 2343 4754 εἰρημένα,
2389 4683 2424 4754 ἦ
2466 4683 2857 4754 ὑπερϐολικῶς.
2915 4683 3102 4748 Οὐδεὶς
3137 4683 3436 4755 νομοθετῶν
3483 4685 3622 4754 πρὸς

2061 4771 2288 4843 ἀπειλὴν
2339 4771 2486 4840 λέγει
2527 4772 2708 4844 μόνον,
2761 4772 2899 4826 ἀλλά
2942 4773 3036 4826 καὶ
3067 4771 3208 4846 πρὸς,
3225 4774 3618 4844 σωφρονισμόν.

2061 4859 2124 4911 Ei
2149 4857 2206 4911 δέ
2234 4858 2296 4912 ού
2330 4859 2532 4930 σφόδρα
2553 4859 2826 4925 πιστεύεις
2857 4860 2998 4930 ὑπὲρ
3023 4861 3132 4914 τῶν
3163 4861 3484 4932 μελλόντων,
3511 4861 3622 4915 ἀπὸ

2061 4945 2170 4999 τῶν
2211 4945 2584 5017 παρελθόντων
2634 4947 2873 5018 λάμϐανε
2916 4940 3014 5019 τὴν
3041 4947 3329 5014 ἀπόδειξιν.
3396 4947 3454 5003 ⁸0
3491 4949 3622 5017 γοῦν

2065 5031 2215 5105 [275]
2247 5034 2340 5087 ἐπὶ
2366 5033 2461 5087 τοῦ
2487 5034 2610 5088 Νῶε
2627 5034 3024 5106 κατακλυσμὸς,
3052 5036 3147 5088 καὶ
3165 5035 3199 5106 ἡ
3219 5036 3312 5089 ἐπὶ
3339 5035 3447 5090 τῶν

2067 5139 2180 5192 μων
2225 5123 2582 5194 πυρπόλησις,
2621 5124 2718 5178 καὶ
2760 5126 2792 5193 ἡ
2840 5124 2934 5178 ἐπὶ
2968 5123 3061 5178 τοῦ
3104 5125 3303 5197 Φαραὼ
3355 5125 3618 5189 ἀπώλεια,

2062 5211 2208 5280 καὶὴ
2233 5210 2338 5262 τῶν
2353 5210 2616 5265 Ἰουδαίων
2641 5212 3116 5283 πανωλεθρία,ακαὶ
3147 5215 3203 5265 αἱ
3233 5213 3619 5284 αἰχμαλωσίαι,

2062 5298 2154 5351 καὶ
2182 5299 2228 5350 οἱ
2258 5297 2501 5368 πόλεμοι,
2532 5294 2640 5368 ἄρα
2663 5299 2890 5370 ἀπειλῆς
2913 5303 3068 5365 είσιν,
3096 5301 3128 5372 ἢ
3155 5301 3346 5371 πείρας
3366 5301 3624 5370 πραγμά-

2059 5402 2200 5450 mw;
2236 5386 2298 5438 Εί
2322 5385 2378 5438 δέ
2407 5385 2476 5439 τὰ
2500 5387 2556 5439 ἐν
2590 5386 2668 5457 τῷ
2701 5387 2852 5457 τύπῳ
2871 5388 3078 5456 γέγονε,
3109 5386 3285 5458 πολλῴ
3313 5387 3509 5456 μᾶλλον
3553 5390 3620 5441 τά

2061 5473 2120 5524 ἐν
2150 5476 2216 5544 τῇ
2249 5473 2496 5545 ἀληθείᾳ,
2537 5475 2646 5545 ὅσῳ
2680 5475 2770 5528 καὶ
2806 5476 3006 5544 μείζων
3044 5478 3076 5546 ή
3115 5477 3346 5545 πονηρία
3386 5476 3490 5529 τῶν
3518 5477 3619 5529 αύ-

2060 5561 2170 5624 τοῖς
2183 5559 2596 5633 τετολμημένων
2621 5562 2758 5633 μετά
2778 5563 3042 5633 τοσαύτην
3065 5562 3356 5633 θεραπείαν
3377 5564 3467 5618 καὶ
3484 5564 3622 5636 διόρ-

2124 5782 2153 5823 h
2175 5783 2334 5834 Malim
2353 5786 2432 5834 καὶ
2467 5790 2545 5848 γῆ.
2579 5784 2679 5836 Sed
2703 5785 2810 5836 sine
2854 5786 3146 5838 auctoritate
3176 5800 3288 5839 mss.
3315 5784 3434 5838 nihil
3460 5791 3613 5854 ιμιιιο.
