4108 6344
540 365 645 420 289

535 484 720 535 οωσιν.
754 481 1061 548 Λύτρωσιν
1084 478 1398 532 ἀπέστειλε
1429 479 1460 529 ό
1491 476 1702 541 Κύριος
1731 472 1808 538 τῷ
1838 472 1965 537 λαῷ
1992 474 2098 525 αὺ-

536 565 662 618 τοῦ.
729 562 885 617 Κατὰ
925 563 1020 633 μὲν
1064 562 1163 631 τὴν
1205 561 1478 631 ἱστορίαν,
1532 557 1630 627 τὴν
1679 556 1787 609 τῶν
1836 554 2098 608 Ἰουδαίων

536 647 844 717 ἐλευθερίαν
867 646 998 717 φησί
1021 661 1035 676 ·
1065 643 1206 697 κατά
1230 643 1289 696 δέ
1312 644 1408 711 τὴν
1436 640 1745 709 ἀναγωγὴν,
1779 640 1877 710 τὴν
1903 639 1996 708 τῆς
2022 638 2099 689 οἰ-

536 728 824 800 κουμένης,
851 729 879 780 δ
901 729 993 781 καὶ
1020 727 1079 780 τὸ
1110 728 1236 797 ἐξῆς
1270 726 1421 794 δηλοῖ
1446 743 1459 755 ·
1497 724 1864 779 Ἐνετείυἰατο
1888 723 1974 785 εἰς
1992 720 2099 773 τὸν

534 813 722 869 αἰῶνα
755 812 1045 880 διαθήκην
1065 811 1269 863 αὑτοῦ.
1307 811 1349 861 Τ
1352 812 1416 878 ὴν
1442 808 1649 879 Καινὴν
1673 805 1904 859 ἐνταῦθα
1929 804 2094 871 λέγει·

536 896 719 967 ἐπειδὴ
774 895 882 966 γὰρ
933 893 1149 960 ἐντολῆς
1190 892 1429 961 ἐμνήσθη
1470 892 1561 944 καί¹
1610 891 1805 959 νόμου,
1859 882 2012 950 οὗτος
2043 886 2100 939 δέ

537 979 842 1049 παρεϐάθη,
867 978 959 1031 καὶ
980 978 1267 1045 εἰργάσατο
1287 974 1474 1045 ὀργὴν,
1495 973 1676 1044 φησὶν,
1696 974 1774 1025 ὅτι
1793 971 2100 1039 Λύτρωσιν

536 1061 854 1115 ἀπέστειλε
912 1057 991 1122 τῷ
1016 1057 1141 1122 λαῷ
1165 1058 1369 1121 αὑτοῦ,
1402 1056 1649 1125 καθάπερ
1678 1054 1769 1108 καὶ
1802 1053 1961 1114 αὐτὸς
1982 1051 2100 1104 ἐλε-

534 1163 629 1212 γεν
649 1162 661 1175 ·
698 1146 818 1198 Οὐκ
842 1139 1051 1212 ἦλθον,
1085 1142 1185 1193 ἵνα
1221 1141 1399 1208 κρίνω
1424 1139 1530 1192 τὸν
1556 1139 1804 1206 κόσμον,
1834 1136 1971 1190 ἀλλ’
2001 1136 2101 1188 ἵνα

536 1232 714 1280 σώσω
745 1226 851 1279 τὸν
894 1226 1141 1293 κόσμον.
1195 1223 1409 1293 Ἐπειδὴ
1448 1223 1554 1292 γὰρ
1587 1219 2049 1290 παραϐαινόμενοξ
2072 1229 2097 1257 ⁸

535 1311 563 1361 ὁ
592 1309 750 1378 νόμος
778 1306 1032 1369 ἐκόλαζεν
1058 1322 1071 1336 ο
1117 1307 1169 1358 '0
1202 1305 1309 1373 γὰρ
1334 1305 1515 1371 νόμος
1552 1304 1757 1373 ὀργὴν,
1793 1303 1944 1371 φησι,
1974 1316 2101 1352 κατ-

535 1388 829 1456 εργάζεται
853 1408 866 1421 ·
899 1385 969 1443 οὗ
996 1388 1105 1457 γὰρ
1134 1390 1243 1442 οὐκ
1279 1387 1410 1441 ἐστι
1441 1388 1642 1455 νόμος,
1672 1384 1813 1438 οὐδὲ
1840 1381 2100 1451 παράϐα-

538 1488 668 1535 σις·
721 1473 833 1532 καὶ,
869 1470 1094 1534 Πάντες
1130 1470 1397 1538 ἥμαρτον
1439 1471 1534 1521 καί
1573 1467 1963 1535 ὑστεροῦνται
1993 1464 2103 1532 τῆς

538 1554 720 1621 δόξης
755 1554 860 1607 τοῦ
896 1553 1060 1615 Θεοῦ,
1101 1552 1495 1619 δικαιούμενοι
1532 1550 1757 1618 δωρεὰν
1800 1548 1873 1616 τῇ
1916 1547 2101 1601 αὐτοῦ

537 1636 731 1707 χάριτι
755 1654 767 1666 ο
794 1628 1054 1690 διὰταύτο
1082 1634 1252 1698 οὕτως
1279 1630 1427 1687 εἷπε·
1450 1634 1758 1702 Λύτρωσιν
1786 1630 2103 1685 ἀπέστειλε

539 1724 751 1789 Κύριος
781 1720 861 1784 τῷ
896 1720 1022 1785 λαῷ
1052 1720 1259 1773 αὐτοῦ.

609 1805 681 1874 η’.
700 1804 835 1857 Ἀλλ’
853 1805 999 1872 ὅμως
1018 1804 1132 1856 οὐδὲ
1153 1805 1184 1871 ἡ
1211 1801 1472 1872 λύτρωσις
1485 1799 1690 1863 ἁπλῶς,
1707 1799 1839 1852 ἀλλά
1858 1796 1992 1867 μετὰ
2007 1795 2102 1867 τὴν

538 1886 805 1957 λύτρωσιν
838 1888 928 1939 καὶ
960 1886 1141 1956 νόμος.
1171 1886 1255 1937 ἵνα
1281 1884 1377 1954 τῆς
1403 1884 1621 1953 χάριτος
1645 1882 1801 1948 ἀξίαν
1832 1878 2104 1943 ἐπιδειξὼ-

542 1969 679 2040 μεθα
729 1971 827 2025 τὴν
860 1970 1149 2022 πολιτείαν.
1186 1969 1380 2036 ’Άγιον
1417 1967 1514 2019 καὶ
1542 1965 1795 2033 φοϐερὸν
1818 1964 1883 2017 τὸ
1919 1963 2105 2031 ὄνομα

539 2053 743 2107 αὑτοῦ.
786 2053 1002 2123 Ἐπειδὴ
1027 2054 1133 2123 γὰρ
1164 2051 1442 2120 ἐνενόησεν
1470 2051 1685 2103 ᾶπαντα
1712 2048 1780 2102 τά
1800 2048 2102 2117 ἀνακηρύτ-

538 2154 696 2189 τοντα
734 2136 896 2189 αὐτοῦ
946 2137 1044 2207 τὴν
1085 2134 1426 2205 κηδεμονίαν,
1473 2135 1571 2204 τὴν
1604 2131 1875 2202 πρόνοιαν,
1918 2130 2014 2200 τὴν
2046 2130 2104 2182 ἐν

539 2222 605 2290 τῇ
638 2219 867 2289 Παλαιᾷ,
893 2218 989 2289 τὴν
1020 2222 1075 2271 ἐν
1108 2221 1173 2288 τῇ
1203 2218 1398 2288 Καινῇ,
1428 2215 1526 2286 τὴν
1556 2217 1613 2268 ἐν
1633 2220 1745 2277 τοῖς
1774 2213 1971 2284 ἔργοις,
2005 2213 2104 2283 τὴν

538 2303 629 2356 διὰ
662 2301 769 2354 τῶν
799 2300 1046 2363 ἐντολῶν,
1076 2300 1172 2369 τὴν
1189 2300 1273 2352 διὰ
1299 2299 1405 2351 τῶν
1429 2297 1738 2368 θαυμάτων,
1764 2296 1863 2366 τὴν
1883 2293 1969 2347 διά
1998 2294 2105 2346 τῶν

539 2385 858 2455 τεραστίων,
908 2383 1092 2447 ἔνθους
1132 2382 1438 2453 γενόμενος,
1481 2381 1574 2434 καὶ
1612 2378 1905 2446 ἐκπλαγεὶς
1939 2376 2103 2431 αὐτοῦ

542 2469 638 2539 τὴν
663 2466 1069 2538 μεγαλωσύνην,
1095 2468 1172 2530 εἰς
1201 2464 1503 2533 δοξολογίαν
1527 2462 1780 2517 καταλύει
1804 2461 1895 2514 τὸν
1927 2460 2101 2528 λόγον,

544 2551 710 2623 ὕμνον
744 2549 1027 2620 ἀναφέρων
1062 2551 1142 2611 είς
1170 2548 1259 2601 τὸν
1294 2547 1464 2600 ταῦτα
1497 2545 1853 2616 πεποιηκότα.
1898 2544 2107 2611 Ἀγιον

543 2635 641 2689 καὶ
669 2632 918 2703 φοϐερὸν
955 2632 1019 2684 τὸ
1069 2630 1254 2699 ὄνομα
1289 2628 1473 2683 αὐτοῦ
1501 2645 1514 2658 ·
1565 2628 1857 2692 τουτέστιν,
1904 2625 2106 2695 ἐκπλή-

545 2718 678 2785 ξεως
707 2717 892 2787 γέμον,
918 2713 1189 2783 θαύματος
1223 2712 1437 2766 πολλοῦ.
1471 2712 1533 2763 Εἰ
1560 2711 1615 2763 δέ
1637 2710 1698 2763 τὸ
1717 2709 1885 2781 ὄνομα
1912 2707 2127 2777 αὐτοῦ,⁸

544 2802 693 2870 πόσῳ
721 2800 915 2869 μᾶλλον
945 2800 978 2867 ή
1004 2796 1193 2859 οὐσίας
1234 2793 1357 2857 Πῶς
1381 2795 1437 2847 δὲ
1462 2793 1521 2846 τὸ
1544 2793 1714 2862 δνομα
1746 2792 1909 2845 αὐτοῦ
1951 2793 2105 2859 ἆγιον

544 2885 635 2937 καὶ
674 2882 938 2951 φοϐερόν;
1012 2878 1267 2948 Δαίμονες
1309 2877 1438 2931 αὐτὸ
1483 2877 1781 2946 τρέμουσι,
1828 2877 2106 2946 νοσήματα

545 2965 673 3018 αὐτὸ
701 2964 920 3026 δέδοικε,
947 2961 1119 3031 τούτῳ
1152 2960 1474 3030 κεχρημένοι
1501 2959 1578 3029 τῷ
1618 2958 1838 3028 ὀνόματι
1883 2960 1936 3011 οί
1969 2958 2105 3011 ἁπό-

547 3049 718 3102 στολοι
743 3048 840 3118 τὴν
864 3044 1187 3115 οἰκουμένην
1211 3042 1575 3114 κατώρθωσαν
1601 3042 1881 3110 ἅπασαν-δ.
1922 3041 2108 3112 Τούτῳ

544 3134 573 3185 ὁ
604 3128 761 3184 Δαυῒδ
789 3129 909 3183 ἀντὶ
939 3127 1100 3181 ὅπλου
1132 3127 1495 3198 χρησάμενος,
1536 3127 1626 3178 τὸν
1657 3125 1927 3196 βάρϐαρον
1968 3127 2109 3178 ἐκεῖ·

544 3231 634 3267 νον
666 3213 966 3284 κατήνεγκε
994 3227 1010 3244 ·
1067 3211 1241 3281 τούτῳ
1267 3210 1335 3263 τά
1382 3210 1549 3279 μυρία
1596 3208 1925 3279 κατωρθώοη
1968 3208 2109 3278 πρά-

545 3314 730 3367 γματα
752 3313 767 3326 ·
802 3295 977 3365 τούτῳ
1003 3295 1101 3366 τὴν
1126 3295 1275 3365 ἱεράν
1305 3292 1803 3364 μυσταγωγούμεθα
1825 3308 2107 3361 μυσταγω-

546 3380 690 3447 γίαν.
709 3377 932 3431 Ἐννοῶν
953 3378 1126 3431 τοίνυν
1154 3378 1253 3429 ὅσα
1282 3376 1568 3446 ἐργάζεται
1592 3375 1840 3445 θαύματα
1859 3373 1918 3426 τὸ
1940 3373 2109 3443 ὄνομα

547 3460 733 3523 αὐτοῦ,
759 3462 888 3522 ὅσας
912 3459 1249 3530 εὐεργεσίας,
1284 3459 1398 3521 πῶς
1429 3459 1554 3522 τούς
1586 3457 1857 3520 ἐναντίους
1883 3456 2106 3518 διαλύει,

548 3544 665 3607 πῶς
688 3545 812 3605 τοὺς
840 3543 1071 3605 οἰκείους
1102 3542 1474 3611 ἀσφαλίζεται,
1523 3542 1616 3595 καὶ
1647 3542 1944 3611 πράγματα
1975 3540 2108 3593 ἀνα-

548 3626 886 3696 λογιζόμενος
938 3624 1329 3695 ὐπερϐαίνοντα
1373 3624 1586 3693 φύσεως
1629 3624 1965 3685 ἀκολουθίαν,
2015 3623 2110 3676 καὶ

548 3709 779 3764 νικῶντα
800 3708 1054 3779 λογισμὸν
1087 3705 1406 3777 ἀνθρώπων,
1436 3707 1595 3775 φησίν
1617 3722 1629 3735 ’
1662 3706 1857 3775 Ἀγιον
1876 3707 1973 3760 καί
2001 3724 2108 3774 φο-

548 3792 721 3860 ϐερόν
752 3792 816 3845 τὸ
853 3791 1039 3860 ὄνομα
1072 3789 1278 3843 αὐτοῦ.
1344 3790 1406 3841 Εἰ
1455 3790 1512 3842 δὲ
1542 3790 1714 3857 ἅγιον,
1745 3790 1915 3857 ἁγίων
1942 3790 2109 3843 δεῖται

551 3877 832 3948 στομάτων
858 3876 992 3947 πρὸς
1022 3873 1362 3944 ὑμνο).ογίαν,
1390 3873 1559 3941 ἁγίων
1587 3873 1680 3926 καὶ
1710 3873 1981 3942 καθαρῶν.

617 3961 789 4031 Ἀρχὴ
817 3960 1039 4028 σοφίας
1057 3959 1240 4027 φόϐος
1268 3957 1507 4024 Κυρίου.
1538 3957 1791 4021 Σύνεσις
1820 3955 1887 4008 δὲ
1917 3956 2107 4027 ἀγαθὴ

548 4044 700 4098 πᾶσι
731 4043 853 4108 τοῖς
881 4042 1160 4095 ποιοῦσιν
1183 4039 1395 4107 αὐτήν.
1421 4040 1485 4099 Τέ
1515 4041 1677 4103 ἐστιν,
1714 4039 1900 4108 ἀρχῆς
1931 4039 2108 4109 Πηγὴ,

552 4127 695 4194 ῥίζα,
734 4124 1003 4187 ὑπόθεσις.
1053 4122 1267 4194 Ἐπειδὴ
1297 4120 1404 4192 γὰρ
1430 4121 1664 4174 τοσαῦτα
1693 4121 1785 4174 καὶ
1815 4121 2111 4193 τηλικαῦτα

550 4205 669 4262 εἷπε
705 4209 832 4279 περὶ
861 4206 952 4260 τοῦ
989 4207 1087 4276 τῆς
1125 4206 1445 4276 οἰκουμένης
1475 4206 1761 4270 Δεσπότου,
1797 4206 1892 4259 καὶ
1917 4206 2112 4260 τοσαύ-

550 4282 649 4362 της
677 4289 988 4361 ἐκπλήξεως
1019 4288 1171 4361 [276]
1208 4286 1531 4359 ἐνεπλήσθη,
1562 4288 1755 4356 ἐπάγει
1797 4287 1955 4341 τοῦτο
1982 4289 2111 4343 ἁκο-

550 4374 772 4437 λούθως,
802 4374 982 4426 λοιπὸν
1007 4373 1239 4436 δεικνὺς,
1267 4372 1347 4425 ὅτι
1380 4374 1407 4424 ὁ
1431 4370 1618 4423 τοῦτον
1648 4370 1976 4442 φοϐούμενος
2006 4373 2111 4426 πά·

554 4474 652 4537 σης
677 4455 1051 4526 ἐμπίμπλαται
1085 4453 1296 4523 σοφίας,
1345 4455 1440 4506 καὶ
1473 4454 1685 4518 συνετὸς
1717 4455 1945 4523 γίνεται.
1980 4453 2112 4510 Εἶτα

553 4528 651 4587 ἴνα⁸
675 4539 746 4606 μή
779 4551 861 4597 τις
886 4534 1077 4603 νομίσῃ
1121 4531 1278 4603 μέχρι
1310 4532 1406 4601 τῆς
1433 4531 1687 4600 γνώσεως
1724 4528 1863 4586 εἶναι
1907 4533 1974 4586 τὰ
2010 4535 2110 4604 τῆς

553 4614 770 4683 σοφίας,
823 4614 1093 4683 ὲπήγαγε’
1154 4611 1418 4677 Σύνεσιςξ
1447 4610 1516 4663 δὲ
1555 4610 1746 4680 ἀγαθὴ
1791 4611 1943 4666 πᾶσι
1988 4614 2111 4679 τοῖς

551 4695 831 4749 ποιοῦσιν
848 4695 1059 4760 αὐτήν.
1088 4694 1161 4747 Οὐ
1189 4693 1297 4763 γὰρ
1317 4693 1476 4763 ἀρκεῖ
1500 4694 1700 4757 πίστις,
1731 4694 1796 4747 ἂν
1825 4694 1898 4766 μή
1934 4699 2108 4768 προσῇ

549 4782 647 4831 καὶ
679 4777 919 4832 πολιτεία
963 4779 1026 4846 τῇ
1068 4776 1245 4828 πίστει
1284 4775 1669 4845 συμϐαίνουσα.
1722 4776 1848 4841 Πῶς
1883 4778 1938 4831 δὲ
1969 4779 2110 4851 ἀρχὴ

552 4859 739 4928 σοφίας
768 4858 928 4928 φόϐος
959 4857 1199 4929 Κυρίους
1241 4858 1426 4929 Πάσης
1463 4858 1789 4913 ἀπαλλάττει
1824 4861 2108 4931 πονηρίας,

551 4945 728 4997 πᾶσαν
760 4943 959 5013 ἀρετὴν
988 4941 1261 5012 κατορθοῖ.
1309 4941 1507 5010 Σοφίαν
1536 4943 1594 4995 δέ
1624 4944 1686 4995 οὐ
1717 4943 1815 5014 τὴν
1844 4947 1902 4997 ἐν
1933 4947 2111 5017 ῥήμα-

557 5045 656 5091 τιν,
683 5026 817 5079 ἀλλὰ
837 5026 932 5095 τὴν
958 5025 1016 5077 ἐν
1046 5025 1332 5094 πράγμασι
1356 5024 1521 5093 λέγει.
1560 5026 1710 5079 Ἐπεὶ
1730 5027 1823 5080 καὶ
1844 5029 1893 5079 οἱ
1914 5027 2110 5091 ἔξωθεν

552 5111 742 5179 σοφίαν
766 5109 923 5162 τοῦτο
946 5107 1229 5178 ὡρίσαντο,
1266 5106 1422 5162 θείων
1464 5108 1557 5161 καὶ
1588 5109 1939 5180 ἀνθρωπίνων
1971 5127 2111 5182 πρα-

551 5196 773 5263 γμάτων
821 5192 1127 5259 διάγνωσιν.
1186 5190 1399 5260 Ταύτην
1448 5191 1504 5244 δὲ
1552 5192 1648 5263 τὴν
1702 5193 1897 5264 τέχνην
1949 5196 1977 5246 ὁ
2015 5195 2109 5248 τοῦ

551 5276 684 5331 Θεοῦ
725 5276 885 5347 φόϐος
913 5274 1169 5338 διδάσκει,
1212 5275 1472 5346 πονηρίαν
1502 5274 1725 5343 ἀνελὼν,
1773 5277 1971 5349 ἀρετὴν
2010 5295 2107 5347 φυ.

614 5433 639 5461 ⁸
662 5431 786 5493 Reg.
808 5428 1192 5495 παραγενόμενος.
1218 5426 1316 5478 Sed
1336 5433 1537 5490 prastat
1557 5429 1706 5480 lectio
1736 5430 1856 5480 editi
1876 5434 2112 5496 παραϐαι-

552 5510 758 5549 νομενος.

610 5510 932 5619 ξιξῖοιὶδουε
973 5552 1221 5602 Hervelus
1262 5552 1399 5619 hunc.
1434 5551 1592 5601 locum
1617 5557 1854 5614 verterat,
1882 5568 1969 5619 per
2000 5555 2110 5607 uni-

550 5629 742 5666 versum
785 5617 948 5665 orbem
970 5619 1122 5678 terra:
1166 5627 1228 5678 se_
1250 5612 1484 5678 prwclqre
1522 5620 1783 5678 gesserunt.
1822 5612 1918 5665 σόη
1953 5621 2111 5667 anim-

552 5681 817 5728 advertens
856 5677 1172 5743 κατώρθωσαν
1217 5672 1297 5723 hic
1336 5672 1495 5723 active
1522 5672 1743 5743 'ppsilum
1770 5678 1857 5743 τὴν
1890 5682 2113 5743 οικσυμέ.

553 5756 636 5792 νην
656 5751 850 5799 regere,
899 5735 1288 5799 vertendumque
1312 5747 1443 5796 esse,
1484 5735 1760 5788 universum
1782 5740 1944 5794 orbem
1967 5735 2113 5794 m‘rw

551 5814 578 5850 ε
579 5813 636 5850 ον
639 5805 879 5852 rexerant.

1242 359 1301 413 S.
1334 355 1617 412 JOANNIS
1648 351 2129 411 CIIRYSOSTOMI
2170 348 2484 405 ARCHIEP.
2527 342 3074 403 CONSTANTINOP.

3663 340 3769 397 290

2206 468 2397 532 τεύων,
2419 465 2525 519 τῶν
2555 463 2836 535 παρόντων
2864 461 3135 533 ὑπερορᾷν
3165 453 3615 529 παρασκευάζων,
3635 457 3770 525 πρὸς

2205 553 2295 606 τὸν
2314 550 2538 624 οὐρανὸν
2559 549 2834 620 μεθιστάς.
2860 547 2924 599 Τί
2943 546 2999 599 δέ
3019 546 3122 614 τῆς
3140 541 3393 612 τοιαύτης
3405 540 3581 610 ψυχῆς
3598 538 3773 624 σοφώο

2206 653 2359 707 τερον
2429 635 2502 687 Οὐ
2521 635 2610 687 τὸν
2630 632 2901 703 ἀκροατὴν
2925 630 2982 683 δὲ
3010 627 3241 682 ἐνταῦθα
3265 626 3414 693 ζητεῖ
3435 625 3613 707 μόνον,
3637 623 3773 707 ἀλλά

2208 704 2299 772 καλι
2344 717 2435 770 τὸν
2479 717 2724 786 ποιητήν.
2774 715 3027 778 Σύνεσις
3080 710 3148 764 δὲ
3199 707 3391 779 ἀγαθὴ
3447 705 3597 761 πᾶσι
3652 704 3775 771 τοῖς

2207 800 2489 854 ποιοῦσιν
2522 797 2731 863 αὐτήνσ
2763 796 3030 861 τουτέστι,
3055 796 3164 857 τοῖς
3199 790 3408 845 ποιοῦσι
3440 790 3535 861 τήν
3561 790 3771 858 σοφίαν,
3831 851 3838 857 ,

2210 885 2303 938 καὶ
2330 884 2415 937 διὰ
2442 884 2548 936 τῶν
2598 882 2772 952 ἔργων
2806 878 3287 948 ἐπιδεικνυμένοις,
3336 875 3547 936 σύνεσις
3570 872 3769 942 ἀγαθή.

2208 970 2479 1033 Σύνεσις,
2515 962 2684 1029 εἶπεν,
2711 964 2923 1034 ἀγαθὴ,
2950 963 3029 1014 δτι
3050 963 3163 1015 ἐστι
3183 961 3275 1014 καὶ
3298 960 3512 1021 σύνεσις
3540 955 3772 1027 πονηρὰ,

2207 1051 2282 1114 ὡς
2326 1053 2452 1105 ὅταν
2496 1050 2629 1121 λέγῃ
2654 1066 2665 1080 ’
2707 1051 2889 1118 Σοφοί
2914 1050 3031 1101 εἰσι
3072 1045 3177 1100 τοῦ
3216 1041 3614 1109 κακοποιῆσαι
3643 1058 3657 1071 ·
3708 1040 3773 1093 τὸ

2209 1134 2278 1187 δὲ
2313 1135 2503 1188 καλὸν
2537 1132 2785 1200 ποιῆσαι
2814 1133 2923 1185 οὐκ
2961 1130 3256 1199 ἔγνωσαν.
3308 1126 3446 1180 Ἀλλ’
3485 1124 3646 1188 αὐτὸς
3678 1123 3775 1195 τὴν

2210 1217 2302 1270 ἐπὶ
2328 1220 2426 1287 τῆς
2461 1218 2660 1286 ἀρετῆς
2690 1215 2901 1267 σύνεσιν
2931 1213 3097 1283 ζητεῖ.

2293 1300 2353 1353 Ἠ
2379 1301 2613 1363 αἷνεσις
2644 1296 2828 1351 αὑτοῦ
2849 1296 3017 1365 μένει
3044 1297 3131 1359 είς
3158 1293 3264 1346 τὸν
3294 1289 3479 1344 αἰῶνα
3511 1290 3616 1343 τοῦ
3644 1288 3777 1342 αἰῶ-

2208 1397 2333 1445 νος.
2364 1381 2499 1433 Ποία
2521 1381 2756 1443 αἴνεσιςς
2792 1378 2911 1432 εἰπέ
2946 1394 3055 1448 μοι.
3105 1377 3167 1428 Ἥ
3196 1373 3530 1443 εὐχαριστία,
3559 1374 3592 1443 ή
3629 1372 3773 1436 δοξοο

2211 1471 2386 1539 λογία,
2419 1474 2452 1541 ή
2484 1472 2569 1524 διὰ
2600 1471 2708 1523 τῶν
2731 1471 2905 1540 ἔργων
2936 1468 3198 1537 γενομένη
3233 1466 3515 1527 ἀθάνατος,
3550 1463 3643 1518 καὶ
3673 1461 3779 1534 πρὸ

2209 1555 2433 1613 τούτων.
2478 1553 2615 1624 αὐτὴ
2653 1556 2686 1623 ἡ
2736 1556 2802 1623 τῇ
2852 1551 3008 1620 οὐσία
3053 1549 3215 1603 αὐτοῦ
3257 1546 3774 1617 συγκεκληρωμένη.

2224 1638 2513 1699 ’Λθάνατος
2558 1636 2654 1706 μὲν
2698 1636 2807 1707 γὰρ
2838 1636 2866 1688 ό
2895 1633 3046 1699 Θεὸς,
3073 1633 3166 1687 καὶ
3201 1632 3322 1686 καθ’
3354 1630 3540 1685 ἐαυτὸν
3577 1629 3778 1700 σφόδρα

2211 1720 2420 1783 αἰνετός
2442 1737 2455 1750 ·
2486 1719 2694 1782 αἰνετὸς
2724 1719 2781 1771 δέ
2817 1718 2908 1772 καὶ
2945 1720 3071 1771 ὅταν
3110 1718 3365 1786 ἐννοήσῃς
3404 1714 3498 1785 τὴν
3531 1714 3778 1785 μεγαλω-

2215 1805 2378 1874 σύνην
2406 1803 2569 1857 αὐτοῦ
2603 1804 2697 1856 καὶ
2721 1807 2791 1856 τά
2813 1802 2946 1857 ἄλλα
2971 1802 3145 1861 πάντα
3164 1814 3179 1828 ·
3206 1800 3411 1863 αἰνετδς
3437 1799 3529 1851 καὶ
3555 1797 3642 1850 διὰ
3670 1797 3780 1850 τῶν

2212 1888 2409 1958 ἔργων,
2437 1889 2563 1940 ὃταν
2606 1886 2720 1959 ίδης
2749 1885 2915 1940 αὐτοῦ
2938 1884 3036 1956 τὴν
3069 1883 3254 1953 σοφίαν
3297 1883 3385 1936 διὰ
3422 1882 3530 1936 τῶν
3565 1882 3777 1951 ὁρωμέ·

2213 1990 2339 2026 νων.
2391 1971 2572 2025 Ταῦτα
2617 1971 2672 2024 δέ
2722 1970 2868 2039 λέγει
2910 1971 2989 2033 εἰς
3035 1967 3381 2039 εὐχαριστίαν
3432 1966 3778 2037 προτρέπων,

2214 2056 2307 2107 καὶ
2339 2055 2550 2117 δεικνὺς
2584 2054 2839 2123 οὐδεμιᾶς
2865 2051 3188 2122 συγγνώμης
3220 2050 3379 2113 ὄντας
3417 2050 3619 2116 ἀξίους,
3658 2049 3781 2103 οὐδὲ

2212 2137 2310 2205 τῆς
2360 2137 2647 2206 τυχούσης,
2700 2137 2825 2199 τοὺς
2866 2134 3307 2205 δυσχεραίνοντας
3342 2131 3478 2204 πρὸς
3522 2132 3590 2185 τὰ
3629 2131 3783 2201 γενό-

2218 2236 2372 2290 μενα.
2402 2219 2569 2272 Ὅταν
2603 2218 2712 2289 γὰρ
2735 2221 2768 2287 ή
2798 2219 2999 2280 αίνεσις
3028 2214 3223 2279 αὐτοῦ,
3253 2216 3347 2268 καὶ
3373 2216 3406 2284 ή
3443 2214 3777 2285 εὐχαριστία,

2215 2302 2310 2355 καὶ
2337 2304 2370 2373 ὴ
2400 2301 2673 2369 δοξολογία
2711 2300 2883 2363 οὓτως
2915 2296 2948 2369 ᾖ
2985 2299 3212 2369 φανερὰ,
3242 2299 3335 2352 καί⁵
3358 2296 3521 2367 δήλη,
3552 2297 3644 2351 καὶ
3686 2313 3784 2350 σα-

2216 2386 2341 2455 φὴς.
2369 2387 2462 2438 καὶ
2499 2386 2788 2454 ἀκίνητος,
2831 2384 2924 2437 καὶ
2970 2384 3271 2452 πεπηγυῖα,
3314 2381 3409 2435 καὶ
3445 2381 3663 2452 μονίμη⁹
3706 2381 3783 2444 ὡς

2215 2469 2310 2521 καὶ
2368 2466 2633 2530 ἀθάνατος
2682 2464 2821 2519 εἰναι
2843 2504 2857 2528 ,
2906 2465 3207 2535 ἀπέραντος
3263 2464 3356 2517 καὶ
3412 2462 3781 2526 ἀτελεύτητος,

2215 2552 2408 2604 ἐκεῖνοι
2441 2550 2497 2603 δέ
2541 2549 2740 2617 ταύτην
2771 2547 3086 2616 ἀγνοοῦντες
3129 2546 3383 2599 τάναντία
3414 2545 3783 2614 φθέγγωνται·

2214 2634 2368 2688 οὐδὲν
2390 2633 2476 2686 έτε
2486 2649 2576 2704 ρον
2598 2632 2632 2703 ἢ
2655 2631 2793 2702 πρὸς
2811 2630 2878 2683 τὰ
2901 2630 3052 2700 ἡλίου
3081 2629 3282 2700 σφόδρα
3313 2629 3622 2697 σαφέστερα
3645 2627 3787 2681 ἀντι-

2214 2715 2463 2784 λέγουσι,
2492 2714 2585 2767 καί⁸
2617 2714 2833 2776 ἐκόντες
2865 2713 3284 2782 τυφλώττουσιν.
3315 2711 3449 2765 Οὐδὲ
3481 2712 3588 2783 γὰρ
3613 2710 3784 2782 πρόσ-

2216 2799 2404 2872 καιρός
2437 2799 2605 2860 ἐστιν,
2647 2797 2732 2850 ἵνα
2767 2797 3124 2866 ἀγνοήσωσιν.
3157 2794 3280 2848 οὐτε
3313 2794 3539 2866 ἀμαυρά
3571 2811 3653 2857 τις
3690 2792 3786 2847 καὶ

2216 2880 2461 2951 ἀσαφὴς,
2509 2879 2645 2932 ἀλλά
2670 2880 2761 2932 καὶ
2790 2878 2944 2950 δήλη,
2987 2879 3082 2931 καὶ
3120 2879 3368 2948 διηνεκὴς
3406 2876 3499 2930 καὶ
3526 2876 3786 2939 ἀθάνατος

2217 2964 2304 3017 ἀεὶ
2330 2964 2589 3034 μένουσα,
2621 2961 2715 3015 καὶ
2736 2960 2887 3025 τέλος
2912 2961 3163 3014 οὐδέποτε
3199 2960 3411 3031 ἐχουσα.

2598 3089 2706 3142 ΕΙΣ
2742 3088 2879 3141 TON
2916 3088 3043 3141 PlA'
3081 3088 3397 3142 ΨΑΔΜΟΝ.

2332 3196 2633 3264 Μακάριος
2654 3193 2815 3263 ἀνὴρ
2848 3197 2881 3248 ό
2907 3195 3274 3264 φοϐούμενος
3302 3195 3410 3248 τὸν
3428 3196 3664 3264 Κύριον.

2288 3294 2360 3348 α’.
2376 3294 2587 3365 Σφόδρα
2610 3290 2950 3363 μοιδοκεῖτῷ
2966 3292 3108 3344 τέλει
3130 3291 3223 3345 τοῦ
3237 3292 3343 3365 πρὸ
3370 3292 3556 3347 τούτου
3574 3293 3788 3366 ψαλμοῦ

2217 3377 2442 3432 ἕπεσθαι
2467 3377 2528 3429 τὸ
2561 3377 2864 3446 προοίμιον,
2888 3375 2982 3428 καί⁵
3012 3374 3198 3448 ὥσπερ
3225 3376 3282 3429 ἐν
3310 3375 3468 3447 σῶμα
3497 3373 3632 3431 εἶναι
3659 3394 3788 3431 συν-

2218 3460 2342 3531 εχὲς
2370 3460 2463 3513 καὶ
2512 3458 2852 3529 συνημμένον
2919 3460 3065 3512 Ἐκεῖ
3094 3460 3192 3529 μὲν
3224 3460 3330 3531 γάρ
3359 3477 3523 3531 φησιν
3542 3501 3557 3527 ,
3605 3459 3785 3530 Ἀρχὴ

2218 3546 2439 3613 σοφίας
2460 3545 2643 3612 φόϐος
2672 3544 2893 3611 Κυρίου
2910 3558 2923 3571 ·
2951 3543 3185 3597 ἐνταῦθα
3213 3545 3291 3607 δὲ,
3309 3544 3613 3614 Μακάριος
3628 3545 3786 3615 ἀνὴρ

2219 3630 2251 3680 ό
2274 3626 2639 3694 φοϐούμενος
2658 3624 2765 3678 τὸν
2792 3626 3030 3692 Κύριον,
3055 3626 3263 3697 ἑτέροις
3291 3627 3387 3698 μὲν
3417 3630 3644 3701 ῥήμασι,
3674 3632 3787 3692 τοῖς

2218 3710 2274 3762 δὲ
2319 3708 2500 3772 αὐτοῖς
2545 3709 2780 3777 νοήμασι
2830 3709 3098 3762 παιδεύων
3147 3709 3241 3762 τοῦ
3292 3710 3423 3764 Θεοῦ
3468 3712 3557 3764 τὸν
3600 3713 3782 3779 φόϐον.

2232 3792 2378 3845 Ἐκεῖ
2409 3791 2503 3860 μέν
2532 3789 2639 3860 γὰρ
2674 3789 2832 3843 αὐτὸν
2865 3790 3026 3859 σοφὸν
3051 3790 3250 3861 ἔφησεν
3277 3788 3412 3847 εἶναι
3433 3810 3446 3823 ·
3475 3794 3702 3850 ἐνταῦθα
3728 3796 3787 3850 δέ

2225 3871 2379 3945 [277]
2412 3872 2680 3943 μακάριον
2699 3889 2712 3903 ⁸
2748 3872 2809 3926 τὸ
2840 3873 2894 3926 δὲ
2919 3873 3088 3937 ὅντως
3120 3876 3384 3944 μακάριον
3416 3874 3590 3940 τοῦτο,
3622 3878 3696 3943 ὡς
3717 3879 3787 3935 τά

2218 3973 2283 4025 γε
2309 3955 2444 4009 ἄλλα
2474 3957 2652 4009 πάντα
2694 3956 2989 4026 ματαιότης
3030 3959 3123 4009 καὶ
3155 3957 3281 4011 σκιὰ
3304 3999 3319 4023 ,
3350 3959 3443 4012 καί.
3486 3959 3616 4029 ψιλά
3644 3961 3786 4033 πρά-

2218 4055 2433 4110 γματα’
2482 4038 2584 4092 κᾶν
2633 4038 2862 4092 πλοῦτον
2907 4038 3088 4110 εἴπῃς,
3152 4041 3255 4094 κᾶν
3302 4040 3637 4107 δυναστείαν,
3682 4043 3785 4099 κᾶν

2222 4120 2468 4192 σώματος
2508 4120 2685 4192 ὤραν,
2730 4120 2832 4175 κᾶν
2877 4123 3169 4192 χρημάτων
3211 4122 3518 4194 περιϐολήν.
3562 4125 3785 4191 Φύλλοις

2218 4204 2327 4274 γάρ
2353 4203 2495 4257 ἔοικε
2520 4204 2940 4268 καταπίπτουσι,
2977 4205 3068 4257 καὶ
3094 4208 3270 4269 σκιαῖς
3295 4207 3780 4278 παρατρεχούσαις,

2220 4288 2314 4340 καὶ
2352 4287 2622 4356 ὀνείρασιν
2654 4287 3070 4358 ἀφιπταμένοις.
3101 4288 3174 4341 Τὸ
3201 4288 3257 4341 δὲ
3304 4289 3474 4353 ὅντως
3519 4292 3784 4364 μακάριον

2219 4370 2395 4425 τοῦτο.
2441 4367 2574 4423 Εἶτα
2594 4410 2609 4431 ,
2636 4371 2823 4440 ἐπειδὴ
2859 4370 2951 4423 καὶ
2980 4369 3231 4440 δαίμονες
3269 4371 3566 4427 δεδοίκασιν
3598 4374 3778 4439 αὐτὸν,

2221 4454 2316 4507 καὶ
2344 4452 2656 4523 φρίττουσιν
2674 4492 2689 4516 ,
2735 4454 2822 4507 ἵνα
2878 4454 2951 4524 μὴ
2975 4455 3202 4528 νομίσῃς
3230 4455 3385 4510 τοῦτο
3411 4458 3568 4529 μόνον
3595 4461 3782 4532 ἀρκεῖν

2220 4538 2299 4599 εἰς
2324 4536 2615 4606 σωτηρίαν,
2647 4537 2783 4607 ὅπερ
2810 4538 2921 4591 ἄνω
2943 4538 3226 4609 πεποίηκε,
3248 4539 3405 4594 τοῦτο
3431 4542 3522 4595 καὶ
3552 4543 3783 4598 ἐνταῦθα

2220 4621 2381 4672 ποιεῖ.
2428 4619 2692 4689 Καθάπερ
2722 4619 2829 4690 γὰρ
2856 4622 2971 4673 ἐκεῖ
3005 4620 3195 4687 εἰπὼν,
3228 4623 3399 4691 Ἀρχὴ
3426 4626 3645 4694 σοφίας
3671 4627 3783 4695 pd.

2221 4702 2321 4768 ϐος
2354 4702 2593 4769 Κυρίου,
2634 4702 2910 4770 ἐπήγαγε·
2939 4704 3193 4771 Σύνεσις
3233 4706 3423 4775 ἀγαθὴ
3458 4706 3609 4763 πᾶσι
3658 4709 3783 4777 τοῖς

2219 4783 2498 4837 ποιοῦσιν
2545 4783 2769 4851 αὐτὴν,
2807 4787 2917 4848 τοῖς
2960 4785 3188 4857 δόγμασι
3223 4788 3321 4858 τὴν
3384 4789 3783 4861 συμϐαίνουσαν

2219 4866 2490 4919 πολιτείαν
2528 4866 2808 4936 ἀναρτῶνο
2832 4867 2976 4920 οὓτω
3005 4866 3067 4939 δὴ
3095 4872 3187 4923 καὶ
3217 4870 3466 4937 ἐνταῦθα,
3497 4872 3663 4929 εἰπὼν
3688 4874 3777 4927 τὸν

2220 4948 2402 5018 φόϐον,
2426 4949 2525 5001 οὐκ
2553 4951 2754 5003 ἐκεῖνον
2786 4949 2945 5019 μόνον
2969 4950 3113 5020 λέγει
3140 4953 3230 5006 τὸν
3257 4955 3363 5008 ἀπὸ
3382 4956 3479 5027 τῆς
3507 4956 3779 5024 γνώσεως,

2217 5032 2277 5085 ὃν
2299 5033 2393 5085 καὶ
2422 5031 2671 5102 δαίμονες
2701 5032 2913 5102 ἔχουσιν
2936 5048 2949 5065 ο
2977 5034 3112 5086 ἀλλά
3139 5036 3410 5090 καὶτοῦτο
3432 5032 3782 5111 προστίθησιν

2219 5112 2389 5182 λέγων
2433 5114 2536 5167 Ἐν
2569 5112 2700 5179 ταῖς
2726 5115 3001 5181 ἐντολαῖς
3034 5116 3220 5171 αὐτοῦ
3245 5120 3485 5185 θελήσει
3525 5122 3778 5191 σφόδρα.

2220 5196 2389 5250 Τοῦτο
2410 5196 2467 5249 δὲ
2497 5193 2640 5259 εἷπε,
2663 5197 2775 5267 βίον
2797 5199 3043 5253 ἀπαιτῶν
3059 5202 3153 5254 καὶ
3175 5202 3445 5258 πολιτείαν
3468 5205 3784 5275 ἠκριϐωμέ-

2219 5297 2337 5350 νην,
2366 5279 2459 5331 καὶ
2480 5279 2656 5351 ψυχήν
2681 5280 2986 5350 φιλόσοφον.
3017 5284 3125 5335 Καὶ
3143 5285 3243 5338 οὐκ
3268 5281 3409 5349 εἷπε,
3427 5286 3540 5350 Τὰς
3561 5288 3783 5353 ἐντολὰς

2219 5361 2382 5416 αὐτοῦ
2404 5364 2637 5433 ποιήσει,
2659 5363 2815 5427 ἀλλά,
2839 5365 3112 5433 Θελήσει,
3133 5366 3317 5437 ἔτερόν
3337 5385 3391 5422 τι
3417 5370 3577 5423 πλέον
3591 5372 3782 5441 ἐπιζη-

2218 5444 2346 5499 τῶν.
2396 5445 2551 5498 Ποῖον
2591 5444 2656 5517 δὴ
2696 5446 2886 5515 τοῦτο;
2944 5448 3018 5501 Τὸ
3074 5449 3212 5519 μετά
3260 5453 3564 5525 προθυμίας
3610 5454 3780 5518 αὐτὰς

2219 5530 2392 5581 ποιεῖν
2410 5544 2424 5556 ’
2457 5527 2517 5580 τὸ
2541 5539 2562 5568 ο
2588 5529 2821 5600 ἐραστὰς
2849 5530 3027 5584 αὐτῶν
3049 5527 3186 5585 εἶναι
3217 5535 3475 5607 σφοδρούς
3496 5552 3511 5566 ·
3541 5536 3603 5590 τὸ
3623 5553 3781 5607 μετα-

2217 5609 2431 5665 διώκειν
2469 5610 2647 5666 αὐτῶν
2671 5612 2741 5666 τὰ
2764 5614 3112 5686 ἐπιτάγματα
3134 5630 3147 5646 ⁸
3176 5615 3237 5669 τὸ
3276 5618 3447 5688 φιλεῖν
3480 5618 3670 5689 αὐτὰς,
3701 5620 3779 5693 μὴ

2287 5803 2313 5834 α
2336 5801 2393 5855 In
2412 5801 2586 5857 Morel.
2606 5805 2663 5857 τό
2693 5804 2892 5874 abem;
2913 5808 3004 5863 sed
3022 5809 3215 5881 inﬂue
3234 5815 3600 5880 exemplaribus
3617 5817 3716 5871 ei.
