4108 6344
413 332 518 388 989

411 446 711 516 emptionem
748 444 882 498 misit
914 441 1158 498 Dominus
1203 439 1390 512 populo
1414 455 1526 494 suo.
1556 436 1708 507 Quod
1733 435 1799 491 ad
1825 434 1994 490 histo-

413 541 542 594 riam
569 539 784 610 quidem
813 539 1020 604 attinet,
1049 537 1176 591 dicit
1199 535 1495 590 libertatem
1526 531 1828 588 Iudaeorum
1855 549 1866 583 :
1901 527 1995 584 sed

411 633 456 686 si
504 631 555 686 id
593 631 916 701 accipiamus
941 629 1252 700 snogogice,
1292 627 1592 682 libertatem
1629 623 1774 678 orbis
1813 631 1992 688 teme,

417 723 558 794 quod
599 723 757 777 etiam
788 721 1046 792 signiﬁcat
1074 721 1127 775 id
1165 720 1304 789 quod
1335 717 1572 788 sequitur
1601 733 1614 770 :
1650 714 1915 768 Mandavit
1941 713 1995 766 in

409 825 649 869 teternum
695 823 1040 868 testamentum
1090 828 1252 866 suum.
1284 812 1380 866 Hic
1423 809 1627 863 Novum
1662 807 1829 861 dicit:
1861 820 1993 874 quo-

414 907 555 960 niam
586 905 726 960 enim
757 904 997 958 meminit
1021 903 1253 957 mandati
1287 912 1340 957 et
1379 901 1530 971 legis,
1563 914 1627 954 ea
1665 907 1840 952 autem
1885 911 1992 950 non

409 997 506 1051 fuit
534 997 833 1060 observata,
865 1005 918 1050 et
939 996 1068 1049 iram
1115 995 1338 1065 peperit,
1379 992 1550 1048 dicit:
1579 991 1990 1059 Redemptionem

408 1089 542 1141 misit
568 1087 754 1157 populo
774 1104 886 1153 suo,
915 1086 1358 1157 quemadmodum
1380 1085 1492 1153 ipse
1511 1099 1720 1154 quoque
1745 1081 1986 1136 dicebat:

409 1179 530 1233 Non
559 1180 671 1232 veni
705 1188 760 1232 ut
779 1178 1004 1248 judicent
1033 1177 1296 1243 mundum,
1327 1176 1415 1230 sed
1439 1184 1495 1228 ut
1533 1189 1720 1228 servem
1745 1171 1989 1225 mundum

407 1271 587 1343 (Joan.
611 1272 695 1326 12.
727 1272 838 1342 47).
867 1270 1124 1337 Quoniam
1152 1271 1290 1323 enim
1319 1269 1402 1322 lex
1435 1281 1538 1321 non
1567 1266 1865 1326 observata,
1887 1279 1986 1332 pu-

407 1365 584 1420 niebat
611 1382 628 1416 '.
659 1363 762 1417 Lea:
783 1364 934 1426 enim,
965 1362 1153 1432 inquit,
1180 1361 1309 1413 iram
1329 1368 1564 1428 ορατ-αἰω-
1583 1375 1599 1411 .·
1622 1357 1702 1410 ubi
1728 1357 1859 1409 enim
1883 1371 1984 1408 non

406 1466 474 1509 est
503 1456 603 1519 lex,
632 1470 720 1508 nec
744 1454 1046 1524 trangressio
1080 1453 1251 1522 (Rom.
1293 1453 1345 1505 4.
1375 1449 1464 1521 lii)
1493 1467 1505 1502 :
1538 1459 1610 1510 el.
1645 1448 1831 1503 Omnes
1872 1463 1986 1518 pce.

405 1557 660 1612 caverunt,
700 1556 750 1602 et
783 1557 928 1616 egent
956 1547 1120 1616 gloria
1158 1545 1273 1606 Dei,
1312 1543 1580 1614 justiﬁcati
1618 1543 1792 1613 gratis,
1820 1542 1985 1611 gratia

403 1638 560 1709 ipsius
588 1637 695 1705 (Id.
717 1639 769 1692 5.
795 1637 885 1691 25.
908 1637 999 1708 24)
1028 1655 1043 1692 :
1072 1645 1349 1707 propterea
1379 1636 1457 1690 sic
1474 1635 1630 1699 dixit,
1655 1633 1982 1704 Redemptio-

403 1746 515 1783 nem
534 1730 668 1783 misit
686 1729 932 1783 Dominus
955 1729 1141 1799 populo
1165 1743 1276 1780 suo.
1776 1739 1778 1742 '

473 1821 523 1872 7.
551 1821 658 1875 Nec
687 1830 769 1875 est
799 1831 975 1875 tamen
999 1818 1333 1875 solummodo
1359 1818 1672 1888 redemptio,
1700 1818 1794 1873 sed
1821 1819 1982 1874 etiam

400 1923 520 1982 post
569 1913 986 1982 redemptionem
1025 1913 1110 1967 lex
1161 1920 1277 1976 est,
1319 1921 1380 1965 ut
1422 1912 1544 1965 vita:
1599 1910 1981 1966 institutionem

401 2004 744 2060 ostendamus
769 2004 982 2075 dignam
1006 2004 1190 2074 gratia.
1215 2002 1460 2057 Sanctum
1486 2011 1533 2056 et
1560 2002 1778 2058 terribile
1801 2019 1983 2056 nomen

397 2096 525 2165 ejus.
558 2095 839 2165 Postquam
867 2096 1007 2149 enim
1047 2095 1297 2165 cogitavit
1336 2094 1514 2148 omnia
1540 2093 1839 2163 'prazdicare
1863 2093 1981 2162 ejus

397 2200 576 2240 curam
605 2200 667 2239 ac
692 2185 1096 2254 providentiam,
1125 2201 1283 2255 quam
1306 2184 1537 2240 ostendit
1562 2193 1667 2238 tam
1697 2185 1747 2238 in
1775 2183 1976 2249 Veteri,

400 2293 555 2345 quam
587 2277 638 2330 in
678 2277 844 2342 Novo,
879 2285 986 2330 tam
1025 2277 1080 2331 in
1105 2277 1252 2331 factis
1290 2286 1344 2331 et
1379 2276 1650 2345 operibus,
1687 2291 1845 2346 quam
1884 2291 1981 2345 per

399 2376 682 2437 pra-cepta,
733 2383 891 2438 quam
939 2384 1032 2438 per
1073 2368 1324 2423 miracula
1368 2383 1430 2423 ac
1469 2366 1702 2437 prodigia
1741 2385 1755 2421 :
1801 2368 1980 2422 divino

396 2459 581 2526 spiritu
624 2457 852 2526 afflatus,
898 2468 953 2514 et
988 2460 1104 2528 ejus
1150 2459 1420 2514 admirans
1464 2459 1822 2528 majestatem,
1866 2458 1981 2513 ﬁnit

396 2550 688 2604 orationem
721 2552 771 2604 in
801 2551 1206 2618 gloriﬁcatione,
1244 2553 1292 2606 ei
1329 2552 1419 2622 qui
1458 2551 1574 2608 haec
1616 2551 1740 2607 fecit
1767 2552 1978 2608 laudem

395 2642 644 2697 offerens.
668 2641 936 2697 “Sanctum
975 2653 1020 2697 et
1047 2643 1265 2696 terribile
1301 2659 1481 2697 nomen
1521 2645 1670 2714 ejus;
1711 2643 1814 2698 hoc
1859 2651 1975 2709 est,

396 2735 609 2804 plenum
645 2743 883 2804 stupore,
927 2736 1137 2806 plenum
1180 2735 1548 2792 admiratione.
1590 2736 1743 2804 Quod
1787 2737 1830 2791 si
1875 2736 1979 2792 tale

395 2834 479 2881 est
517 2829 632 2894 ejus
672 2842 886 2892 nomen,
919 2837 1117 2897 quanto
1143 2827 1310 2898 magis
1344 2828 1672 2881 substantia?
1699 2827 1978 2895 Quomodo

397 2926 572 2971 autem
615 2925 697 2971 est
734 2917 848 2987 ejus
875 2933 1065 2972 nomen
1105 2927 1344 2973 sanctum
1373 2928 1426 2973 ct
1452 2917 1730 2973 terribile?
1766 2918 1819 2973 Id
1853 2935 1978 2988 per-

397 3009 679 3064 timescunt
718 3019 772 3064 et
811 3010 1226 3065 contremiscunt
1253 3011 1543 3075 dtemones,
1587 3011 1640 3066 id
1667 3013 1836 3067 morbi
1867 3013 1977 3066 for-

397 3099 616 3153 midant.
665 3100 745 3153 Eo
791 3102 1006 3155 nomine
1052 3102 1134 3156 usi
1177 3101 1403 3172 apostoli
1443 3102 1746 3158 universum
1793 3103 1976 3159 orbem

400 3199 555 3246 teme
599 3202 964 3248 correxerunt.
1008 3195 1086 3249 Eo
1133 3195 1296 3250 David
1337 3211 1605 3251 armorum
1651 3197 1770 3251 loco
1813 3211 1973 3264 usus,

396 3281 677 3337 barbarum
701 3284 844 3338 illum
869 3286 1179 3354 prostravit;
1203 3301 1268 3341 eo
1289 3301 1376 3342 res
1395 3286 1812 3343 innumerabiles
1830 3297 1976 3344 recte

396 3384 450 3427 et
476 3375 724 3444 praeclare
752 3385 914 3446 gesta:
944 3387 1100 3441 sunt;
1123 3392 1188 3432 eo
1211 3377 1375 3432 sacris
1400 3378 1666 3434 initiamur
1686 3380 1972 3450 mysteriis.

396 3464 750 3522 Considerans
787 3483 914 3538 ergo
952 3477 1081 3538 quot
1122 3479 1177 3523 et
1213 3479 1407 3538 quanta
1441 3470 1599 3524 faciat
1637 3470 1752 3540 ejus
1778 3485 1975 3527 nomen

397 3557 671 3623 miracula,
711 3568 841 3628 quot
887 3558 1159 3614 beneﬁciis
1195 3559 1408 3624 afliciat,
1440 3576 1545 3631 quo
1575 3572 1726 3631 pacto
1755 3561 1976 3633 dissipet

397 3648 747 3715 adversarios,
778 3665 906 3706 suos
931 3651 1225 3717 conﬁrmet,
1257 3661 1311 3707 et
1338 3667 1424 3707 res
1450 3653 1586 3722 apud
1616 3669 1676 3710 se
1701 3665 1971 3725 reputans,

396 3755 514 3809 quae
552 3755 764 3794 omnem
795 3750 995 3797 naturae
1024 3745 1455 3814 consequentiam
1484 3755 1538 3800 et
1573 3745 1857 3800 humanam
1885 3762 1974 3801 ra-

398 3831 595 3887 tionem
636 3844 905 3901 superant,
947 3834 1094 3900 dicit,
1141 3833 1387 3889 Sanctum
1439 3847 1483 3889 et
1528 3837 1746 3890 terribile
1796 3854 1975 3892 nomen

396 3924 526 3992 ejus.
558 3923 707 3990 Quod
737 3927 781 3977 si
810 3935 892 3979 est
919 3936 1175 3988 sanctum,
1205 3935 1387 3981 sancta
1421 3943 1631 3998 quoque
1660 3943 1753 3983 ora
1779 3927 1974 3983 habere

397 4030 529 4084 opus
546 4026 627 4069 est
647 4015 712 4069 ad
732 4031 852 4070 eum
883 4017 1220 4083 laudandum,
1245 4029 1448 4085 sancta,
1470 4021 1681 4089 inquam
1701 4063 1716 4087 ,
1745 4030 1798 4075 et
1821 4036 1971 4090 pura.

471 4107 569 4161 Ubi
584 4112 696 4179 fons
711 4109 968 4178 sapientia:
979 4110 1544 4181 reperiatur;sapientite
1558 4112 1805 4182 definitio;
1823 4127 1975 4181 opera

398 4201 547 4254 etiam
568 4203 1030 4258 necessaria—10.
1053 4203 1262 4258 Initium
1282 4206 1543 4275 sapientia:
1570 4207 1718 4260 timor
1744 4205 1970 4260 Domini.

396 4291 691 4347 Intellectus
731 4295 888 4348 bonus
933 4296 1164 4349 omnibus
1207 4297 1498 4366 facientibus
1547 4313 1676 4350 eum.
1709 4297 1843 4365 Quid
1869 4307 1971 4366 est,

397 4381 647 4437 Initium?
685 4383 842 4448 Fons,
870 4385 1047 4448 radix,
1081 4386 1500 4442 fundamentum.
1536 4388 1792 4454 Quoniam
1831 4391 1973 4445 enim

401 4483 477 4527 tot
501 4483 554 4528 et
583 4483 725 4528 tanta
755 4474 887 4529 dixit
914 4476 981 4530 de
1011 4476 1232 4531 Domino
1257 4477 1402 4532 orbis
1431 4487 1604 4542 terrae,
1635 4487 1686 4533 et
1713 4488 1857 4534 tanta
1884 4496 1973 4536 re-

401 4565 570 4632 pletus
617 4574 699 4620 est
741 4567 1086 4623 admiratione
1129 4585 1144 4623 :
1196 4568 1298 4624 hoc
1344 4569 1639 4641 subjungit,
1688 4572 1974 4628 ostendens

398 4657 670 4728 deinceps,
711 4673 832 4713 eum
861 4661 949 4730 qui
980 4662 1149 4730 ipsum
1179 4663 1328 4716 timet
1353 4662 1559 4732 impleri
1587 4664 1731 4718 omni
1760 4663 1973 4734 sapien-

401 4751 490 4816 tia,
529 4762 584 4806 et
609 4753 920 4822 prudentem
948 4755 1190 4810 evadere.
1225 4755 1424 4810 Deinde
1465 4771 1532 4811 ne
1556 4757 1672 4826 quis
1701 4757 1974 4812 existima-

400 4854 482 4898 ret
541 4846 854 4914 sapientiam
907 4863 1012 4901 non
1065 4847 1353 4916 procedere
1393 4849 1526 4902 ultra
1581 4849 1971 4918 COgnitionem,

399 4935 671 5005 subjunxit
697 4955 711 4990 :
745 4935 1035 4992 Intellectus
1061 4938 1220 4992 bonus
1256 4939 1482 4993 omnibus
1509 4939 1804 5010 facientibus
1835 4957 1969 4996 eum.

399 5024 514 5080 Non
541 5027 736 5082 sufﬁcit
762 5029 900 5082 enim
930 5028 1087 5095 ﬁdes,
1119 5030 1217 5084 nisi
1255 5030 1393 5084 adsit
1420 5031 1578 5085 etiam
1608 5033 1729 5086 vita:
1761 5033 1973 5088 institu-

402 5125 512 5171 tum
542 5116 663 5172 ﬁdei
684 5119 1024 5174 conveniens.
1047 5120 1325 5186 Quomodo
1349 5129 1432 5176 est
1451 5131 1626 5176 autem
1658 5122 1862 5178 initium
1890 5140 1976 5179 sa-

400 5207 614 5277 pientis:
641 5209 799 5265 timor
828 5211 1075 5265 Domini?
1096 5211 1178 5267 Ab
1203 5212 1348 5266 omni
1368 5211 1495 5268 vitio
1521 5214 1738 5281 liberat,
1760 5231 1973 5272 omnem

400 5301 650 5356 virtutem
673 5302 868 5372 dirigit.
903 5303 1037 5358 Dicit
1063 5314 1237 5358 autem
1278 5305 1611 5374 sapientiam,
1643 5322 1749 5362 non
1777 5325 1895 5377 quae
1920 5311 1972 5366 in

405 5392 600 5457 verbis,
632 5392 728 5447 sed
755 5408 873 5463 quae
911 5393 963 5448 in
992 5395 1152 5450 rebus
1180 5396 1278 5450 sita
1305 5405 1405 5450 est.
1445 5395 1578 5451 Nam
1604 5401 1809 5454 externi
1837 5417 1974 5471 quo-

398 5498 504 5551 que
543 5482 842 5556 philosophi
870 5485 1187 5542 deﬁnierunt
1222 5487 1554 5556 sapientiam,
1585 5488 1881 5547 divinarum
1921 5503 1976 5550 et

399 5578 766 5636 humanarum
789 5594 966 5635 rerum
993 5579 1368 5648 cognitionem.
1425 5581 1572 5637 Hanc
1599 5592 1773 5639 autem
1802 5594 1972 5641 artem

400 5667 558 5724 docet
584 5671 674 5726 Dei
713 5671 887 5738 timor,
929 5672 1316 5742 improbitatem
1344 5673 1609 5741 auferens,
1637 5687 1691 5731 et
1724 5677 1973 5735 virtutem

361 5809 364 5812 .
397 5761 660 5834 inserens,
700 5773 756 5822 ut
781 5768 1060 5837 praesentia
1096 5773 1499 5826 contemnantur
1522 5767 1780 5840 efﬁciens,
1822 5779 1877 5828 et
1917 5772 1970 5829 iu

1541 317 1903 378 EXPOSITIO
1940 316 2005 371 IN
2045 315 2366 374 PSALMUM
2405 318 2540 374 CXI.

3579 327 3686 384 illi)

2103 434 2291 489 caelum
2325 437 2621 494 traducens.
2654 438 2788 507 Quid
2815 449 2898 496 est
2926 439 3226 513 hujusmodi
3253 443 3426 498 anima
3469 447 3682 516 sapiae-

2103 527 2242 580 tius?
2283 527 2398 581 Non
2443 529 2632 598 quatrit
2675 542 2850 585 autem
2892 531 2977 587 hic
3024 533 3194 586 solum
3235 533 3552 598 auditorem.
3584 553 3678 590 Seu

2101 618 2258 672 etiam
2299 619 2571 674 factorem.
2608 620 2901 677 Intellectus
2947 634 3114 677 autem
3150 623 3307 679 bonus
3340 626 3570 680 omnibus
3600 632 3678 697 fn-

2099 707 2339 763 cientibus
2382 726 2491 763 eum
2518 727 2537 764 :
2564 712 2665 766 hoc
2689 722 2789 774 est,
2831 714 2894 766 iis
2919 715 3009 784 qui
3049 716 3362 785 sapientiam
3401 728 3675 783 exercent,

2098 810 2152 855 et
2174 817 2290 856 eam
2317 801 2466 857 factis
2486 804 2788 870 ostendunt,
2815 804 2985 860 bonus
3010 816 3092 860 est
3117 808 3433 862 intellectus.
3462 807 3673 862 Intelle-

2097 902 2202 946 ctus
2230 892 2405 958 bonus,
2452 895 2638 960 inquit.
2664 897 2911 965 quoniam
2946 907 3029 952 est
3063 901 3221 953 etiam
3253 901 3424 955 malus
3467 902 3652 956 intellc

2096 991 2231 1048 ctus,
2256 994 2313 1037 ut
2334 985 2543 1052 quando
2569 986 2696 1040 dicit
2723 1005 2736 1040 :
2771 987 3036 1056 Sapientes
3064 1000 3178 1043 sunt
3200 1001 3253 1044 ut
3279 992 3408 1046 male
3434 995 3622 1063 faciant
3649 1012 3671 1048 .-

2096 1074 2276 1127 bonum
2303 1085 2466 1129 autem
2493 1080 2657 1148 facere
2683 1095 2781 1131 non
2812 1092 3048 1134 noverunt
3077 1080 3206 1152 (Jer.
3227 1083 3283 1138 4.
3305 1083 3418 1157 22).
3439 1085 3554 1154 Ipse
3579 1102 3674 1140 au-

2096 1176 2199 1221 tem
2231 1169 2419 1236 quaerit
2446 1184 2564 1223 eum
2595 1171 2919 1227 intellectum
2941 1214 2957 1238 ,
2987 1175 3074 1243 qui
3103 1174 3154 1228 in
3183 1176 3375 1231 virtute
3400 1179 3533 1232 situs
3561 1191 3665 1234 est.

2164 1257 2300 1312 Laus
2347 1259 2440 1312 Dei
2485 1276 2597 1328 qua:
2642 1263 2725 1314 sit.
2752 1292 2823 1302 —-
2863 1262 3111 1318 Laudatio
3149 1267 3258 1335 ejus
3292 1278 3469 1322 manet
3491 1268 3544 1320 in
3566 1283 3669 1319 δηι-

2092 1350 2259 1403 culum
2287 1352 2478 1405 steculi.
2512 1353 2763 1418 Qutenam
2788 1396 2803 1420 ,
2836 1354 2953 1421 dic,
3006 1371 3212 1425 quarso,
3262 1372 3323 1411 ea
3353 1359 3509 1412 laus?
3533 1360 3668 1415 Gra-

2094 1441 2282 1494 tiarum
2324 1444 2494 1508 actio,
2525 1444 2870 1512 gloriﬁcatio,
2915 1463 3032 1516 qua:
3076 1464 3166 1516 per
3194 1463 3356 1518 opera
3407 1450 3538 1504 facta
3587 1463 3671 1507 est

2091 1533 2446 1590 immortalis:
2495 1545 2548 1590 et
2598 1547 2721 1590 ante
2770 1537 2882 1594 ha-c
2927 1555 2988 1592 ca
3034 1556 3150 1609 quae
3197 1541 3312 1609 ejus
3360 1543 3668 1600 substantia:

2088 1625 2336 1678 attributa
2396 1637 2496 1680 est.
2557 1627 2692 1682 Deus
2729 1629 2868 1683 enim
2928 1640 3010 1684 est
3071 1632 3415 1700 immortalis,
3471 1645 3528 1689 et
3577 1652 3669 1704 per

2088 1728 2146 1769 se
2189 1715 2342 1770 valde
2391 1717 2668 1772 laudabilis
2715 1737 2729 1772 :
2783 1719 3060 1775 laudabilis
3109 1733 3286 1778 autem
3339 1737 3419 1780 est
3471 1729 3666 1795 etiarn,

2087 1809 2300 1878 quando
2329 1809 2444 1880 ejus
2473 1811 2803 1880 majestatem
2849 1813 2988 1882 apud
3033 1823 3082 1869 te
3111 1818 3568 1887 consideraveris,
3610 1832 3666 1877 ct

2088 1899 2190 1954 alia
2243 1901 2458 1966 omnia;
2507 1902 2783 1957 laudabilis
2829 1920 3038 1975 quoque
3085 1915 3166 1960 est
3211 1919 3427 1979 propter
3468 1927 3666 1981 opera,

2089 1991 2300 2060 quando
2326 1991 2522 2047 videris
2543 1994 2658 2064 ejus
2696 1995 3008 2064 sapientiam
3044 2013 3138 2066 per
3163 2014 3222 2053 ea
3253 2015 3371 2071 quae
3397 2003 3663 2059 videntur.

2088 2080 2214 2137 Hmc
2249 2092 2425 2137 autem
2455 2083 2584 2138 dicit
2629 2085 2916 2140 adhortans
2944 2089 3010 2142 ad
3052 2090 3337 2158 gratiarum
3365 2095 3664 2165 actionem,

2087 2181 2143 2227 et
2163 2171 2450 2228 ostendens
2491 2175 2632 2229 nulla
2679 2186 2799 2230 esse
2829 2177 3016 2247 dignos
3049 2181 3235 2248 venia,
3266 2185 3352 2253 qui
3380 2200 3496 2254 qua:
3534 2186 3668 2244 ﬁniit

2087 2281 2228 2336 aegre
2265 2265 2455 2321 ferunt.
2487 2266 2709 2334 Quando
2731 2270 2874 2324 enim
2903 2271 3022 2340 ejus
3065 2272 3296 2330 laudatio
3316 2317 3330 2343 ,
3375 2279 3666 2346 gratiarum

2085 2361 2256 2423 actio,
2297 2369 2350 2414 et
2377 2361 2693 2431 glorificatio
2718 2372 2801 2417 est
2838 2364 2973 2418 adeo
2999 2367 3317 2432 manifesta,
3369 2371 3511 2425 clara
3559 2376 3665 2428 im-

2085 2451 2438 2522 mobilisque,
2467 2461 2522 2507 et
2545 2453 2696 2507 ﬁrma
2722 2469 2783 2509 ac
2814 2456 3019 2511 stabilis
3040 2498 3056 2523 ,
3083 2468 3138 2513 ut
3163 2461 3323 2514 etiam
3354 2463 3424 2516 sit
3449 2463 3669 2519 immor-

2086 2545 2208 2600 talis
2231 2553 2287 2600 et
2331 2545 2435 2600 ﬁne
2471 2560 2694 2611 carens,
2728 2546 2803 2600 illi
2833 2557 3009 2603 autem
3055 2565 3170 2604 eam
3199 2553 3538 2622 ignorantes,
3580 2556 3665 2610 lo-

2084 2644 2319 2705 quuntur
2338 2637 2604 2690 contraria
2634 2654 2646 2688 :
2673 2636 2804 2691 nihil
2829 2638 2968 2693 aliud
2989 2655 3144 2709 quam
3175 2643 3238 2696 iis
3258 2657 3375 2712 quae
3401 2656 3524 2700 sunt
3549 2647 3665 2704 sole

2085 2725 2240 2795 longe
2259 2725 2483 2780 clariora
2505 2726 2910 2793 contradicunt,
2933 2740 2984 2783 et
3005 2740 3196 2799 sponte
3224 2733 3525 2789 concutiunt.
3545 2735 3663 2792 Non

2084 2827 2166 2872 est
2194 2819 2336 2872 enim
2365 2817 2433 2873 ad
2463 2827 2669 2889 tempus
2691 2861 2705 2883 ,
2736 2829 2793 2873 ut
2822 2833 2940 2874 eam
2993 2823 3268 2890 ignorent,
3299 2841 3397 2880 nec
3439 2828 3664 2884 obseura

2083 2919 2139 2964 et
2163 2909 2268 2964 non
2295 2910 2570 2965 manifesta
2591 2952 2605 2976 ,
2649 2911 2740 2966 sed
2770 2913 2932 2978 clara,
2958 2923 3207 2982 perpetua
3232 2925 3284 2968 et
3309 2916 3621 2975 immortalis
3641 2961 3658 2988 ,

2083 3016 2296 3074 semper
2320 3018 2542 3059 manens
2561 3046 2576 3070 ,
2608 3014 2662 3058 et
2694 3006 2848 3059 linem
2881 3019 3167 3074 numquam
3194 3008 3414 3064 habens.

2571 3097 2638 3151 IN
2677 3096 2795 3152 PSA
2805 3093 2992 3153 LMUM
3028 3098 3162 3154 CXI.

2386 3191 2437 3244 I.
2470 3190 2656 3244 Beatus
2684 3192 2759 3244 vir
2783 3192 2869 3258 qui
2891 3191 3028 3244 timet
3057 3191 3350 3247 Dominum.

2154 3285 2206 3339 1.
2244 3282 2416 3355 Hujus
2433 3283 2616 3355 psalmi
2638 3300 2752 3337 cum
2779 3284 3086 3352 prtecedente
3112 3286 3362 3355 affinitas;
3388 3287 3538 3342 timor
3563 3288 3662 3345 Dei

2080 3375 2218 3430 solus
2242 3374 2310 3427 ad
2348 3375 2561 3428 salutem
2605 3390 2706 3428 non
2745 3375 2941 3444 sufﬁcit.
2971 3404 3044 3414 —
3070 3374 3194 3429 Mihi
3249 3376 3454 3432 videtur
3502 3378 3659 3449 hujus

2081 3465 2279 3522 Psalmi
2303 3467 2615 3536 prooemium
2638 3468 2876 3536 apprime
2905 3469 3055 3536 sequi
3086 3467 3244 3523 ﬁnem
3269 3471 3620 3540 praicedentts
3638 3513 3656 3540 ,

2081 3568 2274 3615 etesse
2298 3559 2458 3614 veluti
2497 3558 2760 3629 quoddam
2787 3574 2981 3628 corpus
3021 3563 3327 3616 continuum
3358 3573 3410 3618 et
3435 3564 3660 3634 conjun-

2082 3661 2244 3707 ctum.
2264 3653 2374 3708 Illic
2397 3653 2538 3707 enim
2570 3652 2716 3715 dicit,
2748 3651 2959 3706 Initium
2987 3655 3247 3724 sapientia:
3276 3657 3423 3710 timor
3450 3657 3658 3714 Domini

2083 3743 2254 3816 (Psal.
2290 3746 2412 3800 110.
2446 3745 2568 3816 10);
2599 3746 2685 3800 hic
2711 3754 2910 3812 autem,
2934 3745 3122 3801 Beatus
3143 3749 3216 3800 vir
3239 3749 3324 3818 qui
3367 3750 3503 3805 timet
3541 3750 3652 3805 Do-

2081 3840 2306 3904 minum,
2337 3840 2457 3894 aliis
2476 3839 2670 3902 verbis,
2701 3839 2885 3893 eadem
2916 3848 3090 3894 autem
3115 3842 3372 3896 sententia
3394 3883 3410 3909 ,
3456 3844 3656 3901 docens

2083 3932 2327 3985 timorem
2356 3931 2580 3985 Domini.
2605 3930 2714 3984 Illic
2740 3931 2880 3984 enim
2912 3931 3042 3984 dixit
3072 3946 3192 3985 esse
3212 3934 3538 4002 sapientem;
3567 3936 3655 3992 hic

2079 4040 2208 4080 vero
2234 4025 2444 4079 beatum
2476 4042 2488 4077 :
2523 4023 2636 4077 haec
2675 4033 2862 4077 autem-
2881 4038 3002 4077 vera
3032 4037 3112 4077 est
3141 4024 3440 4094 beatitudo,
3471 4045 3656 4099 quem-

2081 4117 2363 4173 admodum
2404 4117 2502 4169 alia
2534 4115 2744 4186 quidem
2789 4115 2965 4169 omnia
3009 4123 3136 4170 sunt
3173 4119 3396 4185 vanitas,
3447 4122 3650 4189 umbra,

2081 4230 2270 4285 resque
2297 4212 2607 4276 levissimae;
2640 4210 2752 4264 sive
2779 4209 2924 4264 dicas
2953 4209 3178 4276 divitias,
3210 4213 3323 4267 sive
3343 4216 3651 4283 potentiam,

2081 4308 2193 4362 sive
2239 4303 2476 4373 corporis
2528 4300 3006 4370 pulchritudinem,
3067 4302 3179 4356 sive
3236 4303 3342 4356 vim
3394 4306 3652 4374 pecuniae.

2081 4401 2216 4454 Sunt
2236 4396 2374 4450 enim
2419 4393 2610 4447 similia
2641 4392 2778 4446 foliis
2817 4389 3159 4455 cadentibus,
3191 4400 3245 4446 et
3272 4393 3474 4449 umbris
3514 4411 3656 4465 prm-

2085 4485 2529 4551 tercurrentibus,
2571 4493 2626 4538 et
2667 4483 2889 4538 somniis
2918 4484 3270 4538 evolantibus.
3303 4484 3427 4540 Htec
3476 4497 3653 4542 autem

2080 4596 2204 4636 vera
2237 4589 2318 4634 est
2360 4575 2652 4633 beatitudo.
2681 4575 2904 4637 Deinde,
2937 4575 3185 4643 quoniam
3211 4575 3480 4632 daemones
3527 4595 3658 4648 quo-

2082 4687 2183 4742 que
2209 4685 2329 4724 eum
2357 4675 2608 4722 verentur
2656 4675 2711 4720 et
2735 4665 3137 4734 pertimescunt,
3163 4681 3228 4720 ne
3268 4676 3422 4735 putes
3449 4668 3548 4724 hoc
3577 4686 3660 4724 so-

2082 4766 2189 4819 lum
2239 4762 2481 4818 sufﬁcere
2525 4760 2591 4815 ad
2621 4760 2877 4822 salutem,
2912 4757 3054 4827 quod
3083 4760 3328 4827 superius
3355 4759 3514 4827 fecit,
3571 4763 3658 4818 hic

2081 4869 2292 4924 quoque
2315 4852 2457 4906 facit.
2484 4848 2938 4917 Quemadmodum
2965 4848 3106 4902 enim
3131 4863 3251 4902 cum
3277 4849 3384 4905 illic
3409 4851 3655 4920 dixisset,

2083 4946 2290 5001 Initium
2311 4945 2569 5016 sapientia:
2591 4945 2738 4996 timor
2757 4940 2993 5008 Domini,
3026 4941 3325 5011 subjunxit,
3361 4943 3657 5001 Intellectus

2082 5039 2238 5092 bonus
2260 5036 2487 5090 omnibus
2519 5031 2811 5104 facientibus
2831 5048 2962 5094 eum,
2976 5031 3341 5087 convenientia
3362 5034 3483 5089 vita:
3507 5036 3654 5090 insti-

2083 5139 2192 5184 tuta
2219 5125 2550 5196 dogmatibus
2569 5123 2887 5194 adjungeus:
2917 5122 2986 5175 ita
3011 5121 3096 5175 hic
3123 5123 3282 5177 etiam
3300 5138 3417 5178 cum
3435 5124 3653 5182 dixisset

2024 5250 2034 5257 -
2083 5222 2367 5284 timorem,
2401 5231 2505 5272 non
2535 5215 2682 5270 illum
2727 5214 2896 5269 solum
2942 5213 3071 5268 dicit
3111 5214 3200 5282 qui
3245 5230 3310 5269 ex
3355 5217 3651 5286 cognitione

2083 5312 2274 5378 oritur,
2301 5325 2460 5380 quem
2492 5307 2685 5362 habent
2710 5307 2868 5361 etiam
2897 5305 3184 5370 daemones,
3232 5305 3325 5360 scd
3353 5306 3455 5362 hoc
3496 5309 3656 5364 etiam

2083 5404 2264 5476 adjicit
2286 5401 2498 5467 dicens,
2530 5398 2598 5454 In
2622 5399 2872 5453 mandatis
2918 5400 3026 5468 ejus
3046 5398 3174 5452 volet
3197 5399 3366 5454 nimis.
3398 5399 3524 5456 Haec
3563 5417 3658 5456 au-

2057 5519 2060 5522 ’
2084 5508 2190 5551 tem
2211 5494 2377 5561 dixit,
2409 5493 2624 5562 exigens
2647 5499 2948 5546 accuratam
2988 5489 3110 5542 vita:
3149 5489 3533 5546 institutionem
3559 5533 3574 5556 ,
3600 5503 3657 5548 et

2084 5587 2315 5641 animam
2341 5599 2524 5639 amore
2550 5581 2824 5652 sapientiai
2854 5579 3148 5650 prazditam.
3181 5578 3296 5634 Non
3326 5579 3477 5649 dixit,
3508 5582 3658 5638 Man-

2081 5679 2201 5734 data
2218 5679 2334 5748 ejus
2349 5676 2524 5743 faciet,
2552 5674 2667 5737 sed,
2703 5670 2867 5737 Volet,
2891 5670 3087 5740 aliquid
3109 5669 3336 5741 amplius
3356 5673 3654 5742 requirens.

2086 5773 2346 5842 Quidnam
2391 5780 2566 5827 autem
2599 5767 2700 5824 hoc
2741 5765 2856 5824 est?
2902 5764 2976 5822 Ea
3005 5761 3180 5824 facere
3220 5779 3341 5822 cum
3387 5766 3565 5824 studio
3603 5778 3658 5824 et
