4108 6344
473 345 574 403 ‘29!

479 459 639 516 animi
662 457 937 513 alacritate
973 476 986 510 :
1018 468 1138 510 esse
1167 451 1511 507 vehementes
1529 464 1716 504 eorum
1741 456 2006 502 amatores
2038 462 2052 499 :

477 553 622 624 jussu
649 565 832 606 eorum
863 543 1109 616 persequi
1138 561 1151 596 :
1183 557 1362 597 amare
1383 557 1444 595 ea
1474 555 1577 594 non
1608 547 1827 609 pr0pter
1847 551 2055 590 merce-

481 645 602 699 dem
627 656 746 713 qua;
787 648 869 696 est
917 653 1016 708 pro
1065 637 1192 706 ipsis
1219 632 1484 704 proposita
1507 673 1523 695 ,
1551 630 1645 685 sed
1693 638 1910 699 propter
1933 642 2056 682 eum

479 735 570 806 qui
598 735 682 788 illa
703 731 914 796 statuit;
947 731 1194 784 virtutem
1223 740 1342 778 cum
1370 723 1638 791 voluptate
1652 718 1921 792 persequi,
1952 733 2059 772 non

484 835 699 898 propter
717 835 914 880 metum
942 824 1218 894 gehennae,
1239 833 1340 874 nec
1365 824 1579 886 pmpter
1604 815 1776 868 minas
1791 811 2055 881 supplicii;

483 936 583 975 nec
607 927 821 989 propter
843 914 1248 986 promissionem
1273 909 1442 980 regni,
1464 906 1557 962 sed
1577 915 1793 976 propter
1819 919 1939 957 eum
1969 902 2058 971 qui

485 1014 630 1084 leges
655 1011 793 1066 tulit.
839 1008 1136 1076 Quinetiam
1163 1005 1284 1058 alibi
1325 1003 1425 1057 hoc
1477 1000 1630 1064 facit,
1660 997 1950 1055 ostendens
1978 1009 2061 1050 vo-

487 1111 760 1173 luptatem,
785 1119 938 1172 quam
967 1102 1106 1170 capit
1133 1115 1198 1154 ex
1231 1095 1507 1166 prmceptis
1530 1094 1619 1147 Dei
1645 1109 1658 1144 :
1683 1091 1849 1158 Quam
1867 1088 2058 1153 dulcia,

487 1199 683 1268 inquit,
723 1195 950 1268 faucibus
976 1193 1096 1245 meis
1123 1189 1324 1258 eloquia
1363 1197 1451 1240 tua
1471 1227 1485 1249 ,
1515 1200 1666 1254 super
1701 1183 1799 1236 mel
1827 1181 1902 1234 ori
1951 1195 2062 1233 meo

489 1293 654 1364 (Psal.
691 1273 814 1345 118.
846 1288 972 1355 105)
1001 1287 1014 1338 !
1047 1283 1157 1337 Hoc
1181 1284 1340 1336 etiam
1367 1279 1590 1348 requirit
1618 1275 1810 1331 Paulus
1830 1316 1846 1340 ,
1880 1274 1948 1326 ita
1977 1272 2060 1324 di-

486 1400 617 1441 cens
645 1385 870 1438 obscure
897 1389 950 1433 et
974 1374 1303 1446 a-nigmatice
1329 1390 1343 1427 :
1375 1372 1516 1426 Sicut
1559 1368 1802 1426 habuistis
1841 1366 2064 1420 membra

485 1488 645 1534 vestra
673 1491 814 1531 serva
858 1470 1192 1526 immunditia:
1231 1476 1278 1521 et
1315 1463 1577 1534 iniustitia:
1612 1461 1679 1514 ad
1717 1460 2015 1529 injustitiam
2044 1473 2064 1512 :

487 1575 556 1625 ita
580 1569 804 1625 exhibete
827 1565 1046 1619 membra
1073 1576 1236 1616 uestra
1277 1577 1419 1615 serva
1448 1557 1662 1629 justitia:
1685 1555 1752 1609 ad
1779 1554 2056 1622 sanctiﬁca-

487 1665 670 1716 tionem
701 1660 872 1728 (Rom.
905 1657 959 1712 6.
989 1654 1100 1726 19).

560 1753 806 1806 Alacritas
849 1747 1128 1802 necessaria
1165 1745 1218 1798 in
1271 1743 1368 1798 Dei
1415 1741 1676 1811 prceceptis
1698 1738 1961 1793 obeundis.
1993 1767 2066 1778 —

491 1846 600 1900 Iloc
623 1852 725 1908 est,
754 1840 885 1897 Cum
907 1848 1104 1908 quanto
1128 1836 1303 1890 studio
1332 1835 1372 1901 ‘,
1392 1849 1510 1888 cum
1539 1840 1734 1903 quanta
1765 1830 1926 1885 animi
1951 1830 2064 1884 ala-

488 1937 677 1991 critate
719 1932 1004 2003 nequitiam
1061 1927 1439 1991 sectabamini,
1480 1934 1535 1979 et
1575 1923 1621 1980 si
1668 1923 1869 1978 nullum
1919 1930 2065 1979 esset

493 2025 767 2096 praemium
792 2021 1121 2092 propositum
1147 2061 1162 2086 ,
1201 2019 1292 2073 sed
1321 2027 1504 2072 contra
1557 2030 1730 2086 ptente
1758 2022 1814 2069 et
1857 2012 2064 2084 suppli-

487 2119 632 2173 cium
661 2130 820 2171 :cum
852 2122 994 2167 tanta
1027 2112 1273 2165 virtutem
1298 2107 1597 2164 sectemini.
1629 2107 1694 2160 Et
1722 2115 1898 2161 tamen
1930 2107 2066 2158 hanc

489 2222 703 2280 quoque
727 2220 1030 2262 mensuram
1079 2202 1212 2257 dixit
1239 2216 1297 2256 se
1335 2199 1552 2270 exigere
1579 2199 1658 2254 eis
1708 2197 2061 2251 moderatam.

495 2299 620 2355 litae
644 2297 788 2352 enim
811 2295 1069 2359 dicturus,
1104 2293 1175 2347 ita
1205 2291 1454 2360 loquitur,
1488 2288 1778 2343 Humanum
1801 2287 1915 2342 dico
1940 2301 2064 2356 pro-

491 2402 602 2452 pter
623 2388 969 2458 inﬁmitatem
997 2385 1164 2438 carnis
1186 2392 1365 2437 vestra
1395 2380 1556 2453 (Ibid.
1584 2395 1633 2434 υ.
1665 2378 1752 2452 19)
1782 2396 1795 2432 :
1826 2376 2066 2432 indicans

489 2490 741 2552 oportere
767 2493 875 2534 non
903 2478 1162 2532 minorem
1186 2474 1468 2530 ostendere
1495 2472 1547 2527 in
1575 2471 1765 2526 virtute
1802 2469 2065 2541 cupidita-

493 2584 602 2630 tem
625 2613 641 2638 ,
667 2587 824 2642 quam
869 2570 922 2624 in
950 2568 1078 2623 vitio
1108 2565 1458 2620 ostendimus.
1489 2562 1546 2618 ld
1589 2572 1674 2617 est
1713 2571 1893 2617 autem
1923 2558 2066 2630 quod

493 2665 623 2721 dicit
647 2681 662 2718 τ
684 2661 743 2718 Si
770 2676 877 2717 non
902 2658 1144 2716 eamdem
1166 2658 1416 2712 virtutem
1442 2653 1806 2719 ostenderint,
1837 2666 2064 2723 quanam

490 2755 834 2813 excusatione
861 2761 1094 2818 utentur,
1123 2760 1213 2804 aut
1239 2747 1505 2817 quomodo
1534 2746 1743 2801 veniam
1773 2758 2064 2814 assequen-

495 2861 600 2915 tur,
627 2847 812 2918 quine
859 2860 980 2900 cum
1027 2843 1214 2896 eadem
1241 2840 1451 2911 quidem
1502 2837 1792 2908 cupiditate
1838 2835 1904 2890 ad
1946 2850 2064 2891 eam

493 2918 793 2997 accedunt?
839 2935 908 2990 Et
947 2934 1068 2989 ideo
1109 2933 1195 2987 hic
1238 2945 1447 3001 quoque
1477 2929 1731 2999 propheta
1776 2926 1955 2980 dixit:
1999 2924 2066 2979 In

495 3033 746 3090 mandatis
789 3031 899 3101 ejus
940 3028 1066 3081 ualet
1095 3026 1261 3080 nimis.
1301 3024 1398 3092 Qui
1433 3023 1574 3078 enim
1615 3036 1736 3076 eum
1782 3017 1968 3074 metuit
2011 3025 2069 3072 ttt

494 3134 734 3195 oportet,
763 3119 981 3190 suscipit
1002 3119 1114 3187 ejus
1142 3125 1402 3187 praecepta
1431 3129 1551 3168 cum
1579 3126 1766 3182 magna
1782 3109 2064 3165 aviditate:

494 3227 551 3274 et
575 3218 695 3273 ideo
719 3231 870 3272 amor
905 3219 962 3271 in
989 3212 1340 3282 legislaturem
1389 3207 1597 3262 facilem
1623 3214 1677 3260 et
1699 3213 1898 3276 gratam
1944 3200 2069 3256 facit

497 3312 701 3381 legem,
747 3309 847 3364 etsi
877 3307 1116 3361 videatur
1161 3305 1388 3372 aliquam
1440 3300 1638 3355 habere
1675 3297 2066 3354 difﬁcultatem.

498 3401 664 3457 Nemo
687 3410 862 3454 autem
893 3397 1031 3468 quod
1058 3395 1180 3450 dico
1210 3391 1603 3462 reprehendat,
1633 3391 1677 3444 si
1704 3389 1790 3444 tali
1819 3388 2070 3456 exemplo

497 3509 624 3549 usus
670 3507 807 3546 sum.
837 3490 966 3545 Nam
1011 3488 1205 3542 Paulus
1233 3498 1445 3554 quoque
1472 3497 1538 3537 eo
1557 3495 1683 3563 usus
1707 3488 1822 3547 est,
1870 3480 1948 3534 sic
1987 3477 2069 3532 di-

497 3598 662 3640 cens:
692 3583 835 3638 Sicut
859 3579 1150 3635 exhibuistis
1183 3577 1402 3630 membra
1438 3584 1601 3629 uestra
1627 3588 1767 3628 serua
1789 3571 2070 3625 immundi.-

499 3681 611 3743 τίω,
637 3677 710 3730 ita
733 3675 956 3729 exhibete
973 3672 1204 3744 justitiaz.
1235 3669 1335 3736 Qui
1362 3666 1658 3722 meretricis
1683 3666 1859 3735 itaque
1889 3677 2071 3718 amore

498 3779 684 3840 captus
711 3777 814 3831 est,
844 3765 1052 3821 etiamsi
1103 3761 1365 3817 afﬁciatur
1391 3759 1586 3829 probro
1632 3767 1686 3812 et
1715 3755 2030 3812 contumelia
2050 3795 2066 3821 ,

497 3861 709 3918 etiamsi
750 3856 1086 3921 verberetur,
1118 3853 1324 3909 etiamsi
1371 3865 1430 3906 se
1455 3849 1680 3918 turpiter
1721 3857 1777 3903 et
1816 3843 2072 3900 indecore

501 3961 668 4023 gerat,
696 3949 902 4006 etiamsi
928 3946 1226 4017 expellatur
1261 3960 1290 3997 a
1315 3942 1484 4014 patria
1503 3981 1520 4007 ,
1550 3938 1758 3994 etiamsi
1799 3936 1954 3992 bonis
1979 3950 2071 4004 pa-

502 4046 668 4100 ternis
691 4049 981 4100 evertatur.
1009 4037 1217 4093 etiamsi
1241 4036 1406 4106 patris
1426 4031 1792 4088 benevolentia
1815 4029 2069 4099 privetur,

503 4135 710 4192 etiamsi
762 4132 1004 4205 graviora
1031 4130 1280 4200 patiatur,
1306 4143 1368 4182 ea
1387 4125 1485 4181 fert
1502 4123 1734 4195 jucunde
1752 4131 1808 4178 et
1829 4121 2075 4176 lubenter

499 4237 720 4301 propter
742 4238 979 4280 amorem
1007 4221 1348 4291 impudicum.

573 4319 838 4388 Praecpta
864 4315 958 4369 Dei
997 4313 1171 4385 gravia
1207 4327 1308 4365 non
1331 4315 1466 4364 sunt.
1493 4335 1564 4347 —
1589 4304 1740 4373 Quod
1770 4304 1814 4360 si
1841 4303 1928 4358 illa
1954 4317 2073 4358 cum

501 4412 770 4481 voluptate
795 4405 1126 4477 suscipiunt,
1153 4399 1422 4474 quomodo
1449 4414 1555 4453 non
1591 4397 1758 4452 multo
1786 4395 1952 4466 magis
1980 4393 2075 4448 Dei

503 4509 786 4574 praecepta,
816 4513 934 4569 qua:
960 4506 1083 4551 sunt
1105 4491 1377 4558 salutaria,
1405 4498 1460 4544 et
1481 4488 1664 4558 glorise
1685 4486 1857 4556 plena,
1886 4494 1940 4540 ct
1966 4499 2079 4539 ma-

501 4608 657 4665 gnam
679 4591 832 4646 nobis
857 4587 1095 4660 praebent
1118 4581 1528 4655 philosOphiam,
1553 4589 1607 4634 et
1630 4578 1858 4634 animam
1890 4576 2078 4630 melio-

502 4701 615 4742 rem
631 4683 886 4748 efﬁciunt,
912 4687 1123 4749 oportet
1145 4691 1267 4731 cum
1284 4689 1473 4744 magna
1498 4672 1763 4742 voluptate
1784 4670 2075 4738 suscipere,

503 4787 558 4834 et
587 4777 720 4834 nihil
749 4788 870 4830 esse
888 4771 1118 4828 difﬁcile
1145 4769 1197 4823 in
1225 4768 1305 4823 eis
1329 4763 1674 4822 existimare?
1706 4761 2076 4816 Difficultatem

502 4870 644 4926 enim
683 4882 791 4922 non
816 4873 1002 4918 natura
1042 4868 1426 4931 praceptorum
1451 4897 1468 4923 ,
1505 4854 1600 4910 sed
1627 4853 1914 4908 multorum
1944 4851 2082 4913 solet

503 4957 746 5015 socordia
765 4954 998 5012 efﬁcere.
1035 4951 1216 5022 Itaque
1235 4950 1279 5004 si
1305 4949 1425 5018 quis
1455 4961 1518 5002 ea
1549 4961 1670 5002 eum
1696 4943 1870 5000 studio
1893 4953 1946 4998 et
1969 4942 2082 4996 ala-

505 5053 693 5106 critate
723 5047 886 5102 animi
910 5043 1184 5113 suscipiat,
1207 5040 1408 5096 videbit
1423 5053 1484 5094 ea
1509 5051 1631 5094 esse
1655 5036 1788 5091 levia
1806 5043 1858 5095 et
1885 5034 2077 5089 facilia.

504 5142 762 5210 Quocirca
791 5137 1000 5194 dicebat
1025 5135 1268 5190 Christus
1303 5151 1316 5187 :
1341 5131 1532 5202 Jugum
1553 5145 1718 5183 meum
1745 5142 1896 5182 suave
1916 5135 2006 5189 est,
2033 5135 2081 5180 et

505 5251 634 5290 onus
676 5247 843 5286 meum
878 5230 981 5283 leue
1017 5225 1226 5299 (Matth.
1258 5225 1344 5279 11.
1372 5222 1485 5294 50).
1530 5222 1596 5277 Et
1633 5227 1692 5274 ttt
1725 5219 1862 5273 scias
1884 5233 1944 5273 ea
1980 5218 2082 5272 hoc

508 5327 666 5383 modo
687 5341 746 5381 se
775 5323 992 5388 habere,
1019 5329 1074 5374 et
1101 5318 1383 5372 multorum
1410 5313 1707 5370 socordiam
1733 5326 1795 5368 ea
1822 5325 1940 5381 qua:
1959 5317 2083 5363 sunt

510 5419 682 5474 facilia
701 5457 719 5483 ,
748 5415 973 5471 reddere
996 5410 1229 5466 difﬁcilia
1255 5451 1272 5476 ,
1301 5407 1532 5463 studium
1567 5413 1743 5460 autem
1771 5417 1834 5460 ac
1857 5401 2083 5471 diligen-

513 5516 638 5567 tiam
688 5509 858 5564 facilia
879 5549 894 5572 ,
938 5521 1000 5561 ea
1030 5519 1148 5574 qua:
1185 5509 1309 5555 sunt
1344 5499 1538 5569 alioqui
1565 5495 1797 5552 difficilia
1828 5513 1842 5550 :
1871 5492 2086 5565 quando

514 5617 704 5659 manna
751 5598 1060 5655 fruebantur
1101 5592 1301 5660 Judaei,
1350 5590 1402 5645 id
1445 5599 1499 5646 et
1536 5605 1676 5660 aegre
1722 5588 1989 5654 ferebant,
2031 5595 2088 5643 et

572 5739 590 5770 ι
617 5736 750 5795 Haec,
781 5735 900 5798 Cum
918 5737 1098 5798 quanto
1126 5729 1287 5798 studio
1313 5732 1430 5798 (μεθ’
1454 5731 1569 5798 ὅσξης
1591 5731 1839 5798 genam),
1863 5731 2071 5780 deerant

513 5798 564 5849 in
587 5792 783 5860 Morel},
805 5796 897 5847 sed
915 5792 1164 5847 habentur
1184 5792 1235 5844 in
1256 5792 1408 5845 savii.
1435 5800 1490 5845 et
1509 5796 1558 5843 iu
1591 5792 1704 5842 Mss.

1200 338 1256 394 S.
1295 334 1569 393 JOANNIS
1602 329 2070 391 CURYSOSTOMI
2110 329 2426 388 ARCHIEP.
2463 330 2995 389 CONSTANTINOP.

2162 454 2389 500 mortem
2429 447 2746 515 exoptabant
2775 465 2789 502 :
2818 448 3013 504 Paulus
3057 458 3237 505 autem
3278 463 3400 506 cum
3445 449 3585 507 fame
3612 469 3744 510 con-

2163 532 2370 590 flictans
2384 537 2646 606 gaudebat
2660 547 2713 592 et
2732 538 3027 594 exsiliebat.
3047 539 3114 595 Et
3137 539 3210 596 illi
3230 540 3442 610 quidem
3463 541 3741 600 dicebant:

2163 627 2346 680 Anima
2371 637 2543 682 nostra
2563 645 2719 683 uacua
2743 639 2815 685 est
2841 632 2894 685 in
2913 647 3100 685 manna
3117 630 3304 704 (Nunt.
3332 633 3420 688 11.
3448 633 3524 704 6).
3544 631 3746 691 Edui-

2162 717 2227 770 sti
2251 732 2342 770 nos
2375 727 2431 770 ut
2473 718 2805 787 interﬁceres,
2851 738 2908 776 eo
2949 723 3083 792 quod
3111 739 3210 776 non
3240 733 3402 778 essent
3425 737 3746 781 monumenta

2163 808 2216 862 in
2256 809 2484 882 ﬁgypto
2517 810 2537 878 (
2563 811 2729 867 Exod.
2753 815 2840 870 14.
2875 817 2932 871 11
2961 816 3015 885 )‘I
3064 815 3262 872 Paulus
3290 826 3468 873 autem
3495 819 3740 876 dicebat:

2167 899 2373 956 Gaudeo
2395 904 2448 957 in
2485 905 2801 972 passionibus
2824 909 2946 962 meis
2968 949 2984 974 ,
3020 919 3066 961 et
3090 910 3303 979 suppleo
3335 927 3396 966 ea
3429 929 3542 982 qua:
3564 914 3744 967 desunt

2164 995 2512 1066 aﬂiictionibus
2542 996 2746 1064 Christi,
2773 1000 2825 1052 in
2846 1016 2996 1054 carne
3016 1019 3126 1055 mea
3151 1001 3367 1072 (Coloss.
3400 1007 3451 1059 1.
3468 1005 3580 1076 24).
3608 1005 3740 1072 Qui-

2166 1085 2389 1140 busnam
2417 1088 2797 1157 passionibus?
2847 1091 3039 1155 Fame,
3068 1093 3190 1159 siti,
3232 1094 3471 1151 nuditate
3493 1137 3508 1162 ,
3548 1105 3603 1151 et
3627 1097 3742 1153 aliis

2166 1177 2432 1232 omnibus.
2478 1177 2544 1232 In
2570 1181 2822 1236 mandatis
2845 1183 2955 1253 ejus
2979 1184 3107 1238 uolet
3133 1185 3300 1240 nimis.
3343 1186 3622 1253 Quomodo
3649 1204 3746 1242 att-

2168 1275 2272 1322 tem
2302 1267 2402 1322 hoc
2436 1268 2572 1324 fiet?
2616 1269 2670 1326 Si
2713 1271 2875 1326 Deum
2912 1273 3076 1341 probe
3102 1276 3381 1332 timeamus
3400 1287 3455 1332 et
3477 1292 3738 1344 amemus,

2166 1361 2212 1413 si
2242 1359 2478 1428 ejusdem
2508 1361 2717 1416 virtutis
2754 1373 2994 1418 naturam
3027 1365 3443 1422 consideremus.
3477 1371 3614 1424 Ante
3640 1371 3742 1426 alia

2165 1450 2308 1505 enim
2338 1454 2554 1521 praemia
2593 1452 2751 1508 habet
2778 1455 2828 1508 in
2859 1456 3030 1524 seipsa
3060 1459 3560 1515 remunerationem.
3609 1461 3741 1516 Nam

2168 1541 2211 1595 si
2244 1557 2348 1596 non
2371 1543 2666 1599 moechatus
2691 1543 2872 1612 fueris,
2894 1547 2938 1601 si
2964 1562 3069 1602 non
3097 1548 3298 1605 tandem
3333 1549 3548 1618 feceris,
3571 1555 3741 1624 cogita

2167 1642 2361 1702 quanta
2385 1633 2575 1692 frueris
2589 1635 2860 1707 voluptate
2877 1653 2980 1693 non
3004 1640 3385 1698 condemnatus
3408 1659 3436 1697 a
3461 1647 3742 1702 conscien-

2169 1725 2239 1778 tia
2267 1733 2375 1788 tua,
2395 1740 2572 1780 coram
2599 1726 2701 1782 tuis
2721 1743 2828 1784 non
2848 1730 3190 1798 erubescens,
3208 1735 3355 1804 puris
3367 1750 3554 1792 omnes
3579 1741 3744 1794 oculis

2169 1814 2403 1871 intuens.
2427 1817 2622 1872 Verum
2653 1817 2862 1878 adulter
2884 1837 2991 1876 non
3019 1833 3102 1878 est
3129 1825 3408 1892 ejusmodi,
3437 1828 3530 1882 sed
3559 1845 3744 1886 omnes

2169 1909 2355 1964 metuit
2367 1923 2429 1965 ac
2444 1909 2708 1976 formidat,
2724 1919 2779 1968 et
2790 1913 2874 1967 vel
2889 1913 3030 1983 ipsas
3047 1915 3260 1970 umbras
3278 1916 3435 1973 habet
3449 1931 3740 1989 suspectas.

2237 1999 2293 2054 2.
2324 1999 2528 2056 Rursus
2557 2017 2748 2058 avarus
2783 2011 2840 2058 et
2882 2004 3090 2061 invidus
3115 2006 3299 2062 eadem
3340 2009 3591 2077 patietur.
3643 2013 3743 2079 Qui

2167 2100 2251 2154 est
2277 2099 2454 2147 autem
2481 2093 2614 2148 liber
2644 2093 2713 2148 ab
2738 2092 2819 2148 his
2843 2135 2860 2161 ,
2905 2105 3089 2153 contra
3119 2111 3179 2153 se
3213 2097 3446 2154 habebit.
3471 2101 3526 2154 2.
3553 2100 3744 2158 Potens

2167 2184 2220 2237 in
2245 2193 2378 2237 terra
2406 2185 2499 2239 erit
2536 2201 2703 2240 semen
2730 2188 2861 2258 ejus.
2909 2187 3054 2243 Solet
3084 2189 3358 2259 Scriptura
3388 2206 3530 2263 saepe
3559 2208 3740 2250 semen

2169 2291 2362 2332 vocare
2386 2291 2494 2332 non
2538 2278 2588 2333 id
2632 2280 2776 2349 quod
2821 2280 3058 2336 nascitur
3083 2297 3146 2337 ex
3175 2292 3376 2339 natum
3402 2285 3621 2352 ordine,
3648 2288 3743 2342 sed

2168 2367 2312 2437 quod
2341 2383 2407 2424 ex
2447 2371 2704 2426 societate
2746 2371 2975 2428 virtutis.
3025 2372 3280 2441 Quocirca
3313 2375 3508 2431 Paulus
3532 2393 3742 2449 quoque

2168 2459 2526 2531 interpretans
2550 2462 2698 2530 illud,
2731 2462 2841 2518 Tibi
2866 2475 2912 2517 et
2931 2465 3106 2519 semini
3128 2474 3213 2520 tuo
3233 2466 3362 2520 dabo
3383 2477 3568 2522 terram
3588 2470 3740 2536 hanc,

2169 2555 2413 2612 dicebat:
2443 2557 2567 2612 Non
2587 2560 2724 2613 enim
2741 2575 2909 2614 omnes
2933 2561 3019 2628 qui
3045 2570 3162 2615 sunt
3178 2579 3242 2616 ea;
3266 2561 3450 2632 Israel,
3479 2566 3516 2618 ii
3543 2565 3742 2621 Israel:

2125 2691 2130 2693 .
2169 2663 2326 2718 neque
2351 2649 2471 2719 quia
2489 2659 2605 2704 sunt
2619 2667 2784 2705 semen
2802 2651 3037 2716 Abrahce,
3066 2669 3236 2708 omnes
3257 2655 3373 2724 lilii,
3402 2656 3490 2709 sed
3509 2657 3564 2710 in
3592 2655 3743 2711 Isaac

2167 2741 2421 2795 vocabitur
2445 2742 2532 2795 tibi
2551 2758 2716 2796 semen
2741 2742 2916 2814 (Rom.
2942 2743 2995 2798 9.
3015 2745 3094 2813 7).
3118 2744 3187 2800 Et
3211 2761 3394 2806 rursus
3422 2765 3435 2802 :
3469 2747 3536 2802 In
3561 2751 3746 2806 semine

2169 2840 2254 2884 tuo
2280 2831 2627 2888 benedicentur
2651 2852 2820 2890 omnes
2843 2847 3011 2908 gentes
3037 2838 3178 2904 (Gal.
3210 2841 3262 2895 3.
3290 2840 3368 2909 8).
3419 2841 3574 2909 Quod
3597 2843 3738 2898 enim

2151 2941 2274 2981 anon
2300 2925 2497 2982 dictum
2524 2928 2594 2984 sit
2620 2928 2687 2984 de
2709 2929 2926 2993 inda-is,
2951 2947 3036 2987 res
3057 2934 3184 3003 ipsa:
3204 2935 3439 2991 indicant
3463 2954 3477 2991 :
3503 2936 3592 3008 qui
3619 2946 3744 2991 sunt

2169 3019 2311 3075 enim
2338 3021 2436 3090 ipsi
2476 3021 2614 3090 pleni
2651 3010 3054 3089 maledictione,
3100 3027 3368 3096 quomodo
3411 3027 3604 3084 fuerint
3626 3031 3742 3085 aliis

2145 3125 2326 3168 .causa
2352 3112 2780 3168 benedictionis?
2817 3116 2911 3170 sed
2956 3117 3083 3172 dicit
3125 3118 3192 3174 de
3223 3119 3456 3175 Ecclesia
3477 3162 3492 3188 ,
3520 3137 3638 3192 quae
3675 3139 3742 3177 ex

2145 3203 2423 3266 .societate
2471 3204 2594 3260 ﬁdei
2637 3207 2753 3275 ejus
2793 3221 2976 3262 semen
3005 3224 3124 3265 esse
3158 3209 3370 3266 dicitur.
3425 3212 3584 3268 Tales
3621 3221 3744 3268 sunt

2170 3309 2317 3366 ergo,
2339 3297 2427 3365 qui
2447 3307 2567 3351 sunt
2593 3297 2784 3352 virtute
2800 3299 3025 3369 praediti,
3045 3311 3099 3356 et
3125 3302 3215 3356 ﬁlii
3235 3319 3440 3370 eorum,
3465 3305 3552 3375 qui
3575 3304 3739 3361 Deum

2173 3386 2378 3440 timent.
2411 3386 2596 3442 Potens
2619 3389 2672 3442 in
2696 3397 2830 3443 terra
2853 3391 2946 3445 erit
2974 3409 3142 3446 semen
3169 3395 3296 3463 ejus.

2253 3477 2464 3534 Virtutis
2511 3497 2736 3547 merces;
2784 3484 2976 3537 virtutis
3019 3495 3064 3539 et
3111 3487 3215 3540 vitii
3252 3487 3454 3543 collatio
3495 3505 3586 3561 per
3623 3507 3744 3545 con-

2174 3571 2350 3623 traria.
2373 3599 2446 3610 —
2462 3571 2635 3638 Quare
2659 3572 2810 3637 dixit,
2833 3572 2902 3628 In
2930 3576 3108 3630 terra?
3138 3577 3205 3631 Ut
3230 3579 3535 3635 ostenderet
3554 3581 3606 3635 id
3626 3597 3746 3636 esse

2146 3662 2331 3722 ,etiam
2357 3671 2639 3732 antequam
2686 3663 2810 3720 hinc
2854 3667 3140 3733 excedant,
3174 3678 3229 3724 et
3263 3680 3544 3741 antequam
3571 3671 3744 3726 bonu-

2174 3769 2288 3807 rutn
2317 3768 2437 3823 quas
2462 3754 2566 3808 illic
2594 3766 2712 3810 sunt
2738 3755 2932 3811 faciant
2950 3759 3262 3828 periculum.
3293 3761 3742 3829 Quemadmodum

2173 3845 2314 3900 enim
2339 3844 2448 3899 dixi
2473 3856 2627 3901 antea
2649 3887 2666 3913 ,
2706 3847 2872 3902 virtus
2901 3849 2955 3904 in
2991 3851 3102 3920 ipsa
3127 3855 3435 3923 operatione
3464 3853 3624 3911 habet
3661 3872 3746 3912 re—

2175 3938 2594 3992 munerationem
2639 3939 2800 3994 etiam
2837 3949 2960 3997 ante
3003 3945 3240 4012 praemia.
3292 3945 3443 4013 Quod
3485 3948 3629 4001 enim
3656 3949 3745 4017 qui

2176 4027 2298 4082 talis
2332 4035 2449 4094 est,
2482 4027 2676 4084 habeat
2698 4041 3141 4102 semen.potens,
3185 4046 3239 4090 et
3281 4038 3369 4106 qui
3411 4047 3497 4093 est
3537 4039 3746 4094 virtutis

2177 4120 2425 4191 praesidio
2448 4123 2705 4188 munitus,
2733 4125 2803 4179 sit
2827 4126 3065 4181 omnium
3093 4129 3513 4198 potentissimus,
3542 4131 3745 4187 docue-

2147 4224 2301 4270 .runt
2333 4216 2580 4285 apostoli,
2621 4217 2969 4274 ostenderunt
2993 4221 3282 4291 prophetae.
3315 4221 3567 4280 Similiter
3588 4227 3747 4280 etiam

2177 4305 2436 4361 Dominus
2464 4306 2534 4362 de
2571 4307 2656 4363 his
2690 4308 3024 4379 significans.
3069 4311 3198 4367 dicit
3231 4331 3243 4367 :
3277 4314 3588 4386 Quicumque
3609 4318 3748 4371 audit

2177 4414 2428 4454 sermones
2452 4415 2606 4462 meos,
2627 4409 2678 4454 et
2701 4401 2825 4470 facit
2851 4418 2954 4469 eos,
2983 4405 3341 4458 assimilabitur
3363 4409 3469 4460 uiro
3495 4408 3748 4477 prudenti,

2177 4490 2262 4560 qui
2289 4489 2554 4559 tediﬁcavit
2578 4490 2785 4545 domum
2807 4509 2952 4547 suam
2975 4511 3126 4566 super
3153 4507 3387 4565 petram;
3424 4509 3470 4553 et
3495 4499 3751 4553 descendit

2178 4582 2370 4650 pluuia,
2403 4593 2638 4636 uenerunt
2665 4583 2830 4653 ﬂuuii,
2861 4585 3108 4654 ﬂaverant
3144 4589 3273 4641 uenti
3291 4605 3310 4654 ;
3351 4599 3398 4642 et
3422 4590 3676 4643 irruerunt
3698 4591 3753 4644 in

2180 4673 2387 4727 domum
2410 4672 2576 4736 illam,
2603 4684 2651 4727 et
2680 4691 2781 4728 non
2806 4676 2982 4730 cecidit
3013 4696 3026 4731 :
3051 4687 3159 4731 erat
3195 4680 3326 4733 enim
3355 4680 3569 4749 fundata
3600 4698 3753 4752 supra

2181 4774 2372 4834 petram
2400 4763 2610 4836 (Matth.
2637 4765 2690 4820 7.
2718 4764 2808 4820 24.
2839 4765 2954 4839 35).
2986 4767 3127 4836 Quot
3151 4769 3462 4838 populorum
3487 4771 3748 4836 incursus,

2181 4864 2312 4926 quot
2338 4857 2432 4911 ira:
2459 4866 2822 4928 tyrannorum,
2865 4867 2997 4930 quot
3021 4875 3198 4926 enses,
3225 4872 3353 4930 quot
3376 4861 3596 4927 lanceae,
3628 4873 3755 4932 quot

2184 4949 2308 5009 tela,
2337 4958 2465 5020 quot
2487 4949 2751 5016 fornaces,
2780 4962 2907 5020 quot
2923 4952 3212 5008 belluarum
3233 4953 3441 5019 dentes,
3469 4964 3598 5024 quot
3615 4971 3754 5026 pne-

2183 5040 2396 5109 cipitia,
2451 5050 2581 5109 quot
2618 5043 2816 5107 maria,
2861 5051 2986 5112 quat
3017 5043 3252 5108 insidiae,
3297 5053 3426 5114 quot
3452 5044 3753 5111 calumnbe,

2183 5137 2313 5198 quot
2339 5130 2759 5186 machinationes
2785 5131 2998 5187 fuerunt
3021 5133 3299 5186 concitata:
3327 5135 3584 5188 adversus
3623 5149 3756 5203 apo-

2185 5221 2395 5276 stolos?
2440 5220 2580 5276 Nihil
2625 5233 2798 5277 tamen
2843 5239 2936 5278 eos
2976 5225 3331 5294 supplantavit
3361 5242 3376 5280 :
3406 5226 3498 5280 sed
3545 5225 3756 5282 fuerunt

2187 5311 2271 5368 his
2295 5312 2544 5370 omnibus
2565 5315 2903 5380 excelsiores,
2931 5317 3362 5384 praetervolantes
3386 5332 3570 5372 eorum
3597 5331 3753 5370 arum

2188 5403 2369 5468 dines,
2397 5405 2486 5474 qui
2529 5405 2658 5474 ipsis
2684 5405 3098 5473 insidiabantur,
3143 5416 3198 5462 et
3235 5407 3379 5478 ipsos
3425 5408 3753 5462 insidiatores

2188 5496 2527 5553 traducentes
2565 5499 2618 5554 in
2661 5512 2786 5552 suas
2832 5510 3029 5567 partes.
3085 5498 3227 5554 Nihil
3267 5507 3350 5553 est
3396 5500 3538 5554 enim
3567 5500 3752 5553 virtuts

2190 5588 2458 5659 potentius
2486 5605 2499 5642 :
2526 5603 2588 5642 ea
2613 5597 2667 5642 et
2693 5598 2838 5657 petra
2870 5597 2952 5643 est
2975 5586 3194 5643 solidior
3211 5629 3226 5651 ,
3255 5598 3317 5644 et
3337 5588 3617 5644 adamante
3645 5589 3758 5642 for-

2192 5685 2298 5741 tior
2326 5701 2340 5738 :
2377 5683 2823 5754 quemadmodum
2849 5697 3034 5738 rursus
3059 5682 3293 5753 nequitia
3331 5683 3463 5737 nihil
3481 5691 3571 5739 est
3587 5682 3756 5747 vilius,

2199 5779 2332 5834 nihil
2361 5775 2674 5832 imbecillius
2694 5815 2714 5842 ,
2731 5776 2946 5832 etiamsi
2972 5778 3090 5846 quis
3112 5775 3186 5833 sit
3205 5774 3456 5834 emunitus
3482 5773 3687 5832 inﬁnita
3713 5775 3762 5832 vi
