4108 6344
335 364 438 422 191

332 484 426 540 διά
469 482 565 540 τὸν
610 483 800 556 μισθὸν
835 485 926 540 τὸν
958 485 1098 558 ὑπὲρ
1125 485 1303 542 αὐτῶν
1340 487 1612 559 κείμενον,
1647 483 1780 538 ἀλλά
1811 482 1898 536 διὰ

333 571 429 622 τὸν
462 568 621 623 θέντα
653 568 824 632 αὑτάς
844 585 858 601 ·
899 570 957 622 τὸ
994 570 1113 640 μεθ’
1147 571 1338 642 ἡδονῆς
1372 570 1609 641 μετιέναι
1637 568 1735 638 τὴν
1765 567 1897 636 ἀρε-

333 653 471 723 τήν·
513 651 575 704 τὸ
607 651 680 722 μὴ
725 652 872 722 φόϐῳ
903 652 1159 724 γεέννης,
1198 653 1331 723 μηδέ
1369 653 1561 723 ἀπειλῇ
1599 651 1894 715 κολάσεως,

334 735 472 806 μηδέ
505 735 805 804 ἐπαγγελίᾳ
851 735 1158 804 βασιλείας,
1191 735 1326 790 ἀλλά
1361 736 1449 788 διὰ
1478 735 1568 788 τὸν
1605 735 1898 804 νομοθετή-

334 839 522 876 σαντα.
555 822 663 875 Kal
691 820 920 891 ἀλλαχοῦ
967 819 1124 874 τοῦτο
1167 824 1326 882 ποιεῖ,
1358 820 1509 892 φησὶ,
1555 821 1767 882 δεικνὺς
1801 820 1897 889 τὴν

331 904 546 975 ἡδονὴν,
572 905 638 975 ἢν
665 904 776 974 ἔχει
807 905 934 975 περὶ
961 903 1030 956 τά
1061 905 1454 976 προστάγματα
1479 903 1571 956 τοῦ
1599 902 1755 956 Θεοῦ.
1802 905 1898 966 Ὠς

335 989 622 1057 γλυκεῖα·
656 987 738 1053 τῷ
773 987 1021 1058 λάρυγτί
1061 1005 1178 1056 μου
1223 989 1297 1041 τὰ
1335 987 1507 1057 λότιά
1541 1003 1654 1042 σου
1683 1003 1696 1016 °
1744 987 1897 1051 ὑπὲρ

328 1070 467 1140 μέλι
495 1069 576 1136 τῷ
605 1073 855 1140 στόματί
885 1088 1023 1140 μου.
1057 1069 1226 1124 Τοῦτο
1261 1071 1355 1124 καὶ
1388 1071 1596 1134 Παῦλος
1627 1069 1890 1139 ἐπιζητεῖ,

331 1151 743 1223 αἰνιγματωδῶς
793 1151 933 1206 οὕτω
969 1153 1141 1222 λέγων
1160 1169 1176 1186 ·
1213 1154 1437 1221 Ὠσπερ
1477 1151 1894 1222 παρεστήσατε

327 1237 480 1306 μέλη
501 1235 667 1306 ὑμῶν
686 1236 878 1292 δοῦλα
904 1237 978 1306 τῇ
997 1239 1331 1306 ἀκαθαρσίᾳ
1352 1239 1448 1291 καὶ
1475 1237 1550 1306 τῇ
1574 1238 1786 1306 ἀνομίᾳ
1805 1238 1893 1303 εἰς

332 1318 442 1385 τὴν
482 1320 737 1388 ἀνομίαν
760 1335 774 1350 ·
810 1321 961 1373 οὕτω
993 1321 1419 1389 παραστήσατε
1449 1321 1520 1375 τὰ
1543 1323 1697 1390 μέλη
1726 1320 1893 1390 ὑμῶν

326 1402 516 1457 δοῦλα
541 1400 617 1472 τῇ
641 1402 990 1472 δικαιοσύνῃ
1018 1405 1103 1470 είς
1129 1405 1441 1474 ἁγιασμόν.

395 1549 672 1610 Τουτέστι,
700 1548 836 1602 Μεθ’
869 1549 1001 1619 ὅσης
1046 1549 1282 1619 σπουδῆς
1303 1589 1318 1612 ,
1371 1549 1488 1621 μεθ’
1522 1550 1652 1621 ὅσης
1693 1549 1886 1603 ἐπιθυ-

326 1631 456 1702 μίας
499 1633 598 1703 τὴν
640 1632 834 1686 κακίαν
879 1631 1165 1698 ἐδιώκετε,
1215 1633 1392 1687 καίτοι
1444 1633 1608 1703 μηδὲν
1656 1632 1887 1687 ἔπαθλον

326 1717 571 1786 ἔχουσαν,
601 1713 739 1767 ἀλλὰ
773 1714 994 1768 κόλασιν
1022 1715 1241 1785 μᾶλλον,
1273 1715 1368 1768 καὶ
1404 1716 1673 1787 τιμωρίαν
1693 1732 1707 1747 ·
1746 1715 1885 1787 μετά

323 1798 588 1868 τοσαύτης
612 1797 834 1862 διώξατε
863 1797 962 1869 τὴν
987 1798 1206 1869 ἀρετήν.
1250 1797 1388 1851 Ἀλλ’
1413 1799 1577 1869 ὅμως,
1610 1798 1705 1852 καὶ
1729 1799 1887 1853 τοῦτο

324 1882 636 1952 σύμμετρον
679 1880 878 1952 ἔφησεν
919 1881 1169 1934 ἀπαιτεῖν
1219 1881 1431 1952 μέτρον.
1496 1882 1720 1936 Μέλλων
1775 1883 1885 1954 γὰρ

320 1965 491 2019 ταῦτα
523 1964 723 2032 λέγειν,
773 1962 946 2026 οὕτως
985 1963 1086 2033 ἔφη
1109 1980 1123 1994 ο
1161 1964 1548 2032 Ἀνθρώπινον
1585 1964 1740 2036 λέγω
1784 1965 1885 2019 διὰ

320 2051 435 2118 τὴν
461 2049 781 2105 ἀσθένειαν
820 2047 933 2116 τῆς
969 2047 1197 2116 σαρκὸς
1228 2047 1393 2118 ὑμῶν
1415 2066 1430 2079 ·
1469 2051 1681 2116 δεικνὺς
1707 2053 1788 2106 ὅτι
1819 2053 1881 2106 ού

322 2133 498 2204 πολλῷ
525 2134 722 2204 ἥττονα
751 2131 1039 2198 ἐπιθυμίαν
1067 2131 1466 2186 ἐπιδείκνυσθαι
1497 2135 1599 2206 χρὴ
1636 2138 1763 2204 περὶ
1787 2136 1884 2208 τὴν

318 2219 538 2290 ἀρετὴν,
564 2218 598 2288 ἢ
632 2216 757 2288 περὶ
786 2216 883 2286 τὴν
907 2215 1107 2269 κακίαν
1131 2215 1540 2287 ἐπεδειξάμεθα.
1568 2219 1631 2270 ’0
1656 2219 1712 2272 δέ
1735 2219 1882 2288 λέγει

316 2302 474 2356 τοῦτό
500 2304 676 2354 ἐστιν·
710 2300 770 2352 El
797 2301 905 2369 γάρ
931 2298 1004 2369 μὴ
1032 2299 1131 2369 τὴν
1161 2299 1330 2370 αὐτὴν
1363 2299 1731 2365 ἐπιδείξωνται
1757 2303 1883 2373 ἀρε-

317 2386 434 2457 τὴν,
465 2384 588 2437 τίνα
615 2382 680 2436 ἂν
703 2382 874 2452 ἔχοιεν
903 2380 1194 2450 ἀπολογίαν
1223 2381 1255 2453 ἢ
1291 2381 1618 2453 συγγνώμην
1657 2385 1706 2437 οἱ
1747 2387 1882 2458 μηδὲ

319 2468 456 2540 μετά
489 2468 590 2538 τῆς
628 2467 796 2536 αὐτῆς
826 2465 1118 2535 ἐπιθυμίας
1158 2466 1507 2537 πρὸςταύτην
1543 2467 1738 2533 ἰόντες
1781 2471 1880 2523 Διά

313 2552 378 2622 δὴ
397 2549 555 2604 τοῦτο
575 2550 667 2603 καὶ
694 2550 722 2600 6
750 2549 1034 2619 προφήτης
1058 2544 1210 2600 εἶπεν
1234 2541 1388 2614 οὗτος
1403 2565 1418 2580 ·
1455 2550 1550 2603 Ἐν
1567 2549 1694 2616 ταῖς
1717 2551 1880 2606 ἐντος

312 2633 450 2700 λαῖς
492 2631 677 2687 αὐτοῦ
725 2632 966 2696 θελήσει
1011 2631 1279 2700 σφόδρα·
1327 2635 1356 2686 6
1397 2632 1504 2702 γάρ
1551 2633 1880 2702 φοϐούμενος

313 2717 475 2772 αὑτὸν
513 2715 591 2780 ὡς
635 2713 775 2787 χρὴ,
823 2714 894 2768 τὰ
934 2716 1280 2785 ἐπιτάγματα
1317 2716 1479 2770 αὑτοῦ
1511 2717 1649 2786 μετά
1679 2717 1880 2789 πολλῆς

309 2801 523 2870 δέχεται
559 2800 657 2870 τῆς
687 2798 998 2869 ἐπιθυμίας.
1027 2798 1224 2869 Διόπερ
1246 2801 1274 2852 6
1313 2801 1440 2870 περὶ
1471 2799 1560 2853 τὸν
1585 2801 1877 2872 νομοθέτην

312 2884 453 2957 ἔρως
500 2885 744 2955 προσηνῆ
782 2885 925 2935 ποιεῖ
950 2882 1040 2935 τὸν
1085 2882 1266 2950 νόμον,
1299 2882 1402 2935 κᾶν
1431 2883 1714 2938 δυσκολίαν
1744 2885 1874 2956 δοκῇ

311 2969 455 3039 ἔχειν
486 2967 626 3021 τινά.
661 2967 768 3020 Kal
799 2965 984 3036 μηδεὶς
1011 2964 1266 3036 καταγνῷ
1294 2965 1386 3018 τοῦ
1419 2966 1596 3035 λόγου,
1627 2971 1674 3021 εἰ
1706 2970 1878 3022 τοιού-

313 3071 391 3124 τῳ
433 3053 709 3124 κέχρημαι
755 3049 1190 3121 παραδείγματι·
1240 3050 1335 3104 καὶ
1375 3052 1480 3124 γάρ
1529 3053 1621 3106 καὶ
1668 3054 1876 3119 Παῦλος

309 3137 580 3207 ἐχρήσατο
609 3132 755 3203 αὐτῷ
781 3133 952 3198 οὕτως
988 3132 1177 3188 είπών⁶
1197 3132 1425 3202 Ὠσπερ
1457 3139 1875 3203 παρεστήσατε

310 3219 383 3272 τὰ
415 3218 566 3287 μέλη
595 3217 762 3287 ὑμῶν
801 3216 952 3289 [278]
986 3216 1175 3272 δοῦλα
1210 3216 1286 3286 τῇ
1331 3219 1686 3287 ἀκαθαρσίᾳ,
1720 3221 1875 3273 οὕτω

304 3299 736 3370 παραστήσατε
782 3300 974 3355 δοῦλα
1025 3299 1100 3369 τῇ
1147 3301 1520 3370 δικαιοσύνη.
1574 3302 1632 3354 Ὀ
1697 3304 1874 3356 τοίνυν

310 3384 513 3456 πόρνης
557 3383 718 3455 ἐρῶν,
766 3383 869 3437 κᾶν
918 3383 1223 3456 ὑϐρίζηται,
1270 3383 1371 3437 κάν
1412 3384 1735 3456 λοιδορῆται,
1771 3385 1874 3440 κᾶν

307 3467 594 3540 τύπτηται,
621 3467 722 3522 κᾶν
745 3469 1050 3540 ἀσχημονῇ,
1082 3469 1184 3521 κᾶν
1208 3469 1304 3540 τῆς
1324 3469 1578 3538 πατρίδος
1609 3470 1872 3541 ἐκϐάλλη-

309 3569 420 3614 ται,
463 3553 556 3606 καὶ
592 3551 694 3620 τῆς
721 3549 980 3622 πατρῴας
1019 3551 1233 3614 οὐσίας,
1278 3551 1377 3605 κᾶν
1408 3553 1504 3622 τῆς
1544 3554 1754 3614 εὐνοίας
1779 3552 1871 3606 τοῦ

308 3635 532 3706 πατρὸς,
572 3634 674 3688 κᾶν
706 3633 868 3706 ἔτερα
918 3634 1273 3706 χαλεπώτερα
1301 3637 1503 3708 πάσχῃ,
1535 3636 1651 3707 μεθ’
1679 3637 1873 3709 ἡδονῆς

307 3718 450 3772 αὐτὰ
477 3717 633 3788 φέρει
669 3716 756 3770 διὰ
783 3718 874 3770 τὸν
903 3718 1079 3788 ἔρωτα
1105 3717 1197 3770 τὸν
1228 3717 1545 3772 ἀκόλαστον.

376 3867 440 3920 El
476 3865 536 3920 δὲ
563 3867 743 3920 ἐκεῖνα
770 3866 890 3938 μεθ’
921 3866 1115 3938 ἡδονῆς
1141 3867 1413 3938 δέχονται,
1448 3867 1564 3933 πῶς
1591 3870 1651 3922 οὐ
1693 3869 1871 3942 πολλῷ

309 3949 508 4020 μᾶλλον
529 3949 600 4002 τά
625 3949 719 4003 τοῦ
745 3949 880 4003 Θεοῦ
923 3949 1285 4020 διατάγματα,
1323 3951 1390 4004 τὰ
1423 3952 1738 4024 σωτηριὼδη
1777 3955 1871 4007 καὶ

301 4033 463 4104 δόξης
501 4033 758 4104 γέμοντα,
805 4033 901 4086 καὶ
949 4033 1148 4104 πολλὴν
1195 4036 1327 4105 ἡμῖν
1378 4035 1684 4106 παρέχοντα
1727 4037 1871 4105 φιλο-

307 4116 518 4186 σοφίαν,
543 4117 637 4170 καὶ
655 4115 833 4188 ψυχὴν
859 4116 1100 4186 βελτίονα
1120 4117 1477 4188 ἐργαζόμενα,
1510 4119 1647 4188 μετά
1669 4119 1870 4188 πολλῆς

299 4201 384 4255 δεῖ
407 4199 657 4270 δέχεσθαι
700 4200 800 4270 τῆς
837 4200 1051 4271 ἡδονῆς,
1084 4200 1178 4252 καὶ
1211 4200 1376 4271 μηδὲν
1405 4201 1660 4255 δύσκολον
1687 4203 1745 4254 ἐν
1774 4203 1872 4255 αύ-

300 4286 417 4348 τοῖς
459 4280 597 4338 εἶναι
636 4285 910 4356 νομίζεινς
957 4286 1066 4356 Τὴν
1098 4286 1204 4356 γὰρ
1244 4285 1524 4339 δυσκολίαν
1565 4287 1662 4356 οὐχ
1700 4287 1868 4356 ἡτῶν

303 4368 694 4438 ἐπιταγμάτων
739 4368 940 4437 φύσις,
992 4369 1108 4424 ἀλλ’
1157 4371 1192 4440 ἡ
1228 4367 1338 4422 τῶν
1377 4368 1585 4422 πολλῶν
1628 4371 1869 4441 ῥᾳθυμία

304 4452 477 4504 ποιεῖν
499 4450 708 4504 εἴωθεν.
754 4451 842 4514 Ὠς
887 4451 942 4504 εί
976 4469 1060 4516 τις
1105 4452 1242 4523 μετὰ
1281 4451 1584 4524 προθυμίας
1618 4453 1757 4506 αὺτά
1785 4453 1870 4506 δέ·

303 4549 469 4603 χοιτο,
513 4533 693 4602 κοῦφα
736 4535 831 4589 καὶ
873 4536 1047 4606 ῥᾷστα
1089 4535 1228 4589 αὐτὰ
1265 4535 1452 4604 δψεται
1501 4535 1646 4589 ὅντα.
1701 4536 1791 4590 Διὸ
1839 4537 1868 4587 6

303 4615 536 4686 Χριστὸς
569 4615 784 4685 ἔλεγεν·
848 4617 902 4672 Ὀ
943 4618 1114 4688 ζυγός
1159 4637 1277 4689 μου
1313 4618 1600 4687 χρηστὸς,
1653 4617 1751 4672 καὶ
1800 4617 1867 4672 τὸ

302 4701 549 4768 φορτίον
579 4717 699 4768 μου
739 4699 1007 4770 ἐλαφρόν
1047 4702 1199 4756 ἐστι.
1249 4702 1358 4755 Kal
1401 4701 1486 4753 ἵνα
1527 4701 1733 4772 μάθῃς,
1785 4702 1867 4754 ὃτι

301 4781 474 4834 ταῦτα
517 4781 703 4835 τοῦτον
747 4781 860 4852 ἔχει
900 4783 991 4837 τὸν
1029 4784 1246 4855 τρόπον,
1283 4784 1375 4837 καὶ
1415 4786 1448 4855 ἡ
1479 4781 1719 4856 ῥᾳθυμία
1759 4784 1868 4838 τῶν

304 4865 511 4919 πολλῶν
561 4868 653 4920 καὶ
706 4867 774 4921 τά
822 4865 1016 4920 εὔκολα
1059 4867 1288 4921 δύσκολα
1345 4867 1679 4936 ἀποφαίνει,
1727 4869 1760 4938 ἡ
1810 4868 1868 4921 δέ

305 4949 508 5022 σπουδὴ
538 4950 633 5004 καὶ⁸
669 4949 736 5005 τά
783 4950 1013 5006 δύσκολα
1056 4953 1227 5023 ῥᾷστα
1244 4964 1258 4979 ⁸
1291 4951 1381 5005 ὅτε
1416 4951 1509 5004 τοῦ
1559 4951 1733 5021 μάννα
1751 4952 1867 5010 ,άπ-

303 5031 500 5103 ηλαυον
547 5035 596 5087 οί
647 5034 903 5096 Ἰουδαῖοι,
951 5035 1045 5089 καὶ
1083 5034 1458 5105 ἐδυσχέραινον
1503 5035 1598 5088 καὶ
1639 5033 1866 5089 θάνατον

302 5115 565 5186 ηὔχοντο·
610 5115 752 5187 λιμῷ
797 5117 854 5170 δὲ
898 5118 1143 5172 παλαίων
1183 5120 1212 5172 6
1254 5117 1464 5181 Παῦλος
1511 5117 1727 5189 ἔχαιρε,
1774 5120 1868 5172 καὶ

302 5197 548 5269 ἐσκίρτα.
594 5200 850 5254 Κάκείνοι
884 5201 982 5271 μέν
1017 5199 1232 5270 ἔλεγον·
1277 5200 1338 5255 Ἠ
1368 5200 1537 5269 ψυχὴ
1580 5199 1749 5270 ήμῶν
1774 5218 1870 5255 καρ

301 5279 588 5347 tdmocb
620 5282 719 5335 ἐπὶ
757 5281 838 5348 τῷ
873 5283 1096 5352 μάννα.
1159 5282 1475 5353 Ἐεήγαγες
1515 5284 1674 5353 ἡμᾶς
1717 5287 1867 5340 ἀπο-

367 5528 564 5638 ἒίῗενίι.
609 5551 689 5583 και
730 5534 939 5599 ἀλλαχοῦ
983 5539 1034 5586 δέ
1071 5540 1248 5594 δεικνύς
1285 5540 1370 5596 τήν
1392 5540 1530 5597 ήδη..
1561 5538 1644 5596 Ὧς
1674 5542 1865 5603 γλυκέα,

304 5605 665 5732 Ϊιζῑῖιλιετρςεβ
690 5661 771 5732 qui
797 5659 961 5732 γει·ιῇι
983 5657 1127 5732 gtidg
1144 5665 1238 5732 εει..
1253 5661 1379 5732 leg];
1397 5663 1522 5711 haud
1540 5661 1696 5732 gubje
1718 5666 1862 5732 κατά-

304 5711 454 5789 ζῃροσς,
480 5724 533 5766 ut
554 5711 781 5789 'papeiur
800 5721 849 5767 in
896 5711 1281 5789 Βῷίίἱερῐιτουὶε.
1306 5711 1509 5774 "Verum
1537 5711 1687 5774 Savilt
1715 5711 1865 5776 ειίοἶη

302 5778 558 5835 tax-iuva;
579 5778 746 5841 habet,
767 5780 1033 5830 secundum
1067 5783 1210 5842 [idem
1231 5798 1346 5836 mss.

621 5883 896 5945 ΡΔτιιοι..
928 5888 1045 5948 Gn.
1089 5889 1210 5949 LV.

1455 369 1821 428 EXPOSlTlO
1859 367 1926 424 IN
1964 368 2288 430 PSALMUM
2325 375 2460 435 CXI.

3449 380 3556 436 292

1999 483 2222 539 κτεῖναι
2251 488 2412 556 παρὰ
2449 489 2517 544 τὸ
2551 490 2638 562 μὴ
2667 486 2818 546 εἶναι
2853 491 3127 562 μνήματα
3161 493 3230 548 ἐι·
3261 493 3557 563 Αἰγύπτῳ.

2010 563 2068 619 ⁸0
2094 567 2149 620 δέ
2181 569 2389 634 Παῦλος
2420 572 2571 641 ἔλεγε
2591 593 2606 607 ·
2627 576 2816 643 Χαίρω
2840 576 2909 630 ὲν
2935 577 3055 643 τοῖς
3088 578 3394 646 παθήμασί
3417 596 3556 645 μου,

1996 649 2096 701 καί
2133 651 2572 723 ἀνταναπληρῶ
2621 658 2693 711 τὰ
2721 659 3100 728 ὑστερήματα
3137 660 3243 712 τῶν
3294 663 3559 728 θλίψεων

1996 732 2101 784 τοῦ
2139 736 2416 801 Χριστοῦ,
2452 739 2521 792 ὲν
2551 737 2626 808 τῇ
2658 743 2838 808 σαρκί
2858 760 2998 809 μου.
3031 743 3210 805 Ποίοις
3238 743 3553 812 παθήμασις

1996 813 2086 884 Τῷ
2122 815 2262 888 λιμῴ
2283 858 2297 881 ,
2333 821 2398 890 τῇ
2428 821 2554 893 δίψῃ
2575 863 2588 885 ,
2620 825 2684 894 τῇ
2720 824 3036 894 γυμνότητι,
3085 826 3178 877 καὶ
3223 828 3336 888 τοῖς
3377 825 3557 886 ἀλλοις

1993 897 2214 954 ἅπασιν.
2233 903 2335 956 Ἐν
2364 905 2493 970 ταῖς
2519 906 2791 972 ἐντολαῖς
2815 907 3001 962 αὐτοῦ
3025 908 3265 975 θελήσει
3297 908 3550 977 σφόδρα.

1995 981 2120 1046 Πῶς
2162 983 2208 1036 δ’
2247 983 2314 1038 ἂν
2358 986 2514 1040 τοῦτο
2545 989 2784 1057 γένοιτο;
2815 989 2913 1042 Ἂν
2950 990 3090 1059 μετά
3135 991 3417 1062 ἀκριϐείας
3463 992 3558 1044 καὶ

1994 1065 2285 1137 φοϐώμεθα
2313 1069 2407 1122 καὶ
2435 1071 2736 1142 ἀγαπῶμεν
2761 1071 2851 1125 τὸν
2881 1072 3012 1125 Θεόν
3032 1089 3045 1102 ·
3077 1073 3142 1128 ἂν
3167 1075 3432 1144 ἐννοῶμεν
3461 1074 3558 1126 αύ-

1992 1148 2090 1218 τῆς
2117 1149 2213 1221 τῆς
2243 1152 2441 1224 ἀρετῆς
2479 1153 2577 1225 τὴν
2611 1153 2790 1225 φύσιν.
2832 1157 2941 1209 Kal
2965 1157 3073 1228 γάρ
3103 1157 3208 1230 πρὸ
3245 1158 3352 1211 τῶν
3383 1158 3555 1211 ἀλλων

1992 1231 2239 1286 ἐπάθλων
2283 1237 2338 1288 ἐν
2380 1236 2542 1308 ἐαυτῇ
2575 1241 2672 1303 τάς
2709 1239 2942 1310 ἀμοιϐάς
2979 1240 3110 1311 ἔχει.
3147 1243 3311 1294 Ὅταν
3337 1240 3445 1309 γὰρ
3477 1242 3552 1311 μὴ

1995 1315 2269 1388 μοιχεύης,
2320 1318 2450 1388 μηδὲ
2503 1321 2752 1392 φονεύῃς,
2801 1323 3050 1394 ἐννόησον
3100 1325 3229 1393 ὅσης
3273 1323 3554 1394 ἀπολαύσῃ

1987 1396 2088 1465 τῆς
2117 1399 2329 1470 ἡδονῆς,
2365 1403 2437 1471 μὴ
2481 1406 3015 1475 καταγινωσκόμενος
3053 1407 3157 1460 ὑπὸ
3201 1406 3292 1460 τοῦ
3323 1406 3551 1459 συνειδό-

1987 1492 2098 1543 τος.
2128 1481 2200 1553 μὴ
2223 1484 2349 1546 τοὺς
2371 1486 2598 1549 οἰκείους
2626 1488 3026 1559 αἰσχυνόμενος,
3063 1489 3324 1560 καθαροῖς
3356 1490 3553 1558 ὀφθαλ-

1991 1564 2111 1628 μοῖς
2167 1564 2304 1634 πρὸς
2368 1567 2613 1632 ἅπαντας
2665 1569 2892 1640 βλέπων.
2948 1573 3087 1626 Ἀλλ’
3134 1573 3230 1642 οὐχ
3286 1575 3315 1625 ό
3368 1571 3552 1643 μοιχὸς

1985 1643 2242 1710 τοιοῦτος,
2271 1648 2404 1703 ἀλλά
2425 1653 2634 1717 πάντας
2658 1653 2850 1726 τρέμει
2877 1656 2970 1709 καὶ
2997 1656 3222 1723 δέδοικε,
3259 1658 3352 1711 καὶ
3377 1658 3550 1720 αὐτὰς

1983 1726 2084 1792 τάς
2113 1732 2268 1795 σκιάς
2299 1733 2586 1806 ὑφορᾶται.

2056 1872 2122 1942 β’.
2186 1875 2352 1930 Πάλιν
2397 1879 2424 1931 6
2473 1877 2798 1949 πλεονέκτης
2850 1878 2940 1932 καὶ
2996 1878 3260 1950 βάσκανος
3295 1878 3364 1932 τά
3411 1880 3548 1932 αῦτά

1983 1957 2250 2012 πείσεται.
2296 1961 2352 2012 '0
2401 1960 2457 2012 δὲ
2497 1961 2698 2014 τούτων
2743 1962 3156 2033 ἀπηλλαγμένος
3207 1963 3275 2015 τά
3309 1963 3545 2018 ἐναντία.

1981 2040 2249 2095 Δυνατὸν
2275 2043 2344 2095 ἐν
2367 2041 2439 2111 τῇ
2463 2043 2536 2112 γῇ
2563 2044 2732 2097 ἕσται
2754 2045 2819 2098 τὸ
2836 2046 3072 2115 σπέρμα
3095 2047 3299 2099 αὑτοῦ.
3321 2047 3546 2116 Σπέρμα

1982 2119 2089 2176 οἶδε
2118 2126 2426 2198 πολλάκιςὴ
2450 2128 2638 2199 Γραφὴ
2666 2128 2843 2197 λέγειν
2860 2131 2918 2182 ού
2940 2131 2998 2182 τὸ
3028 2130 3169 2182 κατά
3183 2129 3393 2196 φύσεως
3418 2131 3547 2183 ἀκο-

1981 2207 2197 2261 λουθίαν
2230 2210 2563 2281 τικτόμενον,
2589 2212 2724 2265 ἀλλά
2750 2213 2810 2266 τδ
2833 2215 2972 2267 κατά
3004 2214 3286 2268 κοινωνίαν
3323 2214 3542 2286 ἀρετῆς.

1980 2290 2070 2342 Διὸ
2107 2292 2199 2345 καὶ
2228 2293 2440 2355 Παῦλος
2485 2294 2798 2364 ἑρμηνεύων
2827 2296 2889 2349 τὸ
2908 2337 2923 2360 ,
2953 2298 3055 2351 Σοί
3088 2297 3260 2352 δώσω
3285 2298 3400 2365 τὴν
3430 2296 3547 2366 γῆν

1980 2375 2205 2441 ταύτην
2239 2375 2338 2428 καί
2374 2375 2456 2442 τῷ
2499 2377 2795 2447 σπέρματί
2835 2392 2953 2432 σου
2975 2419 2990 2441 ,
3040 2379 3256 2448 ἔλεγεν·
3304 2383 3386 2432 Οὐ
3434 2386 3546 2448 γὰρ

1979 2457 2202 2524 πάντες
2245 2462 2299 2513 οί
2339 2459 2407 2522 ἐξ
2445 2461 2682 2530 Ἰσραὴλ
2706 2503 2722 2527 ,
2759 2457 2923 2518 οὗτοι
2977 2463 3250 2532 Ἰσραήλ·
3290 2464 3414 2520 οὐδ’
3456 2466 3546 2520 ὅτι

1977 2541 2216 2609 σπέρμα
2250 2542 2522 2612 Ἀϐραὰμ,
2560 2543 2782 2611 πάντες
2823 2544 3005 2600 τέκνα
3029 2563 3042 2578 ·
3074 2548 3211 2603 ἀλλ’
3239 2548 3310 2601 ἐν
3350 2549 3545 2603 Ἰσαὰκ

1979 2624 2347 2690 κληθήσεταί
2365 2640 2463 2680 σοι
2489 2627 2751 2695 σπέρμα.
2771 2628 2880 2682 Kal
2908 2630 3089 2694 πάλιν,
3128 2632 3224 2685 Ἐν
3250 2629 3327 2696 τῷ
3360 2633 3543 2699 σπέρ-

1973 2707 2116 2774 ματί
2161 2724 2276 2760 σου
2319 2710 2830 2777 εὐλογηθήσονται
2860 2713 3056 2767 πάντα
3109 2713 3182 2767 τὰ
3221 2715 3386 2782 ἔθνη.
3423 2716 3544 2768 Ὀτι

1977 2789 2081 2859 γὰρ
2093 2789 2149 2843 οὐ
2171 2791 2292 2863 περὶ
2317 2791 2576 2848 Ἰουδαίων
2591 2794 2820 2865 εἴρηται,
2858 2797 2926 2849 τὰ
2956 2799 3254 2868 πράγματα
3288 2799 3465 2870 δηλοῖ·
3494 2801 3545 2854 τι

1977 2871 2088 2942 γὰρ
2139 2873 2294 2926 αὐτοὶ
2340 2875 2581 2946 κατάρας
2613 2877 2888 2947 γέμοντες,
2919 2880 3036 2943 πῶς
3077 2881 3143 2934 ἂν
3185 2881 3362 2946 ἄλλοις
3390 2883 3543 2936 εὐλο-

1977 2955 2102 3022 γίας
2126 2957 2365 3024 γένοιντο
2393 2961 2585 3026 αίτιοι;
2620 2961 2754 3013 ἀλλά
2775 2964 2901 3032 περὶ
2928 2963 3026 3032 τῆς
3042 2964 3366 3032 Ἑκκλησίας
3387 2968 3540 3037 φησὶ.

1976 3037 2074 3108 τῆς
2115 3039 2254 3093 κατὰ
2293 3041 2392 3111 τὴν
2431 3043 2713 3096 κοινωνίαν
2749 3044 2849 3114 τῆς
2877 3044 3026 3117 [279]
3058 3047 3292 3112 πίστεως
3323 3050 3542 3120 σπέρμα

1975 3121 2422 3194 χρηματιξούσης
2461 3125 2629 3196 αὐτῷ.
2680 3125 2920 3180 τοιοῦτοι
2961 3129 3139 3183 τοίνυν
3180 3132 3228 3183 οί
3274 3132 3538 3202 ἐνάρετοι,

1974 3204 2069 3289 καὶ
2097 3204 2186 3289 τδν
2215 3206 2348 3259 Θεὸν
2391 3207 2739 3277 φοϐουμένων
2783 3211 2987 3276 παῖδες.
3032 3215 3335 3268 Δυνατὸνε
3371 3217 3440 3270 ἐν
3465 3217 3542 3289 τῇ

1973 3285 2053 3358 τῇ
2089 3287 2155 3341 τὸ
2182 3289 2418 3359 σπέρμα
2438 3293 2644 3346 αὑτοῦ.

2042 3434 2141 3525 Διά
2176 3432 2426 3525 τίῂεῖπεν,
2469 3439 2572 3494 Ἐν
2601 3439 2675 3509 τῇ
2703 3441 2814 3512 mi;
2845 3443 2963 3499 Ἵνα
2988 3445 3133 3519 δείξῃ
3155 3487 3169 3511 ,
3199 3449 3281 3503 ὅτι
3311 3455 3406 3505 καὶ
3436 3455 3543 3525 πρὸ

1971 3519 2071 3608 τῆς
2089 3519 2349 3608 ’ἐχτεῦθεν
2399 3524 2736 3595 ἀποδημίας,
2786 3529 2879 3583 καὶ
2925 3529 3030 3601 πρὸ
3070 3533 3168 3602 τῆς
3201 3536 3397 3608 πείρας
3433 3519 3540 3592 τῶν

1973 3601 2193 3694 ἀγαθῶν
2220 3605 2328 3694 τῶν
2362 3608 2495 3694 ἐκεῖ,
2519 3608 2694 3694 "Quae
2728 3610 2835 3682 γάρ
2861 3610 3030 3684 ἔφθην
3059 3601 3246 3681 εἰπὼν,
3281 3601 3337 3671 έν
3371 3621 3537 3694 ἑαυτῇ

1973 3683 2072 3770 τὴν
2104 3687 2338 3770 ἀμοιϐὴν
2360 3691 2392 3758 ἡ
2423 3690 2590 3762 ἀρετὴ
2614 3691 2896 3763 κέκτηται.
2919 3683 3011 3750 καὶ
3028 3698 3133 3770 πρὸ
3144 3701 3249 3754 τῶν
3265 3683 3535 3759 ἐπάθλωνί

1977 3767 2095 3858 ’ρτι
2120 3769 2227 3842 γὰρ
2253 3772 2280 3858 6
2302 3771 2541 3858 τοιοῦτος
2570 3774 2790 3846 σπέρμα
2818 3777 3039 3832 δυνατὸν
3063 3767 3208 3852 ἔσχε,
3241 3786 3335 3838 καὶ
3357 3788 3385 3840 6
3409 3789 3538 3858 ἀρε-

1971 3851 2069 3940 τὴν
2111 3853 2401 3940 περῗιϐεϐλη
2413 3857 2565 3926 μένος
2601 3859 2818 3914 πάντων
2858 3863 2973 3916 ἐστὶ
3019 3851 3401 3940 δυνατώτερος,
3435 3851 3540 3924 ἐδί-

1970 3935 2133 4023 δαξαν
2175 3939 2227 4023 οί
2259 3939 2545 3993 ἀπόστολοι
2570 3982 2584 4005 ,
2628 3942 2834 4008 ἔδειξαν
2878 3947 2928 3998 οί
2972 3949 3260 4019 προφῆται.
3289 3935 3537 4023 ’Ὁμοίως

1971 4021 2064 4073 καὶ
2093 4022 2120 4074 6
2149 4019 2350 4092 Κύριος
2379 4025 2506 4094 περὶ
2537 4023 2742 4079 τούτων
2771 4028 3072 4096 ἐμφαίνων,
3104 4033 3267 4103 φησίν
3287 4051 3301 4066 ·
3335 4019 3537 4103 Ὅστις

1969 4103 2176 4188 ἀκούει
2201 4122 2320 4172 μου
2342 4105 2482 4172 τοὺς
2505 4108 2746 4176 λόγους,
2764 4111 2863 4163 καὶ
2890 4113 3051 4166 ποιεῖ
3069 4116 3310 4183 αὐτοὺς,
3326 4121 3534 4188 ὁμοιω-

1970 4185 2211 4251 θήσεται
2261 4188 2430 4256 ἀνδρὶ
2476 4192 2768 4260 φρονίμῳ,
2814 4192 2982 4260 ὅστις
3033 4185 3381 4269 ᾠκοδόμησε
3420 4202 3537 4269 τὴν

1969 4271 2162 4354 οὶκίαν
2183 4270 2372 4354 αύτοῦ
2395 4271 2494 4324 ἐπὶ
2517 4272 2629 4341 τὴν
2662 4273 2886 4342 ,πέτραν
2909 4294 2924 4309 ·
2951 4280 3049 4332 καί
3079 4281 3295 4351 κατέϐη
3330 4285 3368 4352 ἡ
3389 4287 3535 4354 βρο-

1969 4351 2070 4419 χὴ,
2099 4352 2196 4405 καί
2233 4349 2422 4422 ἦλθον
2447 4358 2500 4409 οί
2532 4359 2804 4426 ποταμοί,
2856 4359 2953 4413 καὶ
2981 4349 3291 4420 ἔπνευσαν
3316 4349 3370 4420 οί
3401 4349 3535 4421 dire-

1961 4455 2098 4506 μοι,
2144 4437 2244 4490 καί
2286 4438 2671 4504 προσέπεσον
2710 4441 2786 4511 τῇ
2819 4444 2974 4513 οἰκίᾳ
3005 4447 3236 4516 ἐκείνῃ,
3279 4450 3376 4505 καί
3423 4457 3534 4506 οὐκ

1967 4519 2182 4572 ἔπεσε·
2216 4525 2599 4589 τεθεμελίωτο
2639 4524 2746 4593 γὰρ
2787 4527 2886 4580 ἐπὶ
2928 4527 3044 4595 τὴν
3075 4531 3316 4598 πέτραν.
3362 4535 3534 4588 Πόσαι

1966 4603 2150 4672 δήμων
2174 4604 2596 4669 ἐπαναστάσεις,
2633 4609 2787 4662 πόσοι
2835 4613 3110 4682 τυράννων
3157 4615 3340 4684 θυμοὶ,
3390 4619 3533 4672 πόσα

1969 4685 2116 4757 ξίφη,
2155 4689 2295 4742 πόσα
2321 4689 2539 4760 δόρατα,
2572 4693 2714 4746 πόσα
2746 4693 2893 4765 βέλη,
2919 4697 3082 4751 πόσαι
3109 4699 3349 4769 κάμινοι,
3373 4703 3528 4755 πόσοι

1968 4770 2172 4854 θηρίων
2202 4771 2430 4835 ὀδόντες,
2466 4774 2619 4828 πόσοι
2647 4779 2900 4846 κρημνοὶ,
2941 4779 3082 4834 πόσα
3108 4781 3338 4854 πελάγη,
3367 4786 3531 4839 πόσαι

1967 4852 2270 4937 ἐπιϐουλαὶ,
2321 4855 2482 4909 πόσαι
2523 4861 2876 4927 συκοφαντίαι
2900 4901 2914 4924 ,
2974 4864 3114 4918 πόσα
3164 4852 3534 4937 μηχανήματα

1967 4936 2108 4989 κατά
2135 4935 2241 4991 τῶν
2269 4939 2580 4994 ἀποστόλων
2610 4941 2806 5012 ᾔρετος
2837 4945 2953 4998 ἀλλ’
2977 4948 3125 5017 ὅμως
3149 4935 3301 5002 οὐδὲν
3335 4935 3533 5015 αὖτοὺς

1968 5019 2338 5085 ὑπεσκέλισεν,
2385 5022 2521 5076 ἀλλά
2565 5023 2781 5080 πάντων
2814 5029 3132 5101 ὑψηλότεροι
3163 5033 3366 5088 τούτων
3406 5036 3531 5103 ἐγέ-

1967 5119 2136 5161 νοντο,
2174 5103 2313 5175 ὺπέρ
2349 5107 2474 5170 τοὺς
2502 5107 2779 5178 καλάμους
2809 5113 2916 5166 τῶν
2941 5115 3398 5172 ἐπιϐουλευόντων
3435 5136 3532 5171 πε-

1967 5184 2218 5272 τόμενοι,
2264 5187 2357 5238 καὶ
2400 5191 2527 5272 τοὺς
2575 5189 3016 5261 ἐπιϐουλεύοντας
3058 5200 3136 5262 είς
3179 5200 3278 5272 τὴν
3322 5200 3530 5254 ἑαυτῶν

1972 5267 2345 5354 μετατιθέντες
2368 5271 2540 5335 τάξιν.
2578 5275 2742 5328 Οὐδὲν
2774 5279 2882 5349 γὰρ
2919 5280 3117 5352 ἀρετῆς
3144 5267 3528 5354 δυνατώτερον·

1968 5350 2104 5435 αῦτη
2155 5352 2248 5404 καὶ
2281 5353 2484 5424 πέτρας
2515 5359 2872 5430 στερροτέρα,
2908 5350 3002 5417 καὶ
3039 5364 3344 5435 ἀδάμαντος
3379 5350 3531 5435 ίσχυ-

1970 5434 2162 5502 ροτέρα
2182 5453 2194 5463 ·
2225 5435 2410 5503 ὥσπερ
2454 5435 2546 5491 οῦν
2580 5441 2776 5505 κακίας
2809 5444 2960 5498 οῦδὲν
2993 5434 3386 5520 εὐτελέστερον,
3409 5434 3532 5504 ούδέ

1968 5515 2366 5588 ἀσθενέστερον,
2403 5519 2502 5573 κᾶν
2537 5523 2704 5592 μυρία
2732 5541 2814 5589 τις
2915 5515 3372 5602 περιϐεϐλημένος
3393 5532 3532 5605 χρή·-

2027 5796 2052 5827 ε
2075 5793 2196 5857 Reg.
2223 5796 2300 5843 καὶ
2322 5795 2401 5843 τὸν
2436 5799 2554 5847 Θεὸν
2574 5802 2870 5866 φοϐούμενοι.
2898 5808 3007 5853 Δυν.

3130 5918 3206 5984 18
