4090 6338
553 402 659 459 9.93

559 531 720 588 ματα,
749 513 852 567 κᾶν
881 512 1079 584 πολλὴν
1108 508 1305 578 ἔξωθεν
1336 501 1474 578 έχων
1505 505 1844 563 δυναστείαν.
1876 505 1940 558 Εἰ
1964 503 2022 557 δέ
2052 503 2110 554 ἐν

553 605 618 674 τῇ
646 605 714 673 γῇ
745 599 976 669 τοσαύτη
1010 602 1044 670 ἡ
1081 599 1251 669 ἰσχὺς,
1289 595 1559 665 ἐννόησον,
1604 589 1819 656 ἐντοῖς
1868 592 2116 663 οὐρανοῖς

554 689 722 759 πόσης
759 687 1153 741 ἀπολαύσονται
1189 686 1285 755 τῆς
1313 684 1591 751 δυνάμεως
1618 683 1667 734 οί
1707 679 1957 733 τοιοῦτοι.
2008 681 2118 733 Γε-

553 780 659 833 νεὰ
679 777 898 832 εῠθέων
914 773 1403 844 εὐλογηθήσεται.
1420 769 1574 834 Εἶδες
1597 770 1764 845 αὐτὴν
1785 769 2118 840 διαλάμπουο

555 884 671 932 σαν,
695 866 789 919 καὶ
822 864 1044 937 μυρίους
1070 864 1315 935 κήρυκας
1341 861 1436 914 καὶ
1460 859 1747 921 ἐπαινέτας
1778 857 2005 928 ἔχουσαν
2025 855 2119 909 καὶ

555 953 902 1024 οαυμαστάς;
947 951 1085 1004 Ἀλλ’
1116 951 1211 1019 οὐχ
1258 947 1442 1011 ἁπλῶς
1486 947 1614 1008 τοὺς
1654 945 1949 1016 τυχόντας,
1984 942 2120 997 ἀλλά

553 1043 677 1105 τοὺς
718 1038 990 1102 συνετούς.
1039 1037 1171 1091 Οὐδὲ
1213 1036 1321 1107 γάρ
1348 1033 1632 1105 δυνήσεταί
1671 1048 1754 1096 τις
1791 1031 1959 1102 αὐτὴν
1991 1046 2119 1083 συν-

555 1130 685 1181 ιδεῖν
706 1127 814 1180 τῶν
839 1125 1192 1196 χαμαιζήλων
1219 1121 1540 1195 ἀνθρώπων,
1566 1120 1679 1175 ἀλλ’
1707 1113 1851 1173 οὗτοι
1889 1118 2121 1189 μάλιστα

556 1214 724 1286 αὐτὴν
759 1212 1158 1276 ἐπαινέσονται,
1198 1205 1342 1264 οὗτοι
1372 1209 1762 1280 θαυμάσονται,
1796 1206 1891 1259 καὶ
1919 1208 2121 1274 ἀνακησ

558 1301 827 1373 ρύξουσιν,
858 1301 906 1352 οἱ
937 1299 1009 1369 μὴ
1039 1298 1472 1369 διεστραμμένην
1500 1295 1711 1365 ἔχοντες
1736 1293 1835 1366 τὴν
1860 1294 2119 1349 διάνοιαν.

568 1389 844 1458 Ἐννόησον
868 1385 961 1442 οὖν
991 1387 1172 1458 ἡλίκον
1201 1386 1319 1440 ἐστὶ
1344 1384 1405 1438 τὸ
1433 1388 1638 1455 κτῆμα,
1665 1383 1805 1437 ὥστε
1844 1382 1981 1454 μηδὲ
2012 1381 2119 1434 τῶν

556 1476 799 1546 ἀγγέλων
833 1475 1100 1538 ἀποδέειν,
1143 1474 1277 1546 μηδὲ
1321 1472 1428 1528 τῶν
1469 1472 1801 1531 ἀποστόλων.
1842 1470 1977 1541 μηδὲ
2012 1469 2123 1522 τῶν

561 1564 810 1633 μεγάλων
851 1565 944 1616 καὶ
976 1560 1301 1632 θαυμαστῶν
1320 1577 1333 1590 ·
1363 1561 1456 1614 καὶ
1480 1560 1586 1631 γὰρ
1619 1560 1667 1611 εί
1693 1560 1820 1622 τοὺς
1847 1556 2125 1627 ἐγκωμιά-

558 1650 747 1715 ζοντας
778 1648 944 1720 αὐτὴν
970 1649 1240 1711 τοιούτους
1267 1643 1407 1700 εἶναι
1450 1648 1578 1718 χρὴ,
1614 1646 1805 1699 σκόπει
1848 1644 1942 1698 καὶ
1981 1643 2126 1711 λογί-

559 1739 651 1802 ζου
680 1737 870 1808 ἡλίκην
897 1737 1064 1806 αὐτὴν
1086 1731 1224 1802 είναι
1254 1733 1419 1797 εἰκός.
1447 1734 1605 1798 Δόξα
1636 1732 1735 1787 καί
1756 1732 2025 1796 πλοῦτος
2056 1731 2126 1784 ἐν

557 1822 635 1888 τῷ
667 1824 808 1890 οἴκῳ
850 1823 1054 1878 αὑτοῦ.
1100 1821 1266 1874 Πάλιν
1312 1821 1422 1874 ἀπὸ
1466 1820 1575 1874 τῶν
1604 1818 1875 1891 αἰσθητῶν
1918 1818 2011 1872 ἐπὶ
2057 1817 2127 1871 τά

557 1911 721 1980 νοητά
741 1910 1021 1964 διαϐαίνει.
1039 1906 1159 1963 Οἷδε
1177 1909 1286 1978 γάρ
1308 1910 1399 1961 καὶ
1421 1907 1646 1961 πλοῦτον
1673 1907 1854 1961 καλεῖν
1877 1908 1910 1977 ἡ
1933 1906 1973 1958 Γ
1979 1906 2123 1976 ραφὴ

557 1999 647 2053 τὸν
670 2001 726 2051 ἐν
749 2001 860 2062 τοῖς
890 1998 1070 2067 ἔργοις
1091 2000 1203 2058 τοῖς
1233 1995 1453 2064 ἀγαθοῖς
1475 2012 1490 2027 ο
1513 1995 1588 2058 ὡς
1616 1995 1743 2048 ὅταν
1768 1994 1927 2065 λέγῃο
1966 1993 2128 2061 Ἀτα-

560 2086 840 2155 θοεργεῖν,
869 2082 1154 2138 πλουτεῖν
1197 2083 1267 2135 ἐν
1302 2084 1497 2153 ἔργοις
1528 2082 1788 2151 ἀγαθοῖς.
1813 2074 1983 2144 Οὗτος
2020 2081 2128 2152 γὰρ

561 2174 766 2245 ἀληθὴς
810 2175 838 2226 ὁ
883 2172 1144 2234 πλοῦτος,
1191 2171 1266 2233 ὡς
1298 2171 1327 2224 ὃ
1362 2187 1427 2239 γε
1475 2170 1660 2242 ἐτερος
1695 2169 1865 2241 ὄνομα
1897 2168 2126 2223 πλούτου

558 2262 734 2345 ψιλὸν,
776 2260 1095 2331 πράγματος
1124 2258 1221 2329 ἐρη
1231 2274 1351 2329 μον.

626 2423 691 2476 Εἰ
723 2421 781 2476 δὲ
813 2422 906 2475 καὶ
928 2420 1115 2475 τοῦτον
1145 2420 1294 2490 λέγει
1320 2437 1425 2485 τις,
1462 2419 1583 2473 οὐδὲ
1627 2418 1798 2484 οὕτως
1826 2418 2131 2491 ἀποοτηοό-

562 2509 705 2579 μεθα
753 2509 847 2562 τοῦ
888 2509 1065 2576 λόγου.
1090 2509 1161 2561 Τί
1198 2508 1307 2581 γὰρ
1340 2507 1405 2562 ἂν
1431 2503 1498 2579 ἦν
1529 2508 1623 2561 καὶ
1651 2509 1708 2560 ἐν
1736 2508 1983 2579 χρήμασι
2021 2506 2128 2559 τῶν

564 2597 870 2650 ἀποστόλων
923 2594 1318 2667 πλουσιώτερον
1338 2635 1354 2661 ,
1398 2591 1479 2660 οἷς
1532 2594 1781 2665 καθάπερ
1825 2596 1889 2648 ἐκ
1940 2592 2130 2666 πηγῶν

561 2684 773 2740 ἅπαντα
797 2684 943 2758 έρρει
967 2684 1155 2753 ;Ὄσοι
1182 2683 1292 2755 γὰρ
1314 2681 1596 2752 κτήτορες
1619 2684 1847 2752 χωρίων
1864 2683 1900 2753 ἣ
1929 2681 2132 2736 omam

561 2771 857 2843 ὑπῆρχον,
898 2771 1243 2835 πωλοῦντες
1270 2770 1484 2840 ἔφερον
1512 2771 1609 2824 καί
1640 2769 1878 2824 ἐτίθουν
1915 2770 2021 2835 τὰς
2048 2786 2131 2822 τι-

561 2854 675 2930 μὰς
727 2859 884 2927 παρὰ
936 2857 1079 2923 τοὺς
1128 2857 1320 2923 πόδας
1369 2854 1491 2911 τῶν
1536 2855 1912 2912 ἀποστόλων.
1971 2856 2133 2928 Ὁρᾷς

561 2945 790 3000 πλούτου
842 2945 1188 3017 φιλοτιμίαν;
1239 2945 1320 2998 Τὰ
1374 2943 1592 2999 πάντων
1644 2943 1968 3014 ἐκέκτηντο,
2034 2944 2134 3013 τῆς

561 3035 833 3107 φροντίδος
861 3035 1039 3087 αὐτῶν
1068 3032 1493 3104 ἀπηλλαγμένοι,
1523 3030 1797 3104 κα“ι,[280]
1834 3031 2022 3102 ὥσπερ
2046 3033 2129 3085 0E-

562 3125 780 3194 κονόμοι
824 3123 1022 3196 μᾶλλον
1067 3121 1246 3176 αὐτῶν
1298 3122 1451 3185 ὄντες
1504 3121 1537 3192 ἢ
1584 3121 1857 3174 δεσπόται.
1909 3122 1972 3174 Οἱ
2023 3120 2132 3192 γὰρ

565 3211 812 3282 ἔχοντες,
861 3210 955 3264 τοῦ
1011 3210 1153 3280 ἐχειν
1196 3209 1578 3281 ἀφιστάμενοι,
1622 3208 1794 3272 οὓτως
1835 3209 1977 3263 αύτά
2020 3210 2134 3270 τοῖς

565 3298 877 3361 ἀποστόλοις
904 3296 1176 3368 ἐκόμιζον,
1198 3298 1349 3351 αὐτοὶ
1380 3297 1478 3369 μὲν
1503 3296 1643 3350 αὐτά
1673 3294 2135 3368 ἐξαργυρίζοντες

565 3387 660 3436 καὶ
692 3385 950 3455 χρήματα
980 3383 1278 3447 ποιοῦντες,
1317 3384 1416 3454 τὴν
1443 3384 1500 3437 δέ
1522 3382 1779 3456 διανομὴν
1811 3384 2129 3453 ἐπιτρέπονο

568 3487 657 3533 τες
703 3473 758 3521 ἐν
792 3473 857 3541 τῇ
892 3470 1107 3542 ἐξουσίᾳ
1136 3472 1202 3541 τῇ
1250 3470 1471 3524 ἐκείνων
1525 3470 1786 3538 γίνεσθαι.
1838 3470 1937 3523 Διά
1976 3469 2133 3523 τοῦτο

567 3557 747 3625 ἔλεγεν
794 3561 822 3610 0
868 3557 1108 3621 Παῦλος*
1152 3558 1246 3623 Ὧς
1266 3557 1459 3628 μηδὲν
1487 3556 1765 3626 ἔχοντες,
1801 3556 1902 3610 καὶ
1938 3556 2134 3610 πάντα

569 3644 939 3714 κατέχοντες.
977 3645 1050 3698 Τὸ
1080 3645 1185 3718 γάρ
1214 3644 1524 3716 θαυμαστὸν
1558 3645 1713 3697 τοῦτό
1760 3646 1927 3707 ἐστιν,
1965 3646 2046 3698 ὃτι
2076 3646 2133 3697 ἐν

569 3734 805 3803 τοσούτῳ
834 3731 1046 3803 πλούτῳ
1085 3732 1237 3796 ὄντες
1260 3771 1275 3795 ,
1309 3732 1633 3803 ὑψηλότεροι
1676 3730 1773 3802 τῆς
1819 3730 2139 3800 περιουσίας,

569 3815 710 3890 ἦσαν
727 3834 741 3850 ο
759 3820 852 3873 καὶ
874 3818 982 3891 γὰρ
1002 3819 1063 3872 τὸ
1089 3819 1287 3891 πλῆθος
1316 3820 1512 3882 αὐτοὺς
1541 3819 1601 3871 οὐ
1626 3819 1840 3887 κατεῖχε
1865 3817 1973 3870 τῶν
1998 3834 2130 3889 χρη-

572 3908 776 3978 μάτων.
803 3907 971 3960 Τοῦτο
994 3906 1227 3977 μάλιστα
1264 3904 1509 3974 πλοῦτος,
1540 3905 1599 3959 τὸ
1636 3906 1711 3978 μὴ
1737 3904 1943 3958 δεῖσθαι
1965 3905 2129 3959 πλούο

568 4010 680 4047 του.
710 3995 862 4059 Δόξα
888 3994 983 4048 καί
1003 3994 1265 4060 πλοῦτος
1289 3993 1360 4049 ἐν
1384 3992 1463 4059 τῷ
1482 3994 1623 4059 οἴκῳ
1645 3992 1849 4048 αὐτοῦ.
1866 3992 2131 4047 Ἐνταῦθα

569 4084 751 4138 λοιπὸν
795 4083 913 4137 οὐδὲ
946 4084 1243 4155 ἑρμηνείας
1284 4083 1473 4136 δεῖται.
1524 4080 1681 4153 Εἶχον
1732 4081 1831 4154 μὲν
1876 4082 1983 4153 γὰρ
2025 4082 2124 4153 τὴν

569 4174 724 4239 δόξαν
748 4172 844 4245 τὴν
876 4175 1023 4245 παρὰ
1058 4173 1150 4226 τοῦ
1178 4171 1333 4227 Θεοῦ.
1368 4172 1564 4226 Εἵπετο
1591 4173 1685 4226 καὶ
1714 4171 1852 4243 αῦτη
1876 4169 2017 4225 κατὰ
2043 4170 2133 4224 τὸν

573 4263 712 4315 θεῖον
744 4262 900 4330 λόγον
945 4263 1034 4315 τὸν
1079 4261 1334 4330 λέγοντα·
1371 4260 1608 4329 Ζητεῖτε
1656 4259 1771 4327 τὴν
1808 4258 2136 4325 ,βασιλείαν

570 4350 677 4403 τοῦ
712 4349 878 4413 Θεοῦ,
902 4349 998 4403 καί
1034 4347 1217 4403 ταῦτα
1244 4346 1439 4401 πάντα
1473 4346 1943 4416 προστεθήσεται
1970 4345 2133 4415 ὑμῖν.

572 4437 638 4489 Τί
671 4436 779 4508 γάρ
812 4435 1033 4489 ἐκείνων
1061 4435 1415 4506 σεμνότερον,
1449 4433 1536 4496 Ὠς
1551 4432 1814 4501 ἀγγέλους
1833 4431 1926 4486 τοῦ
1943 4429 2077 4484 Θεοῦ
2109 4443 2134 4470 α

572 4525 845 4597 ἐδέχοντο,
877 4525 947 4579 τά
985 4525 1240 4595 χρήματα
1289 4524 1580 4593 φέροντες,
1618 4522 1771 4594 παρά
1804 4524 1930 4586 τοὺς
1963 4520 2129 4582 πόδας

575 4617 750 4669 αὐτῶν
784 4618 1028 4671 ἐτίθεσαν
1047 4633 1061 4645 θ
1108 4616 1290 4669 λοιπὸν
1320 4614 1414 4668 καὶ
1456 4613 1631 4668 αὐτῶν
1681 4613 1789 4667 τῶν
1815 4613 1876 4667 τὸ
1904 4612 2136 4682 διάδημα

575 4709 967 4780 περικειμένων
991 4709 1356 4781 λαμπρότεροι
1389 4707 1653 4778 ὑπῆρχον.
1681 4709 1840 4771 Ποῖος
1873 4707 1971 4777 μὲν
2002 4706 2138 4777 μετά

572 4800 845 4870 τοσαύτης
882 4799 1048 4872 εἰσῄει
1089 4799 1339 4871 βασιλεὺς
1383 4797 1757 4868 περιφανείας,
1795 4797 1914 4869 μεθ’
1938 4798 2068 4868 ὅσης
2110 4800 2138 4850 0

575 4891 787 4954 Παῦλος
817 4891 1150 4962 ἐθαυμάζετο
1175 4889 1449 4959 πανταχοῦ
1475 4888 1862 4959 φθεγγόμενος,
1879 4888 2138 4962 καίλλύων

578 4983 856 5046 θανάτους,
885 4983 977 5035 καὶ
1001 4980 1237 5037 ἐλαύνων
1268 4982 1567 5053 νοσήματα,
1597 4979 1946 5050 δραπετεύειν
1970 4960 2137 5032 ποιῶν

574 5074 851 5144 δαίμονας,
881 5073 1090 5128 καὶδιά
1114 5074 1223 5128 τῶν
1270 5072 1500 5145 ἱματίων
1530 5071 1636 5124 τῶν
1681 5070 1873 5123 ἑαυτοῦ
1915 5070 2137 5125 τοιαῦτα

577 5164 967 5238 ἐργαζόμενος
986 5161 1152 5231 Οῦτος
1180 5167 1278 5237 τὴν
1294 5165 1397 5236 γῆν
1415 5163 1641 5234 οὐρανὸν
1672 5161 1867 5227 ἐποίει,
1884 5164 1978 5216 καὶ
2000 5161 2139 5234 πρὸς

573 5258 673 5327 τὴν
700 5255 896 5327 ἀρετὴν
930 5255 1171 5320 ἅπαντας
1197 5251 1575 5326 ἐχειραγώγει.

644 5411 712 5472 γ’.
752 5405 815 5457 Εἰ
845 5404 899 5457 δὲ
931 5406 989 5459 ἐν
1014 5407 1079 5475 τῇ
1120 5407 1189 5475 γῇ
1231 5401 1473 5469 τοιαῦτα,
1506 5400 1756 5472 ἐννόησον
1793 5401 1850 5454 ἐν
1895 5400 2140 5473 οὐρανοῖς

577 5494 768 5568 ἡλίκης
788 5496 943 5568 δόξης
959 5496 1373 5550 ἀπολαύσονται.
1406 5494 1470 5549 Τί
1494 5494 1552 5550 δέ
1575 5494 1743 5560 ἐστιν,
1763 5493 1863 5548 Ἑν
1896 5491 1973 5557 τῷ
1997 5492 2140 5561 οἴκῳ

639 5805 670 5836 *³
696 5805 747 5853 In
772 5805 941 5854 Morel.
966 5806 1050 5856 τοῦ
1075 5806 1197 5857 Θεοῦ
1221 5808 1380 5859 deest.

1234 393 1309 447 'S.
1347 387 1631 446 JOANNIS
1667 382 2153 444 CHRYSOS'IOMI
2191 383 2508 440 ARCHEEP.
2549 380 3091 441 CONSTANTINOP.

3669 379 3780 440 291

2215 504 2440 568 αὐτοῦ;
2464 503 2596 558 Μετ’
2625 501 2807 566 αὐτοῦ,
2836 500 3019 572 φησίν,
3063 497 3122 551 '0
3136 497 3203 552 ’δὲ
3231 496 3426 563 ἔξωθεν
3463 492 3683 558 πλοῦτος
3714 490 3785 545 οὗ

2218 598 2355 667 μετά
2382 596 2473 650 τοῦ
2504 596 2717 666 ἐχοντος
2740 635 2755 659 ,
2786 594 2970 664 ἐπειδὴ
3014 592 3133 647 ούδέ
3165 592 3222 645 ἐν
3258 588 3522 660 ἀσφαλείᾳ
3559 589 3737 642 κεῖται
3763 626 3781 641 .

2218 688 2353 742 ἀλλὰ
2400 690 2455 740 ἐν
2483 691 2603 750 ταῖς
2644 689 2752 740 τῶν
2786 684 3131 753 συκοφαντῶν
3170 683 3376 753 χερσὶν,
3419 682 3476 735 ἐν
3514 677 3647 743 ταῖς
3668 679 3787 732 τῶν

2217 779 2480 843 κολάκων,
2512 779 2569 832 ἐν
2596 780 2715 841 ταῖς
2732 776 2838 830 τῶν
2858 776 3149 849 ἀρχόντων,
3173 777 3229 828 ἐν
3260 776 3377 837 ταῖς
3398 771 3504 825 τῶν
3533 770 3783 825 οἰκετῶν·

2216 866 2303 920 διὰ
2342 866 2497 921 τοῦτο
2546 863 2816 935 πανταχοῦ
2871 863 3031 919 αὑτὸν
3078 861 3395 933 διασπείρει,
3447 860 3523 933 μὴ
3567 857 3789 930 θαρρῶν

2217 955 2378 1008 αὐτὸν
2407 954 2525 1007 ὅλον
2552 955 2611 1006 ἐν
2636 952 2713 1023 τῷ
2736 952 2868 1023 οῐκῳ
2910 951 3159 1022 κατέχειν
3177 965 3190 980 ·
3218 948 3306 1003 διά
3333 948 3487 1000 τοῦτο
3521 944 3786 1016 φυλακαὶ,

2218 1041 2313 1092 καὶ
2339 1040 2705 1112 προφυλακαὶ,
2745 1040 2842 1092 καὶ
2882 1037 3041 1092 πλέον
3078 1036 3245 1099 οὐδὲν,
3276 1035 3452 1089 πάντα
3486 1032 3789 1103 δυναμένου

2219 1129 2607 1199 διαδιδράσκειν
2661 1126 2890 1181 ἐκείνου.
2938 1125 3049 1182 Καὶ
3100 1126 3140 1193 ἡ
3201 1121 3549 1189 δικαιοσύνη
3596 1116 3793 1173 αὐτοῦ

2215 1218 2380 1289 μένει
2417 1218 2503 1282 εὶς
2534 1214 2639 1269 τὸν
2670 1214 2864 1270 αίῶνα
2906 1214 3012 1269 τοῦ
3056 1211 3291 1278 αίῶνος.
3325 1209 3549 1280 Ἔτερός
3580 1224 3746 1278 φησιν
3767 1225 3787 1238 ο

2231 1305 2293 1359 Ἡ
2326 1305 2702 1373 ἐλεημοσύνη
2747 1303 2932 1357 αὐτοῦ
2965 1301 3134 1373 μένει
3172 1303 3268 1367 είς
3307 1298 3412 1352 τὸν
3451 1296 3634 1351 αἰῶνα
3674 1294 3792 1349 τοῦ

2218 1388 2617 1455 αἰῶνος.Ἢτοι
2636 1390 2733 1460 τὴν
2758 1390 2956 1462 ἀρετὴν
2981 1389 3078 1459 τὴν
3102 1387 3325 1441 καθόλου
3344 1384 3510 1456 φησὶν
3520 1381 3789 1462 ἐνταῦθα,

2220 1478 2338 1548 ἢτοι
2363 1479 2463 1546 τὴν
2482 1457 2858 1548 ἀντικειμένην
2993 1457 3194 1546 ἀδικίᾳ,
3222 1474 3255 1546 ἢ
3288 1471 3467 1535 καθὼς
3494 1470 3676 1541 ἕτερος
3701 1457 3798 1538 εξ).

2227 1564 2495 1636 μηνευτὴς
2547 1563 2672 1634 ἐφη,
2718 1564 2818 1634 τὴν
2860 1561 3261 1634 φιλανθρωπίαν
3292 1560 3384 1614 τὸν
3423 1558 3569 1612 ἐλεον
3616 1556 3792 1625 λέγει.

2225 1653 2475 1706 Τοιοῦτον
2506 1652 2614 1723 γὰρ
2639 1654 2673 1722 ἡ
2706 1651 2806 1722 τῆς
2843 1650 3207 1722 ἐλεημοσύνης
3232 1647 3492 1719 δύναμις,
3521 1644 3797 1699 ἀθάνατον

2227 1742 2454 1811 πρᾶγμα
2481 1741 2575 1793 καὶ
2617 1740 2919 1810 ἀκήρατον,
2949 1739 3044 1792 καὶ
3064 1737 3327 1791 οὐδέποτε
3369 1734 3655 1804 σϐεσθῆναι
3693 1732 3798 1786 δυ-

2225 1829 2473 1896 νάμενον.
2512 1826 2672 1880 nam
2706 1826 2776 1878 τά
2808 1827 2903 1895 μὲν
2939 1822 3250 1897 ἀνθρώπινα
3278 1823 3490 1878 ᾶπαντα
3532 1818 3795 1890 διασύρε-

2225 1932 2335 1976 ται,
2379 1918 2408 1969 0
2444 1915 2501 1967 δὲ
2548 1915 2645 1984 τῆς
2688 1911 3056 1984 ἐλεημοσύνης
3088 1909 3296 1982 καρπὸς
3327 1909 3637 1981 ἀμάραντος
3670 1905 3794 1960 δια-

2229 2003 2379 2073 μένει
2403 2001 2681 2070 διηνεκῶς,
2722 2001 2960 2071 μηδεμιᾲ
2994 1998 3249 2070 δυσκολίᾳ
3275 1996 3479 2069 καιρῶν
3502 1992 3793 2065 ἐλεγχόμε-

2232 2107 2342 2165 νος.
2378 2090 2495 2143 Κᾶν
2518 2090 2626 2161 γὰρ
2655 2088 2716 2142 τὸ
2754 2088 2911 2158 σῶμα
2954 2087 3197 2158 διαλυθῇ,
3221 2084 3401 2155 ἐκείνη
3428 2084 3489 2137 οὐ
3519 2080 3794 2150 συγκαταέ

2226 2177 2410 2232 λύεται
2434 2180 2509 2249 τῷ
2539 2178 2659 2249 βίῳ,
2711 2176 2847 2230 ἀλλά
2872 2173 3247 2248 προαποδημεῖ
3280 2171 3445 2243 μονὰς
3476 2168 3623 2239 αὐτῷ
3655 2182 3794 2238 προσ

2227 2263 2637 2337 ευτρεπίζουσα,
2671 2264 2798 2335 περὶ
2828 2257 2901 2316 ὧν
2938 2279 3099 2333 φησιν
3132 2263 3160 2313 0
3184 2258 3433 2333 Χριστὸς,
3466 2258 3547 2310 ὅτι
3586 2256 3687 2311 Ἐν
3706 2253 3793 2319 τῷ

2228 2354 2370 2416 οἴκῳ
2393 2353 2496 2404 τοῦ
2522 2352 2750 2420 Πατρός
2784 2368 2904 2419 μου
2941 2347 3123 2421 μοναὶ
3166 2345 3389 2400 πολλαί
3420 2345 3594 2399 εἰσιν.
3624 2343 3793 2395 ’Ὥστε

2230 2441 2323 2494 καὶ
2350 2439 2521 2510 τούτῳ
2556 2440 2747 2508 κρατεῖ
2784 2438 2893 2491 τῶν
2919 2435 3289 2508 ἀνθρωπίνων,
3319 2432 3397 2504 τῷ
3426 2430 3660 2501 διηνεκεῖ
3694 2428 3795 2483 καὶ

2232 2529 2462 2600 μονίμῳ,
2490 2528 2623 2600 ὅπερ
2655 2526 2805 2580 οὐδὲν
2829 2525 2942 2595 ἔχει
2968 2523 3075 2579 τῶν
3098 2520 3382 2593 βιωτικῶν.
3415 2518 3585 2594 [281].
3602 2518 3702 2571 'Av
3728 2534 3798 2572 τε

2230 2620 2338 2691 γάρ
2367 2619 2558 2681 κάλλος
2588 2619 2764 2691 εἴπῃς,
2796 2618 2934 2688 νόσῳ
2967 2613 3306 2689 μαραίνεται,
3331 2612 3424 2666 καὶ
3444 2612 3589 2683 γήρα
3611 2608 3795 2662 δαπαα

2230 2711 2409 2763 νᾶται·
2441 2709 2504 2762 ἄν
2533 2725 2591 2761 τε
2619 2706 2935 2761 δυναστείαν
2961 2705 3142 2775 εἴπῃς,
3182 2702 3437 2764 πολλάκις
3469 2696 3798 2769 μεταϐάλλε⁵

2229 2815 2318 2852 ται
2338 2813 2351 2827 ⁸
2392 2797 2456 2850 ἄν
2485 2813 2544 2849 τε
2576 2794 2829 2857 πλοῦτον,
2856 2793 2922 2847 ἄν
2957 2809 3017 2845 τε
3048 2791 3173 2848 ἀλλο
3197 2789 3369 2844 ὁτιοῦν
3397 2785 3505 2841 τῶν
3527 2782 3796 2856 λαμπρῶν

2233 2884 2326 2937 καὶ
2349 2882 2660 2954 περιφανῶν
2679 2882 2786 2934 τῶν
2808 2879 2951 2935 κατά
2974 2879 3064 2933 τὸν
3092 2877 3334 2949 παρόντα
3364 2875 3494 2944 βίον,
3526 2872 3559 2943 ἦ
3586 2871 3798 2937 ζῶντας

2233 2970 2513 3031 ἀπέλιπεν,
2534 2970 2566 3039 ἢ
2596 2968 3021 3039 τελευτήσαντας
3047 2966 3283 3035 γυμνοὺς
3316 2963 3410 3015 καὶ
3430 2961 3662 3033 ἐρήμους
3680 2959 3801 3013 εἴα-

2235 3074 2346 3113 σεν.
2385 3056 2521 3112 Ἀλλ’
2545 3057 2642 3127 οὐχ
2664 3057 2693 3109 0
2718 3056 2816 3127 τῆς
2844 3053 3188 3124 δικαιοσύνης
3217 3051 3426 3121 καρπὸς
3448 3048 3708 3112 τοιοῦτος·
3729 3049 3797 3100 οὐ

2233 3146 2407 3216 χρόνῳ
2437 3145 2759 3207 δαπανᾶται,
2795 3144 2856 3198 οὐ
2885 3144 3099 3213 θανάτῳ
3122 3141 3486 3203 διακόπτεται,
3515 3136 3647 3190 ἀλλά
3669 3136 3801 3188 τότε

2237 3233 2434 3303 μᾶλλον
2449 3231 2654 3301 ἀσφαλέ
2661 3248 2748 3284 στε
2758 3249 2847 3303 ρος
2861 3231 3089 3299 γίνεται,
3108 3230 3235 3283 ὅταν
3258 3228 3393 3299 πρὸς
3414 3228 3614 3280 ἐκεῖνον
3629 3240 3804 3277 κατα.

2233 3318 2439 3392 πλεύσῃ
2492 3320 2591 3372 τὸν
2643 3319 2953 3391 ἀκύμαντον
3006 3317 3216 3387 λιμένα.
3277 3313 3683 3380 Ἔξανέτειλεν
3722 3310 3803 3363 ἐν

2233 3412 2434 3463 σκότει
2465 3408 2591 3478 φῶς
2616 3408 2735 3475 τοῖς
2769 3407 2992 3462 εὺθέσι.
3042 3406 3147 3461 Τὸν
3182 3402 3525 3476 μακαρισμὸν
3555 3401 3804 3468 ὑπογρά-

2235 3514 2348 3563 φων
2388 3496 2479 3550 τοῦ
2517 3495 2849 3567 φοϐουμένου
2895 3495 2988 3548 τὸν
3019 3493 3174 3556 Θεὸν,
3210 3491 3364 3560 λέγει
3397 3493 3493 3544 καὶ
3527 3487 3598 3541 τὰ
3629 3489 3689 3540 ἐν
3718 3487 3802 3556 τῷ

2235 3584 2460 3654 παρόντι
2512 3583 2874 3654 συμϐαίνοντα
2916 3581 3248 3652 πράγματα,
3278 3575 3390 3633 οἷον
3434 3578 3518 3632 ὅτι
3554 3575 3800 3630 ἀθάνατα

2233 3672 2397 3726 αὐτοῦ
2425 3674 2494 3726 τά
2523 3674 2774 3743 κτήματα
2792 3713 2806 3738 ,
2842 3673 2923 3725 ὅτι
2948 3670 3106 3742 δόξης
3137 3667 3520 3730 ἀπολαύσεται,
3549 3665 3641 3719 καὶ
3666 3665 3801 3716 πάν-

2232 3777 2340 3813 των
2370 3757 2638 3830 ἀνώτερος
2678 3759 2827 3813 ἐσται
2849 3799 2865 3823 ,
2908 3759 2991 3812 ὅτι
3035 3757 3161 3820 τοὺς
3198 3755 3437 3816 ἐοικότας
3482 3751 3629 3822 αὐτῷ
3657 3750 3803 3803 κατά

2233 3847 2331 3917 τὴν
2363 3846 2582 3919 ἀρετὴν,
2613 3847 2708 3901 καὶ
2733 3846 2900 3900 τέκνα
2921 3844 3085 3901 αὐτοῦ
3115 3843 3451 3914 γινομένους,
3473 3838 3799 3911 ἀχειρώτους

2232 3933 2442 4003 δψεται,
2471 3934 2553 3988 ὅτι
2598 3936 2656 3988 ἐν
2685 3936 2753 4005 τῇ
2784 3933 2893 3986 τῶν
2937 3932 3275 4003 πραγμάτων
3304 3927 3559 3999 δυσκολία
3597 3924 3801 3991 πολλῆς

2232 4020 2478 4088 τεύξεται
2501 4021 2600 4090 τῆς
2627 4020 2830 4085 ἀδείας.
2865 4019 3034 4074 Τοῦτο
3060 4018 3170 4089 γάρ
3200 4020 3365 4083 ἐστιν,
3391 4013 3801 4079 Ἐξανέτειλεν

2233 4109 2304 4163 ἐν
2319 4109 2526 4164 σκότει
2540 4108 2665 4178 φῶς
2686 4108 2809 4172 τοῖς
2835 4107 3056 4163 εὐθέσι.
3088 4107 3211 4169 Τοῖς
3236 4105 3342 4177 γάρ
3360 4102 3504 4156 οὕτω
3528 4099 3801 4170 διακειμέο

2233 4215 2363 4262 νοις,
2396 4200 2507 4260 τοῖς
2540 4195 2675 4267 ὀρθά
2699 4197 2987 4267 βαδίζουσι,
3018 4197 3076 4257 ἐν
3108 4194 3256 4265 μέσῳ
3281 4192 3501 4254 σκότους
3526 4189 3639 4259 φῶς
3667 4188 3803 4242 ἀνα-

2232 4286 2405 4338 τεῖλαι
2429 4286 2856 4355 παρασκευάσει.
2898 4283 2963 4335 Τί
2994 4284 3161 4346 ἐστιν,
3196 4282 3292 4335 Ἐν
3327 4281 3561 4343 σκάπτεις
3589 4276 3707 4330 Κᾶν
3738 4277 3800 4328 ἐν

2234 4374 2411 4445 θλίψει
2445 4373 2541 4428 καὶ
2566 4373 2892 4444 στενοχωρίᾳ
2927 4372 3019 4427 καὶ
3061 4368 3348 4441 πειρασμῷ
3398 4367 3493 4422 καὶ
3534 4362 3803 4427 κινδύνοις

2234 4463 2518 4530 γένωνται,
2555 4462 2690 4531 φησὶ
2724 4459 2924 4531 (ταῦτα
2949 4459 3060 4530 γάρ
3096 4458 3282 4521 σκότος
3331 4456 3553 4526 καλεῖ),
3597 4452 3803 4523 πολλὴν

2235 4552 2417 4615 αὐτοῖς
2443 4551 2641 4614 εὐθέως
2669 4552 2881 4622 ποιήσει
2912 4549 3128 4603 ἔσεσθαι
3159 4547 3255 4619 τὴν
3283 4545 3679 4618 ήδονήν.Ὄπερ
3701 4541 3803 4595 καὶ⁵

2234 4641 2263 4693 0
2296 4640 2504 4702 Παῦλος
2528 4638 2704 4709 δηλῶν
2732 4638 2944 4707 ἐλεγεν·
2983 4641 3064 4692 Οὐ
3102 4636 3253 4691 θέλω
3287 4631 3618 4704 δὲ’ἁγ-νοεῖν
3641 4628 3804 4700 ὑμᾶς

2236 4727 2369 4796 περὶ
2387 4726 2496 4794 τῆς
2518 4727 2776 4795 θλίψεως
2793 4724 2902 4795 τῆς
2925 4722 3249 4794 γενομένης
3269 4720 3413 4791 ἥμῖν
3437 4720 3507 4772 ἑν
3526 4716 3598 4786 τῇ
3612 4716 3799 4784 Ἀσίᾳ,

2237 4815 2327 4868 ὅτι
2355 4814 2481 4868 καθ’
2500 4811 2846 4882 ὑπερϐολὴν
2865 4812 3288 4880 ἐϐαρύνθημεν,
3321 4807 3477 4861 ὥστε
3508 4806 3802 4871 ἐξαπορηο

2238 4899 2412 4969 θῆναι
2441 4899 2716 4968 ἡμᾶςκαὶ
2744 4898 2849 4952 τοῦ
2872 4897 2998 4967 ζῇν.
3025 4894 3176 4960 Εἶδες
3202 4895 3261 4948 τὸ
3290 4896 3479 4957 σκότος
3497 4910 3510 4957 ;
3528 4891 3801 4946 Ἆλλ⁹αὑὶ
3830 4894 3834 4896 Ἴ

2238 4988 2327 5042 τοί
2347 4989 2416 5042 ἐν
2438 4987 2671 5053 ἑαυτοῖς
2705 4986 2769 5041 τὸ
2798 4987 3098 5054 ἀπόκριμα
3127 4981 3231 5037 τοῦ
3256 4981 3512 5037 θανάτου
3536 4978 3804 5046 ,ἐσχήκα-

2233 5094 2368 5147 μεν,
2400 5078 2500 5131 ἵνα
2519 5076 2605 5145 μὴ
2636 5075 2981 5139 πεποιθότες
3007 5068 3164 5142 ὦμεν
3183 5073 3250 5125 ἐν
3268 5067 3520 5135 ἑαυτοῖς,
3547 5067 3681 5121 ἄλλ’
3700 5065 3803 5117 ἐπὶ

2238 5162 2450 5231 τῷΘεῷ
2464 5162 2543 5229 τῷ
2552 5164 2833 5233 ἐγείροντι
2851 5161 2987 5227 τοὺς
2999 5157 3347 5229 νεκροὺς,ΐ>ς
3357 5157 3425 5212 ἐκ
3440 5154 3808 5223 τηλικοῦτωι»

2240 5252 2511 5307 θανάτων
2527 5252 2817 5318 ἐρρύσατο
2834 5247 3008 5317 ἡμᾶς.
3027 5242 3177 5309 Εἶδες
3197 5245 3256 5299 τὸ
3273 5244 3387 5314 φῶς
3412 5243 3525 5307 πῶς
3541 5238 3802 5304 ἀνέτειλε

2239 5340 2436 5394 Σκόπει
2465 5340 2521 5391 δὲ
2554 5337 2687 5391 αὐτὸ
2727 5337 2819 5390 καὶ
2851 5336 2944 5389 ἐπὶ
2981 5332 3089 5387 τῶν
3118 5332 3285 5405 τριῶν
3316 5331 3538 5385 παίδων.
3571 5325 3810 5399 Προσδο-

2245 5429 2450 5492 κῶντες
2472 5426 2580 5496 γὰρ
2606 5424 3007 5496 ἐμπίπρασθαι,
3035 5423 3223 5495 δρόσου
3253 5419 3643 5494 καθαρωτάτης
3694 5419 3807 5471 άπ-

2242 5517 2382 5588 ἡλαυ
2392 5533 2512 5571 σαν.
2546 5514 2657 5567 Καὶ
2679 5514 2775 5566 ἐπὶ
2795 5511 2888 5565 τοῦ
2915 5510 3113 5582 Δανιὴλ
3137 5509 3194 5563 δὲ
3224 5507 3444 5562 καὶτῶν
3473 5505 3643 5560 ἄλλων
3666 5520 3807 5574 προ-

2243 5603 2446 5674 φητῶν.
2483 5602 2546 5654 Εἰ
2571 5600 2627 5653 δέ
2658 5601 2750 5653 καὶ¹
2793 5599 2935 5653 κατὰ
2974 5598 3168 5670 ἑτέραν
3194 5613 3277 5660 τις
3309 5592 3597 5664 ἀναγωγὴν
3630 5590 3813 5644 ταῦτα

2244 5691 2494 5761 ἐκλαϐεῖν
2518 5689 2684 5751 θέλει,
2712 5689 2805 5740 ἐπὶ
2832 5687 2932 5758 τῆς
2961 5686 3288 5756 οἰκουμένης
3314 5683 3500 5751 ὄψεται
3528 5679 3685 5733 τοῦτο
3712 5694 3806 5746 γε-

2247 5800 2419 5869 γονός.
2442 5796 2778 5868 Κατέχοντος
2796 5795 2904 5865 γὰρ
2922 5793 3014 5850 τοῦ
3038 5794 3260 5856 σκότους
3281 5790 3384 5860 γῆν
3406 5787 3494 5844 καὶ
3516 5788 3811 5848 θάλατταν,
