4112 6342
303 463 414 521 9.95

306 574 565 648 pecuniae,
593 579 648 627 et
673 557 1000 625 extrinsecus
1031 563 1314 619 maximam
1344 559 1536 615 habeat
1564 557 1878 628 potentiam.

305 665 459 735 Quod
504 666 548 722 si
594 671 756 717 tantm
803 668 926 714 sunt
955 672 1138 713 eorum
1186 651 1328 709 vires
1379 653 1432 706 in
1485 661 1663 714 terra,
1714 649 1885 715 cogita

307 768 503 830 quanta
540 755 609 810 sit
646 754 816 808 futura
843 765 1027 804 eorum
1067 748 1120 801 in
1150 746 1294 801 caelis
1320 742 1576 816 potentia.
1621 739 1886 830 Generatio

305 829 560 905 rectorum
584 846 920 900 benedicatur.
965 838 1151 893 Vidisti
1171 851 1290 891 eam
1316 832 1656 903 resplendere
1678 873 1692 895 ,
1724 837 1777 884 et
1803 829 1886 881 in-

310 940 673 1005 numerabiles
697 937 896 990 habere
925 931 1318 1002 praedicatores,
1351 925 1676 989 laudatores,
1707 931 1761 977 et
1789 920 1887 974 ad-

311 1030 630 1088 miratores?
675 1029 753 1083 Ac
787 1042 892 1080 non
926 1036 1125 1078 temere
1150 1019 1452 1091 quoslibet,
1483 1017 1575 1072 sed
1601 1016 1884 1084 sapientes.

312 1125 493 1196 Neque
542 1124 684 1177 enim
731 1121 1008 1190 quisquam
1037 1130 1102 1169 ex
1149 1111 1449 1168 hominibus
1475 1111 1565 1181 qui
1609 1117 1734 1164 sunt
1761 1108 1891 1162 viles

311 1227 365 1272 et
383 1214 598 1283 abjecti,
641 1221 695 1266 et
735 1209 882 1265 humi
910 1214 1167 1276 serpunt,
1199 1204 1391 1274 poterit
1427 1216 1544 1256 eam
1572 1200 1888 1269 intelligere,

312 1306 405 1361 sed
434 1306 467 1360 ii
500 1303 729 1358 maxime
752 1315 870 1355 eam
893 1297 1203 1359 laudabunt,
1232 1295 1267 1348 ii
1294 1294 1524 1348 maxime
1547 1290 1890 1345 admirabun-

314 1407 398 1452 tur
421 1407 475 1450 et
513 1392 903 1464 praedicabunt,
931 1389 1020 1459 qui
1048 1402 1154 1442 non
1193 1385 1388 1440 habent
1414 1391 1642 1438 mentem
1671 1397 1892 1452 perver-

314 1504 447 1542 sam.
498 1485 791 1541 Considera
836 1495 963 1550 ergo
1003 1486 1199 1549 quanta
1239 1477 1308 1530 sit
1353 1474 1644 1545 possessio,
1690 1480 1750 1526 ut
1775 1487 1895 1542 quae

314 1595 415 1635 nec
451 1579 652 1648 angelis
683 1591 780 1630 nec
809 1572 1065 1644 apostolis
1105 1585 1207 1625 nec
1246 1569 1454 1639 magnis
1492 1575 1547 1623 et
1571 1567 1895 1621 admirandis

315 1671 444 1725 viris
472 1667 805 1739 praeconibus
830 1671 1013 1720 careat
1041 1679 1054 1716 :
1085 1663 1131 1717 si
1172 1661 1314 1717 enim
1357 1659 1490 1715 tales
1525 1673 1644 1714 esse
1686 1667 1898 1729 Oportet

315 1779 429 1829 eos,
457 1763 546 1832 qui
575 1762 742 1831 ipsam
774 1758 1010 1821 laudant,
1041 1755 1215 1825 cogita
1238 1762 1295 1810 et
1322 1760 1506 1823 reputa
1535 1751 1745 1822 qualem
1777 1766 1896 1806 eam

315 1871 434 1910 esse
459 1865 796 1922 consequens
821 1858 922 1906 est.
953 1851 1006 1906 '5.
1035 1846 1212 1904 Gloria
1236 1856 1282 1902 et
1309 1847 1496 1900 divitia:
1513 1847 1568 1900 in
1591 1845 1742 1899 domo
1763 1846 1896 1916 ejus.

315 1947 520 2002 Rursus
542 1961 569 1998 a
592 1942 927 1998 sensibililms
959 1941 1146 1995 transit
1167 1938 1232 1994 ad
1254 1937 1569 2008 spiritualia.
1587 1936 1737 1992 Solet
1753 1937 1896 1991 enim

314 2039 584 2108 Scriptura
626 2053 718 2092 eas
754 2035 1022 2105 appellare
1065 2033 1306 2097 divitias,
1355 2047 1472 2102 quze
1504 2039 1628 2086 sunt
1662 2031 1715 2086 in
1745 2031 1900 2087 bonis

315 2133 596 2201 operibus;
614 2138 672 2184 ut
696 2129 905 2199 quando
923 2126 1054 2182 dicit
1075 2143 1086 2178 :
1105 2124 1250 2179 Bona
1279 2125 1502 2195 aperari,
1525 2123 1696 2178 divites
1719 2139 1824 2178 esse
1846 2124 1900 2178 in

320 2224 458 2278 bonis
475 2222 791 2292 operibus(i.
815 2219 948 2274 Tim.
965 2219 1018 2274 6.
1037 2219 1148 2288 i8).
1167 2217 1260 2272 Ha:
1285 2218 1424 2272 enim
1453 2226 1577 2272 sunt
1603 2232 1742 2272 vera:
1763 2217 1900 2272 divi-

323 2317 409 2370 tia":
429 2357 444 2382 ,
477 2315 596 2369 aliae
617 2322 741 2368 sunt
766 2313 980 2366 nomine
1003 2319 1204 2365 tantum
1224 2351 1238 2375 ,
1273 2325 1333 2364 re
1353 2317 1529 2363 autem
1551 2308 1664 2379 ipsa
1693 2317 1895 2363 carent.

387 2408 741 2478 Apostolorum
766 2405 970 2459 divitia.
1000 2434 1070 2445 ——
1095 2402 1245 2471 Quod
1275 2403 1319 2457 si
1349 2401 1446 2458 has
1472 2416 1681 2472 quoque
1708 2400 1901 2455 dixerit

317 2502 577 2572 quispiam
617 2500 833 2555 divitias
856 2539 870 2564 ,
913 2513 980 2552 ne
1024 2497 1102 2551 sic
1140 2495 1352 2566 quidem
1394 2493 1706 2549 recedemus
1741 2493 1808 2548 ab
1837 2508 1901 2549 eo

319 2592 458 2664 quod
488 2592 701 2647 dicitur.
731 2589 870 2657 Quid
894 2589 1035 2644 enim
1063 2597 1172 2642 erat
1201 2585 1455 2656 apostolis
1475 2585 1559 2640 vel
1585 2585 1637 2639 in
1664 2585 1902 2655 pecuniis

321 2685 479 2739 ditius
498 2726 514 2751 ,
546 2683 611 2738 ad
641 2697 774 2753 quos
800 2682 976 2736 omnia
1003 2687 1272 2749 tamquam
1299 2693 1366 2731 ex
1403 2675 1634 2732 fontibus
1668 2675 1902 2745 proﬂue-

318 2775 486 2830 haut?
529 2773 844 2843 Quicumque
883 2770 1016 2826 enim
1062 2776 1203 2823 erant
1242 2783 1477 2838 agrorum
1516 2767 1593 2821 vel
1640 2765 1905 2820 domorum

319 2882 626 2938 possessores
650 2906 665 2930 ,
704 2863 968 2918 uendentes
1005 2859 1276 2928 offerebant
1317 2866 1363 2912 et
1406 2857 1652 2929 ponebant
1691 2858 1906 2926 pretium

321 2967 440 3010 ante
468 2955 616 3025 pedes
644 2953 985 3024 apostolorum
1015 2949 1157 3024 (Act.
1181 2949 1234 3004 4.
1264 2948 1388 3019 54).
1414 2947 1575 3002 Vides
1603 2963 1761 3018 opum
1786 2962 1904 3003 ma-

319 3045 718 3118 gniﬁcentiam?
755 3042 1003 3100 Omnium
1043 3042 1180 3096 bona
1218 3038 1594 3110 possidebant,
1622 3039 1690 3093 ab
1718 3053 1902 3094 eorum

322 3157 446 3197 cura
478 3140 666 3205 liberi,
694 3147 749 3194 et
774 3147 834 3193 ut
856 3136 948 3208 qui
976 3144 1156 3192 essent
1182 3149 1370 3190 eorum
1409 3133 1582 3204 potius
1607 3132 1899 3199 oeconomi,

322 3248 478 3304 quam
501 3231 721 3287 domini.
742 3229 840 3298 Qui
866 3228 1008 3284 enim
1033 3226 1319 3290 habebant,
1342 3224 1542 3280 habere
1564 3224 1901 3288 desistentes,

323 3340 384 3380 ea
405 3322 714 3380 adferebant
733 3321 801 3376 ad
821 3320 1087 3391 apostolos
1108 3335 1124 3378 :
1147 3318 1244 3388 ipsi
1267 3317 1479 3387 quidem
1501 3315 1899 3380 venumdantes,

325 3423 382 3470 et
417 3413 695 3484 pecuniam
737 3418 1106 3480 comparantes
1129 3449 1144 3472 ,
1175 3407 1543 3477 permittentes
1579 3417 1754 3460 autem
1791 3405 1905 3473 ejus

325 3505 750 3562 distributionem
795 3517 915 3558 esse
962 3501 1017 3556 in
1063 3501 1272 3556 illorum
1320 3506 1600 3570 potestate.
1645 3498 1904 3566 Quocirca

327 3597 518 3652 Paulus
545 3609 756 3665 quoque
790 3591 1001 3648 dicebat
1031 3609 1046 3643 :
1074 3589 1358 3661 Tamquam
1395 3589 1524 3644 nihil
1559 3589 1794 3642 habentes
1813 3629 1827 3653 ,
1859 3597 1905 3641 et

325 3688 496 3741 omnia
526 3685 834 3756 possidentes
860 3682 952 3754 (2.
980 3681 1099 3737 Cor.
1137 3682 1190 3736 6.
1231 3680 1354 3753 10).
1388 3681 1481 3735 Est
1507 3681 1647 3735 enim
1681 3680 1780 3733 hoc
1807 3680 1902 3733 ad-

325 3777 568 3832 mirabile
591 3819 605 3844 ,
635 3775 776 3846 quod
819 3775 908 3845 qui
950 3774 1110 3828 tantis
1148 3772 1416 3844 pollebant
1452 3771 1647 3826 divitiis
1670 3813 1685 3835 ,
1726 3778 1907 3826 essent

326 3871 662 3926 facultatibus
687 3868 789 3924 illis
814 3867 1118 3937 superiores
1146 3883 1161 3922 :
1193 3881 1287 3922 eos
1315 3866 1455 3921 enim
1483 3882 1587 3920 non
1619 3867 1784 3920 tenuit
1812 3865 1908 3918 ob-

328 3965 516 4018 noxios
553 3961 788 4032 pecunia:
817 3961 988 4029 copia.
1019 3959 1110 4013 lia:
1138 3968 1260 4012 sunt
1285 3959 1368 4014 vel
1405 3959 1646 4012 maxima:
1671 3957 1865 4012 divitiae
1885 3997 1902 4022 ,

327 4070 432 4109 non
463 4069 620 4124 egere
649 4052 862 4107 divitiis.
897 4050 1072 4105 Gloria
1107 4059 1153 4104 et
1187 4049 1372 4104 divitia:
1398 4050 1449 4102 in
1477 4049 1626 4103 domo
1655 4049 1780 4118 ejus.
1812 4047 1908 4102 Hic

326 4145 469 4216 quod
498 4152 776 4214 superest,
808 4157 912 4197 non
950 4149 1070 4211 eget
1108 4140 1560 4208 interpretatione.
1601 4138 1908 4192 Habuerunt

327 4238 468 4292 enim
498 4236 718 4306 gloriam
748 4250 865 4303 qua:
890 4249 918 4286 a
946 4234 1055 4288 Deo
1083 4231 1452 4302 proficiscitur.
1483 4230 1596 4299 Ipsa
1622 4237 1798 4282 autem
1823 4242 1908 4283 sea

329 4328 606 4396 qnehatur,
637 4334 693 4379 ut
719 4325 845 4380 dicit
878 4323 1054 4378 divina
1098 4322 1369 4391 Scriptura
1400 4336 1416 4374 :
1447 4320 1666 4387 Quwrite
1703 4332 1909 4389 regnum

331 4419 456 4483 Dei,
493 4429 538 4473 et
583 4418 689 4471 Itwc
725 4417 893 4470 omnia
933 4415 1236 4494 adﬁcientur
1271 4412 1406 4466 vobis
1434 4409 1652 4481 (Matth.
1686 4410 1737 4464 6.
1778 4407 1901 4482 '53).

331 4511 465 4580 Quid
507 4509 647 4565 enim
695 4509 800 4563 illis
849 4505 1248 4564 honorabilius?
1284 4503 1408 4574 quid
1449 4500 1910 4571 magniﬁcentius?

333 4605 622 4674 Tamquam
662 4601 877 4672 angelos
913 4601 1004 4655 Dei
1031 4598 1388 4668 suscipiebant
1412 4598 1430 4629 ¹
1460 4616 1474 4651 ε
1503 4595 1752 4666 pecunias
1777 4595 1910 4649 alle-

334 4703 513 4749 rcntcs
533 4736 547 4758 ,
574 4693 640 4747 ad
670 4708 852 4746 eorum
892 4691 1052 4759 pedes
1094 4688 1395 4759 ponebant;
1437 4686 1500 4740 iis
1529 4686 1756 4755 denique
1775 4726 1790 4750 ,
1821 4684 1910 4754 qui

333 4784 504 4853 capite
522 4782 762 4837 diadema
783 4779 1074 4850 gestabant,
1099 4788 1250 4834 erant
1269 4775 1599 4832 illustriores.
1621 4774 1750 4840 Quis
1769 4775 1912 4828 enim

335 4890 427 4930 rex
459 4888 706 4943 umquam
748 4872 1016 4942 ingressus
1045 4861 1129 4924 est
1165 4886 1283 4924 cum
1315 4877 1460 4922 tanta
1491 4867 1756 4932 claritate,
1789 4881 1913 4921 cum

334 4971 529 5034 quanta
573 4963 763 5032 ubique
801 4962 1096 5016 habebatur
1137 4960 1324 5015 Paulus
1364 4959 1416 5013 in
1453 4956 1800 5013 admiratione
1828 4956 1913 5010 lo-

335 5067 528 5124 quens,
559 5069 588 5106 a
615 5063 786 5107 morte
812 5053 1062 5117 liberans,
1089 5051 1302 5105 morbos
1329 5049 1618 5120 expellens,
1645 5047 1914 5102 daemones

337 5145 544 5216 fugans,
576 5153 629 5199 et
667 5144 780 5199 haec
807 5153 968 5214 atque
993 5141 1248 5211 ejusmodi
1279 5142 1360 5195 vel
1389 5141 1515 5196 solis
1543 5139 1776 5194 vestibus
1801 5137 1918 5194 efﬁ-

336 5235 523 5290 ciens?
554 5235 648 5289 llic
675 5244 869 5289 terram
896 5234 1083 5288 cmlum
1110 5231 1350 5296 faciebat,
1376 5239 1430 5286 et
1451 5245 1636 5285 omnes
1659 5228 1725 5283 ad
1754 5228 1917 5282 virtu-

343 5335 446 5378 tem
473 5326 719 5378 ducebat.

412 5418 465 5471 5.
493 5415 695 5471 Divitior:
716 5426 922 5471 terrena:
938 5418 1154 5471 incertae.
1177 5413 1522 5484 Eleemosynw
1541 5409 1854 5478 vis.—Quod
1873 5409 1917 5464 si

406 5635 422 5665 ³
458 5633 513 5684 In
537 5640 719 5695 Graeco,
742 5647 788 5692 ὥς
809 5645 977 5696 ἀπιλως
999 5647 1064 5683 τοῦ
1087 5639 1377 5696 Θιοῦηιειχογτο.
1400 5631 1662 5696 Gentianus
1684 5636 1924 5679 Hert-etus

344 5697 414 5768 sic
435 5704 653 5768 verterat
691 5690 714 5743 ε’
753 5690 1010 5768 tulitquam
1048 5692 1205 5766 angeli
1341 5690 1729 5768 suscipiebantur,
1752 5706 1782 5768 ς-
1811 5703 1921 5768 quae

347 5758 684 5827 interpretatio
707 5770 800 5805 non
826 5754 982 5827 minus
999 5754 1147 5827 seriei
1163 5767 1307 5818 quam
1322 5754 1644 5827 grammaticae
1663 5760 1919 5827 repugnant.

349 5817 387 5888 li
412 5813 541 5888 ettim
579 5821 661 5878 qui
698 5820 929 5888 pecunias
961 5817 1020 5888 ad
1056 5813 1214 5888 pedes
1245 5813 1568 5888 apostolorum
1605 5813 1921 5888 deferebant,

349 5878 477 5940 ipsos
501 5877 738 5942 tamquam
761 5878 966 5943 angelos
988 5877 1070 5928 Dei
1093 5877 1435 5942 suscipiebant.
1465 5879 1546 5925 llic
1567 5883 1643 5926 est
1665 5887 1861 5927 sensus.

1406 439 1763 503 EXPOSITIO
1791 437 1856 494 1N
1897 435 2218 495 PSALMUM
2256 434 2391 492 CXI.

3465 435 3572 492 29$

1989 550 2102 606 hare
2120 550 2170 606 in
2184 564 2329 606 terra
2346 551 2603 616 fecerunt,
2621 553 2790 623 cogita
2811 562 3000 624 quanta
3014 555 3114 609 erit
3130 554 3294 626 gloria
3315 570 3499 612 eorum
3517 558 3568 610 in

1989 644 2153 698 ca-lis.
2168 645 2302 710 Quid
2319 653 2400 699 est
2420 655 2616 707 autem,
2632 644 2697 698 In
2721 646 2871 700 domo
2893 648 3006 718 ejus
3023 649 3048 701 1’
3068 648 3196 703 Cum
3219 649 3355 720 ipso,
3377 650 3567 720 inquit.

1992 736 2240 791 Externa:
2256 745 2430 791 autem
2448 736 2641 792 divitiae
2660 753 2764 792 non
2787 747 3042 794 suntcum
3060 753 3126 794 eo
3145 739 3235 810 qui
3255 739 3411 796 habet
3432 741 3568 800 illas,

1991 825 2416 896 quandoquidem
2446 843 2512 880 ne
2543 827 2594 880 in
2627 834 2740 881 tuto
2764 827 2979 898 quidem
3008 837 3132 883 sunt
3156 829 3448 893 collocatae,
3475 831 3570 886 sed

1994 926 2116 970 sunt
2146 916 2197 970 in
2226 916 2466 971 manibus
2494 916 2959 983 calumniatorum,
2993 918 3043 971 in
3073 918 3314 974 manibus
3339 919 3577 975 adulato-

1993 1027 2135 1077 rum,
2160 1011 2211 1065 in
2238 1011 2481 1065 manibus
2507 1011 2803 1082 principum
2826 1051 2841 1076 ,
2869 1011 2920 1064 in
2953 1012 3198 1068 manibus
3218 1010 3532 1068 famulorum
3556 1031 3572 1068 ε

1995 1111 2049 1156 et
2068 1101 2189 1155 ideo
2217 1115 2310 1156 eas
2336 1101 2530 1172 ubique
2559 1102 2796 1171 spargit,
2831 1117 2936 1156 non
2957 1102 3160 1158 audens
3189 1105 3466 1159 universas
3487 1120 3576 1157 eas

1997 1191 2140 1246 domi
2163 1203 2342 1247 tenere
2363 1208 2378 1246 :
2402 1200 2455 1246 et
2478 1190 2599 1248 ideo
2627 1193 2946 1248 adhibentur
2967 1193 3221 1248 custodia:
3241 1204 3293 1248 et
3311 1196 3572 1258 excolam,

1997 1283 2096 1337 etsi
2130 1283 2228 1337 hoc
2256 1283 2384 1337 nihil
2410 1283 2592 1352 juvet,
2620 1298 2739 1338 cum
2770 1299 2849 1339 ea;
2879 1285 3082 1354 possint
3117 1286 3292 1340 omnia
3323 1287 3576 1357 eﬂ'ugere.

2000 1373 2067 1428 Et
2087 1375 2294 1444 justitia
2332 1376 2441 1446 ejus
2476 1384 2642 1429 manet
2667 1376 2721 1429 in
2753 1378 2991 1430 saeculum
3016 1377 3208 1433 saeculi.
3241 1379 3394 1434 Alius
3416 1380 3578 1446 dicit,

1999 1465 2066 1520 Et
2093 1467 2434 1521 misericordia
2469 1469 2579 1539 ejus
2606 1477 2772 1522 manet
2800 1468 2853 1522 in
2880 1469 3118 1523 siccatum
3145 1473 3335 1526 swculi.
3366 1471 3463 1526 Vel
3497 1471 3584 1526 hic

1999 1556 2125 1612 dicit
2153 1559 2400 1612 virtutem
2427 1557 2480 1612 in
2505 1573 2698 1628 genere
2716 1601 2730 1623 ,
2762 1560 2843 1614 vel
2873 1574 2989 1614 eam
3015 1575 3133 1630 quae
3162 1571 3418 1631 repugnat
3443 1563 3584 1629 inju-

2000 1650 2158 1704 stiti:e
2180 1691 2196 1715 ,
2225 1650 2310 1704 vel
2341 1650 2787 1721 quemadmodum
2816 1651 2945 1706 dicit
2972 1652 3108 1706 alius
3143 1653 3406 1722 interpres
3425 1696 3441 1721 ,
3472 1654 3584 1708 cle-

1999 1741 2250 1796 mentiam
2277 1749 2432 1795 vocat
2456 1741 2891 1796 misericordiam.
2913 1742 3056 1797 Talis
3075 1751 3156 1798 est
3174 1743 3317 1799 enim
3341 1745 3422 1799 vis
3443 1744 3588 1800 elec-

2000 1845 2259 1902 mosynaa,
2287 1846 2374 1886 res
2394 1840 2474 1886 est
2499 1831 2832 1896 immortalis,
2855 1831 3026 1886 aliena
3049 1832 3116 1887 ab
3135 1833 3371 1898 interitu,
3395 1843 3447 1889 et
3465 1850 3586 1904 quas

2002 1923 2219 1978 minime
2246 1929 2421 1992 potest
2452 1922 2737 1992 exstingui.
2765 1923 2940 1993 Atque
2973 1925 3201 1978 humana
3228 1924 3440 1995 quidem
3471 1939 3589 1980 om-

2001 2013 2087 2067 nia
2103 2013 2489 2080 convelluntur,
2509 2013 2709 2068 fructus
2726 2023 2900 2069 autem
2923 2013 3278 2086 elecmosynze
3297 2031 3586 2086 numquam

2002 2114 2177 2173 potest
2195 2120 2548 2173 marcescere,
2569 2121 2665 2161 nec
2688 2107 2794 2160 ulla
2819 2105 3122 2161 difﬁcultate
3145 2116 3440 2177 temporum
3465 2121 3589 2176 pro-

2003 2193 2191 2264 ﬂigari.
2219 2195 2332 2252 Etsi
2359 2196 2500 2250 enim
2527 2210 2721 2265 corpus
2747 2195 2907 2252 fuerit
2931 2197 3267 2262 dissolutum,
3292 2198 3379 2252 illa
3411 2208 3586 2254 tamen

2005 2299 2110 2338 non
2143 2300 2245 2339 una
2271 2300 2390 2340 cum
2416 2286 2524 2340 vita
2550 2285 2878 2352 dissolvitur,
2906 2286 2998 2343 sed
3027 2297 3150 2342 ante
3180 2289 3324 2343 illum
3355 2288 3587 2356 excedit,

2003 2374 2056 2430 ei
2079 2375 2380 2430 mansiones
2405 2389 2730 2446 praeparans,
2758 2375 2826 2431 de
2851 2377 3042 2447 quibus
3067 2377 3195 2433 dicit
3212 2378 3453 2434 Christus
3480 2396 3494 2432 :
3520 2377 3590 2433 In

2005 2467 2154 2521 domo
2189 2467 2366 2522 Patris
2402 2470 2498 2521 mei
2524 2469 2807 2524 mansiones
2836 2470 3010 2524 multae
3036 2480 3155 2524 sunt
3181 2469 3357 2540 (Ioan.
3391 2472 3478 2526 14.
3505 2472 3587 2542 2).

2005 2556 2062 2611 ln
2090 2558 2192 2613 hoc
2218 2560 2393 2630 itaque
2418 2573 2508 2614 res
2531 2559 2788 2615 humanas
2815 2572 3051 2629 superat,
3073 2562 3214 2630 quod
3241 2561 3310 2615 sit
3335 2573 3588 2632 perpetua

2005 2659 2061 2705 et
2097 2651 2301 2705 stabilis
2321 2692 2336 2717 ,
2365 2649 2507 2721 quod
2545 2650 2756 2720 quidem
2787 2651 2926 2705 nulla
2957 2666 3044 2706 res
3074 2652 3231 2707 habet
3258 2668 3439 2708 earum
3467 2670 3589 2724 qme

2005 2742 2072 2797 ad
2102 2742 2236 2797 hanc
2258 2743 2418 2796 vitam
2454 2742 2740 2812 pertinent.
2770 2741 2900 2797 Nam
2930 2743 2974 2798 si
3003 2743 3200 2798 dixeris
3238 2744 3587 2814 pulchritudi-

2007 2850 2162 2901 nem,
2194 2851 2260 2891 ea
2283 2835 2478 2890 morbo
2519 2835 2784 2891 llaccescit
2804 2877 2817 2898 ,
2855 2845 2912 2890 et
2951 2835 3104 2890 senio
3141 2837 3468 2891 consumitur
3499 2854 3512 2890 :
3543 2837 3586 2892 si

2007 2927 2295 2996 potentiam
2319 2965 2334 2992 ,
2367 2941 2429 2980 ea
2467 2940 2609 2996 saepe
2651 2936 2886 2981 mutatur
2917 2944 2930 2980 :
2962 2928 3004 2980 si
3033 2927 3275 2996 divitias,
3306 2928 3350 2984 si
3389 2927 3585 2998 aliquid

2010 3012 2156 3067 aliud
2175 3030 2360 3070 eorum
2383 3059 2396 3081 ,
2426 3032 2545 3087 quae
2573 3017 2625 3071 in
2654 3017 2758 3070 vita
2789 3018 3035 3086 przesenti
3070 3016 3335 3072 habentur
3361 3018 3505 3073 clara
3533 3028 3586 3073 et

2008 3109 2248 3177 illustria,
2271 3124 2333 3164 ea
2358 3109 2440 3164 vel
2469 3110 2617 3164 vivos
2644 3110 2967 3180 relinquunt,
2994 3111 3077 3165 vel
3106 3119 3346 3166 mortuos
3370 3114 3588 3166 omnino

2008 3199 2178 3254 nudos
2201 3207 2256 3254 et
2283 3199 2566 3255 destitutos
2593 3200 2792 3256 sinunt.
2821 3199 2923 3256 Sed
2947 3200 3164 3271 justitize
3193 3218 3298 3256 non
3331 3211 3416 3258 est
3441 3203 3584 3272 ejus-

2006 3294 2152 3349 modi
2179 3291 2384 3348 fructus
2412 3309 2427 3346 :
2458 3308 2561 3348 non
2603 3301 2840 3364 tempore
2868 3295 3228 3361 consumitur,
3267 3312 3372 3349 non
3416 3306 3590 3350 morte

2007 3393 2328 3456 amputatur,
2359 3385 2452 3440 sed
2481 3395 2604 3440 tunc
2645 3386 2807 3442 tutior
2842 3387 3099 3454 redditur,
3131 3387 3341 3459 quando
3364 3389 3431 3442 ad
3460 3404 3587 3459 por-

2009 3483 2120 3530 tum
2145 3475 2314 3539 illum,
2337 3477 2424 3546 qui
2452 3477 2610 3532 nullis
2633 3478 2860 3548 agitatur
2886 3478 3152 3547 ﬂuctibus,
3174 3479 3584 3551 adnavigaverit.

2007 3568 2062 3621 4.
2105 3567 2349 3622 Exortum
2387 3577 2462 3622 est
2499 3568 2552 3622 iu
2600 3570 2810 3623 tenebris
2851 3571 3019 3624 lumen
3063 3571 3224 3625 rectis.
3274 3572 3589 3627 Describeus

2008 3657 2384 3714 beatitudinem
2415 3659 2530 3729 ejus
2557 3660 2644 3729 qui
2677 3661 2826 3715 timet
2855 3660 3020 3716 Deum
3046 3703 3062 3727 ,
3090 3661 3219 3717 dicit
3255 3679 3342 3718 res
3380 3680 3497 3734 qua:
3535 3667 3587 3719 iu

2010 3753 2256 3822 praesenti
2281 3753 2550 3818 eveniunt,
2578 3761 2636 3806 ut
2661 3753 2801 3822 quod
2836 3754 2940 3809 sint
2969 3755 3294 3810 immortales
3321 3756 3436 3826 ejus
3461 3772 3588 3827 pos-

2011 3845 2275 3899 sessiones
2293 3884 2308 3909 ,
2336 3844 2476 3914 quod
2505 3844 2669 3915 gloria
2698 3845 2951 3899 fruiturus
2979 3846 3081 3910 sit,
3108 3846 3248 3917 quod
3279 3848 3348 3902 sit
3382 3847 3591 3904 futurus

2011 3935 2255 3989 omnibus
2279 3935 2539 4003 superior,
2562 3937 2701 4005 quod
2722 3951 2816 3991 eos
2837 3937 2927 4006 qui
2953 3935 3145 3991 fuerint
3165 3938 3211 3993 ei
3233 3939 3426 3994 virtute
3450 3941 3588 3994 simi«

2013 4025 2092 4081 les
2111 4065 2126 4090 ,
2152 4034 2208 4080 et
2231 4028 2346 4095 ejus
2377 4027 2466 4080 ﬁlii
2496 4029 2798 4093 evaserint,
2826 4029 3034 4082 visurus
3066 4028 3136 4083 sit
3170 4031 3548 4101 expugnabiles
3572 4075 3587 4094 .

2014 4115 2066 4169 in
2095 4117 2319 4172 maxima
2348 4133 2523 4171 rerum
2554 4117 2861 4174 difﬁcultate
2890 4119 3277 4176 securissimus.
3308 4121 3420 4178 Hoc
3446 4123 3588 4178 enim

2013 4209 2111 4264 sibi
2141 4209 2253 4263 vult
2277 4209 2422 4275 illud,
2451 4209 2700 4264 Exortum
2729 4221 2798 4264 est
2826 4213 2879 4265 in
2905 4211 3112 4267 tenebris
3134 4213 3303 4268 (unum
3327 4215 3494 4270 rectis.
3522 4216 3592 4271 lis

2013 4301 2153 4354 enim
2188 4301 2276 4370 qui
2314 4302 2392 4356 sic
2428 4310 2554 4356 sunt
2593 4302 2797 4366 allecti,
2841 4304 2906 4358 iis
2937 4305 3026 4374 qui
3067 4313 3211 4362 recte
3245 4307 3589 4376 gradiuntur,

2012 4394 2206 4449 efﬁciet
2233 4403 2290 4448 ut
2315 4395 2366 4450 in
2393 4394 2578 4450 mediis
2609 4395 2840 4450 tenebris
2868 4397 2958 4450 lux
2985 4398 3204 4452 oriatur.
3229 4400 3362 4466 Quid
3390 4411 3494 4467 cst,
3528 4401 3594 4455 In

2014 4485 2268 4540 tenebris?
2295 4486 2404 4540 Etsi
2445 4486 2550 4540 sint
2585 4488 2636 4542 in
2671 4486 2957 4543 alllictione
2977 4529 2995 4557 ,
3025 4490 3075 4544 in
3105 4491 3393 4562 angustiis,
3419 4501 3594 4547 tenta-

2017 4577 2159 4630 tione
2186 4586 2240 4631 et
2263 4577 2512 4646 periculis
2537 4577 2622 4648 (ea
2651 4581 2790 4632 enim
2822 4593 2975 4634 vocat
3000 4582 3290 4654 tenebras),
3318 4583 3512 4639 efﬁciet
3539 4596 3594 4640 ut

2020 4668 2303 4738 plurimum
2329 4670 2408 4723 eis
2436 4669 2573 4723 adsit
2599 4671 2903 4740 voluptatis.
2931 4672 3082 4740 Quod
3117 4674 3274 4728 etiam
3304 4661 3496 4731 Paulus
3523 4679 3596 4731 si-

2016 4758 2270 4828 gniﬁcans
2289 4758 2518 4823 dicebat,
2548 4757 2687 4814 Nolo
2711 4769 2877 4814 autem
2897 4777 2982 4816 vos
3004 4762 3236 4831 ignorare
3255 4765 3317 4818 de
3333 4766 3596 4836 afﬂictione

2017 4869 2128 4924 qua:
2153 4853 2248 4924 fuit
2274 4851 2414 4907 nobis
2451 4853 2504 4907 in
2543 4852 2691 4921 Asia,
2717 4854 2850 4918 quod
2876 4871 3031 4924 supra
3057 4857 3261 4911 modum
3287 4859 3482 4928 gravati
3504 4875 3597 4912 su-

2019 4962 2156 5010 mus,
2187 4956 2241 4999 ut
2278 4947 2425 5000 etiant
2454 4945 2517 5000 de
2548 4947 2648 5000 vita
2681 4945 3017 5002 dubitaremus
3042 4949 3130 5018 (2.
3159 4948 3274 5003 Cor.
3306 4951 3595 5023 1.8.40).

2020 5038 2208 5092 Vidisti
2247 5037 2532 5095 tenebras?
2571 5036 2677 5092 Sed
2708 5038 2806 5108 ipsi
2847 5039 2900 5092 in
2937 5040 3076 5094 nobis
3105 5057 3399 5110 responsum
3427 5045 3608 5096 mortis

2021 5131 2304 5195 habuimus,
2331 5146 2394 5184 ne
2411 5129 2773 5199 conﬁderemus
2799 5132 2850 5185 in
2877 5131 3017 5186 nobis
3043 5134 3185 5202 ipsis,
3209 5135 3296 5188 sed
3313 5134 3364 5187 in
3387 5133 3494 5188 Deo
3514 5133 3599 5206 qui

2021 5223 2226 5276 suscitat
2262 5232 2512 5288 mortuos,
2541 5223 2627 5292 qui
2665 5239 2727 5276 ea:
2769 5224 2920 5278 tantis
2959 5224 3199 5279 mortibus
3227 5225 3450 5280 liberavit
3487 5244 3600 5284 nos.

2023 5313 2212 5367 Vidisti
2239 5312 2504 5382 quomodo
2530 5314 2599 5368 sit
2623 5324 2806 5369 exorta
2829 5315 2913 5369 lux
2935 5315 2961 5371 ?
2983 5317 3269 5372 Considera
3299 5319 3398 5372 hoc
3430 5319 3601 5386 ipsum

2022 5408 2182 5461 etiam
2208 5407 2259 5460 in
2290 5406 2454 5461 tribus
2482 5407 2657 5475 pueris
2685 5405 2844 5480 (Dan.
2876 5409 2927 5461 5.
2948 5407 3061 5478 24).
3089 5407 3216 5463 Cum
3245 5409 3384 5463 enim
3414 5425 3604 5478 exspe‘

2021 5507 2233 5554 .ctarent
2259 5497 2372 5553 fore
2398 5507 2456 5552 ut
2476 5508 2848 5567 exurerentur,
2880 5500 3217 5568 purissimum
3248 5514 3423 5554 rorem
3452 5513 3605 5554 asse.

2027 5590 2174 5660 qunti
2217 5598 2359 5644 sunt.
2401 5589 2631 5658 ldipsnm
2673 5591 2830 5643 etiam
2870 5591 3050 5645 evenit
3079 5591 3130 5643 in
3173 5590 3384 5644 Dauicle
3415 5591 3434 5662 (
3466 5589 3602 5644 Dan.

2028 5680 2080 5735 6.
2107 5679 2198 5749 22)
2217 5689 2270 5734 et
2293 5680 2410 5734 aliis
2427 5680 2719 5750 prepbetis.
2745 5679 2897 5746 Quod
2919 5682 2962 5734 si
2979 5680 3092 5734 haec
3119 5679 3248 5734 velis
3275 5681 3345 5734 ita
3371 5695 3604 5746 sumere,

2029 5782 2087 5826 ut
2111 5772 2175 5825 ad
2201 5773 2354 5826 aliam
2385 5771 2682 5828 refcrantur
2705 5787 2995 5843 anagogen,
3025 5772 3226 5828 videbis
3251 5772 3352 5828 hoc
3375 5773 3490 5828 orbi
3513 5784 3610 5830 tcr-

2031 5879 2207 5921 rarum
2239 5866 2514 5924 accidisse.
2541 5864 2672 5924 Cum
2711 5865 2852 5922 enim
2895 5865 3128 5923 tenebrae
3164 5875 3357 5923 terram
3388 5876 3442 5923 et
3466 5873 3615 5925 mare
