4112 6342
518 445 624 499 295

517 560 857 625 occuparent,
880 558 934 604 et
953 563 1105 602 error
1133 545 1326 617 ubique
1348 554 1490 600 esset
1513 543 1752 607 diffusus,
1777 541 1857 597 sol
1879 541 2096 611 justitite

517 663 582 701 ex
611 647 717 698 imo
740 652 956 697 exortus
979 647 1081 696 est.
1105 637 1363 706 Quoniam
1388 637 1529 692 enim
1557 645 1680 690 tunc
1707 635 1946 690 homines
1967 633 2098 690 caelo

517 737 700 792 relicto
724 734 890 789 Deum
919 731 972 786 in
1005 729 1160 786 terris
1193 727 1536 800 quaerebant,
1566 741 1631 782 ex
1661 743 1726 781 eo
1757 726 1872 780 loco
1897 725 1974 780 eis
2002 740 2096 795 ap-

519 830 690 896 paruit
713 865 728 889 ,
759 841 817 879 se
844 823 910 878 ad
939 836 1123 877 eorum
1152 819 1567 875 imbecillitatem
1595 817 1880 872 demittens
1900 859 1916 884 ,
1950 826 2006 870 ut
2029 815 2096 872 ad

514 916 844 973 altitudinem
873 914 1130 968 infinitam
1158 909 1429 966 eveheret.

584 1010 946 1078 Argumentum
997 1003 1372 1058 resurrectionis
1431 1003 1725 1055 maximum.
1780 1030 1852 1041 -—-
1893 999 2094 1054 Miseri-

510 1118 642 1163 cors,
671 1111 717 1155 et
748 1101 1029 1164 miserator,
1060 1105 1106 1150 et
1142 1097 1312 1167 justus
1357 1094 1603 1148 Dominus
1642 1094 1797 1148 Deus.
1837 1093 2094 1161 Quoniam

509 1193 646 1246 dixit
674 1192 787 1260 ejus
810 1190 1068 1259 justitiam
1107 1203 1354 1251 manere,
1383 1194 1438 1241 et
1478 1185 1570 1241 illo
1610 1187 1767 1239 modo
1791 1185 2096 1240 consolatus

510 1291 630 1346 est;
660 1282 811 1336 multi
833 1289 1010 1335 autem
1038 1277 1429 1342 misericordes,
1459 1285 1514 1331 et
1536 1275 1626 1346 qui
1655 1284 1799 1331 recte
1827 1276 1911 1330 hic
1935 1277 2094 1330 vitam

511 1383 704 1442 agunt,
731 1373 994 1428 contraria
1022 1373 1110 1427 hic
1135 1371 1477 1440 experiuntur
1502 1389 1515 1426 :
1546 1369 1700 1425 affert
1720 1370 1876 1424 aliam
1905 1383 2095 1424 conso-

509 1469 761 1522 lationem
787 1465 990 1528 tlicens,
1025 1464 1332 1528 Misericors,
1365 1472 1411 1517 et
1437 1463 1716 1527 miserator,
1747 1471 1794 1515 et
1824 1463 1996 1532 justus
2023 1469 2095 1516 cst

509 1560 761 1614 Dominus
791 1576 811 1616 :
840 1559 1105 1630 duplicem
1145 1556 1267 1612 inde
1311 1556 1529 1611 eliciens
1565 1555 2092 1610 demonstrationem.

509 1654 562 1709 Si
581 1655 719 1708 enim
733 1660 816 1708 est
831 1652 1218 1716 misericors,'et
1229 1650 1291 1704 iis
1306 1649 1394 1719 qui
1415 1656 1652 1719 peccant,
1671 1647 1866 1718 szepius
1887 1649 2092 1702 veniam

509 1745 788 1812 concedit,
817 1744 984 1799 multo
1019 1743 1185 1813 magis
1223 1757 1318 1798 eos
1345 1742 1524 1811 quise
1561 1748 1704 1796 recte
1730 1753 1921 1811 gerunt
1944 1781 1958 1804 ,
1987 1755 2092 1795 non

510 1838 772 1906 relinquet
795 1837 1154 1899 incoronatos,
1179 1843 1456 1904 postquam
1477 1833 1602 1888 hinc
1620 1833 1967 1888 excesserint.
1989 1833 2091 1888 Sed

509 1929 607 1983 etsi
637 1929 722 1982 hic
746 1943 852 1982 non
882 1926 1088 1992 reddat,
1116 1927 1332 1979 omnino
1363 1925 1470 1980 illic
1496 1924 1701 1979 reddet.
1731 1923 1934 1978 Deinde
1962 1925 2092 1978 sub.

505 2018 679 2088 junxit
705 2023 887 2084 etiam,
909 2017 1088 2071 Justus
1111 2031 1130 2072 :
1151 2017 1292 2088 quod
1319 2017 1362 2071 si
1382 2015 1557 2086 justus
1579 2016 1666 2082 sit,
1694 2023 1753 2085 ut
1777 2025 1877 2082 est,
1906 2016 2094 2072 reddet

507 2112 796 2182 unicuique
825 2109 1114 2165 secundum
1144 2111 1354 2175 merita,
1385 2109 1589 2164 etiamsi
1619 2108 1705 2164 hic
1731 2123 1835 2163 non
1863 2109 2048 2164 reddat
2075 2127 2090 2164 :

507 2203 649 2274 quod
675 2214 756 2258 est
782 2202 868 2258 vel
910 2201 1198 2257 maximum
1238 2209 1605 2271 argumentum
1635 2199 1823 2254 futurae
1849 2215 2092 2254 resurre-

509 2295 719 2350 ctionis.
761 2292 982 2362 Quando
1021 2293 1161 2347 enim
1208 2292 1356 2345 multi
1401 2306 1465 2347 ex
1509 2291 1573 2346 iis
1609 2291 1699 2360 qui
1737 2299 1862 2346 sunt
1899 2291 2093 2346 virtute

511 2384 716 2454 prmdili
738 2427 752 2449 ,
780 2393 1070 2440 cernuntur
1109 2382 1247 2437 mala
1288 2383 1450 2437 multa
1481 2381 1755 2452 perpessi,
1785 2391 1839 2437 et
1867 2381 2093 2452 improbi

510 2480 726 2549 impune
754 2488 809 2533 et
832 2493 1018 2532 secure
1045 2477 1225 2532 vivere
1253 2492 1266 2528 :
1295 2474 1508 2529 ubinam
1554 2475 1773 2544 recipiet
1802 2474 2092 2543 unusquis-

510 2588 614 2641 que
644 2587 739 2640 pro
773 2570 996 2633 meritis,
1027 2568 1071 2624 si
1107 2583 1212 2624 non
1241 2569 1310 2623 sit
1336 2567 1508 2621 futura
1538 2568 1878 2633 resurrectio,
1908 2576 1964 2624 et
1989 2566 2092 2620 alia

512 2663 638 2722 vita,
659 2660 914 2728 judicium
940 2669 995 2714 et
1020 2657 1418 2713 remuneratio?
1445 2657 1645 2712 Deinde
1667 2657 1919 2727 quoniam
1939 2655 2095 2727 justi-

513 2753 596 2804 ιίςιι
627 2751 948 2805 mentionem
986 2749 1182 2804 faciens
1202 2790 1218 2815 ,
1251 2749 1437 2804 terruit
1463 2747 1757 2803 auditorem
1776 2790 1790 2813 ,
1818 2757 1876 2802 ut
1903 2749 1992 2818 qui
2023 2748 2092 2802 sit

511 2842 815 2898 redditurus
842 2842 1100 2897 rationem
1139 2850 1478 2913 peccatorum
1501 2883 1516 2906 ,
1548 2842 1655 2896 cito
1683 2841 1836 2896 affert
1863 2843 2094 2896 medica-

510 2944 743 2988 mentum
766 2975 780 2999 ,
817 2933 999 2989 dicens
1031 2947 1044 2985 :
1076 2933 1128 2987 5.
1171 2930 1440 2986 Iucundus
1472 2933 1619 2985 homo
1645 2933 1730 3002 qui
1760 2935 2019 2987 miseretur
2044 2942 2094 2987 et

509 3024 814 3091 commodat,
844 3024 1072 3093 disponet
1099 3040 1350 3078 sermones
1376 3041 1493 3078 suos
1519 3025 1572 3078 in
1589 3024 1807 3095 judicio.

578 3119 632 3174 4.
675 3117 808 3172 Vide
843 3126 974 3188 quot
1022 3118 1238 3188 praunia
1281 3119 1528 3187 proponit
1567 3117 1766 3173 homini
1795 3117 2040 3175 clementi
2072 3137 2088 3176 :

502 3212 648 3282 quod
676 3212 877 3267 fructus
902 3213 1017 3282 ejus
1046 3218 1259 3266 maneat
1295 3219 1553 3280 perpetuo
1572 3251 1588 3276 ,
1619 3211 1760 3281 quod
1790 3211 2091 3268 liberandus

502 3305 581 3359 sit
619 3319 649 3359 a
694 3304 1105 3366 tentationibus,
1146 3301 1288 3372 quod
1330 3303 1494 3357 Deum
1538 3301 1839 3358 imitaturus
1874 3305 1980 3369 sit;
2011 3313 2092 3358 est

509 3396 653 3450 enim
687 3396 823 3450 Dens
851 3394 1188 3459 misericors;
1216 3392 1358 3464 quod
1401 3402 1614 3463 peccata
1652 3394 1702 3449 ei
1745 3393 1852 3448 sint
1889 3395 2090 3449 condo-

504 3489 706 3544 nanda.
737 3488 848 3543 l-loc
871 3487 1011 3542 enim
1039 3486 1137 3541 sibi
1165 3487 1275 3540 vult
1315 3485 1464 3554 illud,
1494 3484 1814 3555 Dispensabit
1839 3503 2090 3541 sermones

509 3597 629 3635 suos
647 3581 705 3633 in
720 3578 960 3649 judicio;
986 3577 1038 3632 id
1065 3585 1166 3644 est,
1193 3577 1552 3633 Patrocinium
1580 3587 1948 3647 consequetur,
1984 3595 2088 3634 non

501 3670 682 3725 =deerit
705 3670 754 3724 ei
773 3667 1038 3734 defensio,
1063 3681 1168 3722 non
1197 3668 1301 3722 erit
1325 3669 1374 3723 ei
1403 3675 1526 3722 tunc
1551 3666 1940 3731 condemnatio,
1968 3683 2087 3723 cum

502 3765 845 3834 eleemosyna
886 3761 1248 3818 defensionem
1289 3761 1336 3816 ei
1378 3759 1597 3831 pulchre
1621 3770 1911 3830 comparet.
1941 3761 2089 3817 Alius

505 3866 685 3913 autem
708 3857 979 3926 interpres
1003 3855 1135 3910 dixit
1162 3871 1175 3908 :
1209 3853 1518 3924 Dispensans
1554 3869 1634 3907 res
1660 3869 1778 3907 suos
1806 3869 1917 3906 cum
1938 3854 2088 3924 judi-

503 3953 609 4005 cio.
636 3950 755 4005 Hoc
774 3958 882 4012 est,
907 3947 1133 4002 Fruetur
1159 3962 1347 4017 magna
1377 3947 1741 4017 prosperitate,
1777 3947 1906 4000 nihil
1931 3947 1999 4002 ab
2023 3962 2089 4002 eo

510 4042 827 4113 suscipietur
851 4039 991 4111 quod
1016 4040 1086 4095 sit
1109 4037 1393 4093 absurdum
1423 4047 1476 4092 et
1501 4037 1753 4103 alienum,
1781 4046 1837 4090 nt
1862 4039 1947 4107 qui
1979 4039 2090 4092 fue-

512 4137 582 4191 rit
611 4137 844 4206 optimus
881 4133 1229 4204 dispensator.
1258 4130 1356 4199 Qui
1387 4129 1526 4184 enim
1558 4140 1638 4184 est
1673 4130 1903 4185 crudelis
1925 4140 1979 4185 et
2005 4131 2085 4185 in-

512 4231 804 4293 humanus,
831 4237 885 4283 et
921 4224 1283 4281 misericordia
1323 4237 1427 4278 non
1467 4231 1742 4288 movetur,
1777 4231 1859 4278 est
1895 4237 1922 4276 a
1962 4237 2086 4277 vera

509 4320 851 4393 dispensandi
895 4319 1100 4374 ratione
1141 4317 1367 4372 alienus.
1405 4313 1540 4383 Quid
1583 4315 1722 4369 enitn
1769 4315 1934 4384 possit
1970 4328 2087 4368 esse

509 4414 614 4469 hoc
636 4412 866 4483 gravius,
896 4425 1053 4480 quam
1082 4423 1201 4463 cum
1234 4408 1276 4461 is
1306 4406 1393 4477 qui
1424 4415 1506 4460 est
1528 4404 1765 4459 aditurus
1795 4404 2084 4476 periculum

509 4504 732 4568 animus,
766 4501 1001 4572 pecuniis
1033 4499 1232 4568 parcit,
1265 4506 1319 4552 et
1361 4496 1506 4552 illam
1545 4493 1800 4565 negligit?
1829 4494 2082 4562 Quocirca

507 4595 750 4651 Christus
770 4607 977 4663 quoque
1006 4591 1150 4645 illum
1178 4589 1407 4644 laudavit
1433 4601 1788 4648 (economnm,
1812 4586 1899 4656 qui
1921 4601 2086 4655 quan-

507 4685 578 4741 do
603 4694 720 4740 erat
746 4681 1012 4738 vocandus
1047 4681 1098 4734 in
1138 4679 1428 4750 periculum
1454 4718 1470 4742 ,
1495 4676 1776 4732 schedulas
1804 4675 2038 4729 dissolvit
2061 4715 2077 4741 ,

507 4777 654 4835 etde
679 4791 743 4832 eo
767 4775 906 4846 quod
934 4774 1226 4831 debebatur
1261 4771 1476 4827 rescidit
1507 4775 1522 4839 (
1546 4769 1671 4824 Luc.
1702 4770 1788 4825 l6.
1815 4769 1904 4838 8).
1937 4769 2081 4837 Quo-

509 4869 668 4924 modo
690 4867 833 4923 enim
863 4881 967 4920 non
989 4873 1071 4918 est
1089 4862 1393 4928 absurdum,
1423 4871 1479 4915 ut
1502 4862 1590 4930 qui
1623 4861 1672 4913 in
1701 4858 1944 4928 praesenti
1966 4859 2084 4928 qui-

507 4963 627 5017 dem
659 4962 764 5015 vita
801 4967 926 5014 sunt
963 4959 1015 5012 in
1053 4955 1290 5028 periculo
1311 4995 1326 5020 ,
1356 4954 1532 5010 omnia
1559 4967 1651 5008 sua
1682 4951 2001 5020 profundant
2025 4960 2084 5006 ut

507 5054 798 5125 periculum
820 5050 1083 5106 redimunt
1106 5067 1120 5105 :
1144 5063 1264 5104 cum
1286 5056 1460 5102 autem
1481 5045 1694 5099 veniant
1713 5045 1766 5098 in
1791 5045 2080 5113 periculum

507 5164 575 5202 ne
593 5145 868 5201 tradantur
891 5141 1170 5211 supplicio,
1194 5155 1298 5195 non
1321 5147 1533 5194 utantur
1551 5136 1734 5191 eadem
1755 5136 2082 5191 teconomia?

507 5240 577 5296 Et
595 5239 719 5296 ideo
742 5236 1052 5309 prudentem
1076 5235 1496 5305 dispensatorem
1518 5229 1646 5284 dicit
1665 5227 2078 5294 misericordem,

507 5340 564 5386 ut
589 5331 676 5401 qui
708 5327 869 5384 multa
901 5327 1080 5398 paucis
1105 5334 1278 5389 emat,
1311 5321 1546 5394 pecuniis
1573 5319 1760 5374 caelum
1780 5361 1796 5386 ,
1826 5329 1969 5375 veste
1995 5337 2079 5374 re-

506 5438 690 5493 gnum,
721 5437 854 5490 pane
877 5429 932 5476 et
958 5419 1145 5489 poculo
1171 5417 1373 5486 frigida:
1399 5413 1534 5468 bona
1563 5412 1756 5468 futura.
1780 5410 1914 5479 Quid
1937 5416 2078 5467 enim

507 5513 733 5569 conferri
771 5521 947 5583 potest
971 5526 1093 5566 cum
1133 5509 1232 5563 hac
1261 5503 1691 5576 dispensatione,
1725 5504 1934 5573 quando
1965 5506 2081 5574 quis

505 5623 566 5662 ea
611 5607 743 5661 dans
770 5621 890 5676 qua:
928 5611 1184 5674 pereunt,
1213 5601 1400 5662 fluunt,
1445 5606 1500 5654 et
1545 5597 1830 5662 intereunt,
1877 5611 1936 5651 ea
1963 5613 2081 5667 qua:

507 5707 632 5754 sum
657 5696 851 5763 futura,
881 5705 938 5751 et
961 5710 1081 5766 quae
1113 5703 1236 5748 sunt
1262 5690 1551 5746 immobilia
1575 5688 1786 5756 accipit,
1817 5696 1872 5743 et
1900 5704 1994 5756 per
2021 5704 2080 5743 ca

511 5791 568 5844 in
587 5789 834 5858 prccsenti
859 5787 962 5840 vita
988 5786 1269 5840 securitate
1297 5781 1525 5838 fruitur?
1553 5780 1674 5836 ldeo
1701 5782 1846 5846 dicit,
1877 5779 2083 5848 Dispen-

499 5880 633 5936 sabit
658 5895 907 5936 sermones
928 5895 1044 5935 suos
1070 5879 1124 5934 in
1143 5883 1360 5955 judicio.
1382 5881 1500 5952 Vel,
1527 5889 1584 5937 ut
1607 5883 1742 5940 alius
1761 5880 1893 5938 dixit
1918 5878 2079 5936 inter-

1225 433 1284 489 S.
1322 430 1598 489 JOANNIS
1633 427 2108 487 CHRYSOSTOMI
2148 429 2463 486 ARCIIIEP.
2490 433 3018 492 CONSTANTINOP.

3671 443 3778 498 296

2203 557 2345 611 pres,
2374 542 2681 615 Dispensans
2706 563 2784 602 res
2811 565 2930 602 suas
2953 564 3066 602 cum
3089 548 3298 616 iudicio.
3324 548 3378 605 ln
3400 565 3628 619 quonam
3654 555 3780 610 dicit

2195 631 2415 702 judicio,
2439 634 2538 688 nisi
2571 635 2620 689 in
2647 637 2733 692 die
2761 638 2978 693 futuro?
2999 638 3096 694 Vel
3119 639 3247 694 dicit
3273 655 3393 696 eum
3420 643 3577 698 etiam
3604 648 3780 701 omnia

2199 739 2292 779 sua
2320 726 2518 794 optime
2545 726 3056 797 administraturum,
3080 746 3178 787 nec
3201 732 3433 788 futurum
3459 735 3510 790 in
3531 736 3611 791 eis
3629 739 3781 807 quid-

2200 832 2355 885 quam
2393 818 2670 874 confusum
2697 861 2711 888 ,
2749 821 2842 876 sed
2883 823 3060 878 omnia
3106 822 3222 880 fore
3261 825 3448 882 ordine
3485 826 3776 896 collocata,

2198 912 2481 982 omniaque
2507 923 2652 969 recta
2681 914 2764 969 via
2789 925 2845 971 et
2874 917 3250 988 consequentia
3280 933 3592 988 processura
3611 962 3627 988 ,
3659 923 3780 976 nul-

2199 1001 2301 1055 lam
2334 1002 2444 1058 fore
2472 1004 2522 1058 in
2554 1004 2631 1058 eis
2661 1007 3134 1074 perturbationem,
3157 1008 3360 1068 nullum
3388 1011 3664 1081 strepitum
3687 1023 3780 1068 aut

2200 1093 2480 1148 tumultum
2501 1134 2516 1160 ,
2547 1110 2668 1150 cum
2707 1095 3044 1168 eleemosyna
3073 1097 3262 1153 reddat
3293 1100 3372 1156 eis
3401 1101 3577 1156 omnia
3607 1101 3778 1159 facilia

2198 1195 2251 1236 et
2271 1187 2536 1253 expedita.
2559 1185 2708 1254 Quod
2729 1189 2886 1242 etiam
2909 1188 3138 1245 reddens
3159 1191 3488 1247 manifestius
3513 1194 3777 1265 interpres

2197 1275 2332 1331 alius
2360 1277 2491 1331 dixit
2520 1294 2535 1331 :
2564 1277 2879 1349 Dispensans
2905 1296 2986 1336 res
3021 1297 3140 1336 suas
3171 1298 3285 1336 cum
3314 1284 3531 1353 judicio.
3559 1285 3610 1340 Is
3635 1287 3776 1340 enitn

2197 1379 2280 1424 est
2318 1370 2622 1426 misericors
2643 1412 2659 1438 ,
2687 1373 2774 1442 qui
2811 1388 2900 1427 res
2939 1387 3062 1428 snas
3089 1388 3208 1428 cum
3237 1373 3434 1446 judicio
3461 1375 3732 1447 dispensat
3759 1396 3773 1432 :

2197 1473 2253 1516 ut
2281 1463 2417 1517 alius
2446 1464 2622 1533 quivis
2650 1475 2733 1520 est
2766 1464 2936 1521 fructu
2967 1481 3184 1532 vacuus,
3208 1469 3295 1538 qui
3334 1478 3417 1524 est
3452 1485 3482 1524 a
3511 1485 3635 1526 vera
3663 1473 3777 1527 dis-

2198 1556 2455 1624 pensandi
2521 1557 2726 1612 ratione
2780 1557 3007 1614 alienus.
3045 1559 3098 1614 6.
3143 1559 3276 1624 Quia
3310 1561 3363 1616 in
3405 1570 3642 1618 cateruam
3677 1581 3780 1619 non

2195 1647 2598 1701 commovebitur.
2629 1647 2729 1716 Qui
2766 1657 2940 1718 potest
2967 1649 3196 1707 conferri
3223 1665 3344 1708 cum
3375 1652 3474 1708 hac
3506 1654 3779 1725 dispensa-

2199 1738 2341 1792 tione
2364 1778 2380 1803 ,
2411 1738 2622 1808 quando
2657 1742 2778 1810 quis
2819 1741 2978 1797 talem
3013 1743 3151 1798 viam
3192 1744 3488 1812 invenerit,
3512 1761 3630 1817 qua:
3656 1763 3778 1802 eum

2197 1830 2386 1897 liberet
2424 1830 2490 1885 ab
2516 1832 2798 1901 inopinatis
2824 1834 3066 1902 casibus,
3094 1843 3150 1890 et
3173 1843 3322 1890 extra
3351 1836 3473 1891 vitae
3499 1835 3688 1892 fluctus
3723 1838 3777 1892 in

2197 1929 2348 1990 portu
2378 1923 2702 1987 constituat,
2729 1939 2794 1979 ac
2820 1939 2944 1980 cum
2981 1925 3051 1980 sit
3092 1925 3252 1982 homo
3273 1966 3291 1994 ,
3322 1926 3452 1982 nihil
3489 1927 3776 1982 humanum

2195 2012 2474 2079 sustineat,
2501 2015 2584 2069 vel
2609 2016 2868 2071 sustineat
2888 2017 3126 2087 quidem,
3154 2016 3248 2072 sed
3275 2033 3604 2088 nequaquam
3628 2033 3777 2073 ever-

2198 2106 2372 2160 tatur?
2415 2106 2524 2160 Hoc
2567 2116 2648 2160 est
2685 2108 2828 2161 enim
2867 2107 3208 2172 admirabile,
3249 2109 3460 2178 quando
3501 2123 3604 2163 non
3638 2111 3778 2164 cedit

2197 2195 2576 2251 tentationibus
2600 2210 2698 2250 nec
2732 2195 2798 2251 ab
2825 2196 2904 2251 eis
2932 2198 3300 2267 prosternitur.
3333 2198 3471 2266 Quid
3496 2198 3655 2253 vero?
3684 2215 3778 2253 an-

2196 2302 2302 2342 non
2331 2290 2582 2343 commoti
2622 2297 2746 2344 sunt
2783 2288 2934 2343 multi
2973 2290 3381 2344 misericordes?
3413 2289 3776 2360 Nequaquam.

2194 2377 2325 2433 Nam
2352 2379 2450 2434 etsi
2479 2393 2738 2449 pauperes
2765 2377 2889 2434 facti
2919 2381 3024 2434 sint
3043 2421 3056 2445 ,
3081 2388 3135 2434 et
3161 2380 3227 2434 ad
3254 2391 3543 2435 extremam
3569 2380 3777 2435 deducti

2197 2472 2619 2537 mendicitatem,
2645 2483 2801 2544 atque
2829 2473 2883 2529 in
2911 2489 3177 2529 aerumnas
3207 2484 3260 2529 et
3288 2476 3615 2530 calamitates
3644 2477 3775 2530 inci-

2198 2563 2391 2629 derint,
2420 2564 2637 2619 minime
2665 2575 2837 2621 tamen
2865 2566 3036 2620 eversi
3068 2575 3192 2621 sunt
3221 2584 3237 2620 :-
3263 2567 3554 2638 cogitantes
3577 2583 3636 2622 ea
3661 2583 3778 2637 quas

2196 2671 2225 2710 a
2254 2671 2312 2712 se
2339 2657 2475 2712 facta
2508 2666 2632 2712 sunt
2660 2658 2736 2730 (a)
2756 2700 2772 2726 ,
2803 2659 2894 2713 Dei
2926 2658 3348 2715 benevolentiam
3383 2669 3436 2715 et
3475 2661 3774 2730 praesidium

2194 2749 2261 2804 ad
2289 2763 2348 2804 se
2373 2749 2698 2806 attrahentes
2717 2791 2730 2814 .
2761 2759 2815 2806 et
2837 2750 3065 2806 validam
3093 2751 3324 2822 aliquam
3353 2751 3651 2824 fortemque
3679 2771 3745 2808 an

2195 2856 2374 2896 coram
2397 2882 2413 2907 ,
2456 2856 2647 2911 nempe
2689 2843 2877 2897 bonam
2907 2845 3285 2900 conscientiam
3309 2886 3325 2912 ,
3355 2845 3628 2902 habentes.
3659 2846 3774 2902 Non

2194 2933 2326 2991 dixit
2355 2935 2564 3006 itaque,
2593 2935 2802 2991 lnsidiis
2827 2951 2933 2991 non
2963 2947 3301 3007 appetentur,
3330 2939 3454 3003 sed,
3485 2939 3600 2994 Non
3627 2955 3776 2995 com-

2194 3027 2566 3084 movebuntur.
2607 3028 2760 3097 Quod
2797 3033 2956 3085 etiam
2987 3030 3120 3086 dixit
3145 3032 3390 3088 Christus
3425 3032 3494 3090 de
3535 3035 3655 3099 illo,
3685 3036 3774 3105 qui

2195 3120 2474 3176 :cdilicavit
2501 3136 2658 3190 supra
2685 3135 2886 3191 petram
2914 3123 3125 3196 (Matth.
3150 3125 3201 3180 7.
3223 3125 3316 3198 25)
3342 3143 3356 3181 :
3379 3142 3485 3182 non
3506 3129 3644 3199 quod
3670 3146 3775 3185 non

2195 3213 2264 3269 sit
2299 3222 2664 3282 tempestatem
2705 3230 2958 3286 passurus
2976 3259 2992 3283 ,
3018 3217 3110 3273 sed
3138 3219 3280 3288 quod
3303 3220 3465 3275 etiam
3484 3231 3776 3290 tempesta.

2194 3315 2300 3362 tem
2338 3309 2604 3363 sustinens
2623 3349 2638 3374 ,
2669 3309 2888 3366 minime
2925 3311 2995 3366 sit
3027 3314 3362 3370 evertendus.
3392 3313 3506 3369 Hoc
3529 3323 3611 3369 est
3631 3317 3774 3372 enim

2193 3398 2524 3462 admirabile,
2549 3415 2653 3455 non
2678 3399 2886 3471 quando
2907 3402 3236 3457 cessantibus
3257 3403 3634 3460 tentationibus
3659 3421 3775 3460 om-

2193 3489 2349 3545 nibus
2379 3491 2428 3544 in
2461 3499 2574 3546 tuto
2599 3490 2789 3557 fuerit,
2822 3492 2914 3548 sed
2950 3493 3162 3563 quando
3192 3493 3634 3564 frequentissimis
3655 3512 3774 3552 ma-

2192 3581 2365 3637 chinis
2393 3583 2682 3651 impetitus,
2715 3593 2970 3653 perpetuo
2997 3585 3230 3640 manebit
3258 3586 3561 3642 immobilis.
3594 3587 3774 3658 Neque

2193 3675 2336 3727 enim
2363 3673 2475 3728 fieri
2503 3682 2695 3743 potest,
2725 3683 2780 3729 ut
2807 3675 2982 3729 anima
3015 3675 3163 3732 dives
3191 3677 3557 3733 misericordia
3583 3679 3774 3734 obrua-

2193 3773 2280 3818 tur
2304 3780 2551 3834 umquam
2579 3780 2607 3819 a
2629 3766 2876 3836 gravibus
2905 3767 3064 3820 animi
3092 3769 3591 3836 perturbationibus.
3620 3771 3672 3826 7.
3706 3770 3772 3825 In

2191 3857 2434 3909 memoria
2469 3865 2659 3911 aeterna
2691 3858 2783 3910 erit
2807 3858 2999 3925 justus.
3026 3856 3161 3912 Vide
3190 3858 3359 3927 ipsum
3385 3875 3492 3914 non
3521 3860 3689 3914 solum
3717 3862 3770 3915 in

2191 3955 2432 4017 tempore
2461 3949 2600 4013 vitae,
2631 3949 2722 4004 sed
2750 3949 2911 4003 etiam
2944 3958 3062 4018 post
3090 3957 3316 4005 mortem
3344 3951 3643 4020 complures
3670 3952 3770 4006 do-

2192 4053 2316 4094 cere
2344 4049 2398 4094 et
2423 4041 2719 4095 instituere.
2745 4038 3021 4106 Quomodo
3049 4055 3176 4110 ergo
3203 4041 3329 4096 dum
3359 4043 3515 4108 vivit,
3545 4045 3770 4113 patir-tur

2191 4131 2388 4201 aliquid
2418 4132 2562 4196 mali,
2591 4131 2801 4199 quando
2826 4132 2988 4188 etiam
3011 4133 3245 4188 moriens
3273 4143 3354 4190 est
3377 4135 3498 4190 aliis
3522 4136 3770 4206 magister

2193 4223 2625 4292 tranquillitatis?
2661 4223 2725 4279 Ut
2755 4223 2894 4278 enim
2939 4224 3109 4279 sciant
3136 4225 3219 4280 vel
3255 4226 3345 4296 qui
3385 4237 3507 4282 sunt
3541 4230 3771 4285 maxime

2191 4314 2467 4380 increduli,
2501 4314 2726 4368 fructum
2753 4315 2868 4383 ejus
2903 4330 3119 4371 manere
3147 4317 3496 4372 immortalem
3525 4319 3575 4372 in
3599 4320 3771 4384 cadis,

2190 4405 2316 4460 hinc
2340 4405 2430 4460 dat
2454 4405 2571 4474 ejus
2595 4405 2671 4460 rei
2701 4405 3078 4475 experientiam
3111 4427 3126 4463 :
3152 4406 3366 4462 defosso
3388 4409 3528 4463 enim
3554 4421 3606 4464 et
3628 4419 3764 4468 terra

2188 4501 2380 4555 obruto
2401 4514 2644 4569 corpore,
2673 4500 2925 4554 memoria
2949 4501 3065 4569 ejus
3089 4500 3284 4570 ubique
3308 4501 3692 4557 circumfertur.

2271 4591 2439 4647 Virtus
2460 4609 2610 4663 quam
2639 4593 2831 4663 efﬁcax.
2855 4623 2924 4633 —
2951 4593 3093 4649 Talis
3134 4605 3214 4648 est
3253 4597 3462 4650 virtutis
3487 4598 3714 4666 potentia
3747 4616 3762 4651 :

2189 4702 2294 4742 non
2333 4685 2475 4742 cedit
2521 4686 2764 4755 tempori,
2795 4701 2901 4740 non
2946 4686 3225 4740 marcescit
3261 4685 3620 4743 diuturnitate.
3653 4688 3764 4744 lloc

2188 4791 2363 4835 autem
2392 4777 2452 4832 fit
2483 4787 2700 4847 propter
2726 4777 2953 4834 salutem
2999 4779 3259 4833 malorum
3292 4780 3331 4833 ί.
3364 4779 3442 4835 llli
3479 4781 3622 4835 enim
3657 4799 3762 4836 non

2188 4870 2384 4925 habent
2419 4884 2552 4940 Opus
2594 4869 2750 4924 laude
2794 4857 3067 4924 hominum
3099 4887 3116 4925 :
3144 4871 3232 4940 qui
3276 4880 3456 4926 autem
3486 4871 3669 4926 vivunt
3710 4875 3760 4928 in

2186 4964 2451 5035 nequitia,
2478 4964 2582 5019 illis
2608 4972 2766 5034 egent
2812 4964 3071 5020 encomiis
3091 5003 3108 5031 ,
3135 4973 3196 5019 ut
3243 4979 3311 5020 ex
3351 4964 3512 5020 laude
3531 4980 3716 5021 eorum
3740 5009 3754 5034 ,

2249 5209 2280 5270 ι,
2303 5205 2413 5266 Alii,
2437 5213 2631 5270 propter
2651 5205 2869 5270 salutem
2909 5207 3182 5258 multorum.
3222 5209 3312 5259 Sed
3337 5223 3451 5266 vox,
3490 5209 3728 5260 motorum
3746 5245 3762 5268 ,

2186 5268 2584 5335 melius‘quadrat
2603 5269 2662 5317 ad
2685 5271 2869 5318 seriem
2888 5304 2903 5327 ,
2927 5277 2981 5318 ut
3005 5284 3068 5319 ex
3092 5273 3414 5333 sequentibus
3438 5272 3604 5335 liquet.

2250 5332 2322 5394 (a)
2358 5329 2600 5394 luci-meo,
2623 5343 2818 5389 ιννοοῦντις
2835 5344 2884 5381 τὰ
2908 5344 3115 5394 unus,“
3137 5329 3270 5390 αῧτοις.
3291 5342 3431 5383 Porro
3461 5329 3565 5382 haec
3583 5331 3759 5394 duplici

2185 5390 2329 5443 modo
2351 5390 2579 5457 intelligi_
2600 5401 2798 5454 jossunt
2822 5407 2833 5441 :
2862 5390 3240 5457 vel'.'c0gitantes
3263 5409 3320 5444 ea
3343 5408 3516 5457 quieo
3548 5409 3598 5446 se
3631 5390 3759 5457 facta

2185 5462 2310 5513 sunt,
2337 5453 2943 5518 utvertitlnterj.res,rvel,
2967 5453 3222 5518 cogitantes
3243 5453 3363 5518 qua!
3375 5455 3496 5514 sibi,
3521 5453 3758 5518 aut,'erga

2185 5531 2237 5568 se
2260 5508 2390 5580 facta
2410 5521 2534 5580 sunt.
2562 5508 2726 5580 neque
2748 5508 2886 5580 faeile
2908 5508 2993 5580 est,
3005 5508 3171 5566 dicere
3196 5508 3298 5566 utra
3322 5520 3385 5567 sit
3407 5508 3579 5567 melior
3607 5508 3756 5580 inter-

2203 5575 2411 5628 iretatio.
2435 5578 2477 5625 Si
2503 5575 2661 5639 priore
2682 5578 2821 5625 modo
2844 5575 3105 5639 intelligas,
3129 5592 3303 5627 sensus
3327 5582 3420 5629 erit
3445 5589 3569 5629 :A‘on
3592 5579 3755 5629 turba-

2219 5648 2365 5690 untur
2395 5645 2526 5701 gesta
2549 5651 2635 5687 sua
2655 5651 2817 5687 secum
2841 5644 3128 5700 reputantes,
3153 5639 3286 5691 bona:
3308 5641 3608 5691 conscientia:
3630 5641 3757 5690 testi-

2188 5702 2346 5753 monio
2365 5702 2659 5765 gaudentes;
2679 5701 2733 5765 si
2747 5703 3013 5765 posteriore
3027 5738 3041 5756 ,
3065 5704 3134 5750 sic
3149 5703 3478 5765 accipiendum
3502 5705 3594 5750 erit
3618 5717 3639 5765 :A
3658 5711 3756 5751 Non

2189 5762 2596 5824 commovebuntur
2628 5763 2884 5824 cogitantes
2922 5762 3111 5813 solitum
3137 5763 3222 5812 Dei
3255 5762 3379 5823 erga
3410 5778 3460 5813 se
3493 5763 3754 5822 hateliceu-

2189 5826 2308 5890 tiam
2323 5860 2337 5881 .
2363 5839 2425 5876 ea:
2448 5823 2658 5890 pristinis
2680 5823 2770 5874 sibi
2786 5824 2969 5874 collatis
2992 5825 3124 5875 bouis
3153 5837 3244 5889 par
3267 5825 3357 5876 sibi
3378 5839 3564 5890 semper
3585 5826 3755 5887 adfore

2195 5888 2283 5939 Dei
2302 5887 2618 5951 patrocinium
2635 5898 2897 5953 sperantes.
