4112 6342
420 295 523 353 295

418 408 512 462 καὶ
560 407 768 478 πλάνης
820 406 1091 476 πανταχοῦ
1151 404 1475 476 κεχυμένης.
1530 404 1773 460 κάτωθεν
1823 406 1853 456 6
1892 404 1989 471 τῆς

417 497 761 567 δικαιοσύνης
807 495 1078 548 ἀνέτειλεν
1124 494 1293 564 ἣλιος.
1346 494 1562 564 Ἐπειδὴ
1607 494 1718 566 γὰρ
1765 493 1990 564 οὐρανὸν

421 585 650 655 ἀφέντες
693 585 741 636 οἰ
791 583 912 635 τότε
959 582 1234 654 ἀνθρωττοι
1285 581 1419 635 Θεὸν
1462 581 1556 634 ἐπὶ
1594 582 1696 652 γῆς
1745 580 1988 653 ἐζήτουν,

421 672 628 726 ἐκεῖθεν
646 671 830 734 αὐτοῖς
851 671 1023 740 ἐφάνη
1053 668 1401 738 συγκαταϐὰς
1416 671 1528 733 τοῖς
1543 669 1877 729 ἀσθενοῦσιν,
1904 670 1991 722 ἵνα

420 758 671 831 ἀναγάγῃ
687 758 822 828 πρὸς
852 757 982 826 ὕψος
1009 758 1252 827 ἄπειρον.
1285 756 1607 827 Ἐλεήμων,
1642 758 1737 811 καί
1772 758 1989 824 οἰκτίρ-

413 864 564 916 μων,
587 847 682 898 καὶ
701 844 926 910 δίκαιος
940 845 1150 912 Κύριος
1163 847 1195 898 ό
1213 845 1374 910 Θεός.
1393 844 1609 915 Ἐπειδὴ
1626 843 1796 907 εἶπεν,
1815 845 1895 898 ὄτι
1925 845 1996 900 Ἦ

424 935 778 1002 δικαιοσύνη
808 933 994 988 αὑτοῦ
1017 933 1202 1002 μένει,
1227 935 1321 986 καὶ
1355 934 1778 1006 παρεμυθήσατο
1800 935 1993 1007 ἐκείνῳ

420 1021 501 1092 τῷ
539 1021 746 1092 τρόπῳ,
775 1020 960 1074 πολλοὶ
1005 1020 1060 1072 δὲ
1101 1019 1210 1073 τῶν
1247 1019 1573 1092 ἐλεημόνων,
1624 1022 1717 1075 καὶ
1758 1021 1867 1074 τῶν
1902 1021 1991 1076 τὸν

417 1110 573 1179 ὀρθὸν
595 1109 850 1178 βιούντων
881 1108 1014 1178 βίον,
1039 1109 1148 1161 τῶν
1164 1109 1419 1163 ἐναντίων
1436 1109 1666 1162 ἐνταῦθα
1688 1108 1993 1162 ἀπολαύου-

421 1215 525 1258 σιν,
547 1197 738 1266 ἑτέραν
761 1198 1039 1264 ἐπεισάγει
1065 1197 1414 1268 παραμυθίαν
1430 1197 1602 1266 λέγων
1619 1215 1633 1230 ο
1665 1198 1989 1267 Ἐλεήμων,

417 1283 516 1338 καὶ
544 1285 876 1353 οἰκτίρμων,
907 1284 1003 1338 καί
1027 1284 1256 1351 δίκαιος
1279 1289 1311 1340 ὀ
1334 1287 1574 1353 Κύριος·
1600 1285 1793 1355 διπλῆν
1821 1303 1991 1339 κατα-

422 1371 620 1440 σκευὴν
664 1369 1029 1441 ἐργαζόμενος
1063 1371 1328 1425 ἐντεῦθεν.
1367 1373 1430 1425 Εἰ
1459 1371 1566 1442 γάρ
1589 1371 1833 1442 ἐλεήμων
1853 1371 1990 1434 ἐστὶ,

420 1458 671 1520 καὶτοὺς
715 1456 1127 1526 ἁμαρτάνοντας
1173 1457 1431 1522 πολλάκις
1474 1459 1801 1530 συγγνώμης
1829 1459 1992 1524 ἀξιοῖ,

419 1543 598 1614 πολλῷ
662 1544 859 1613 μᾶλλον
923 1546 1050 1606 τοὺς
1097 1545 1496 1616 κατορθοῦντας
1553 1547 1613 1599 οὐ
1673 1546 1992 1618 περιόψεται

427 1630 840 1698 ἀστεφανώτους
883 1631 1237 1694 ἀπελθόντας.
1284 1631 1446 1684 Ἀλλὰ
1477 1633 1582 1686 κᾶν
1638 1632 1875 1687 ἐνταῦθα
1919 1631 1996 1704 μὴ

419 1717 626 1788 ἀποδῷ,
648 1717 916 1771 ἀποδώσει
932 1717 1148 1783 πάντως
1169 1721 1304 1774 ἐκεῖ.
1333 1713 1470 1773 Εἶτα
1493 1721 1609 1781 καὶ,
1631 1718 1992 1786 Δίθιιιιος,ἐπ⁴

420 1805 542 1872 ἀγει
563 1822 576 1835 ·
603 1806 722 1857 εἰδὲ
739 1804 946 1868 δίκαιός
973 1805 1140 1870 ἐστιν,
1168 1805 1355 1876 ὥσπερ
1381 1802 1474 1860 οὖν
1503 1807 1595 1860 καὶ
1624 1807 1759 1868 ἐστι,
1791 1807 1851 1860 τὸ
1876 1803 1995 1860 κατ’

421 1893 576 1957 ἀξίαν
599 1893 812 1962 ἑκάστῳ
830 1890 1119 1957 ἀποδώσει,
1144 1891 1246 1945 κᾶν
1264 1893 1498 1946 ἐνταῦθα
1528 1893 1602 1964 μὴ
1629 1892 1828 1964 ἀποδῷ·
1859 1895 1996 1964 ὅπερ

424 1980 656 2051 μάλιστα
671 1979 878 2048 καὶτῆς
894 1977 1242 2043 ἀναστάσεώς
1273 1982 1419 2033 ἐστιν
1439 1980 1712 2045 ἀπόδειξις
1740 1981 1993 2052 μεγίστη.

421 2066 590 2122 Ὅταν
640 2066 747 2138 γάρ
802 2065 984 2120 πολλοὶ
1029 2065 1138 2119 τῶν
1197 2068 1474 2139 ἐναρέτων-
1500 2069 1794 2136 φαίνωνται
1831 2069 1998 2141 μυρία

419 2153 682 2216 παθόντες
706 2153 760 2207 δε
771 2153 876 2217 ινά,
907 2155 1002 2208 κα.)⁸
1023 2152 1133 2207 τῶν
1155 2154 1406 2226 πονηρῶν
1432 2155 1630 2226 πολλῆς
1656 2156 2000 2210 ἀπολαύσαν-

418 2259 509 2307 τες
537 2243 741 2305 ἀδείας,
767 2239 918 2314 [282]
944 2241 1044 2295 ποῦ
1071 2243 1130 2294 τὸ
1156 2243 1276 2306 κατ’
1297 2242 1452 2306 ἀξίαν
1478 2242 1705 2306 ἕκαστος
1731 2243 1997 2314 ἀσιτολήιίιοε⁴

419 2349 528 2391 ται,
551 2334 600 2384 εἰ
633 2331 707 2402 μὴ
732 2329 915 2401 μέλλοι
945 2330 1242 2393 ἀνάστασις
1271 2327 1410 2383 εἶναι
1439 2332 1533 2384 καὶ
1555 2333 1713 2402 ἑτέρα
1737 2333 1872 2404 ζωὴ,
1906 2335 1998 2387 καὶ

423 2417 623 2489 κρίσις,
647 2419 740 2472 καὶ
781 2419 1084 2482 ἀντίδοσιςς
1115 2414 1246 2469 Εἶτα
1269 2416 1456 2486 ἐπειδὴ
1481 2416 1825 2489 δικαιοσύνης
1866 2437 2000 2491 μνη-

421 2505 588 2568 σθεὶς,
629 2504 866 2576 ἐφόϐησε
909 2504 1002 2558 τὸν
1049 2502 1321 2574 ἀκροατὴν
1354 2503 1433 2566 ὡς
1474 2504 1733 2575 μέλλοντα
1771 2507 1997 2570 εὐθύνας

422 2592 645 2662 ὑπέχειν
681 2592 787 2646 τῶν
816 2592 1241 2664 ἡμαρτημένων,
1275 2592 1483 2661 ταχέως
1521 2593 1716 2659 ἐπάγει
1763 2594 1823 2645 τὸ
1861 2594 1998 2664 φάρ-

422 2697 593 2751 μακον
635 2680 810 2749 λέγων
833 2697 846 2710 ·
894 2679 1164 2748 Χρηστὸς
1198 2677 1352 2745 ἀνὴρ
1389 2680 1420 2731 d
1449 2679 1754 2747 οἰκτείρων
1781 2682 1872 2734 καί
1908 2698 1996 2734 κι-

419 2767 600 2845 κρῶν,
623 2768 1001 2838 οἰκονομήσει
1031 2767 1171 2834 τοὺς
1195 2768 1414 2836 λόγους
1439 2767 1625 2822 αὐτοῦ
1646 2770 1715 2827 ἐν
1741 2770 1950 2836 κρίσει.

487 2914 551 2968 δ’.
580 2913 727 2985 Ὅρα
751 2913 894 2967 πόσα
914 2912 1098 2984 τίθησι
1114 2912 1180 2966 τά
1193 2911 1400 2966 ἔπαθλα
1410 2911 1489 2983 τῷ
1505 2912 1886 2983 φιλανθρώπῳ·
1913 2913 1996 2966 ὅτι

421 3004 572 3076 μένει
600 3003 864 3075 διηνεκῶς
889 3005 925 3057 6.
946 3003 1186 3076 καρπὸς,
1219 3006 1302 3058 ὅτι
1333 3004 1650 3075 πειρασμῶν
1678 3003 1996 3076 ἀπαλλαγή-

399 3103 592 3160 σεται,
626 3095 708 3149 ὄτι
741 3095 831 3149 τὸν
855 3095 986 3149 Θεὸν
1009 3093 1262 3166 ζηλώσει’
1299 3097 1394 3149 καὶ
1423 3095 1531 3167 γάρ
1556 3097 1584 3149 6
1617 3096 1747 3159 Θεὸς
1789 3098 1995 3168 οἰκτίρρ

421 3205 536 3258 μων
559 3202 573 3216 ·
607 3187 689 3240 ὅτι
717 3186 827 3239 τῶν
885 3187 1098 3240 οἰκείων
1139 3188 1551 3258 ἁμαρτημάτων
1600 3188 1829 3259 λήψεται
1864 3207 1994 3258 συγ,-

416 3278 666 3350 γνώμην.
688 3277 860 3332 Τοῦτο
877 3279 988 3351 γάρ
1007 3280 1174 3344 ἐστιν,
1203 3279 1598 3348 Οἰκονομήσει
1612 3280 1754 3346 τοὺς
1774 3281 1998 3351 λόγους

415 3371 602 3425 αὐτοῦ
621 3371 691 3424 ἐν
711 3371 901 3439 κρίσει
918 3389 933 3403 ο
947 3370 1214 3436 τουτέστι,
1240 3370 1484 3435 τεύξεται
1509 3372 1850 3444 συνηγορίας,
1874 3371 1996 3425 τεύ-

418 3461 565 3529 ξεται
589 3460 904 3530 ἀπολογίας,
920 3463 1020 3514 οὐκ
1045 3462 1196 3515 ἔσται
1216 3462 1367 3534 αὐτῷ
1389 3463 1712 3535 κατάκρισις
1729 3464 1870 3528 τότε,
1893 3464 1992 3535 τῆς

417 3551 786 3623 ἐλεημοσύνης
814 3552 1142 3624 διατιθείσης
1169 3553 1318 3624 αὐτῷ
1346 3553 1444 3625 τὴν
1464 3555 1761 3624 ἀπολογίαν
1791 3555 1994 3618 καλῶς.

417 3645 643 3715 Ἕτερος
661 3645 716 3697 δέ
735 3645 1073 3716 ἑρμηνευτής
1091 3662 1274 3717 φησιν,
1296 3647 1636 3718 Οἰκονομῶν
1649 3649 1720 3702 τὰ
1734 3647 1998 3718 πράγμα-

400 3752 490 3790 ιτα
511 3735 697 3790 αὑτοῦ
722 3735 874 3805 μετὰ
907 3736 1186 3804 κρίσεως.
1217 3737 1496 3804 Τουτέστι,
1523 3739 1723 3810 πολλῆς
1752 3740 1994 3794 ἀπολαύ-

420 3844 573 3882 σεται
594 3828 914 3899 εὐημερίας,
933 3829 1032 3900 οὐχ
1048 3829 1411 3899 ὑποστήσεταί
1428 3849 1481 3885 τι
1502 3831 1610 3885 τῶν
1628 3832 1866 3898 ἀτόπων,
1895 3833 1990 3887 ἀτε

416 3922 639 3992 ἀριστος
653 3921 933 3993 οἰκονόμος
958 3922 1264 3994 γενόμενος.
1294 3922 1384 3988 Ὦς
1401 3925 1430 3978 ὅ
1455 3941 1518 3993 γε
1537 3925 1685 3996 ὠμὸς
1701 3926 1799 3979 καὶ
1817 3926 1992 3980 ἀπάν-

403 4012 652 4088 θρωπος,
688 4013 782 4066 καὶ
812 4013 886 4084 μὴ
906 4013 1089 4078 ἐλεῶν,
1116 4014 1315 4086 σφόδρα
1339 4017 1854 4089 ἀνοικονόμητος..Τί
1885 4020 1993 4093 γὰρ

417 4105 482 4158 ἂν
516 4104 723 4172 γένοιτο
747 4103 933 4158 τούτου
966 4105 1365 4176 χαλεπώτερον,
1403 4106 1436 4178 ἢ
1465 4107 1592 4161 ὅταν
1615 4122 1640 4150 ι
1667 4113 1796 4181 περὶ
1815 4109 1992 4182 ψυχῆς

419 4190 718 4245 κινδυεύειν
789 4191 998 4263 μέλλων
1059 4195 1356 4267 χρημάτων
1405 4195 1682 4267 φείδηταιι,
1731 4198 1991 4270 κάκείνης

417 4278 628 4350 ἀμελῇ;
663 4280 762 4335 Διά
792 4297 873 4334 τοι
921 4281 1078 4334 τοῦτο
1128 4283 1221 4335 καὶ
1271 4283 1478 4336 ἐκεῖνον
1517 4283 1607 4336 τὸν
1636 4284 1914 4356 οἰκονόμον
1961 4287 2004 4338 ὁ»

417 4370 652 4442 Χριστὸς
699 4374 930 4444 ἐπῄνεσε
977 4374 1068 4428 τὸν
1101 4374 1266 4445 ἡνίκα
1302 4374 1501 4448 ,ἔμελλε
1549 4377 1877 4432 κινδυνεύειν
1919 4376 1990 4432 τὰ

417 4453 774 4534 γραμματεῖα
805 4465 1154 4529 διαλύσαντα,
1185 4468 1280 4520 καὶ
1310 4469 1651 4538 χρεωκοπίαν
1676 4470 1990 4541 ἐργασάμε-

416 4568 526 4606 νον.
558 4553 680 4616 Πῶς
708 4554 816 4624 γάρ
843 4553 943 4607 οὐκ
983 4553 1181 4608 ἄτοπον
1216 4557 1274 4608 ἐν
1311 4556 1410 4626 μὲν
1441 4556 1518 4626 τῷ
1546 4558 1774 4628 παρόντι
1809 4559 1990 4612 κινδυ-

417 4645 672 4708 νεύοντας
730 4647 830 4718 βίῳ
886 4647 1064 4701 πάντα
1113 4647 1183 4701 τά
1220 4647 1436 4702 ἑαυτῶνμ
1481 4649 1792 4720 προΐεσθαι,
1847 4651 1989 4706 ὥστε

406 4736 733 4802 ἐξωνεῖσθαι
764 4739 856 4792 τὸν
887 4739 1152 4802 κίνδυνον,
1191 4739 1560 4812 ἐπικινδύνῳι)
1592 4741 1664 4794 δὲ.
1697 4742 1990 4813 μέλλοντας

420 4825 806 4897 παραδίδοσθαι
831 4828 1073 4893 κολάσει,
1108 4829 1182 4900 μὴ
1206 4829 1429 4901 τοιαύτῃ
1454 4829 1757 4900 κεχρῆσθαι
1785 4833 1990 4886 οἰκονο-

422 4917 552 4989 μίᾳ;
585 4917 686 4971 Διά
745 4918 809 4990 δὴ
855 4918 1024 4973 τοῦτο.
1071 4921 1332 4991 φρόνιμον
1393 4921 1676 4991 οἰκονόμον
1722 4923 1856 4992 φησί
1895 4923 1999 4977 τὸν.

405 5009 705 5080 ἐλεήμονα,
737 5011 918 5080 ὀλίγου
953 5011 1121 5065 πολλά
1161 5010 1519 5084 ἀγοράζοντα,
1569 5014 1867 5085 χρημάτων
1896 5016 1988 5069 τὸν

416 5102 642 5172 οὐρανὸν
693 5102 1020 5175 ὠνούμενον,
1054 5104 1281 5176 ἱματίου.
1330 5104 1430 5176 τὴν
1487 5105 1796 5176 βασιλείαν,.
1823 5108 1987 5179 ἄρτου

409 5195 510 5246 ’καὶ
542 5193 749 5265 ψυχροῦ
794 5196 1054 5268 ποτηρίου
1104 5194 1173 5250 τὰ
1222 5194 1494 5266 μέλλοντα
1523 5196 1723 5264 ἀγαθά.
1769 5198 1834 5250 Τί
1878 5199 1988 5271 γὰρ

412 5284 616 5356 ταύτης
639 5287 739 5360 τῆς
755 5288 1065 5358 οἰκονομίας
1087 5289 1280 5356 γένοιτῗ
1307 5288 1373 5342 ἂν
1404 5290 1536 5354 ἴσον,
1568 5291 1694 5343 ὅταν
1735 5290 1804 5344 τά
1825 5292 1998 5345 ἀπολ-

475 5555 501 5584 ⁸
524 5555 674 5603 Savil.
701 5555 836 5603 addit
859 5555 903 5602 6.

474 5615 502 5655 1³
518 5617 650 5680 _Reg.
672 5618 797 5680 ὥστε
819 5616 1101 5680 ἐξαιρεθῆναι
1124 5614 1210 5664 1:05
1241 5614 1478 5680 κινδύνοιν
1505 5615 1580 5680 ἐπὶ
1608 5617 1826 5680 κινδύνῳ,
1874 5631 1985 5680 qua;

414 5677 562 5726 k'clin
584 5675 677 5728 μοι]
704 5675 1036 5741 improbanda.
1060 5676 1167 5728 Mox
1205 5677 1335 5728 idem
1356 5679 1436 5728 διὰ
1465 5675 1608 5727 τοῦτο
1631 5675 1826 5741 ἄριστόν
1849 5675 1982 5730 οἰκος-

413 5756 556 5804 mpm

1555 287 1919 346 EXPOSITIO
1958 284 2023 341 IN
2064 283 2400 343 PSALMUM
2432 287 2567 344 (ῚΧΙ.

3557 287 3664 342 296

2092 402 2296 470 λύμενα
2323 401 2495 464 διδούς
2537 421 2616 465 τι,
2672 402 2762 455 καὶ
2817 401 3008 472 ῥέοντα
3064 399 3156 455 καὶ
3189 398 3534 470 φθειρόμενα,
3585 399 3655 454 τᾶι

2095 489 2357 561 μέλλοντα
2385 491 2477 543 καὶ
2508 490 2741 559 ἀκίνητα
2777 489 2948 543 ταῦτα
2972 486 3246 558 λαμϐάνῃ.
3277 489 3370 540 καὶ
3405 487 3470 540 δι’
3509 487 3660 541 ἐκεί-

2099 595 2206 632 νων
2229 580 2322 632 καὶ⁹
2348 578 2445 648 τῆς
2478 576 2621 630 κατὰ
2663 577 2752 630 τὸν
2785 577 3026 647 παρόντα
3068 574 3180 645 βίον
3207 574 3506 645 ἀσφαλείας
3535 575 3660 628 ἀπο-

2091 664 2261 738 λαύῃς
2297 665 2393 718 Διὰ
2421 664 2578 719 τοῦτό
2613 681 2776 733 φησιν
2796 702 2810 727 ,
2843 661 3231 732 οἰκονομήσει
3268 662 3411 728 τοὺς
3443 662 3669 732 λόγους

2091 753 2277 807 αὐτοῦ
2295 753 2365 806 ἐν
2382 754 2593 820 κρίσει.
2619 750 2709 814 Ἢ,
2728 751 2802 814 ὼς
2827 749 3010 821 ἕτερός
3033 767 3223 819 φησιν,
3238 747 3580 819 Οἰκονομῶν
3594 749 3669 803 τὰ

2093 843 2405 914 πράγματα
2433 843 2504 898 τὰ
2523 843 2710 898 αὐτοῦ
2733 843 2884 912 μετὰ
2904 843 3174 910 κρίσεως.
3215 841 3354 912 Ποία
3382 842 3439 893 ἐν
3470 841 3671 911 κρίσει,

2091 932 2125 1004 ἢ
2151 933 2208 986 ἐν
2235 935 2299 1003 τῇ
2331 931 2593 1003 μελλούσῃ
2620 931 2836 1002 ἡμέρας
2867 930 2938 981 ’Ἡ
2969 929 3051 982 ὅτι
3073 925 3131 981 εὖ
3155 927 3398 1000 διαθήσει
3417 942 3439 966 υ
3469 929 3538 980 τὰ
3556 929 3674 982 κατ’

2092 1021 2252 1075 αὐτὸν
2280 1019 2516 1084 ἅπαντα,
2551 1020 2641 1072 καὶ
2670 1018 2822 1073 οὐδὲν
2853 1018 2910 1070 ἐν
2933 1017 3113 1081 αὐτοῖς
3149 1017 3301 1070 ἐσται
3331 1017 3673 1087 συγκεχυμέ-

2091 1127 2200 1172 νον,
2233 1108 2370 1162 ἀλλά
2397 1108 2572 1161 πάντα
2613 1109 2670 1160 ἐν
2700 1105 2850 1171 τάξει
2883 1106 3130 1175 κείμενα,
3171 1105 3349 1158 πάντα
3382 1101 3675 1174 ἀκολουθίᾳ

2092 1199 2187 1249 καὶ
2235 1195 2339 1266 ὁδῷ
2396 1195 2703 1264 βαδίζοντα,
2732 1194 2884 1248 οὐδὲν
2932 1192 3341 1264 τεταραγμένον
3384 1193 3442 1245 ἐν
3492 1188 3675 1255 αὐτοῖς

2086 1284 2211 1358 οὐδέ
2247 1283 2569 1355 θορυϐῶδες,
2610 1283 2713 1352 τῆς·
2745 1280 3115 1353 ἐλεημοσύνης
3144 1281 3360 1334 ἅπαντα
3384 1280 3676 1350 ἐξευμαριε-

2093 1370 2290 1440 ζούοης
2317 1370 2482 1440 αὐτῷ.
2520 1371 2586 1423 Ὀ
2612 1371 2706 1423 καὶ
2739 1369 3073 1440 σαφέστερον
3096 1368 3266 1421 ποιῶν
3299 1368 3484 1438 ἕτερος
3506 1368 3679 1437 ἐρμηα

2091 1459 2306 1528 νευτὴς,
2337 1456 2684 1526 Οἰκονομῶν
2723 1457 2797 1510 τὰ
2825 1457 3138 1526 πράγματα
3165 1456 3352 1510 αὐτοῦ
3381 1455 3531 1525 μετὰ
3549 1455 3676 1522 κρί-

2096 1562 2274 1611 σεως,
2294 1542 2466 1600 εἶπεν.
2487 1545 2766 1615 Ἐλεήμων
2784 1545 2894 1616 γὰρ
2907 1537 3063 1608 οὗτος
3077 1546 3105 1598 6
3124 1543 3262 1616 μετά
3280 1543 3513 1615 κρίσεως
3532 1545 3678 1596 οἰκο-

2093 1631 2274 1703 νομῶν
2305 1632 2376 1685 τά
2407 1631 2600 1686 ἑαυτοῦ
2621 1649 2634 1662 ·
2667 1632 2743 1696 ὡς
2778 1633 2807 1686 ὃ
2847 1649 2912 1700 γε
2947 1631 3135 1702 ἐτερος
3164 1632 3432 1705 ἄκαρπος,
3462 1631 3676 1685 ἀνοικο-

2093 1721 2346 1792 νόμητος.
2367 1720 2499 1773 Ὅτι
2533 1721 2622 1784 εἰς
2655 1718 2762 1773 τὸν
2789 1717 2976 1772 αἰῶνα
3009 1719 3081 1772 οὐ
3119 1716 3585 1784 σαλευθήσεται.
3614 1718 3679 1770 Τί

2093 1807 2194 1878 τῆς
2226 1807 2534 1877 οἰκονομίας
2554 1804 2759 1878 ταύτης
2783 1805 2917 1871 ἴσον,
2944 1806 3072 1859 ὅταν
3110 1804 3360 1875 τοιαύτην
3384 1804 3502 1858 ὁδὸν
3542 1803 3678 1875 εὕρῃ

2094 1895 2192 1964 τὴν
2209 1892 2359 1966 [285]
2379 1892 2824 1946 ἀπαλλάττουσαν
2836 1891 2996 1946 αὐτὸν
3011 1892 3118 1945 τῶν
3133 1891 3412 1963 ἀδοκήτων
3428 1893 3680 1962 περιστά-

2098 1999 2256 2048 σεων,
2273 1982 2367 2036 καὶ
2378 1982 2485 2034 τῶν
2509 1981 2602 2035 τοῦ
2619 1981 2732 2052 βίου
2745 1979 3054 2034 κλυδωνίων
3069 1979 3174 2045 ἐξω
3190 1977 3343 2033 ποιοῦ
3351 1996 3446 2033 σαν
3466 1977 3683 2051 ὁρμίζε-

2100 2071 2241 2134 σθαι,
2261 2071 2355 2123 καὶ
2388 2069 2674 2141 ἄνθρωπος
2706 2067 2780 2121 ὣν
2819 2067 2986 2140 μηδὲν
2999 2067 3336 2138 ἀνθρώπινον
3352 2066 3682 2140 ὐπομένῃ,ἢ

2099 2159 2348 2231 ὑπομένῃ
2369 2159 2486 2229 μὲν,
2510 2159 2585 2228 μὴ
2617 2158 3118 2229 περιτρέπηταιδέ;
3143 2159 3216 2212 Τὸ
3236 2159 3344 2231 γὰρ
3376 2159 3440 2230 δὴ
3464 2158 3678 2229 θαυμα-

2101 2250 2223 2303 στὸν
2236 2248 2393 2302 τοῦτό
2416 2251 2586 2316 ἐστιν,
2611 2249 2738 2304 ὅταν
2760 2251 2826 2320 τῇ
2847 2249 2956 2303 τῶν
2973 2250 3294 2321 πειρασμῶν
3316 2251 3578 2322 ἐπαγωγῇ
3607 2248 3681 2319 μὴ

2098 2336 2366 2408 κλίνηται,
2406 2337 2540 2406 μηδὲ
2587 2336 3031 2408 ὐποσκελίζηται.
3063 2338 3128 2390 Τί
3171 2333 3296 2406 οὖν;
3323 2338 3424 2392 οὐκ
3452 2337 3680 2392 ἐσαλεύ-

2099 2424 2269 2496 θησαν
2303 2424 2486 2478 πολλοὶ
2515 2423 2624 2477 τῶν
2649 2425 2990 2496 ἐλεημόνων;
3032 2424 3318 2496 Οὐδαμῶς.
3346 2426 3411 2480 Εἰ
3444 2428 3558 2498 γὰρ
3584 2428 3680 2480 καὶ

2099 2512 2328 2581 πένητες
2363 2513 2633 2581 ἐγένοντο,
2657 2512 2752 2565 καὶ
2781 2512 2918 2582 πρὸς
2939 2511 3174 2583 ἐσχάτην
3223 2513 3503 2583 πτωχείαν
3549 2530 3682 2586 μετ.

2099 2602 2424 2674 ηνέχθησαν,
2448 2601 2544 2655 καὶ
2572 2603 2880 2680 συμφοραῖς
2914 2601 3261 2674 περιέπεσον,
3287 2602 3402 2656 ἀλλ’
3433 2603 3583 2676 ὅμως
3617 2605 3678 2658 οὐ

2099 2695 2543 2766 περιετράπησαν
2571 2693 2973 2759 ἐννοοῦντες·τά
3002 2696 3340 2767 εἰργασμένα
3361 2697 3563 2763 αὐτοῖς,
3588 2698 3684 2752 καὶ

2096 2784 2196 2854 τὴν
2215 2783 2434 2838 εὔνοιαν
2455 2783 2549 2838 τοῦ
2579 2783 2738 2846 Θεοῦ,
2769 2784 2864 2838 καὶ
2889 2784 2987 2856 τὴν
3018 2785 3226 2840 ἄνωθεν
3250 2786 3420 2859 ῥοπὴν
3442 2787 3678 2840 ἐπισπα-

2098 2871 2342 2941 σάμενοι,
2378 2872 2472 2924 καὶ
2517 2872 2742 2942 ἰσχυράν
2777 2889 2896 2924 τινα
2927 2875 3020 2926 καὶ
3056 2873 3270 2946 ἀσφαλῆ
3310 2875 3579 2946 ἄγκυραν,
3618 2875 3696 2929 τὸ·

2095 2959 2332 3030 χρηστὸν
2360 2958 2504 3025 λέγω
2535 2959 2791 3023 συνειδὸς,
2819 2958 3052 3030 ἔχοντες.
3076 2960 3177 3014 Διά
3197 2977 3278 3015 τοι
3305 2961 3464 3016 τοῦτο
3483 2962 3584 3016 οὐκ
3610 2959 3680 3016 εἷ-

2099 3061 2220 3109 πεν,
2243 3045 2323 3097 ὅτι
2369 3045 2468 3098 οὐκ
2494 3045 3062 3117 ἐπιϐουλευθήσονται,
3087 3047 3200 3100 ἀλλ’
3223 3049 3386 3102 ὅτιού
3417 3049 3681 3121 σαλευθή-

2100 3146 2300 3186 σονται.
2331 3133 2396 3185 Ὃ
2432 3131 2496 3203 δὴ
2528 3133 2622 3185 καὶ
2663 3133 2750 3185 ἐπ’
2781 3133 2990 3187 ἐκείνου
3021 3133 3205 3204 ἔλεγεν
3235 3137 3264 3190 6
3295 3137 3547 3208 Χριστὸς,
3581 3139 3678 3192 τοῦ

2095 3217 2193 3288 τὴν
2218 3217 2501 3290 οἰκοδομὴν
2528 3217 2808 3284 ποιοῦντος
2833 3221 2926 3274 ἐπὶ
2960 3223 3060 3294 τῆς
3081 3223 3306 3295 πέτρα-ς,
3335 3225 3431 3295 οὐχ
3465 3226 3546 3280 ὅτι
3580 3228 3690 3298 οὐχ,

2096 3305 2459 3378 ὐποστήσεται
2481 3306 2744 3378 χειμῶνα,
2767 3306 2883 3362 ἀλλ’
2908 3307 2990 3362 δτι
3013 3310 3108 3363 καὶ
3131 3311 3414 3382 ὑπομένων
3435 3314 3679 3384 χειμῶνα

2094 3395 2155 3445 οὐ
2211 3395 2698 3465 περιτραπήσεται.
2750 3394 2823 3448 Τὸ
2870 3396 2980 3466 γάρ
3032 3397 3098 3468 δὴ
3155 3397 3466 3469 θαυμαστὸν
3519 3400 3701 3455 τοῦτό·

2095 3481 2260 3544 ἐστιν,
2284 3481 2509 3554 δτανμὴ
2535 3484 2591 3535 ἐν
2608 3482 2816 3555 ἐρημίᾳ
2834 3482 2866 3524 δι
2883 3484 2992 3539 τῶν
3019 3487 3338 3558 πειρασμῶν
3358 3488 3418 3541 τὸ
3440 3490 3679 3558 ἀσφαλὲς

2096 3569 2244 3640 αὐτῷ
2273 3565 2330 3642 ᾗ,
2357 3570 2493 3624 ἀλλά
2517 3572 2611 3624 καὶ
2643 3572 2938 3644 πυκνότητι
2959 3574 3067 3627 τῶν
3102 3577 3510 3648 μηχανημάτων
3541 3579 3677 3633 ἀπε·

2099 3657 2384 3728 ρίτρεπτος
2409 3658 2548 3730 μένῃ
2583 3659 2862 3731 διηνεκῶς.
2892 3662 3002 3714 Καὶ
3031 3661 3144 3735 γὰρ
3177 3665 3458 3735 ἀμήχανον
3497 3665 3698 3738 ψυχὴν,

2097 3744 2431 3799 πλουτοῦσαν
2457 3746 2795 3821 ἐλεημοσύνη
2823 3747 2934 3802 ὑπὸ
2948 3750 3142 3821 ἀηδίας
3159 3751 3347 3806 παθῶν
3375 3752 3677 3824 βαπτισθῆ-

2095 3831 2185 3884 ναί
2215 3849 2366 3886 ποτε.
2391 3834 2494 3900 Εἰς
2517 3837 2917 3904 μνημόσυνον
2945 3836 3188 3892 αἰώνιον
3219 3839 3388 3893 ἔσται
3418 3839 3669 3907 δίκαιος.
3693 3894 3695 3896 ,

2098 3919 2240 3992 ὐρα
2259 3920 2420 3974 αὐτὸν
2447 3921 2546 3975 οὐκ
2569 3923 2626 3974 ἐν
2657 3922 2735 3993 τῷ
2782 3922 2959 3995 καιρῷ
2982 3924 3080 3995 τῆς
3099 3925 3265 3996 ζωῆς,
3289 3925 3424 3981 ἀλλά
3452 3928 3547 3982 καὶ
3577 3947 3673 3999 με·

2092 4007 2160 4060 τὰ
2185 4005 2284 4078 τὴν
2301 4007 2906 4079 τελευτὴνδιδάσκοντα
2932 4007 3156 4074 πολλοὺς
3186 4011 3280 4066 καὶ
3307 4013 3688 4085 κατηχοῦνται

2093 4095 2216 4159 Πῶς
2247 4091 2338 4149 οὖν
2371 4089 2526 4160 οὗτος
2556 4098 2614 4149 ἐν
2649 4096 2728 4166 τῷ
2761 4095 2860 4170 ζῇν
2889 4097 3134 4152 πείσεταί
3171 4117 3225 4152 τι
3259 4103 3511 4172 πονηρὸν,
3541 4104 3695 4158 ὃταν--

2093 4183 2186 4235 καὶ
2207 4181 2472 4237 τελευτῶν
2510 4183 2718 4253 ἑτέροις
2750 4183 3066 4249 διδάσκαλος
3101 4186 3326 4258 γένηται
3363 4190 3627 4260 εὐθυμίας
3655 4208 3671 4258 ;

2095 4269 2210 4322 Ἵνα
2230 4270 2346 4341 γάρ.
2373 4269 2586 4340 μάθωσι
2610 4271 2702 4325 καὶ
2723 4273 2770 4323 οί
2800 4272 3003 4342 σφόδρα
3031 4272 3270 4338 ἄπιστοι,
3294 4275 3376 4329 ὅτι
3405 4275 3670 4342 ἀθάνατος

2093 4358 2254 4412 αὐτοῦ
2308 4361 2336 4414 6
2368 4360 2579 4432 καρπὸς
2621 4361 2680 4414 ἐν
2726 4360 2976 4431 οὐρανοῖς
3015 4362 3186 4433 μένει,
3214 4363 3451 4418 ἐνταῦθα
3487 4365 3669 4420 δίδωσι

2093 4446 2190 4517 τὴν
2217 4450 2430 4517 πεῖραν·
2460 4448 2554 4502 καὶ
2581 4446 2690 4520 γὰρ
2712 4446 2807 4500 τοῦ
2835 4447 3086 4520 σώματος
3105 4450 3270 4504 αὐτοῦ
3300 4454 3671 4524 καταχωσθέν·

2089 4550 2200 4597 τος,
2250 4535 2343 4588 καὶ
2390 4538 2457 4606 τῇ
2507 4538 2578 4607 γῇ
2634 4535 3051 4606 παραδοθέντος,
3097 4539 3130 4608 ή
3169 4540 3354 4611 μνήμη
3391 4542 3675 4612 πανταχοῦ

2091 4628 2466 4699 περιφέρεται.

2162 4783 2398 4855 Τοιαύτη
2420 4785 2517 4856 τῆς
2536 4783 2736 4856 ἀρετῆς
2753 4785 2789 4856 ή
2806 4783 3055 4858 δύναμις·
3087 4786 3188 4841 οὐκ
3211 4788 3348 4842 εἴκει
3366 4788 3446 4860 τῷ
3468 4791 3682 4864 χρόνῳ,

2089 4871 2150 4924 οὐ
2188 4873 2508 4944 μαραίνεται
2548 4871 2624 4945 τῷ
2652 4872 2841 4945 πλήθει
2869 4872 2979 4926 τῶν
3009 4874 3249 4946 ἡμερῶν.
3286 4875 3457 4931 Τοῦτο
3497 4880 3552 4933 δὲ
3580 4881 3666 4949 γίο

2090 4977 2240 5013 νεται
2262 4959 2348 5014 διά
2377 4961 2475 5031 τὴν
2494 4959 2600 5013 τῶν
2630 4960 2884 5033 πονηρῶν
2916 4963 3188 5032 σωτηρίαν
3221 4974 3268 5020 ο.
3314 4967 3541 5021 Ἐκεῖνοι
3570 4968 3668 5038 μὲν

2090 5047 2198 5118 γάρ
2225 5048 2286 5100 οὐ
2323 5047 2532 5102 δέονται
2560 5048 2660 5118 τῆς
2686 5048 2838 5120 παρὰ
2861 5049 3165 5121 ἀνθρώπων
3201 5051 3496 5126 εὐφημίας
3524 5056 3572 5109 οἰ
3609 5056 3667 5109 δέ

2089 5136 2148 5188 ἐν
2178 5135 2344 5206 κακίᾳ
2380 5134 2580 5200 ζῶντες
2601 5135 2809 5191 δέονται
2834 5137 2944 5191 τῶν
2972 5137 3197 5192 ἐκείνων
3223 5141 3530 5212 ἐγκωμίων,
3560 5142 3667 5196 ῶσ-

2088 5243 2148 5280 τε
2196 5226 2305 5280 ἀπὸ
2351 5227 2454 5296 τῆς
2493 5227 2768 5300 εὐφημίας
2809 5227 2916 5283 τῶν
2967 5228 3174 5301 ἐτέροις
3218 5231 3666 5304 κατορθουμένων

2153 5494 2753 5576 Ῠβανξ1.”πο⁵ίαέντκρίσει;
2773 5497 2803 5554 ἢ
2845 5497 2894 5546 ἐν
2929 5499 3148 5560 τῇμελλ.
3174 5498 3314 5560 λέγει·
3333 5499 3506 5562 ἡμέρᾳ,
3534 5502 3562 5556 ἢ
3589 5502 3664 5550 ἔτι

2086 5561 2166 5608 καὶ
2188 5561 2234 5606 ἐν
2249 5561 2318 5616 τῷ
2328 5561 2408 5605 νῦν
2422 5561 2510 5620 βίῳ
2533 5561 2583 5606 εὖ
2606 5561 2650 5607 δ.

2153 5619 2177 5657 δ
2206 5621 2354 5670 Snvil.
2380 5620 2427 5667 ἐν
2452 5620 2677 5675 ἐρημίαις.

2153 5636 2177 5657 σι
2206 5636 2354 5670 θςινιι.
2380 5636 2427 5667 εν
2452 5636 2677 5683 ερημιαις.

2153 5695 2176 5722 θ
2201 5680 2299 5731 Alii
2338 5682 2417 5730 διὰ
2457 5684 2543 5738 τήν
2580 5684 2676 5729 τῶν
2700 5681 2918 5744 *πολλῶν
2960 5680 3215 5744 σωτηρίαν.
3238 5681 3338 5732 Sed
3372 5683 3469 5731 τῶν
3511 5701 3660 5741 πονη-

2093 5745 2184 5807 ρῶν
2205 5745 2385 5794 melius
2411 5744 2611 5804 quadrat
2652 5741 2712 5793 ad
2743 5745 2950 5806 gerieml
2970 5751 3022 5793 ut
3046 5741 3109 5794 ex
3133 5744 3654 5810 sequentibusl—érzuet.
