4090 6338
505 320 619 380 νοτ

508 433 914 507 σπουδαιότερα
935 429 1211 501 γενέσθαι,
1237 431 1334 485 καὶ
1361 431 1460 500 τῆς
1476 430 1676 494 κακίας
1703 426 2079 497 ἀπαλλαγῆναί

507 537 661 575 ποτε.
698 517 808 572 Ποῦ
838 517 1018 570 τοίνυν
1045 515 1184 569 είσὶν
1215 515 1267 569 οί
1304 514 1432 578 τοὺς
1464 514 1670 583 τάφους
1700 514 1827 576 τοὺς
1858 510 2083 565 πολυτε-

507 604 621 668 λεῖς
647 599 1074 671 οἰκοδομοῦντες,
1104 598 1199 653 καὶ
1224 597 1326 662 τὰς
1352 597 1612 668 λαμπρὰς
1637 596 1814 661 οίκίας
1841 592 2081 666 ἐγείρον-

506 705 634 754 uc;
684 685 1057 741 ’Δκουέτωσαν
1087 682 1141 735 τί
1172 684 1316 737 ποιεῖ
1338 682 1680 752 μνημόσυνον
1703 678 1971 750 διηνεκές.
2005 676 2080 730 υύ

504 770 670 824 λίθων
712 766 990 838 οἰκοδομὴ.
1035 765 1156 820 οὐδὲ
1201 764 1461 836 περιϐολὴ
1500 764 1695 834 τοίχων
1735 763 1830 817 καὶ
1859 759 2081 831 πύργοι,

506 853 622 908 ἀλλ’
660 851 835 923 ἔργων
863 848 1083 919 ἀγαθῶν
1125 847 1405 914 ἐπίδειξις.
1454 846 1638 901 Ταῦτα
1677 845 1735 899 δέ
1774 844 1955 912 τίθησι
1992 841 2085 919 ’διά

504 943 634 1005 τοὺς
674 938 881 1009 σφόδρα
920 937 1180 1001 ἀπίστους
1227 937 1323 991 καὶ
1361 937 1474 1001 τοῖς
1508 934 1791 1006 μέλλουσιν
1827 932 1889 985 οὐ
1919 946 2085 1001 προσ-

507 1024 750 1094 έχοντας,
786 1022 876 1075 ἴνα
905 1020 1012 1075 ἀπὸ
1038 1019 1148 1074 τῶν
1180 1018 1462 1093 παρόντων
1486 1018 1581 1074 καὶ
1607 1015 1947 1087 φαινομένων
1967 1016 2087 1067 ἐπι-

507 1106 856 1177 σπασάμενος
882 1102 1100 1169 αὐτούς,
1137 1103 1233 1156 καὶ
1255 1102 1394 1174 πρὸς
1428 1101 1499 1156 τὰ
1529 1101 1789 1173 μέλλοντα
1814 1115 2085 1171 χειραγω-

504 1190 673 1260 γήσῃ·
695 1187 870 1249 ἄλλως
899 1203 959 1239 τε
988 1185 1083 1239 καὶ
1105 1184 1376 1240 δείκνυσιν
1399 1185 1483 1239 ὅτι
1503 1187 1537 1255 ἡ
1557 1183 1747 1260 ἀρετὴ,
1771 1182 1800 1236 6
1827 1182 2086 1243 πολλάκις

506 1254 679 1334 εἶπον,
713 1270 807 1324 καὶ
849 1269 956 1341 1:96
983 1267 1093 1322 τῶν
1126 1267 1375 1323 ἐπάθλων
1417 1254 1639 1321 ἐκείνων
1672 1254 1735 1319 ἐν
1781 1267 1944 1335 ἑαυτῇ
1986 1263 2086 1332 τὴν

507 1354 741 1427 ἀμοιϐὴν
771 1354 902 1423 ἔχει.
946 1348 1081 1406 Ἀπὸ
1118 1349 1309 1419 ἀκοῆς
1345 1348 1613 1419 πονηρᾶς
1650 1351 1723 1403 οὐ
1760 1345 2088 1419 φοϐηθήσε-

504 1455 617 1492 ται.
665 1435 878 1501 Ἀλλος,
935 1433 1239 1505 Ἀγγελίαν
1292 1433 1491 1503 κακὴν
1533 1435 1606 1488 οὐ
1656 1432 2084 1501 φοϐηθήσεται.

510 1523 720 1592 ’Ὠσπερ
777 1520 890 1574 ἄνω
940 1519 1043 1573 οὐκ
1102 1514 1274 1584 εἶπεν,
1331 1519 1414 1572 ὅτι
1476 1519 1577 1572 οὐκ
1639 1516 2088 1587 ἐπιϐουλευθήσε-

505 1621 616 1670 ται,
641 1604 756 1659 ἀλλ’
782 1603 864 1657 δτι
893 1600 1376 1671 ἐπιϐουλευόμενος
1400 1601 1459 1654 οὐ
1493 1600 1902 1671 σαλευθήσεταιο
1933 1598 2083 1672 [286]

506 1687 649 1742 οὐτιυ
674 1687 768 1741 καὶ
799 1684 1033 1741 ἐνταῦθα
1059 1685 1160 1738 οὐκ
1186 1679 1361 1749 εἶπεν,
1399 1685 1480 1738 ὅτι
1519 1686 1618 1738 οὐκ
1659 1684 1948 1738 ἀκούσεται
1987 1700 2086 1736 πο-

504 1770 677 1843 νηράν
700 1768 981 1839 ἀγγελίαν,
1004 1767 1120 1822 ἀλλ’
1152 1768 1233 1822 ὅτι
1253 1765 1470 1821 ἀκούων
1499 1768 1562 1820 οὐ
1589 1766 1977 1838 φοϐηθήσεται.

577 1899 643 1955 ε’.
669 1898 781 1954 Καὶ
798 1896 914 1961 πῶς
928 1896 989 1950 οὐ
1005 1895 1369 1967 φοϐηθήσεται
1388 1912 1405 1961 ;
1424 1893 1545 1949 Κᾶν
1562 1894 1794 1966 πόλεμον
1813 1893 1899 1967 ἴδῃ
1917 1909 2086 1965 προσ-

509 1982 677 2047 ιόντα,
698 1980 800 2035 κάν
823 1978 1045 2051 σεισμὸν
1066 1980 1163 2041 τὰς
1186 1976 1368 2041 πόλεις
1391 1976 1747 2041 καταλύοντα,
1764 1976 1870 2030 κᾶν
1885 1976 2087 2048 λῃστὰς

506 2068 601 2120 καὶ
620 2062 983 2135 τοιχωρύχους
1006 2060 1076 2114 τά
1101 2059 1277 2114 πάντα
1301 2071 1325 2101 ⁸
1351 2059 1799 2131 ὑφαιρουμένους,
1835 2058 1939 2112 κᾶν
1964 2058 2089 2129 βαρ-

508 2150 710 2222 ϐάρους
739 2146 1144 2217 ἐπιτρέχοντας,
1172 2142 1276 2198 κᾶν
1295 2143 1452 2197 νόσον
1474 2144 1701 2197 θάνατον
1734 2141 2086 2206 ἀπειλοῦσαν,

509 2234 611 2287 κᾶν
643 2228 898 2286 δικαστοῦ
937 2227 1127 2300 θυμὸν,
1169 2227 1273 2280 κᾶν
1310 2225 1487 2280 ὁτιοῦν
1519 2225 1725 2296 ἕτερον,
1768 2226 1829 2278 οὐ
1860 2225 2086 2278 δέδοικε.

509 2314 871 2387 Προαπέθηκε
895 2311 1006 2382 γὰρ
1033 2308 1201 2365 αὐτοῦ
1225 2310 1315 2363 τὸν
1338 2309 1565 2363 πλοῦτον
1590 2311 1649 2362 ἐν
1670 2308 1852 2380 ἀσύλῳ
1879 2308 2084 2379 χωρίῳ,

510 2400 605 2454 καὶ
623 2399 685 2452 οὐ
718 2399 877 2470 μόνον
904 2397 966 2450 οὐ
999 2394 1197 2467 τρέμει
1224 2392 1482 2464 τελευτῆς
1510 2392 1788 2464 ἐπιούσης,
1825 2393 1960 2446 ἀλλά
1992 2391 2088 2445 καὶ

508 2481 789 2550 ἐπείγεται
816 2477 1027 2549 ταχέως
1058 2477 1418 2548 ἐπιδημῆσαι,
1453 2475 1583 2529 ἔνθα
1602 2475 1670 2529 τὰ
1694 2476 1795 2545 τῆς
1820 2473 2088 2546 ἐμπορίας

507 2563 677 2634 αὐτῷ.
714 2564 906 2617 Ὅπου
935 2560 1045 2632 γὰρ
1070 2562 1103 2613 ό
1128 2558 1437 2627 θησαυρὸς
1471 2557 1577 2612 τοῦ
1597 2556 1933 2627 ἀνθρώπου,
1965 2555 2090 2609 ἐκεῖ

506 2648 607 2703 καὶ
653 2649 694 2716 ή
740 2645 956 2713 καρδία
997 2641 1206 2698 αὑτοῦ.
1256 2642 1319 2694 Εἰ
1347 2642 1456 2713 γὰρ
1505 2642 1738 2715 ἔμποροι
1766 2642 2086 2713 χρημάτων,

510 2729 683 2784 πολλά
731 2725 1157 2800 προπέμψαντες
1198 2726 1385 2779 οἶκαδε
1428 2726 1645 2797 φορτία,
1692 2726 1812 2779 καθ’
1851 2725 2088 2794 ἑκάστην

507 2814 818 2882 ἐπείγονται
865 2812 969 2881 τὴν
1018 2809 1232 2881 ἡμέραν
1286 2810 1414 2862 ἰδεῖν
1460 2810 1550 2863 τὸν
1598 2808 1778 2862 αὐτῶν
1838 2807 2085 2861 πλοῦτον·

508 2895 688 2969 πολλῴ
741 2895 941 2967 μᾶλλον
988 2886 1165 2959 οὗτος,
1204 2893 1234 2945 ό
1268 2894 1327 2946 ἐν
1369 2894 1482 2957 τοῖς
1516 2892 1765 2964 οὐρανοῖς
1797 2892 1895 2964 τὴν
1934 2911 2091 2964 περι-

507 2982 697 3037 ουσίαν
722 2976 1167 3052 προαποθέμενυς
1201 2976 1440 3037 ἅπασαν.
1480 2974 1695 3047 θελήσει
1738 2975 1848 3030 τῶν
1886 2976 2090 3046 παρόν-

507 3083 617 3120 των
663 3063 1001 3137 ἀπορραγεὶς
1054 3061 1189 3133 πρὸς
1238 3060 1307 3113 τὰ
1354 3059 1612 3130 μέλλοντα
1653 3059 2087 3125 κατεπείξεσθαι.

509 3148 676 3203 Οὐδὲν
724 3146 905 3201 τοίνυν
939 3144 1103 3200 αὐτὸν
1150 3146 1230 3208 εἰς
1267 3143 1433 3213 φόϐον
1471 3142 1730 3213 ἐμϐαλεῖν
1772 3142 1972 3197 δύναιτ’
2002 3143 2087 3200 ἄν.

521 3232 753 3301 Ἐτοίμη
810 3231 849 3299 ἠ
910 3227 1127 3298 καρδία
1168 3227 1354 3282 αὐτοῦ
1400 3224 1665 3288 ἐλπίζειν
1709 3225 1811 3279 ἐπὶ
1847 3227 2086 3295 Κύριον.

511 3315 740 3387 Ἔτερός
786 3329 973 3385 φησιν,
1028 3311 1264 3376 Ἑδραία
1308 3308 1524 3380 καρδία
1565 3308 1771 3375 αὐτοῦ,
1814 3311 1976 3363 ταύτὸ
2000 3310 2093 3382 δη-

508 3401 640 3467 λῶν,
664 3402 759 3456 καὶ
788 3400 1106 3474 ἑρμηνεύων
1133 3399 1193 3453 τὸ
1227 3399 1463 3470 ἐτοιμον.
1506 3401 1569 3453 '0
1615 3394 1707 3452 οῦν
1745 3397 1893 3468 λέγει
1934 3398 2092 3453 τοῦτό

510 3487 681 3540 ἐστιν·
734 3483 900 3539 Οὐδέν
954 3485 1071 3537 ἐστι
1107 3482 1168 3537 τὸ
1214 3481 1589 3554 παραπλεῦον
1640 3482 1824 3551 αὐτὸν,
1861 3483 2093 3547 καὶτοῖς

509 3570 747 3641 παροῦσι
770 3566 1096 3641 προσηλοῦν,
1134 3567 1250 3622 ἀλλ’
1285 3567 1404 3631 ὅλος
1428 3566 1495 3620 δι’
1520 3565 1643 3620 ὅλου
1677 3565 1812 3637 πρὸς
1845 3566 1935 3619 τὸν
1960 3565 2091 3621 Θεὸν

510 3653 857 3717 ἀνατέταται,
883 3651 980 3705 καὶ
997 3652 1095 3722 τὴν
1121 3650 1312 3705 ἐλπίδα
1332 3650 1590 3720 ἀναμένει
1613 3652 1848 3719 ἐκείνην,
1876 3651 1971 3702 καὶ
1992 3650 2091 3702 πέ-

510 3754 655 3809 πηγε
678 3738 744 3808 τῇ
767 3733 1062 3806 προσδοκίᾳ
1087 3732 1259 3806 ταύτῃ
1280 3734 1542 3805 διηνεκῶς
1568 3732 1976 3805 ἐρηρεισμένος,
1999 3734 2092 3787 καὶ

510 3821 685 3877 οὐδενὶ
715 3818 823 3876 τῶν
856 3817 1140 3890 παρόντων
1176 3816 1627 3889 μαλακιζόμενος,
1662 3817 1696 3889 ἢ
1735 3817 2091 3887 περισπώμε-

510 3923 620 3970 νος.
652 3902 911 3959 Τοιαῦται
946 3901 1055 3971 γὰρ
1099 3902 1155 3955 αί
1206 3901 1314 3954 τῶν
1356 3904 1695 3972 πραγμάτων
1740 3900 2016 3972 φροντίδες
2038 3901 2089 3941 b-

512 3986 758 4061 σχίζουσι
788 3985 885 4059 τὴν
914 3985 1173 4049 διάνοιαν,
1210 3983 1304 4038 καὶ
1340 3983 1684 4053 διατέμνουσι
1715 3984 1813 4054 τὴν
1845 3982 2089 4054 γνώμην.

523 4072 847 4138 Ἀναγκαῖον
884 4067 1061 4122 τοίνυν
1100 4067 1262 4121 πάλιν
1303 4068 1475 4121 εἰπεῖν
1508 4068 1680 4119 ἐκεῖνο
1715 4065 1776 4119 τὸ
1812 4066 2095 4134 εὐαγγελι-

509 4156 627 4211 κόν⁹
664 4154 848 4208 Ὅπου
873 4155 907 4207 ὁ
936 4150 1241 4220 θησαυρός
1266 4150 1373 4205 τοῦ
1406 4149 1740 4218 ἀνθρώπου.
1774 4150 1905 4204 ἐκεῖ
1924 4150 2021 4203 καὶ
2049 4150 2090 4218 ἠ

510 4239 726 4309 καρδία
743 4236 951 4293 αὑτοῦ.
993 4234 1362 4303 Ἐστήρικται
1384 4235 1422 4303 ἠ
1445 4233 1658 4303 καρδία
1678 4233 1887 4299 αὐτοῦ,
1919 4236 1989 4287 οὐ
2005 4233 2089 4302 μὴ

510 4320 804 4390 σαλευθῇ.
832 4315 988 4384 Εἶδες
1020 4319 1112 4373 τὸν
1140 4316 1525 4388 οἰκοδομοῦντα
1546 4316 1644 4387 τὴν
1669 4316 1845 4370 οίκίαν
1874 4318 1966 4369 ἐπὶ
1994 4316 2093 4387 τὴν

512 4407 717 4479 πέτραν
738 4422 754 4473 ;
779 4405 846 4458 Τί
870 4404 979 4475 γὰρ
1003 4402 1229 4457 δύναται
1264 4402 1557 4456 δεδοικέναι
1585 4402 1614 4453 6
1642 4400 1847 4471 γυμνὸς
1877 4400 1973 4455 καὶ
2005 4399 2094 4453 εὐ-

513 4491 704 4556 ζωνος,
732 4488 827 4543 καὶ
864 4485 1133 4559 μηδεμίαν
1173 4484 1362 4557 μηδενὶ
1387 4485 1642 4556 παρέχων
1667 4484 1875 4554 λαϐήν;
1913 4483 1965 4536 τί
1998 4482 2092 4537 δύ-

513 4590 671 4629 ναται
702 4571 999 4626 δεδοικέναι
1043 4572 1072 4624 6
1110 4568 1203 4623 τὸν
1230 4569 1364 4622 Θεὸν
1398 4568 1524 4621 ἵλεω
1554 4569 1690 4638 ἔχων
1723 4567 1817 4622 καὶ
1848 4567 2089 4638 εὐμενῆ;

514 4658 679 4711 Ὥστε
708 4653 1044 4726 ἑκατέρωθεν
1074 4651 1222 4722 αὐτῷ
1249 4652 1318 4705 τὰ
1336 4651 1436 4722 τῆς
1462 4651 1779 4719 ἀσφαλείας,
1810 4649 1873 4703 ἐκ
1904 4667 1964 4701 τε
1992 4650 2094 4719 τῆς

512 4738 719 4794 ἀνωθεν
759 4738 933 4811 ῥοπῆς
978 4736 1070 4790 καὶ
1104 4736 1204 4806 τῆς
1234 4734 1479 4789 κάτωθεν
1504 4733 1774 4797 εὐκολίας
1805 4731 1900 4786 καὶ
1942 4732 2093 4787 οὐδὲν

512 4822 677 4879 αὐτὸν
728 4821 1137 4892 παρασαλεῦσαι
1184 4819 1427 4885 δύναται,
1471 4819 1531 4871 οὐ
1565 4816 1738 4888 ζημία
1771 4816 2090 4888 χρημάτων,

514 4907 618 4961 οὐκ
642 4906 917 4976 ἐπήρειαι,
949 4904 1010 4957 οὐ
1041 4903 1412 4975 συκοφαντίαι.
1438 4902 1511 4955 Οὐ
1541 4901 1649 4973 γάρ
1669 4900 1780 4971 ἔχει
1806 4898 1933 4952 ἔνθα
1968 4897 2094 4970 βλα-

517 4998 609 5071 ϐῇ,
656 4995 902 5052 ἐντεῦθεν
944 4995 1409 5067 μεθορμισάμενος
1454 4996 1536 5056 είς
1578 4992 1670 5044 τὸν
1716 4990 1972 5062 οὐρανὸν,
2014 4992 2094 5053 είς

515 5079 714 5153 χωρίον
744 5080 979 5152 πονηρίᾳ
1001 5080 1150 5150 πάσῃ
1178 5080 1271 5134 καὶ
1307 5075 1567 5147 ἐπιϐουλῇ
1591 5074 1807 5130 ἄϐατον.
1844 5072 1950 5125 Καὶ
1983 5071 2092 5145 γὰρ

519 5163 633 5217 ῐστε
662 5162 869 5232 σαφῶς,
913 5163 995 5216 ὅτι
1036 5164 1210 5217 πᾶσαι
1262 5165 1317 5216 αἱ
1354 5159 1635 5215 ἐπιϐουλαὶ
1666 5157 1797 5229 περὶ
1834 5156 2094 5226 χρήματα

516 5245 611 5303 καὶ
638 5244 935 5319 χρημάτων
963 5246 1169 5310 ἐνεκεν,
1200 5248 1295 5299 καὶ
1316 5245 1444 5315 περὶ
1461 5243 1634 5299 ταῦτα
1656 5241 1764 5294 τῶν
1789 5236 2093 5308 ἀνθρώπων

516 5334 549 5399 ή
573 5333 723 5385 πᾶσα
743 5330 969 5401 σπουδή.
992 5332 1134 5394 Ἕως
1153 5324 1225 5385 οὗ
1243 5326 1420 5392 ἐπίδῃ
1439 5324 1536 5380 ἐπὶ
1557 5321 1698 5401 τοὺς
1716 5319 1967 5401 ἐχθροὺς
1982 5322 2087 5401 αὐτ

514 5397 547 5460 τ
564 5406 641 5461 νῦ.
668 5406 763 5469 Τίς
792 5407 847 5460 δὲ
870 5397 965 5460 τοῦ
994 5406 1235 5461 τοιούτου
1264 5407 1293 5459 6
1322 5403 1536 5476 ἐχθρὸς,
1569 5400 1685 5456 ἀλλ’
1720 5398 1827 5471 ἢοί
1857 5397 2088 5470 πονηροὶ

580 5535 608 5565 ι
631 5535 758 5597 Reg.
779 5535 840 5584 τὰ
861 5535 1066 5584 πάντων.
1091 5534 1247 5585 Paulo
1292 5539 1409 5584 ante
1451 5535 1557 5597 haec
1600 5532 1766 5597 verba,
1787 5533 1874 5582 ιιαὶ
1908 5534 2011 5589 πῶς
2036 5534 2091 5582 οὐ

517 5595 874 5659 φοϐηθὴᾀεται,
906 5597 1116 5659 όεετοιιι
1144 5600 1210 5659 Vin
1257 5597 1432 5659 Mprel.
1474 5596 1601 5647 Infra
1636 5595 1769 5654 idem
1833 5600 1888 5645 et
1937 5597 2088 5646 Savil.

518 5656 808 5720 προαπέθετο
828 5656 917 5719 γὰρ
938 5656 1085 5720 αὐτοῦ
1106 5658 1188 5706 τὸν
1204 5656 1425 5707 πλοῦτον.

585 5716 725 5787 [με
769 5716 904 5787 ιιεες
935 5724 990 5787 ει
1030 5718 1218 5787 _SaVil._;
1252 5720 1423 5787 _Ilorel.
1449 5732 1570 5772 vero
1607 5722 1656 5768 αί
1699 5718 1795 5767 τῶν
1843 5720 2088 5782 παρόντωι

521 5795 598 5846 φρ.
626 5777 1018 5840 υιιειιυείεειὶο
1037 5778 1167 5831 bene
1190 5781 1405 5833 habet."
1916 5777 1926 5782 “
2076 5788 2086 5829 1

1116 300 1123 309 “
1178 321 1239 377 s.
1275 317 1563 378 JOANMS
1596 316 2088 376 cnnvsosrom

2196 315 2451 372 ‘KCHIEP.
2489 309 3036 369 CONSTANTINOP.
3655 308 3749 365 επ

2187 424 2463 492 δαίμονες,
2490 424 2586 478 καὶ
2611 421 2775 487 αὐτὸς
2804 424 2834 476 6
2856 420 3135 485 διάϐολοςς
3179 419 3594 484 Ἐσκόρπισεν,
3621 419 3753 475 ἐδω-

2187 525 2256 563 κε
2297 507 2421 574 τοῖς
2464 507 2743 574 πένησιν
2780 507 2820 574 ἠ
2867 503 3217 569 δικαιοσύνη
3250 501 3433 556 αὐτοῦ
3465 500 3635 570 μένει
3673 504 3755 568 είς

2188 592 2296 646 τὸν
2321 589 2528 645 αἰῶνα.
2580 588 2796 660 Ἐπειδὴ
2840 589 2951 659 γὰρ
2983 584 3351 658 ἐλεημοσύνης
3389 584 3635 655 ἐμνήσθη
3666 586 3756 641 καὶ

2188 672 2280 730 τοῦ
2309 674 2505 746 κιχρᾷν
2528 674 2623 726 καὶ
2646 670 2739 725 τοῦ
2765 672 3077 742 οἰκτείρειν·
3100 667 3466 739 ἐλεημοσύνης
3492 667 3548 720 δέ
3588 666 3757 738 μέτρα

2190 756 2379 810 πολλά·
2411 758 2440 809 6
2482 756 2580 827 μὲν
2607 754 2718 826 γάρ
2742 754 2983 816 ἔλαττον,
3014 755 3043 807 6
3074 753 3133 807 δέ
3165 751 3346 805 πλεῖον
3373 750 3603 804 δίδωσιν·
3643 750 3757 804 ίδω·

2194 853 2291 908 μεν
2317 838 2465 888 ποῖον
2499 834 2767 905 ἐλεήμονά
2798 850 2952 904 φησι,
2974 832 3064 885 τὸν
3095 834 3160 885 ἐκ
3202 830 3297 884 τοῦ
3332 828 3759 899 περισσεύματος

2191 920 2519 991 παρέχοντα,
2554 918 2586 989 ἢ
2613 918 2704 971 τὸν
2732 917 2800 970 τά
2840 917 2967 970 όντα
2996 914 3273 967 κενοῦντα.
3307 912 3539 982 Εὐδηλον
3563 912 3645 965 ὅτι
3674 912 3761 966 τὸν

2190 1004 2259 1058 τὰ
2294 1003 2423 1057 ὄντα
2459 1002 2740 1067 κενοῦντα,
2774 1002 2862 1055 τὸν
2889 998 3122 1070 ἀφειδῶς
3149 998 3486 1069 κεχρημένον
3514 998 3592 1068 τῷ
3621 998 3761 1070 πρά-

2190 1105 2380 1158 γματιο
2407 1082 2517 1143 οἷον
2546 1087 2575 1140 ό
2602 1086 2814 1149 Παῦλος
2847 1085 2999 1155 ζητεῖ
3021 1082 3212 1153 λέγων·
3248 1083 3300 1135 Ὀ
3328 1079 3479 1155 [285]
3505 1084 3763 1149 σπείρων

2190 1172 2286 1225 ἐπ’
2315 1171 2636 1240 εὐλογίαις,
2664 1169 2756 1223 ἐπ’
2789 1170 3089 1237 εὐλογίαις
3119 1165 3216 1220 καί
3254 1166 3494 1234 θερίσει.
3534 1165 3678 1236 Ὅρα
3709 1165 3763 1220 δέ

2192 1254 2311 1320 πῶς
2338 1256 2432 1310 καὶ
2469 1256 2497 1308 ό
2530 1254 2820 1326 Προφήτης
2849 1253 3044 1325 ἄριστα
3075 1252 3193 1315 ταῖς
3226 1248 3402 1313 λέξεσι
3427 1259 3450 1287 ο
3479 1248 3762 1320 κέχρηται.

2194 1339 2270 1392 Οὐ
2299 1338 2408 1410 γὰρ
2432 1334 2573 1398 εἷπε,
2605 1336 2859 1397 Διέδωκε,
2893 1335 3176 1405 διένειμεν,
3199 1333 3335 1395 ἀλλ’,
3353 1333 3763 1401 Ἐσκόρπισεν.

2192 1420 2327 1492 όμοῦ
2371 1421 2466 1474 καὶ
2495 1420 2595 1491 τὴν
2624 1419 2904 1489 δαψίλειαν
2945 1417 3038 1471 τοῦ
3076 1418 3403 1488 παρέχοντος
3438 1415 3634 1485 δηλῶν,
3676 1416 3765 1468 κα)⁵

2196 1504 2394 1574 σπόρον
2428 1504 2489 1557 τὸ
2519 1505 2750 1575 πρᾶγμα
2777 1499 3078 1572 ὀνομάζων.
3107 1500 3356 1555 Τοιοῦτον
3379 1498 3489 1570 γὰρ
3526 1501 3576 1551 οι
3617 1499 3767 1551 σπεί-

2196 1602 2400 1657 ροντες·
2429 1585 2780 1657 σκορπίζουσι
2804 1586 2872 1638 τὰ
2903 1584 3256 1653 ἀποκείμενα,
3278 1583 3372 1636 καὶ
3395 1582 3463 1636 τά
3489 1582 3623 1653 δῆλα
3648 1598 3768 1652 προ-

2192 1670 2446 1734 διδόασιν,
2493 1671 2581 1723 ἵνα
2629 1671 2697 1723 τὰ
2740 1669 3000 1741 μέλλοντα
3033 1668 3257 1722 λάϐωσι.
3301 1667 3469 1722 Τοῦτο
3506 1666 3766 1736 συλλογῆς

2193 1757 2462 1826 κρεῖττον·
2490 1754 2584 1807 καὶ
2613 1754 2723 1823 γὰρ
2752 1752 2894 1806 οὕτω
2918 1752 3229 1824 σκορπίζειν
3257 1750 3434 1821 πολλῷ
3463 1751 3558 1803 τοῦ
3594 1750 3771 1804 συλλέ-

2193 1853 2311 1905 γειν
2345 1836 2570 1907 βέλτιον.
2614 1836 2975 1908 Σκορπίζεται
3017 1836 3295 1906 χρήματα,
3329 1835 3421 1887 καὶ
3459 1832 3767 1902 συλλέγεται

2192 1919 2528 1991 δικαιοσύνη·
2571 1918 2923 1987 σκορπίζεται
2946 1920 3013 1973 τὰ
3043 1918 3116 1989 μὴ
3146 1919 3393 1990 μένοντα,
3424 1918 3511 1971 ἵνα
3535 1917 3766 1989 πορισθῇ

2193 2004 2264 2058 τὰ
2290 2005 2538 2075 μένοντα.
2566 2004 2738 2059 Τοῦτο
2783 2004 2877 2058 καὶ
2908 2003 3136 2073 γηπόνοι
3160 2001 3419 2056 ποιοῦσιν.
3458 2001 3598 2054 Ἀλλ’
3630 2004 3771 2055 ἐκεί-

2195 2105 2276 2142 νοι
2311 2088 2412 2156 μὲν
2440 2089 2527 2141 ἐπ’
2557 2088 2791 2158 ἀδήλοις·
2818 2088 2889 2156 γῆ
2918 2086 3023 2159 γάρ
3050 2087 3196 2139 ἐστιν
3223 2087 3255 2155 ὴ
3292 2085 3681 2156 ὐποδεχομένη’
3705 2086 3769 2138 σῦ

2194 2172 2252 2226 δὲ
2279 2174 2359 2234 εἰς
2378 2172 2476 2244 τὴν
2507 2173 2664 2242 χεῖρα
2686 2171 2781 2225 τοῦ
2806 2171 2964 2233 Θεοῦ,
2985 2169 3107 2224 ὅθεν
3135 2169 3287 2223 οὐδεν
3312 2168 3459 2222 ἔστιν
3488 2169 3767 2223 ἀπολέσαι.

2199 2257 2366 2309 Ὅταν
2397 2253 2490 2309 οὐν
2517 2255 2652 2329 ίδῃς,
2683 2256 2766 2308 ὃτι
2804 2254 2866 2308 τὸ
2911 2253 3131 2325 χρυσίον
3173 2252 3356 2318 καλὸν,
3400 2252 3496 2306 καὶ
3535 2253 3771 2323 ὀκνήσῃς

2196 2340 2470 2401 ἐκϐαλεῖν,
2512 2339 2764 2407 ἐννόησον
2800 2338 2927 2400 τοὺς
2969 2338 3310 2407 σπείροντας,
3360 2337 3611 2406 ἐννόησον
3649 2337 3773 2398 τοὺς

2194 2421 2553 2488 δανείζοντας,
2585 2422 2834 2492 ἐννόησον
2858 2421 2983 2483 τοὺς
3011 2421 3301 2490 ἐμπόρους,
3325 2420 3375 2473 οἳ
3397 2420 3504 2473 ἀπὸ
3531 2421 3773 2489 δαπάνης

2195 2507 2449 2577 ἄρχονται
2478 2505 2572 2559 καὶ
2595 2504 2988 2574 ἀναλωμάτων,
3013 2503 3294 2556 καὶταῦτα
3315 2504 3543 2565 ἕκαστος
3571 2503 3773 2556 τούτων

2197 2589 2412 2661 ἀδήλοις
2439 2588 2761 2659 ἐγχειρίζων
2780 2586 2807 2625 ά
2838 2589 2950 2647 τοῖς
2980 2586 3290 2657 πράγμασι·
3320 2586 3414 2640 καὶ
3432 2586 3543 2657 γὰρ
3571 2587 3665 2640 καὶ
3687 2586 3776 2639 κύ.

2201 2691 2343 2746 ματα
2374 2674 2469 2726 καὶ
2500 2671 2691 2725 κόλποι
2719 2670 2844 2740 γῆς,
2884 2670 2979 2722 καὶ
3013 2672 3372 2740 γραμματεῖα
3405 2670 3514 2723 τῶν
3537 2669 3776 2739 ὀφειλόν-

2196 2776 2327 2819 των.
2352 2755 2528 2811 πάντα
2555 2756 2748 2826 ἄδηλα.
2772 2754 2881 2808 Καὶ
2907 2754 3016 2826 γὰρ
3039 2755 3297 2818 πολλάκις
3318 2757 3374 2807 ἐν
3398 2754 3475 2825 τῷ
3498 2755 3774 2825 κεφαλαίῳ

2196 2841 2296 2912 τὴν
2329 2841 2531 2912 ζημίαν
2558 2838 2859 2907 ὑπέμειναν
2882 2838 2932 2890 οἱ
2960 2837 3325 2901 δανείσαντες·
3356 2841 3385 2890 6
3406 2839 3464 2890 δὲ
3496 2839 3585 2892 τὸν
3613 2840 3775 2909 οὐρα-

2197 2924 2287 2978 νὸν
2319 2923 2599 2992 γεωργῶν,
2628 2921 2781 2976 οὐδὲν
2808 2920 3012 2975 τούτων
3035 2922 3294 2981 δέδοικεν.
3338 2922 3476 2976 ἀλλά
3519 2924 3613 2977 καὶ
3647 2923 3775 2994 περὶ

2196 3007 2290 3061 τοῦ
2316 3005 2609 3076 κεφαλαίου
2639 3005 2734 3058 καὶ
2757 3004 2885 3076 περὶ
2917 3004 3009 3058 τοῦ
3032 3004 3188 3059 τόκου
3212 3004 3434 3077 θαρρεῖν
3463 3005 3594 3077 ἔχει,
3630 3007 3684 3058 εἴ
3711 3022 3774 3074 γε

2198 3092 2259 3145 τὸ
2286 3091 2524 3143 τοιοῦτον
2550 3089 2707 3142 τόκον
2737 3087 2817 3141 δεῖ
2840 3091 3047 3154 καλεῖν,
3073 3088 3187 3142 ἀλλ’
3213 3090 3333 3160 οὐχὶ
3366 3090 3459 3143 καὶ
3484 3088 3578 3144 τοῦ
3607 3106 3777 3156 κεφα.

2198 3172 2347 3227 λαίου
2377 3170 2554 3243 πολλῷ
2592 3171 2771 3225 πλέον.
2808 3170 2882 3224 Τὸ
2914 3171 3012 3242 μὲν
3034 3171 3141 3242 γὰρ
3168 3174 3458 3241 κεφάλαιον
3495 3174 3771 3244 χρήματα·

2198 3257 2227 3308 6
2249 3256 2305 3311 δέ
2334 3256 2491 3321 τόκος
2524 3254 2769 3325 οὐρανῶν
2803 3254 3067 3324 βασιλεία.
3101 3249 3254 3318 Εἶδες
3278 3253 3633 3327 δανείσματος
3672 3254 3774 3326 φύ-

2202 3361 2305 3409 σιν,
2336 3342 2430 3396 τοῦ
2457 3340 2749 3410 κεφαλαίου
2778 3338 2956 3410 πολλῷ
2988 3340 3207 3411 μείζονα
3228 3339 3453 3409 ἔχουσαν
3473 3341 3562 3395 τὸν
3589 3341 3775 3405 τόκον;

2199 3426 2308 3481 Καὶ
2328 3423 2501 3478 ταῦτα
2534 3424 2631 3496 μέν
2654 3424 2712 3477 ἐν
2730 3421 2806 3493 τῷ
2838 3422 3103 3493 μέλλοντι·
3130 3422 3187 3475 ἐν
3207 3421 3262 3474 δέ
3281 3422 3359 3493 τῷ
3382 3424 3607 3495 παρόντι
3631 3425 3776 3477 ἐλευ-

2200 3508 2389 3579 θερίας
2422 3505 2706 3578 ἀπολαύσῃ
2741 3505 2963 3575 πολλῆς.
3014 3504 3089 3557 T6
3123 3504 3571 3559 ἀνεπιϐούλευτον
3613 3507 3773 3571 ἔξεις,

2198 3590 2308 3646 τῶν
2337 3590 2690 3661 συκοφαντῶν
2717 3589 2814 3643 καὶ
2845 3587 2955 3642 τῶν
2975 3587 3370 3642 ἐπιϐουλευτῶν
3406 3600 3430 3629 ο
3455 3592 3557 3660 τὴν
3588 3591 3777 3644 ἐπιθυ-

2204 3674 2334 3746 μίαν
2359 3674 2592 3737 σϐέσεις⁸
2632 3675 2691 3728 ἐν
2723 3672 2878 3744 ἀδείᾳ
2908 3670 3081 3744 βιώσῃ
3118 3671 3209 3724 τὸν
3236 3672 3448 3726 ἅπαντα
3481 3670 3616 3742 βίον,
3654 3673 3776 3727 οὐτε

2198 3763 2318 3823 ταῖς
2362 3757 2606 3829 φροντίσι
2652 3755 2761 3810 τῶν
2802 3756 2971 3810 όντων
3008 3757 3443 3826 ἀποτεινόμενος,
3489 3757 3628 3813 ἀλλά
3659 3762 3777 3822 ταῖς

2199 3845 2380 3899 ἐλπίσι
2401 3842 2509 3897 τῶν
2533 3841 2833 3914 μελλόντων
2861 3839 3247 3912 πτερούμενος.
3284 3842 3355 3894 Τό
3379 3842 3559 3910 κέρας
3590 3843 3778 3898 αὐτοῦ

2199 3926 2582 3999 ὑψωθήσεται
2611 3924 2871 3994 ὲνδόξῃ.
2903 3925 2970 3977 "0
3007 3923 3242 3994 μάλιστα
3278 3923 3525 3978 ποθεινὸν
3562 3926 3778 3998 ἀνθρώ-

2201 4030 2344 4076 ποις,
2369 4010 2524 4064 τοῦτο
2545 4009 2779 4080 συνεχῶς
2800 4008 3001 4078 τίθησι,
3022 4008 3083 4062 τὸ
3103 4008 3350 4081 λαμπρὸν
3372 4010 3465 4062 καὶ
3484 4010 3778 4082 ἐπίσημον,

2199 4095 2229 4149 6
2255 4095 2349 4149 καὶ
2376 4097 2490 4148 ἐκεῖ
2510 4094 2706 4157 αὐτοὺς
2724 4092 3042 4156 διαδέξεται,
3063 4092 3158 4145 καὶ
3182 4091 3416 4146 ἐνταῦθα
3434 4093 3617 4157 αὐτοῖς
3640 4092 3779 4164 εἱετά

2201 4178 2399 4249 πολλῆς
2425 4177 2575 4231 ἔσται
2614 4176 2716 4247 τῆς
2746 4174 3083 4245 περιουσίας.
3120 4174 3308 4238 Οὐδεὶς
3330 4176 3438 4248 γάρ
3466 4177 3609 4231 οὔτω
3636 4177 3779 4249 λαμ-

2200 4263 2340 4335 πρὸς
2366 4262 2457 4315 καὶ
2481 4258 2738 4325 ἐπίδοξος,
2760 4258 2836 4321 ὼς
2865 4259 2892 4312 6
2913 4256 3179 4330 ἐλεήμων.

2273 4353 2345 4412 ς’.
2367 4344 2470 4400 Καὶ
2490 4347 2538 4399 εἰ
2560 4341 2750 4415 βούλει,
2769 4340 2902 4394 λάϐε
2919 4341 3043 4405 τούς
3062 4344 3119 4395 ἐν
3140 4344 3258 4405 ταῖς
3282 4342 3668 4415 ἱπποδρομίαις
3684 4344 3776 4398 καὶ

2201 4432 2259 4484 ἐν
2284 4432 2395 4495 τοῖς
2422 4429 2668 4499 θεάτροις
2696 4427 2816 4491 εἰκῆ
2855 4424 2923 4479 τὰ
2949 4424 3128 4478 αὐτῶν
3162 4425 3535 4491 δαπανῶνταςο
3570 4429 3669 4497 ἄγε
3698 4434 3778 4493 είς

2205 4514 2367 4586 μέσον
2404 4512 2497 4566 τὸν
2535 4510 2825 4579 ἐλεήμονα,
2852 4509 2945 4561 καὶ
2979 4509 3101 4562 τότε
3129 4508 3249 4579 δψει
3287 4510 3411 4574 ὅσος
3436 4512 3715 4583 ἑκατέροις
3744 4515 3774 4565 6

2201 4596 2434 4668 καρπός*
2473 4593 2591 4657 πῶς
2609 4590 2797 4646 τοῦτον
2826 4591 2924 4661 μὲν
2946 4592 3183 4656 ἅπαντες
3211 4594 3462 4664 κροτοῦσι
3490 4596 3772 4664 διηνεκῶς,

2201 4681 2299 4737 καὶ
2327 4678 2686 4748 θαυμάζουσι,
2730 4674 2909 4729 κοινὸν
2939 4675 3150 4745 πατέρα
3189 4678 3282 4729 καὶ
3308 4676 3503 4747 λιμένα
3546 4678 3777 4749 ἡγούμε-

2200 4781 2301 4820 νοι·
2334 4763 2540 4816 ἐκεῖνον
2567 4758 2625 4812 δὲ
2674 4757 2775 4829 τὴν
2796 4757 3009 4828 ἡμέραν
3042 4759 3256 4827 ἐκείνην
3288 4762 3656 4830 κροτήσαντες
3682 4761 3775 4832 μό-

2202 4864 2291 4901 νον
2316 4844 2528 4915 ἀκαίρῳ
2555 4841 2663 4895 τινὶ
2684 4841 2778 4895 καὶ
2805 4839 3073 4911 ἀλογίστῳ
3098 4843 3265 4911 ὁρμῇ,
3295 4843 3435 4912 μετά
3462 4843 3636 4898 ταῦτα
3659 4846 3774 4898 δια-

2204 4929 2508 4991 ϐάλλουσιν,
2535 4926 2611 4989 ὡς
2639 4923 3021 4995 ἀπάνθρωπον,
3053 4924 3130 4987 ὡς
3169 4924 3338 4995 ὠμὸν,
3374 4926 3450 4989 ὼς
3479 4926 3768 4992 κενόδοξον,

2202 5012 2278 5075 ὡς
2310 5008 2594 5077 ἀσελγείας
2615 5007 2857 5061 διάκονον
2879 5007 2973 5059 καὶ
3002 5007 3264 5078 πονηρίας
3284 5008 3581 5081 ὑπηρέτην.
3618 5008 3770 5062 Ἀλλά

2202 5096 2298 5148 καὶ
2333 5095 2389 5146 ἐν
2421 5096 2532 5156 τοῖς
2559 5090 2854 5158 συλλόγοις,
2882 5088 3065 5142 εἴποτε
3085 5091 3313 5144 τοιοῦτοι
3341 5091 3578 5161 γίνονται
3606 5093 3764 5162 λόγοι,

2202 5178 2424 5232 ἐκείνων
2457 5177 2554 5247 μὲν
2598 5174 2666 5227 τὰ
2693 5170 3026 5244 ἀναλώματα
3054 5173 3314 5240 στίζεται,
3346 5176 3441 5231 καὶ
3467 5176 3766 5232 διαϐάλλον-

2200 5279 2291 5317 ται
2347 5262 2404 5314 αἱ
2452 5258 2709 5313 δαπάναι·
2743 5255 2948 5313 τούτων
2992 5257 3049 5309 δὲ
3090 5258 3266 5322 οὐδείς
3297 5261 3443 5313 ἐστιν
3478 5260 3646 5325 οὕτως
3672 5263 3761 5316 ἀν·

2201 5345 2484 5415 αίσχυντος
2518 5341 2613 5395 καὶ
2643 5340 2858 5411 μιαρὸς,
2892 5337 2952 5403 ὃς
2992 5339 3093 5394 κᾶν
3132 5341 3391 5413 μυριάκις
3431 5342 3759 5418 ὠμότατοςῇ

2266 5476 2289 5547 ξ
2311 5475 2444 5547 ﬂag:-
2459 5472 2678 5547 ἀρίσταις
2688 5471 2859 5547 λέξεσι.

2262 5535 2288 5575 (Ι
2314 5532 2467 5585 Ξαῦἰι.
2493 5532 2735 5596 ἐγχειρῶν.
2761 5532 2885 5596 Beg.
2916 5532 3225 5596 θησαυρίζων.

2266 5601 2291 5628 °
2316 5598 2466 5646 Savil.
2491 5595 2571 5643 καὶ
2610 5595 2707 5642 τῶν
2737 5595 3047 5641 πλεονεκτῶν.
3076 5595 3366 5644 ϐεηιὶοιιυσ
3413 5595 3674 5651 Henetus.
3715 5601 3756 5645 ει

2200 5670 2476 5709 avarorum.
2500 5656 2599 5704 Sed
2625 5657 2780 5713 visum
2805 5662 2882 5703 est
2899 5654 3090 5703 Morelli
3121 5658 3383 5705 lectionem
3408 5660 3637 5707 retinere.
3659 5659 3758 5706 Hac

2200 5722 2386 5793 quipge
2410 5718 2597 5793 op‘liule
2618 5717 2825 5793 hab‘enl‘,
2850 5717 2932 5790 τὸ-
2945 5716 3335 5793 ἀνεπιϐούλευτον
3358 5719 3488 5793 ἕξις,
3514 5721 3610 5767 τῶν
3629 5735 3760 5787 συχον

2080 5788 2086 5829 :
2202 5779 2388 5848 φαντῶν
2405 5779 2485 5831 καὶ
2508 5781 2605 5829 τῶν
2626 5779 2967 5830 ἐπιϐουλευτῶν
2991 5780 3075 5835 τήν
3099 5780 3339 5844 ἐπιθυμίαν
3358 5781 3557 5837 σϐέσεις.
