4112 6342
495 298 602 355 299

493 411 772 482 impudens
795 416 850 463 et
873 406 1163 462 sceleratus
1181 446 1198 475 ,
1229 405 1316 476 qui
1346 404 1555 460 etiamsi
1578 403 1646 458 sit
1667 402 1854 456 millies
1875 399 2067 456 crude-

490 505 557 560 tis
581 512 635 559 et
663 501 1003 565 inhumanus,
1033 513 1139 552 non
1170 496 1349 551 laudet
1373 505 1427 550 et
1452 494 1758 549 admiretur.
1794 489 2070 562 Ejusmodi

489 599 633 652 enim
661 608 746 648 res
775 599 858 646 est
882 590 1082 657 virtus,
1110 597 1170 644 ut
1195 588 1355 643 etiam
1381 586 1449 641 ab
1471 585 1534 641 iis
1558 585 1651 655 qui
1679 583 1820 638 illam
1850 597 1954 637 non
1982 595 2068 637 se-

488 696 722 760 quuntur
763 683 1045 738 laudetur:
1075 678 1518 751 quemadmodum
1555 675 1742 731 vitium
1790 674 1854 728 iis
1910 672 2070 728 etiam

487 779 578 849 qui
607 776 658 830 ei
687 784 809 830 sunt
837 773 1035 838 dediti,
1070 772 1140 826 sit
1167 784 1392 824 exosum
1419 777 1472 823 et
1519 765 1934 837 reprehensione
1958 763 2073 833 ple-

489 883 638 924 num.
669 865 848 936 Itaque
870 863 988 918 illos
1007 862 1219 932 quidem
1241 875 1342 936 nec
1369 859 1403 913 ii
1429 858 1520 929 qui
1542 857 1806 927 accipiunt
1823 854 2067 918 laudant,

488 957 798 1014 meretrices
820 996 838 1023 ,
868 955 1080 1023 inquam
1103 992 1122 1018 ,
1151 952 1347 1022 auriga:
1375 991 1392 1018 ,
1420 959 1476 1006 et
1500 950 1778 1004 saltatores
1798 988 1814 1015 ,
1856 945 1948 1000 sed
1977 959 2071 1000 eos

485 1052 650 1108 etiam
677 1049 1003 1105 insectantur
1035 1063 1048 1099 :
1075 1043 1216 1100 hunc
1247 1052 1423 1098 autem
1467 1056 1574 1096 non
1610 1039 1782 1094 solum
1809 1049 2070 1108 pauperes

487 1143 576 1212 qui
604 1148 944 1211 acceperunt,
975 1135 1071 1193 sed
1100 1136 1136 1190 ii
1156 1133 1315 1190 etiam
1339 1133 1404 1188 ad
1427 1147 1560 1204 quos
1586 1129 1716 1185 nihil
1736 1128 1892 1182 rediit
1918 1142 1984 1182 ex
2010 1125 2072 1180 li-

488 1233 767 1288 beralitate
791 1241 977 1284 omnes
997 1227 1329 1282 mirabuntur
1350 1231 1405 1278 et
1431 1221 1698 1276 amabunt.
1723 1219 1809 1273 10.
1832 1215 2072 1271 Peccator

487 1324 669 1379 videbit
699 1332 744 1378 et
769 1326 1015 1375 irascetur
1034 1316 1295 1372 :dentibus
1321 1313 1427 1368 suis
1451 1314 1626 1383 fremet
1653 1319 1700 1364 et
1727 1309 1958 1363 tabescet.
1974 1307 2073 1362 Ta-

487 1416 556 1470 lis
584 1429 670 1469 res
698 1422 784 1469 est
810 1411 978 1465 virtus
999 1426 1013 1463 :
1033 1408 1161 1462 vitio
1184 1403 1357 1477 gravis
1375 1413 1430 1458 et
1459 1402 1699 1457 molesta.
1719 1398 2075 1469 Quemadmo-

486 1507 613 1561 dum
641 1503 781 1559 enim
812 1501 948 1572 ignis
975 1496 1220 1553 accendit
1250 1495 1452 1568 spinas,
1485 1494 1556 1547 ita
1587 1491 1743 1547 etiam
1775 1490 2072 1560 benignitas

485 1596 692 1652 feroces
717 1593 960 1648 homines
988 1591 1161 1646 irritat
1189 1604 1205 1642 :
1235 1602 1299 1642 ea
1328 1585 1471 1640 enim
1513 1583 1723 1638 illorum
1762 1580 2070 1651 improbita-

488 1699 593 1742 tem
625 1682 968 1755 reprehendit
987 1691 1042 1736 et
1067 1687 1306 1735 accusat.
1335 1675 1441 1733 Sed
1491 1674 1613 1730 vide
1655 1688 1778 1729 eum
1799 1715 1813 1741 ,
1857 1688 1923 1728 ne
1949 1687 2070 1728 cum

489 1777 685 1833 invidia
712 1773 929 1846 quidem
963 1769 1256 1828 extabescit
1279 1808 1295 1836 ,
1322 1766 1520 1823 audere
1556 1778 1810 1820 accusare
1831 1804 1847 1830 ,
1878 1771 1934 1818 et
1958 1761 2072 1818 cla-

488 1885 606 1924 rum
633 1867 840 1921 virtutis
873 1872 1147 1934 aspectum
1178 1859 1399 1924 intueri,
1428 1856 1524 1913 sed
1549 1866 1736 1911 mente
1762 1852 1975 1926 quidem
2005 1850 2072 1906 li-

487 1974 766 2031 quescere,
792 1967 848 2014 et
868 1956 1117 2013 dentibus
1144 1953 1386 2008 dolorem
1409 1950 1714 2016 ostendere,
1739 1964 1844 2002 non
1873 1947 2074 2003 audere

488 2063 666 2106 autem
688 2049 904 2104 verbum
928 2044 1188 2118 proferre,
1201 2043 1297 2099 sed
1327 2052 1528 2096 tantum
1550 2041 1668 2112 angi
1685 2049 1740 2096 et
1758 2038 2070 2094 excruciari.

573 2141 687 2195 Vitii
716 2139 939 2211 (inditas;
967 2136 1165 2191 uirtutis
1189 2134 1448 2205 splendor.
1470 2162 1542 2172 —
1569 2133 1698 2186 Tale
1724 2139 1806 2186 est
1822 2130 1964 2186 enim
1990 2129 2075 2184 vi-

496 2233 633 2287 tium
661 2249 675 2287 :
699 2228 907 2285 etiamsi
927 2227 992 2282 ad
1021 2227 1132 2297 ipsa
1166 2233 1373 2294 sceptra
1395 2221 1712 2288 ascenderit,
1743 2223 1959 2290 etjuxta
1980 2235 2074 2279 eos

487 2324 715 2389 steterit,
737 2335 965 2393 quorum
989 2327 1113 2374 sunt
1127 2318 1296 2389 capita
1312 2317 1484 2372 cincta
1507 2315 1824 2379 diademate,
1843 2323 1925 2371 est
1945 2327 2069 2368 om-

486 2417 634 2472 nium
655 2412 1086 2484 abjectissimum,
1115 2418 1169 2464 et
1185 2409 1416 2466 maxime
1453 2406 1879 2472 formidolosum,
1908 2414 1963 2462 et
1999 2405 2074 2461 si-

488 2507 615 2562 milc
639 2516 720 2561 est
740 2504 897 2559 alicui
915 2501 1156 2572 strepitui
1178 2515 1241 2556 ac
1257 2499 1521 2562 tumultui,
1540 2506 1594 2553 et
1611 2497 1742 2552 mari
1767 2495 2071 2564 insanienti,

488 2599 694 2654 etiamsi
719 2598 789 2652 sit
813 2597 1040 2652 maxima
1056 2594 1306 2664 stipatum
1325 2590 1595 2663 potentia:
1619 2589 2070 2662 quemadmodum

489 2693 659 2746 virtus
702 2704 734 2746 e
776 2686 1062 2744 contrario.
1091 2685 1225 2741 Nam
1270 2684 1394 2740 licet
1422 2682 1490 2738 ad
1528 2690 1821 2739 extremam
1849 2680 2066 2736 redacta

490 2785 559 2838 sit
587 2783 837 2852 inopiam,
871 2789 925 2834 et
949 2779 1018 2833 sit
1047 2777 1101 2832 in
1128 2777 1243 2847 ipso
1271 2789 1517 2842 carcere,
1547 2782 1630 2829 est
1655 2773 1869 2843 regibus
1896 2771 2077 2843 splen-

489 2873 689 2941 didior,
712 2883 1008 2942 tnagnaque
1029 2867 1217 2924 fruitur
1241 2866 1548 2931 securitate,
1570 2879 1634 2919 ac
1656 2863 1808 2918 sedet
1836 2864 1891 2916 in
1918 2871 2075 2932 portu

491 2964 652 3019 nullis
697 2962 894 3033 agitato
925 2960 1198 3023 ﬂuctibus,
1232 2972 1339 3011 non
1395 2954 1553 3010 modo
1591 2953 1721 3008 nihil
1765 2954 1972 3023 patiens
2006 2953 2075 3008 ab

491 3053 769 3127 improbis,
786 3052 881 3107 sed
901 3051 984 3106 vel
1010 3051 1124 3120 ipso
1144 3048 1356 3103 silentio
1377 3045 1558 3100 ulcisci
1574 3054 1760 3114 potens
1777 3041 2070 3113 improbos,

489 3161 544 3207 et
593 3148 662 3204 de
712 3145 1049 3217 improbitate
1095 3151 1364 3198 extremas
1412 3153 1600 3210 poenas
1650 3136 1888 3208 exigens.
1935 3134 2074 3203 Quid

501 3240 642 3294 enim
675 3237 922 3292 miserius
950 3233 1165 3289 homine
1193 3245 1314 3287 esse
1355 3237 1566 3300 potest,
1594 3223 1692 3298 qui'
1713 3227 1836 3281 vivit
1872 3227 1924 3281 in
1952 3241 2074 3282 sce-

490 3330 626 3396 lere,
655 3327 867 3400 quando
899 3335 1246 3396 praeterquam
1269 3320 1411 3394 quod
1448 3319 1646 3376 serviat
1667 3318 1904 3390 pecuniis
1923 3358 1938 3382 ,
1969 3332 2076 3373 cas-

491 3433 832 3491 terorumque
863 3417 1070 3471 laudem
1097 3429 1244 3469 suam
1276 3427 1486 3484 poenam
1507 3410 1808 3477 existimat,
1830 3417 1884 3464 et
1904 3409 2018 3480 ipse
2042 3422 2075 3464 a

494 3514 672 3585 seipso
698 3509 1012 3581 supplicium
1040 3507 1231 3577 exigit,
1260 3519 1410 3560 suam
1431 3501 1809 3559 conscientiam
1831 3500 2036 3554 lanians
2055 3540 2074 3565 ,

496 3613 729 3660 mentem
757 3599 1087 3663 excrucians,
1110 3607 1164 3652 et
1192 3595 1425 3666 seipsum
1455 3592 1558 3648 sibi
1586 3591 1889 3646 carnificem
1917 3590 2071 3646 exhi-

497 3694 676 3750 bens?
703 3691 889 3747 Vidisti
919 3690 1127 3744 virtutis
1156 3684 1523 3743 excellentiam
1552 3693 1606 3740 et
1631 3682 1959 3754 potentiam?
1988 3681 2070 3736 vi-

495 3787 619 3841 disti
644 3783 1054 3840 imbecillitatem
1077 3788 1132 3835 et
1155 3778 1422 3833 miseriam
1450 3774 1736 3846 nequitiae?
1761 3772 1866 3829 Sed
1894 3788 2001 3829 non
2021 3773 2076 3828 in

499 3879 601 3934 hoc
624 3879 740 3934 solo
765 3877 880 3946 ejus
923 3873 1166 3929 consistit
1193 3869 1464 3926 calamitas
1489 3908 1504 3934 ,
1529 3866 1625 3922 sed
1653 3866 1812 3922 etiam
1858 3865 1912 3920 in
1957 3864 2077 3920 aliis

499 3974 774 4045 pluribus:
804 3969 943 4042 quod
982 3969 1152 4039 ipsum
1191 3978 1401 4036 quoque
1427 3949 1728 4033 significans
1767 3958 2076 4029 subiunxit,

498 4067 682 4120 dicens
707 4081 722 4118 :
748 4062 1064 4118 Desiderium
1091 4068 1409 4130 peccatorum
1438 4055 1632 4127 peribit.
1663 4053 1800 4122 Quid
1827 4062 1941 4120 est,
1973 4051 2076 4106 De-

499 4157 737 4210 siderium
773 4163 1092 4225 peccatorum
1126 4149 1346 4222 peribit?
1370 4147 1687 4216 Numquam,
1713 4145 1902 4214 inquit,
1933 4143 2076 4198 sisti-

503 4257 608 4303 tur.
638 4248 770 4317 Quia
792 4247 933 4302 enim
959 4261 1020 4301 ea
1049 4258 1168 4314 qua:
1210 4240 1513 4306 desiderat,
1537 4249 1657 4293 sunt
1689 4235 1826 4290 ﬂuxa
1861 4243 1916 4290 et
1940 4250 2078 4305 prte-

502 4338 872 4404 tercurrentia,
894 4334 1214 4391 desiderium
1236 4345 1447 4402 quoque
1473 4344 1561 4383 res
1580 4329 1833 4393 imitatur,
1856 4335 1912 4380 ut
1938 4323 2082 4396 quod

503 4432 866 4502 exstinguatur
905 4435 959 4482 et
999 4431 1216 4495 pereat,
1245 4431 1301 4478 et
1342 4421 1538 4476 nullam
1584 4418 1815 4473 radicem
1863 4416 2077 4471 habeat.

502 4523 657 4594 Quod
687 4524 731 4578 si
757 4523 873 4577 talis
897 4529 981 4576 est
1003 4518 1091 4573 hic
1117 4515 1409 4588 peccatoris
1434 4521 1632 4575 status,
1663 4511 1834 4581 cogita
1849 4522 2081 4580 quonam

505 4617 666 4673 modo
692 4630 751 4670 se
775 4612 990 4668 habebit
1017 4613 1072 4665 in
1117 4608 1293 4664 futuro
1321 4605 1536 4662 saeculo.
1571 4603 1650 4658 Ne
1683 4603 1801 4658 haec
1827 4616 1957 4674 ergo
1982 4615 2078 4671 pa-

506 4710 722 4770 tiamur,
752 4703 889 4758 hanc
919 4702 1058 4756 viam
1086 4699 1350 4770 fugiamus
1368 4739 1386 4766 ,
1415 4695 1561 4750 illam
1590 4694 1848 4765 eligamus
1871 4734 1886 4760 ,
1913 4693 1966 4747 in
1992 4691 2082 4746 illa

507 4808 763 4871 perpetuo
791 4795 1114 4868 gradiamur,
1144 4800 1252 4846 tuta
1273 4833 1289 4858 ,
1316 4787 1728 4860 inexpugnabili,
1755 4786 1904 4858 plena
1927 4785 2080 4840 volu-

505 4891 690 4963 ptatis,
714 4905 833 4961 qua:
875 4885 1068 4941 referta
1096 4892 1177 4939 est
1198 4882 1363 4953 gloria
1382 4922 1397 4949 ,
1429 4895 1547 4950 qua:
1571 4879 1759 4934 caelum
1801 4876 1955 4932 nobis
1987 4891 2081 4930 ac-

506 4983 694 5054 quirit,
719 4995 835 5051 quae
865 4979 918 5031 iu
944 4975 1190 5031 omnibus
1213 4974 1304 5029 Dei
1330 4972 1485 5028 nobis
1507 4969 1930 5027 benevolentiam
1955 4983 2084 5023 con-

508 5074 672 5138 ciliat,
703 5086 822 5143 qua:
847 5067 974 5124 facit
1015 5075 1074 5122 ut
1116 5063 1566 5138 philosophemur,
1598 5077 1716 5132 qua:
1743 5070 1820 5116 tot
1860 5069 1914 5116 et
1941 5067 2084 5114 tanta

512 5169 566 5221 in
593 5180 651 5220 se
679 5164 816 5219 bona
841 5161 1106 5225 continet,
1137 5167 1328 5229 quanta
1377 5171 1444 5210 ne
1485 5155 1655 5209 oratio
1679 5154 1892 5225 quidem
1917 5153 2085 5224 expli-

508 5272 633 5313 care
655 5255 885 5328 poterit:
916 5267 1036 5324 qua:
1058 5250 1214 5307 detur
1241 5249 1486 5306 omnibus
1512 5246 1666 5302 nobis
1687 5247 1942 5318 consequi
1965 5261 2085 5317 gra-

510 5350 582 5405 tia
605 5357 662 5404 et
688 5341 1048 5402 misericordia
1066 5383 1081 5407 ,
1103 5350 1206 5396 etc.

987 5453 1052 5510 IN
1091 5450 1408 5508 PSALMUM
1447 5447 1602 5505 CXII.

510 5556 560 5608 1.
607 5551 852 5613 Laudate,
886 5547 1049 5617 pueri,
1089 5543 1384 5606 Dominum,
1422 5539 1624 5594 laudate
1651 5552 1831 5592 nomen
1857 5533 2081 5588 Domini.

583 5669 632 5721 1.
661 5663 799 5719 Laus
843 5661 941 5717 Dei
982 5658 1103 5731 quid
1147 5654 1451 5728 diﬁcultatis
1479 5651 1692 5716 habeat;
1744 5665 1922 5704 nomen
1978 5647 2084 5701 Do.

516 5760 633 5814 mini
683 5774 770 5835 per
814 5767 907 5810 nos
949 5764 1002 5808 ut
1040 5748 1446 5824 glori/imitatum.
1505 5776 1573 5788 -
1617 5744 1792 5802 Multa:
1838 5742 1890 5798 in
1927 5741 2076 5798 Scri-

1195 290 1253 347 S.
1294 287 1572 346 JOANNIS
1607 282 2084 343 CHRYSOSTUMI
2120 283 2440 342 ARCHIEP.
2480 283 3017 351 CONSTANTINOP.

2178 400 2348 470 pluris
2421 399 2723 470 bujusmodi
2790 399 2976 456 laudes
3043 409 3533 456 commemorantur
3585 417 3601 453 ε
3647 416 3757 455 non

2173 501 2257 545 est
2299 492 2440 546 enim
2485 490 2610 561 quid
2659 489 2777 546 leve
2807 531 2820 554 ,
2893 491 2988 546 sed
3061 490 3379 545 sacrificium
3439 490 3704 561 quoddam
3739 533 3755 556 ,

2176 592 2232 636 et
2287 582 2485 637 oblatio
2540 582 2649 636 Deo
2671 592 2888 652 accepta
2939 602 2953 636 :
2999 581 3321 650 Sacriﬁcium
3350 583 3516 647 enim,
3567 583 3756 655 inquit,

2176 673 2345 730 laudis
2395 674 2700 746 gloriﬁcabit
2751 692 2831 729 me
2887 674 3060 745 (Psal.
3117 675 3204 730 49.
3256 677 3372 744 23).
3429 677 3496 730 Et
3525 693 3756 732 rursus:

2175 765 2417 820 Laudabo
2464 783 2644 820 nomen
2690 765 2785 820 Dei
2829 769 2928 820 mei
2977 784 3092 820 cum
3137 769 3332 822 cantico
3358 809 3373 834 ,
3421 769 3759 840 magniﬁcabo

2173 859 2341 928 ipsum
2368 860 2418 911 in
2452 859 2602 913 laude
2628 876 2646 912 :
2676 868 2722 912 et
2763 859 2972 928 placebit
3009 857 3118 913 Deo
3161 877 3310 926 super
3340 859 3549 914 uitulum
3587 870 3760 914 novet-

2180 950 2306 1014 lum,
2358 965 2554 1003 cornua
2594 949 2949 1020 producentem
2987 959 3034 1004 et
3072 951 3291 1020 ungulas
3334 949 3521 1020 (Psal.
3551 950 3638 1006 68.
3667 953 3760 1005 5f.

2175 1039 2287 1112 32).
2318 1038 2466 1095 Sacri
2517 1055 2731 1110 quoque
2777 1038 2896 1094 libri
2947 1039 2999 1093 id
3044 1055 3186 1109 saepe
3229 1041 3561 1111 praecipiunt,
3590 1051 3644 1094 et
3669 1041 3762 1108 qui

2174 1141 2476 1196 servantur,
2521 1145 2618 1200 pro
2659 1129 2865 1200 magnis
2898 1130 3183 1199 gratiarum
3221 1131 3516 1185 actionibus
3551 1129 3602 1184 id
3627 1131 3762 1186 offe-

2173 1231 2316 1277 runt.
2365 1223 2432 1278 Et
2455 1237 2738 1294 quamnam
2769 1221 2949 1287 habet,
2978 1221 3206 1292 inquies,
3236 1223 3337 1278 hoc
3360 1222 3762 1278 difficultatem?

2173 1315 2258 1370 cui
2287 1323 2464 1369 autem
2491 1315 2576 1369 vel
2611 1313 2827 1369 humilis
2867 1324 2922 1368 et
2950 1315 3169 1383 abjecta:
3196 1314 3514 1369 conditionis
3539 1315 3591 1369 id
3623 1331 3762 1385 prae-

2174 1415 2336 1475 stare,
2364 1417 2419 1463 et
2460 1407 2631 1465 Deum
2662 1406 2879 1462 laudare
2905 1422 3010 1462 non
3039 1417 3118 1461 est
3147 1408 3342 1462 facile?
3388 1407 3446 1464 Si
3491 1425 3604 1464 rem
3637 1407 3763 1464 dili-

2172 1507 2361 1569 genter
2392 1507 2446 1554 et
2473 1507 2659 1554 exacte
2700 1497 2971 1559 didiceris,
3016 1498 3221 1551 videbis
3251 1510 3302 1552 et
3325 1499 3558 1553 laborem
3589 1500 3676 1569 qui
3707 1501 3760 1554 in

2174 1605 2234 1645 re
2262 1590 2418 1654 inest,
2460 1599 2515 1645 et
2564 1590 2767 1644 lucrum
2811 1589 2951 1659 quod
2980 1603 3044 1642 ex
3075 1603 3135 1643 ea
3165 1590 3470 1660 percipitur.
3519 1591 3760 1645 Primum

2173 1683 2388 1754 quidem
2425 1681 2538 1737 huic
2564 1682 2678 1736 laus
2705 1697 2733 1734 a
2759 1681 2916 1751 justis
2942 1683 3252 1750 requiritur,
3279 1692 3332 1738 et
3359 1693 3572 1751 oportet
3591 1685 3753 1737 vitam

2181 1778 2328 1848 prius
2365 1786 2512 1832 recte
2551 1776 2951 1839 iustituentem,
3000 1774 3228 1845 hymnos
3272 1775 3344 1829 ita
3391 1777 3499 1830 Deo
3544 1791 3757 1831 cauere.

2177 1867 2300 1922 Non
2329 1876 2402 1922 est
2447 1868 2580 1922 enim
2627 1867 2842 1939 pulchra
2885 1867 2996 1921 laus
3032 1867 3084 1918 in
3121 1881 3207 1920 ore
3238 1869 3513 1936 peccatoris
3553 1866 3754 1942 (Eccli.

2176 1964 2265 2018 15.
2297 1963 2376 2035 9).
2425 1962 2672 2019 Secundo
2697 1977 2802 2018 non
2829 1961 3006 2018 verbis
3031 1962 3225 2026 solum,
3275 1961 3368 2016 sed
3410 1960 3568 2016 etiam
3609 1960 3761 2014 factis

2175 2055 2391 2111 laudare
2431 2064 2661 2126 Oportet,
2713 2064 2768 2110 et
2809 2055 2945 2109 hanc
2989 2054 3197 2108 laudem
3237 2053 3377 2107 Deus
3422 2053 3650 2107 maxime
3678 2067 3762 2106 re-

2174 2149 2356 2220 quirit,
2397 2147 2533 2202 hanc
2574 2147 2796 2218 gloriam
2826 2165 2840 2201 :
2870 2145 3057 2200 Luceat
3096 2146 3260 2208 enim,
3307 2145 3502 2214 inquit,
3550 2145 3638 2197 tua:
3676 2160 3759 2196 ve-

2175 2252 2280 2296 stra
2318 2257 2490 2295 coram
2523 2240 2824 2306 hominibus,
2871 2248 2922 2291 ut
2963 2237 3162 2292 videant
3202 2253 3356 2307 Opera
3402 2246 3562 2288 uestra
3598 2233 3747 2296 bona,

2179 2343 2227 2388 et
2274 2333 2556 2405 gloriﬁcent
2583 2331 2788 2385 Patrem
2838 2339 3057 2384 vestrum
3085 2329 3170 2400 qui
3195 2338 3269 2383 est
3295 2328 3347 2381 in
3375 2328 3511 2382 etelis
3541 2325 3754 2398 (Matth.

2175 2425 2232 2482 5.
2279 2425 2390 2496 16).
2437 2423 2511 2478 Ita
2557 2423 2773 2479 laudant
2819 2421 3127 2477 Cherubim.
3174 2420 3434 2488 Quocirca
3498 2418 3758 2488 propheta

2180 2531 2392 2588 quoque
2431 2531 2550 2570 cum
2582 2515 2724 2568 illam
2748 2514 3023 2584 mysticam
3054 2511 3286 2566 audisset
3313 2509 3618 2574 melodiam,
3674 2523 3761 2562 sc-

2176 2609 2346 2679 ipsum
2389 2609 2642 2664 miserum
2700 2607 2951 2677 pratdicat
2992 2605 3175 2660 dicens
3225 2621 3238 2658 :
3291 2602 3393 2657 Hei
3434 2603 3578 2668 mihi,
3626 2601 3761 2674 quod

2176 2703 2325 2757 homo
2352 2717 2483 2766 sum,
2533 2702 2734 2765 impura
2770 2699 2956 2752 habens
2994 2697 3148 2764 labia,
3192 2706 3240 2752 et
3277 2697 3444 2750 habito
3490 2697 3545 2750 in
3598 2697 3763 2750 medio

2176 2793 2352 2865 populi
2389 2793 2590 2862 impura
2637 2791 2771 2844 labia
2813 2790 3039 2845 habentis
3107 2790 3125 2859 (
3148 2787 3276 2843 Isai.
3304 2787 3356 2843 6.
3386 2785 3480 2860 5).
3536 2789 3602 2842 Et
3642 2786 3762 2841 ideo

2175 2900 2296 2941 cum
2356 2883 2598 2954 prmcipit
2645 2881 2828 2936 laudes
2872 2880 3086 2946 oll'errc,
3135 2881 3315 2951 incipit
3342 2897 3371 2934 a
3402 2880 3762 2950 superioribus

2183 2976 2558 3047 potestatibus,
2610 2975 2689 3030 sic
2728 2976 2911 3030 dicens
2947 2993 2960 3029 :
2991 2973 3217 3028 Laudate
3258 2974 3533 3027 Dominum
3568 2973 3631 3027 de
3665 2989 3763 3026 ctr-

2177 3070 2260 3136 lis,
2307 3067 2511 3122 laudate
2548 3083 2660 3122 eum
2700 3083 2869 3122 omnes
2899 3065 3066 3136 angeli
3097 3067 3208 3136 ejus
3252 3063 3418 3136 (Psal.
3450 3064 3571 3119 148.
3604 3065 3652 3118 1.
3678 3063 3757 3129 2).

2174 3160 2396 3234 Oportet
2424 3161 2600 3229 itaque
2639 3159 2882 3230 angelum
2926 3157 3062 3225 ﬁeri,
3094 3167 3147 3212 et
3169 3157 3238 3210 ita
3266 3155 3500 3211 laudare.
3526 3155 3604 3212 Ne
3629 3170 3760 3224 ergo

2176 3252 2316 3308 hanc
2345 3251 2556 3307 laudem
2587 3267 2698 3306 rem
2734 3265 2855 3306 csse
2883 3251 3052 3306 levem
3080 3250 3446 3305 existimemus
3475 3266 3489 3304 :
3519 3247 3612 3304 sed
3637 3258 3762 3303 ante

2178 3359 2240 3400 os
2267 3353 2510 3399 nostrum
2540 3343 2646 3397 vita
2674 3351 2854 3398 nostra
2890 3341 3058 3412 ipsam
3103 3348 3280 3406 sonet,
3322 3349 3480 3410 atque
3508 3350 3628 3394 ante
3662 3341 3761 3393 lin-

2178 3451 2334 3506 gnam
2359 3435 2482 3489 vita:
2509 3433 2805 3488 institutum
2833 3432 3048 3488 clamet.
3075 3431 3149 3486 Ita
3173 3432 3385 3502 quidem
3415 3432 3496 3487 vel
3527 3440 3762 3486 tacentes

2179 3525 2345 3580 Deum
2390 3523 2608 3579 laudare
2648 3538 2930 3593 possumus
2962 3541 2976 3576 :
3009 3523 3078 3576 ita
3123 3523 3282 3578 etiam
3322 3523 3595 3592 loquentes
3635 3524 3761 3577 etle-

2181 3631 2300 3670 mus
2327 3615 2742 3672 modulationem
2774 3613 2894 3668 vitae
2922 3614 3348 3668 convenientem.
3392 3613 3507 3667 Non
3535 3612 3636 3667 hoc
3664 3628 3760 3668 au-

2181 3716 2286 3763 tem
2334 3707 2505 3763 solum
2549 3722 2617 3762 ex
2645 3705 2857 3760 Psalmo
2898 3704 3078 3761 dicere
3121 3721 3426 3777 possumus,
3478 3705 3572 3761 sed
3598 3706 3756 3760 etiam

2181 3800 2323 3872 quod
2351 3814 2537 3856 omnes
2566 3799 2725 3854 ducat
2749 3797 2816 3852 ad
2845 3798 3238 3870 symphoniam,
3285 3806 3340 3853 et
3374 3797 3595 3852 chorum
3624 3797 3760 3850 inte-

2184 3909 2339 3965 grum
2401 3901 2616 3948 statuat.
2691 3891 2806 3946 Non
2855 3891 2997 3946 enim
3044 3907 3205 3946 unum
3246 3900 3447 3945 tantum
3492 3899 3584 3944 aut
3623 3889 3759 3945 duos

2180 3984 2484 4055 alloquitur,
2527 3982 2623 4038 sed
2666 3982 2966 4037 universum
3009 3982 3282 4052 populum.
3319 3979 3755 4051 thuemadmo-

2181 4074 2306 4130 dum
2354 4074 2593 4129 Christus
2636 4087 2734 4128 nos
2769 4071 3037 4128 deducens
3085 4071 3154 4127 ad
3201 4073 3473 4126 caritatem
3531 4079 3588 4127 et
3632 4085 3761 4126 con-

2181 4167 2416 4222 cordiam
2442 4207 2459 4233 ,
2508 4165 2657 4235 jubet
2719 4178 3029 4219 communes
3080 4177 3265 4232 preces
3333 4162 3551 4229 oll'erri,
3585 4170 3641 4218 et
3693 4162 3760 4216 ab

2184 4258 2435 4312 universa
2482 4256 2716 4311 Ecclesia
2767 4263 3032 4323 tamquam
3089 4253 3158 4307 ab
3195 4269 3298 4307 una
3340 4267 3562 4322 persona
3607 4252 3708 4306 dici
3738 4292 3755 4317 ,

2183 4347 2340 4403 Pater
2388 4357 2555 4402 noster
2597 4363 2618 4402 :
2667 4356 2754 4410 et,
2799 4343 2992 4398 Panem
3035 4354 3262 4397 nostrum
3306 4343 3652 4414 quotidianum
3693 4343 3762 4395 da

2184 4442 2327 4497 nobis
2378 4439 2528 4495 hodie
2555 4456 2573 4492 :
2603 4448 2693 4507 et,
2741 4436 2949 4491 Dimitte
3001 4435 3143 4489 nobis
3185 4435 3350 4489 debita
3389 4443 3578 4501 nostra,
3629 4435 3760 4489 sicut

2185 4545 2233 4590 et
2276 4548 2367 4588 nos
2405 4531 2696 4585 dimittimus
2725 4544 2745 4584 :
2781 4538 2828 4583 et
2865 4544 2927 4582 ne
2951 4544 3042 4581 nos
3061 4527 3272 4581 inducas
3314 4527 3367 4580 in
3411 4527 3757 4592 tentationem,

2184 4625 2272 4681 sed
2315 4624 2470 4679 libera
2520 4639 2610 4676 nos
2653 4637 2685 4674 a
2721 4618 2856 4674 malo
2885 4618 3096 4692 (Matth.
3142 4617 3195 4674 6.
3237 4617 3292 4674 9.
3333 4617 3420 4672 11.
3470 4616 3559 4672 12.
3603 4617 3694 4685 15)
3741 4633 3755 4669 :

2187 4717 2382 4786 ubique
2436 4721 2595 4770 utens
2642 4711 2830 4784 plurali
2872 4711 3116 4775 nomine,
3168 4718 3222 4764 et
3273 4708 3585 4779 praecipiens
3641 4708 3760 4761 uni-

2187 4807 2397 4876 cuique,
2441 4804 2554 4857 sive
2602 4802 2747 4856 solus
2790 4810 2926 4868 oret,
2966 4801 3078 4854 sive
3121 4814 3239 4854 cum
3267 4799 3408 4861 aliis,
3446 4813 3543 4868 pro
3585 4797 3762 4850 fratri--

2187 4897 2285 4953 bus
2327 4895 2521 4950 offerre
2571 4894 2864 4946 orationem
2905 4908 2920 4946 :
2972 4891 3043 4946 ita
3091 4891 3250 4945 etiam
3308 4888 3566 4959 pmpheta
3608 4895 3763 4942 vocat

2187 5002 2376 5044 omnes
2404 4983 2561 5039 simul
2588 4983 2653 5037 ad
2683 4991 2996 5037 concentum
3023 4981 3301 5047 orationis,
3332 4990 3387 5035 et
3413 4979 3544 5035 dicit
3583 4997 3596 5031 :
3624 4977 3762 5031 Lau-

2188 5079 2307 5132 date
2330 5091 2510 5130 nomen
2530 5072 2757 5127 Domini.
2779 5072 2913 5139 Quid
2943 5072 3099 5142 igitur
3125 5071 3223 5126 sibi
3251 5071 3363 5125 vult
3392 5070 3507 5126 haec
3533 5068 3762 5139 adjectio

2189 5165 2460 5225 nominis?
2501 5165 2727 5220 Maxime
2773 5163 2985 5233 quidem
3017 5162 3248 5230 explicat
3295 5160 3630 5216 affectionem
3681 5158 3763 5214 di-

2187 5259 2358 5315 centis
2407 5273 2422 5311 :
2469 5255 2732 5326 significat
2783 5255 2941 5308 etiam
2992 5253 3190 5323 aliquid
3239 5253 3404 5306 aliud.
3460 5250 3760 5318 Quidnam?

2191 5351 2264 5408 Ut
2309 5365 2500 5405 nomen
2547 5349 2662 5418 ejus
2693 5362 2788 5418 per
2828 5361 2929 5401 nos
2975 5345 3318 5416 gloriﬁcetur,
3363 5352 3420 5399 ut
3462 5358 3530 5399 ex
3581 5351 3761 5397 nostra

2193 5455 2404 5514 quoque
2443 5441 2548 5494 vita
2599 5437 2844 5494 videatur
2881 5437 3192 5494 laudabile:
3237 5443 3321 5491 est
3364 5435 3504 5491 enim
3550 5433 3760 5504 quidem

2190 5545 2379 5590 natura
2431 5532 2535 5587 tale
2581 5547 2595 5583 :
2643 5530 2755 5584 vult
2800 5541 2976 5584 autem
3024 5527 3162 5584 hanc
3194 5541 3404 5598 quoque
3431 5524 3638 5580 Iaudem
3669 5538 3767 5594 per

2192 5636 2389 5682 rectam
2431 5633 2631 5679 nostrae
2670 5622 2793 5676 vita:
2843 5620 3230 5676 institutionem
3257 5617 3528 5672 illustrari.
3596 5615 3661 5670 Et
3709 5623 3766 5667 ut

2190 5718 2329 5775 scias
2378 5714 2450 5771 ita
2498 5728 2638 5782 esse,
2689 5711 2808 5769 vide
2852 5726 2970 5781 qua:
3022 5717 3450 5780 consequuntur;
3499 5704 3766 5776 subjuugit
