4112 6342
459 371 561 426 501

462 490 614 557 έςῆςο
646 485 996 560 ἐπάγειγὰρ,
1029 485 1160 554 Εἵη.
1193 488 1347 557 φησὶ,
1365 486 1430 540 τὸ
1466 486 1652 556 ὄνομα
1682 488 1902 556 Kvplov
1928 490 2022 543 εὖ·

459 576 817 648 λογημένον,
850 579 967 630 ἀπὸ
995 577 1102 631 τοῦ
1130 578 1267 640 νῦν,
1298 577 1397 630 καί
1429 577 1538 643 ἓως
1566 578 1672 631 τοῦ
1699 577 1931 644 αἰῶνος.
1963 579 2029 632 Τί

459 663 636 732 λέγεις
655 681 668 727 ἱ
698 665 758 716 οὐ
792 664 900 733 γάρ
934 667 1079 717 ἐστιν
1105 664 1484 734 εὐλογημένον.
1519 664 1614 716 ἐὰν
1652 664 1725 733 μὴ
1763 664 1826 716 οὐ
1862 664 2026 735 εὑξῃς

471 750 634 823 Ὁρᾷς
662 753 742 805 ὅτι
773 753 832 804 οὐ
864 753 986 821 περὶ
1018 752 1117 820 τῆς
1145 752 1389 819 εὐλογίας
1415 752 1561 819 λέγει
1580 750 1679 820 τῆς
1698 750 1846 821 αὐτῷ
1864 769 2028 822 προσ-

458 839 647 911 ούσης,
678 840 771 893 καὶ
810 843 875 911 τῇ
915 841 1074 907 φύσει
1113 840 1276 894 αὐτοῦ
1317 840 1863 911 συγκεκληρωμένης.
1896 841 2015 892 ἁλλὶ

460 927 559 999 τῆς
588 928 676 981 διὰ
710 927 815 980 τῶν
859 927 1158 997 ἀνθρώπων
1187 927 1510 997 γινομένηςς
1543 929 1676 997 Περὶ
1703 926 1906 997 ταύτης
1938 930 2011 979 κα

459 1020 490 1072 δ
525 1016 727 1080 Παῦλος
753 1017 980 1088 γράφων
1011 1016 1154 1085 λέγει
1173 1032 1186 1045 ·
1215 1015 1514 1080 Δοξιίσατε
1545 1015 1612 1069 δὲ
1650 1017 1755 1069 τὸν
1788 1016 1934 1069 Θεὸν
1960 1017 2030 1068 ἐν

459 1102 543 1170 τῷ
559 1104 781 1174 σώματι
808 1103 990 1172 ὑμῶν,
1018 1103 1114 1156 καί
1142 1103 1211 1155 ὲν
1236 1101 1315 1168 τῷ
1337 1104 1626 1172 πνεύματι
1650 1101 1833 1171 ὑμῶν.
1857 1102 2029 1166 Αὐτὸς

460 1190 638 1245 τοίνυν
671 1192 764 1245 καὶ
794 1190 993 1261 ὑψηλός
1022 1192 1157 1253 ἐστι,
1184 1189 1278 1242 καὶ
1306 1189 1497 1259 μέγας,
1541 1190 1635 1241 καὶ
1666 1189 1874 1252 αἰνετὸς
1905 1187 2026 1241 καθ’

459 1281 679 1332 ἑαυτόν·
699 1279 905 1347 γίνεται
931 1278 987 1331 δέ
1010 1278 1100 1329 καὶ
1120 1275 1272 1346 παρὰ.
1286 1274 1591 1345 ἀνθρώποις
1614 1274 1873 1337 τοιοῦτος,
1900 1276 2029 1330 ὅταν

458 1368 509 1419 οί
532 1366 869 1429 δουλεύοντες
896 1363 1042 1434 αὐτῷ
1067 1363 1301 1416 τοιοῦτον
1324 1361 1769 1415 ἐπιδεικνύωνται
1794 1361 1926 1431 βίον,
1953 1361 2028 1427 ὡς

461 1456 670 1517 πάντας
694 1454 823 1517 τούς
854 1453 1095 1524 ὁρῶντας
1120 1454 1316 1514 αὐτοὺς
1345 1451 1584 1518 εὐλογεῖν
1607 1450 1697 1503 τὸν
1731 1449 2025 1520 Δεσπότην.

460 1541 628 1594 Τοῦτο
651 1543 745 1595 καὶ
779 1544 836 1594 ὲν
864 1542 928 1611 τῇ
959 1540 1089 1611 εὐχῇ
1129 1539 1409 1591 ἐκέλευσεν
1440 1540 1585 1608 ἡμᾶς
1610 1540 1637 1591 ό
1664 1536 1900 1607 Χριστὸς
1940 1536 2031 1590 ἀεὶ

456 1630 640 1698 λέγειν
669 1630 1011 1700 εὐχομένους·
1058 1627 1410 1697 Ἁγιασθήτω
1429 1626 1497 1680 τὸ
1528 1625 1714 1695 ὄνομά
1733 1640 1868 1679 σου·
1903 1641 2027 1677 του-

457 1718 627 1782 τέστι,
670 1717 765 1770 καὶ
798 1717 889 1770 διὰ
932 1714 1025 1768 τοῦ
1074 1714 1188 1785 βίου
1238 1714 1330 1767 τοῦ
1378 1714 1645 1785 ἡμετέρου
1695 1711 2029 1782 δοξασθήτω.

460 1805 669 1875 Ὠσπερ
710 1804 819 1875 γὰρ
877 1802 1291 1873 βλασφημεῖται,
1352 1800 1535 1864 κακῶς
1592 1797 2027 1868 πολιτευομένων

458 1892 634 1963 ήμῶν,
672 1890 817 1945 οὓτω
852 1890 1149 1955 δοξάζεται,
1185 1890 1286 1942 καὶ
1316 1887 1636 1956 εὐλογεῖται,
1682 1887 1778 1940 καὶ
1807 1886 2027 1953 ἁγιάζε-

458 1995 569 2044 ται,
598 1979 800 2049 ἀρετῆς
847 1976 1313 2048 ἐπιμελουμένων.
1340 1977 1407 2028 Ὃ
1446 1974 1627 2027 τοίνυν
1673 1973 1817 2041 λέγει
1868 1971 2027 2025 τοῦτό

459 2072 605 2122 ἐστι’
639 2068 940 2130 Διαπαντὸς
961 2066 1294 2131 καταξίιυσον
1324 2065 1468 2136 ἡμᾶς
1493 2063 1745 2133 ἐνάρετον
1765 2061 1876 2132 βίον
1902 2061 2028 2132 ζῇν,

456 2154 533 2219 ὡς
564 2151 852 2224 εὑλογητὸν
876 2150 1095 2207 εἶναιτὸ
1134 2153 1305 2222 ὄνομά
1332 2167 1425 2203 σου
1459 2152 1551 2204 καὶ
1575 2149 1642 2202 δι’
1668 2149 1843 2220 ήμῶν.
1888 2146 2024 2201 Ἀπὸ

458 2239 770 2296 ἀνατολῶν
810 2241 987 2308 ἡλίου
1027 2238 1125 2293 καί
1166 2238 1341 2307 μέχρι
1385 2235 1632 2305 δυσμῶν
1675 2235 1915 2289 αίνετὸν
1955 2233 2027 2286 τὸ

460 2325 646 2395 ὄνομα
682 2326 919 2393 Κυρίου.
956 2325 1115 2395 Ὁρᾷς
1136 2325 1233 2393 τὴν
1268 2325 1457 2391 καινὴν
1487 2323 1588 2393 ήδη
1630 2320 2031 2393 προανακρουό-

462 2428 619 2483 μενον
650 2412 812 2465 αὐτὸν
856 2411 1149 2472 πολιτείαν,
1183 2410 1277 2463 καὶ
1323 2410 1719 2479 παρανοίγοντα
1761 2411 1859 2480 τῆς
1896 2407 2023 2460 Ἑκ-

459 2496 689 2569 κλησίας
723 2498 822 2569 τὴν
846 2498 1154 2566 εὐγένειαν;
1188 2497 1303 2550 Οὐκ
1332 2495 1412 2549 ἐτι
1440 2497 1557 2566 γάρ
1588 2498 1644 2548 έν
1670 2495 2022 2566 Παλαιστίνῃ,

457 2584 582 2638 οὐτε
628 2586 686 2638 ἐν
736 2585 982 2655 Ἰουδαίᾳ,
1032 2584 1168 2638 ἀλλὰ
1212 2582 1487 2653 πανταχοῦ
1535 2585 1633 2654 τῆς
1679 2583 2021 2652 οἰκουμένης.

459 2672 597 2725 Πότε
646 2673 701 2726 δὲ
738 2671 894 2725 τοῦτο
942 2672 1181 2741 γέγονεν,
1213 2670 1246 2742 ἢ
1273 2670 1361 2723 ὅτε
1386 2671 1455 2723 τὰ
1490 2671 1731 2742 ἡμέτερα
1756 2669 2021 2740 ’ήνθησενς

469 2762 555 2826 Ὠς
585 2760 647 2815 τό
689 2777 752 2830 γε
784 2759 1012 2813 παλαιὸν
1056 2759 1117 2811 οὐ
1150 2758 1307 2829 μόνον
1349 2758 1449 2811 οὐκ
1490 2759 1770 2829 ηὐλογεῖτο
1813 2759 1869 2810 ὲν
1910 2761 2024 2811 Πα-

457 2850 721 2921 λαιστίνῃ,
756 2847 890 2901 ἀλλὰ
935 2847 1027 2899 καὶ
1071 2844 1469 2916 ἐϐλασφημεῖτο
1513 2844 1598 2897 διὰ
1631 2847 1752 2908 τοὺς
1793 2846 1850 2898 ὲν
1887 2847 2021 2915 αὐτῇ

456 2932 841 2994 κατοικοῦντας
900 2929 1203 2992 Ἰουδαίους.
1248 2930 1325 2980 Δι’
1374 2927 1527 2997 ὑμᾶς
1565 2928 1673 2998 γάρ
1726 2927 1792 2980 τὸ
1838 2929 2024 2997 ὄνομα

453 3038 570 3091 μου
594 3016 1062 3088 βλασφημεῖται,
1096 3015 1278 3086 φησὶν,
1310 3015 1378 3067 ἐν
1408 3016 1530 3080 τοῖς
1560 3017 1779 3069 ἔθνεσι,
1810 3016 1942 3067 Νυνι
1967 3017 2024 3068 δὲ

458 3106 731 3177 πανταχοῦ
760 3106 857 3176 τῆς
906 3107 1224 3173 οἰκουμένης
1270 3102 1533 3171 ὑμνεῖται.
1568 3102 1743 3173 Ὅπερ
1789 3098 1883 3155 οῦν
1930 3103 2024 3155 καὶ

457 3195 612 3259 ἄλλος
648 3194 927 3265 προφήτης
951 3190 1124 3261 δηλῶν
1156 3189 1339 3257 ἔλεγεν
1359 3202 1373 3217 °
1417 3191 1878 3259 Ἐπιφανήσεται
1906 3192 2022 3244 Κύ-

452 3300 601 3354 ριος,
646 3281 743 3334 καὶ
782 3279 1196 3345 ἐξολοθρεύσει
1234 3274 1465 3340 πάντας
1506 3277 1647 3341 τοὺς
1698 3278 1870 3343 θεοὺς
1906 3276 2024 3330 τῶν

453 3369 664 3430 ἐθνῶν,
687 3366 786 3421 καὶ
812 3368 1338 3436 προσκυνήσουσιν
1361 3364 1519 3429 αὺτῴ
1546 3365 1798 3430 ἕκαστος
1820 3368 1887 3418 ἐκ
1918 3366 2022 3418 τοῦ

348 3494 351 3497 -
454 3458 641 3511 τόπου
672 3455 877 3509 αὑτοῦ.
907 3454 1014 3506 Καὶ
1037 3453 1221 3523 ἕτερος
1253 3453 1413 3505 πάλιν
1433 3469 1446 3481 ο
1481 3453 1631 3504 Διότι
1659 3455 1755 3505 κ..)
1790 3453 1859 3505 ἐν
1881 3453 2024 3521 ἡμῖν

456 3543 1045 3615 συγκλεισθήσονται
1099 3543 1288 3609 θύραι,
1339 3541 1438 3593 καί
1484 3543 1593 3594 οὐκ
1637 3543 1925 3609 ἀνάψεται
1956 3543 2022 3595 τὸ

456 3632 879 3701 θυσιαστήριόν
926 3648 1045 3700 μου
1092 3627 1353 3697 δωρεάνο
1408 3629 1497 3683 ὅτι
1549 3630 1666 3683 ἀπὸ
1716 3630 2024 3683 ἀνατολῶν

455 3724 636 3790 ἡλίου
662 3722 759 3775 καί
778 3721 951 3788 μέχρι
974 3716 1222 3787 δυσμῶν
1235 3718 1301 3771 τὸ
1331 3716 1515 3786 ὄνομα
1531 3736 1650 3785 μου
1670 3718 2022 3781 δεδόξασται

454 3809 666 3875 ἐντοῖς
687 3810 908 3870 ἔθνεσι,
939 3805 1122 3859 καὶέν
1145 3806 1321 3857 παντί
1357 3806 1514 3867 τόπῳ
1545 3805 1804 3873 θυμίημα
1835 3822 2009 3873 προσ-

455 3899 655 3970 άγεται
682 3896 762 3962 τῷ
798 3895 1043 3963 ὀνόματί
1061 3910 1180 3961 μου
1213 3895 1311 3946 καί
1335 3894 1517 3946 θυσία
1553 3894 1798 3962 καθαρά.

528 4027 772 4101 β’.ὐρᾷς
799 4025 914 4086 πῶς
931 4023 1239 4077 κατέστειλε
1260 4022 1328 4075 τὰ
1368 4022 1652 4084 Ἰουδαϊκὰ,
1685 4024 1776 4075 καὶ
1795 4022 2020 4085 ἔπαυσε,

456 4119 551 4173 καὶ
599 4115 875 4182 πανταχοῦ
915 4113 1012 4182 τῆς
1058 4111 1378 4183 οἰκουμένης
1420 4112 1515 4181 τῆς
1559 4111 1880 4179 Ἐκκλησίας
1925 4111 2022 4183 τὴν

457 4204 732 4259 πολιτείαν
786 4202 1046 4266 ἐξέτεινε,
1103 4200 1195 4253 καὶ
1240 4199 1489 4270 λατρείαν
1549 4200 2023 4270 προανεκήρυξεν;

466 4293 528 4347 Ὀ
558 4295 668 4363 γὰρ
708 4289 877 4343 ταῦτα
906 4289 1079 4352 λέγων
1122 4288 1403 4358 προφήτης
1452 4287 1591 4355 μετὰ
1618 4288 1717 4358 τὴν
1768 4289 2019 4342 ἐπάνοδόν

456 4384 571 4438 ἐστι
603 4383 698 4452 τὴν
726 4385 787 4434 ὲκ
815 4381 1124 4439 Βαϐυλῶνος
1143 4394 1159 4410 ο
1190 4378 1282 4430 καὶ
1309 4378 1394 4431 διά
1411 4377 1566 4430 τοῦτο
1590 4378 1759 4432 ταῦτα
1783 4383 2020 4452 προεφή-

456 4488 612 4526 τευσε
641 4469 791 4541 [259]
824 4470 958 4528 τότε,
1008 4468 1096 4523 ῖνα
1147 4466 1220 4537 μὴ
1270 4465 1500 4533 λέγωσιν
1557 4467 1606 4518 οί
1639 4466 1900 4533 Ἰουδαῖοι,
1940 4471 2020 4524 ὅτι

459 4559 663 4611 ἐκεῖνον
701 4558 848 4625 λέγει
882 4557 973 4610 τὸν
1005 4553 1361 4624 συγκλεισμδν
1401 4553 1494 4607 καὶ
1524 4554 1736 4624 ἐκείνην
1773 4557 1871 4626 τὴν
1897 4558 2023 4628 ἐρή-

462 4663 635 4716 μωσιν
654 4643 752 4717 τὴν
772 4647 827 4697 ὲν
853 4643 1148 4699 Βαϐυλῶνι.
1175 4643 1325 4695 Μετὰ
1350 4642 1459 4712 γὰρ
1486 4641 1546 4694 τὸ
1571 4642 1793 4712 λυθῆναι
1817 4645 2019 4708 ἐκεῖνα,

458 4731 555 4786 καὶ
587 4734 677 4786 ἐπὶ
716 4731 815 4802 τὴν
853 4731 1120 4802 προτέραν
1154 4731 1345 4791 αὐτοὺς
1378 4728 1687 4783 ἐπανελθεῖν
1731 4731 2018 4796 πολιτείαν,

454 4818 624 4873 ταῦτα
658 4821 686 4872 ὸ
714 4819 939 4887 ἄγγελός
968 4834 1119 4889 φησι,
1162 4816 1334 4887 δηλῶν
1365 4816 1467 4886 τὴν
1493 4819 1583 4869 ἐπὶ
1615 4817 2020 4873 Οὐεσπασιανοῦ

454 4907 552 4962 καὶ
584 4907 742 4960 Τίτου
785 4906 1079 4975 γενομένην
1124 4906 1419 4975 ἐρήμωσιν,
1462 4903 1579 4973 μεθ’
1608 4904 1673 4975 ἢν
1711 4906 1810 4958 οὐκ
1869 4907 2021 4960 ἔσται

452 4996 636 5050 λοιπὸν
665 4995 763 5067 τῆς
794 4994 1024 5065 ἐρημίας
1069 4997 1281 5062 ἐκείνης
1317 4994 1581 5064 μεταϐολή
1609 5010 1708 5058 τις.
1738 4994 2017 5059 Διεδέξατο

454 5085 564 5156 γὰρ
577 5085 644 5137 τὰ
658 5084 752 5152 τῆς
779 5082 974 5152 Ἐκκλη
984 5081 1095 5143 σίας
1118 5081 1434 5151 πράγματα.
1450 5080 1539 5132 Δ;ό
1556 5096 1737 5149 φησιν,
1759 5081 1839 5133 δτι
1860 5080 2022 5151 Μέγα

455 5173 519 5225 τὸ
555 5168 742 5239 ὄνομά
777 5186 895 5238 μου
928 5169 995 5222 ὲν
1030 5167 1154 5234 τοῖς
1185 5170 1407 5227 ἔθνεσι,
1442 5167 1736 5229 τουτέστιν.
1807 5171 2029 5242 εὐλογη-

451 5257 629 5329 μένον,
688 5255 776 5309 διὰ
797 5254 889 5308 τοῦ
921 5253 1034 5326 βίου
1066 5255 1245 5308 αὐτῶν
1280 5253 1590 5324 αἰνούμενον
1613 5268 1637 5293 ⁸
1660 5270 1675 5284 ο
1712 5253 1898 5325 ὥσπερ
1929 5257 2021 5310 καὶ

454 5342 684 5397 ἐνταῦθα
736 5344 919 5405 έλεγεν
986 5340 1409 5412 Εὑλογημένον
1435 5342 1501 5395 τὸ
1557 5342 1743 5411 ὄνομα
1772 5343 2015 5410 Κυρίου.

456 5442 463 5447 ι
536 5470 791 5540 Ὑψηλὸς
803 5472 900 5524 ἐπὶ
918 5472 1111 5528 πάντα
1123 5471 1191 5525 τὰ
1204 5469 1347 5537 ἔθνη
1365 5472 1397 5523 ό
1416 5470 1648 5537 Κύριος.
1678 5467 1840 5539 Ὁρᾷς
1859 5467 2019 5521 πάλιν

449 5558 518 5616 τὰ
544 5558 670 5630 ἔθνη
697 5558 958 5629 δεχόμενα
982 5558 1145 5612 αὑτοῦ
1173 5559 1271 5629 τὴν
1302 5555 1575 5629 λατρείαν,
1600 5555 1692 5609 καὶ
1714 5555 1811 5625 οὐχ
1833 5553 2019 5620 ἁπλῶς

513 5778 543 5810 ⁸
566 5777 683 5843 Reg.
710 5783 764 5830 et
782 5777 933 5832 Sam.
955 5779 1256 5847 ὑμνούμενον.

1148 372 1206 429 S.
1246 368 1530 425 JUANMS
1566 367 2061 426 CHRYSOSTOMI
2094 372 2420 429 ARCHIEP.
2457 368 3005 427 CONSTANI'INOP.

3591 342 3701 425 δοε

2139 492 2199 545 εν
2226 490 2318 546 και
2348 490 2440 544 δύο
2460 489 2553 543 και
2572 488 2717 561 τρία,
2738 488 2872 542 ἀλλά
2893 489 3071 543 πάντα
3092 487 3159 542 τὰ
3179 474 3318 542 κατὰ
3340 484 3440 558 τὴν
3456 483 3699 556 σικσυμέ-

2129 595 2228 650 νην
2251 596 2267 643 ς
2294 577 2359 630 Τί
2391 575 2594 646 ταύτης
2613 576 2715 646 τῆς
2741 576 3073 647 προφητείας
3094 575 3455 645 σαφέστερονς
3488 574 3610 637 Πῶς
3639 574 3697 626 δὲ

2133 666 2328 735 ὑψηλὸς
2364 666 2456 718 ἐπὶ
2486 666 2659 719 πάντα
2686 664 2756 718 τὰ
2782 664 2943 735 έθνης
2974 664 3096 717 Ὀτι
3121 661 3488 733 μεγαλύνομεν
3511 663 3640 716 αὐτὸ
3652 680 3693 726 ι,

2128 756 2186 807 οὐ
2216 754 2595 823 προστιθέντες
2627 751 2776 823 αὐτῷ
2804 752 2975 821 ῦψοςς
3008 753 3223 820 Ἄπαγε
3247 768 3263 783 ο
3292 751 3428 804 ἀλλὰ
3450 753 3560 813 τοῖς
3582 750 3698 816 δόγέ

2132 860 2284 913 μασι,
2314 846 2380 913 τῇ
2413 842 2659 912 λατρεία,
2685 845 2750 912 τῇ
2789 842 3173 911 προσκυνήσει,
3210 844 3323 904 τοῖς
3349 840 3527 902 ἄλλοις
3555 841 3698 894 άπα-
3716 894 3728 907 ,

2130 948 2233 995 σιν,
2263 930 2414 983 οὐδὲν
2438 930 2691 983 ταπεινὸν
2724 929 3048 993 ἐννοοῦντες,
3077 928 3327 997 καθάπερ
3354 930 3407 982 οἱ
3436 928 3699 990 Ἰουδαῖοι,

2128 1016 2241 1070 ἀλλ’
2271 1016 2573 1087 ὑψηλότερα
2597 1014 2774 1084 πολλῷ
2801 1017 2893 1070 καὶ
2916 1013 3154 1086 μείζονα.
3179 1015 3411 1088 Τοιαύτη
3432 1015 3542 1088 γάρ
3558 1015 3698 1087 αῦτη

2130 1106 2176 1175 ἡ,
2191 1103 2460 1157 πολιτεία·
2489 1104 2611 1157 ὅσον
2639 1103 2865 1173 οὐρανὸς
2895 1102 2992 1172 τῆς
3015 1104 3120 1173 γῆς
3142 1102 3491 1175 ὑψηλότερος,
3516 1103 3696 1156 τοσοῦε

2128 1208 2218 1244 τον
2258 1191 2395 1260 αῦτη
2448 1191 2558 1260 τῆς
2605 1190 2859 1255 παλαιάς.
2908 1190 3001 1245 Διό
3050 1207 3246 1261 φησιν’
3291 1189 3545 1259 Ύψ-ηλὸς
3595 1191 3697 1244 ἐπί

2127 1280 2322 1334 πάντα
2359 1279 2431 1333 τὰ
2461 1279 2604 1347 ἔθνη
2641 1282 2673 1334 ό
2702 1281 2938 1347 Κύριος.
2967 1281 3078 1332 Καὶ
3104 1280 3212 1350 γὰρ
3245 1279 3387 1350 μετὰ
3404 1278 3499 1332 τοῦ
3530 1278 3695 1348 ὑψοῦν

2127 1369 2287 1423 αὑτὸν
2305 1367 2390 1421 διὰ
2418 1368 2517 1437 τῆς
2544 1368 2817 1439 λατρείας,
2850 1370 3072 1422 κάκεῖνο
3096 1369 3378 1436 ίσμεν,.δτι
3403 1368 3499 1422 καὶ
3523 1367 3697 1422 ταῦτα

2130 1454 2532 1523 συγκατάϐασίς
2589 1457 2757 1508 ἐστιν.
2790 1456 2950 1509 ’Ὥστε
2997 1456 3099 1509 κᾶν
3138 1455 3246 1510 τῶν
3291 1458 3348 1509 ἐν
3377 1458 3442 1526 τῇ
3488 1454 3694 1526 παλαιᾷ

2128 1541 2453 1613 ὑψηλότερα,
2479 1541 2614 1595 ἀλλὰ
2645 1541 2745 1612 τῆς
2766 1542 2921 1609 ἀξίας
2949 1542 3110 1597 αὐτοῦ
3145 1543 3562 1613 καταδεέστερα.
3585 1544 3696 1596 Καὶ

2122 1630 2300 1685 ταῦτα
2335 1627 2545 1695 Παῦλος
2583 1631 2779 1703 δηλῶν,
2811 1633 2906 1686 καὶ
2952 1633 3220 1703 ἑκατέρας
3255 1634 3354 1704 τῆς
3384 1631 3635 1702 γνώσεως
3664 1634 3696 1673 b‘

2123 1718 2223 1788 τῆς
2255 1735 2313 1772 τε
2341 1718 2437 1771 νῦν
2474 1718 2830 1790 κατεχούσης,
2855 1720 2952 1790 τῆς
2996 1736 3055 1773 τε
3079 1720 3200 1773 τότε
3234 1719 3498 1792 ἐσομένης
3524 1722 3582 1773 ἐν
3616 1718 3694 1789 τῷ

2129 1805 2373 1877 μέλλοντι
2403 1806 2463 1859 τὺ
2498 1805 2750 1877 διάφορον
2797 1808 3062 1878 παριστὰς
3104 1806 3286 1877 ἔλεγεν
3311 1823 3327 1839 ·
3358 1808 3497 1860 Ὅτε
3532 1806 3695 1875 ἥμην

2121 1894 2359 1962 νήπιος,
2391 1896 2470 1960 ὡς
2516 1894 2733 1963 νήπιος
2779 1895 3094 1964 ἐφρόνουν,
3128 1896 3209 1962 ὡς
3250 1896 3469 1965 νήπιος
3504 1896 3693 1965 ἐλογι-

2123 1985 2305 2057 ζόμην
2327 2004 2341 2018 ·
2393 1987 2491 2040 ὅτε
2518 1987 2586 2039 δὲ
2630 1986 2846 2057 γέγονα
2882 1987 3056 2055 ἀνὴρ,
3094 1988 3437 2058 κατήργηκα
3479 1988 3551 2041 τὰ
3586 1987 3692 2041 τοῦ

2120 2076 2363 2139 νηπίου.
2399 2075 2509 2128 Καὶ
2550 2073 2732 2129 πάλιν
2774 2074 2876 2128 Ἐκ
2906 2075 3128 2143 μέρους
3163 2075 3551 2145 γινώσκομεν,
3590 2075 3700 2129 καῖ

2122 2161 2192 2215 ἐκ
2237 2161 2459 2231 μέρους
2508 2162 2978 2230 προφητεύομεν.
3025 2162 3152 2227 Καὶ,
3208 2161 3518 2232 Βλέπομεν
3560 2161 3690 2231 ἄρτι

2122 2248 2198 2302 δι’
2226 2249 2523 2317 ἐσόπτρου
2539 2249 2609 2302 ἐν
2627 2250 2943 2319 αἰνίγματι,
2967 2253 3100 2305 τότε
3124 2250 3191 2303 δὲ
3207 2251 3527 2318 πρόσωπον
3542 2250 3689 2317 πρὸς

2122 2336 2465 2403 πρόσωπον.
2495 2338 2742 2391 Δείκνυσι
2790 2337 2898 2408 γὰρ
2940 2338 3026 2391 διά
3072 2338 3283 2403 τούτου,
3314 2340 3395 2392 ὅτι
3441 2337 3689 2393 τοσοῦτον

2122 2423 2428 2495 ἀφέστηκεν
2464 2427 2496 2495 ή
2541 2425 2741 2493 γνῶσις
2770 2425 2907 2497 αῦτη
2948 2427 3050 2496 τῆς
3082 2426 3223 2490 τότε,
3255 2427 3377 2481 δσον
3404 2426 3464 2481 τὸ
3500 2429 3688 2497 νήπιον

2124 2513 2215 2567 τοῦ
2254 2512 2499 2575 ἐλθόντος
2536 2513 2724 2583 ἀνδρὸς
2754 2514 2833 2577 είς
2870 2514 3082 2585 ἠλικίαν
3115 2515 3343 2569 τελείαν.
3391 2516 3514 2570 Ἐπί
3549 2516 3690 2582 τοὺς

2122 2602 2418 2669 οὐρανοὺς
2455 2602 2495 2668 ὴ
2542 2601 2692 2666 δόξα
2725 2602 2932 2656 αὐτοῦ.
2980 2604 3196 2673 Ἐπειδὴ
3226 2605 3335 2675 γὰρ
3382 2605 3508 2674 περὶ
3540 2604 3688 2659 αίνου

2121 2689 2215 2743 καὶ
2242 2689 2408 2758 ὕψους
2430 2689 2673 2760 διελέχθη
2697 2688 2793 2742 τοῦ
2826 2689 2914 2742 διὰ
2943 2692 3042 2760 τῆς
3070 2690 3338 2755 πολιτείας
3360 2691 3457 2761 τῆς
3485 2691 3690 2762 ἀνθρω-

2121 2778 2290 2847 πίνης
2318 2779 2633 2848 γενομένου.
2680 2778 2775 2833 καὶ
2818 2780 3133 2852 παρῄνεσεν.
3166 2779 3339 2845 οὑτως
3390 2779 3555 2849 ὑψοῦν
3597 2779 3690 2832 τὸν

2121 2864 2271 2928 Θεδν,
2320 2864 2493 2929 οὕτως
2537 2867 2727 2930 αίνεῖν,
2776 2865 2920 2919 οὑτω
2961 2866 3300 2936 μεγαλύνειν,
3336 2867 3416 2931 είς
3469 2866 3699 2937 μείζονα

2121 2954 2559 3023 προτρεπόμενος
2608 2953 2831 3025 ἀρετὴν,
2861 2953 3102 3007 δείκνυσι
3142 2953 3245 3007 ποῦ
3286 2954 3444 3008 τοῦτο
3484 2953 3689 3023 γίνεται

2126 3040 2376 3110 μάλιστα.
2415 3040 2523 3093 Ποῦ
2556 3041 2733 3094 τοίνυν
2764 3039 2920 3094 τοῦτο
2947 3039 3193 3108 γίνεται;
3241 3042 3329 3094 Ἕν
3374 3044 3489 3105 τοῖς
3523 3042 3688 3111 οὐρα-

2120 3130 2248 3190 νοῖς.
2292 3128 2436 3179 Ἐκεῖ
2461 3127 2571 3199 γάρ
2620 3129 2768 3180 ἐστιν
2815 3127 3008 3198 ήδόξα
3058 3127 3244 3183 αὐτοῦ.
3287 3127 3535 3183 Μάλιστα
3580 3127 3695 3199 γὰρ

2119 3214 2334 3282 ἄγγελοι
2355 3212 2664 3280 δοξάζουσιν
2687 3215 2868 3270 αὐτὸν.
2886 3216 2986 3269 οὐκ
3009 3216 3118 3269 ἀπὸ
3137 3219 3235 3286 τῆς
3249 3217 3454 3279 οἰκείας
3476 3215 3704 3283 φύσεως

2123 3301 2300 3373 μόνον,
2329 3303 2464 3356 ἀλλὰ
2500 3304 2593 3356 καὶ
2621 3304 2728 3357 άπὸ
2770 3304 2868 3373 τῆς
2905 3304 3152 3374 ὑπακοῆς
3186 3303 3297 3358 τῶν
3334 3305 3687 3373 διακονουμέ-

2119 3407 2224 3443 νων
2256 3390 2554 3459 ἀνθρώπων
2595 3391 2893 3455 δοξάζουσι,
2928 3391 3063 3460 μετὰ
3110 3391 3392 3462 ἀκριϐείας
3424 3390 3495 3445 τὰ
3534 3391 3688 3460 θελή-

2123 3495 2266 3547 ματα
2295 3476 2457 3531 αὐτοῦ
2486 3477 2579 3531 καὶ
2604 3478 2672 3531 τὰ
2695 3478 3089 3549 προστάγματα
3114 3478 3277 3532 αὐτοῦ
3306 3478 3575 3543 ἀνύοντες.
3599 3477 3709 3531 Διόη

2120 3583 2250 3636 φησι
2275 3584 2289 3597 ο
2313 3565 2559 3618 Δυνατοὶ
2588 3567 2774 3633 ἰσχύϊ,
2807 3565 3120 3632 ποιοῦντες
3139 3567 3245 3620 τὸν
3264 3567 3452 3635 λόγον
3474 3565 3678 3621 αὐτοῦ.

2117 3654 2207 3707 Διὸ
2234 3655 2327 3708 καὶ
2355 3658 2410 3708 ἐν
2436 3657 2547 3706 τοῖς
2576 3652 2925 3722 Εὑαγγελίοις
2952 3654 3197 3707 ἐκέλευεν
3224 3656 3252 3708 δ
3281 3653 3514 3725 Χριστὸς
3538 3652 3688 3724 εὔχε-

2120 3743 2243 3797 σθαι
2296 3743 2388 3794 καὶ
2423 3742 2597 3809 λέγειν
2618 3760 2632 3772 ·
2662 3740 2980 3809 Γενηθήτω
3003 3743 3068 3794 τὸ
3097 3741 3323 3811 θέλημὰ
3353 3756 3491 3808 σου,
3516 3742 3596 3808 ὡς
3619 3742 3691 3796 ἐν

2117 3828 2347 3897 οὐρανῷ
2408 3830 2500 3882 καί
2536 3829 2633 3882 ἐπὶ
2661 3828 2772 3896 τῆς
2804 3829 2939 3899 γῆς.
2968 3828 3280 3892 τουτέστιν,
3308 3830 3495 3901 ὥσπερ
3521 3832 3685 3899 ἄγγε-

2116 3916 2196 3968 λοι
2229 3915 2388 3968 αὐτὸν
2426 3914 2730 3981 ἅγιάζουσι,
2766 3915 3030 3988 πονηρίας
3072 3917 3167 3987 μὲν
3201 3916 3379 3986 πάσης
3437 3916 3679 3988 ἀπηλλα-

2117 4003 2327 4072 γμένοι,
2346 3993 2542 4070 ἀρετὴν
2570 4001 2626 4055 δὲ
2660 4002 2931 4071 μετιόντες
2955 4004 3093 4074 μετὰ
3116 4003 3399 4075 ἀκριϐείας
3424 4020 3437 4034 ·
3466 4002 3607 4057 οὕτω
3621 4002 3689 4075 δὴ

2119 4089 2581 4158 καταξιωθείημεν
2646 4088 2795 4163 [290]
2847 4093 2942 4145 καὶ
2995 4091 3154 4161 ἡμεῖς
3205 4090 3367 4144 αὐτδν
3416 4090 3681 4159 ἁγιάζειν.

2120 4176 2289 4231 Τοῦτο
2318 4177 2408 4231 καὶ
2436 4172 2588 4241 οὗτος
2622 4176 2817 4248 δηλῶν,
2844 4178 3122 4248 ἐπήγαγεν
3141 4195 3154 4208 ·
3194 4178 3317 4230 Ἐπί
3348 4178 3485 4245 τοὺς
3507 4181 3685 4248 οὐρα-

2118 4264 2262 4331 νοὺς
2294 4266 2332 4334 ἠ
2375 4265 2524 4329 δόξα
2554 4264 2761 4319 αὐτοῦ.
2803 4265 2892 4336 Μὴ
2929 4265 3039 4337 γάρ
3068 4276 3090 4304 ο
3127 4265 3190 4336 δὴ
3241 4265 3398 4337 μόνον
3430 4266 3489 4319 ἐν
3518 4268 3583 4337 τῇ
3609 4268 3680 4337 γῇ

2122 4352 2236 4427 ἴδῃς
2259 4351 2329 4406 τὰ
2361 4353 2631 4423 κτίσματα
2657 4351 2828 4406 ταῦτα
2854 4352 2924 4406 τὰ
2953 4351 3223 4423 δρώμενα,
3261 4353 3394 4424 μηδὲ
3421 4354 3520 4425 τὴν
3545 4354 3690 4408 κατὰ

2117 4438 2209 4490 τὸν
2248 4436 2474 4507 οὐρανὸν
2519 4437 2790 4504 εὐταξίαν,
2819 4438 2932 4491 ἀλλ’
2961 4438 3190 4509 άνάόηθι
3226 4439 3304 4510 τῷ
3331 4439 3406 4510 νῷ
3440 4440 3548 4494 ἀπὸ
3574 4440 3691 4494 τῶν.

2119 4525 2390 4596 αἰσθητῶν
2422 4526 2514 4578 ἐπὶ
2559 4524 2629 4578 τὰ
2668 4523 2847 4594 νοερὰ,
2879 4525 2970 4580 ἐπὶ
3009 4524 3076 4578 τά
3124 4525 3294 4596 κάλλη
3343 4526 3452 4579 τῶν
3486 4526 3693 4579 οὐσιῶν.

2119 4594 2361 4675 ἐκείνων,
2386 4614 2476 4664 ἐπὶ
2501 4612 2598 4681 τὴν
2628 4610 2959 4682 φαιδρότητα
2983 4614 3081 4682 τῆς
3118 4594 3389 4675 πολιτείας
3427 4612 3639 4683 ἐκείνης
3662 4628 3679 4642 ·

2118 4702 2213 4755 καὶ
2237 4702 2356 4755 τότε
2389 4701 2510 4771 εἴσῃ
2545 4700 2661 4763 πῶς
2692 4701 2749 4753 ἐν
2778 4705 2889 4763 τοῖς
2915 4701 3161 4771 οὐρανοῖς
3195 4702 3229 4770 ή
3261 4700 3385 4766 δόξα
3407 4699 3591 4755 αὐτοῦ.

2194 4788 2287 4854 Τίς
2318 4788 2398 4853 ὡς
2426 4789 2634 4857 Κύριος
2652 4791 2684 4841 ό
2716 4787 2859 4854 Θεὸς
2895 4787 3082 4856 ἡμῶν,
3111 4790 3144 4841 ό
3162 4787 3232 4841 ἐν
3250 4788 3507 4856 ὑψηλοῖς
3540 4804 3685 4843 κατ-

2116 4872 2318 4935 οικῶν,
2378 4873 2475 4926 καὶ
2526 4874 2598 4927 τὰ
2648 4875 2896 4927 ταπεινὰ
2937 4873 3207 4943 ὲφορῶν;
3237 4870 3382 4947 Ἀρα
3429 4875 3490 4927 οὐ
3538 4874 3689 4928 δοκεῖ

2121 4964 2262 5035 μέγα
2293 4958 2432 5017 είναι
2474 4963 2535 5016 τὸ
2565 4964 2889 5033 είρημένονς
2937 4963 3076 5016 Ἀλλ’
3110 4966 3237 5018 ὅταν
3261 4964 3519 5036 ἐννοήσῃς
3554 4963 3687 5032 περὶ·

2116 5053 2259 5115 τίνος
2290 5052 2521 5122 εἴρηται,
2566 5051 2767 5122 σφόδρα
2802 5050 2953 5104 ἐσται
2986 5050 3259 5115 καταδεές.
3302 5049 3508 5114 Οὑτως,
3543 5051 3688 5120 ὅπερ

2117 5139 2319 5208 ἔλεγον,
2349 5139 2409 5191 οὐ
2438 5138 2540 5211 χρὴ
2592 5138 2756 5208 μέχρι
2795 5138 2904 5191 τῶν
2954 5139 3212 5209 ῥημάτων
3249 5138 3517 5202 ἵστασθαι,
3566 5129 3691 5190 ἀλλ’

2118 5226 2427 5282 ἀναϐαίνειν
2446 5230 2511 5298 τῇ
2546 5225 2773 5296 διανοίᾳ.
2805 5226 2928 5289 Πῶς
2947 5226 3056 5298 γάρ
3081 5228 3138 5279 ἐν
3166 5226 3413 5298 οὐρανοῖς
3439 5226 3688 5278 κατοικεῖ

2176 5477 2208 5518 ιι
2231 5480 2351 5544 Reg.
2377 5479 2568 5538 Παῦλος
2590 5482 2744 5540 δηλῶν
2770 5483 2922 5543 nam
2946 5483 3017 5532 ὅτι
3039 5482 3118 5532 και
3136 5485 3165 5540 ἡ
3184 5482 3484 5544 namnam
3505 5479 3685 5544 τοσοῦέ-

2114 5559 2198 5613 τον
2219 5538 2463 5613 ᾁφέστῃκε·
2477 5538 2876 5613 τῆς-οἰκουμένης,
2903 5546 3063 5613 ὅσον-ό
3100 5538 3287 5613 νήπιος.
3308 5538 3573 5613 κατώτερον
3590 5538 3677 5613 τοῦ

2115 5605 2277 5679 ἀνδρὸς
2299 5605 2384 5652 τοῦ
2425 5606 2489 5661 εἰς
2518 5606 2699 5655 τελείαν
2723 5605 2946 5663 ’ἐλθόντος
2982 5605 3187 5665 ἡλικίαν,
3210 5605 3291 5653 καὶ
3334 5605 3556 5668 ἑκατέρας
3594 5611 3677 5661 τῆς

2113 5680 2516 5789 γνῗῗὲρςθροιοοῑ
2533 5729 2584 5777 in
2605 5728 2724 5777 edit.
2739 5728 2933 5788 Morel.,
2951 5729 3039 5780 sed
3062 5730 3247 5779 lectum
3264 5728 3353 5778 fuit
3366 5726 3425 5778 ab
3440 5726 3677 5788 Hor-velo,

2115 5791 2170 5839 at
2188 5788 2269 5839 hic
2290 5788 2497 5851 Quadrat
2517 5790 2762 5852 habetque
2785 5792 2936 5841 Savil.
3430 5796 3433 5799 λ
