4112 6342
357 355 460 413 501

360 472 499 527 latim
533 485 548 524 :
579 467 636 522 2.
663 467 744 521 Sit
771 481 948 519 nomen
970 463 1174 518 Domini
1201 461 1539 526 benedictum,
1567 477 1628 514 ea:
1657 459 1748 512 hoc
1775 474 1929 526 nunc,

359 574 406 618 et
433 579 590 633 usque
615 563 666 615 in
697 558 1090 626 swculum.Quid
1117 556 1292 611 dicis?
1321 571 1424 609 non
1452 555 1552 610 erit
1576 553 1931 616 benedictum,

359 655 460 709 nisi
502 663 558 708 tu
607 661 850 721 precatus
898 651 1015 705 sis?
1054 647 1218 704 Vides
1267 661 1389 703 eum
1440 661 1544 700 non
1573 644 1752 700 dicere
1777 644 1843 698 de
1871 659 1932 698 ea

357 761 478 816 qua:
521 744 591 799 illi
619 743 768 798 adest
794 740 1186 806 benedictione,
1215 746 1272 793 et
1295 749 1378 793 est
1398 737 1512 807 ejus
1553 745 1756 791 naturae
1780 735 1932 790 attri-

359 839 505 903 buta,
541 835 634 890 sed
661 835 726 889 tle
752 849 813 888 ea
839 849 954 902 qua:
989 831 1045 886 tit
1070 846 1165 900 per
1186 828 1461 883 homines?
1511 827 1703 881 Paulus
1722 841 1934 895 quoque

357 931 425 986 tle
452 946 515 984 ea
542 928 780 984 scribens
809 927 938 982 dicit
968 943 982 979 :
1017 924 1310 993 Glorificate
1335 939 1449 975 vero
1470 921 1632 975 Deum
1651 921 1705 973 in
1728 934 1936 988 corpore

357 1036 518 1077 uestro
560 1030 604 1075 et
628 1022 682 1074 in
718 1020 898 1091 spiritu
935 1028 1098 1072 vestro
1137 1017 1214 1085 (1.
1255 1014 1372 1069 Cor.
1420 1014 1474 1068 6.
1498 1012 1614 1083 20).
1664 1011 1782 1081 Ipse
1806 1025 1932 1080 ergo

355 1124 439 1170 est
463 1114 620 1178 altus,
650 1121 706 1167 et
733 1126 954 1181 magnus
978 1120 1034 1166 et
1061 1107 1338 1162 laudabilis
1366 1121 1462 1175 per
1485 1104 1758 1174 seipsum;
1794 1102 1933 1171 apud

360 1207 602 1262 homines
631 1215 809 1259 autem
840 1203 960 1258 talis
986 1215 1197 1272 quoque
1226 1199 1474 1264 efﬁcitur,
1524 1195 1736 1266 quando
1765 1193 1853 1262 qui
1883 1193 1932 1246 ei

355 1298 616 1363 serviunt,
645 1296 802 1350 talem
833 1295 993 1349 vitam
1021 1291 1379 1353 ostenderint,
1411 1298 1466 1343 ut
1492 1287 1812 1359 quicumque
1837 1299 1930 1340 eos

356 1389 558 1454 vident,
598 1386 840 1443 laudibus
885 1395 939 1441 et
981 1381 1436 1438 benedictionibus
1487 1379 1766 1433 Dominum
1811 1391 1932 1446 pro-

353 1491 667 1552 sequantur.
710 1479 820 1533 Hoe
868 1479 1036 1547 ipsum
1081 1492 1178 1529 nos
1214 1488 1422 1545 quoque
1456 1472 1510 1526 in
1540 1470 1931 1539 precationibus

353 1571 511 1642 jussit
535 1569 788 1625 Dominus
816 1583 1026 1638 semper
1065 1567 1243 1620 dicere
1268 1608 1281 1629 ,
1328 1572 1606 1634 precantes
1635 1581 1648 1617 :
1680 1563 1928 1632 Sanctiﬁ-

355 1675 491 1718 cetur
537 1678 716 1716 nomen
755 1671 897 1714 tuum
948 1657 1158 1730 (Matth.
1190 1657 1241 1711 6.
1271 1656 1328 1724 9)
1361 1675 1374 1712 :
1409 1655 1510 1709 hoc
1539 1664 1638 1716 est.
1689 1654 1791 1709 Per
1835 1669 1930 1708 no-

355 1764 521 1809 stram
583 1767 792 1823 quoque
856 1751 1020 1805 vitam
1081 1748 1419 1820 gloriﬁcetur.
1471 1747 1928 1816 Quemadmodum

357 1845 496 1900 enim
546 1844 672 1900 dum
709 1843 847 1898 male
886 1842 1129 1905 vivimus,
1162 1840 1496 1895 contumeliis
1520 1849 1574 1894 et
1598 1839 1808 1910 probris
1847 1839 1927 1893 af-

357 1936 530 1990 ﬁcitur
560 1951 575 1988 :
608 1935 679 1989 ita
707 1933 834 1988 dum
863 1933 1071 1987 virtutis
1107 1948 1289 1987 curam
1314 1933 1564 2002 gerimus.
1609 1932 1774 2001 gloria
1813 1931 1928 1985 alli-

355 2027 512 2092 citur,
542 2025 895 2090 benedicitur,
927 2033 981 2079 et
1005 2023 1384 2078 sanctiﬁcatur.
1428 2024 1579 2090 Quod
1620 2039 1747 2094 ergo
1777 2023 1924 2090 dicit,

355 2127 437 2172 est
479 2117 740 2186 ejusmodi
770 2134 784 2171 :
814 2115 920 2171 Fac
950 2126 1005 2170 ut
1034 2131 1131 2169 nos
1161 2127 1414 2185 perpetuo
1445 2125 1588 2170 recte
1631 2124 1686 2170 et
1730 2131 1795 2170 ex
1822 2117 1929 2169 vir-

356 2219 466 2266 tute
512 2211 770 2276 vivamus,
832 2217 891 2263 ut
942 2210 1012 2262 sit
1059 2223 1251 2262 nomen
1290 2217 1435 2262 tuoin
1490 2223 1586 2276 per
1625 2223 1724 2262 nos
1766 2209 1924 2262 etiam

353 2301 707 2356 benedictum.
761 2301 816 2356 5.
866 2301 910 2354 Α
936 2301 1057 2354 solis
1087 2309 1196 2353 ortu
1224 2316 1378 2369 usque
1405 2303 1473 2352 ad
1495 2316 1758 2366 occasum,
1809 2301 1925 2354 tau-

350 2393 516 2448 dabtle
567 2409 745 2447 nomen
789 2392 1015 2446 Domini.
1068 2392 1228 2446 Vides
1279 2407 1401 2446 eum
1451 2407 1641 2446 novam
1693 2392 1926 2447 exordiri

350 2486 748 2555 rempublicam,
798 2493 853 2538 et
892 2485 1100 2553 aperire
1127 2483 1452 2537 nobilitatem
1478 2483 1765 2538 Ecclesia}?
1809 2483 1924 2538 Non

351 2578 575 2646 amplius
618 2578 758 2632 enim
805 2576 858 2630 in
916 2575 1194 2630 Palaestina
1236 2575 1427 2636 solum,
1481 2590 1583 2630 nec
1621 2576 1673 2629 in
1717 2574 1921 2643 Judaea,

350 2669 444 2724 sed
473 2669 664 2739 ubique
690 2679 970 2723 terrarum.
1003 2666 1225 2734 Quando
1257 2678 1436 2722 autem
1465 2667 1581 2722 haec
1607 2676 1920 2731 evenerunt,

351 2764 450 2816 nisi
493 2761 703 2831 quando
746 2770 924 2816 nostra
951 2759 1223 2815 ﬂoruere?
1276 2759 1415 2815 Olim
1444 2761 1585 2814 enim
1615 2776 1716 2813 non
1748 2760 1921 2814 solum

351 2869 453 2907 non
483 2851 889 2908 benedicebatur
929 2853 980 2906 in
1010 2852 1308 2917 Palzestina,
1363 2851 1455 2905 sed
1484 2853 1641 2906 etiam
1671 2851 1919 2921 blasphe-

350 2944 610 3009 mahatur,
664 2953 719 2999 et
760 2942 1054 2998 maledictis
1089 2943 1451 2997 incessebatur
1475 2951 1690 3012 propter
1711 2941 1922 2997 Judaaos

349 3036 436 3104 qui
481 3035 532 3087 in
577 3049 640 3089 ea
686 3034 1013 3089 habitabant.
1047 3032 1266 3104 Propter
1294 3050 1379 3087 uos
1406 3035 1571 3099 enim,
1605 3034 1793 3104 inquit,
1823 3050 1923 3088 no-

349 3142 460 3178 men
508 3141 674 3180 meum
718 3125 1091 3194 blasphematur
1134 3125 1262 3179 inter
1310 3133 1478 3194 gentes
1519 3123 1670 3198 (lsai.
1708 3124 1796 3180 52.
1838 3123 1916 3199 5).

347 3217 498 3272 Nunc
545 3228 719 3272 autem
758 3218 950 3288 ubique
995 3227 1256 3271 terrarum
1305 3217 1548 3272 laudibus
1597 3219 1918 3273 celebratur.

347 3310 496 3378 Quod
517 3309 728 3380 quidem
755 3310 887 3364 alius
908 3324 1118 3379 quoque
1146 3309 1397 3380 prephcta
1424 3310 1746 3380 signiﬁcans,
1771 3312 1919 3366 dice-

349 3400 437 3455 bat
477 3419 491 3455 :
539 3400 814 3470 Apparebit
849 3399 1116 3468 Dominus,
1165 3410 1209 3453 et
1247 3400 1416 3471 perdet
1454 3418 1624 3456 omnes
1654 3403 1772 3456 deos
1799 3419 1920 3473 gen-

347 3492 503 3556 tium,
547 3501 593 3544 et
631 3491 907 3544 adorabunt
935 3507 1051 3543 eum
1075 3491 1411 3560 unusquisque
1431 3492 1482 3544 in
1521 3491 1630 3544 loco
1668 3507 1758 3546 suo
1797 3491 1920 3562 (So-

348 3584 500 3650 phon.
529 3582 583 3636 2.
614 3583 724 3652 ll).
755 3583 821 3636 Et
845 3598 1028 3636 rursus
1053 3584 1186 3637 alius
1216 3601 1228 3636 :
1256 3583 1391 3650 Quia
1428 3593 1472 3637 et
1510 3587 1563 3638 in
1602 3585 1744 3640 nobis
1779 3586 1920 3641 clau-

347 3674 524 3728 dentur
564 3683 736 3743 portw,
766 3682 812 3726 et
839 3690 938 3726 non
965 3675 1285 3728 succendetur
1320 3675 1479 3728 altare
1520 3692 1681 3730 meum
1716 3679 1873 3748 gratis
1899 3693 1920 3732 :

345 3767 579 3833 quoniam
603 3765 666 3819 ab
695 3778 808 3820 ortu
835 3767 955 3820 solis
980 3783 1134 3834 usque
1171 3768 1239 3820 ad
1283 3784 1513 3822 occasum
1549 3787 1726 3825 nomen
1755 3788 1920 3827 meum

345 3858 687 3929 gloriﬁcatum
729 3868 801 3914 est
842 3860 894 3912 in
937 3859 1185 3930 gentibus,
1213 3870 1261 3915 et
1304 3862 1359 3916 in
1400 3864 1536 3916 omni
1574 3865 1680 3919 loco
1710 3865 1922 3932 oﬂ'ertur

346 3951 621 4030 thymiama
663 3951 856 4005 nomini
897 3968 1026 4018 meo,
1073 3963 1120 4008 et
1164 3970 1348 4023 purum
1395 3956 1698 4025 sacriﬁcium
1743 3956 1917 4030 (Μαι.

347 4042 400 4096 1.
450 4041 532 4097 to.
580 4043 690 4112 ll).

415 4154 470 4208 ‘2.
515 4155 675 4210 Vides
703 4155 968 4226 quomodo
994 4170 1081 4211 res
1110 4156 1354 4212 Judaicas
1401 4159 1692 4224 contraxit,
1734 4168 1788 4214 et
1831 4174 1920 4215 re-

351 4247 564 4315 pressit,
610 4256 664 4301 et
710 4247 904 4317 ubique
930 4257 1192 4302 terrarum
1221 4248 1786 4326 ecclesiasticamoviue
1817 4251 1922 4307 for-

349 4355 489 4393 mam
516 4339 776 4407 dilatavit,
808 4349 864 4395 et
883 4340 1078 4395 cultum
1101 4342 1513 4412 praenuntiavit?
1541 4343 1790 4412 Quienim
1808 4344 1923 4401 haec

349 4433 476 4486 dicit
500 4432 775 4502 propheta,
804 4433 900 4487 fuit
924 4444 1042 4504 post
1064 4435 1291 4490 reditum
1314 4452 1378 4490 ex
1403 4435 1670 4508 Babylone
1694 4456 1706 4491 :
1732 4447 1785 4493 et
1803 4438 1922 4495 ideo

350 4523 465 4580 hare
495 4534 620 4580 tunc
640 4527 906 4596 praedixit,
965 4543 1032 4582 ne
1074 4528 1312 4582 dicerent
1338 4529 1507 4584 Judmi
1533 4546 1653 4585 eum
1686 4532 1826 4601 loqui
1856 4533 1923 4587 de

349 4618 614 4672 conclusis
650 4618 778 4687 ipsis
832 4632 894 4671 ac
941 4617 1168 4674 desertis
1216 4620 1267 4673 in
1310 4621 1597 4692 Babylone.
1642 4623 1921 4693 Postquam

351 4711 493 4766 enim
525 4711 612 4765 illa
641 4719 955 4775 cessassent,
979 4713 1145 4779 etipsi
1176 4713 1239 4766 ad
1272 4714 1500 4782 priorem
1526 4717 1722 4771 reversi
1745 4727 1921 4772 essent

353 4801 755 4870 rempublicam,
785 4817 846 4857 ea
875 4802 998 4856 dicit
1020 4804 1261 4873 angelus,
1288 4806 1594 4874 signiﬁcans
1614 4825 1795 4861 eorum
1827 4809 1923 4864 de-

353 4893 696 4948 vastationem
719 4910 838 4962 qua:
867 4893 960 4948 fuit.
983 4903 1221 4964 tempore
1253 4895 1559 4967 Vespasiani
1587 4908 1641 4952 et
1660 4899 1784 4964 Titi,
1807 4909 1926 4970 post

354 5003 509 5056 quam
546 5001 650 5040 non
679 4987 779 5041 erit
804 4987 1057 5057 deinceps
1084 4990 1303 5043 mutatio
1344 4991 1484 5044 illius
1527 4992 1923 5048 devastationis.

357 5077 502 5132 Illam
528 5079 670 5132 enim
697 5090 1034 5149 consequuta:
1079 5091 1199 5135 sunt
1242 5097 1327 5136 res
1375 5083 1644 5138 Ecclesiae.
1695 5086 1761 5140 Et
1804 5087 1924 5141 ideo

355 5167 502 5232 dicit,
536 5168 782 5240 Magnum
808 5188 986 5225 nomen
1009 5189 1168 5226 meum
1192 5173 1244 5226 in
1271 5175 1496 5243 gentibus
1519 5194 1538 5243 ;
1567 5179 1664 5232 hoc
1689 5189 1790 5244 est,
1821 5179 1916 5234 be-

357 5260 645 5324 nedictum,
665 5277 758 5331 per
775 5263 963 5317 bonam
986 5264 1218 5332 ipsorum
1235 5267 1390 5319 vitam
1409 5268 1677 5322 laudatum
1705 5289 1925 5340 :quvm-

356 5352 637 5408 admodum
684 5355 768 5410 hic
811 5372 1020 5426 quoque
1046 5356 1208 5412 dicit:
1243 5357 1563 5414 Benedictum
1607 5379 1786 5416 nomen
1826 5363 1930 5418 Do-

359 5462 504 5500 mnu.

426 5560 752 5634 Magni/ictui
780 5576 866 5618 aut
895 5564 1116 5620 benedici
1142 5565 1302 5621 Deum
1333 5585 1364 5622 a
1397 5570 1536 5624 nobis
1583 5573 1717 5640 quod
1739 5575 1824 5628 sit.
1855 5605 1926 5616 —

355 5655 409 5710 ι.
441 5654 682 5712 Επειειιδ
707 5675 856 5728 super
883 5676 1051 5713 omnes
1076 5671 1244 5731 gentes
1272 5662 1534 5720 Dominus.
1557 5665 1716 5722 Vides
1748 5685 1931 5726 rursus

351 5759 539 5819 gentes
566 5750 681 5821 ejus
719 5753 917 5808 cultum
957 5755 1245 5824 suscipere,
1293 5763 1347 5813 et
1384 5773 1489 5814 non
1540 5772 1695 5816 uuam
1725 5768 1923 5817 tantum

1489 339 1848 403 EXPOSlTlO
1887 339 1951 394 ΙΝ
1981 340 2298 399 PSALMUM
2336 346 2498 403 CXII.

3522 365 3628 420 502

2038 473 2130 517 aut
2165 466 2328 533 duas,
2372 479 2461 522 aut
2510 478 2654 537 tres,
2703 473 2795 529 sed
2823 490 3168 547 quzecumque
3215 486 3340 533 sunt
3395 479 3447 534 in
3491 485 3620 538 orbe

2038 561 2341 613 terrarum?
2384 562 2518 629 Quid
2571 573 2651 616 est
2707 564 2803 618 hac
2863 569 3136 636 pr0phetia
3193 570 3432 624 clarius?
3473 571 3617 638 Quo.

2040 650 2198 703 modo
2226 663 2402 706 autem
2425 665 2506 707 est
2526 655 2766 710 excelsius
2787 673 2950 725 super
2977 675 3164 713 omnes
3193 663 3424 730 gentes?
3465 665 3602 731 Quo-

2041 742 2179 795 niam
2231 759 2351 797 eum
2385 747 2804 815 tnaguilicatnus,
2839 767 2941 804 non
2991 753 3039 806 ei
3079 755 3307 824 aliquam
3357 757 3612 811 addentes

2037 835 2405 889 altitudinem?
2423 841 2459 890 Α
2472 837 2601 891 bsit:
2621 840 2714 894 sed
2731 840 3083 911 dogmatibus.
3102 847 3266 908 cultu,
3283 847 3614 908 adoratione.

2039 936 2095 984 et
2140 931 2348 983 cmteris
2373 931 2653 996 omnibus;
2683 951 2784 988 non
2818 937 3012 1004 aliquid
3049 939 3244 992 humile
3264 952 3318 994 et
3344 941 3610 1010 ahjeetum

2037 1022 2103 1076 de
2130 1036 2195 1076 eo
2217 1023 2531 1091 cogitantes,
2559 1035 2618 1078 ut
2643 1024 2836 1093 Judaei,
2863 1028 2954 1081 sed
2993 1031 3159 1084 multo
3190 1031 3388 1098 majora
3433 1041 3488 1087 et
3529 1034 3612 1086 al~

2038 1116 2194 1169 liora.
2241 1115 2383 1170 Talis
2408 1127 2486 1170 est
2515 1119 2656 1172 enim
2703 1117 2816 1174 haec
2845 1129 3025 1174 nostra
3052 1122 3356 1190 reipublicae
3385 1123 3557 1178 forma
3597 1142 3612 1179 :

2035 1216 2234 1274 quanto
2259 1208 2444 1261 czelum
2474 1217 2556 1263 est
2578 1219 2715 1264 terra
2746 1211 2922 1278 altius,
2949 1220 3095 1266 tanto
3126 1213 3238 1267 haec
3253 1214 3408 1268 altior
3423 1219 3609 1271 veteri.

2037 1297 2105 1352 Et
2151 1298 2271 1354 ideo
2295 1299 2422 1354 dicit
2447 1319 2458 1353 :
2488 1299 2734 1356 Excelsus
2756 1320 2908 1372 super
2936 1320 3107 1358 omnes
3131 1315 3298 1376 gentes
3341 1305 3609 1362 Dominus.

2035 1393 2242 1447 Etenim
2264 1408 2382 1447 cum
2404 1408 2526 1447 cum
2555 1409 2647 1461 per
2671 1394 2868 1449 cultum
2895 1395 3187 1450 attollimus
3205 1440 3220 1462 ,
3249 1397 3376 1451 illud
3402 1413 3612 1468 quoque

2037 1484 2256 1550 scimus,
2287 1484 2402 1538 haec
2429 1500 2548 1540 esse
2564 1487 2843 1541 humiliore
2867 1487 3026 1543 modo
3055 1489 3214 1556 dicta,
3238 1498 3294 1543 et
3310 1491 3374 1545 ad
3397 1500 3610 1559 captum

2028 1583 2272 1631 nostrum
2302 1577 2714 1632 accommodata.
2746 1578 2918 1646 Quare
2945 1581 3044 1634 etsi
3072 1579 3178 1634 sint
3206 1583 3256 1633 in
3280 1581 3430 1636 Novo
3455 1599 3610 1648 quam

2034 1669 2086 1723 in
2119 1669 2295 1725 Veteri
2327 1671 2534 1734 altiora,
2565 1679 2689 1726 sunt
2715 1680 2889 1725 tamen
2915 1673 3032 1739 ejus
3058 1673 3311 1742 dignitate
3339 1675 3494 1743 longe
3525 1676 3610 1728 in-

2032 1759 2245 1816 feriora.
2266 1762 2334 1816 Et
2353 1764 2472 1816 ideo
2490 1763 2685 1819 Paulus
2710 1764 2986 1832 utriusque
3009 1764 3328 1833 cognitionis
3351 1767 3389 1830 ί,
3419 1774 3472 1820 et
3488 1782 3608 1834 quae

2032 1869 2174 1908 nunc
2200 1864 2300 1920 est,
2329 1864 2382 1910 et
2408 1871 2526 1924 qua:
2560 1865 2684 1909 tunc
2713 1856 2763 1910 in
2808 1853 2987 1910 futuro
3013 1857 3208 1910 saeculo
3255 1856 3424 1912 futura
3474 1868 3556 1912 est
3588 1901 3602 1922 ,

2031 1944 2383 2000 differentiam
2413 1946 2702 2001 osmndens
2727 1987 2740 2008 ,
2795 1947 3039 2001 dicebat:
3073 1947 3288 2013 Quando
3315 1965 3451 2001 erant
3482 1966 3606 2016 par-

2030 2039 2194 2103 uulus,
2225 2038 2478 2107 sapiebam
2507 2048 2561 2092 ut
2589 2039 2848 2107 paruulus,
2899 2039 3177 2108 cogitabam
3218 2048 3276 2092 ut
3321 2041 3558 2106 parvulus
3583 2057 3602 2094 :

2031 2131 2234 2198 quando
2262 2141 2429 2183 autem
2462 2131 2625 2199 factus
2646 2147 2756 2184 sum
2779 2131 2874 2194 vir,
2900 2131 3135 2183 evacuavi
3165 2145 3282 2198 quia
3313 2139 3456 2183 erant
3479 2147 3599 2199 par—

2027 2223 2130 2276 uuli
2156 2222 2174 2291 (
2201 2223 2244 2275 Ι.
2269 2221 2388 2274 Cor.
2413 2223 2497 2276 l5.
2521 2220 2629 2293 Η).
2660 2222 2725 2276 Ει
2750 2237 2953 2285 rursus,
2983 2221 3065 2275 Ex
3081 2232 3221 2290 parte
3236 2223 3600 2292 cognoscimus,

2029 2324 2076 2367 et
2100 2331 2161 2368 ea:
2189 2323 2331 2385 parte
2352 2315 2729 2384 praphetamus.
2779 2312 2845 2366 Et
2885 2314 3109 2367 videmus
3134 2331 3266 2368 nunc
3289 2316 3488 2384 quidem
3517 2332 3606 2384 per

2027 2406 2286 2474 speculum
2314 2404 2365 2456 in
2386 2405 2666 2473 (enigmate,
2697 2413 2812 2456 tunc
2832 2413 2992 2457 autem
3017 2404 3146 2473 facie
3161 2403 3229 2457 ad
3247 2405 3425 2474 faciem
3442 2404 3600 2474 (Ibid.

2029 2513 2078 2550 υ.
2104 2495 2156 2550 9.
2186 2496 2293 2564 12).
2320 2495 2422 2550 Per
2471 2498 2584 2549 tunc
2623 2496 2762 2550 enim
2809 2496 3042 2549 ostendit
3085 2495 3220 2550 hanc
3247 2497 3600 2566 cognitionem

2027 2589 2094 2642 ab
2125 2589 2209 2642 illa
2234 2598 2436 2642 tantum
2464 2588 2672 2651 abesse,
2705 2599 2958 2658 quantum
3008 2605 3141 2658 puer
3165 2606 3193 2643 a
3223 2590 3340 2643 viro
3368 2591 3454 2659 qui
3482 2607 3603 2657 per-

2025 2680 2172 2735 venit
2197 2679 2260 2734 ad
2295 2679 2578 2749 perfectam
2606 2687 2839 2734 aetatem.
2885 2679 3056 2750 Super
3093 2678 3244 2734 caelos
3280 2679 3443 2750 gloria
3466 2680 3596 2750 ejus.

2025 2772 2284 2840 Quoniam
2315 2771 2447 2825 dixit
2485 2771 2553 2826 de
2589 2760 2744 2826 laude
2789 2780 2845 2825 et
2889 2771 3210 2826 exultatione
3251 2787 3368 2841 qua:
3411 2771 3466 2824 lit
3508 2789 3600 2842 per

2026 2873 2226 2917 rectam
2257 2864 2377 2916 vita:
2406 2863 2653 2918 humanae
2683 2863 3088 2923 institutionem,
3119 2871 3173 2915 et
3211 2860 3372 2915 Deum
3403 2862 3471 2915 ita
3504 2878 3598 2915 ex—

2025 2956 2228 3018 tollere.
2262 2955 2332 3010 ita
2363 2954 2610 3018 laudare,
2653 2955 2726 3008 ita
2763 2953 3100 3023 magnificare
3136 2952 3443 3007 exhortatus
3475 2965 3591 3018 est,

2025 3049 2090 3103 ad
2139 3049 2395 3117 majorem
2429 3047 2677 3101 virtutem
2725 3047 2950 3100 incitans
2982 3045 3212 3099 ostendit
3252 3045 3465 3100 ubinam
3495 3045 3600 3098 hoc

2024 3143 2251 3195 maxime
2304 3141 2412 3195 ﬁat.
2444 3139 2668 3196 Ubinam
2713 3155 2842 3209 ergo
2891 3140 2991 3193 hoc
3023 3139 3120 3192 lit?
3168 3139 3221 3192 In
3270 3140 3432 3194 cadis.
3485 3139 3598 3195 Illic

2023 3234 2163 3288 enim
2193 3241 2275 3288 est
2321 3233 2437 3302 ejus
2478 3233 2663 3304 gloria.
2696 3231 2880 3301 Angeli
2919 3246 3147 3300 namque
3191 3246 3310 3284 eum
3361 3231 3598 3284 maxime

2021 3324 2338 3395 gloriﬁcant,
2382 3339 2486 3378 non
2526 3339 2590 3378 ex
2635 3338 2728 3378 sua
2774 3331 2955 3377 natura
2983 3322 3176 3384 solum,
3204 3321 3297 3375 sed
3328 3323 3485 3376 etiam
3530 3336 3598 3375 ex

2022 3415 2322 3472 obedientia
2363 3414 2636 3468 hominum
2680 3414 2871 3483 quibus
2901 3412 3238 3476 ministrant,
3271 3411 3595 3466 voluntatem

2022 3518 2078 3565 et
2119 3517 2381 3578 praecepta
2435 3507 2550 3575 ejus
2605 3513 2790 3560 exacte
2845 3505 3200 3573 perticientes.
3249 3503 3372 3557 ideo
3421 3503 3594 3569 dicit,

2024 3600 2260 3654 Potentes
2285 3601 2482 3664 virtute,
2513 3598 2748 3668 facientes
2768 3596 2970 3650 verbum
2990 3596 3098 3660 eius
3126 3594 3144 3657 (
3166 3593 3307 3648 Psal.
3337 3593 3457 3648 102.
3474 3578 3596 3663 ΞΟ).

2024 3694 2312 3762 Propterea
2341 3692 2394 3746 in
2424 3689 2710 3760 evangeliis
2752 3704 2962 3760 quoque
2986 3687 3144 3757 jussit
3172 3687 3414 3740 Christus
3442 3701 3600 3741 orare

2023 3795 2078 3842 et
2099 3787 2299 3853 dicere,
2329 3783 2450 3838 Fiat
2476 3783 2707 3836 uoluntas
2728 3791 2836 3844 tua,
2868 3782 2996 3834 sicut
3018 3782 3070 3833 in
3093 3779 3236 3844 ctelo,
3275 3788 3323 3833 et
3365 3782 3420 3832 in
3461 3787 3596 3832 terra

2025 3877 2247 3950 (Matth.
2279 3874 2466 3947 6.10).
2499 3874 2610 3928 Hoc
2655 3882 2755 3937 est,
2786 3870 3231 3942 quemadmodum
3259 3885 3380 3924 eum
3403 3871 3599 3924 sancti-

2023 3973 2183 4028 ﬁcant
2204 3970 2394 4040 angeli,
2424 3969 2490 4023 ab
2515 3968 2660 4022 omni
2689 3965 2901 4037 quidem
2932 3965 3059 4019 vitio
3086 3963 3315 4026 liberati,
3348 3963 3596 4018 virtutem

2021 4075 2198 4120 autem
2221 4072 2404 4119 exacte
2431 4069 2850 4132 persequentes:
2887 4059 2957 4112 ita
2983 4057 3141 4111 etiam
3169 4071 3270 4110 nos
3307 4055 3450 4126 digni
3499 4055 3595 4108 ha-

2023 4157 2282 4219 beamur,
2331 4157 2419 4225 qui
2466 4154 2638 4222 ipsum
2682 4149 3092 4207 sanetilieemus.
3136 4147 3250 4202 Hoc
3298 4147 3466 4217 ip~um
3511 4147 3598 4202 hic

2023 4263 2233 4319 quoque
2261 4246 2581 4316 signiﬁcans,
2605 4242 2906 4309 subjunxit:
2933 4240 3100 4311 Super
3119 4239 3268 4293 cazlos
3287 4240 3448 4310 gloria
3465 4256 3594 4310 ejus.

2024 4341 2139 4396 Non
2161 4340 2334 4395 solum
2366 4338 2508 4393 enim
2538 4337 2590 4390 in
2631 4344 2770 4389 terra
2811 4332 3015 4387 videbis
3049 4332 3143 4385 has
3166 4340 3440 4386 creaturas
3477 4347 3598 4400 qua:

2025 4442 2333 4496 cernuntur,
2362 4445 2462 4484 nec
2485 4427 2902 4499 pulcherrimum
2930 4423 3170 4478 ordinem
3195 4423 3281 4492 qui
3311 4422 3460 4476 estin
3490 4436 3599 4474 ca:-

2026 4528 2101 4592 lo,
2125 4523 2217 4579 sed
2249 4521 2476 4576 ascende
2501 4536 2532 4574 a
2563 4517 2906 4572 sensibilibns
2937 4515 3002 4569 ad
3033 4500 3323 4584 spiritualia
3346 4555 3359 4576 ,
3390 4512 3456 4567 ad
3484 4515 3600 4582 pul-

2028 4616 2378 4673 chritudinem
2419 4613 2626 4665 illarum
2666 4608 3115 4669 substantiarum,
3147 4606 3212 4660 ad
3260 4605 3598 4674 splendorem

2029 4712 2169 4766 illius
2194 4707 2497 4777 reipublicae
2521 4721 2535 4756 :
2559 4711 2614 4758 et
2632 4712 2757 4758 tunc
2783 4701 2920 4757 scies
2945 4699 3211 4771 quomodo
3244 4709 3327 4755 est
3365 4701 3415 4754 in
3454 4700 3606 4756 ctelis

2028 4805 2193 4876 gloria
2217 4801 2352 4870 ejus.

2101 4897 2240 4951 Deus
2283 4912 2373 4950 cur
2400 4895 2454 4948 in
2481 4893 2603 4948 caelo
2633 4892 2856 4946 habitare
2892 4890 3107 4944 dicatur.
3129 4919 3200 4930 —
3225 4890 3278 4943 Β.
3324 4888 3448 4955 Quis
3471 4892 3602 4944 sicut

2031 4991 2278 5047 Dominus
2307 4988 2441 5042 Deus
2466 4995 2650 5050 noster,
2672 4984 2758 5055 qui
2776 4984 2830 5036 in
2849 4981 2965 5035 altis
2995 4981 3201 5046 habitat,
3237 4982 3288 5034 6.
3319 4992 3364 5034 et
3390 4981 3601 5034 humilia

2030 5086 2268 5158 respicit?
2297 5086 2487 5138 Annon
2527 5080 2741 5134 videtur
2776 5092 3021 5147 magnum
3075 5091 3193 5130 esse
3237 5074 3376 5144 quod
3403 5074 3600 5127 dictum

2032 5182 2152 5237 est?
2179 5178 2282 5234 Sed
2315 5176 2523 5244 quando
2548 5171 2968 5228 consideraveris
2992 5169 3059 5223 de
3079 5184 3308 5238 quonam
3335 5167 3383 5221 id
3400 5168 3599 5221 dictum

2032 5276 2122 5339 sit,
2151 5273 2253 5328 hoc
2281 5272 2435 5340 longe
2460 5269 2562 5323 erit
2599 5283 2664 5323 eo
2685 5265 2924 5321 inferius.
2969 5263 3065 5326 Ita,
3111 5262 3260 5315 sicuti
3291 5261 3402 5314 dixi
3428 5301 3443 5324 ,
3497 5276 3603 5313 non

2033 5373 2236 5437 oportet
2266 5365 2318 5418 in
2330 5361 2506 5417 verbis
2525 5359 2652 5416 solis
2675 5359 2884 5423 sistere,
2915 5354 3007 5410 sed
3028 5362 3204 5408 mente
3225 5351 3604 5407 conscendere.

2101 5607 2116 5637 ι
2154 5612 2291 5665 Reg,
2315 5597 2784 5665 Paulusdeclarabat
2803 5636 2816 5652 .
2841 5596 2964 5646 hanc
2996 5593 3305 5665 cognitionem
3324 5589 3610 5665 ‘tantumeb

2036 5665 2150 5728 orbe
2174 5654 2416 5728 teFrarum
2449 5661 2646 5728 distare,
2672 5667 2903 5728 quantum
2924 5654 3152 5728 puerulus
3174 5662 3241 5706 est
3264 5654 3608 5728 inferiormro,

2039 5727 2122 5788 qui
2144 5729 2207 5776 ad
2231 5727 2490 5788 perfectam
2516 5721 2700 5788 devenit
2723 5726 2944 5788 (etatem;
2967 5724 3011 5769 ct
3035 5721 3278 5780 utriusque
3311 5721 3608 5782 cognitionu.

2045 5784 2156 5848 Quae
2181 5784 2329 5838 lectio
2345 5785 2547 5851 quadrat
2567 5784 2624 5833 ad
2649 5784 2844 5834 seriem.
