4112 6342
520 388 626 444 303

513 505 791 572 Quomodo
811 504 950 559 enim
978 503 1033 557 in
1056 503 1199 558 caelis
1223 502 1440 560 habitat.
1473 503 1560 570 qui
1586 502 1771 554 caelum
1799 511 1852 554 et
1887 509 2082 552 terram

514 595 743 664 implet?
772 595 859 662 qtti
890 594 1080 663 ubique
1101 607 1335 662 pratsens
1359 591 1472 646 est?
1510 592 1597 660 qui
1630 590 1790 643 dicit:
1831 588 1961 642 Deus
1999 605 2093 656 ap-

514 690 855 757 propinquans
884 703 974 756 ego
1003 701 1115 738 sum
1137 725 1152 750 ,
1193 695 1238 738 et
1266 701 1364 736 non
1399 682 1538 737 Deus
1575 683 1752 752 procul
1795 682 1813 752 (
1833 680 1943 734 Jer.
1995 682 2086 736 25.

513 779 629 852 Q3).
654 781 749 845 Qui
781 795 976 832 mensus
1019 788 1088 831 est
1129 779 1305 830 cwlum
1337 777 1520 846 palmo,
1555 786 1600 828 et
1645 785 1830 828 terram
1865 775 2090 845 pugillo;

511 871 598 942 qui
629 870 846 924 continet
881 869 1120 922 ambitum
1166 878 1312 921 terra:
1354 867 1371 936 (
1403 865 1532 919 Isui.
1561 865 1650 921 40.
1678 865 1762 920 12.
1791 865 1926 934 22)⁶2
1977 864 2084 920 Sed

515 962 766 1030 quoniam
798 960 1110 1030 loquebatur
1139 969 1263 1012 tunc
1286 974 1405 1012 cum
1434 957 1663 1021 Judzeis,
1719 967 1995 1026 propterea
2024 971 2089 1010 eo

511 1069 759 1109 sermone
800 1069 925 1107 usus
951 1061 1066 1114 est,
1095 1053 1342 1123 paulatim
1365 1051 1575 1120 erigens
1595 1066 1777 1104 eorum
1809 1050 2088 1118 cogitatio.

516 1162 662 1208 neut,
697 1153 752 1198 et
773 1154 1001 1198 mentem
1033 1144 1229 1198 sensim
1250 1142 1508 1196 extollens
1535 1153 1586 1196 et
1610 1140 1860 1196 cvehens.
1889 1141 2088 1194 Idcirco

513 1253 620 1291 non
647 1235 781 1290 dixit
806 1235 1159 1299 solummodo,
1197 1234 1296 1299 Qui
1323 1234 1375 1287 in
1405 1231 1521 1287 altis
1548 1233 1756 1297 habitat,
1804 1242 1848 1286 et
1879 1231 2088 1284 humilia

510 1330 711 1398 respicit
739 1345 758 1382 :
790 1328 881 1383 sed
912 1343 1030 1382 cum
1075 1326 1218 1395 prius
1258 1326 1501 1391 dixisset,
1535 1326 1658 1393 Quis
1685 1325 1814 1380 sicut
1837 1324 2088 1379 Dominus

510 1418 651 1472 Deus
663 1428 845 1481 uoster,
865 1427 973 1470 tum
988 1416 1275 1485 subjunxit,
1295 1416 1394 1483 Qui
1410 1417 1459 1469 in
1469 1416 1586 1469 altis
1602 1416 1808 1480 habitat,
1843 1424 1891 1468 et
1917 1416 2056 1468 humi
2066 1445 2086 1455 -

510 1509 580 1563 lia
597 1509 817 1577 respicit,
837 1507 1360 1576 ostendensquanam
1377 1507 1444 1561 de
1457 1522 1613 1561 causa
1637 1507 1762 1561 illud
1792 1506 2084 1562 secundum

508 1600 720 1664 dixerit,
736 1615 925 1668 nempe
941 1608 1157 1669 propter
1168 1598 1439 1654 Judaicam
1455 1599 1863 1654 imbecillitatem
1877 1599 2087 1654 simula-

506 1705 595 1743 cra
613 1697 998 1759 stupentem,et
1027 1689 1222 1744 deosin
1237 1688 1366 1744 locis
1380 1691 1656 1758 ettemplis
1679 1691 1958 1748 conclusos
1993 1691 2086 1746 ad-

510 1791 775 1837 orantem.
802 1781 926 1838 ldeo
959 1782 1161 1838 inducit
1197 1783 1452 1853 paulatim
1468 1785 1938 1853 comparationem,
1959 1786 2083 1840 licet

511 1874 644 1927 citra
681 1874 1130 1942 comparationem
1168 1873 1309 1930 Deus
1326 1889 1512 1930 omnes
1538 1876 2082 1944 superemineatzsed

511 1965 579 2020 ad
600 1965 1014 2022 imbecillitatem
1042 1967 1340 2022 auditorum
1359 2010 1372 2033 ,
1401 1969 1539 2023 sicut
1567 1969 1712 2034 dixi,
1741 1985 1914 2040 neque
1940 1971 2082 2026 enim

509 2058 730 2112 cessabo
753 2058 855 2113 hoc
879 2059 1094 2114 assidue
1119 2059 1319 2124 dicere,
1339 2061 1632 2116 orationem
1659 2062 1960 2117 concinnat.
1980 2062 2084 2118 Ne-

508 2167 614 2221 que
648 2153 788 2207 enim
829 2153 1100 2222 quaerebat
1148 2162 1204 2208 ut
1248 2162 1372 2208 tunc
1401 2153 1601 2208 diceret
1629 2155 1824 2223 aliquid
1865 2155 2078 2224 dignum

509 2243 602 2297 Dei
633 2243 823 2312 gloria,
852 2243 946 2298 sed
973 2253 1029 2298 ut
1055 2243 1193 2314 quod
1217 2244 1439 2313 diceret,
1462 2245 1530 2299 ab
1549 2246 1627 2300 eis
1653 2248 1770 2315 capi
1797 2259 1993 2316 posset.
2015 2249 2083 2302 Et

506 2334 628 2388 ideo
659 2335 905 2403 paulatim
926 2350 1019 2389 eos
1043 2335 1310 2390 sustollit:
1341 2345 1396 2392 et
1438 2346 1613 2391 tamen
1655 2353 1721 2392 ne
1749 2338 1826 2392 sic
1867 2339 2078 2407 quidem

505 2433 783 2493 permanet
805 2425 854 2478 in
873 2424 1187 2494 humilitate,
1211 2425 1303 2480 sed
1325 2440 1505 2480 rursus
1529 2427 1700 2495 aperit
1726 2427 1980 2497 quosdam
1998 2429 2082 2482 al-

509 2515 673 2568 tiores
721 2529 930 2569 sensus.
959 2515 1244 2586 Postquam
1270 2516 1410 2570 enim
1436 2516 1588 2583 dixit,
1623 2515 1725 2582 Qui
1765 2519 1818 2572 in
1845 2519 1962 2572 altis
1987 2520 2078 2574 ha-

507 2607 651 2672 bitat,
678 2622 726 2659 et
750 2607 960 2661 humilia
986 2609 1188 2677 respicit
1217 2623 1236 2662 :
1261 2624 1444 2663 rursus
1464 2608 1529 2662 ad
1553 2609 1739 2664 altiora
1781 2613 2077 2668 orationem

508 2699 770 2754 extollens
799 2700 926 2755 dicit
955 2717 968 2756 :
1002 2699 1068 2754 In
1093 2701 1216 2755 ctelo
1243 2710 1290 2755 et
1317 2701 1371 2756 in
1402 2711 1535 2756 terra
1571 2718 1592 2756 :
1624 2702 1913 2757 ostendens
1956 2719 2075 2758 eum

505 2807 626 2847 esse
652 2793 867 2861 ubique,
917 2802 971 2846 et
1015 2792 1119 2859 hic,
1149 2802 1204 2848 et
1245 2793 1371 2847 illic.
1399 2792 1516 2848 Non
1543 2793 1685 2848 enim
1730 2801 1994 2864 tamquam
2025 2794 2077 2849 in

506 2884 638 2937 curio
661 2883 914 2948 inclusus,
945 2884 1159 2952 respicit
1181 2884 1386 2938 eminus
1408 2900 1527 2955 qua:
1551 2885 1683 2940 fiunt
1708 2886 1760 2940 in
1789 2895 1950 2951 terra,
1982 2886 2077 2942 sed

508 2977 701 3046 ubique
729 2993 963 3046 prmsens
984 2987 1038 3032 et
1058 2977 1304 3032 omnibus
1331 2979 1606 3036 assistens.

577 3071 628 3123 5.
675 3069 860 3124 VldlSll
903 3071 1168 3139 quomodo
1214 3072 1465 3142 paulatim
1500 3083 1733 3129 mentem
1775 3079 2074 3132 auditorum

502 3163 730 3215 sustollit
750 3162 862 3233 (a)?
890 3163 1087 3219 Deinde
1103 3180 1221 3218 cum
1235 3165 1527 3220 auditorem
1558 3181 1587 3220 a
1613 3176 1748 3223 terra
1778 3169 2071 3230 extulisset,

502 3265 555 3307 et
585 3256 635 3308 in
666 3255 798 3308 creto
821 3255 1136 3310 collocasset
1179 3275 1192 3309 :
1234 3272 1420 3312 rursus
1449 3272 1742 3326 procurans
1784 3269 1839 3314 ut
1878 3261 2075 3331 aliquid

511 3346 684 3415 majus
712 3347 889 3401 animo
920 3348 1372 3417 apprehenderet,
1399 3351 1542 3405 venit
1567 3351 1632 3406 ad
1659 3352 1802 3408 aliud
1829 3353 1946 3423 ejus
1978 3370 2075 3424 po-

504 3437 683 3491 tentia:
711 3437 982 3501 iudicium,
1010 3438 1226 3495 dicens:
1258 3440 1310 3493 7.
1340 3439 1606 3496 Suscitans
1632 3461 1663 3496 a
1696 3452 1828 3496 terra
1854 3446 2073 3513 inopem,

506 3540 553 3584 et
578 3529 640 3581 de
664 3537 881 3582 stercore
906 3530 1097 3600 erigens
1123 3545 1417 3600 pauperem.
1435 3531 1635 3599 Magnae
1655 3543 1736 3586 est
1754 3535 1896 3588 enim
1919 3544 2076 3604 atque

503 3623 638 3674 adeo
667 3619 947 3676 iuellabilis
983 3623 1260 3690 potentiae,
1291 3637 1451 3691 parva
1479 3623 1756 3678 extollere.
1790 3624 1928 3678 Alibi
1977 3641 2072 3680 au-

503 3723 610 3769 tem
641 3713 962 3767 contrarium
991 3728 1201 3782 quoque
1223 3714 1366 3782 ponit
1391 3714 1544 3778 alius,
1576 3715 1714 3783 quod
1732 3731 1916 3785 magna
1935 3732 2071 3786 quo-

501 3821 605 3875 que
632 3804 912 3874 deprimat,
956 3805 1033 3859 sic
1075 3805 1258 3859 dicens
1288 3823 1302 3860 :
1342 3804 1582 3860 Dividens
1609 3807 1958 3862 contritionem
1984 3826 2074 3864 su-

503 3914 592 3968 per
617 3897 984 3969 fortitudinem,
1013 3907 1058 3952 et
1097 3898 1349 3952 miseriam
1391 3916 1548 3968 supra
1571 3902 1934 3956 munimentum
1980 3903 2076 3957 ad-

503 3991 721 4062 iungens
747 3988 922 4059 (Amos
968 3990 1020 4045 5.
1067 3988 1147 4059 9).
1190 3989 1287 4044 Hic
1311 3990 1522 4060 quidem
1552 4002 1698 4046 certe
1725 3992 1923 4048 dictum
1950 4003 2026 4050 cst
2053 4037 2070 4062 ,

501 4081 642 4151 quod
673 4081 837 4151 possit
860 4081 1076 4149 pusillos
1102 4081 1325 4151 erigere.
1355 4081 1452 4136 Est
1474 4082 1650 4152 itaque
1665 4085 1928 4150 generalis
1945 4101 2070 4140 ora-

502 4176 598 4230 tio.
629 4173 779 4239 Quod
807 4174 850 4227 si
880 4174 1000 4243 quis
1022 4173 1135 4228 haec
1160 4175 1319 4230 etiam
1351 4175 1736 4246 velitaccipere
1757 4179 2065 4247 anagogice,

499 4265 698 4320 videbit
723 4266 821 4319 hoc
842 4265 1036 4318 factum
1065 4279 1186 4319 esse
1212 4266 1263 4319 in
1297 4266 1566 4336 gentibus,
1597 4267 1794 4322 videbit
1826 4269 1926 4323 hoc
1943 4285 2071 4323 eve-

500 4357 643 4410 nisse
672 4355 725 4410 in
752 4355 903 4433 nobis
932 4354 1234 4408 hominibus
1261 4366 1500 4425 tempore
1548 4356 1805 4411 adventus
1853 4358 2068 4413 Christi.

500 4446 633 4514 Quid
659 4446 801 4502 enim
825 4454 940 4501 erat
967 4455 1146 4500 nostra
1173 4456 1360 4502 natura
1398 4450 1712 4517 pauperius?
1737 4449 1863 4503 Eam
1894 4460 2068 4508 tamen

500 4539 674 4594 erexit
699 4547 754 4594 et
778 4538 990 4594 sustulit
1025 4539 1075 4593 in
1102 4539 1289 4594 caelum
1315 4555 1435 4596 eum
1464 4542 1658 4596 nostris
1687 4542 1934 4611 primitiis
1956 4586 1970 4608 ,
2003 4555 2059 4599 et

501 4630 776 4684 constituit
803 4631 1078 4684 sedentem
1124 4630 1176 4685 in
1199 4632 1342 4687 caelis
1368 4632 1419 4685 in
1452 4632 1645 4686 throno
1674 4632 1866 4687 Patris.
1912 4632 1978 4686 Et
2009 4638 2072 4688 de

497 4733 713 4776 stercore
733 4724 926 4792 erigens
950 4741 1238 4796 pauperem,
1268 4725 1322 4780 8.
1351 4735 1404 4778 ut
1424 4725 1632 4780 collocet
1659 4742 1772 4780 eum
1799 4743 1912 4780 cum
1933 4728 2072 4796 prin-

497 4815 712 4886 gipibus,
758 4832 871 4869 cum
911 4815 1217 4887 principibus
1265 4817 1439 4887 populi
1463 4818 1560 4873 sui.
1589 4817 1804 4872 Stercus
1828 4818 1913 4873 hic
1942 4819 2074 4874 dicit

499 4910 775 4973 vilitatem,
804 4919 877 4975 et,
907 4924 1024 4978 qua:
1045 4924 1108 4963 ex
1135 4924 1194 4961 ca
1228 4909 1306 4975 lit,
1336 4910 1666 4977 repentinam
1694 4909 2065 4974 mutationem,

499 4999 788 5056 ostendens
813 5001 861 5055 ei
905 5014 1024 5054 esse
1064 5000 1240 5055 omnia
1283 5001 1453 5055 lacilia
1479 5013 1532 5056 et
1557 5001 1821 5071 expedita.
1873 5002 2071 5058 Deinde

500 5094 691 5148 transit
715 5093 780 5148 ad
802 5093 943 5147 aliud
975 5094 1163 5160 majus.
1188 5093 1464 5160 Quodnam
1496 5093 1635 5148 hoc?
1664 5094 1815 5162 Quod
1847 5112 1950 5150 non
1980 5112 2070 5150 so-

498 5187 606 5242 lum
635 5194 808 5255 potest
832 5201 918 5240 res
948 5185 1234 5242 transferre
1251 5225 1267 5250 ,
1293 5195 1347 5241 et
1374 5185 1660 5242 humilibus
1680 5187 1808 5241 dare
1832 5189 2070 5242 auctori-

499 5290 684 5345 tatem,
713 5279 806 5334 sed
831 5280 995 5349 ipsius
1015 5280 1172 5334 etiam
1203 5288 1405 5334 natura:
1437 5289 1804 5335 transmovere
1833 5280 2028 5334 limites
2050 5322 2066 5346 ,

498 5385 552 5434 et
590 5389 706 5429 eam
730 5414 745 5440 ,
776 5388 893 5443 quas
936 5383 1051 5428 erat
1074 5371 1289 5433 sterilis,
1323 5380 1542 5425 matrem
1577 5369 1813 5442 efficere.
1860 5371 1926 5424 Et
1954 5371 2073 5426 ideo

500 5466 772 5536 subjunxit
802 5485 815 5520 :
846 5466 900 5520 9.
938 5464 1038 5531 Qui
1059 5463 1286 5517 habitare
1312 5462 1432 5533 facit
1450 5462 1668 5516 sterilem
1688 5463 1739 5514 in
1767 5461 1938 5526 domo,
1964 5480 2073 5514 rna-

498 5569 622 5613 trem
651 5573 802 5624 super
821 5555 941 5624 ﬁliis
970 5555 1240 5609 ltetantem.
1268 5551 1420 5620 Quod
1453 5553 1665 5623 quidem
1690 5551 1887 5606 factum
1911 5563 1990 5606 est
2020 5553 2070 5607 in

559 5669 631 5731 (α)
668 5676 716 5717 la
759 5674 940 5724 Graeco,
978 5681 1102 5731 ιηροζ
1127 5677 1193 5725 τήν
1215 5673 1374 5731 summ
1394 5683 1464 5716 τῶν
1494 5676 1708 5731 hostium.
1735 5664 2074 5731 Interpretatio

497 5724 781 5780 atl'verbum
805 5736 956 5784 esset.
980 5724 1070 5778 alis
1084 5724 1275 5777 instruit
1298 5733 1516 5783 mentem,
1537 5726 1582 5774 id
1602 5734 1694 5782 est,
1713 5725 1770 5773 ad
1795 5724 2074 5774 sublimiora

497 5790 839 5840 consideranda
864 5790 1085 5838 informat.
1109 5789 1426 5851 idoneamque
1459 5788 1650 5850 reddit;
1675 5801 1767 5850 qua
1792 5788 2071 5850 metaphora

499 5855 889 5912 frequentissime
918 5855 1059 5902 utitur
1083 5853 1451 5914 L‘biysosttnuus.

1213 385 1270 442 S.
1310 383 1587 441 JOANNlS
1624 381 2104 439 CHRYSOSTOMI
2145 381 2462 437 ARCHIEP.
2502 383 3038 444 CONSTANTINOP.

3667 394 3772 450 3οῑ

2196 501 2370 563 Anna,
2394 500 2533 568 quod
2561 501 2752 556 factum
2787 503 2840 558 iu
2866 503 2986 559 aliis
3015 505 3486 562 innumerabilibus
3512 511 3530 577 (
3553 510 3596 562 l.
3633 509 3767 582 Reg.

2194 589 2268 658 1).
2294 588 2480 644 Vidisti
2505 590 2758 661 hymnum
2780 593 3118 662 perfectum?
3139 597 3314 651 vidisti
3345 598 3596 669 hymnum
3614 614 3762 653 com-

2192 681 2432 750 pletum?
2461 682 2599 736 Dixit
2627 699 2688 738 ea
2710 701 2828 755 qua:
2857 687 3160 742 universum
3185 689 3368 744 orbem
3401 701 3557 746 terra:
3582 706 3762 747 corne-

2191 786 2340 830 ctura
2371 785 2562 840 erant,
2609 779 2877 846 quomodo
2917 791 3029 835 erat
3069 791 3371 837 cessaturus
3413 783 3718 838 Judaismus
3743 824 3762 850 ,

2191 866 2459 934 quomodo
2483 883 2614 920 nova
2647 868 2898 924 Ecclesiae
2923 871 3217 940 respublica
3248 883 3362 926 erat
3408 873 3458 927 in
3510 873 3763 942 splendo-

2193 971 2304 1010 rem
2328 959 2552 1020 exitura,
2577 960 2844 1028 quomodo
2871 971 2984 1016 erat
3013 963 3206 1029 ubique
3231 963 3559 1018 offerendum
3601 966 3766 1020 sacri-

2195 1045 2388 1100 ficium.
2421 1047 2620 1102 Deinde
2643 1047 2882 1104 efficiens
2907 1060 2965 1105 ut
2989 1053 3071 1106 vel
3097 1055 3448 1108 crassioribus
3471 1054 3574 1110 litle
3605 1055 3767 1125 digna

2191 1152 2328 1194 esset
2356 1140 2546 1207 oratio,
2595 1143 2752 1197 exiis
2780 1159 2898 1212 qua:
2921 1144 3030 1213 jam
3068 1145 3219 1210 fiunt,
3259 1162 3376 1213 qua:
3419 1156 3546 1202 sunt
3590 1146 3768 1202 futura

2191 1235 2491 1288 conﬁrmat.
2525 1234 2674 1301 Quod
2706 1245 2880 1290 autem
2911 1237 3055 1302 dicit,
3085 1247 3168 1293 est
3187 1239 3445 1308 ejusmodi
3473 1257 3486 1292 :
3512 1239 3590 1295 Ne
3624 1239 3762 1294 diffi-

2187 1325 2284 1380 das
2314 1326 2539 1380 futuram
2573 1335 2769 1380 tantam
2801 1330 3166 1394 mutationem,
3211 1339 3265 1385 et
3305 1331 3553 1399 disjectas
3581 1342 3766 1400 gentes

2190 1433 2310 1473 esse
2331 1427 2581 1473 venturas
2619 1419 2901 1473 maximam
2939 1421 2992 1475 in
3035 1422 3280 1491 gloriam.
3311 1423 3424 1477 Non
3465 1424 3614 1478 vides
3651 1424 3764 1479 huic

2190 1511 2302 1564 lieri
2329 1510 2606 1580 quotidie?
2627 1512 2806 1566 extolli
2825 1511 3076 1580 humiles,
3104 1523 3158 1568 et
3178 1514 3369 1568 sedere
3398 1530 3519 1570 cum
3559 1515 3762 1584 princi-

2189 1602 2377 1671 pibus?
2402 1618 2507 1657 non
2533 1602 2680 1657 vides
2707 1612 2972 1670 naturam,
2993 1620 3112 1674 quae
3139 1614 3254 1658 erat
3273 1621 3456 1660 manca
3485 1605 3766 1671 etmutila,

2188 1695 2399 1765 corrigi,
2431 1696 2642 1751 steriles
2680 1705 2880 1751 matres
2907 1695 3059 1751 fieri?
3093 1697 3220 1752 Tale
3247 1697 3371 1768 quid
3399 1698 3560 1751 etiam
3585 1697 3760 1753 evenit

2188 1786 2240 1840 in
2265 1785 2526 1841 Ecclesia.
2557 1786 2684 1840 Erat
2712 1786 2933 1853 sterilis,
2963 1787 3056 1842 sed
3081 1789 3364 1842 multorum
3390 1788 3614 1843 filiorum
3643 1805 3766 1843 ma-

2188 1884 2268 1932 ter
2292 1875 2429 1931 l‘acta
2460 1886 2563 1931 est.
2614 1876 2875 1943 Quocirca
2919 1876 3226 1932 dicitlsaias
3254 1894 3269 1930 :
3297 1877 3518 1941 Laetare,
3536 1878 3716 1932 sterilis
3741 1921 3758 1944 ,

2184 1983 2299 2038 quae
2325 1984 2426 2020 non
2463 1968 2600 2036 paris
2622 1983 2644 2031 ;
2668 1985 2872 2039 erumpe
2899 1978 2943 2022 et
2973 1969 3157 2034 clama,
3197 1985 3309 2038 qua
3345 1985 3446 2022 non
3489 1971 3708 2039 parturis
3734 1986 3756 2023 :

2185 2058 2422 2125 quoniam
2451 2058 2598 2110 multi
2639 2065 2756 2110 sunt
2781 2057 2876 2124 ﬁlii
2905 2057 3114 2113 desertw
3137 2059 3298 2129 magis
3325 2075 3475 2129 quam
3514 2061 3622 2128 ejus
3650 2074 3760 2128 qua

2186 2147 2333 2201 habet
2365 2148 2527 2201 uirum
2565 2146 2585 2218 (
2615 2147 2743 2202 Isai.
2778 2149 2867 2203 54.
2901 2147 2954 2219 1)
2983 2165 2996 2202 :
3032 2148 3134 2204 hoc
3160 2148 3212 2203 in
3243 2149 3476 2204 Ecclesia
3525 2149 3754 2204 futurum

2185 2239 2565 2309 prmnuntians.
2616 2240 2876 2306 Quocirca
2922 2241 3007 2294 hic
3059 2255 3269 2311 quoque
3317 2241 3610 2295 orationem
3657 2239 3758 2294 hoc

2186 2331 2306 2386 loco
2321 2331 2528 2397 clausit,
2572 2332 2908 2400 prophetiam
2939 2331 3042 2385 fide
3063 2331 3275 2397 dignam
3316 2331 3439 2386 hinc
3479 2332 3714 2385 alliciens
3737 2372 3760 2394 ι

2184 2423 2359 2486 exiis,
2387 2437 2516 2492 qua).
2541 2422 2650 2492 jam
2702 2422 2838 2477 facta
2881 2432 3045 2490 sunt,
3075 2423 3142 2477 ab
3188 2423 3303 2493 ejus
3348 2424 3761 2493 magniﬁcentia.

2183 2517 2540 2584 Qumcumque
2571 2514 2712 2569 enim
2743 2514 2850 2568 Deo
2879 2515 3050 2569 visum
3079 2513 3294 2579 fuerint,
3339 2525 3462 2569 sunt
3505 2514 3643 2570 factu
3670 2513 3753 2568 l'a-

2183 2606 2323 2660 cilia.
2351 2606 2536 2660 Potest
2561 2607 2704 2661 enim
2739 2615 3090 2662 transmutare
3119 2616 3382 2670 naturam,
3408 2616 3460 2661 et
3487 2608 3756 2662 humilita-

2188 2709 2292 2752 tem
2320 2696 2610 2752 transferre
2639 2697 2690 2750 in
2728 2697 3058 2751 altitudinem
3081 2737 3097 2764 ,
3145 2705 3199 2751 et
3247 2713 3423 2752 mores
3465 2698 3758 2767 corrigere.

2182 2790 2314 2845 Cum
2346 2789 2461 2844 haec
2481 2805 2608 2858 ergo
2631 2790 2860 2844 sciamus
2887 2789 3087 2854 omnia,
3113 2805 3232 2859 quae
3263 2799 3440 2844 nostra
3473 2801 3596 2844 sunt
3620 2789 3751 2843 alie-

2183 2897 2385 2948 ramus,
2435 2891 2490 2936 et
2534 2883 2679 2936 omni
2735 2881 2974 2936 fruentur
2996 2881 3184 2952 gloria,
3233 2891 3287 2936 et
3314 2882 3380 2937 ad
3434 2881 3758 2936 inell'abilem.

2181 2974 2533 3030 aseendemus
2560 2973 2916 3037 altitudinem,
2948 2973 3040 3028 Dei
3065 2974 3261 3028 auxilio
3283 2974 3435 3029 freti:
3466 2974 3550 3029 cui
3584 2973 3757 3044 gloria

2181 3075 2235 3120 et
2285 3065 2540 3136 potentia,
2573 3065 2716 3120 Patri
2763 3073 2817 3119 et
2858 3064 2994 3138 Filio
3021 3074 3077 3120 et
3099 3065 3314 3135 Spiritui
3364 3074 3568 3132 sancto,
3610 3081 3759 3121 nunc

2182 3169 2236 3214 et
2256 3174 2494 3229 semper,
2513 3168 2568 3213 et
2591 3159 2641 3212 in
2669 3157 2860 3212 smcula
2886 3157 3224 3212 saeculorum.
3253 3159 3446 3212 Amen.

2639 3293 2704 3348 IN
2742 3292 3063 3349 PSALMUM
3103 3291 3282 3346 CXlll.

2183 3411 2233 3464 i.
2277 3407 2340 3462 In
2360 3409 2494 3462 exitu
2532 3406 2696 3461 Israel
2717 3407 2779 3461 de
2809 3404 3062 3476 ngypto,
3093 3406 3269 3457 domus
3287 3402 3444 3456 Jaeob
3478 3403 3539 3456 de
3566 3403 3759 3472 populo

2252 3501 2486 3564 barbaro,
2513 3499 2573 3553 2.
2597 3501 2730 3570 facta
2757 3507 2829 3553 est
2856 3497 3041 3553 Judwa
3079 3496 3407 3564 sanctiﬁcatio
3431 3495 3556 3565 ejus,
3589 3493 3750 3546 Israel

2251 3603 2466 3666 potestas
2495 3595 2629 3662 ejus.

2253 3709 2308 3763 i.
2346 3705 2583 3775 Magnam
2613 3705 2696 3758 hic
2729 3713 2953 3758 testatur
2994 3703 3083 3756 Dei
3128 3701 3496 3768 benignitatem
3528 3709 3582 3753 ct
3606 3715 3754 3752 man-

2179 3796 2532 3852 suetudinem.
2586 3795 2881 3862 Quamoam
2932 3792 3101 3846 hanc?
3152 3792 3298 3859 Quod
3354 3806 3474 3844 cum
3524 3792 3748 3860 prmium

2177 3885 2412 3942 ostendit
2436 3885 2754 3955 patentiam;
2783 3894 2908 3938 tunc
2935 3893 2989 3938 ut
3019 3884 3131 3952 ipse
3157 3882 3402 3936 adoretur
3428 3881 3604 3950 exigit.
3639 3880 3752 3934 lloe

2178 3981 2319 4036 enim
2347 3978 2652 4049 signiﬁcans
2675 3977 2886 4033 dicebat
2913 3994 2925 4030 :
2955 3974 3016 4030 1η
3061 3977 3197 4029 exitu
3225 3974 3391 4028 Israel
3411 3974 3472 4026 de
3495 3971 3756 4043 lEgyplt),

2179 4076 2314 4144 facta
2341 4081 2412 4125 est
2447 4069 2638 4124 Iudae
2674 4069 3006 4137 sanctiﬁcatio
3057 4068 3186 4137 ejus.
3234 4065 3383 4121 Tunc
3419 4064 3558 4120 enim
3600 4078 3758 4117 suam-

2177 4165 2410 4221 ostendit
2441 4163 2727 4232 potentiam
2764 4177 2856 4231 per
2893 4161 3043 4230 signa
3087 4175 3204 4228 qua:
3245 4159 3296 4212 in
3335 4157 3566 4229 Egypto
3615 4155 3749 4209 facta

2176 4269 2320 4324 sunt,
2346 4265 2400 4312 et
2429 4273 2524 4326 per
2552 4272 2614 4312 ea
2637 4272 2755 4325 quae
2782 4255 2832 4308 in
2860 4254 3074 4308 deserto
3104 4272 3115 4305 :
3152 4263 3276 4307 tunc
3310 4253 3468 4307 etiam
3503 4249 3747 4318 populum

2175 4351 2273 4404 sibi
2302 4341 2473 4404 effecit
2497 4347 2829 4402 familiarem.
2853 4345 2964 4400 lloc
2985 4347 3155 4412 ipsum
3173 4344 3330 4397 etiam
3351 4341 3536 4397 fecitin
3559 4341 3756 4394 Adam.

2174 4442 2310 4498 Cum
2339 4442 2478 4496 enim
2505 4440 2652 4510 prius
2681 4439 2934 4493 mundum
2978 4436 3189 4492 fecisset
3210 4479 3222 4500 ,
3254 4446 3309 4490 et
3335 4451 3445 4490 sure
3473 4435 3745 4504 sapientiae

2175 4544 2228 4590 et
2249 4535 2497 4604 potentias
2528 4534 2629 4586 vim
2659 4531 2998 4594 ostendisset,
3024 4533 3090 4584 ita
3122 4531 3272 4584 finxit
3293 4528 3580 4594 hominem,
3605 4535 3656 4582 et
3684 4527 3751 4581 ab

2176 4642 2242 4683 eo
2268 4611 2443 4695 exegit
2481 4624 2865 4679 adorationem.
2907 4622 2983 4678 ita
3013 4622 3171 4677 etiam
3214 4620 3510 4690 unigenitns
3539 4619 3629 4672 Dei
3658 4616 3757 4670 Fi-

2175 4715 2278 4771 lius
2307 4731 2428 4770 cum
2474 4716 2698 4784 primum
2737 4713 2884 4783 signa
2929 4711 3243 4782 przebuisset
3279 4711 3441 4764 multa
3483 4719 3534 4764 et
3580 4708 3751 4763 omnis

2175 4808 2404 4880 generis,
2432 4815 2555 4860 tunc
2583 4805 2740 4860 fidem
2765 4803 2959 4874 exegit.
2983 4803 3240 4869 Quocirca
3262 4802 3323 4855 iis
3346 4799 3554 4870 quidem
3578 4799 3664 4868 qui
3685 4797 3752 4851 ab

2176 4899 2324 4955 initio
2352 4898 2418 4953 ad
2439 4913 2556 4952 eum
2579 4895 2918 4960 accedebant,
2952 4904 3007 4948 ut
3027 4895 3112 4964 qui
3139 4893 3251 4962 ejus
3279 4893 3492 4962 pignora
3521 4905 3624 4942 non
3651 4889 3760 4940 lu.-.

2176 4991 2380 5055 herent,
2431 5004 2530 5043 nec
2581 4996 2948 5056 argumentum
2992 4983 3320 5047 divinitatis,
3377 4998 3481 5036 non
3519 4980 3747 5043 dicebat,

2175 5082 2422 5146 Creditis,
2453 5095 2538 5136 me
2568 5093 2725 5149 posse
2747 5078 2850 5150 hoc
2885 5075 3096 5131 facere?
3123 5075 3214 5129 sed
3240 5075 3387 5144 signa
3418 5075 3764 5128 solummodo

2175 5172 2507 5227 ostendebat.
2557 5169 2662 5225 Sed
2707 5177 2982 5239 postquam
3033 5167 3224 5236 ubique
3274 5181 3368 5236 per
3415 5165 3750 5220 Palaestinam

2177 5263 2420 5333 deposuit
2443 5277 2553 5316 sua:
2583 5261 2905 5314 monimenta
2930 5258 3202 5328 potentior,
3223 5257 3421 5311 mutilis
3440 5257 3763 5327 corporibus

2177 5354 2469 5412 remedium
2499 5354 2744 5416 atterens,
2772 5353 2954 5406 vitium
2983 5351 3272 5420 expellens,
3298 5351 3366 5405 de
3395 5365 3556 5419 regno
3584 5349 3754 5403 disse-

2177 5466 2321 5515 rens,
2351 5449 2496 5518 leges
2524 5447 2780 5501 salutares
2807 5445 3079 5505 sanciens,
3124 5455 3248 5497 tunc
3290 5443 3448 5496 etiam
3480 5441 3634 5496 tidem
3661 5457 3755 5495 ex-

2177 5542 2285 5611 egit
2299 5540 2367 5594 ab
2384 5539 2472 5606 iis,
2497 5538 2584 5607 qui
2605 5537 2943 5592 accedebant.
2962 5535 3213 5590 llomiues
3229 5536 3367 5590 enim
3391 5533 3572 5589 volunt
3606 5534 3762 5603 prius

2178 5633 2457 5703 imperium
2478 5630 2739 5694 obtinere,
2771 5637 2825 5683 et
2851 5636 2975 5682 tunc
2997 5625 3372 5697 aggrediuntur
3400 5624 3708 5680 benefacere
3735 5643 3752 5679 :

2181 5725 2322 5778 Deus
2348 5733 2522 5776 autem
2545 5720 2728 5790 incipit
2752 5734 2783 5773 a
2813 5718 3102 5774 bencliciis.
3131 5717 3193 5771 Et
3217 5716 3339 5785 quid
3367 5715 3486 5770 dico
3526 5715 3626 5769 alia
3654 5714 3752 5769 be-

2183 5816 2389 5884 neficia,
2419 5828 2540 5870 cum
2565 5814 2723 5869 etiam
2743 5825 2951 5873 crucem
2981 5809 3146 5879 ipsam
3171 5808 3514 5873 sustinuerit,
3545 5816 3597 5871 et
3623 5810 3762 5857 tunc-
