4112 6342
362 412 472 469 303

365 519 394 572 ὁ
422 514 514 568 τὸν
544 511 769 583 οὐρανὸν
797 512 892 566 καὶ
921 511 1020 584 τὴν
1047 511 1151 580 γῆν
1191 508 1430 581 πληρῶν,
1468 512 1497 564 ὁ
1527 507 1800 579 πανταχοῦ
1833 524 1938 559 πα-

371 600 501 670 ρὼν,
535 599 564 650 ὁ
593 597 766 666 λέγων
785 613 797 627 ·
833 596 977 662 Θεὸς
996 593 1238 665 ἐγγίζων
1261 592 1372 664 ἐγώ
1398 596 1537 662 είμι,
1568 593 1665 646 καὶ
1691 593 1764 647 οὺ
1799 589 1943 660 Θεὸς

365 684 700 750 πόρῤωθεν’
754 679 816 733 '0
855 678 1150 750 μετρήσας
1196 678 1299 732 τὸν
1341 677 1602 745 οὐρανὸν
1649 671 1939 742 σπιθαμῇ,

370 765 469 819 καὶ
503 764 616 832 τὴν
663 764 782 834 γῆν
825 762 1026 830 δρακί*
1072 765 1104 815 ὁ
1137 760 1402 829 κατέχων
1448 761 1554 813 τὸν
1603 758 1789 828 γῦρον
1835 757 1944 824 τῆς

369 856 525 925 τῆς;
567 855 703 908 Ἀλλ’
736 854 922 924 ἐπειδὴ
953 855 1088 920 πρὸς
1130 852 1412 916 Ἰουδαίους
1443 851 1590 922 αὐτῷ
1619 847 1684 921 ἦν
1709 851 1737 904 ό
1765 849 1941 918 λόγος,

363 940 456 992 διὰ
477 938 634 992 τοῦτο
658 938 791 1001 τέως
819 935 961 990 οὕτω
989 938 1252 1008 κέχρηται
1280 935 1360 1005 τῷ
1381 935 1543 1005 λόγῳ.
1575 934 1712 988 κατὰ
1750 933 1944 1005 μικρὸν

370 1022 588 1091 ἀνάγων
615 1020 792 1073 αὐτῶν
817 1020 916 1091 τὴν
937 1021 1199 1080 διάνοιαν,
1221 1020 1314 1071 καὶ
1341 1017 1552 1089 πτερῶν
1577 1017 1673 1086 τὴν
1696 1016 1942 1084 γνώμην,

371 1106 465 1157 καὶ
491 1103 836 1168 ἀναϐιϐάζων
857 1102 1060 1172 ὴρέμα.
1091 1101 1190 1154 Διά
1217 1102 1280 1170 δὴ
1312 1101 1470 1154 τοῦτο
1506 1099 1626 1152 οὐδέ
1656 1098 1839 1160 ἁπλῶς
1871 1094 1935 1149 εἷ-

373 1205 493 1252 πεν,
537 1188 600 1239 '0
630 1187 700 1239 ἐν
748 1185 1013 1253 ὑψηλοῖς
1065 1182 1378 1246 κατοικῶν,
1429 1182 1527 1236 καὶ
1577 1181 1650 1234 τὰ
1697 1179 1949 1234 ταπεινὰ

371 1270 635 1338 ἐφορῶν·
666 1269 800 1324 ἀλλά
845 1268 1112 1340 πρότερον
1159 1267 1348 1330 εἰπὼν,
1408 1267 1504 1332 Τίς
1535 1266 1614 1330 ὡς
1653 1267 1868 1332 Κύριος
1915 1267 1949 1319 δ

375 1356 516 1420 Θεὸς
549 1353 751 1423 ἡμῶν;
781 1354 901 1406 τότε
930 1354 1228 1422 ἐπήγαγεν,
1271 1351 1332 1404 '0
1360 1350 1430 1402 ἐν
1469 1348 1736 1417 ὑψηλοῖς
1756 1365 1949 1402 κατοι-

373 1438 516 1500 κῶν,
546 1437 645 1490 καὶ
670 1438 740 1491 τὰ
760 1438 1008 1491 ταπεινὰ
1031 1436 1264 1506 ἐφορῶν
1281 1449 1294 1463 ⁸
1326 1429 1446 1486 εἷπε
1466 1434 1526 1486 δέ
1551 1436 1724 1486 ἐκεῖνο
1747 1431 1946 1503 δηλῶν,

371 1524 516 1586 τίνος
543 1522 729 1574 ἕνεκεν
753 1521 813 1574 τὸ
833 1520 1082 1590 δεύτερον
1113 1516 1254 1572 εἷπε.
1287 1518 1384 1571 Διά
1407 1518 1514 1588 γὰρ
1540 1516 1638 1586 τὴν
1667 1516 1950 1569 ἀσθένειαν

372 1607 472 1676 τὴν
521 1603 815 1675 Ἰουδαῖκὴν
835 1605 932 1676 τὴν
962 1603 1098 1673 πρὸς
1128 1601 1196 1654 τὰ
1246 1600 1439 1653 εἴδωλα
1465 1600 1824 1670 ἐπτοημένην.
1855 1599 1950 1652 καὶ

372 1688 532 1750 ’θεοὺς
564 1685 972 1758 προσκυνοῦσαν
998 1687 1121 1748 τοὺς
1162 1687 1219 1737 ἐν
1246 1684 1431 1746 τόποις
1457 1683 1550 1735 καὶ
1571 1684 1719 1745 ναοῖς
1751 1697 1950 1750 συγκε-

375 1770 742 1841 κλεισμένους.
773 1770 870 1824 Διὰ
897 1769 962 1838 δὴ
978 1768 1136 1821 τοῦτο
1154 1767 1297 1821 κατὰ
1325 1765 1518 1838 μικρὸν
1543 1765 1640 1837 τὴν
1665 1765 1951 1836 σύγκρισιν

375 1856 628 1913 ποιεῖται,
661 1853 838 1906 καίτοι
880 1851 1220 1922 ἀσυγκρίτως
1257 1850 1512 1904 ἁπάντων
1555 1849 1582 1901 6
1612 1848 1743 1911 Θεὸς
1781 1849 1951 1920 ὕπερ-

375 1938 490 2009 έχει
509 1955 522 1968 ·
552 1937 689 1990 ἀλλά
719 1938 857 2008 πρὸς
887 1936 986 2007 τὴν
1015 1935 1298 1990 ἀσθένειαν
1329 1934 1438 1987 τῶν
1461 1933 1782 1997 ἀκουόντων,
1813 1935 1950 2006 ὅπερ

373 2021 544 2092 ἔφθην
581 2020 752 2074 εἰπὼν
779 2021 860 2090 (οὐ
889 2019 998 2089 γὰρ
1029 2018 1303 2088 παύσομαι
1351 2015 1587 2086 συνεχῶς
1613 2016 1674 2070 τὸ
1704 2017 1833 2070 αὐτὸ
1865 2016 1950 2070 λέ-

372 2105 530 2174 γων),
565 2103 815 2176 ῥυθμίζει
838 2103 931 2155 τὸν
954 2102 1129 2170 λόγον.
1157 2103 1230 2155 Οὐ
1259 2101 1368 2172 γὰρ
1392 2100 1598 2170 ἐζήτει,
1632 2101 1778 2162 ὅπως
1802 2101 1950 2166 ἄξιόν

370 2205 424 2242 τι
451 2189 552 2257 τῆς
579 2188 736 2258 δόξης
768 2187 911 2240 εἴποι
946 2185 1039 2238 τοῦ
1070 2185 1204 2239 Θεοῦ
1231 2186 1390 2248 τέως,
1416 2183 1527 2236 ἀλλ’
1551 2184 1698 2246 ὅπως
1723 2183 1950 2246 ἐκείνοις

372 2271 620 2343 χωρητδν
647 2270 891 2340 γένηται.
937 2269 1034 2321 Διά
1070 2268 1134 2339 δὴ
1177 2268 1332 2322 τοῦτο
1361 2266 1500 2320 κατά
1532 2266 1724 2337 μικρὸν
1753 2266 1950 2328 αὐτοὺς

374 2357 586 2424 ἀνάγει,
634 2356 728 2408 καὶ
769 2356 917 2423 ὅμως
943 2353 1065 2407 οὐδὲ
1095 2352 1267 2416 οὕτως
1306 2352 1629 2421 ἐναπομένει
1655 2355 1720 2422 τῇ
1762 2369 1952 2404 ταπει-

373 2440 578 2510 νότητι,
611 2439 746 2492 ἀλλὰ
790 2438 1115 2505 διανοίγνυσι
1159 2437 1319 2490 πάλιν
1352 2436 1656 2507 ὑψηλότερα
1703 2436 1950 2504 νοήματα

375 2522 555 2594 ἕτερα.
593 2521 812 2593 Ἐπειδὴ
839 2521 946 2591 γὰρ
974 2515 1146 2584 εἶπεν,
1181 2519 1244 2572 '0
1261 2519 1332 2572 ἐν
1350 2519 1611 2586 ὑψηλοῖς
1640 2516 1949 2582 κατοικῶν,

375 2605 474 2658 καὶ
505 2604 580 2658 τὰ
628 2604 875 2658 ταπεινὰ
911 2603 1162 2672 ἐφορῶν,
1195 2602 1355 2655 πάλιν
1397 2603 1488 2654 ἐπὶ
1519 2603 1578 2654 τὸ
1623 2601 1951 2672 ὑψηλότερον

376 2689 525 2757 ἄγων
549 2687 638 2741 τὸν
679 2687 856 2756 λόγον,
891 2687 1084 2757 φησιν’
1125 2687 1227 2739 Ἐν
1266 2685 1347 2750 τῷ
1379 2683 1612 2752 οὐρανῷ
1641 2686 1736 2738 καὶ
1777 2685 1845 2736 ἐν
1880 2682 1952 2751 τῇ

375 2771 452 2841 γῇ
475 2791 489 2804 ·
535 2772 746 2834 δεικνὺς
781 2771 862 2824 ὅτι
902 2769 1182 2839 πανταχοῦ
1213 2771 1348 2832 ἐστι,
1386 2771 1544 2822 κάκεῖ
1573 2770 1666 2821 καὶ
1696 2767 1948 2822 ἐνταῦθα.

377 2859 449 2910 Οὐ
472 2858 582 2929 γὰρ
616 2857 691 2919 ὡς
718 2856 782 2910 ἄν
809 2871 896 2918 τις
930 2857 988 2906 ἐν
1028 2854 1240 2926 οὐρανῷ
1283 2854 1787 2923 συγκεκλεισμένος,
1821 2853 1953 2924 πόρ-

379 2941 550 3014 ρωθεν
586 2939 772 3011 βλέπει
819 2939 886 2992 τὰ
918 2940 976 2991 ἐν
1018 2942 1083 3011 τῇ
1125 2941 1218 3010 γῇ,
1267 2937 1403 2992 ἀλλά
1436 2936 1707 3007 πανταχοῦ
1741 2935 1948 3008 παρὼν,

378 3028 471 3080 καὶ
500 3027 632 3078 πᾶσι
657 3023 1079 3095 παριστάμενος.

447 3116 515 3177 γ’.
546 3107 695 3171 Εἶδες
711 3107 828 3169 πῶς
856 3107 996 3160 κατά
1028 3106 1222 3178 μικρὸν
1256 3107 1448 3176 πτεροῖ
1466 3103 1563 3174 τὴν
1584 3104 1819 3158 διάνοιαν
1847 3104 1954 3156 τῶν

379 3194 712 3256 ἀκουόντων;
745 3187 878 3245 Εἶτα
908 3191 1219 3260 ἀναστήσας
1246 3189 1354 3241 ἀπὸ
1379 3191 1477 3258 τῆς
1507 3188 1612 3256 γῆς
1637 3188 1728 3240 τὸν
1757 3188 1956 3256 ἀκροα-

378 3276 474 3348 τὴν
523 3278 612 3329 καὶ
671 3273 748 3345 τῷ
779 3273 992 3346 οὐρανῷ
1046 3271 1422 3342 προσηλώσας,
1475 3271 1633 3324 πάλιν
1671 3271 1851 3341 μεῖζόν
1902 3288 1954 3323 τι

380 3357 741 3428 φαντάζεσθαι
785 3357 1234 3426 παρασκευάσας,
1266 3354 1350 3421 ἐφ’
1381 3353 1566 3424 ἕτερον
1613 3353 1826 3424 ἔρχεται
1857 3354 1955 3422 τῆς

379 3442 658 3512 δυνάμεως
683 3440 845 3493 αὐτοῦ
871 3439 1088 3508 δεῖγμα,
1115 3437 1288 3506 λέγων
1309 3453 1323 3467 ·
1360 3437 1412 3488 '0
1439 3437 1680 3506 ἐγείρων
1697 3437 1812 3490 ἀπὸ
1845 3435 1957 3506 γῆς

383 3527 641 3595 πτωχὸν,
688 3525 786 3577 καὶ
822 3523 941 3577 ἀπὸ
971 3524 1223 3589 κοπρίας
1263 3519 1520 3588 ἀνυψῶν
1567 3521 1812 3587 πένητα.
1853 3521 1959 3573 Με-

382 3611 554 3682 γάλης
577 3608 686 3680 γὰρ
735 3607 1013 3676 δυνάμεως
1043 3607 1136 3660 καὶ⁵
1157 3607 1361 3679 σφόδρα
1385 3606 1610 3673 ἀφάτου,
1643 3606 1736 3657 καὶ
1767 3605 1835 3658 τὰ
1872 3623 1958 3675 μι-

386 3693 492 3765 κρὰ
520 3692 782 3764 ἐπαίρειν.
821 3690 1078 3759 ’Λλλαχοῦ
1110 3694 1292 3760 μέντοι
1318 3689 1410 3741 καὶ
1449 3689 1512 3741 τὸ
1539 3689 1773 3741 ἐναντίον
1805 3689 1961 3760 τίθη-

385 3789 489 3831 σιν⁶
517 3777 600 3829 ὅτι
630 3775 722 3828 καλ⁴
747 3773 815 3826 τά
842 3772 1050 3845 μεγάλα
1072 3773 1334 3835 ταπεινοῖ,
1370 3771 1543 3839 λέγων
1575 3770 1775 3834 οὕτως’
1804 3775 1959 3824 Διαι-

381 3858 505 3929 ρῶν
556 3858 893 3926 σύντριμμα
937 3868 964 3896 ι
1001 3855 1100 3926 ἐπί
1147 3853 1352 3922 ισχὺν,
1405 3853 1503 3907 καὶ
1554 3855 1961 3922 ταλαιπωρίαν

385 3941 484 3996 ἐπὶ
535 3942 806 4010 ὀχύρωμα
841 3937 1095 4006 ἐπάγων.
1149 3936 1302 4009 [τοι]
1349 3935 1611 3990 Ἐνταῦθα
1669 3937 1849 4007 μέντοι
1895 3955 1959 4005 γε

386 4025 619 4097 εἴρηται,
643 4024 727 4076 ὅτι
754 4023 878 4085 τοὺς
903 4022 1132 4092 μικροὺς
1169 4021 1376 4090 ἐπᾶραι
1405 4019 1644 4073 δύναται.
1683 4021 1838 4071 Ἐστι
1863 4020 1959 4089 μὲν

385 4105 477 4163 οῦν
509 4109 603 4161 καὶ⁵
627 4106 910 4167 καθολικὸς
936 4106 965 4157 6
994 4104 1148 4171 λόγος
1178 4103 1227 4154 b.
1261 4105 1322 4155 Εἰ
1347 4102 1404 4155 δέ
1431 4121 1512 4166 τις
1543 4103 1634 4155 καὶ
1667 4102 1808 4155 κατὰ
1831 4104 1960 4155 ἀνα-

386 4191 572 4260 γωγὴν
617 4190 776 4245 αὐτὸν
808 4187 1057 4241 ἐκλαϐεῖν
1102 4185 1408 4256 βουληθείη,
1441 4186 1628 4255 ὄψεται
1670 4185 1829 4238 τοῦτο
1870 4186 1961 4239 ἐπὶ

385 4275 493 4329 τῶν
524 4273 692 4326 ἐθνῶν
725 4272 1026 4341 γινόμενον,
1057 4271 1247 4339 ὄψεται
1291 4270 1447 4323 τοῦτο
1477 4272 1569 4324 ἐπὶ
1609 4269 1716 4322 τῶν
1749 4269 1959 4341 ἀνθρὼ-

388 4373 506 4409 πων
537 4355 694 4426 ήμῶν
721 4355 812 4406 ἐπὶ
840 4354 940 4423 τῆς
981 4354 1283 4424 παρουσίας
1321 4351 1416 4404 τοῦ
1464 4353 1719 4424 Χριστοῦ.
1762 4353 1825 4405 Τί
1854 4353 1961 4424 γὰρ

386 4441 485 4508 τῆς
512 4440 784 4510 ἡμετέρας
807 4437 1016 4506 φύσεως
1043 4437 1384 4507 πτωχότερον
1405 4455 1420 4502 ;
1460 4437 1599 4490 Ἀλλ’
1624 4438 1772 4506 ὅμως
1792 4436 1962 4507 αὐτὴν

387 4524 576 4594 ὴγειρε
602 4523 694 4574 καὶ
723 4523 963 4592 ἀνήγαγε
1001 4520 1140 4590 μετὰ
1171 4521 1268 4590 τῆς
1297 4519 1549 4589 ἀπαρχῆς
1588 4519 1742 4590 ήμῶν
1772 4520 1850 4582 είς
1875 4521 1964 4572 οὐ-

392 4606 572 4677 ρανὸν,
602 4604 698 4657 καὶ
727 4603 1076 4656 συνεκάθισεν
1108 4604 1187 4665 εἰς
1209 4601 1300 4654 τὸν
1323 4601 1588 4672 πατρικὸν
1620 4601 1827 4674 θρόνον.
1853 4602 1962 4656 Καὶ

389 4687 507 4742 ἀπὸ
534 4687 785 4756 κοπρίας
809 4685 1064 4753 ἀνυψῶν
1092 4685 1321 4752 πένητα
1338 4699 1352 4714 ·
1381 4684 1488 4738 τοῦ
1518 4687 1755 4738 καθίσαι
1777 4684 1962 4738 αὐτὸν

385 4771 536 4842 μετὰ
560 4771 889 4840 ἀρχόντων,
916 4769 1067 4837 μετὰ
1096 4770 1404 4839 ἀρχόντων
1430 4769 1539 4824 τοῦ
1571 4769 1723 4822 λαοῦ
1752 4770 1957 4824 αὐτοῦ.

391 4855 639 4926 Κοπρίαν
679 4854 910 4909 ἐνταῦθα
937 4854 997 4907 τὸ
1043 4855 1256 4916 εὐτελὲς
1297 4853 1466 4922 λέγει,
1502 4862 1597 4906 και
1631 4852 1730 4922 τὴν
1758 4853 1964 4906 ἐκεῖθεν

390 4940 585 5011 ἀθρόον
610 4938 896 5008 γινομένην
921 4935 1238 5006 μεταϐολὴν,
1261 4936 1472 5001 δεικνὺς
1500 4936 1581 4989 ὅτι
1610 4936 1786 4989 πάντα
1817 4936 1964 5006 αὐτῷ

394 5024 551 5096 ῥᾴδια
592 5022 686 5074 καὶ
730 5019 946 5074 εὔκολα.
999 5015 1133 5073 Εἶτα
1167 5021 1251 5087 ἐφ’
1285 5019 1470 5090 ἓτερον
1502 5019 1718 5091 ἔρχεται
1758 5017 1956 5088 μεῖζον.

391 5109 550 5161 Ποῖον
597 5103 663 5176 δὴ
694 5103 886 5169 τοῦτο;
928 5104 1049 5156 ’Ὀτι
1093 5104 1155 5156 οὐ
1206 5101 1275 5156 τά
1308 5103 1605 5173 πράγματα
1656 5101 1965 5172 μεταθεῖναι

390 5191 634 5254 δύναται,
678 5187 798 5241 οὐδὲ
841 5186 939 5258 τὴν
968 5186 1241 5240 εὐτέλειαν
1265 5187 1344 5249 είς
1371 5187 1584 5256 ἀξίωμα
1630 5188 1964 5257 μεταστῆσαι

396 5275 578 5344 μόνον,
618 5271 752 5324 ἀλλά
779 5271 872 5324 καὶ
912 5271 1080 5340 αὐτῆς
1119 5269 1217 5338 τῆς
1263 5269 1474 5338 φύσεως
1507 5269 1812 5338 μεταθεῖναι
1841 5271 1966 5332 τοὺς

393 5357 574 5428 ὄρους,
606 5356 699 5408 καὶ
728 5357 944 5424 στεῖραν
991 5354 1212 5421 ποιῆσαι
1261 5352 1490 5421 μητέρα.
1527 5351 1724 5421 Διόπερ
1755 5354 1966 5422 ἐπήγα-

393 5456 492 5507 γεν
516 5455 530 5469 ⁶
575 5439 635 5491 '0
674 5434 1016 5496 κατοικίζων
1051 5435 1293 5503 στεῖραν
1325 5437 1394 5487 ἐν
1418 5436 1577 5500 οἴκῳ,
1616 5434 1844 5502 μητέρα
1866 5436 1962 5488 ἐπὶ

395 5521 628 5587 τέκνοις
641 5518 1169 5589 εὐφραινομένην.⁹’
1183 5524 1331 5590 υπερ
1349 5519 1568 5587 γέγονεν
1596 5520 1686 5571 ἐπὶ
1715 5520 1811 5590 τῆς
1838 5522 1966 5572 Ἀν-

463 5691 488 5720 ⁸
513 5690 566 5738 In
594 5690 714 5738 edit.
739 5690 878 5739 Rom.
905 5686 1091 5751 legitur
1113 5685 1415 5751 συντριμμόν.

457 5751 486 5790 b
510 5752 770 5824 Καθολικρς
785 5754 818 5824 6
835 5745 988 5816 λόγσᾷ
1009 5745 1247 5816 generalii
1265 5745 1437 5810 οιίιιιίο,
1461 5758 1571 5810 qua
1588 5745 1782 5800 sciiicet
1797 5761 1970 5802 omnes

397 5819 599 5866 omnino
621 5819 839 5877 respicit.

1473 393 1838 452 EXPOSITIO
1876 391 1943 447 IN
1983 391 2111 447 PSA
2134 391 2328 446 LMUM
2369 390 2552 483 (ΣᾉΙΙΙ.

3513 381 3620 438 ὅ(έῦ

2046 522 2164 574 νης,
2208 507 2345 576 ὅπερ
2374 504 2594 573 γέγονεν
2625 501 2718 554 ἐπὶ
2759 497 2966 570 μυρίων
3003 495 3222 568 ἐτέρων.
3256 492 3408 560 Εἶδες
3435 495 3620 576 ὕμνον

2044 573 2449 658 ἀπηρτισμένου
2474 604 2488 650 ;
2529 581 2664 648 εἶδες
2695 581 2862 654 ὕμνον
2897 579 3358 650 πεπληρωμένον;
3389 573 3523 632 Εἷπε
3552 582 3621 636 τὰ

2048 671 2309 741 μέλλοντα
2338 667 2729 740 κατορθοῦσθαι
2757 668 2822 732 τῇ
2851 664 3164 735 οἰκουμένῃ,
3194 663 3310 726 πῶς
3330 664 3358 714 6
3395 664 3619 716 Ἰουδαῖ-

2049 755 2181 823 σμὸς
2232 753 2500 806 παύεσθαι
2551 750 2750 820 μέλλει,
2783 748 2898 810 πῶς
2947 747 3107 818 καινὴ
3158 746 3258 816 τῆς
3297 745 3619 817 Ἐκκλησίας

2048 837 2293 889 πολιτεία
2323 835 2667 904 διαλάμπειν.
2703 831 2818 894 πῶς
2847 829 3005 883 θυσία
3034 829 3310 900 πανταχοῦ
3348 831 3621 901 προσάγε-

2051 921 2190 972 σθαι.
2226 915 2356 972 Εἷτα
2388 917 2698 982 ἀξιόπιστον
2724 914 2890 966 ποιῶν
2923 914 3150 974 καὶτοῖς
3176 913 3500 982 παχυτέροις
3529 914 3619 965 τὸν

2051 1004 2225 1070 λόγον,
2251 1003 2359 1055 ἀπὸ
2391 1002 2494 1054 τῶν
2526 1001 2626 1070 ὴδη
2662 997 2960 1068 γινομένων
2989 997 3081 1049 καὶ
3111 995 3238 1066 περὶ
3266 996 3372 1047 τῶν
3403 996 3620 1066 μελλόν-

2050 1105 2154 1139 των
2186 1084 2516 1156 βεϐαιοῦται.
2552 1087 2616 1136 Ὃ
2647 1084 2702 1135 δέ
2740 1083 2886 1150 λέγει
2916 1080 3069 1134 τοῦτό
3097 1081 3240 1133 ἐστι·
3265 1080 3356 1148 Μὴ
3385 1083 3620 1149 ἀπιστή-

2051 1187 2170 1240 σῃς,
2199 1169 2472 1239 ἄνθρωπε,
2505 1170 2584 1222 ὅτι
2625 1168 2860 1238 τοσαύτη
2905 1166 3056 1218 ἔσται
3097 1163 3384 1234 μεταϐολὴ,
3428 1165 3521 1217 καὶ
3553 1166 3620 1217 τὰ

2050 1253 2438 1324 ἀπερριμμένα
2463 1253 2586 1319 ἔθνη
2621 1253 2700 1313 είς
2725 1251 2879 1315 δόξαν
2904 1249 3020 1318 ἥξει
3053 1249 3331 1318 μεγίστην.
3358 1248 3468 1317 Οὐχ
3490 1250 3620 1317 ὁρᾷς

2049 1336 2171 1389 καθ’
2211 1337 2447 1406 ἑκάστην
2490 1335 2705 1405 ἡμέραν
2745 1333 2919 1386 ταῦτα
2945 1331 3232 1400 γινόμενα;
3274 1332 3401 1392 τοὺς
3432 1347 3622 1382 ταπει-

2050 1420 2174 1482 νοὺς
2208 1418 2562 1489 ὐψουμένους,
2609 1417 2704 1470 κα)⁸
2751 1414 2884 1486 μετά
2932 1413 3205 1485 ἀρχόντων
3240 1413 3623 1483 καθημένουςς

2047 1503 2146 1573 οὐχ
2179 1505 2309 1573 ὁρᾷς
2339 1501 2437 1572 τὴν
2486 1500 2645 1570 φύσιν
2681 1497 3030 1568 πηρουμένην
3073 1497 3166 1549 καὶ
3213 1494 3618 1567 διορθουμένην.

2053 1587 2269 1656 στείρας
2309 1585 2552 1655 μητέρας
2601 1583 2929 1652 γινομένας;
2971 1579 3222 1632 Τοιοῦτόν
3252 1596 3305 1631 τι
3352 1579 3447 1631 καὶ
3494 1580 3623 1649 περὶ

2049 1670 2148 1740 τῆς
2186 1670 2510 1739 Ἐκκλησίας
2539 1666 2738 1736 συνέϐη
2758 1683 2770 1696 ·
2803 1667 2989 1736 στεῖρα
3023 1659 3110 1734 ἦν,
3140 1662 3251 1716 ἀλλ’
3283 1663 3494 1730 ἐγένετο
3526 1664 3624 1732 μή-

2050 1770 2155 1824 τηρ
2195 1753 2399 1805 τέκνων
2441 1751 2669 1804 πολλῶν.
2705 1748 2794 1802 Διὸ
2838 1749 2932 1801 καὶ
2974 1747 3122 1814 λέγει
3153 1749 3181 1798 6
3221 1746 3480 1808 Ἡσαΐας·
3514 1747 3621 1798 Εὐ-

2051 1836 2361 1905 φράνθητι,
2392 1834 2619 1901 στεῖρα,
2646 1832 2685 1899 ἡ
2714 1834 2784 1886 οὺ
2809 1833 3114 1884 τίκτουσα·
3139 1828 3337 1896 ῥῆξον
3359 1829 3453 1882 καὶ
3472 1829 3624 1893 ,ϐόηο

2051 1936 2187 1980 σον,
2221 1919 2260 1986 ’ὴ
2291 1920 2401 1972 οὐκ
2450 1917 2782 1970 ὠδίνουσα·
2811 1914 2897 1967 ὅτι
2946 1913 3146 1968 πολλὰ
3181 1915 3252 1966 τὰ
3296 1912 3474 1966 τέκνα
3510 1912 3622 1980 τῆς

2051 2001 2274 2071 ἐρήμου
2298 2000 2541 2069 μᾶλλον
2565 2001 2602 2067 ἣ
2633 1998 2743 2065 τῆς
2776 1998 3042 2066 ἐχούσης
3077 1997 3182 2050 τὸν
3217 1995 3406 2064 ἄνδρα
3425 2011 3436 2022 ·
3464 1992 3622 2047 τοῦτο

2053 2086 2148 2138 καὶ
2177 2085 2270 2136 ἐπὶ
2299 2083 2401 2152 τῆς
2443 2081 2762 2153 Ἐκκλησίας
2790 2081 3043 2150 ἐσόμενον
3076 2077 3496 2150 πρυαναφωνῶν.
3524 2077 3622 2130 Διά

2049 2169 2115 2237 δὴ
2147 2166 2303 2220 τοῦτο
2327 2167 2420 2219 καὶ
2448 2161 2600 2228 οὕτος
2633 2163 2866 2218 ἐνταῦθα
2895 2163 2986 2216 τὸν
3021 2163 3176 2232 λόγον
3208 2161 3488 2226 κατέλυσε,
3523 2158 3622 2230 τὴν

2053 2250 2388 2323 προφητείαν
2427 2247 2734 2314 ἀξιόπιστον
2778 2247 2870 2300 καὶ
2900 2245 3148 2299 ἐντεῦθεν
3176 2246 3476 2315 ἀποφήνας.
3514 2245 3622 2296 ἀπὸ

2051 2336 2158 2387 τῶν
2190 2335 2286 2405 ἤδη
2336 2332 2662 2402 γενομένων,
2702 2330 2809 2383 ἀπὸ
2859 2331 2957 2400 τῆς
3006 2329 3390 2400 μεγαλωσύνης
3432 2328 3619 2383 αὐτοῦ.

2051 2419 2235 2472 Πάντα
2267 2419 2372 2488 γάρ
2395 2418 2494 2470 ὅσα
2529 2416 2593 2469 ἂν
2621 2415 2746 2487 δόξῃ
2775 2413 2849 2485 τῷ
2879 2413 3016 2484 Θεῷ,
3045 2415 3201 2485 ῥᾴδια
3228 2413 3470 2481 ποιῆσαι.
3513 2413 3622 2464 Καὶ

2051 2502 2159 2572 γὰρ
2197 2500 2356 2568 φύσιν
2390 2501 2697 2570 μεταθεῖναι
2729 2498 2964 2560 δύναται,
3013 2500 3106 2550 καὶ
3133 2496 3492 2565 ταπεινότητα
3527 2511 3622 2564 με⁸

2051 2585 2303 2637 ταϐα).εῖν
2330 2587 2408 2648 εἰς
2437 2583 2592 2652 ὕψος,
2619 2584 2712 2636 καὶ
2739 2581 3028 2653 διορθῶσαι
3059 2582 3308 2651 τρόπους.
3341 2577 3502 2630 Ταῦτ’
3530 2573 3622 2629 οῦν

2053 2670 2250 2733 εἰδότες
2301 2669 2535 2731 ἅπαντα,
2579 2667 2648 2720 τά
2685 2667 2812 2738 παρ’
2862 2665 3068 2719 ἑαυτῶν
3123 2665 3480 2734 εἰσφέρωμεν,
3528 2662 3624 2713 καὶ

2053 2753 2233 2821 πάσης
2277 2749 2691 2821 ἀπολαυσόμεθα
2736 2749 2912 2821 δόξης,
2946 2751 3040 2801 καὶ
3079 2749 3210 2818 πρὸς
3254 2747 3460 2813 ἄφατον
3490 2745 3623 2811 ὕψος

2053 2834 2456 2905 ἀναϐησόμεθα,
2503 2833 2605 2900 τῆς
2643 2835 2812 2905 ῥοπῆς
2847 2830 3208 2892 ἀπολαύοντες
3242 2829 3333 2882 τοῦ
3381 2829 3543 2882 Θεοῦ’
3579 2822 3622 2894 ᾧ

2054 2920 2086 2989 ἡ
2121 2920 2245 2982 δόξα
2274 2919 2366 2971 καὶ
2391 2917 2450 2970 τὸ
2475 2917 2693 2988 κράτος.
2722 2914 2800 2986 τῷ
2826 2915 3020 2986 Πατρὶ,
3049 2915 3240 2982 καὶτῷ
3274 2912 3406 2982 Υίῷ,
3435 2913 3526 2966 καὶ
3545 2910 3626 2980 τῷ

2056 3004 2196 3070 ἁγίῳ
2222 3001 2519 3072 Πνεύματι,
2545 3000 2638 3054 νῦν
2658 3003 2754 3055 καλ⁵
2776 3000 2882 3062 ἀεὶ,
2911 3002 3004 3052 καὶ
3033 2999 3112 3062 εἰς
3139 2998 3264 3061 τοὺς
3293 2997 3492 3060 αἰῶνας
3517 2996 3628 3048 τῶν

2055 3085 2286 3141 αἰώνων.
2325 3085 2513 3155 Ἀμήν.

2350 3173 2498 3246 [‘29‘2]
2542 3174 2647 3226 ΕΙΣ
2684 3173 2822 3226 ΤΟΝ
2859 3173 2980 3227 PII"
3012 3169 3332 3225 ΨΑΛΜΟΝ.

2069 3258 2170 3310 Ἑν
2194 3255 2382 3320 ἐξόδῳ
2419 3256 2655 3322 Ἰσραὴλ
2691 3257 2759 3319 ἐξ
2781 3256 3104 3324 Αἰγύπτου.
3131 3255 3297 3308 οἷκου
3341 3251 3540 3307 Ἰακὼϐ
3560 3253 3631 3306 ἐκ

2124 3326 2277 3380 ,λαοῦ
2309 3326 2636 3394 βαρϐάρου,
2666 3322 2918 3394 ἐγενήθη
2962 3322 3220 3378 Ἰουδαία
3239 3325 3503 3394 ἀγίασμα
3524 3325 3630 3375 αὐ-

2127 3397 2255 3455 τοῦ.
2300 3395 2536 3463 Ἰσραὴλ
2561 3396 2811 3458 ἐξουσία
2832 3395 3040 3449 αὑτοῦ.

2128 3489 2194 3542 α’.
2212 3488 2468 3559 Μεγάλην
2486 3487 2714 3540 ἐνταῦθα
2736 3488 2826 3539 τοῦ
2843 3487 2977 3540 Θεοῦ
2996 3486 3094 3558 τὴν
3123 3486 3403 3559 πραότητα
3423 3502 3630 3556 μαρτυ-

2062 3575 2146 3643 ρεῖ
2181 3583 2201 3610 ο
2235 3573 2326 3624 καὶ
2348 3571 2685 3642 ἡμερότητα.
2719 3571 2884 3624 Ποίαν
2907 3569 2970 3642 δὴ
2995 3572 3234 3639 ταύτην;
3265 3571 3388 3624 ’Ότι
3418 3570 3633 3640 πρῶτον

2059 3655 2360 3720 ἀποδείξεις
2404 3655 2772 3724 παρεχόμενος
2806 3656 2903 3723 τῆς
2941 3654 3145 3717 οἰκείας
3184 3653 3482 3722 δυνάμεως,
3512 3653 3632 3704 τότε

2059 3739 2280 3792 ἀπαιτεῖ
2310 3737 2406 3808 τὴν
2440 3736 2827 3808 προσκύνησιν.
2858 3736 3026 3789 Τοῦτο
3056 3736 3163 3806 γάρ
3203 3736 3374 3804 δηλῶν
3412 3735 3594 3802 ἔλεγεν
3617 3751 3630 3765 ·

2072 3825 2175 3876 Ἐν
2199 3821 2388 3886 ἐξόδῳ
2415 3821 2651 3886 Ἰσραὴλ
2667 3821 2736 3883 ἐξ
2755 3821 3072 3890 Αἰγύπτου,
3100 3818 3355 3888 ἐγενήθη
3386 3817 3635 3871 Ἰουδαία

2060 3906 2325 3973 ἁγίασμα
2350 3903 2559 3957 αὐτοῦ.
2588 3902 2722 3956 Τότε
2749 3903 2856 3974 γάρ
2889 3902 3051 3966 ἔδειξε
3073 3901 3167 3973 τὴν
3195 3901 3417 3970 δύναμιν
3444 3900 3630 3964 αὐτοῦ,

2063 3989 2216 4059 φησὶ,
2250 3987 2338 4040 διὰ
2367 3986 2474 4039 τῶν
2503 3987 2561 4040 ἐν
2607 3985 2868 4056 Αἰγύπτῳ
2908 3986 3166 4056 σημείων,
3202 3983 3290 4036 διὰ
3322 3983 3429 4035 τῶν
3470 3982 3528 4035 ἐν
3564 3985 3630 4052 τῇ

2061 4072 2249 4141 ἐρήμῳ
2267 4086 2278 4098 ·
2307 4070 2427 4122 τότε
2459 4070 2554 4122 καὶ
2585 4068 2676 4121 τὸν
2708 4067 2834 4121 λαὸν
2862 4066 3188 4138 ᾠκειώσατο.
3222 4062 3391 4120 Τοῦτο
3420 4068 3512 4119 καὶ
3541 4069 3633 4119 ἐπὶ

2059 4153 2156 4205 τοῦ
2195 4151 2366 4222 Ἀδάμ
2403 4152 2645 4223 ἐποίησε.
2677 4153 2949 4223 Πρότερον
2974 4152 3079 4221 γὰρ
3117 4151 3207 4203 τὸν
3242 4151 3443 4220 κόσμον
3478 4151 3632 4220 ποιή·

2065 4251 2183 4296 σας,
2212 4237 2305 4288 καὶ
2335 4234 2512 4298 δείξας
2553 4235 2717 4287 αὐτοῦ
2753 4235 2846 4287 καὶ
2886 4234 2984 4302 τῆς
3015 4233 3202 4302 σοφίας
3233 4234 3326 4286 καὶ
3356 4234 3454 4303 τῆς
3478 4232 3634 4286 δυνά-

2067 4336 2210 4390 μεως
2240 4317 2338 4389 τὴν
2371 4320 2542 4388 ἰσχὺν.
2567 4317 2710 4370 οὕτω
2739 4319 2828 4370 τὸν
2854 4317 3140 4388 ἄνθρωπον
3173 4316 3390 4379 ἔπλασε,
3416 4317 3510 4368 καὶ
3535 4316 3635 4387 τὴν

2062 4401 2430 4473 προσκύνησιν
2471 4401 2771 4472 ἀπῄτησεν.
2809 4401 2962 4453 Οὕτω
3000 4401 3093 4454 καὶ
3121 4402 3147 4452 6
3189 4401 3480 4470 μονογενὴς
3507 4399 3634 4462 Υἱὸς

2061 4485 2154 4537 τοῦ
2187 4483 2320 4537 Θεοῦ
2355 4486 2556 4554 σημεῖα
2605 4484 2818 4554 πρῶτον
2864 4483 3274 4552 παρασχόμενος
3323 4481 3492 4535 πολλὰ
3540 4481 3635 4535 καὶ

2063 4565 2399 4631 παντοδαπὰ,
2433 4565 2553 4618 τότε
2596 4565 2696 4635 τὴν
2740 4566 2921 4619 πίστιν
2969 4565 3185 4636 ἀπῄτει.
3217 4565 3316 4618 Διά
3355 4582 3436 4618 τοι
3477 4563 3637 4618 τοῦτο

2062 4652 2174 4712 τοῖς
2205 4648 2303 4719 μὲν
2340 4647 2400 4714 ἐξ
2423 4649 2595 4720 ἀρχῆς
2623 4648 2960 4720 προσιοῦσιν,
2993 4649 3088 4704 ἀτε
3109 4651 3209 4702 οὐκ
3232 4648 3445 4720 ἔχουσιν
3471 4648 3635 4702 αὐτοῦ

2063 4733 2313 4804 ἐνέχυρα,
2344 4732 2463 4785 οὐδὲ
2496 4732 2767 4799 ἀπόδειξιν
2795 4734 2893 4805 τῆς
2919 4733 3187 4805 θεότητος,
3211 4733 3311 4786 οὐκ
3341 4732 3516 4800 ἔλεγε,
3545 4734 3637 4786 Πι-

2067 4815 2305 4879 στεύετε,
2334 4817 2416 4868 ὃτι
2461 4814 2694 4887 δύναμαι
2727 4816 2884 4870 τοῦτο
2930 4815 3182 4887 ποιῆσαι;
3218 4815 3352 4869 ἀλλὰ
3381 4815 3541 4886 μόνον
3567 4813 3638 4867 τὰ

2067 4903 2266 4970 σημεῖα
2295 4899 2595 4952 ἐπεδείκνυ.
2644 4900 2859 4970 Ἐπειδὴ
2903 4900 2960 4954 δὲ
2992 4901 3266 4972 πανταχοῦ
3294 4900 3401 4969 τῆς,
3429 4898 3637 4952 Παλαι-

2067 4984 2251 5054 στίνης
2282 4983 2645 5053 ὑπομνήματα
2666 4986 2764 5054 τῆς
2794 4983 2986 5036 ἑαυτοῦ
3022 4984 3300 5055 δυνάμεως
3322 4983 3634 5045 ἐναπέθετο,

2067 5066 2294 5135 σώματα
2335 5065 2713 5137 πεπηρωμένα
2762 5065 3010 5137 διορθῶν,
3065 5066 3261 5120 κακίαν
3312 5064 3631 5130 ἐξελαύνων,

2065 5150 2195 5219 περὶ
2225 5148 2498 5217 βασιλείας
2527 5147 2925 5218 διαλεγόμενος,
2955 5148 3084 5212 τοὺς
3128 5145 3486 5220 σωτηριώδεις
3526 5149 3638 5201 εἰσ-

2067 5233 2215 5301 άγων
2246 5233 2462 5302 νόμους,
2487 5232 2606 5284 τότε
2632 5233 2723 5285 καὶ
2760 5231 2857 5303 τὴν
2900 5231 3082 5285 πίστιν
3119 5233 3313 5305 ἀπῄτει
3343 5232 3490 5303 παρά
3528 5231 3637 5284 τῶν

2068 5315 2420 5388 προσιόντων.
2469 5316 2776 5387 ’Ἄνθρωποι
2830 5315 2929 5386 μὲν
2986 5316 3090 5388 γάρ
3132 5317 3392 5387 πρότερον
3449 5316 3636 5386 ἄρχειν

2067 5399 2329 5462 ἐθέλουσι,
2366 5400 2459 5451 καὶ
2503 5400 2624 5452 τότε
2662 5400 2966 5468 εὐεργετεῖν
3015 5398 3408 5467 ἐπιχειροῦσινο
3448 5401 3475 5451 6
3502 5398 3636 5460 Θεὸς

2067 5483 2124 5535 δὲ
2153 5483 2260 5536 ἀπὸ
2304 5482 2412 5534 τῶν
2446 5482 2774 5553 εὐεργεσιῶν
2819 5483 3064 5552 ἄρχεται.
3101 5483 3210 5534 Καὶ
3257 5480 3310 5533 τί
3354 5481 3495 5549 λέγω
3535 5479 3636 5544 τὰς

2067 5566 2233 5629 ἄλλας
2280 5566 2616 5634 εὐεργεσίας.
2658 5567 2790 5619 ὅπου
2834 5582 2898 5634 γε
2932 5569 3024 5618 καὶ
3070 5565 3161 5618 τὸν
3207 5564 3434 5636 σταυρὸν
3474 5563 3638 5617 αὐτὸν

2068 5651 2346 5722 ὑπέμεινε,
2375 5651 2467 5703 καὶ
2494 5649 2613 5702 τότε
2637 5649 2734 5722 τῆς
2755 5649 3076 5721 οἰκουμένης
3104 5647 3391 5721 ἐκράτησε,
3421 5647 3508 5702 διὰ
3526 5646 3636 5700 τῶν

2132 5811 2157 5842 °
2180 5809 2305 5875 Reg.
2326 5808 2534 5858 δείκνυσι
