4090 6338
514 564 691 635 ἔργων
737 546 1144 630 ἐπιδειξάμενος
1184 560 1292 630 τὴν
1334 558 1696 630 κηδεμονίανς
1741 559 1914 613 Τοῦτο
1961 556 2093 627 γοῦν

514 651 612 705 καὶ
656 648 686 701 6
726 646 938 717 ψαλμδς
987 646 1222 701 ἐνταῦθα
1262 646 1438 717 δηλῶν
1489 647 1697 716 ἐλεγενο
1750 648 1850 701 Ἐν
1906 646 2096 714 ἐξόδῳ

524 735 771 805 Ἰσραὴλ
799 734 869 798 ἐξ
885 737 1207 805 Αίγύπτου,
1239 736 1411 790 οἴκου
1438 736 1650 790 Ἰακὼϐ
1673 735 1742 789 ἐκ
1762 733 1919 790 λαοῦ
1941 735 2096 802 ,ϐαρ-

512 824 728 893 ϐάρου,
774 823 1027 893 ἐγενήθη
1079 823 1331 877 Ἰουδαία
1374 823 1640 893 ἁγίασμα
1680 822 1890 878 αὐτοῦ.
1923 822 2097 875 Τουτ-

512 911 680 974 έστιν,
698 911 755 963 ἐν
782 914 849 982 τῇ
880 909 1062 980 ἐξόδῳ,
1089 912 1147 963 ἐν
1173 913 1239 981 τῇ
1270 909 1581 981 ἀπαλλαγῇ,
1616 912 1675 963 ἐν
1697 913 1763 981 τῇ
1787 909 2091 981 ἐλευθερίᾳ,

509 998 611 1069 τῆς
631 997 925 1067 ⁸Αίγύπτου.
949 998 1055 1050 Καὶ
1081 999 1178 1067 οὑχ
1198 998 1385 1061 ἀπλῶς
1412 994 1583 1063 εἶπεν,
1607 999 1930 1067 Αἰγύπτου,
1956 996 2095 1051 ἀλλά

511 1085 841 1158 προσέθηκε,
876 1084 1037 1140 Λαοῦ
1077 1083 1385 1154 βαρϐάρου
1452 1086 1531 1155 τῷ
1569 1086 1790 1156 ὀνόματι
1836 1085 1945 1139 τῶν
1994 1101 2092 1138 πο-

509 1173 713 1243 λεμίων
752 1172 848 1244 τήν
887 1172 1212 1243 κηδεμονίαν
1247 1170 1620 1243 ἐνδειξάμενος
1655 1171 1749 1225 τοῦ
1776 1172 1934 1225 Θεοῦ.
1970 1171 2092 1226 Τῶν

508 1261 618 1332 γὰρ
649 1259 899 1331 χαλεπῶν
930 1261 1170 1323 ἐκείνων,
1204 1261 1296 1314 καὶ
1335 1260 1646 1332 ἀνημέρων,
1692 1260 1787 1313 καὶ
1822 1259 2091 1331 βαρϐαρι-

511 1347 748 1420 κώτερον
787 1347 1142 1418 διακειμένων
1173 1347 1481 1416 Αἰγυπτίων
1509 1348 1609 1401 οὑκ
1654 1347 1718 1401 ἂν
1751 1347 2090 1418 ἠδυνήθησαν

508 1436 909 1506 ἀπαλλαγῆναι,
943 1438 992 1490 εί
1025 1437 1100 1507 μὴ
1129 1437 1227 1505 τῆς
1258 1437 1523 1506 κραταιᾶς
1555 1436 1875 1506 ἀπήλαυσαν
1909 1437 2091 1507 χειρὸς

511 1524 606 1576 καὶ
642 1524 738 1592 τῆς
770 1522 948 1588 δεξιᾶς
993 1523 1091 1593 τῆς
1130 1524 1366 1594 ἀμάχου.
1409 1524 1520 1575 Καὶ
1564 1524 1672 1596 γὰρ
1711 1524 1916 1594 Θηρίων
1950 1521 2091 1595 ἦσαν

508 1607 853 1680 ἀγριώτεροι,
892 1609 986 1662 καὶ
1022 1612 1227 1680 πέτρας
1266 1611 1637 1684 σκληρότεροι,
1672 1612 1889 1683 μυρίαις
1937 1613 2094 1666 παιόυ

514 1714 662 1767 μενοι
692 1697 944 1765 πληγαῖς,
973 1698 1067 1752 καὶ
1104 1701 1205 1753 οὑκ
1242 1699 1552 1764 ἐνδιδόντες.
1578 1699 1761 1755 Εἰπὼν
1790 1701 1968 1755 τοίνυν
1999 1700 2092 1753 τὸν

509 1784 637 1840 λαὸν
658 1781 1144 1855 βάρδαρον,ιδειεε
1191 1786 1287 1840 τοῦ
1332 1789 1467 1843 Θεοῦ
1515 1791 1613 1860 τῆς
1662 1789 1944 1859 δυνάμεως
1991 1790 2092 1860 τήν

510 1872 835 1944 ὑπερϐολὴν,
860 1874 944 1927 ὄτι
980 1873 1074 1927 τὸν
1107 1872 1250 1929 οὑτω
1291 1874 1585 1947 βάρϐαρον,
1620 1877 1711 1929 τὸν
1738 1875 1912 1939 οὑτως
1938 1875 2089 1947 ὠμὸν

509 1958 605 2013 νῦν
645 1961 743 2029 μὲν
785 1961 990 2023 ἔπεισε,
1031 1961 1128 2015 νῦν
1172 1963 1233 2016 δὲ
1290 1965 1378 2017 καὶ
1426 1964 1628 2017 ἀκοντα
1673 1965 2090 2034 κατηνάγκασεν

509 2047 725 2114 ἀφεῖναι
753 2049 880 2112 τοὺς
907 2049 1148 2114 δούλους,
1178 2050 1275 2104 καὶ
1304 2051 1742 2121 φιλονεικοῦντας
1766 2052 1992 2125 ὕστερον
2018 2053 2085 2123 τῇ

510 2133 749 2206 θαλάττῃ
790 2136 1094 2209 παρέδωκε,
1127 2138 1223 2193 καὶ
1257 2138 1400 2193 οὑτω
1448 2140 1542 2193 τὸν
1574 2140 1702 2193 λαὸν
1746 2139 2087 2210 ἠλευθέρωσε

507 2223 599 2275 τὸν
629 2222 842 2277 ἑαυτοῦ.

579 2332 646 2385 Τί
670 2333 727 2387 δέ
760 2337 925 2398 ἐστιν,
966 2333 1251 2405 Ἐγενήθη
1293 2333 1545 2391 Ἰουδαία
1572 2335 1838 2405 ἀγιάσμα
1865 2333 2087 2401 αὑτοῦ;

521 2419 668 2473 ’Δντὶ
696 2419 811 2484 τοῦ,
851 2421 979 2486 λαὸς
1021 2423 1171 2495 αὑτῷ
1198 2423 1493 2496 λατρεύων,
1522 2422 1648 2487 λαδς
1679 2422 1829 2493 αὑτῷ
1864 2422 2085 2476 ἀνακεί-

513 2525 691 2577 μενος,
725 2508 849 2573 λαδς
890 2510 1040 2581 αὑτῷ
1078 2511 1444 2582 ᾠκειωμὲνος.
1482 2512 1757 2581 Ἀγίασμα
1788 2511 1844 2564 δὲ
1883 2512 2087 2583 κυρίως

509 2595 724 2663 ἐλέγετο
746 2599 773 2650 6
798 2598 945 2661 ναὸς,
972 2599 1040 2651 τὰ
1056 2599 1245 2664 ἄδυτα,
1268 2600 1337 2653 τὰ
1368 2600 1536 2668 ’Ἅγια
1568 2599 1676 2652 τῶν
1696 2599 1887 2666 ἀγίων,
1924 2598 2088 2651 καθά-

509 2698 617 2754 περ
645 2680 793 2754 [2951
817 2686 909 2737 καὶ
929 2687 1202 2758 Ζαχαρίας
1224 2688 1434 2757 εἰσάγει
1452 2687 1603 2751 τινάς
1628 2686 1961 2758 ἐρωτῶντας,
1990 2686 2086 2739 καὶ

506 2768 781 2839 λέγονταςυ
812 2772 1116 2841 Εἰσῆλθεν
1140 2769 1258 2828 ὧδε
1286 2776 1352 2829 τὸ
1386 2776 1726 2845 ἁτίασμα·ἤ
1757 2776 2088 2841 νηστεύσο-

501 2874 655 2928 μεν;
678 2864 804 2931 περι
831 2860 932 2930 τῆς
952 2862 1214 2916 ἐπανόδου
1242 2863 1341 2933 τῆς
1372 2863 1605 2916 κιϐωτοῦ
1656 2864 1751 2917 καὶ
1773 2864 1881 2915 τῶν
1909 2862 2083 2915 ἀλλων

508 2947 763 3001 ἁπάντων
783 2948 976 3020 δηλῶν.
1009 2949 1293 3019 Ἑγενήθη
1326 2951 1584 3006 Ἰουδαία
1596 2951 1860 3021 ἀτίασμα
1871 2951 2080 3005 αὑτοῦ.

510 3034 626 3104 Πρὸ
663 3034 773 3106 γάρ
826 3036 1018 3091 τούτου
1063 3038 1368 3110 ἀκάθαρτός
1416 3056 1500 3103 τις
1535 3034 1605 3110 ἦν
1658 3039 1750 3093 καὶ
1792 3039 1992 3108 ἐναγὴς
2048 3039 2083 3109 ή

507 3120 660 3193 χώρα
684 3139 699 3154 ⁸
730 3124 915 3196 ἐπειδὴ
954 3125 1010 3179 δὲ
1042 3125 1340 3197 ἐπανῆλθεν
1368 3128 1397 3181 6
1434 3126 1580 3192 λαὸς,
1613 3127 1829 3195 ἐγένετο
1860 3128 1891 3196 ή
1932 3125 2084 3189 πόλις

505 3209 754 3281 ἀγίασμα
795 3211 990 3266 αὑτοῦ·
1033 3215 1327 3280 τουτέστιν,
1370 3216 1619 3286 ἀγίασμα
1658 3216 1823 3285 ήγετο
1858 3214 1945 3268 διὰ
1984 3217 2083 3285 τῆς

506 3298 822 3363 ἐποπτείας,
883 3300 972 3354 διὰ
1000 3301 1120 3354 τῶν
1164 3302 1383 3369 θυσιῶν,
1434 3302 1524 3356 διὰ
1550 3306 1649 3373 τῆς
1693 3303 1966 3374 λατρείας,
1996 3302 2084 3355 διά

505 3387 606 3455 τῆς
654 3385 820 3455 ἄλλης
863 3388 1131 3456 ἀγιστίας.
1170 3390 1416 3459 Ἰσραὴλ
1470 3390 1723 3455 ἐξουσία
1770 3389 1971 3445 αὑτοῦ.
2015 3389 2081 3444 Τί

506 3473 675 3536 ἐστιν,
717 3474 955 3542 Ἰσραὴλ
982 3477 1232 3542 ἐξουσία
1252 3478 1471 3544 αὐτοῦ;
1507 3479 1643 3532 Ὑπὸ
1667 3480 1765 3550 τὴν
1789 3479 1962 3550 ἀρχὴν
1985 3478 2083 3531 αὑ-

506 3557 622 3622 τοῦ,
654 3561 806 3630 φησί.
836 3564 1030 3617 Καίτοι
1074 3568 1223 3621 πᾶσα
1252 3568 1283 3637 ἡ
1316 3567 1605 3637 οἰκουμένη
1640 3567 1745 3620 ὑπὸ
1776 3566 1874 3632 τὴν
1915 3564 2078 3620 αὑτοῦ

506 3646 680 3717 ἀρχὴν
728 3642 817 3720 ἦν,
869 3649 983 3704 ἀλλ’
1030 3648 1175 3706 οζτοι
1225 3655 1318 3707 καὶ
1372 3656 1490 3707 κατ’
1537 3655 1811 3709 οἰκείωσιν
1862 3654 2075 3725 ἑτέραν.

517 3730 733 3805 Ἐπειδὴ
761 3737 854 3790 καὶ¹
899 3739 1232 3810 προφητείας
1265 3740 1528 3811 ἐδέχοντο,
1556 3743 1649 3795 καὶ
1686 3742 1954 3810 διελέγετο
1983 3741 2080 3794 αὑ-

503 3824 637 3885 τοῖς,
672 3824 767 3877 καὶ
795 3823 866 3878 τὰ
896 3826 1017 3878 κατ’
1052 3826 1269 3891 αὑτοὺς
1296 3828 1567 3900 ᾠκονόμει
1625 3828 1910 3900 μειζόνως.
1944 3824 2080 3883 Εἶτα

504 3909 627 3963 καθ’
659 3910 843 3982 ἓτερον
886 3912 942 3965 δὲ
975 3914 1172 3984 τρόπον
1213 3916 1306 3969 καὶ
1338 3915 1466 3980 λαὸς
1497 3917 1664 3972 αὑτοῦ
1713 3916 2075 3989 ἐχρημάτιζε.

504 3999 614 4051 Καὶ
650 3998 759 4070 γὰρ
787 3996 866 4069 τῷ
904 4000 1133 4071 νεύματι
1166 3999 1244 4073 τῷ
1297 4003 1505 4059 ἐκείνου
1554 4004 1817 4068 πολλάκις
1862 4006 1958 4059 καὶ⁵
1994 4007 2077 4068 εἰς

506 4085 773 4156 πολέμους
815 4085 1066 4157 ἐξῄεσαν,
1100 4089 1196 4141 καὶ
1231 4089 1402 4145 πολλά
1430 4091 1537 4145 τῶν
1570 4092 1744 4147 ἄλλων
1782 4093 2071 4165 ἔπραττον.

504 4173 863 4247 Βαρδαρικῶν
888 4175 997 4247 γάρ
1022 4177 1219 4241 αὑτοὺς
1246 4178 1561 4246 ἀπαλλάξας
1593 4182 1813 4253 χειρῶν,
1842 4182 1935 4235 καὶ
1979 4199 2077 4236 τυ-

506 4262 769 4333 ραννίδος,
817 4265 913 4318 καὶ
948 4265 1213 4330 δουλείας,
1256 4268 1352 4321 καὶ
1394 4268 1640 4323 κινδύνου
1694 4269 1945 4340 ἐσχάτου,
1982 4271 2075 4325 καὶ

503 4353 822 4423 παρανόμου
852 4355 1096 4425 γνώμης,
1126 4356 1352 4423 γέγονεν
1383 4357 1562 4411 αὑτῶν
1597 4359 1872 4430 βασιλεύς.
1904 4361 2074 4416 Τοῦτο

501 4439 633 4508 γοῦν
666 4441 760 4495 καὶ
796 4440 1028 4513 ἀλλαχοῦ
1057 4442 1559 4516 δικαιολογούμενος
1588 4447 1683 4501 καὶ
1727 4447 1961 4516 δεικνὺς,
1993 4452 2073 4504 ὃτι

500 4528 765 4600 πρότερον
803 4530 871 4584 τὰ
905 4533 1035 4600 παρ’
1079 4532 1272 4584 ἑαυτοῦ
1316 4533 1723 4605 ἐπιδειξάμενος
1772 4537 1971 4608 ἀπῄτει
2004 4538 2073 4589 τὰ

501 4615 631 4684 παρ’
654 4616 899 4683 ἐκείνων,
923 4617 1075 4686 ἔλεγε
1093 4635 1107 4649 ’
1130 4620 1226 4686 Μὴ
1256 4619 1474 4688 ἕρημος
1500 4623 1793 4691 ἐγενόμην
1817 4624 1898 4689 τῷ
1928 4624 2071 4689 οἴκῳ

511 4703 785 4773 Ἰσραὴλ,
828 4705 867 4775 ἣ
906 4705 983 4777 τῆ
1030 4708 1482 4778 κεχερσωμένη;
1516 4713 1581 4763 '0
1625 4711 1684 4764 δέ
1733 4714 1879 4781 λέγει
1911 4712 2070 4766 τοῦτό

498 4793 650 4847 ἐστι·
678 4795 771 4865 Μὴ
804 4796 1071 4867 ἄκαρπος,
1104 4798 1289 4869 φησὶν,
1317 4799 1447 4871 ὑμῖν
1480 4800 1780 4872 ἐγενόμην;
1807 4803 1868 4855 οὐ
1902 4804 2069 4874 μυρία

498 4880 681 4951 ἀγαθὰ
717 4885 797 4949 εἰς
838 4886 982 4957 ὑμᾶς
1025 4887 1417 4959 ἐπεδειξάμην;
1467 4889 1527 4941 οὑ
1564 4889 1664 4960 τὴν
1704 4891 1863 4960 φύσιν
1901 4892 2068 4962 αὑτὴν

501 4968 825 5040 μετέδαλον;
854 4974 915 5026 οὑ
937 4973 1007 5027 τά
1030 4978 1266 5046 στοιχεῖα
1294 4977 1431 5046 πρὸς
1457 4977 1557 5048 τὴν
1580 4979 1882 5050 ὑπηρεσίαν
1916 4981 2068 5050 ὑμῶν

497 5057 839 5131 ἐρρύθμισας
877 5061 937 5113 οὑ
971 5062 1246 5135 διαγωγὴν
1295 5065 1423 5135 ὑμῖν
1472 5067 1813 5138 ἐχαρισάμην
1852 5069 2068 5142 ἀνθρω-

499 5145 670 5198 πίνων
701 5147 1128 5220 ἀπηλλαγμένην
1172 5151 1379 5217 πόνων;
1412 5154 1511 5205 Διά
1555 5153 1713 5207 τοῦτό
1762 5174 1895 5227 φησι
1918 5174 1933 5189 ⁸
1968 5159 2065 5229 Μὴ

495 5233 717 5302 ἕρημος
746 5234 1040 5306 ἐγενόμην
1067 5237 1145 5304 τῷ
1181 5239 1324 5302 οἴκῳ
1358 5239 1634 5309 Ἰσραήλ;
1662 5242 1974 5310 Τουτέστιν,
2005 5249 2064 5301 οὑ

500 5321 723 5392 μυρίους
753 5324 959 5394 ήνεγκα
992 5326 1269 5398 καρπούς
1296 5327 1607 5400 ἐλευθερίαν
1640 5330 1735 5383 ἀπ’
1762 5333 2065 5402 Αἰγύπτου,

494 5409 815 5484 ἀπαλλαγὴν
867 5413 1175 5486 βαρϐάρων,
1208 5415 1504 5486 θαυμάτων
1545 5411 1829 5483 ἐπίδειξιν,
1874 5420 1972 5493 τὴν
2007 5425 2066 5477 ἐν

494 5497 687 5569 ἐρήμῳ
711 5498 1011 5574 διαγωγὴν,
1037 5504 1135 5575 τὴν
1158 5503 1259 5574 τῆς
1287 5503 1653 5577 Παλαιστίνης
1677 5506 2064 5581 κληρονομίαν,

492 5584 591 5655 τὴν
617 5584 727 5640 τῶν
765 5586 938 5642 ἐθνῶν
970 5590 1257 5660 κράτησιν,
1304 5591 1375 5646 τά
1419 5594 1618 5664 συνεχῆ
1660 5595 1919 5665 τρόπαια,
1962 5598 2067 5664 τὰς

493 5673 826 5746 ἐπαλλήλους
852 5677 1029 5744 νίκας,
1057 5681 1126 5734 τὰ
1153 5680 1408 5753 θαύματα
1431 5682 1501 5737 τὰ
1535 5685 1832 5755 παράδοξα,
1863 5688 1933 5744 τὰ
1972 5707 2066 5744 τε-

491 5760 689 5829 ράστια
715 5762 785 5817 τὰ
826 5766 1048 5837 συνεχῆ,
1081 5768 1179 5839 τῆς
1222 5769 1329 5839 γῆς
1368 5771 1467 5843 τὴν
1499 5771 1808 5845 εὐετηρίαν,
1833 5774 1928 5830 τοῦ
1969 5778 2062 5847 γέ-

489 5861 614 5911 νους
641 5847 795 5923 ὑμῶν
825 5852 925 5925 τὴν
963 5853 1227 5924 ἐπίδοσιν,
1270 5855 1371 5929 τὴν
1404 5859 1680 5931 πανταχοῦ
1728 5862 1828 5934 τῆς
1877 5865 2060 5921 οἰκου-

1216 444 1281 499 S.
1316 443 1604 501 JOANNIS
1638 443 2123 502 CIIRYSOSTOMI
2158 444 2475 503 ARCHIEP.
2507 444 3057 503 CONSTANTINOP.

3658 443 3769 499 303

2204 560 2372 631 μένης
2402 558 2578 623 δόξαν,
2605 559 2770 630 ἕτερα
2799 557 2995 630 μυρίας
3027 552 3180 621 Εἶδες
3207 554 3448 626 καρποὺς
3472 554 3568 609 τοῦ
3595 556 3766 627 Θωῦς

2196 647 2295 700 Διά
2345 646 2503 700 τοῦτο
2551 647 2796 716 ἐπήγαγε
2818 662 2834 677 ’
2875 645 2974 713 Μὴ
3021 642 3097 715 τῆ
3132 645 3430 713 ἐγενόμην
3468 661 3765 714 κεχερσω-

2194 735 2388 805 μένης
2427 735 2738 798 Τουτέστιν,
2780 734 2857 787 υὺ
2893 734 3119 804 μυρίους
3143 732 3437 803 ἐδρέψασθε
3466 735 3594 805 παρ’
3626 734 3763 806 ἐμοῦ

2201 821 2475 890 καρπούς;
2509 823 2610 876 οὑκ
2643 820 2922 891 ηὑλόγησα
2963 819 3062 891 τὴν
3099 819 3302 873 εἴσοδον
3343 820 3494 888 ὑμῶν
3535 821 3631 874 καί
3665 822 3764 892 τὴν

2196 908 2374 973 ἔξοδον
2423 909 2598 980 ὑμῶν,
2640 908 2715 961 τὰ
2764 908 2988 978 ποίμνια
3039 907 3213 978 ὑμῶν,
3260 906 3357 961 καὶ
3399 908 3469 961 τά
3515 908 3765 978 βουκόλια

2195 997 2369 1067 ὑμῶν,
2416 997 2507 1049 τὸν
2560 997 2721 1067 ἄρτον
2769 995 2945 1067 ὑμῶν,
2994 994 3089 1049 καὶ
3131 995 3192 1048 τὸ
3245 994 3390 1066 ῦδωρ
3441 995 3624 1065 ὑμῶν;
3662 998 3765 1050 οὑκ

2193 1085 2252 1139 ἐν
2294 1083 2566 1155 ἀσφαλείᾳ
2610 1083 2949 1153 κατέστησα;
2984 1082 3045 1136 οὑ
3080 1083 3243 1136 πᾶσιν
3286 1081 3611 1155 ἀχειρώτους
3646 1084 3763 1155 εἱρ-

2196 1172 2475 1243 γασάμην,
2525 1171 2586 1225 οὑ
2636 1169 2894 1242 φοϐεροὺς
2945 1170 3039 1223 καὶ
3089 1170 3363 1241 ἀμάχους;
3396 1171 3457 1223 οὑ
3510 1170 3763 1242 καθάπερ

2193 1260 2303 1315 ἀπὸ
2340 1259 2531 1330 πηγῶν
2567 1259 2743 1314 πάντα
2776 1260 2905 1330 ἡμῖν
2935 1259 3155 1330 ἐπέρρει
3180 1259 3249 1313 τὰ
3272 1259 3378 1313 ἀπὸ
3406 1259 3505 1330 τῆς
3538 1260 3664 1328 γῆς,
3692 1260 3764 1314 τὰ

2192 1349 2302 1402 ἀπὺ
2341 1348 2435 1401 τοῦ
2469 1347 2734 1421 οὑρανοῦ;
2764 1347 2866 1401 Τὸν
2904 1346 3012 1418 γὰρ
3046 1346 3279 1418 ἄρχοντα
3325 1347 3492 1402 ταῦτα
3528 1348 3762 1419 μάλιστα

2190 1438 2451 1499 δείκνυσι,
2482 1437 2541 1490 τὸ
2578 1438 2823 1509 προνοεῖν
2849 1435 2959 1488 τῶν
2987 1435 3261 1507 ὑπηκόων,
3283 1435 3343 1489 τὸ
3376 1435 3633 1509 κήδεσθαι
3668 1438 3762 1491 καὶ

2192 1525 2522 1597 φροντίζειν.

2262 1612 2331 1683 β’.
2358 1611 2449 1665 Διὸ
2479 1612 2575 1665 καὶ
2600 1611 2629 1664 6
2653 1609 2884 1683 Χριστὸς
2908 1608 3119 1679 ἔλεγεν·
3162 1610 3217 1663 ’0
3235 1610 3460 1680 ποιμὴν
3488 1613 3523 1666 ὀ
3548 1611 3757 1677 καλὸς,

2191 1700 2292 1755 οὑκ
2313 1696 2454 1764 εἶπε,
2490 1699 2727 1770 Τιμᾶται
2761 1699 2856 1753 καὶ
2886 1697 3267 1769 θεραπεύεται,
3306 1698 3464 1765 ἀλλά,
3499 1698 3614 1769 τὴν
3645 1703 3762 1768 ψυ-

2191 1787 2313 1857 χὴν
2359 1787 2548 1842 αὐτοῦ
2599 1787 2840 1852 τίθησιν
2872 1786 3020 1853 ὑπὲρ
3068 1785 3188 1840 τῶν
3217 1788 3542 1855 προϐάτων.
3590 1787 3761 1841 Τοῦτο

2189 1875 2353 1947 ἀρχὴ,
2378 1875 2533 1928 τοῦτο
2563 1872 2896 1945 ποιμαντικὴ
2927 1874 3226 1944 ἐπιστήμη,
3249 1873 3311 1926 τὸ
3334 1873 3402 1927 τά
3429 1872 3594 1927 αὑτοῦ
3626 1891 3763 1943 παρ-

2188 1966 2339 2035 ορᾷν,
2363 1962 2513 2035 [ενι]
2547 1963 2641 2018 καὶ
2661 1963 2729 2017 τά
2753 1962 2861 2016 τῶν
2884 1963 3200 2033 ἀρχομένων
3228 1964 3494 2034 μεριμνᾷν
3512 1974 3563 2016 ι.
3585 1965 3762 2033 Ὅπερ

2188 2055 2298 2125 γάρ
2327 2056 2476 2107 ἐστιν
2505 2053 2709 2123 ἰατρὸς,
2734 2052 2891 2107 τοῦτό
2932 2055 3080 2106 ἐστιν
3105 2054 3315 2124 ἄρχων·
3347 2053 3547 2123 μᾶλλον
3566 2053 3624 2107 δέ
3659 2055 3756 2107 καὶ

2192 2141 2377 2213 ίατροῦ
2408 2140 2588 2195 πλέον.
2625 2140 2685 2193 '0
2721 2140 2818 2211 μὲν
2846 2141 2956 2212 γάρ
2991 2141 3174 2212 ἰατρὸς
3204 2143 3269 2212 τῇ
3314 2141 3478 2215 τέχνῃ
3520 2142 3621 2211 τήν
3654 2157 3760 2194 σωο

2189 2229 2384 2301 τηρίαν
2428 2233 2824 2299 περιποιεῖται·
2854 2232 2883 2284 6
2913 2230 2969 2282 δέ
2999 2230 3182 2301 ἅρχων
3230 2230 3323 2284 καὶ
3350 2232 3408 2284 ἐν
3451 2230 3566 2293 τοῖς
3609 2229 3759 2295 ἰδίοις

2187 2317 2471 2382 κινδύνοις.
2504 2319 2680 2388 Ὅπερ
2707 2320 2800 2372 καὶ
2826 2318 2857 2370 6
2903 2317 3137 2389 Χριστὸς
3167 2317 3409 2387 ἐποίησε,
3450 2316 3755 2388 ῥαπισθεὶς,

2189 2405 2541 2473 σταυρωθεὶς,
2567 2405 2638 2458 τὰ
2668 2404 2835 2476 μυρία
2862 2405 3069 2459 παθών.
3096 2405 3187 2457 Διὸ
3214 2404 3308 2459 καὶ
3338 2404 3548 2470 Παῦλος
3571 2403 3757 2473 ἐλεγεο

2186 2492 2295 2547 Καὶ
2326 2494 2435 2562 γὰρ
2474 2497 2506 2547 ό
2538 2492 2791 2562 Χριστὸς
2816 2495 2930 2562 οὐχ
2975 2491 3164 2558 ἐαυτῷ
3201 2492 3444 2561 ἤρεσεν,
3470 2486 3761 2548 ἀλλᾶντα-

2186 2579 2301 2644 θὼς
2334 2584 2685 2647 γέγραπται·
2726 2581 2791 2633 Οί
2840 2579 3166 2647 ὀνειδισμοὶ
3196 2578 3315 2633 τῶν
3355 2578 3761 2637 όνειδιζᾎντων

2185 2684 2259 2722 σε
2295 2668 2597 2722 ἐπέπεσον
2629 2669 2721 2721 ἐπ’
2765 2668 2887 2737 ἐμέ.
2940 2668 3045 2721 Δύο
3084 2668 3264 2722 τοίνυν
3313 2668 3511 2738 μᾶλλον
3559 2668 3616 2721 δέ
3664 2668 3760 2721 καὶ

2182 2759 2329 2826 τρεῖς
2361 2755 2455 2809 καὶ
2502 2755 2699 2826 μυρίας
2742 2755 2953 2825 τίθησιν
2996 2755 3231 2810 ἐνταῦθα
3286 2756 3631 2828 εὐεργεσίας,
3673 2756 3759 2809 ὅτι

2186 2844 2475 2915 βαρϐάρων
2502 2842 2830 2913 ἀπήλλαξεν,
2872 2844 2953 2897 ὅτι
2994 2844 3092 2909 τῆς
3131 2842 3415 2913 ἀλλοτρίας
3452 2842 3759 2913 ἠλευθέρω-

2186 2948 2296 2992 σεν,
2328 2933 2409 2985 ὅτι
2432 2931 2675 2995 δουλείας
2708 2930 2983 2995 ἐξέϐαλεν,
3011 2931 3093 2985 ὅτι
3126 2931 3318 2994 πόνους
3347 2930 3501 2983 ἔλυσε
3534 2930 3631 2984 καὶ
3660 2946 3759 2982 τα-

2182 3017 2507 3089 λαιπωρίας,
2536 3019 2617 3072 ὅτι
2659 3018 2828 3089 μυρία
2857 3017 3113 3089 θαύματα
3156 3018 3477 3089 εἰργάσατο’
3510 3012 3631 3070 εἶτα
3674 3016 3759 3069 ὅτι

2184 3108 2278 3161 καὶ
2308 3108 2556 3178 ἀγίασμα
2592 3106 2759 3160 αὑτοῦ
2807 3107 3005 3170 αὑτοὺς
3039 3106 3342 3176 κατηξίωσε
3377 3104 3628 3175 γενέσθαι
3661 3106 3759 3158 καὶ

2184 3198 2478 3267 ὑπηκόους.
2509 3198 2619 3251 Καὶ
2651 3196 2760 3268 γὰρ
2787 3196 2881 3250 καὶ
2920 3197 3078 3250 τοῦτο
3107 3198 3165 3249 οὑ
3205 3196 3398 3267 μικρὸν
3436 3195 3759 3266 εὐεργεσίας

2182 3278 2340 3347 εἶδος,
2363 3282 2423 3335 τὸ
2448 3284 2506 3336 ἐν
2532 3283 2683 3349 τάξει
2713 3282 2820 3337 τῶν
2850 3284 3107 3354 ὑπηκόων
3131 3284 3328 3347 αὑτοὺς
3357 3282 3678 3352 καταλέγειν
3701 3282 3754 3336 δ.

2192 3370 2262 3425 Ἠ
2280 3370 2561 3425 θάλασσα
2577 3366 2718 3434 εἶδε,
2741 3371 2837 3424 καί
2859 3371 3083 3440 ἐερυγεν
3096 3387 3108 3400 ’
3124 3373 3155 3424 d
3172 3370 3468 3438 Ἰορδάνης
3481 3369 3756 3438 ἐστράφη

2178 3461 2265 3522 είς
2310 3459 2379 3512 τὰ
2427 3459 2640 3513 ὀπίσω.
2666 3459 2807 3529 Ὅρα
2849 3459 2939 3513 τὸν
2981 3458 3138 3528 λόγον
3182 3459 3608 3530 κορυφούμενον,
3659 3457 3758 3511 καὶ

2177 3548 2277 3615 τὴν
2327 3546 2644 3616 εὐεργεσίαν
2695 3546 3090 3616 αὐξανομένην.
3142 3546 3207 3599 Τί
3258 3547 3369 3615 γὰρ
3417 3546 3499 3599 δεῖ
3548 3545 3754 3614 λέγειν,

2179 3634 2334 3704 φησὶ,
2366 3635 2495 3705 περὶ
2526 3632 2818 3705 βαρϐάρων
2847 3636 2942 3687 καὶ
2969 3632 3159 3696 ἐθνῶν,
3186 3634 3347 3687 ὁπότε
3380 3634 3474 3687 καὶ
3504 3636 3539 3703 ή
3575 3632 3757 3697 κτίσις

2178 3722 2519 3787 ὑπεξίστατο,
2555 3722 2647 3776 καὶΙ
2696 3720 3029 3793 παρεχώρει,
3082 3721 3177 3775 καὶ¹
3229 3721 3366 3793 πρὸς
3419 3721 3484 3774 τὰ
3532 3722 3753 3775 ἐναντία

2178 3810 2488 3882 μεθίστατο,
2518 3811 2609 3864 τὸν
2641 3808 3049 3880 στρατηγοῦντα
3092 3809 3299 3881 δρῶσα,
3349 3809 3445 3863 καὶ
3490 3808 3572 3880 τῷ
3614 3809 3755 3880 δημ-

2175 3898 2378 3968 αγωγῷ
2409 3898 2841 3970 παραχωροῦσα;
2873 3898 3053 3952 Πάντα
3081 3897 3188 3969 γὰρ
3213 3899 3334 3952 τότε
3365 3897 3444 3969 τῷ
3480 3898 3643 3969 δήμῳ
3675 3898 3754 3969 τῷ

2174 3985 2282 4039 τῶν
2319 3984 2582 4055 Ἐϐραίων
2621 3983 2946 4048 ὑπεξίστατο
2990 3987 3086 4039 καὶ
3132 3984 3468 4056 παρεχώρει,
3517 3985 3606 4038 ἴνα
3646 3986 3752 4055 μά-

2175 4072 2363 4138 θωσιν,
2393 4072 2478 4125 ὅτι
2505 4072 2608 4125 οὑκ
2651 4071 3001 4143 ἀνθρωπίνης
3039 4072 3362 4136 ἀκολουθίας
3394 4067 3464 4143 ἦν
3492 4072 3564 4126 τά
3605 4074 3754 4140 γινό-

2178 4175 2332 4230 μενα,
2372 4158 2506 4212 ἀλλά
2534 4158 2684 4222 θείας
2725 4159 2819 4212 καὶ
2852 4159 3165 4230 ἀπορρήτου
3205 4158 3488 4228 δυνάμεως
3515 4159 3585 4213 τὰ
3615 4159 3751 4213 θαυ-

2176 4246 2627 4318 ματουργούμενα
2659 4247 2893 4300 ἅπαντα.
2924 4248 3036 4300 Καὶ
3068 4247 3174 4317 ὅρα
3217 4246 3318 4316 τήν
3365 4244 3606 4316 ἔμφασιν
3650 4248 3750 4317 τῆς

2171 4332 2389 4400 λέξεως,
2422 4333 2538 4397 πῶς
2567 4332 2804 4402 ἀρίστως
2830 4331 3000 4404 αὑτὴν
3033 4331 3296 4386 τέθεικεν.
3325 4333 3400 4385 Οὑ
3429 4332 3539 4403 γὰρ
3567 4329 3745 4386 εἷπεψ

2186 4421 2741 4494 ’Δνεχώρησεν,οὑδὲ,
2774 4421 3105 4492 ’Υπεξέστη·
3127 4421 3353 4475 ἁλλὰτί·
3385 4421 3747 4478 Ἡθάλασσα

2167 4509 2310 4574 εἶδε,
2352 4513 2448 4566 καί
2501 4512 2717 4581 ἔφυγες’
2758 4511 2819 4565 τὸ
2863 4512 3027 4582 τάχος
3080 4512 3179 4582 τῆς
3233 4512 3633 4583 ἀναχωρήσεως
3680 4515 3741 4584 τῇ

2171 4602 2317 4669 φυγῇ
2353 4599 2700 4669 παραστῆσαι
2746 4598 3087 4669 βουλόμενος,
3133 4598 3193 4652 τὺ
3238 4598 3466 4670 μέγεθος
3506 4599 3609 4669 τῆς
3649 4602 3744 4655 ἐκ·

2172 4685 2439 4755 πλήξεως,
2471 4684 2531 4739 τὸ
2560 4683 2780 4738 εὔκολον
2809 4684 2909 4756 τῆς
2942 4685 3221 4758 ἐνεργείας
3252 4684 3349 4739 τοῦ
3379 4686 3537 4741 Θεοῦ.

2240 4773 2351 4827 Καὶ
2379 4773 2464 4826 ἵνα
2496 4773 2570 4844 μή
2604 4789 2687 4837 τις
2717 4772 2911 4844 νομίσῃ
2941 4775 3005 4827 ἐκ
3032 4774 3279 4844 περιόδου
3309 4775 3453 4838 τινὸς
3492 4773 3585 4829 καὶ
3624 4792 3749 4829 συνο

2167 4860 2361 4931 τυχίας
2392 4859 2550 4913 τοῦτο
2590 4859 2855 4929 γίνεσθαι,
2887 4858 2946 4924 ἐξ
2992 4860 3201 4914 ἐκείνου
3247 4861 3348 4914 οὑκ
3383 4861 3464 4914 ἔτι
3495 4861 3740 4929 γέγονεν,

2170 4947 2284 5001 ἀλλ’
2311 4947 2487 5015 ἅπαξ,
2531 4949 2620 5000 ὅτε
2644 4948 2673 4999 6
2696 4932 2845 5012 ’Θεὸς
2889 4948 3163 5013 ἐκέλευσε,
3200 4950 3296 5002 καὶ
3338 4950 3431 5002 ἐπὶ
3469 4948 3745 5019 διαφόρων

2170 5034 2495 5106 προσώπων.
2539 5035 2649 5089 Καὶ
2687 5035 2796 5106 γὰρ
2834 5037 2867 5107 ή
2911 5036 3144 5101 ἄτακτος
3188 5037 3298 5090 τῶν
3346 5037 3551 5092 ὑδάτων
3586 5036 3745 5108 ῥύμη

2167 5123 2417 5191 καθάπερ
2444 5122 2632 5194 λογική
2660 5140 2748 5186 τις
2780 5122 2872 5177 καὶ
2900 5122 3160 5194 ἔμψυχος,
3201 5124 3295 5177 τοῦ
3324 5124 3462 5178 Θεοῦ
3495 5124 3748 5178 κελεύον-

2165 5226 2277 5274 τος,
2324 5208 2465 5262 οὑτω
2497 5210 2622 5272 τοὺς
2658 5210 2758 5279 μὲν
2808 5208 2999 5273 ἔσωσε,
3042 5213 3163 5274 τοὺς
3212 5211 3270 5264 δὲ
3301 5210 3577 5276 ἀπώλλυε,
3618 5214 3743 5275 τοῖς

2170 5299 2271 5369 μὲν
2302 5301 2492 5368 τάφος,
2530 5301 2645 5361 τοῖς
2676 5299 2735 5351 δὲ
2763 5298 2945 5369 ὄχημα
2985 5300 3263 5372 γινομένη.
3295 5300 3469 5355 Τοῦτο
3512 5300 3603 5354 καὶ
3633 5302 3744 5356 ἐπὶ

2165 5387 2267 5455 τῆς
2312 5386 2657 5449 Βαϐυλωνίας
2695 5386 2922 5457 καμίνου
2967 5386 3067 5440 ίδοι
3104 5405 3187 5452 τις
3238 5386 3325 5443 ἀν.
3367 5389 3478 5443 Καὶ
3522 5390 3625 5459 γάρ
3665 5390 3742 5443 τὸ

2164 5474 2296 5547 πῦρ,
2323 5473 2383 5527 τὺ
2413 5474 2599 5538 ἁπλῶς
2629 5475 2724 5528 καὶ
2756 5473 2833 5538 ὡς
2860 5473 3019 5545 ἔτυχε
3054 5476 3373 5547 φερόμενον,
3415 5476 3611 5546 πολλὴν
3639 5476 3743 5528 εὑ-

2162 5562 2353 5629 ταξίαν
2382 5561 2745 5626 ἐπεδείκνυτο,
2775 5563 2866 5615 ὅτε
2892 5562 2921 5614 6
2948 5561 3083 5625 Θεὸς
3110 5562 3360 5628 ἐπέταξε,
3387 5562 3480 5628 οὓς
3513 5564 3609 5633 μὲν
3638 5561 3740 5615 εν·-

2161 5645 2251 5700 δον
2279 5642 2393 5716 εἶχε
2437 5644 2720 5709 διασῶξον,
2762 5646 2888 5710 τοὺς
2923 5645 2979 5699 δὲ
3012 5646 3208 5711 ἔξωθεν
3259 5646 3744 5720 περικαθημένους

2223 5814 2250 5879 _'
2274 5814 2397 5879 Beir-
2417 5817 2569 5879 ιστᾷν-
2674 5843 2679 5846 ο

2222 5873 2252 5916 ιο
2275 5873 2395 5940 Καὶ.
2419 5873 2589 5935 αὐτοὺς
2608 5876 2931 5928 κατατάττειν.
