4112 6342
349 407 462 462 ως

351 533 535 578 orbem
589 527 748 574 teme
799 515 1029 581 vicerit,
1077 527 1236 584 quam
1283 511 1500 582 gerebat
1546 523 1728 564 curam
1775 505 1928 561 factis

351 613 674 671 ostendens?
702 612 814 666 Hoc
839 624 967 680 ergo
997 609 1235 663 Psalmus
1255 620 1464 675 quoque
1493 603 1579 658 hic
1604 601 1926 671 signiﬁcans,

354 707 564 762 dicebat
591 721 605 760 :
635 703 701 757 In
734 704 868 756 exitu
899 699 1063 754 Israel
1101 700 1162 752 de
1188 695 1446 768 Egypto,
1475 695 1654 748 domus
1681 691 1840 745 Iacob
1866 691 1929 744 de

353 798 542 872 papula
567 795 800 860 barbaro,
830 795 966 862 facta
993 801 1066 846 est
1094 789 1278 843 Iudam
1305 787 1638 854 sanctiﬁcatio
1664 785 1790 854 ejus.
1816 783 1928 836 Hoc

349 899 464 954 est,
489 889 542 942 in
575 887 748 952 exitu,
777 885 831 938 in
862 897 1074 937 recessu
1096 924 1109 945 ,
1142 881 1192 934 in
1232 879 1542 933 liberatione
1575 876 1643 929 ab
1672 875 1922 944 Egypto.

350 981 462 1036 Non
492 980 626 1034 dixit
665 987 840 1033 autem
871 977 1041 1030 solum
1074 975 1147 1028 De
1177 973 1438 1044 .Egypto,
1467 971 1558 1025 sed
1581 969 1775 1040 adjecit
1805 988 1818 1024 :
1845 968 1928 1024 De

349 1071 538 1144 populo
559 1069 769 1124 barbaro
789 1085 810 1123 :
823 1069 1036 1124 nomine
1055 1065 1282 1120 hostium
1301 1064 1393 1117 Dei
1415 1078 1595 1117 curam
1616 1059 1922 1115 ostendens.

349 1164 430 1218 Ab
457 1163 559 1216 illis
589 1163 728 1215 enim
763 1158 1064 1214 crudelibus
1092 1166 1147 1211 et
1183 1155 1499 1211 immanibus
1525 1152 1791 1225 Egyptiis
1816 1168 1923 1207 non

352 1241 650 1324 potuissent
676 1251 914 1314 liberari,
947 1249 1045 1303 nisi
1091 1247 1400 1302 habuissent
1428 1260 1642 1300 manum
1688 1243 1879 1299 fortem
1904 1285 1920 1308 ,

349 1357 403 1401 et
429 1346 703 1401 dexteram
725 1341 1202 1413 inexpugnabilem.
1231 1340 1400 1394 Erant
1423 1340 1564 1393 enim
1590 1337 1718 1392 feris
1737 1337 1924 1392 saevio-

349 1457 456 1505 res,
479 1447 533 1494 et
557 1439 722 1507 petris
741 1436 984 1490 duriores
1014 1449 1029 1488 :
1060 1434 1148 1503 qui
1167 1449 1285 1487 cum
1305 1441 1380 1486 tot
1399 1432 1698 1500 acciperent
1716 1430 1920 1500 plagas,

352 1532 568 1585 minime
591 1528 865 1583 cederent.
894 1525 1184 1594 Postquam
1212 1539 1339 1594 ergo
1365 1523 1496 1577 dixit
1520 1521 1775 1591 pepulum
1797 1521 1922 1575 bar-

350 1622 558 1687 barum,
589 1620 835 1684 ostendit,
855 1633 1012 1688 quam
1037 1631 1228 1687 magna
1255 1627 1399 1671 esset
1419 1615 1511 1670 Dei
1538 1615 1788 1685 potentia,
1805 1630 1925 1684 quae

350 1715 482 1770 adeo
512 1713 791 1768 barbarum
814 1751 828 1774 ,
858 1710 991 1765 adeo
1011 1709 1285 1764 efferatum
1311 1707 1588 1779 hominem
1620 1722 1762 1761 nunc
1804 1707 1922 1775 qui-

357 1805 478 1859 dem
509 1802 791 1874 persuasit,
818 1804 960 1856 nunc
985 1815 1112 1855 vero
1138 1800 1222 1853 vel
1258 1799 1479 1852 invitum
1521 1799 1694 1868 coegit
1736 1811 1934 1852 servos.

349 1896 637 1958 dimittere,
668 1903 723 1948 et
758 1891 1138 1949 contendentes
1167 1899 1350 1960 postea
1373 1889 1507 1944 mari
1537 1889 1736 1955 obruit,
1768 1897 1822 1944 et
1851 1889 1921 1941 ita

350 2005 503 2044 suum
528 1989 775 2058 populum
803 1985 1069 2041 liberavit.

420 2081 683 2148 Quomodo
713 2077 898 2132 ludam
935 2076 1266 2144 sanctiﬁcatio
1296 2074 1438 2140 Dei;
1481 2072 1730 2142 quomodo
1759 2071 1922 2126 Israel

346 2175 504 2246 ipsius
534 2181 769 2242 potestas.
793 2199 862 2211 —
883 2169 1018 2237 Quid
1065 2177 1150 2223 est
1185 2177 1383 2233 autem,
1409 2166 1573 2220 Facta
1616 2177 1688 2220 cst
1734 2164 1922 2219 Iudam

347 2266 675 2335 sanctiﬁcatio
701 2265 810 2334 ejus
831 2264 857 2317 ?
878 2261 931 2317 Id
953 2270 1056 2328 est,
1086 2261 1322 2332 Populus
1343 2259 1393 2315 ei
1431 2260 1669 2314 serviens
1685 2301 1700 2325 ,
1725 2269 1780 2314 et
1799 2275 1919 2313 eum

346 2360 565 2413 colens:
595 2357 818 2426 populus
838 2355 888 2411 ei
917 2354 1156 2410 addictus
1176 2395 1192 2420 ,
1222 2353 1446 2423 populus
1489 2352 1537 2406 ei
1563 2353 1730 2407 factus
1757 2368 1934 2422 pecu-.

347 2451 512 2504 liaris.
533 2448 888 2504 Sanetiﬁcatio
903 2457 1077 2501 autem
1105 2447 1316 2517 proprie
1335 2445 1625 2511 dicebatur,
1641 2446 1918 2512 templum,

347 2543 537 2614 adyta,
567 2551 745 2596 sancta
778 2549 1107 2606 sanctorum,
1151 2537 1599 2608 quemadmodum
1633 2537 1920 2592 Zacharias

347 2648 555 2703 quoque
585 2631 870 2686 introducit
907 2630 1112 2699 aliquos
1137 2638 1416 2699 rogantes,
1440 2638 1492 2684 et
1517 2629 1752 2683 dicentes
1784 2645 1799 2682 :
1829 2627 1920 2680 lu-

345 2743 514 2798 gressa
524 2736 595 2780 est
611 2727 706 2779 Ituc
723 2726 1074 2794 sanctiﬁcatio,
1097 2740 1162 2777 an
1173 2723 1518 2793 jejunabimus
1536 2723 1552 2753 ί
1571 2722 1748 2796 (Zac/t.
1770 2723 1820 2776 7.
1835 2722 1919 2792 5)?

345 2819 412 2874 de
436 2819 610 2874 reditu
644 2833 782 2874 arcte
809 2827 863 2872 et
889 2817 1111 2871 aliorum
1141 2816 1378 2872 omnium
1405 2816 1725 2886 signiﬁcans.
1755 2815 1917 2869 Facta

345 2920 415 2965 est
458 2911 645 2965 Judtea
693 2909 1024 2979 sanctiﬁcatio
1061 2909 1170 2978 eius
1197 2925 1217 2963 :
1248 2918 1362 2964 erat
1403 2909 1543 2963 enim
1587 2917 1740 2963 antea
1772 2910 1916 2978 regio

347 3004 546 3073 impura
577 3013 630 3058 et
652 3003 998 3070 exsecranda,
1027 3003 1122 3059 sed
1143 3001 1428 3072 postquam
1455 3017 1704 3056 reversus
1727 3012 1806 3056 est
1825 3019 1920 3071 po.

347 3096 518 3165 pulus,
549 3095 685 3150 facta
731 3104 816 3150 est
863 3094 1049 3150 civitas
1096 3094 1444 3149 sanctiﬁcatio
1495 3093 1611 3162 ejus
1642 3115 1655 3150 :
1687 3094 1788 3149 hoc
1811 3105 1910 3159 est,

347 3185 640 3240 introducta
662 3194 744 3240 est
767 3183 1112 3239 sanctiﬁcatio
1137 3199 1232 3253 per
1250 3183 1672 3238 observationem
1689 3183 1794 3256 (a),
1822 3200 1916 3253 per

345 3277 618 3341 sacriﬁcia,
645 3292 739 3347 per
759 3276 957 3331 cultum
981 3317 997 3341 ,
1027 3276 1266 3345 aliosque
1301 3275 1436 3329 ritus
1469 3284 1524 3330 et
1563 3277 1910 3330 ceremonias.

345 3367 509 3422 Israel
539 3378 758 3439 potestas
799 3369 927 3439 ejus.
956 3367 1092 3434 Quid
1140 3376 1241 3432 est,
1283 3366 1448 3421 Israel
1497 3377 1714 3436 potestas
1760 3369 1867 3438 ejus
1891 3369 1918 3422 ἵ

343 3461 450 3516 Sub
477 3461 594 3529 ejus
621 3461 842 3530 imperio
862 3502 878 3527 ,
921 3460 1109 3531 inquit.
1149 3460 1306 3530 Atqui
1333 3461 1612 3514 universus
1633 3459 1779 3516 orbis
1807 3469 1916 3516 ter-

344 3567 416 3606 ra:
439 3550 554 3621 ejus
585 3551 808 3620 imperio
836 3551 1070 3618 suberat,
1105 3550 1196 3632 sed
1225 3550 1278 3604 hi
1307 3550 1464 3606 etiam
1495 3552 1742 3620 amplius,
1771 3551 1910 3622 quod

342 3661 433 3700 eos
465 3645 686 3700 haberet
725 3645 968 3714 proprios
1017 3653 1070 3698 et
1111 3642 1398 3699 familiares
1439 3661 1454 3699 :
1485 3644 1911 3715 quandoquidem

341 3747 395 3792 et
426 3737 731 3806 prolihetias
760 3735 1137 3805 suscipiebant,
1169 3745 1359 3791 etcum
1385 3735 1468 3790 eis
1483 3735 1786 3791 disserebat
1810 3777 1826 3803 ,
1857 3745 1912 3790 et

342 3845 427 3884 res
449 3845 634 3885 eorum
658 3829 881 3898 amplius
901 3828 1321 3883 administrabat.
1352 3828 1650 3894 Quinetiam
1672 3828 1778 3884 alio
1799 3844 1914 3883 mo-

340 3921 408 3978 do
445 3921 740 3991 appellatur
769 3920 883 3990 ejus
911 3921 1154 3992 populus.
1183 3920 1328 3976 Illius
1358 3922 1500 3976 enim
1528 3931 1658 3976 nutu
1681 3937 1825 3992 saepe
1860 3935 1915 3978 et

339 4014 408 4069 ad
432 4014 626 4069 bellum
657 4014 1032 4084 procedebant,
1058 4022 1112 4068 et
1139 4015 1300 4069 multa
1323 4015 1424 4069 alia
1450 4015 1910 4071 administrabant.

340 4104 470 4160 Cum
514 4119 609 4159 eos
651 4106 794 4160 enim
835 4120 866 4159 a
897 4106 1188 4160 barbaricis
1229 4105 1492 4172 manibus,
1526 4107 1829 4178 tyrannide,
1858 4116 1913 4162 et

341 4197 594 4251 servitute
614 4238 630 4262 ,
653 4205 709 4252 et
737 4205 976 4252 extremo
1019 4195 1273 4266 periculo,
1299 4205 1353 4250 et
1377 4206 1555 4252 mente
1585 4198 1743 4266 impia
1774 4198 1912 4253 libe-

339 4297 528 4354 rasset,
555 4288 663 4344 Rex
689 4303 872 4341 eorum
913 4287 1080 4342 factus
1124 4295 1224 4342 est.
1258 4287 1366 4342 Hoc
1407 4288 1580 4358 ipsum
1604 4291 1763 4343 etiam
1787 4291 1910 4344 alibi

339 4395 487 4434 suam
515 4395 728 4434 causam
760 4394 920 4447 agens
943 4420 958 4443 ,
986 4387 1043 4434 et
1078 4379 1365 4434 ostendens
1409 4396 1467 4435 se
1495 4396 1610 4450 quae
1633 4396 1726 4436 sua
1759 4390 1913 4436 erant

341 4471 564 4539 primum
597 4471 926 4538 praestitisse,
957 4486 1075 4540 quas
1098 4470 1304 4524 illorum
1335 4480 1510 4525 autem
1532 4481 1701 4538 erant,
1731 4473 1910 4542 requi-

339 4577 477 4624 rere,
501 4561 709 4616 dicebat
746 4577 760 4613 :
800 4559 1062 4628 Numquid
1082 4561 1301 4615 solitudo
1318 4564 1396 4633 fui
1425 4563 1598 4617 domui
1623 4563 1804 4629 Israel,
1838 4566 1914 4619 vel

341 4660 471 4704 terra
494 4650 834 4719 incultaUer.
864 4649 921 4706 2.
946 4651 1036 4717 51)
1057 4653 1080 4705 ?
1104 4652 1255 4720 Quod
1284 4662 1459 4707 autem
1481 4654 1626 4716 dicit,
1656 4664 1737 4710 est
1763 4656 1908 4724 ejus-

340 4741 481 4795 modi
511 4759 524 4794 :
555 4740 690 4795 Num
734 4741 807 4796 fui
850 4742 1002 4797 vobis
1031 4743 1268 4798 inutilis?
1292 4759 1468 4799 annon
1499 4745 1770 4801 innumera
1818 4749 1913 4802 bo-

342 4847 408 4886 na
437 4832 491 4886 in
527 4846 621 4885 vos
657 4832 892 4887 contuli?
947 4848 1122 4888 annon
1170 4834 1337 4904 ipsam
1390 4845 1628 4890 naturam
1674 4841 1913 4892 mutavi?

342 4939 517 4976 annon
565 4924 826 4978 elementa
848 4933 906 4979 ut
928 4925 1076 4979 vobis
1105 4929 1368 4983 servirent
1391 4929 1707 4998 composui?
1732 4946 1908 4984 annon

339 5011 458 5067 dedi
489 5013 640 5067 vobis
691 5013 851 5069 vitam
910 5015 977 5070 ab
1028 5014 1276 5071 humanis
1324 5017 1593 5073 laboribus
1637 5021 1901 5075 liberam?

341 5101 628 5172 PrOpterea
664 5103 796 5159 dixit
827 5123 842 5159 :
867 5103 1008 5160 Num
1029 5107 1250 5162 solitudo
1270 5108 1346 5176 fui
1369 5110 1538 5164 domui
1568 5110 1776 5168 Israel?
1802 5115 1912 5170 Hoc

343 5204 441 5255 est,
470 5196 657 5248 Annuit
682 5195 878 5251 fructus
911 5197 1007 5250 tuli
1033 5198 1482 5256 innumerabiles?
1511 5203 1809 5258 libertatem
1841 5205 1909 5259 ab

348 5283 594 5354 ZEgypto,
626 5285 991 5342 liberationem
1017 5288 1385 5356 barbarorum,
1417 5295 1775 5348 ostensionem
1808 5297 1909 5348 mi-

345 5376 666 5442 raculorum,
695 5378 855 5432 vitam
875 5379 926 5432 in
957 5377 1190 5446 deserto,
1223 5380 1569 5439 hereditatem
1591 5385 1907 5454 Palmstinm,

404 5516 679 5591 *_Haec_,_9n
700 5517 1027 5591 jejunabirnus
1069 5525 1126 5584 (ἢ
1159 5525 1526 5591 νῃστερσομεν),
1569 5541 1667 5578 non
1708 5538 1822 5581 sunt
1857 5531 1908 5582 in

341 5582 483 5626 textu
508 5577 646 5638 LXX,
673 5577 836 5643 neque
856 5584 904 5630 in
934 5577 1157 5644 Hebraeo,
1181 5577 1272 5635 hoc
1297 5577 1418 5637 loco.

400 5649 472 5723 (α)
500 5647 567 5723 In!
590 5651 770 5722 Graeco,
811 5658 958 5723 stay;
983 5664 1187 5723 ιτεςκειιᾳς,
1212 5666 1298 5716 per
1316 5653 1666 5723 inspectionem,
1694 5667 1794 5711 aut.
1823 5673 1909 5721 per

337 5708 718 5767 observationem,
743 5711 790 5758 in
816 5708 946 5761 cultu
971 5708 1248 5763 adhibitam.
1281 5718 1365 5765 Hic
1389 5708 1577 5766 videtur
1602 5708 1712 5768 esse
1735 5708 1910 5770 sensus

339 5770 540 5842 hujusce
567 5773 693 5842 vocis
717 5773 805 5820 hoc
828 5771 946 5842 loco.
991 5773 1126 5825 Multa
1167 5778 1294 5826 enim
1339 5779 1629 5841 inspicienda
1669 5783 1909 5832 etobser-

346 5833 489 5884 vetula
516 5834 716 5883 erantin
740 5844 895 5885 veteri
917 5835 1050 5898 lege.

1433 390 1798 449 EXPOSlTiO
1837 388 1900 444 lN
1939 388 2257 447 PSA'LMUM
2295 392 2474 450 CXIII.

3513 401 3620 456 506

2041 507 2424 576 subjectionem
2465 511 2723 581 gentium,
2744 516 2996 573 continua
3031 525 3265 588 trOpma,
3305 517 3616 590 frequentes

2035 601 2302 666 victorias,
2347 602 2599 658 miracula
2657 605 3007 673 incredibilia,
3053 610 3302 664 continua
3350 611 3614 680 prodigia,

2037 701 2194 748 terra}
2219 694 2564 762 fertilitatem,
2588 702 2800 768 generis
2823 705 2984 756 vestri
3027 705 3408 760 incrementum
3430 751 3445 771 ,
3468 721 3609 769 eam,

2034 801 2153 855 qua:
2183 788 2488 843 universum
2516 801 2774 845 terrarum
2805 795 2990 849 orbem
3032 799 3303 864 pervadit,
3353 798 3610 866 gloriam,

2033 880 2136 934 alia
2165 883 2478 938 innumera?
2505 883 2690 939 Vidisti
2709 885 2912 942 fruetus
2935 889 3064 942 Dei?
3086 889 3146 943 Et
3170 890 3287 943 ideo
3303 891 3598 959 subjunxit:

2034 970 2298 1042 Numquid
2321 976 2399 1044 [ui
2417 985 2550 1030 terra
2567 977 2758 1031 inculta
2778 981 2804 1032 ?
2825 979 2935 1032 Hoc
2959 989 3061 1044 est,
3085 984 3275 1034 Annon
3303 983 3609 1036 innumera-

2031 1065 2166 1120 biles
2195 1065 2396 1122 fruetus
2423 1084 2450 1122 a
2482 1084 2568 1124 me
2598 1069 2980 1139 decerpsistis?
3005 1087 3180 1126 annon
3229 1072 3473 1127 benedixi
3527 1074 3613 1126 in-

2033 1159 2244 1212 troitum
2273 1168 2326 1212 et
2353 1160 2553 1214 exitum
2585 1171 2818 1216 vestrum
2838 1203 2854 1228 ,
2882 1177 3069 1232 greges
3089 1175 3296 1218 veStros
3317 1175 3368 1218 et
3390 1180 3607 1218 armen-

2031 1258 2082 1304 ta
2105 1260 2300 1314 vestra,
2321 1267 2506 1320 panem
2528 1263 2784 1318 vestrum,
2814 1263 2868 1308 et
2919 1270 3110 1324 aquam
3141 1256 3407 1309 vestram?
3434 1271 3610 1310 antron

2029 1341 2085 1396 in
2139 1350 2250 1397 tuto
2300 1342 2590 1397 collocavi?
2643 1360 2820 1398 annon
2863 1344 2960 1399 feci
3019 1356 3077 1400 ut
3127 1345 3316 1401 es‘setis
3364 1347 3612 1401 omnibus

2029 1433 2484 1502 inexpugnabiles,
2509 1436 2688 1489 invicti
2715 1445 2770 1490 et
2797 1437 3102 1491 terribiles?
3126 1453 3304 1492 annon
3328 1447 3600 1509 tamquam

2029 1539 2095 1578 ex
2121 1523 2352 1579 fontibus
2373 1526 2547 1580 omnia
2583 1527 2732 1580 vobis
2759 1542 2792 1581 e
2819 1527 2950 1581 cmlo
2974 1537 3029 1581 et
3065 1537 3256 1582 eterra
3287 1529 3611 1582 manabant?

2031 1617 2139 1672 Hoc
2167 1619 2308 1672 enim
2334 1619 2561 1673 maxime
2600 1619 2832 1672 ostendit
2865 1619 3157 1689 principem
3178 1660 3194 1684 ,
3219 1621 3360 1688 quod
3410 1622 3616 1675 scilicet

2026 1724 2246 1764 auorum
2275 1727 2456 1765 curam
2486 1720 2664 1781 gerat,
2686 1713 2870 1781 eisque
2898 1714 3180 1781 provideat
3203 1729 3266 1768 ac
3295 1715 3616 1783 proSpiciat..

2097 1803 2152 1859 2.
2194 1804 2259 1858 Ει
2303 1804 2422 1859 ideo
2470 1805 2678 1860 dicebat
2715 1805 2978 1868 Christus,
3027 1804 3216 1860 Pastor
3267 1809 3444 1873 bonus,
3499 1823 3610 1862 non

2027 1893 2180 1961 dixit,
2213 1895 2500 1950 honoratur
2527 1905 2578 1950 et
2604 1899 2814 1960 colitur,
2860 1896 2956 1950 sed
2999 1898 3218 1950 animam
3268 1913 3411 1950 suam
3459 1899 3601 1965 ponit

2027 2002 2120 2056 pro
2161 1987 2335 2039 ovibus
2381 1987 2486 2040 suis
2535 1985 2739 2058 (Joan.
2764 1987 2850 2042 10.
2882 1989 2941 2042 Η
2971 1987 3012 2057 ).
3065 1987 3178 2042 lloc
3222 1999 3302 2042 est
3345 1988 3615 2058 principa-

2027 2086 2132 2138 tus.
2176 2079 2276 2133 hoc
2322 2089 2404 2132 est
2468 2077 2714 2148 pascendi
2769 2080 3010 2144 scientia,
3059 2093 3151 2132 sua
3219 2079 3504 2148 negligere,
3555 2087 3616 2132 et

2026 2186 2209 2226 eorum
2275 2186 2408 2241 quos
2463 2172 2595 2240 regit
2643 2185 2823 2225 curam
2881 2186 3088 2241 gerere.
3135 2172 3285 2236 Quod
3331 2181 3415 2226 est
3466 2172 3610 2226 enim

2027 2262 2283 2328 medicus,
2331 2262 2436 2318 hoc
2490 2273 2572 2318 est
2615 2265 2900 2334 princeps;
2928 2264 3010 2317 vel
3062 2263 3242 2333 potius
3290 2264 3407 2333 plus
3451 2279 3606 2334 quam

2025 2355 2281 2412 medicus.
2325 2355 2553 2410 Medicus
2574 2357 2713 2408 enim
2741 2367 2855 2410 arte
2880 2355 3101 2410 salutem
3125 2365 3428 2423 Comparat;
3459 2356 3604 2425 prin-

2024 2458 2154 2513 ceps
2207 2453 2383 2500 autem
2431 2445 2590 2500 etiam
2639 2446 2866 2516 prepriis
2920 2447 3185 2514 periculis.
3235 2445 3383 2511 Quod
3434 2447 3597 2499 etiam

2026 2533 2152 2590 fecit
2191 2536 2454 2601 Christus,
2500 2537 2665 2604 alapis
2715 2551 3018 2603 percussus,
3073 2536 3388 2599 crucifixus,
3415 2544 3468 2590 et
3504 2537 3605 2588 alia

2024 2630 2428 2684 innumerabilia
2490 2645 2794 2700 perpessus.
2863 2629 3120 2695 Quocirca
3187 2629 3396 2683 dicebat
3465 2628 3606 2682 Pau-

2022 2724 2104 2778 lus
2134 2743 2145 2777 :
2178 2724 2377 2778 Etenim
2422 2723 2646 2779 Christus
2694 2742 2794 2778 non
2830 2725 2924 2780 sibi
2969 2725 3158 2795 placuit
3190 2766 3203 2789 ,
3237 2725 3326 2779 sed
3361 2726 3603 2796 quemad-

2021 2815 2224 2870 modum
2274 2816 2514 2886 scriptum
2572 2826 2683 2881 est,
2720 2816 3004 2884 Opprobria
3063 2818 3468 2886 exprobrantium
3518 2818 3606 2870 tibi

2021 2907 2304 2964 ceciderunt
2355 2924 2508 2974 super
2552 2907 2676 2978 me(
2717 2909 2868 2962 Rom.
2901 2910 2986 2964 15.
3029 2911 3093 2975 ’5;
3126 2908 3271 2963 Psal.
3329 2909 3418 2964 68.
3469 2910 3536 2964 10

2021 2996 2137 3051 Duo
2163 3012 2309 3066 ergo,
2333 2998 2439 3051 imo
2489 3013 2615 3052 vero
2659 2999 2778 3061 tria,
2828 3008 2988 3068 atque
3031 2999 3166 3054 adeo
3188 2999 3600 3054 innumerabilia

2027 3087 2114 3143 hic
2141 3090 2289 3157 ponit
2317 3089 2591 3156 beneﬁcia,
2620 3090 2762 3160 quod
2813 3092 3069 3160 eripuerit
3094 3108 3122 3146 a
3151 3092 3413 3159 barbaris,
3457 3093 3617 3162 quod

2019 3179 2324 3234 liberaverit
2349 3181 2416 3234 ab
2441 3182 2609 3236 aliena
2633 3193 2792 3248 terra,
2815 3183 2957 3252 quod
2991 3185 3249 3237 exemerit
3266 3198 3296 3236 a
3317 3185 3592 3246 servitute,

2019 3274 2160 3341 quod
2211 3271 2479 3327 laboribus
2523 3280 2580 3327 et
2632 3272 3010 3328 afﬂictionibus
3059 3275 3214 3328 linem
3267 3275 3599 3344 imposuerit,

2017 3361 2159 3431 quod
2187 3361 2461 3416 innumera
2506 3364 2688 3417 fecerit
2734 3363 2987 3418 miracula
3021 3385 3036 3420 :
3068 3363 3260 3418 deinde
3311 3366 3452 3435 quod
3503 3381 3599 3420 eos

2017 3452 2179 3508 etiam
2227 3468 2346 3508 esse
2395 3454 2620 3508 voluerit
2674 3455 2792 3524 ejus
2841 3454 3336 3522 sanctiﬁcationem,
3383 3466 3438 3511 et
3483 3458 3600 3526 ejus

2018 3559 2136 3599 esse
2160 3545 2303 3599 dicto
2328 3544 2656 3600 obedientes.
2698 3545 2831 3600 Nam
2871 3547 2971 3600 hoc
2997 3561 3211 3617 quoque
3233 3563 3337 3601 non
3371 3555 3454 3602 est
3483 3563 3602 3616 par-

2018 3651 2140 3691 vum
2188 3651 2355 3706 genus
2384 3635 2647 3702 beneﬁcii,
2668 3637 2866 3692 referre
2887 3652 2979 3692 eos
3010 3639 3063 3692 in
3098 3653 3372 3692 numerum
3388 3653 3600 3706 eorum,

2016 3730 2106 3800 qui
2134 3737 2258 3784 sunt
2285 3729 2384 3784 sub
2409 3729 2522 3798 ejus
2548 3729 2769 3784 ditione.
2795 3730 2848 3784 5.
2881 3729 3024 3784 Μαι-ε
3047 3731 3188 3794 vidit,
3220 3738 3266 3783 et
3291 3730 3419 3802 fugit
3441 3745 3463 3793 ;
3482 3727 3580 3782 .ior

2016 3822 2163 3875 danis
2190 3837 2455 3876 conversus
2476 3832 2547 3875 est
2567 3832 2862 3876 retrorsum.
2893 3821 3025 3876 Vide
3075 3822 3370 3876 orationem
3424 3835 3596 3890 exag-

2017 3922 2274 3984 geratam,
2310 3921 2365 3966 et
2392 3914 2766 3982 ampliﬁcatum
2795 3913 3132 3968 beneﬁcium.
3159 3913 3294 3981 Quid
3315 3912 3479 3977 enim,
3512 3913 3564 3967 in
3591 3942 3599 3951 -

2015 4005 2150 4075 quit,
2179 4005 2457 4059 dicendum
2504 4003 2676 4058 estde
2715 4004 2953 4058 barbaris
2994 4014 3048 4056 et
3070 4004 3336 4072 gentibus,
3381 4001 3597 4072 quando

2016 4097 2176 4151 cessit
2199 4096 2357 4150 etiam
2385 4105 2646 4160 creatura,
2672 4105 2724 4148 et
2746 4095 2917 4150 locum
2949 4094 3112 4160 dedit,
3140 4103 3194 4149 et
3217 4109 3476 4149 conversa
3508 4103 3592 4149 est

2016 4189 2080 4244 ad
2101 4191 2387 4256 contraria,
2415 4188 2702 4257 reSpiciens
2753 4187 2820 4241 ad
2869 4187 3260 4256 imperatorem,
3305 4195 3360 4240 et
3399 4185 3597 4241 cedens

2017 4281 2134 4336 duci
2163 4281 2338 4350 populi
2361 4282 2378 4334 '!
2404 4280 2529 4336 [Luc
2553 4280 2694 4334 cutim
2711 4279 2888 4333 ontnia
2912 4289 3034 4332 tunc
3057 4279 3370 4332 eveniebant
3392 4278 3591 4346 populo

2018 4371 2381 4434 Hebraeorum,
2416 4379 2470 4424 ut
2521 4369 2715 4423 scirent
2769 4383 2871 4423 non
2924 4367 3085 4422 fuisse
3133 4367 3375 4420 humana:
3401 4382 3596 4420 conse-

2016 4462 2244 4532 quentia:
2285 4477 2345 4516 ea
2387 4477 2504 4529 qure
2526 4459 2862 4524 eveniebant,
2891 4458 2984 4512 sed
3017 4459 3192 4511 omnia
3239 4455 3402 4511 fuisse
3430 4455 3598 4510 mira-

2017 4555 2140 4609 bilia
2170 4569 2330 4620 opera
2361 4553 2550 4606 divina:
2577 4561 2632 4608 et
2661 4551 2939 4605 inefl‘abilis
2966 4551 3233 4620 potentim.
3258 4549 3390 4604 Vide
3416 4559 3595 4604 autem

2015 4647 2308 4718 emphasim
2337 4645 2602 4711 dictionis,
2631 4654 2685 4699 et
2711 4660 2866 4714 quam
2897 4645 2965 4698 sit
2997 4643 3196 4712 Optime
3238 4643 3426 4710 posita.
3472 4643 3589 4696 Non

2015 4743 2147 4796 dixit
2175 4743 2338 4805 enim,
2365 4739 2555 4801 Cessit,
2585 4750 2692 4801 aut,
2726 4737 2972 4792 Substitit
2997 4755 3010 4791 :
3039 4737 3131 4791 sed
3161 4736 3491 4806 quid‘HIare
3513 4738 3593 4790 si-

2015 4834 2110 4900 dit,
2139 4844 2183 4889 et
2209 4834 2338 4904 fugit
2362 4848 2382 4886 :
2411 4846 2652 4886 recessus
2677 4831 3001 4884 celeritatem
3031 4829 3148 4899 fuga
3180 4829 3364 4884 volens
3405 4839 3595 4884 osten-

2015 4923 2162 4988 dere,
2212 4923 2624 4992 magnitudinem
2649 4922 3034 4988 admirationis,
3078 4931 3132 4975 et
3157 4921 3459 4976 facilitatem
3499 4921 3595 4976 Dei

2016 5017 2357 5087 operationis.

2089 5109 2341 5163 Miracula
2365 5125 2462 5163 non
2505 5118 2685 5163 temere
2716 5111 2873 5180 facta.
2895 5135 2969 5148 —-
2992 5107 3059 5162 Et
3085 5123 3152 5162 ne
3181 5108 3298 5178 quis
3324 5107 3594 5162 existimet

2017 5199 2120 5255 hoc
2145 5210 2291 5255 certo
2319 5201 2574 5269 temporis
2601 5200 2799 5254 ambitu
2825 5207 2915 5253 aut
2956 5201 3171 5254 fortuito
3197 5201 3473 5264 accidisse,
3524 5199 3595 5254 ab

2018 5293 2110 5346 illo
2155 5302 2392 5358 tempore
2440 5308 2544 5345 non
2584 5292 2813 5360 amplius
2859 5291 3052 5347 factum
3104 5301 3206 5358 est,
3255 5279 3350 5347 Sed
3402 5293 3589 5356 semel,

2016 5383 2228 5454 quando
2258 5385 2396 5438 Deus
2426 5383 2604 5453 jussit,
2633 5383 2791 5452 idque
2817 5386 2962 5438 varie
2991 5384 3042 5437 in
3073 5384 3297 5438 diversis
3325 5384 3589 5452 personis.

2015 5473 2252 5531 lnsolens
2273 5476 2412 5530 enim
2443 5474 2702 5530 undarum
2735 5476 2980 5545 impetus,
3011 5476 3172 5530 veluti
3217 5476 3508 5539 animatus,
3537 5486 3594 5532 et

2017 5567 2224 5623 ratione
2250 5566 2518 5636 praeditus,
2547 5567 2658 5622 Deo
2682 5567 2918 5636 iubente,
2949 5567 3046 5622 hos
3070 5567 3282 5636 quidem
3314 5568 3547 5621 servavit
3571 5609 3588 5633 ,

2016 5659 2135 5713 illos
2184 5675 2316 5715 vero
2366 5660 2595 5730 perdidit
2645 5659 2855 5728 (Exod.
2904 5659 3014 5731 ﬂ)
3045 5676 3060 5714 :
3091 5661 3210 5714 aliis
3252 5661 3590 5730 sepulcrum,

2015 5750 2133 5805 aliis
2163 5749 2259 5804 fuit
2296 5751 2612 5806 vehiculum.
2644 5751 2755 5805 lloc
2782 5750 2953 5819 ipsum
2981 5751 3139 5805 etiam
3167 5750 3356 5805 videtis
3382 5752 3434 5806 in
3485 5751 3592 5806 for-

2020 5855 2150 5902 nuce
2174 5841 2492 5913 Babylonica
2544 5842 2561 5912 (
2599 5839 2732 5895 Dan.
2764 5841 2801 5896 5
2828 5841 2864 5914 ).
2892 5840 3032 5912 Ignis
3059 5843 3202 5898 enim
3243 5845 3335 5916 qui
3385 5853 3588 5902 temore
