4112 6342
483 463 591 523 307

485 594 542 636 et
568 593 692 634 casu
723 575 1008 638 ferebatur,
1040 571 1460 628 moderationem
1487 580 1542 625 et
1563 579 1767 624 certum
1816 565 2059 619 ordinem

487 669 738 734 ostendit,
765 666 976 738 quando
1002 666 1141 720 Dens
1165 663 1434 734 praecepit,
1453 674 1548 715 eos
1569 659 1780 730 quidem
1803 657 1890 728 qui
1911 661 2065 710 erant

489 763 652 824 intus,
683 770 1042 822 conservans;
1070 769 1164 810 eos
1191 768 1319 808 vero
1344 752 1432 822 qui
1455 750 1584 806 foris
1613 749 1885 812 sedebant,
1914 746 2064 800 inva-

489 851 624 907 dens
643 859 697 906 et
719 862 1038 905 consumens
1059 843 1217 918 (Dan.
1238 845 1318 914 '5).
1346 842 1589 897 Iordanis
1600 855 1863 894 conversus
1886 846 1957 891 est
1985 853 2066 890 re-

489 951 724 996 trorsum.
744 939 929 994 Vidisti
957 946 1008 992 et
1037 938 1087 990 in
1105 935 1328 990 diversis
1359 932 1682 1002 temporibus
1706 930 1822 983 etiu
1841 929 2064 983 diversis

485 1031 618 1088 locis
639 1031 752 1086 ﬁeri
767 1027 1040 1084 miracula?
1054 1026 1121 1083 Ut
1148 1026 1288 1081 enim
1307 1025 1505 1080 scirent
1520 1023 1612 1077 Dei
1641 1021 1928 1091 potentiam
1950 1017 2064 1072 ubi-

487 1138 591 1193 que
603 1136 721 1177 esse
743 1131 1036 1180 ostensam.
1059 1130 1112 1173 et
1126 1117 1242 1172 loco
1259 1133 1364 1170 non
1379 1114 1624 1170 concludi
1654 1135 1666 1170 :
1690 1122 1744 1166 et
1768 1112 1818 1166 in
1842 1111 2063 1165 barbara

488 1213 724 1285 regione,
743 1222 793 1267 et
815 1213 865 1266 in
883 1211 1186 1277 solitudine,
1207 1219 1261 1265 et
1281 1209 1475 1280 ubique
1500 1207 1668 1262 adfuit
1684 1205 1885 1261 faciens
1900 1204 2064 1258 mira-

488 1307 626 1372 cuia,
648 1315 703 1361 et
729 1313 854 1360 tunc
878 1303 1090 1374 quidem
1120 1303 1170 1356 in
1184 1302 1338 1368 mari,
1364 1315 1506 1355 nunc
1522 1307 1699 1354 autem
1715 1299 1766 1352 in
1796 1297 1985 1360 ﬂuviis,
2012 1303 2067 1350 et

488 1405 615 1452 tunc
636 1395 849 1467 quidem
869 1394 967 1449 sub
987 1394 1150 1460 Mose,
1166 1401 1347 1462 postea
1375 1399 1553 1445 autem
1580 1391 1678 1444 sub
1702 1389 1859 1444 Jesu:
1882 1403 1945 1443 ac
1971 1402 2067 1456 per

488 1488 741 1544 miracula
771 1486 962 1555 ubique
983 1483 1492 1547 transmittebantur,
1529 1481 1914 1536 utnullosensu
1933 1492 2068 1548 pra:-

490 1579 652 1633 ditam
683 1585 936 1641 mentem,
968 1577 1262 1644 duramque
1289 1588 1439 1628 suam
1470 1569 1870 1641 intelligentiam
1900 1568 2066 1622 mira-

487 1671 620 1727 culis
642 1670 952 1734 emollitam,
971 1668 1233 1722 mitiorem
1251 1665 1533 1720 redderent
1555 1672 1609 1718 et
1633 1663 1800 1733 magis
1822 1662 2066 1716 idoneam

487 1761 554 1815 ad
575 1759 961 1830 suscipiendam
981 1757 1072 1813 Dei
1089 1756 1463 1826 cognitionem.
1487 1755 1542 1809 4.
1563 1753 1760 1808 Montes
1785 1751 2067 1806 multave-

487 1863 607 1906 runt
626 1861 678 1906 ut
692 1853 891 1917 arietes,
909 1859 951 1905 et
979 1848 1130 1904 colles
1156 1849 1286 1904 sicut
1313 1849 1433 1918 agni
1456 1848 1635 1900 ovium.
1659 1845 1754 1900 Hic
1779 1844 1932 1899 nobis
1957 1843 2066 1897 ori-

488 1951 575 1996 tur
611 1956 714 1997 non
747 1956 906 2012 parva
933 1940 1175 2010 quaestio.
1206 1939 1453 1993 Nonnulli
1490 1939 1630 1993 enim
1655 1937 1954 1992 dubitantes
1981 1936 2069 1990 di-

487 2042 651 2088 cunt:
682 2033 865 2088 Priora
886 2034 1097 2103 quidem
1116 2031 1251 2086 facta
1278 2047 1399 2086 esse
1427 2031 1655 2094 scimus;
1685 2031 1900 2086 historia
1927 2030 2066 2084 enim

490 2124 732 2188 tradidit,
758 2132 811 2180 et
830 2124 1056 2178 divisum
1084 2122 1246 2177 fuisse
1278 2124 1330 2176 in
1373 2124 1520 2178 exitu
1543 2136 1688 2176 mare
1713 2121 1948 2176 Rubrum
1966 2161 1982 2186 ,
2013 2128 2070 2176 et

487 2214 772 2271 Jordanem
797 2213 958 2270 fuisse
986 2224 1130 2269 retro
1154 2229 1489 2280 conversum,
1513 2213 1725 2285 quando
1745 2229 1865 2268 arca
1899 2224 2078 2272 trans-=

489 2308 581 2363 ivit
625 2325 640 2361 :
680 2306 974 2366 exsultasse
1011 2316 1190 2360 autem
1245 2316 1451 2360 montes
1491 2315 1547 2360 et
1581 2308 1782 2371 colles,
1811 2309 1912 2362 hoc
1941 2323 2068 2363 nus-

491 2415 649 2470 quam
677 2401 931 2469 scriptum
952 2413 1074 2454 esse
1098 2399 1357 2455 videmus.
1380 2399 1514 2468 Quid
1535 2399 1636 2455 hoc
1655 2417 1782 2470 ergo
1800 2402 1899 2455 sibi
1923 2402 2069 2456 vult?

491 2489 690 2544 Volens
719 2489 975 2560 propheta
1003 2489 1237 2543 laetitiam
1267 2498 1321 2545 et
1350 2491 1720 2546 miraculorum
1747 2492 2068 2562 magnitudi-

492 2594 613 2634 nem
642 2579 983 2650 hyperbolice
1007 2579 1315 2643 ostendere,
1348 2581 1428 2634 vel
1456 2581 1566 2650 ipsa
1596 2582 1881 2637 inanimata
1911 2583 2066 2638 indu-

491 2669 563 2724 cit
597 2667 790 2722 choros
831 2669 1214 2739 propemodum
1239 2670 1484 2725 ducentia
1511 2681 1566 2727 et
1592 2672 1885 2728 exsilientia
1904 2715 1919 2740 ,
1948 2689 2068 2744 qua:

490 2759 707 2830 quidem
745 2760 921 2816 solent
957 2761 1072 2815 ﬁeri
1107 2762 1173 2815 ab
1208 2762 1272 2815 iis
1310 2763 1400 2831 qui
1429 2763 1606 2817 lectitia
1631 2764 1952 2821 afﬁciuntur.
1989 2768 2068 2822 Eo

490 2866 620 2922 ergo
651 2861 855 2921 spectat
896 2852 1124 2922 adjectio
1164 2853 1305 2908 illius
1337 2855 1726 2923 similitudinis,
1764 2857 1832 2912 Ut
1852 2861 2066 2927 arietes,

493 2953 538 2998 ct
563 2952 618 2997 ut
645 2944 762 3014 agni
784 2945 968 2998 ovium.
998 2942 1089 2998 llla
1117 2945 1255 2999 enim
1277 2947 1523 3001 animalia
1549 2950 1761 3018 quando
1785 2951 2065 3020 laetantur,

493 3037 666 3092 solent
708 3035 930 3092 saltibus
975 3038 1258 3094 ostendere
1309 3039 1565 3095 laetitiam.
1611 3041 2068 3110 Quemadmodum

493 3144 622 3199 ergo
644 3130 778 3185 alius
804 3129 932 3185 dicit
957 3131 1008 3185 in
1039 3131 1426 3188 calamitatibus
1459 3135 1664 3190 vineam
1694 3146 1750 3192 et
1776 3139 1953 3192 vinum
1986 3139 2068 3194 Iu-

490 3220 670 3284 xisse,
711 3235 816 3275 non
856 3221 997 3290 quod
1035 3223 1155 3277 vitis
1185 3223 1358 3294 lugeat
1379 3224 1528 3296 (Isai.
1556 3225 1646 3281 24.
1676 3227 1730 3295 7)
1757 3245 1771 3281 :
1803 3231 2071 3299 quomodo

486 3313 636 3367 enim
658 3312 830 3383 lugeat
851 3315 973 3368 vitis
995 3316 1018 3368 ?
1037 3316 1130 3370 sed
1153 3316 1337 3372 volens
1357 3317 1613 3389 insignem
1639 3335 1919 3377 maerorem
1939 3337 2071 3379 ocu-

495 3402 561 3457 lis
604 3403 764 3458 veluti
805 3404 1097 3475 subjicere,
1137 3408 1296 3463 etiam
1340 3410 1452 3480 ipsa
1491 3412 1775 3468 inanimata
1797 3430 1917 3470 eum
1943 3430 2071 3471 sen-

492 3493 630 3548 sisse
667 3494 793 3549 dicit
836 3497 1176 3568 hyperbolice
1214 3517 1227 3551 :
1257 3501 1327 3554 ita
1355 3502 1440 3556 hic
1463 3503 1620 3558 etiam
1644 3506 1842 3560 inducit
1865 3519 2072 3562 creatu-

495 3599 609 3639 ram
634 3600 752 3640 esse
776 3586 971 3642 laetitiae
994 3592 1323 3661 participem,
1354 3604 1412 3648 ut
1437 3596 1740 3652 ostenderet
1763 3599 1935 3668 gaudii
1961 3615 2075 3655 ma-

495 3678 848 3746 gnitudinem.
908 3681 982 3736 lta
1034 3684 1192 3738 etiam
1255 3687 1486 3742 solemus
1547 3688 1767 3756 dicere,
1817 3707 1938 3762 qua:
1986 3693 2073 3749 hic

500 3778 623 3823 sunt
647 3769 766 3824 laeta
799 3771 1071 3840 evasisse,
1105 3777 1316 3843 quando
1342 3777 1509 3832 virum
1541 3777 1850 3836 honoratum
1876 3783 2074 3839 videri-

499 3875 616 3914 mus
633 3862 924 3918 accessisse
965 3879 981 3916 :
1024 3864 1309 3934 implevisti
1347 3868 1560 3923 domum
1607 3871 1785 3926 laetitia
1823 3890 1967 3930 :non
2005 3876 2076 3933 de

499 3951 788 4019 parietibus
813 3953 1084 4021 loquentes
1107 3997 1120 4019 ,
1153 3957 1244 4011 sed
1277 3959 1480 4028 insigne
1506 3963 1754 4031 gaudium
1782 3965 2074 4022 ostenden-

499 4051 602 4098 tes.
636 4043 690 4098 5.
725 4043 860 4110 Quid
887 4055 958 4100 est
985 4047 1106 4112 tibi,
1138 4065 1290 4112 mare,
1303 4051 1436 4120 quod
1465 4054 1666 4123 fugisti,
1695 4065 1741 4108 et
1771 4067 1854 4122 tu,
1886 4057 2077 4113 Jorda-

500 4138 610 4204 nis,
645 4139 764 4208 quia
788 4155 1050 4194 conversus
1079 4159 1129 4196 es
1189 4147 1500 4200 retrorsum?
1535 4148 1587 4201 6.
1627 4147 1824 4204 Montes
1851 4152 2078 4205 exsulta-

499 4233 590 4287 stis
626 4233 754 4286 sicut
791 4235 999 4296 arietes,
1038 4243 1085 4288 et
1121 4237 1271 4290 colles
1337 4239 1466 4291 sicut
1490 4242 1610 4308 agni
1633 4242 1841 4296 ovium?
1868 4243 1970 4298 Per
1993 4245 2077 4298 in-

504 4323 909 4391 terrogationem
955 4323 1158 4394 profert
1197 4327 1519 4394 orationem,
1561 4340 1614 4384 et
1649 4347 1767 4386 cum
1798 4334 2077 4390 elementis

504 4413 760 4482 loquitur,
805 4415 992 4470 eodem
1021 4431 1178 4471 sensu
1198 4458 1213 4482 ,
1241 4433 1346 4487 quo
1368 4434 1429 4472 ea
1459 4419 1591 4474 dixit
1614 4422 1848 4478 exsilire.
1877 4424 2078 4491 Quem.

503 4503 786 4559 admodum
817 4506 957 4559 enim
987 4522 1046 4560 ea
1074 4507 1313 4572 dicebat,
1344 4525 1448 4564 non
1474 4510 1551 4565 eis
1580 4526 1795 4567 sensum
1819 4516 2076 4586 tribuens,

502 4594 636 4658 sed,
680 4603 738 4649 ut
776 4593 882 4665 jam
919 4596 1059 4664 dixi,
1107 4599 1364 4669 insignem
1405 4601 1639 4656 lastitiam
1679 4606 1994 4673 ostendens,
2026 4619 2081 4665 ct

504 4701 682 4741 rerum
724 4696 991 4756 gestarum
1034 4691 1446 4760 magnitudinem
1480 4711 1493 4746 :
1524 4694 1596 4749 ita
1634 4696 1793 4751 etiam
1823 4699 1902 4754 eis
1924 4699 2080 4756 aﬁ‘ert

504 4779 969 4849 interrogationem
1001 4799 1014 4834 :
1045 4798 1148 4836 non
1181 4792 1238 4837 ut
1263 4800 1381 4855 quas
1410 4789 1734 4856 respondere
1765 4792 1998 4859 possint,
2026 4802 2083 4849 et

504 4884 719 4924 sensum
743 4870 996 4936 habeant,
1028 4873 1120 4927 sed
1148 4883 1203 4928 ut
1221 4875 1360 4944 quod
1381 4876 1574 4932 dicitur
1596 4879 1793 4934 efﬁciat
1815 4883 2072 4951 apertius,

503 4972 561 5015 et
602 4960 847 5016 ostendat
887 4977 1000 5018 rem
1043 4978 1161 5018 esse
1197 4964 1595 5036 admirabilem,
1623 4979 1676 5024 et
1700 4985 1954 5042 superare
1980 4973 2080 5030 ho-

505 5050 706 5105 miuum
733 5053 1057 5121 opinionem.

574 5144 626 5198 3.
671 5143 958 5214 Tamquam
1002 5153 1179 5202 autem
1220 5163 1307 5202 res
1351 5165 1484 5204 nova
1521 5149 1655 5206 facta
1681 5165 1859 5222 esset,
1885 5164 1942 5212 et
1972 5173 2084 5214 non

501 5251 570 5290 ex
606 5245 862 5291 consueta
903 5245 1102 5291 natura:
1139 5243 1516 5310 consequentia
1543 5244 1834 5311 evenisset,
1861 5247 2081 5316 subjun-

502 5327 576 5394 git
621 5326 1118 5397 interrogationem,
1150 5337 1203 5380 et
1222 5330 1400 5399 adjicit
1429 5334 1850 5402 responsionem.
1874 5335 2078 5404 Quam-

505 5416 673 5471 nam?
735 5421 777 5472 1.
831 5418 874 5471 Α
917 5419 1046 5486 [acie
1101 5417 1306 5472 Domini
1358 5431 1491 5474 mota
1541 5433 1612 5476 est
1660 5434 1826 5491 terra,
1876 5443 1908 5479 α
1951 5429 2084 5499 facie

505 5507 600 5563 Dei
644 5509 824 5564 Iacob.
873 5511 968 5567 Hic
999 5527 1181 5567 rursus
1223 5512 1350 5567 dicit
1377 5525 1575 5569 motum
1597 5557 1612 5584 ,
1651 5519 2034 5586 perculsioncm
2057 5561 2074 5590 ,

501 5601 937 5668 admirationem,
968 5614 1024 5658 ut
1047 5604 1292 5661 ostendat
1316 5620 1495 5661 rerum
1525 5617 1790 5678 gestarum
1815 5613 2077 5682 magnitua

499 5693 702 5748 dinem.

573 5777 712 5838 Deus
761 5784 922 5839 Jacob
947 5784 1196 5842 Dominus
1239 5804 1304 5843 ea:
1345 5790 1474 5845 servi
1523 5792 1722 5844 nomine
1771 5793 2076 5862 appellatus.

505 5900 577 5913 -—
593 5873 794 5941 Deinde
812 5886 1112 5936 monstrans
1135 5891 1332 5952 quanta
1358 5897 1445 5939 res
1471 5882 1541 5939 sit
1564 5884 1719 5940 unius
1747 5885 1843 5941 viri
1873 5885 2066 5955 virtus,

1245 459 1316 515 'S.
1359 454 1636 513 JOANNIS
1674 444 2141 506 CllRYSOSTOMl
2182 445 2495 502 ARCHIEP.
2535 444 3064 502 CONSTANTINOP.

3637 442 3744 501 τω

2164 575 2232 615 ex
2277 561 2417 616 servi
2457 563 2672 618 nomine
2713 563 3002 634 appellavit
3027 560 3326 616 Dominum.
3353 559 3506 627 Quod
3525 557 3741 630 quidem

2165 649 2361 704 Paulus
2402 666 2610 721 quoque
2645 653 2776 707 dicit
2802 654 2961 708 fuisse
2989 667 3087 722 pro
3110 652 3347 705 maximo
3379 653 3581 706 honore
3608 666 3743 705 eon-

2166 756 2376 796 cessum
2404 742 2509 796 illis
2535 744 2732 798 sanctis
2751 785 2764 809 ,
2796 744 3043 814 quoniam
3071 743 3220 797 liberi
3244 749 3396 796 erant
3414 741 3481 796 ab
3500 741 3745 796 omnibus

2165 847 2284 902 qua:
2311 832 2377 887 ad
2399 831 2533 888 hanc
2552 834 2708 888 vitam
2726 835 3076 903 pertinebant.
3093 833 3207 888 Non
3222 834 3392 887 solum
3413 831 3553 887 enim
3574 834 3746 901 posuit

2166 925 2310 980 illum
2338 925 2592 981 honorem
2613 966 2627 990 ,
2656 926 2750 981 sed
2781 927 2939 981 etiam
2959 927 3154 996 adjecit
3174 940 3388 979 causam
3418 925 3655 988 honoris,
3684 933 3746 977 ut

2165 1016 2459 1071 auditorem
2500 1017 2718 1072 doceret
2751 1018 2915 1081 viam,
2966 1032 3062 1086 per
3105 1031 3261 1086 quam
3303 1025 3481 1086 posset
3517 1017 3744 1085 primum

2166 1106 2308 1162 hunc
2349 1108 2521 1163 locum
2561 1110 2819 1163 oblinere.
2859 1107 3197 1174 Quemnam?
3241 1107 3310 1163 Ut
3351 1124 3419 1164 ex
3459 1123 3738 1162 servorum

2167 1199 2384 1252 nomine
2431 1199 2685 1252 Dominus
2723 1208 2962 1253 vocetur.
3011 1197 3267 1265 Quocirca
3312 1198 3519 1254 dicebat
3567 1197 3746 1251 :Pro—

2168 1299 2278 1360 pter
2310 1307 2462 1361 quam
2495 1307 2696 1343 causam
2723 1305 2822 1343 non
2849 1289 3088 1342 erubescit
3115 1288 3254 1343 Deus
3272 1329 3287 1355 ,
3311 1289 3446 1342 Deus
3471 1306 3640 1344 eorum
3660 1307 3748 1343 oo-

2166 1381 2274 1434 cari
2325 1379 2514 1450 (Hebr.
2569 1382 2655 1434 il.
2705 1379 2815 1451 16).
2862 1379 3138 1447 Quomodo
3192 1379 3553 1448 appellabatur
3608 1380 3746 1435 Deus

2167 1469 2447 1538 ipsorum?
2495 1470 2686 1525 Dicens
2732 1487 2746 1524 :
2794 1469 2904 1540 Ego
2948 1487 3061 1524 sum
3103 1469 3242 1523 Deus
3283 1469 3569 1536 Abraham,
3607 1469 3753 1524 Dent.

2167 1561 2352 1629 Isaac,
2400 1571 2446 1617 et
2485 1561 2620 1616 Deus
2657 1561 2814 1615 Iacob
2865 1561 3056 1632 (Exod.
3103 1564 3156 1617 5.
3197 1561 3275 1632 6).
3308 1562 3507 1616 Deinde
3536 1576 3738 1632 ponens

2169 1654 2328 1709 etiam
2373 1657 2617 1724 superius
2650 1670 2862 1710 causam
2892 1655 3010 1709 talis
3036 1657 3326 1709 vocationis
3346 1697 3360 1720 ,
3392 1655 3524 1710 dixit
3553 1673 3566 1711 :
3595 1655 3663 1709 Et
3697 1656 3748 1708 lii

2169 1762 2338 1800 omnes
2367 1747 2549 1800 mortui
2578 1756 2694 1801 sunt
2716 1788 2731 1810 ,
2760 1764 2861 1801 non
2893 1749 3109 1816 acceptis
3131 1748 3541 1817 promissionibus
3561 1790 3576 1814 ,
3601 1750 3688 1802 sed
3713 1767 3747 1802 ιι

2171 1840 2318 1910 longe
2356 1855 2442 1893 eas
2475 1840 2773 1907 aspicientes
2797 1850 2845 1894 et
2872 1841 3178 1907 salutantes,
3213 1851 3258 1893 et
3283 1842 3570 1907 conﬁtentes
3588 1881 3605 1906 ,
3631 1843 3747 1911 quia

2171 1932 2421 2002 peregrini
2444 1942 2561 1987 sunt
2580 1940 2628 1986 et
2638 1933 2858 2002 hospites
2878 1931 3058 2001 (Hebr.
3084 1934 3170 1988 ll.
3192 1934 3305 2006 15).
3327 1933 3452 1988 Haec
3468 1945 3546 1988 est
3567 1951 3742 1999 causa,

2171 2032 2226 2080 et
2267 2025 2386 2079 ideo
2430 2025 2699 2094 subjunxit
2725 2024 2980 2096 :PrOpter
3007 2031 3137 2080 hanc
3160 2043 3362 2081 causam
3388 2045 3487 2082 non
3510 2029 3749 2082 erubescit

2169 2116 2309 2172 Deus
2328 2119 2494 2171 vocari
2521 2116 2656 2171 Deus
2680 2135 2851 2172 eorum
2881 2117 3044 2188 (Ibid.
3070 2134 3117 2172 υ.
3149 2118 3258 2191 16).
3291 2119 3518 2189 Propter
3553 2123 3749 2191 quam?

2169 2211 2427 2277 Quoniam
2459 2211 2690 2266 confessi
2727 2222 2850 2268 sunt
2873 2228 2994 2270 esse
3019 2229 3076 2270 se
3107 2214 3341 2284 hospites
3365 2223 3419 2269 et
3445 2216 3750 2285 peregrinos

2171 2301 2331 2376 (Ibid.
2359 2319 2406 2356 υ.
2439 2304 2530 2373 15)
2549 2343 2564 2366 ,
2597 2311 2651 2358 et
2676 2304 2806 2358 nihil
2831 2304 3027 2359 habere
3067 2319 3350 2361 commune
3369 2321 3488 2362 cum
3509 2321 3747 2376 praesen-

2170 2395 2312 2450 tibus
2343 2413 2356 2450 :
2387 2395 2481 2451 sed
2519 2395 2742 2465 sejuncti
2780 2397 2848 2451 ab
2888 2397 2953 2451 iis
2981 2413 3098 2467 qua:
3130 2397 3195 2452 ad
3230 2397 3366 2454 hanc
3391 2399 3552 2453 vitam
3583 2401 3748 2470 perti-

2170 2496 2330 2552 nent,
2363 2489 2432 2543 ita
2476 2487 2734 2558 degebant
2777 2489 2828 2543 in
2867 2489 3040 2545 aliena
3088 2501 3248 2545 terra.
3289 2491 3340 2546 8.
3373 2491 3471 2558 Qui
3509 2493 3749 2547 convertit

2170 2589 2360 2650 petram
2387 2580 2440 2632 in
2464 2589 2641 2649 stagna
2657 2596 2934 2647 aquarum,
2962 2591 3008 2634 et
3030 2598 3205 2651 rupem
3229 2583 3282 2636 in
3302 2583 3462 2651 fontes
3481 2599 3748 2652 aquarum.

2166 2669 2497 2738 Quamnam,
2540 2686 2755 2740 quaeso,
2797 2672 3005 2726 veniam
3050 2683 3466 2744 consequentur,
3506 2676 3594 2745 qui
3622 2688 3748 2730 sunt

2167 2760 2322 2826 duri,
2352 2769 2406 2815 et
2449 2777 2553 2815 non
2599 2761 2748 2817 facile
2789 2763 3010 2828 cedunt,
3036 2778 3157 2819 cum
3197 2774 3249 2819 et
3291 2777 3438 2834 petra
3485 2774 3539 2821 et
3591 2783 3750 2836 rupes

2169 2866 2287 2920 quae
2316 2861 2398 2906 est
2424 2851 2555 2904 dura
2582 2863 2634 2906 et
2666 2853 2943 2921 resistens,
2965 2854 3120 2909 cedat
3143 2855 3312 2924 jussui
3341 2856 3565 2921 Domini,
3589 2857 3752 2911 homo

2171 2951 2376 3006 autem,
2420 2942 2510 3012 qui
2551 2951 2630 2997 est
2671 2944 2874 2998 ratione
2910 2954 3130 3000 ornatus
3153 2955 3209 3001 et
3235 2947 3480 3001 omnibus
3506 2963 3750 3002 mansuc-

2171 3034 2302 3098 tior,
2345 3033 2448 3088 illis
2473 3033 2660 3088 evadat
2685 3033 2905 3090 durior?
2932 3036 3136 3105 Rupem
3163 3036 3306 3092 enim
3337 3037 3422 3092 hic
3447 3037 3606 3104 dicit,
3633 3053 3750 3107 quae

2170 3125 2324 3181 facile
2348 3124 2492 3180 ferro
2511 3141 2616 3180 non
2645 3126 2818 3192 cedit,
2847 3127 2940 3182 sed
2969 3129 3056 3182 vix
3081 3129 3133 3182 in
3161 3128 3357 3184 vertice
3374 3129 3748 3199 confringitur.

2169 3215 2263 3272 Illa
2310 3228 2484 3271 tamen
2531 3219 2583 3271 in
2638 3218 2956 3272 contrariam
3000 3228 3241 3272 naturam
3293 3218 3505 3278 redacta
3547 3229 3666 3284 est,
3696 3229 3753 3273 et

2171 3309 2346 3366 fontes
2385 3324 2640 3380 aquarum
2689 3309 2884 3364 emisit.
2935 3309 3148 3365 Naturae
3188 3312 3332 3366 enim
3367 3309 3553 3380 Opifex
3579 3320 3754 3380 potest

2171 3402 2318 3472 ipsos
2356 3416 2568 3474 quoque
2605 3401 2895 3457 transferre
2930 3401 3218 3468 terminos,
3248 3413 3301 3457 et
3326 3419 3443 3472 quae
3469 3412 3591 3457 sunt
3617 3418 3751 3457 con-

2174 3494 2339 3549 traria
2377 3493 2664 3549 ostendere
2713 3511 2728 3547 :
2773 3494 2915 3564 quod
2941 3507 3310 3562 saepenumero
3336 3493 3463 3549 fecit
3491 3496 3542 3549 in
3573 3496 3754 3548 multis

2173 3585 2340 3652 locis,
2384 3583 2674 3639 ostendens
2713 3599 2773 3639 se
2814 3601 2938 3640 eum
2974 3600 3123 3650 esse,
3159 3588 3248 3655 qui
3273 3601 3337 3640 ex
3369 3586 3470 3652 iis,
3500 3602 3619 3656 qua:
3649 3603 3754 3641 non

2174 3685 2330 3740 sunt,
2377 3675 2503 3732 fecit
2545 3677 2744 3731 omnia.
2785 3677 3070 3747 Postquam
3110 3693 3236 3748 ergo
3261 3677 3395 3732 dixit
3417 3681 3629 3748 antiqua
3660 3681 3756 3734 be-

2175 3769 2406 3835 neﬁcia,
2455 3769 2738 3834 miracula,
2790 3769 3064 3840 prodigia,
3116 3769 3383 3840 quomodo
3431 3771 3672 3826 liberavit
3723 3785 3755 3825 a

2175 3860 2448 3916 barbarica
2491 3862 2779 3928 servitute,
2828 3862 3095 3931 quomodo
3112 3863 3390 3918 reduxitin
3421 3862 3751 3926 libertatem,

2177 3951 2443 4021 quomodo
2485 3953 2706 4006 mutavit
2741 3953 3036 4017 elementa,
3081 3964 3135 4009 et
3174 3954 3350 4009 omnia
3377 3955 3600 4025 replevit
3626 3955 3758 4009 lacti-

2179 4046 2248 4099 tia
2268 4087 2284 4112 ,
2331 4053 2482 4115 rogat
2517 4047 2676 4101 etiam
2707 4061 2806 4117 pro
2839 4047 3188 4115 praasentibus
3225 4057 3278 4101 et
3300 4046 3369 4101 ad
3397 4061 3518 4101 eum
3548 4056 3756 4116 portum

2177 4136 2430 4206 confugit.
2477 4135 2677 4191 Deinde
2715 4138 2966 4207 quoniam
3005 4137 3133 4192 illud
3171 4152 3382 4208 quoque
3411 4136 3604 4192 factum
3632 4146 3755 4204 est,

2180 4245 2284 4282 non
2318 4239 2532 4299 propter
2555 4230 2738 4284 merita
2769 4245 2952 4288 eorum
2979 4231 3066 4300 qui
3087 4229 3457 4285 afﬁciebantur
3475 4229 3754 4294 beneﬁcio,

2181 4322 2274 4376 sed
2313 4333 2528 4392 propter
2567 4322 2659 4378 Dei
2699 4319 3074 4396 benignitatem
3105 4333 3158 4376 et
3186 4324 3554 4390 clementiam,
3581 4331 3636 4378 et
3659 4337 3758 4377 no-

2181 4428 2304 4468 men
2335 4414 2450 4484 ejus
2479 4432 2494 4469 :
2523 4414 2659 4484 quod
2683 4413 2896 4484 quidem
2923 4413 3087 4468 dixit:
3119 4411 3186 4468 Ut
3215 4429 3315 4467 non
3343 4414 3633 4483 profanetur
3661 4430 3759 4467 no-

2182 4523 2295 4560 men
2338 4523 2504 4560 meum
2550 4505 2761 4577 (Ezech.
2799 4506 2889 4562 ΞΟ.
2922 4505 2976 4577 9)
3001 4547 3014 4570 ,
3045 4505 3138 4560 sed
3167 4506 3338 4560 sciant
3361 4521 3550 4562 omnes
3577 4521 3672 4576 per
3694 4521 3756 4559 ca

2182 4614 2302 4668 qua;
2345 4597 2484 4654 facta
2525 4608 2677 4663 sunt,
2724 4598 2840 4668 ejus
2875 4599 3120 4653 virtutem
3145 4607 3198 4652 et
3225 4597 3511 4667 potentiam
3532 4639 3550 4664 ,
3580 4605 3634 4652 et
3659 4596 3760 4650 hoc

2182 4691 2254 4744 sit
2281 4691 2494 4745 occasio
2513 4699 2566 4744 et
2583 4700 2949 4759 argumentum
2973 4690 3250 4754 doctrinae,
3280 4690 3415 4744 hanc
3435 4690 3591 4744 etiam
3617 4702 3760 4744 nunc

2182 4781 2338 4837 alfert
2375 4782 2670 4846 rationem,
2716 4781 2901 4837 dicens
2941 4800 2955 4836 :
2997 4782 3216 4835 Etiamsi
3259 4795 3358 4835 nos
3381 4781 3486 4835 vita
3509 4779 3754 4843 deﬁciat,

2183 4889 2282 4930 nec
2327 4872 2616 4928 habeamus
2655 4888 2723 4927 ex
2767 4873 2966 4931 nostris
3001 4883 3144 4928 recte
3188 4873 3337 4929 factis
3363 4872 3607 4928 ﬁduciam
3631 4909 3651 4939 ,
3677 4872 3758 4927 fac

2183 4973 2400 5034 propter
2442 4977 2632 5019 nomen
2677 4973 2860 5031 tuum,
2904 4964 3039 5018 sicut
3077 4964 3285 5018 dicebat
3324 4963 3518 5020 Moses.
3545 4964 3642 5019 Cui
3674 4963 3759 5018 he

2183 5072 2393 5127 quoque
2429 5056 2613 5111 dicens
2655 5068 3040 5123 consentanea,
3070 5057 3143 5110 ait
3174 5074 3188 5110 :
3217 5059 3271 5112 9.
3305 5056 3426 5114 Non
3453 5057 3622 5125 nobis,
3656 5057 3760 5110 Do-

2182 5149 2315 5202 mine
2333 5190 2348 5213 ,
2380 5165 2478 5202 non
2505 5148 2673 5212 nobis,
2702 5148 2791 5202 sed
2819 5148 3008 5202 nomini
3033 5157 3118 5200 tuo
3143 5152 3209 5200 da
3232 5149 3462 5217 gloriam.
3494 5146 3608 5202 Non
3637 5163 3759 5219 pro-

2182 5249 2302 5310 pter
2343 5255 2473 5306 nos,
2521 5241 2725 5310 inquit,
2770 5255 2941 5311 neque
2978 5251 3033 5294 ut
3079 5256 3175 5294 nos
3212 5241 3402 5296 reddas
3427 5242 3676 5296 clariores
3705 5251 3759 5295 et

2184 5333 2350 5402 magis
2389 5331 2622 5402 insignes
2642 5374 2654 5398 ,
2686 5331 2777 5385 sed
2805 5343 2860 5385 ut
2890 5333 3003 5402 ipse
3033 5332 3225 5402 ubique
3257 5342 3394 5386 luant
3426 5332 3617 5387 reddas
3647 5347 3758 5386 ma-

2187 5426 2428 5480 nifestam
2475 5424 2782 5493 potentiam.
2818 5424 3010 5477 Verum
3052 5424 3494 5493 quemadmodum
3524 5424 3637 5493 ejus
3663 5438 3759 5477 no-

2185 5534 2304 5572 men
2350 5518 2514 5587 gloria
2552 5526 2605 5570 et
2651 5517 2852 5572 honore
2893 5517 3152 5582 afﬁcitur,
3195 5518 3316 5571 dum
3345 5520 3458 5588 ipsc
3487 5518 3586 5574 fert
3609 5519 3760 5571 auxi-

2182 5608 2310 5662 lium
2361 5628 2372 5662 :
2418 5609 2486 5662 ita
2534 5625 2716 5663 rursus
2758 5608 2923 5678 gloria
2963 5624 3171 5679 quoque
3207 5609 3466 5671 afﬁcitur.
3507 5609 3630 5664 dum
3660 5623 3760 5662 nos

2182 5712 2327 5754 recte
2371 5707 2426 5754 et
2464 5715 2527 5752 ex
2574 5699 2767 5754 virtute
2815 5701 3070 5764 vivimus,
3109 5711 3162 5756 et
3208 5702 3476 5770 pra‘claris
3507 5701 3757 5755 institutis

2181 5793 2308 5846 claui
2348 5808 2548 5848 sumus.
2592 5791 2779 5847 Luceat
2851 5793 3022 5857 enim,
3064 5795 3258 5864 inquit,
3287 5794 3378 5848 lux
3405 5803 3561 5848 uestra
3587 5810 3759 5848 coram

2189 5887 2464 5944 ltontinibus
2486 5925 2504 5952 ,
2542 5894 2595 5938 ut
2633 5883 2830 5939 videant
2857 5901 3011 5955 opera
3036 5895 3192 5940 vestra
3217 5887 3346 5940 bona
3363 5928 3377 5954 ,
3408 5894 3455 5940 et
3478 5882 3759 5958 gloriﬁcatt
