4112 6342
489 350 598 409 ῑίιθ

489 464 794 530 δοξάσωσι
811 462 916 517 τὸν
939 462 1172 533 Πατέρα
1186 465 1371 534 ὑμῶν,
1394 466 1500 521 τὸν
1522 469 1592 522 ὲν
1616 470 1739 535 τοῖς
1758 466 2059 536 οὐρανοῖς.

494 552 705 621 Ὥσπερ
737 549 919 605 τοίνυν
955 550 1236 617 δοξάζεται
1256 554 1315 605 ὲν
1331 555 1499 625 ἀρετῇ
1517 555 1685 609 ὄντων
1714 555 1892 627 ἡμῶν,
1919 554 2063 608 οὕτω

491 639 657 692 πάλιν
706 637 1106 710 βλασφημεῖται
1154 641 1212 692 ἐν
1252 641 1421 711 κακίᾳ
1452 641 1857 712 διατριδόντων.
1892 640 2063 695 Τοῦτο

473 725 623 795 αγοῦν
650 727 745 780 καὶ
778 726 866 780 διὰ
888 727 983 780 τοῦ
1008 729 1284 799 προφήτου
1316 727 1514 799 δηλῶν,
1549 729 1700 799 ἔλεγε
1719 744 1735 759 ·
1774 728 1845 785 Τὸ
1873 728 2065 799 ὄνομά

486 831 607 882 μου
628 812 703 866 δι’
725 811 879 882 ὑμᾶς
909 812 1058 886 [297]
1081 813 1533 884 βλασφημεῖται
1555 815 1628 869 ἐν
1650 814 1774 882 τοῖς
1797 815 2059 871 ἔθνεσιν.

503 900 644 954 Ἀλλ’
661 901 848 971 ἐπειδὴ
873 900 1170 972 οὐδαμόθεν
1185 901 1452 972 ἑτέρωθεν
1472 902 1584 973 ἔχει
1604 904 1704 974 τὴν
1732 903 2061 974 συνηγορίαν

491 990 593 1060 τὴν
623 988 765 1060 ὑπὲρ
792 989 973 1041 αὐτῶν
1005 989 1354 1062 ποιήσασθαι,
1386 991 1478 1045 ἐπὶ
1508 990 1668 1045 τοῦτο
1705 991 2057 1062 καταφεύγει,

491 1075 741 1146 καθάπερ
770 1077 864 1130 καὶ
896 1077 1158 1148 Μωῦσῆς.

573 1206 718 1260 Ἀλλ’
740 1206 839 1260 οὐκ
865 1207 952 1261 ἀεὶ
980 1207 1112 1261 αὐτὸ
1142 1209 1331 1262 ποιεῖό
1360 1209 1513 1277 Θεὸς,
1541 1210 1640 1279 τῆς
1657 1209 1934 1283 σωτηρίας
1956 1227 2061 1282 κη·-

490 1294 715 1364 δόμενος
769 1295 878 1347 τῶν
922 1292 1244 1365 ἀνθρώπων.
1292 1296 1353 1350 Εἰ
1403 1296 1512 1367 7&9
1554 1298 1642 1350 ἀεὶ
1678 1298 1838 1352 τοῦτο
1886 1300 2060 1352 ποιεῖν

488 1380 706 1451 ἔμελλε,
758 1381 945 1435 πολλοί
989 1381 1097 1435 τῶν
1146 1381 1409 1454 ῥᾳθύμων
1445 1384 1660 1455 χείρους
1691 1384 1758 1439 ἂν
1792 1386 2059 1454 ἐγένοντο,

493 1468 748 1537 μέγιστον
776 1468 1032 1540 ἐνέχυρον
1059 1468 1275 1539 ἔχοντες
1298 1470 1394 1524 τοῦ
1419 1470 1494 1543 μὴ
1513 1471 1740 1543 πάσχειν
1760 1472 1968 1537 κακῶς,
1998 1472 2060 1526 τὸ

488 1554 580 1609 διὰ
603 1554 704 1626 τὴν
729 1555 888 1622 δόξαν
919 1554 1083 1610 αὑτοῦ
1111 1556 1375 1625 διηνεκῶς
1397 1556 1686 1623 σώζεσθαι.
1724 1558 1863 1611 Ἀλλ’
1888 1560 1949 1612 οὐ
1976 1559 2060 1628 γί-

490 1657 640 1696 νεται
656 1643 833 1698 τοῦτο.
853 1645 928 1697 Οὐ
947 1644 1055 1716 7&9
1072 1644 1216 1699 οὕτω
1238 1645 1388 1717 μέλει
1413 1647 1514 1717 τῆς
1527 1645 1686 1718 δόξης
1708 1647 1871 1702 αὐτοῦ
1887 1647 2059 1719 αὐτῷ,

490 1730 567 1794 ὼς
593 1730 693 1802 τῆς
719 1732 993 1804 σωτηρίας
1019 1733 1119 1804 τῆς
1144 1732 1255 1788 τῶν
1284 1733 1608 1806 ἀνθρώπον.
1630 1736 1695 1790 Εἰ
1716 1735 1827 1808 γὰρ
1849 1736 2060 1808 ἄνθρωο

489 1832 580 1870 ποι
612 1818 1010 1888 καταφρονοῦσι
1030 1819 1244 1883 τούτου,
1266 1819 1448 1891 πολλῷ
1474 1822 1675 1892 μᾶλλον
1698 1822 1729 1876 6
1754 1823 1908 1887 Θεὸς,
1929 1825 1959 1877 6
1985 1823 2060 1894 μὴ

490 1903 742 1972 δεόμενός
787 1923 933 1971 τινος
967 1906 1077 1961 τῶν
1107 1907 1240 1978 παρ’
1278 1908 1436 1978 ἡμῶν
1455 1924 1469 1939 ·
1501 1908 1617 1962 ἀλλ’
1651 1910 1787 1982 ὅπερ
1839 1908 1999 1981 ἔφην,
2031 1912 2061 1964 6

489 1991 797 2065 Προφὴτης,
851 1995 1038 2067 ἐπειδὴ
1093 1996 1390 2067 συνηγόρου
1429 1997 1583 2064 τάξιν
1627 1997 1762 2068 ἔχει,
1801 1999 1909 2053 ἀπὸ
1948 1999 2059 2053 τῶν

487 2078 714 2133 ἐνόντων
743 2080 845 2152 τὴν
865 2082 1193 2155 συνηγορίαν
1216 2085 1468 2148 ποιεῖται,
1493 2085 1589 2138 καὶ
1617 2085 1958 2151 διπλασιάζει
1980 2087 2058 2159 τῷ

450 2194 465 2203 ~
485 2166 650 2239 λόγῳ,
674 2167 849 2237 λέγων
869 2184 882 2197 °
905 2170 1002 2239 Μὴ
1030 2170 1194 2240 ἡμῖν,
1221 2172 1417 2240 Κύριε,
1440 2171 1527 2241 μὴ
1559 2172 1734 2242 ἡμῖν·
1764 2174 1966 2248 σφόδρα
1995 2173 2057 2230 τὸ

486 2254 703 2319 ἀνάξιον
733 2256 844 2309 τῶν
874 2254 1196 2327 σωζομένων
1229 2256 1442 2323 δεικνύς
1461 2274 1475 2289 ·
1523 2258 1684 2315 Ἀλλ’
1719 2259 1758 2329 ἢ
1807 2260 1885 2326 τῷ
1922 2264 2057 2317 ὀνό-

478 2342 627 2410 ματί
651 2357 768 2397 σου
796 2341 903 2409 δὸς
926 2343 1134 2408 δόξαν.
1173 2344 1364 2415 Ἡμεῖς
1399 2345 1499 2416 μὲν
1529 2344 1637 2419 7&9
1673 2347 1880 2419 μυρίων
1918 2348 2056 2415 άξιοι

486 2428 679 2482 κακῶν
700 2444 715 2459 ·
749 2428 864 2482 ἀλλ’
895 2430 1044 2495 ὅπως
1069 2431 1129 2484 τὸ
1152 2430 1324 2502 ὄνομά
1346 2449 1439 2485 σου
1474 2433 1549 2504 μὴ
1574 2432 1880 2507 βεδηλωθῇ.
1926 2437 2059 2492 Ἐπί

483 2513 565 2579 τῷ
587 2514 742 2570 ἐλέει
776 2532 892 2571 σου
916 2517 1013 2571 καί
1062 2516 1139 2587 τῇ
1177 2518 1427 2588 ἀληθείᾳ
1463 2536 1600 2575 σου.
1634 2521 1859 2594 ’Έτερος
1886 2525 2058 2596 ἑρμη-

482 2607 677 2677 νευτής
726 2624 882 2678 φησι,
928 2607 1030 2661 Διὰ
1060 2607 1128 2661 τὸ
1175 2607 1348 2674 ἔλεός
1389 2626 1525 2665 σου.
1574 2609 1736 2683 Ὁρᾷς
1776 2612 1893 2677 πῶς
1928 2614 2058 2670 αὐτὸ

483 2691 579 2746 καὶ
599 2692 761 2757 αὐτὸς
783 2689 894 2747 οἶδε
929 2694 1134 2762 σαφῶς,
1168 2695 1251 2749 ὅτι
1274 2695 1533 2758 πολλάκις
1560 2698 1752 2751 τούτου
1777 2716 2054 2770 καταφρο-

484 2779 593 2834 νῶν
624 2780 653 2834 ό
681 2780 815 2845 Θεὸς
843 2782 980 2852 πρὸς
1009 2782 1067 2835 ἓν
1096 2783 1201 2854 δρᾷ
1233 2783 1413 2855 μόνον,
1448 2786 1547 2856 τὴν
1574 2784 1682 2838 τῶν
1710 2787 2051 2857 ἁμαρτανόν-

480 2883 590 2922 των
619 2867 925 2941 διόρθωσιν.
959 2869 1058 2923 Διά
1090 2869 1249 2924 τοῦτο
1279 2872 1591 2944 ἐπήγαγεν·
1635 2873 1766 2928 Ἐπί
1795 2872 1875 2939 τῷ
1903 2876 2059 2931 ἐλέει

485 2970 624 3017 σου,
652 2954 754 3010 καί
781 2955 858 3024 τῇ
881 2957 1132 3025 ἀληθείᾳ
1153 2972 1291 3012 σου.
1318 2959 1600 3024 Τουτέστι,
1618 2958 1704 3015 διά
1718 2961 1780 3015 τὸ
1801 2960 1945 3023 ἔλεός
1963 2980 2056 3017 σου

486 3042 752 3115 βοήθησον
795 3045 949 3114 ἡμῖν,
1002 3046 1051 3098 εἰ
1097 3046 1192 3098 καὶ
1223 3045 1324 3115 τῆς
1361 3045 1616 3117 δόξηςιού
1646 3048 1799 3117 μέλει
1838 3066 1918 3104 σοι
1957 3052 2057 3121 τῆς

484 3128 639 3201 παρὰ
676 3129 788 3184 τῶν
819 3129 1142 3201 ἀνθρώπων,
1174 3130 1310 3186 ἀλλά
1340 3131 1430 3186 διὰ
1456 3132 1518 3186 τὸ
1541 3132 1689 3197 ἔλεός
1717 3151 1811 3188 σου
1837 3137 1933 3192 καὶ
1959 3136 2056 3206 τὴν

480 3216 740 3287 ἀλήθειάν
771 3234 886 3272 σου.
921 3217 1080 3272 Ἐστι
1111 3218 1240 3290 7&9,
1271 3218 1386 3273 ἐστι
1434 3222 1530 3274 καὶ
1557 3220 1858 3286 κολάζοντα
1899 3224 2057 3290 δόξαν

484 3302 691 3367 λαϐεῖν,
726 3304 827 3357 οὐκ
855 3303 1108 3359 ἐλεοῦντα
1143 3306 1322 3376 μόνον.
1372 3307 1532 3361 Ἀλλά
1572 3307 1649 3380 μὴ
1675 3308 1838 3375 οὕτω,
1869 3312 2053 3383 φησὶν,

480 3389 615 3443 ἀλλά
646 3390 735 3444 διά
761 3391 821 3445 τὸ
864 3391 1010 3456 ἔλεός
1043 3410 1158 3447 σου.
1202 3394 1397 3466 Ἐχρῆν
1439 3395 1538 3465 μὲν
1582 3397 1692 3468 γὰρ
1737 3399 1868 3465 παρ’
1900 3400 2055 3470 ἡμῶν

479 3477 558 3550 τῷ
586 3477 811 3548 ὀνόματί
843 3495 936 3532 σου
980 3479 1218 3533 δίδοσθαι
1248 3482 1405 3548 δόξαν
1430 3481 1519 3535 διά
1549 3482 1644 3536 τοῦ
1689 3483 1805 3554 βίου
1837 3486 2056 3558 καὶτῆς

472 3564 790 3627 πολιτείας·
827 3566 1017 3638 ἐπειδὴ
1053 3567 1111 3620 δὲ
1147 3567 1305 3621 τοῦτο
1342 3567 1783 3641 προδεδώκαμεν,
1830 3572 1920 3627 διὰ
1951 3574 2055 3644 τῆς

478 3650 815 3722 ἀντιλήψεως
839 3653 1086 3723 ποίησον,
1107 3653 1195 3709 διά
1208 3653 1303 3708 τοῦ
1330 3655 1480 3709 ἐλέου
1502 3659 1597 3711 καὶ
1624 3657 1725 3727 τῆς
1754 3658 2055 3730 φιλανθρω-

480 3738 632 3804 πίας.
669 3739 916 3807 Μήποτε
940 3740 1154 3795 είπωσι
1184 3741 1259 3796 τὰ
1281 3741 1451 3811 ἔθνη,
1474 3744 1601 3799 Ποῦ
1644 3744 1819 3801 ἐστιν
1846 3748 1881 3803 ὀ
1908 3749 2054 3817 Θεὸς

477 3825 677 3881 αὐτῶν
689 3844 709 3891 ;

546 3957 609 4011 δ’.
640 3951 859 4011 Πολλῶν
888 3956 984 4010 καὶ
1018 3955 1113 4009 νῦν
1136 3956 1444 4027 εὐχομένων
1467 3956 1650 4011 ἀκούω
1671 3957 1844 4014 ταῦτα
1867 3960 2051 4030 λεγόν-

474 4062 603 4098 των·
620 4043 755 4099 ἀλλά
783 4043 920 4106 δέος,
942 4044 1149 4115 μήποτε
1178 4042 1352 4107 ἄλλως
1366 4044 1560 4097 εἴπωσι
1585 4055 1610 4084 ι
1624 4044 1706 4109 rb,
1740 4045 1862 4099 Ποῦ
1877 4046 2052 4101 ἐστιν

476 4132 512 4185 δ
541 4130 687 4197 Θεὸς
714 4129 946 4196 αὺτῶν;
982 4130 1110 4184 ὅταν
1131 4128 1420 4201 ἀρπάζωσι
1445 4129 1648 4197 πολλοὶ,
1681 4132 1775 4186 καὶ
1799 4133 2046 4201 ἀδικῶσι,

477 4219 568 4272 καὶ
602 4220 770 4291 μυρία
801 4218 993 4273 ποιῶσι
1020 4218 1186 4274 δεινά.

554 4349 620 4402 '0
656 4347 724 4401 δὲ
757 4348 900 4415 Θεὸς
940 4345 1109 4417 ἡμῶν
1138 4347 1209 4401 ἐν
1238 4346 1318 4413 τῷ
1349 4348 1583 4418 οὐρανῷ
1622 4348 1721 4404 καὶ
1749 4350 1820 4405 ἐν
1860 4350 1938 4421 τῇ
1968 4352 2047 4423 τῇ

474 4435 671 4489 πάντα
691 4434 808 4490 ὅσα
828 4434 1130 4503 ἠθέλησεν
1147 4434 1456 4502 ἐποίησεν.
1493 4435 1754 4490 Ἐνταῦθα
1781 4437 1880 4509 τὴν
1906 4439 2045 4493 πλά-

474 4540 571 4594 νην
611 4522 722 4576 τῶν
764 4523 1005 4595 ἀνοήτων
1042 4520 1370 4594 διορθοῦται.
1436 4522 1655 4593 Ἐπειδὴ
1697 4525 1805 4596 γὰρ
1860 4526 2045 4579 πολλοί

472 4609 757 4677 ἀγνοοῦσιν
783 4606 920 4664 εἶναι
944 4610 1097 4674 Θεὸν,
1118 4609 1178 4662 τὸ
1198 4608 1437 4662 τοιοῦτον
1451 4608 1626 4677 δόγμα
1645 4611 2040 4683 διορθούμενος,

473 4697 636 4768 φησίν
657 4711 670 4725 ·
711 4697 773 4750 '0
797 4696 865 4750 δὲ
890 4697 1033 4763 Θεὸς
1059 4694 1229 4766 ἡμῶν
1247 4696 1319 4750 ἐν
1341 4693 1422 4760 τῷ
1445 4697 1680 4764 οὐρανῷ
1705 4698 1903 4752 πάντα
1927 4698 2045 4753 ὅσα

470 4781 775 4851 ἠθέλησεν
813 4782 1124 4850 ἐποίησεν.
1170 4784 1235 4836 Εἰ
1281 4783 1339 4836 δὲ
1387 4785 1448 4838 ἐν
1493 4780 1570 4853 τῷ
1604 4784 1838 4856 οὐρανῷ,
1865 4784 2044 4858 πολλῷ

475 4870 677 4942 μᾶλλον
706 4871 801 4924 ἐπὶ
829 4870 929 4940 τῆς
956 4872 1080 4941 γῆς.
1128 4871 1193 4924 Τί
1219 4870 1277 4925 δέ
1332 4873 1500 4937 ἐστιν,
1545 4874 1650 4927 Ἐν
1692 4870 1774 4937 τῷ
1809 4874 2044 4941 οἰφανῷ

472 4957 673 5012 πάντα
708 4959 827 5013 ὅσα
862 4958 1168 5026 ἠθέλησεν
1202 4959 1525 5028 ἐποίησενς
1555 4961 1625 5013 Ἦ
1652 4959 1753 5024 τάς
1783 4959 2042 5031 δυνάμεις

469 5045 570 5108 τὰς
600 5045 712 5099 άνω
742 5046 895 5116 φησί,
927 5046 1021 5098 καί
1057 5046 1185 5109 τοὺς
1213 5045 1417 5116 δήμους
1441 5048 1570 5110 τοὺς
1599 5046 1862 5119 ἀπείρους
1899 5048 2042 5101 ἐκεί·

466 5128 615 5205 μους,
644 5134 677 5204 ἦ
709 5132 778 5187 τὰ
802 5133 1172 5202 ἐπιτάγματα,
1196 5130 1232 5185 ἀ
1258 5132 1398 5203 μετά
1427 5132 1677 5196 εὐκολίας
1704 5133 1943 5187 ἀνύεται.
1978 5134 2040 5188 Εἰ

468 5219 526 5273 δὲ
554 5221 588 5290 ἡ
630 5220 696 5291 γῆ
728 5219 928 5291 πολλὴν
957 5218 1069 5289 ἔχει
1110 5218 1208 5290 τὴν
1238 5218 1500 5291 σύγχυσιν
1529 5219 1624 5274 καὶ
1650 5218 1750 5291 τὴν
1789 5220 2037 5286 ἀταξίαν,

471 5309 547 5379 μὴ
580 5308 885 5380 θαυμάσῃς.
929 5309 1063 5363 Ἀπὸ
1091 5309 1190 5380 τῆς
1224 5307 1333 5363 τῶν
1355 5307 1660 5382 ἀνθρώπων
1686 5311 1907 5375 κακίας,
1942 5313 2039 5363 καὶ

466 5398 568 5467 τῆς
599 5396 863 5466 πονηρίας
890 5395 999 5450 τῶν
1032 5396 1343 5468 μετιόντων,
1373 5397 1491 5450 ἀλλ’
1517 5396 1580 5450 οὐ
1609 5396 1764 5469 παρά
1785 5409 1884 5468 την
1912 5398 2039 5451 ἀτο-

467 5485 589 5541 νίαν
624 5484 718 5538 τοῦ
765 5484 901 5539 Θεοῦ
938 5483 1093 5539 τοῦτο
1122 5487 1350 5555 γίνεται.
1385 5487 1507 5539 Ὅτι
1544 5485 1654 5557 γὰρ
1696 5483 1915 5557 ἰσχυρὸς
1940 5486 2036 5540 καὶ

530 5715 550 5744 ιι
576 5701 764 5770 Ἀλλως
808 5705 998 5770 εἰπωσι,
1040 5706 1327 5770 Hervelus,_
1704 5702 1885 5769 dicunt,
1924 5707 2032 5758 sive

463 5765 636 5815 temere
654 5766 816 5817 dicam
861 5768 953 5817 Hic
976 5769 1167 5818 videtur
1183 5765 1302 5819 esse
1316 5765 1457 5829 huiu's
1480 5765 1572 5817 Ιοῦὶ
1591 5778 1780 5816 sensus.

1181 352 1238 409 S.
1274 346 1558 407 JOANNIS
1595 348 2084 411 CHRYSOSTOHI
2121 349 2443 408 ARCHIEP.
2478 346 3030 408 CONSTANTINOP.

3624 348 3733 407 διο

2163 465 2409 532 δυνατὸς,
2442 466 2510 521 τὰ
2542 465 2704 541 ἐντῷ
2737 465 2951 535 οὐρανῷ
2993 462 3143 534 δηλοῖ
3177 457 3547 532 πραττόμενα.
3586 460 3650 515 Εἰ
3673 461 3732 514 δὲ

2161 552 2221 606 ἐν
2245 556 2311 625 τῇ
2332 556 2402 624 γῇ
2432 554 2532 623 οὐχ
2552 552 2746 616 οὕτως,
2770 551 2819 605 οἰ
2839 550 3093 617 ἀναξίους
3122 547 3349 610 ἑαυτοὺς
3371 545 3734 610 καθιστῶντες

2163 640 2344 695 αἴτιοι.
2374 640 2477 694 Καὶ
2493 641 2697 712 ἑτέρως
2710 641 2754 693 δ’
2776 639 2841 693 ἀν
2855 655 2941 702 τις
2957 637 3144 690 τοῦτον
3170 633 3564 709 μεταχειρίσειε
3578 632 3734 705 ιεθε]

2160 729 2252 783 τὸν
2280 728 2458 799 λόγον,
2491 729 2574 782 ὅτι
2622 727 2794 782 πολλά
2828 726 2926 781 καὶ
2972 725 3062 779 διά
3101 722 3482 795 μακροθυμίαν
3522 721 3734 776 οὐδέπω

2167 815 2268 887 τὴν
2316 816 2438 871 κατ’
2475 815 2630 881 ἀξίαν
2669 813 2935 886 λαμϐάνει
2974 811 3261 866 ἀντίδοσιν.
3309 809 3408 864 Διά
3443 808 3602 863 τοῦτο
3637 809 3734 862 καὶ

2161 903 2392 976 πονηροὶ
2419 901 2643 957 δικαίων
2672 901 3065 971 περιγίνονται,
3087 898 3150 952 ού
3177 896 3503 967 βουλομένου
3522 895 3616 950 τοῦ
3644 913 3735 965 ιρι-

2160 988 2482 1063 λανθρὼπου
2520 988 2657 1044 Θεοῦ
2696 988 2848 1060 παρά
2886 987 3056 1050 πόδας
3101 987 3331 1040 ἕκαστον
3358 985 3461 1048 τὰς
3506 982 3734 1046 εὐθύνας

2162 1076 2415 1130 ἀπαιτεῖν
2437 1076 2548 1130 τῶν
2590 1073 3145 1146 πεπλημμελημένων
3164 1088 3179 1102 ·
3223 1071 3347 1125 ἐπεὶ
3380 1070 3546 1124 πάλαι
3577 1069 3642 1124 ἂν
3671 1069 3735 1122 τὸ

2160 1163 2317 1233 γένος
2343 1162 2672 1236 ἀνηρπάσθη
2699 1161 2760 1216 τὸ
2784 1160 3071 1234 ἡμέτερον.
3096 1158 3268 1214 Τοῦτο
3293 1159 3472 1213 τοίνυν
3498 1156 3734 1211 ἐνταῦθά

2163 1267 2347 1322 φησιν,
2378 1250 2461 1304 ὃτι
2488 1249 2713 1313 δυνατὸς
2736 1247 2836 1320 μέν
2867 1248 2983 1301 ἐστι
3017 1247 3112 1301 καὶ
3144 1246 3380 1319 ἰσχυρὸς,
3415 1245 3510 1300 καὶ
3538 1238 3650 1308 οἷός
3670 1257 3734 1298 τε

2162 1338 2468 1403 ἐπεξελθεῖν
2489 1354 2503 1367 ·
2533 1339 2627 1392 καὶ
2649 1337 2806 1407 δῆλον
2834 1338 2900 1389 ὲκ
2922 1335 3029 1389 τῶν
3061 1335 3119 1388 ἐν
3145 1324 3225 1404 τῷ
3255 1332 3469 1404 οὐρανῷ
3503 1333 3732 1404 γενομέ-

2161 1444 2298 1481 νων·
2343 1427 2405 1480 ού
2449 1426 2595 1480 ποιεῖ
2638 1425 2696 1479 δὲ
2734 1422 2915 1488 τοῦτο,
2952 1421 3226 1495 πανταχοῦ
3263 1420 3329 1493 τῇ
3379 1420 3734 1493 μακροθυμίᾳ

2161 1511 2463 1584 χρώμενος,
2509 1513 2601 1567 καί
2622 1514 2703 1575 εἰς
2746 1511 3037 1583 μετάνοιαν
3062 1508 3235 1563 ἕλκων
3264 1510 3392 1573 τοὺς
3418 1511 3475 1562 ἐν
3498 1509 3733 1581 πονηρίᾳ

2162 1600 2391 1665 ζῶντας.
2428 1600 2505 1654 Τὰ
2527 1599 2746 1654 εῑδωλα
2780 1592 2901 1652 τῶν
2927 1595 3117 1652 ἐθνῶν
3146 1594 3430 1667 ἀργύριον
3463 1594 3562 1649 καί
3588 1613 3735 1664 χρυ-

2162 1687 2322 1753 σίον,
2354 1686 2497 1758 ἔργα
2524 1684 2739 1756 χειρῶν
2769 1681 3113 1753 ἀνθρώπων.
3147 1683 3343 1752 Στόμα
3369 1681 3604 1754 ἔχουσι,
3633 1679 3733 1736 καὶ

2160 1777 2232 1829 οὐ
2255 1774 2663 1842 λαλήσουσιν·
2685 1771 3031 1843 ὀφθαλμοὺς
3051 1769 3285 1838 ἔχουσι,
3303 1768 3401 1822 καί
3417 1770 3528 1823 οὐκ
3551 1769 3733 1837 ὄψον-

2159 1878 2289 1916 ται·
2330 1857 2451 1916 ὦτα
2487 1861 2720 1930 ἔχουσι,
2779 1859 2879 1913 καὶ
2939 1844 3049 1913 οὐαὶ
3104 1855 3504 1911 ἀκούσονται·
3554 1855 3734 1925 ῥῖνας

2159 1951 2392 2020 ἔχουσι,
2424 1949 2523 2004 καί
2549 1952 2661 2005 οὐκ
2691 1945 3214 2019 ὀσφρανθήσονται
3235 1961 3248 1974 ·
3271 1943 3473 2013 χεῇοας
3495 1946 3731 2013 ἔχουσι,

2160 2040 2260 2093 καί
2289 2040 2361 2093 οὐ
2384 2036 2829 2107 ψηλαφήσουσι
2852 2050 2871 2067 ·
2904 2033 3094 2100 πόδας
3116 2034 3352 2103 ἔχουσι,
3387 2031 3487 2086 καί
3515 2033 3588 2086 οὐ
3621 2046 3730 2085 περ

2151 2127 2604 2194 ριπατήσουσιν
2624 2141 2640 2155 ·
2689 2126 2764 2178 οὐ
2802 2120 3199 2193 φωνήσουσιν
3239 2120 3310 2174 ἑν
3346 2117 3428 2184 τῷ
3474 2118 3730 2190 λάρυτγι

2157 2212 2376 2270 αὐτῶν.
2397 2213 2621 2283 Ὅμοιοι
2636 2209 2843 2277 αὐτοῖς
2867 2209 3138 2280 γένοιντο
3159 2209 3213 2262 οί
3223 2206 3540 2273 ποιοῦντες
3552 2206 3727 2262 αὑτά.

2170 2301 2260 2354 Ἐν
2302 2301 2401 2372 μὲν
2434 2299 2517 2371 τῷ
2558 2296 2836 2367 ἑκατοστῷ
2870 2296 3107 2367 πέμπτῳ
3138 2294 3341 2366 ψαλμῷ
3385 2293 3486 2365 τὴν
3530 2294 3732 2366 μανίαν

2157 2387 2339 2441 αὐτῶν
2370 2384 2732 2458 διηγούμενος
2765 2382 2971 2452 ἔλεγεν,
3009 2383 3092 2436 δτι
3134 2382 3281 2449 Τοὺς
3315 2380 3486 2446 υίοὺς
3531 2379 3733 2437 αὐτῶν

2158 2474 2259 2528 καὶ
2286 2474 2394 2540 τὰς
2413 2470 2742 2542 θυγατέρας
2772 2468 3004 2523 ἔθυσαν
3038 2466 3164 2533 τοῖς
3193 2467 3524 2537 δαιμονίοις
3538 2484 3550 2499 ·
3583 2467 3641 2519 ἐν
3670 2464 3729 2519 δὲ

2156 2559 2237 2632 τῷ
2259 2560 2487 2632 παρόντι
2512 2557 2611 2629 τὴν
2636 2556 3016 2627 ἀναισθησίαν,
3053 2555 3136 2609 ὅτι
3166 2557 3288 2618 ταῖς
3315 2553 3545 2625 ἀψύχοις
3575 2554 3729 2616 ’ύλαις

2158 2647 2585 2719 προστετήκασι.
2640 2644 2751 2698 Καὶ
2783 2642 2967 2697 πάντα
3004 2641 3185 2696 αὐτῶν
3236 2641 3414 2695 ἔπεισι
3450 2642 3520 2696 τά
3567 2641 3727 2713 μέλη,

2158 2733 2505 2806 πλατυτέραν
2546 2732 2646 2803 τὴν
2694 2730 2989 2802 κωμῳδίαν
3031 2729 3423 2801 ἐργαζόμενος.
3473 2724 3607 2784 Εἶτα
3633 2732 3729 2784 καὶ

2156 2822 2379 2891 ἐπάγων
2405 2820 2569 2892 φησίν
2588 2835 2601 2849 ·
2634 2818 2865 2888 Ὅμοιοι
2885 2816 3091 2883 αὐτοῖς
3116 2815 3386 2886 γένοιντο
3403 2818 3459 2870 οὶ
3487 2817 3729 2871 ποιοῦν·

2154 2926 2255 2978 τες
2291 2908 2465 2971 αὐτὰ,
2502 2907 2603 2962 καί
2634 2905 2858 2970 πάντες
2888 2907 2943 2959 οι
2972 2905 3326 2969 πεποιθότες
3360 2903 3455 2955 ἐπ’
3496 2902 3724 2971 αὐτοῖς.

2156 2995 2347 3050 Καίτοι
2379 3012 2443 3063 γε
2490 2992 2652 3048 τοῦτο
2683 2992 2876 3064 ἀρετὴ,
2908 2991 2970 3045 τὸ
2999 2986 3137 3044 εἶναι
3168 2991 3260 3049 ίσα
3292 2988 3439 3060 Θεῷ·
3483 2989 3602 3043 ἀλλ’
3635 2991 3726 3043 ἐν-

2156 3084 2332 3140 ταῦθα
2362 3083 2575 3155 κατάρα
2599 3081 2844 3151 γέγονεν.
2888 3078 3169 3150 Ἐννόησον
3206 3073 3300 3131 οὖν
3327 3078 3472 3142 τίνες
3498 3076 3562 3131 ἂν
3590 3072 3723 3143 εἶεν,

2155 3174 2287 3227 ὅταν
2318 3174 2353 3243 ἡ
2382 3170 2517 3243 πρὸς
2555 3170 2755 3232 αὐτοὺς
2781 3167 3041 3239 ὁμοίωσις
3070 3163 3191 3219 ἀντὶ
3221 3163 3360 3237 ἀρᾶς
3383 3164 3724 3237 προφέρηται

2154 3261 2255 3332 τῆς
2276 3260 2533 3330 ἐσχάτης.
2568 3257 2678 3311 Kal
2697 3254 2880 3318 καλῶς
2898 3251 3041 3306 οὕτω
3065 3251 3157 3307 τὸν
3184 3251 3343 3320 λόγον
3363 3251 3723 3322 ἐσχημάτισε,

2156 3348 2433 3420 κωμῳδῶν
2463 3348 2659 3410 αὐτοὺς
2702 3347 2783 3408 εἰς
2829 3343 3064 3415 ἐσχάτην
3097 3341 3304 3404 ἄνοιαν,
3343 3341 3438 3395 καί
3487 3357 3725 3409 καταγε-

2155 3436 2386 3499 λάστους
2420 3433 2657 3496 δεικνύς.

2224 3548 2350 3612 Πῶς
2393 3547 2503 3619 7&9
2546 3547 2609 3600 ού
2642 3543 3067 3613 καταγέλαστον,
3100 3541 3222 3596 εἰπέ
3256 3558 3368 3613 μοι,
3408 3541 3468 3596 τὸ
3496 3543 3726 3613 προσδε-

2150 3636 2338 3691 δέσθαι
2371 3635 2544 3706 ξοάνῳ
2588 3633 2759 3687 τύπον
2802 3632 2976 3703 ἔχοντι
3014 3629 3116 3700 τῆς
3145 3629 3379 3700 ἐσχάτης
3409 3630 3725 3701 ἀσχημοσύ-

2152 3741 2283 3795 νης;
2314 3723 2412 3787 Τίς
2435 3722 2545 3793 γάρ
2571 3719 2637 3774 ἂν
2669 3720 2843 3774 ἕλοιτο
2876 3717 3088 3789 γυμνὴν
3120 3721 3354 3786 γυναῖκα
3386 3717 3549 3785 ἱδεῖν;
3585 3719 3642 3773 '0
3664 3719 3721 3772 δὲ

2149 3812 2358 3882 δαίμων
2390 3809 2487 3863 καὶ
2521 3807 2714 3880 γυμνῷ
2744 3805 2902 3877 τύπῳ
2947 3802 3299 3877 παρεδρεύει.
3346 3806 3456 3859 Kal
3494 3805 3589 3859 νῦν
3620 3807 3723 3878 μὲν

2151 3897 2409 3966 πορνείας
2435 3896 2643 3959 εἰκόνες
2672 3894 2743 3947 τὰ
2772 3890 2957 3959 ξόανα,
3001 3891 3097 3946 νῦν
3127 3891 3184 3944 δὲ
3216 3891 3411 3960 μανίας
3442 3892 3543 3962 τῆς
3579 3892 3720 3948 κατά

2148 3985 2259 4039 τῶν
2301 3983 2569 4057 ἀρρένων.
2599 3980 2665 4036 Τί
2698 3979 2808 4054 γὰρ
2838 3978 2905 4035 ἃν
2934 3981 2963 4036 6
3003 3978 3161 4043 ἀετὸς
3196 3978 3481 4050 βούλεται;
3511 3980 3562 4033 τί
3602 3979 3659 4034 δὲ
3688 3982 3721 4032 6

2150 4071 2504 4145 Γανυμήδης
2526 4071 2577 4125 τί
2605 4069 2663 4124 δὲ
2690 4072 2718 4123 6
2742 4067 2952 4123 διώκων
2970 4066 3069 4139 τὴν
3095 4066 3366 4139 παρθένον
3406 4066 3714 4134 Ἀπόλλων;

2145 4161 2202 4217 τί
2231 4160 2289 4214 δὲ
2308 4159 2376 4213 τά
2394 4158 2558 4228 ἔτερα
2584 4155 2802 4229 μυσαρά
2824 4156 3079 4226 σχήματα
3095 4152 3409 4224 ςΠανταχοῦ
3434 4154 3714 4223 ἀσέλγεια,

2148 4243 2427 4317 πανταχοῦ
2454 4243 2741 4305 ἀκολασία,
2783 4240 3059 4311 πανταχοῦ
3091 4241 3292 4311 μίξεων
3323 4240 3579 4312 ἀθέσμων
3621 4243 3716 4296 καί

2148 4333 2370 4404 ἐρώτων
2395 4329 2719 4385 λυσσώντων
2742 4329 2923 4386 τύποι.
2951 4329 3060 4382 Καὶ
3088 4328 3200 4399 7&9
3221 4327 3292 4382 τὰ
3322 4328 3504 4393 ξόανα,
3532 4329 3629 4384 καί
3656 4329 3714 4382 αἰ

2146 4421 2351 4492 ἑορταὶ,
2387 4421 2482 4473 καί
2514 4420 2571 4472 αἰ
2616 4415 2969 4489 πανηγύρεις,
3003 4416 3100 4469 καί
3144 4417 3196 4469 αἰ
3217 4415 3713 4486 τελεταί,ἐλεγχοι

2146 4510 2240 4561 καί
2268 4508 2636 4577 ὑπομνήματα
2665 4505 2760 4559 καὶ
2785 4503 3123 4557 διδασκαλίαι
3157 4502 3267 4556 τῶν
3296 4503 3512 4557 ἀτόπων
3552 4504 3711 4558 εἰσίν.

2145 4597 2221 4649 Οὐ
2258 4595 2420 4665 μόνον
2449 4594 2506 4645 δέ
2533 4592 2642 4645 τῶν
2664 4590 2928 4661 αἰσχρῶν,
2952 4590 3087 4645 ἀλλά
3120 4592 3214 4645 καὶ
3237 4592 3414 4661 φόνων
3434 4589 3545 4644 τῶν
3574 4590 3713 4661 πρὸς

2143 4681 2483 4754 ἀνθρώπους.
2527 4678 2691 4733 Ὅθεν
2716 4680 2809 4732 καὶ
2836 4678 3331 4749 ἀππροπιάζονται
3364 4680 3493 4743 τοὺς
3521 4677 3712 4749 δαίμο-

2143 4788 2259 4833 νας.
2283 4768 2450 4823 Οὐδὲν
2465 4766 2576 4839 7&9
2602 4766 2786 4837 ἕτερον
2809 4767 2940 4837 παρ’
2967 4765 3219 4830 ἐκείνοις.
3243 4765 3278 4838 ἢ
3299 4766 3579 4835 ἀσέλγεια,
3613 4764 3711 4819 καὶ

2151 4859 2313 4932 μέθαι
2339 4855 2649 4916 ἀκόλαστοι,
2684 4853 2780 4907 καὶ
2804 4852 3043 4924 ὠμότης,
3071 4854 3167 4908 καὶ
3191 4853 3579 4923 ἀπανθρωπία,
3613 4855 3709 4908 καὶ

2144 4945 2474 5020 μιαιφονίαι,
2522 4939 2616 4997 καὶ
2649 4941 2748 5006 τὰς
2788 4942 2981 5014 ἐορτάς
3009 4942 3137 5007 ὅλας
3174 4942 3426 4997 ἐντεῦθεν
3462 4961 3710 4998 συνιστα-

2144 5037 2313 5108 μένας
2342 5035 2442 5088 ἴδοι
2482 5048 2567 5095 τις
2608 5031 2695 5087 ἀν.
2729 5030 3087 5101 Κωμῳδήσας
3119 5030 3299 5085 τοίνυν
3330 5030 3439 5086 τῶν
3471 5032 3707 5086 εἰδώλων

2140 5124 2237 5195 τὴν
2257 5120 2638 5182 ἀναισθησίαν,
2667 5118 2764 5172 καὶ
2781 5117 2879 5188 τὴν
2904 5117 3089 5173 ἄνοιαν
3113 5118 3223 5173 τῶν
3251 5119 3588 5174 πεποιθότων
3615 5120 3706 5173 αῦ-

2137 5215 2273 5277 τοῖς,
2314 5208 2540 5281 μετάγει
2572 5207 2662 5261 τὸν
2694 5204 2853 5275 λόγον
2883 5205 2977 5260 ἐπὶ
3005 5205 3098 5260 τὸν
3128 5205 3223 5259 τοῦ
3255 5205 3390 5261 Θεοῦ
3421 5205 3591 5278 ὕμνον
3615 5205 3704 5260 λέ-

2137 5317 2249 5369 γων
2269 5314 2283 5329 ·
2319 5294 2497 5362 οἶκος
2527 5294 2766 5363 Ἰσραὴλ
2789 5292 3056 5362 ἤλπισεν
3075 5295 3176 5349 ἐπί
3209 5296 3425 5363 Κύριον
3441 5312 3454 5327 ·
3474 5295 3703 5364 ,ϐοηθὸς

2136 5386 2236 5440 καί
2280 5380 2742 5452 ὑπερασπιστὴς
2781 5380 2980 5435 αὐτῶν
3023 5380 3212 5435 ἐστιν.
3255 5376 3429 5447 Οἶκος
3478 5380 3702 5450 Ἀαρὼν

2135 5474 2401 5543 ἤλπισεν
2430 5469 2530 5524 ἑπί
2570 5468 2816 5536 Κύριον·
2842 5467 3073 5534 ,ϐοηθὸς
3108 5468 3207 5522 καί
3239 5467 3701 5536 ὑπερασπιστὴς

2133 5559 2333 5616 αὐτῶν
2364 5558 2552 5612 ἐστιν.
2584 5558 2646 5610 Ol
2671 5555 3028 5625 φοϐούμενοι
3054 5552 3162 5607 τὸν
3195 5553 3409 5620 Κύριον
3427 5551 3702 5621 ἤλπισα-ν

2132 5647 2233 5704 ἐπὶ
2272 5648 2526 5716 Κύριον·
2568 5642 2798 5712 ,βοηθὸς
2852 5642 2951 5698 καὶ
3001 5640 3460 5710 ὑπερασπιστὴς
3500 5638 3700 5696 αὐτῶν

2134 5738 2285 5795 ἐστι.
2314 5735 2412 5790 Διά
2437 5734 2546 5806 7&9
2569 5731 2776 5789 τούτων
2798 5731 2891 5786 καὶ
2912 5730 3015 5804 τὴν
3037 5729 3267 5801 δύναμιν
3293 5726 3386 5782 τοῦ
3412 5727 3550 5782 Θεοῦ
3575 5729 3698 5783 ἀνα-
