4112 6342
405 300 511 362 809

405 395 613 450 Putrem
639 402 873 459 vestrum,
901 393 983 462 qui
1004 392 1145 448 estin
1170 391 1306 447 curiis
1329 387 1540 460 (Matth.
1570 391 1625 444 5.
1654 388 1764 459 16).
1790 386 1986 453 Quem-

400 486 688 545 admodum
730 503 859 558 ergo
884 487 1053 558 gloria
1080 486 1149 541 ob
1178 486 1426 541 virtutem
1457 493 1693 538 nostram
1724 480 1983 541 afficitur,

401 581 473 634 ita
518 579 855 635 contumeliis
900 588 956 634 et
997 577 1289 633 maledictis
1327 573 1633 638 incessitur,
1675 572 1799 627 dum
1825 572 1985 625 vitam

401 672 457 726 in
497 672 627 725 vitio
663 670 1023 740 transigimus.
1055 668 1168 724 Hoc
1194 668 1365 740 ipsum
1394 681 1488 736 per
1514 662 1825 735 prophetam
1858 678 1989 730 quo-

400 779 505 832 que
547 763 852 833 significans
874 802 890 829 ,
933 761 1143 816 dicebat
1185 776 1201 814 :
1248 759 1448 813 Nomen
1482 774 1648 814 meum
1676 767 1880 827 propter
1902 772 1987 810 vos

398 853 776 923 blasphematur
800 853 853 905 in
878 852 1103 923 gentibus
1133 848 1281 922 (lsai.
1313 849 1403 905 52.
1431 848 1509 918 5).
1536 848 1671 903 Cum
1693 862 1820 916 ergo
1845 845 1985 899 nulla

400 946 500 1001 alia
529 947 735 1002 ratione
762 946 931 1016 possit
954 960 1138 1000 eorum
1167 957 1379 998 causam
1412 940 1697 996 defendere
1715 978 1731 1005 ,
1759 955 1825 993 eo
1854 954 1984 993 enn-

400 1038 561 1109 fugit,
585 1038 722 1091 sicut
750 1037 909 1091 etiam
933 1036 1125 1091 Moses.

473 1128 631 1183 Salus
674 1129 935 1182 hominum
968 1127 1075 1182 Deo
1101 1127 1262 1199 magis
1289 1135 1362 1181 est
1388 1141 1525 1180 cura:
1542 1167 1555 1191 ,
1582 1142 1732 1195 quam
1754 1141 1845 1178 sua
1873 1125 1985 1194 glo-

398 1222 498 1275 ria.
543 1252 614 1261 —
655 1220 760 1277 Sed
800 1237 905 1276 non
941 1220 1082 1276 idem
1111 1235 1322 1290 semper
1351 1218 1473 1275 facit
1503 1220 1643 1274 Deus
1664 1258 1680 1284 ,
1712 1217 1985 1272 hominum

399 1313 590 1368 salutis
626 1328 808 1368 curam
850 1328 1060 1383 gerens.
1109 1312 1166 1368 Si
1203 1314 1344 1367 enim
1384 1327 1596 1382 semper
1630 1310 1732 1365 hoc
1757 1310 1983 1375 faceret,

398 1406 550 1461 multi
595 1405 847 1461 socordes
893 1406 1080 1461 fierent
1122 1405 1451 1471 deteriores,
1497 1404 1637 1474 quod
1684 1403 1815 1459 nihil
1859 1403 1983 1458 mali

402 1506 748 1569 paterentur,
781 1498 1069 1551 maximum
1113 1498 1300 1567 pignus
1347 1496 1602 1551 habentes
1624 1535 1639 1562 ,
1675 1510 1733 1551 se
1768 1503 1987 1566 pr0pter

400 1588 518 1658 ejus
563 1589 783 1658 gloriam
828 1604 855 1642 a
902 1588 1058 1643 malis
1097 1597 1354 1659 perpetuo
1400 1586 1691 1643 servandos
1713 1602 1854 1642 esse.
1881 1586 1983 1642 Sed

401 1695 488 1735 res
515 1696 620 1735 non
649 1680 720 1734 ita
743 1695 802 1735 se
826 1680 999 1735 habet.
1026 1679 1204 1750 Neque
1220 1680 1364 1735 enim
1389 1680 1497 1735 Deo
1517 1693 1609 1733 sua
1631 1677 1799 1749 gloria
1824 1686 1985 1731 tanta:

400 1780 486 1825 est
527 1786 670 1825 cura:
694 1812 709 1837 ,
754 1780 965 1840 quanta:
996 1771 1138 1825 salus
1166 1770 1460 1824 hominum.
1488 1768 1541 1824 Si
1569 1771 1709 1824 enim
1742 1768 1985 1823 homines

400 1876 519 1917 eam
557 1872 939 1926 contemnunt,
986 1863 1152 1916 multo
1188 1863 1355 1931 magis
1386 1861 1525 1916 Deus
1548 1902 1562 1926 ,
1591 1861 1681 1931 qui
1711 1861 1860 1915 nullo
1890 1876 1987 1913 no-

401 1962 634 2008 strorum
679 1952 918 2023 indiget:
946 1952 1065 2019 sed,
1105 1953 1243 2007 sicut
1270 1952 1415 2019 dixi,
1445 1954 1695 2023 quoniam
1724 1950 1982 2021 propheta

401 2054 579 2113 partes
618 2043 915 2099 defensoris
956 2042 1211 2113 suscipit,
1260 2058 1354 2098 eos
1381 2042 1449 2096 ab
1474 2044 1538 2096 iis
1560 2082 1575 2108 ,
1607 2057 1668 2096 ex
1699 2041 1891 2111 quibus
1918 2041 1983 2095 li-

401 2149 517 2199 cet,
558 2137 824 2203 defendit,
848 2148 903 2193 et
930 2137 1247 2208 repetitione
1268 2136 1432 2191 utitur
1450 2176 1465 2203 ,
1495 2135 1679 2190 dicens
1709 2153 1723 2189 :
1751 2133 1873 2188 Non
1894 2151 1987 2188 no-

402 2229 510 2294 bis,
546 2227 787 2293 Domine,
820 2245 921 2283 non
950 2228 1090 2283 nobis
1120 2245 1139 2282 :
1163 2227 1451 2283 ostendens
1480 2242 1722 2297 magnam
1754 2226 1984 2297 indigni-

402 2328 562 2372 tatem
607 2333 791 2372 eorum
834 2319 922 2389 qui
964 2328 1241 2374 servantur
1283 2335 1296 2372 :
1336 2318 1425 2373 sed
1454 2319 1642 2371 nomini
1670 2328 1756 2371 tuo
1784 2318 1851 2371 da
1876 2318 1985 2388 glo-

400 2412 550 2464 riam.
592 2411 699 2467 Nos
723 2413 865 2467 enim
892 2426 1079 2467 sumus
1105 2411 1250 2480 digni
1278 2412 1431 2466 malis
1461 2409 1934 2465 innumerabilibus
1966 2427 1980 2441 ·

399 2505 493 2559 sed
528 2522 594 2559 ne
619 2504 931 2575 profanetur
960 2520 1152 2559 nomen
1186 2515 1353 2558 tuum.
1382 2503 1468 2559 10.
1501 2504 1669 2574 Super
1697 2504 1983 2557 misericor-

401 2598 487 2650 dia
508 2609 595 2650 tua
623 2606 667 2651 et
694 2599 898 2652 veritate
918 2607 1026 2650 tua.
1060 2598 1209 2651 Alius
1233 2597 1498 2667 interpres
1515 2596 1592 2669 (a)
1614 2597 1687 2650 ait
1714 2611 1732 2649 :
1764 2592 1984 2665 Propter

401 2688 793 2741 misericordiam
816 2697 975 2740 tuam.
1010 2686 1171 2741 Vides
1191 2702 1312 2741 eum
1336 2687 1437 2741 hoc
1463 2702 1671 2757 quoque
1697 2687 1852 2757 plane
1876 2688 1982 2741 sci-

401 2782 540 2834 visse
559 2822 575 2846 ,
618 2781 783 2835 Deum
814 2779 867 2834 id
898 2779 1276 2849 deSpicientem
1298 2818 1313 2844 ,
1346 2795 1508 2834 unum
1531 2780 1703 2833 solum
1732 2779 1830 2833 sibi
1857 2793 1983 2848 pro-

401 2886 621 2940 ponere,
651 2886 841 2943 nempe
879 2880 940 2925 ut
981 2871 1314 2940 corrigantur
1350 2881 1677 2942 peccatores.
1710 2870 1833 2926 Ideo
1857 2871 1984 2925 sub-

396 2964 607 3034 junxit,
658 2962 825 3032 Super
866 2963 1209 3016 misericordia
1254 2971 1340 3015 tua
1391 2971 1437 3015 et
1492 2963 1695 3017 ueritate
1734 2972 1839 3014 tua.
1870 2960 1981 3017 Hoc

398 3065 481 3107 est
510 3071 525 3106 :
557 3054 779 3124 Propter
805 3052 1219 3107 misericordiam
1250 3062 1392 3106 tuam
1420 3051 1499 3107 fer
1525 3052 1679 3107 nobis
1697 3052 1974 3117 auxilium,

400 3148 499 3201 etsi
540 3160 645 3200 non
688 3146 758 3200 sit
797 3144 891 3199 tibi
935 3159 1077 3199 cura:
1110 3143 1273 3214 gloria
1302 3142 1574 3197 hominum
1596 3182 1611 3209 ,
1642 3143 1733 3197 sed
1766 3152 1981 3213 propter

398 3237 818 3293 miscricordiam
859 3244 911 3290 et
936 3236 1210 3289 veritatem
1239 3243 1401 3288 tuam.
1435 3234 1592 3288 Potes
1620 3233 1761 3288 enim
1783 3275 1798 3300 ,
1830 3242 1982 3302 potes

398 3331 557 3383 etiam
604 3328 826 3398 puniens
850 3327 1070 3397 gloriam
1099 3326 1376 3395 accipere,
1406 3335 1461 3380 et
1489 3340 1592 3379 non
1618 3325 1787 3379 solum
1818 3325 1979 3379 mise-

400 3435 539 3474 rens.
584 3418 687 3474 Sed
730 3433 834 3472 non
877 3419 987 3483 sic,
1026 3417 1222 3487 inquit,
1249 3416 1342 3471 sed
1365 3425 1581 3487 propter
1607 3426 1745 3470 tuam
1774 3417 1981 3471 miseri-

399 3513 656 3567 cordiam.
683 3511 973 3580 Oportebat
996 3510 1137 3565 enim
1159 3525 1187 3562 a
1220 3509 1372 3563 nobis
1398 3507 1601 3562 nomini
1625 3518 1715 3561 tuo
1735 3507 1847 3562 dari
1869 3508 1980 3577 glo-

399 3608 529 3661 riam
577 3622 670 3676 per
711 3605 904 3660 bonam
942 3604 1064 3658 vita:
1109 3602 1495 3657 institutionem
1541 3616 1557 3655 :
1600 3600 1693 3656 sed
1729 3602 1977 3670 quoniam

400 3698 500 3753 hac
542 3699 593 3751 in
617 3712 675 3752 re
700 3696 876 3751 oflicio
903 3704 1089 3750 nostro
1119 3693 1281 3748 functi
1315 3709 1419 3747 non
1447 3706 1665 3757 sumus,
1696 3690 1777 3745 fac
1801 3690 1851 3745 id
1883 3706 1979 3759 per

398 3799 547 3844 tuum
572 3788 915 3859 patrocinium
943 3828 957 3853 ,
989 3801 1081 3855 per
1101 3783 1437 3839 clementiam
1460 3791 1514 3837 et
1534 3779 1972 3835 misericordiam.

402 3878 685 3949 A’equando
712 3878 880 3931 dicant
901 3887 1069 3948 gentes
1099 3892 1117 3930 :
1149 3874 1245 3931 Ubi
1274 3884 1345 3929 est
1372 3874 1511 3927 Deus
1531 3889 1701 3927 eorum
1718 3872 1743 3924 ?

466 3974 520 4029 4.
552 3971 722 4027 Audio
747 3970 941 4024 multos
966 3984 1107 4023 nunc
1135 3983 1345 4038 quoque
1366 3965 1629 4037 precando
1655 3964 1770 4019 hznc
1792 3962 1975 4019 dicen-

399 4075 517 4120 tes:
563 4064 670 4119 Sed
710 4064 870 4117 timeo
905 4077 972 4115 ne
1001 4061 1349 4131 nequicquam
1378 4058 1589 4122 dicant,
1621 4054 1720 4110 Ubi
1743 4064 1815 4108 est
1839 4054 1978 4109 Deus

396 4156 612 4211 eorum?
651 4153 863 4224 quando
908 4151 1059 4207 multi
1103 4151 1342 4220 rapiunt,
1381 4158 1437 4203 et
1470 4148 1713 4218 iniuriam
1738 4146 1972 4211 faciunt,

396 4260 452 4305 et
473 4248 756 4303 admittunt
786 4247 988 4302 scelera
1019 4242 1443 4299 innumerabilia.

465 4340 721 4395 Patientia
744 4336 860 4392 Dei.
877 4367 948 4376 --
965 4336 1052 4391 11.
1076 4334 1213 4389 Deus
1247 4344 1413 4388 autem
1446 4342 1611 4387 noster
1636 4332 1687 4386 in
1709 4332 1832 4386 cazlo
1850 4341 1896 4386 et
1922 4330 1975 4384 in

395 4442 529 4486 terra
555 4433 569 4463 ί
594 4431 761 4484 omnia
801 4442 1120 4499 qumcumque
1169 4426 1322 4479 uoluit
1378 4426 1515 4497 fecit.
1561 4425 1851 4479 Stultorum
1890 4424 1977 4479 hic

396 4540 633 4579 erraretur
676 4521 910 4591 corrigit.
953 4520 1211 4588 Quoniam
1251 4517 1393 4572 enim
1434 4516 1587 4571 multi
1640 4517 1805 4572 Deum
1854 4532 1976 4572 esse

396 4616 672 4685 ignorant,
698 4614 857 4668 talem
893 4627 1078 4667 eorum
1106 4611 1421 4667 sententiam
1456 4610 1728 4679 corrigens
1752 4651 1767 4675 ,
1796 4609 1925 4664 dicit
1958 4629 1972 4665 :

396 4706 533 4760 Deus
550 4717 716 4759 autem
731 4715 897 4759 noster
920 4704 974 4758 in
992 4703 1113 4757 cwlo
1132 4704 1301 4757 omnia
1320 4717 1642 4774 quacumque
1661 4700 1815 4754 uoluit
1834 4702 1971 4771 fecit.

396 4800 451 4856 Si
474 4810 649 4854 autem
680 4799 733 4853 in
758 4799 911 4863 cado,
944 4799 1110 4852 multo
1137 4796 1306 4867 magis
1332 4797 1383 4849 in
1416 4806 1574 4850 terra.
1606 4794 1741 4863 Quid
1769 4802 1851 4849 est
1874 4810 1972 4848 au-

398 4903 524 4956 tem,
545 4891 611 4946 In
626 4892 750 4946 aeto
768 4892 937 4944 omnia
953 4906 1269 4960 quaecumque
1296 4889 1450 4942 uoluit
1479 4888 1641 4958 fecit?
1661 4887 1753 4941 Vel
1784 4902 1971 4957 super-

397 5000 493 5039 nas
522 4984 688 5055 inquit
707 4984 948 5045 virtutes,
976 4990 1031 5037 et
1066 4982 1294 5035 infinitas
1321 4981 1437 5034 illas
1470 4991 1668 5034 turmas
1687 5020 1702 5045 ,
1731 4979 1811 5033 vel
1840 4995 1978 5048 prte-

396 5089 545 5147 cepta
597 5093 716 5146 quze
764 5092 882 5131 cum
932 5075 1178 5130 facilitate
1226 5082 1568 5143 peraguntur.
1597 5072 1652 5127 Si
1699 5082 1875 5127 autem
1920 5072 1971 5126 in

399 5182 537 5225 terra
569 5186 756 5241 magna
795 5178 876 5224 est
904 5168 1144 5223 confusio
1170 5167 1475 5236 ordinisque
1515 5167 1878 5237 perturbatio,
1908 5182 1974 5222 ne

397 5266 628 5321 mireris.
656 5267 698 5319 Δ
730 5262 961 5333 nequitia
992 5262 1133 5315 enim
1175 5259 1470 5323 hominum,
1491 5268 1546 5314 et
1572 5275 1778 5324 eorum,
1807 5259 1896 5330 qui
1923 5259 1971 5313 id

396 5366 617 5419 eurnnt,
666 5354 1035 5425 improbitate,
1082 5368 1187 5407 non
1226 5360 1460 5411 autema
1489 5350 1582 5405 Dei
1613 5351 1968 5406 imbecillitate

396 5450 583 5501 oritur.
625 5446 776 5516 Quod
810 5446 953 5501 enim
995 5446 1065 5499 sit
1104 5444 1254 5499 fortis
1276 5451 1332 5497 et
1360 5450 1584 5513 potens,
1616 5457 1734 5512 qua:
1763 5441 1814 5495 in
1840 5447 1971 5497 ctelo

462 5584 478 5614 ¹
516 5589 596 5630 Ita:
614 5593 779 5640 voces,
795 5584 841 5630 et
864 5578 914 5629 in
934 5584 1083 5638 terra,
1106 5576 1287 5627 desunt
1302 5580 1354 5625 tn
1373 5575 1510 5626 Savil.

459 5664 533 5725 (a)
566 5665 677 5721 Quis
697 5662 761 5713 sit
797 5663 874 5711 hic
896 5662 1140 5725 interpres
1158 5661 1431 5722 ignoratur;
1472 5656 1587 5707 illud
1610 5669 1753 5725 vero,
1779 5664 1973 5725 prapter

396 5722 778 5776 miseriam-diua
795 5732 943 5784 tuam,
972 5722 1219 5785 prephctza
1241 5729 1457 5771 mentem
1478 5728 1590 5783 apte
1613 5722 1852 5784 exprimit.

1507 292 1868 353 EXPOSITIO
1907 291 1970 347 IN
2012 290 2332 351 PSALMUM
2370 295 2549 352 CXIII.

3582 303 3683 358 510

2099 386 2231 443 fiunt
2259 389 2309 443 id
2340 389 2657 459 significant.
2688 389 2744 447 Si
2767 400 2940 447 antem
2965 407 3070 448 non
3099 393 3166 448 ita
3191 392 3282 448 fiat
3312 393 3361 448 in
3386 403 3523 449 terra
3546 436 3561 461 ,
3591 397 3683 467 qni

2095 482 2300 553 seipsos
2345 482 2578 538 reddunt
2616 484 2860 556 indignos
2901 485 2949 540 in
2975 501 3133 541 causa
3162 496 3303 541 sunt.
3333 484 3502 543 Porro
3527 488 3683 543 aliter

2095 589 2304 644 quoque
2352 576 2488 630 sumi
2550 586 2724 646 petest
2778 576 2917 647 quod
2963 577 3188 643 dicitur,
3226 594 3418 650 nempe
3466 591 3682 650 propter

2098 664 2192 722 Dei
2234 668 2541 738 patientiam
2582 669 2744 724 multa
2772 685 2891 725 esse
2920 687 3037 742 qu'e
3060 672 3292 726 nondum
3313 674 3578 743 accipiunt
3593 675 3682 744 ju-

2095 772 2229 816 stam
2273 762 2777 817 remunerationem.
2820 763 2937 831 Quo
2984 764 3040 817 fit
3076 764 3281 834 ntjusti
3309 766 3588 821 vincantur
3614 767 3683 822 ab

2096 854 2348 924 improbis
2374 896 2387 916 ,
2433 854 2557 910 dum
2605 870 2709 910 non
2738 855 2850 909 vult
2875 855 3134 927 benignus
3166 857 3303 913 Deus
3330 858 3396 913 de
3426 859 3683 913 uniuscu-

2088 944 2282 1014 jusque
2305 947 2531 1016 peccatis
2557 960 2741 1015 ptenas
2770 962 2800 1002 e
2830 946 3051 1016 vestigio
3077 961 3287 1003 sumere
3318 965 3332 998 :
3359 964 3479 1002 nam
3507 949 3553 1003 si
3579 948 3683 1005 hoc

2095 1040 2323 1107 faceret,
2370 1040 2632 1094 sublatura
2675 1047 2817 1093 esset
2855 1038 2965 1108 jam
2996 1037 3197 1109 pridem
3224 1048 3460 1094 nostrum
3491 1056 3682 1111 genus.

2094 1131 2204 1185 lloc
2232 1146 2359 1201 ergo
2388 1130 2473 1186 hic
2497 1129 2624 1186 dicit
2659 1147 2670 1184 :
2704 1129 2902 1184 Potens
2926 1128 3140 1200 quidem
3168 1138 3250 1185 est
3277 1138 3329 1183 ct
3358 1130 3562 1185 validus
3584 1171 3599 1195 ,
3627 1139 3683 1184 ct

2091 1226 2179 1295 qui
2208 1223 2375 1293 possit
2402 1238 2585 1293 pmnas
2603 1237 2815 1278 sumere
2837 1238 2850 1287 ;
2876 1222 3033 1293 idque
3055 1222 3388 1277 manifestum
3415 1233 3585 1279 estex
3613 1225 3680 1278 iis

2090 1334 2210 1388 qua:
2251 1318 2303 1371 in
2344 1316 2487 1372 cwlis
2526 1316 2656 1371 fiunt
2687 1333 2701 1370 :
2731 1316 2825 1371 sed
2863 1315 2962 1369 hoc
2993 1330 3096 1369 non
3126 1314 3283 1379 facit,
3316 1325 3472 1372 utens
3497 1317 3679 1385 utique

2092 1410 2307 1465 lenitate
2334 1422 2386 1463 et
2407 1407 2655 1480 patientia
2676 1450 2691 1474 ,
2715 1416 2769 1461 et
2788 1404 3060 1461 attrahens
3080 1405 3145 1461 ad
3170 1407 3534 1475 ptenitcntiam
3553 1421 3647 1460 eos
3666 1448 3679 1464 .

2090 1501 2179 1572 qui
2217 1503 2377 1555 vitam
2422 1500 2718 1569 transigunt
2762 1499 2813 1553 in
2849 1498 3071 1554 scelere.
3118 1499 3202 1553 12.
3237 1500 3529 1553 Simulacra
3554 1516 3682 1569 genv

2092 1594 2217 1646 tium
2241 1602 2501 1663 argentum
2529 1602 2574 1646 et
2605 1608 2788 1644 aurum
2807 1631 2821 1657 ,
2846 1607 2999 1660 opera
3020 1606 3261 1643 manuum
3281 1590 3559 1643 hominum.
3588 1590 3675 1644 15.

2095 1685 2165 1739 0s
2199 1685 2414 1749 habent,
2457 1692 2503 1735 et
2545 1698 2645 1736 non
2680 1680 2943 1749 loquentur
2981 1696 2998 1733 :
3041 1681 3211 1733 oculos
3253 1678 3471 1745 habent,
3505 1689 3549 1732 et
3576 1696 3679 1734 non

2090 1777 2322 1831 uidebunt
2353 1792 2370 1828 :
2404 1775 2485 1829 M.
2522 1790 2668 1827 aures
2696 1773 2910 1835 habent,
2940 1781 2986 1824 et
3016 1787 3115 1823 non
3136 1770 3339 1824 audient
3366 1785 3383 1824 :
3412 1786 3559 1824 nares
3581 1770 3678 1823 ha—

2090 1869 2236 1933 bent,
2281 1877 2327 1922 et
2371 1884 2470 1921 non
2516 1864 2794 1919 odorabunt
2833 1879 2852 1917 :
2893 1863 2978 1917 15.
3026 1879 3205 1915 manus
3244 1861 3464 1928 habent,
3506 1871 3554 1915 et
3580 1878 3681 1914 non

2091 1962 2367 2032 palpabunt
2410 1974 2427 2013 :
2468 1958 2617 2027 pedes
2660 1955 2876 2019 habent,
2926 1963 2973 2007 et
3021 1969 3119 2006 non
3161 1951 3488 2005 ambulabunt
3534 1965 3682 2003 :non

2089 2054 2378 2109 clamabunt
2406 2052 2459 2105 in
2498 2060 2699 2121 gutture
2730 2064 2841 2102 suo.
2876 2046 2960 2100 16.
2992 2045 3198 2101 Similes
3228 2045 3298 2097 eis
3326 2043 3451 2113 ﬁant
3481 2046 3570 2113 qui
3595 2046 3677 2112 fa-

2088 2148 2226 2201 ciunt
2253 2163 2329 2199 ea.
2364 2144 2419 2197 In
2446 2142 2654 2197 Psalmo
2683 2139 2972 2195 centesimo
3002 2138 3187 2208 quinto
3208 2152 3392 2191 eorum
3419 2137 3678 2190 insaniam

2090 2252 2331 2302 narrans,
2350 2235 2482 2291 dixit
2505 2252 2518 2288 :
2550 2232 2711 2287 Filios
2737 2241 2782 2286 et
2804 2230 2938 2301 [ilius
2959 2246 3078 2284 suas
3104 2229 3453 2297 sacriﬁcarunt
3480 2228 3674 2281 dromo-

2090 2332 2185 2386 niis
2211 2331 2278 2404 (v.
2323 2329 2413 2396 57)
2457 2345 2468 2380 :
2508 2326 2559 2381 in
2606 2322 2853 2396 praesenti
2879 2333 3054 2377 autem
3104 2321 3465 2390 stupiditatem
3493 2320 3672 2389 ,quud

2090 2420 2336 2477 inanimis
2382 2417 2617 2474 materiis
2660 2414 2803 2469 affixi
2852 2422 2995 2468 sunt.
3045 2411 3233 2467 Omnia
3281 2419 3456 2464 autem
3489 2426 3672 2464 eorum

2088 2514 2323 2569 membra
2351 2511 2706 2583 persequitur,
2730 2523 2792 2562 ea
2824 2506 2989 2560 fusius
3017 2504 3310 2560 ludificans.
3330 2504 3530 2559 Deinde
3554 2504 3680 2558 sub-

2083 2610 2311 2677 jungens
2330 2619 2539 2675 quoque
2559 2602 2705 2656 dicit.
2727 2599 2930 2653 Similes
2952 2598 3020 2651 eis
3046 2598 3172 2666 ﬁant
3192 2597 3275 2666 qui
3302 2596 3498 2665 faciunt
3529 2613 3608 2663 ea,
3631 2607 3679 2648 et

2087 2716 2257 2753 omnes
2297 2699 2383 2769 qui
2420 2697 2677 2765 conﬁdunt
2704 2696 2756 2747 in
2782 2694 2874 2748 eis.
2906 2692 3064 2762 Atqui
3094 2691 3260 2745 virtus
3284 2698 3389 2754 est,
3419 2690 3530 2744 Deo
3558 2703 3679 2744 esse

2087 2793 2314 2847 similem
2368 2806 2382 2844 :
2428 2789 2515 2843 hic
2560 2796 2736 2842 autem
2784 2794 2866 2840 est
2906 2783 3236 2853 imprecatio.
3283 2781 3466 2851 Cogita
3496 2790 3673 2833 autem

2087 2882 2270 2952 quales
2297 2882 2434 2945 sint,
2466 2894 2585 2933 eum
2610 2886 2667 2931 ut
2691 2877 2809 2946 quis
2834 2876 2909 2929 eis
2935 2874 3123 2929 evadat
3149 2873 3356 2938 similis,
3381 2874 3448 2926 sit
3468 2886 3674 2925 summa

2088 2974 2415 3045 imprecatio.
2436 2974 2608 3041 Atque
2636 2969 2931 3024 orationem
2959 2966 3173 3037 quidem
3201 2965 3275 3019 sic
3300 2963 3516 3032 pulchre
3539 2964 3674 3033 figu-

2086 3066 2222 3122 ravit
2244 3107 2260 3132 ,
2302 3078 2395 3119 eos
2435 3071 2687 3115 extrema:
2725 3058 2973 3113 amentia:
3003 3054 3346 3121 insimulatis,
3379 3062 3433 3109 et
3456 3069 3573 3108 esse
3600 3055 3673 3107 ri-

2085 3157 2290 3213 diculos
2312 3153 2622 3211 ostendens.

2155 3248 2420 3302 ldolormn
2440 3244 2773 3315 pernicies.—-—
2787 3238 3063 3309 Quomodo
3082 3248 3257 3293 autem
3290 3250 3392 3291 non
3422 3245 3524 3302 est,
3546 3236 3631 3291 dic
3650 3278 3665 3299 ,

2084 3355 2287 3413 quaso,
2307 3337 2606 3401 ridiculum,
2638 3334 2870 3389 vinetum
2900 3330 3065 3386 teneri
3091 3344 3120 3383 a
3147 3338 3339 3395 statua,
3370 3343 3489 3398 qum
3510 3326 3674 3381 habet

2085 3432 2136 3486 in
2168 3446 2225 3485 se
2257 3428 2474 3498 ﬁguram
2512 3438 2733 3479 summm
2761 3420 3142 3490 turpitudinis?
3166 3419 3296 3486 Quis
3351 3417 3492 3472 enim
3545 3417 3671 3470 velit

2085 3522 2277 3576 nudam
2327 3519 2505 3574 videre
2548 3516 2850 3572 mulierem?
2872 3514 3088 3569 Dzemon
3115 3522 3293 3566 autem
3337 3510 3493 3565 nudae
3536 3524 3671 3581 quo-

2085 3629 2188 3683 que
2221 3612 2401 3680 figura:
2430 3608 2647 3663 assidet.
2679 3608 2743 3661 Et
2775 3619 2915 3659 nunc
2940 3603 3154 3673 quidem
3179 3610 3365 3655 statum
3387 3610 3510 3654 sunt
3535 3600 3668 3653 ima—

2083 3705 2232 3772 gines
2262 3698 2650 3763 fornicationis,
2683 3711 2825 3751 nune
2852 3695 3022 3749 insani
3057 3694 3109 3747 in
3142 3692 3406 3747 masculos
3448 3692 3667 3746 amoris.

2082 3792 2216 3861 Quid
2244 3792 2387 3846 enim
2414 3789 2515 3845 sibi
2544 3789 2659 3842 vult
2682 3785 2891 3857 aquila?
2917 3783 3042 3855 quid
3064 3799 3191 3838 vero
3207 3782 3543 3853 Ganymedes
3569 3779 3670 3852 (a)?

2082 3884 2210 3957 quid
2239 3882 2469 3953 Apollo,
2524 3880 2612 3950 qui
2638 3877 2894 3947 virginem
2946 3873 3327 3945 persequitur?
3376 3871 3502 3942 quid
3550 3873 3670 3927 alia:

2084 3975 2426 4033 exsecranda:
2455 3972 2675 4043 figunt?
2701 3969 2909 4038 Ubique
2953 3966 3148 4031 libido,
3182 3966 3377 4035 ubique
3422 3964 3663 4029 lascivia,

2084 4069 2407 4125 nefariorum
2453 4063 2831 4119 eoneubituum
2854 4069 2906 4115 ct
2932 4059 3236 4114 insanorum
3262 4070 3502 4111 amorum
3540 4065 3668 4111 sunt

2084 4161 2279 4230 ubique
2309 4159 2511 4227 figurze.
2556 4155 2757 4210 Statum
2781 4151 2945 4217 enim,
2996 4149 3150 4213 festa,
3202 4148 3396 4217 publici
3427 4162 3665 4203 conven-

2081 4260 2189 4316 tus,
2234 4260 2287 4304 et
2313 4249 2457 4303 initia
2488 4262 2550 4301 ac
2574 4244 2846 4315 mysteria,
2878 4240 3299 4311 turpissimarum
3320 4255 3494 4293 rerum
3528 4240 3667 4294 indi-

2080 4345 2161 4398 cia
2183 4350 2325 4408 sunt,
2353 4340 2677 4395 monimenta
2695 4346 2751 4392 et
2769 4335 3104 4390 documenta.
3133 4331 3243 4387 Nec
3267 4332 3436 4385 solum
3468 4331 3666 4386 docen-

2083 4444 2167 4490 tur
2200 4449 2287 4489 res
2309 4444 2511 4503 turpes,
2540 4429 2633 4485 sed
2658 4430 2817 4484 etiam
2849 4426 3122 4481 hominum
3147 4424 3321 4479 exn-des
3344 4440 3408 4479 ex
3439 4424 3518 4479 eis
3546 4424 3663 4477 edi-

2080 4537 2318 4584 scuntur.
2358 4524 2510 4582 Unde
2552 4523 2710 4578 etiam
2740 4528 3022 4577 versantur
3063 4519 3351 4573 dmmoncs.
3393 4516 3533 4570 Nihil
3584 4528 3667 4571 est

2080 4623 2221 4678 enim
2260 4618 2402 4674 aliud
2445 4616 2584 4688 apud
2626 4616 2767 4681 illos,
2806 4629 2965 4684 quam
3005 4610 3202 4678 libido,
3254 4611 3666 4680 intemperantes

2080 4712 2386 4774 ebrietates,
2414 4707 2720 4771 crudelitas,
2750 4703 3131 4767 inhumanitas,
3159 4711 3215 4756 et
3258 4700 3471 4766 caedes;
3506 4711 3665 4770 atque

2083 4802 2206 4857 hine
2249 4799 2417 4854 videri
2464 4805 2684 4867 possunt
2709 4794 2935 4850 conflata
2961 4807 3080 4847 esse
3109 4791 3265 4847 festa.
3320 4791 3454 4851 Cum
3487 4791 3666 4859 itaque

2080 4896 2363 4950 simulacra
2410 4892 2559 4947 nullo
2605 4904 2763 4944 sensu
2815 4887 3074 4958 praedita,
3104 4894 3159 4940 et
3204 4899 3388 4939 eorum
3430 4884 3517 4953 qui
3563 4882 3667 4937 illis

2081 4986 2356 5042 confidunt
2384 4982 2671 5037 amentiam
2716 4988 2859 5035 esset
2890 4978 3206 5042 ludificatus,
3251 4975 3316 5030 ad
3338 4975 3430 5030 Dei
3452 4973 3663 5029 laudem

2082 5078 2343 5134 convertit
2388 5075 2706 5131 orationem.
2760 5070 2942 5125 dicens
2975 5084 2988 5121 :
3025 5068 3109 5122 17.
3135 5066 3328 5120 Domus
3355 5064 3518 5119 Israel
3546 5081 3669 5132 spe-

2081 5171 2206 5224 rauit
2228 5170 2278 5222 in
2304 5166 2553 5229 Domino;
2585 5163 2791 5233 adjutor
2814 5176 2984 5216 eorum
3011 5169 3056 5212 et
3085 5168 3336 5227 protector
3366 5170 3535 5209 eorum
3568 5164 3661 5208 est.

2086 5263 2170 5317 18.
2204 5260 2398 5314 Domus
2426 5259 2596 5310 Aaron
2624 5255 2839 5323 speravit
2885 5253 2936 5305 in
2969 5249 3219 5313 Domino;
3260 5248 3464 5317 adjutor
3491 5262 3665 5299 eorum

2083 5366 2128 5409 et
2152 5361 2397 5423 protector
2429 5367 2601 5404 eorum
2622 5356 2711 5402 est.
2746 5346 2834 5402 19.
2871 5345 2969 5412 Qui
2992 5344 3165 5396 timent
3190 5339 3465 5393 Dominum
3484 5355 3662 5408 spera-

2082 5452 2260 5500 rerunt
2282 5443 2335 5496 in
2369 5441 2628 5505 Domino;
2664 5438 2871 5508 adjutor
2906 5450 3079 5489 eorum
3116 5443 3163 5487 et
3203 5440 3454 5502 protector
3493 5445 3665 5482 eorum

2144 5597 2216 5661 (a)
2252 5596 2479 5661 infamem
2500 5592 2782 5657 Ganymedis
2827 5599 2879 5642 et
2921 5599 3113 5654 turpem
3157 5587 3378 5650 Daphnes
3411 5585 3661 5661 historiam

2082 5657 2230 5771 eti'agi
2253 5659 2397 5771 taedio
2420 5664 2731 5708 monumenta
2770 5663 2995 5705 veterum
3033 5664 3144 5717 quze
3189 5657 3452 5714 supersunt
3474 5659 3660 5713 repra-

2082 5734 2171 5772 sen
2225 5734 2254 5771 ιι
