  <div class='ocr_page' id='page_1' title='image "/cluster/home/n/w/nwhite01/storage/ocr_20150623/55/nnc1.0046980016/301.png"; bbox 0 0 4112 6342; ppageno 0'>
   <div class='ocr_carea' id='block_1_1' title="bbox 475 380 573 437">
    <p class='ocr_par' dir='ltr' id='par_1_1' title="bbox 475 380 573 437">
     <span class='ocr_line' id='line_1_1' title="bbox 475 380 573 437; baseline -0.031 0"><span class='ocrx_word' id='word_1_1' title='bbox 475 380 573 437; x_wconf 72' lang='lat' dir='ltr'><strong>5H</strong></span> 
     </span>
    </p>
   </div>
   <div class='ocr_carea' id='block_1_2' title="bbox 474 495 2056 568">
    <p class='ocr_par' dir='ltr' id='par_1_2' title="bbox 474 495 2056 568">
     <span class='ocr_line' id='line_1_2' title="bbox 474 495 2056 568; baseline -0.004 -13"><span class='ocrx_word' id='word_1_2' title='bbox 474 509 564 555; x_wconf 81' lang='lat' dir='ltr'><strong>est.</strong></span> <span class='ocrx_word' id='word_1_3' title='bbox 593 499 691 555; x_wconf 82' lang='lat' dir='ltr'><strong>Per</strong></span> <span class='ocrx_word' id='word_1_4' title='bbox 714 497 830 554; x_wconf 70' lang='lat' dir='ltr'><strong>lucc</strong></span> <span class='ocrx_word' id='word_1_5' title='bbox 856 499 996 554; x_wconf 91' lang='lat' dir='ltr'><strong>enim</strong></span> <span class='ocrx_word' id='word_1_6' title='bbox 1023 506 1076 554; x_wconf 93' lang='lat' dir='ltr'><strong>et</strong></span> <span class='ocrx_word' id='word_1_7' title='bbox 1103 497 1196 554; x_wconf 86' lang='lat' dir='ltr'><strong>Dei</strong></span> <span class='ocrx_word' id='word_1_8' title='bbox 1229 498 1516 568; x_wconf 77' lang='lat' dir='ltr'><strong>potentiam</strong></span> <span class='ocrx_word' id='word_1_9' title='bbox 1542 495 1814 568; x_wconf 62' lang='lat' dir='ltr'><strong>praedicat,</strong></span> <span class='ocrx_word' id='word_1_10' title='bbox 1842 501 1899 550; x_wconf 82' lang='lat' dir='ltr'><strong>et</strong></span> <span class='ocrx_word' id='word_1_11' title='bbox 1940 495 2056 564; x_wconf 84' lang='lat' dir='ltr'><strong>ejus</strong></span> 
     </span>
    </p>
   </div>
   <div class='ocr_carea' id='block_1_3' title="bbox 474 584 2058 661">
    <p class='ocr_par' dir='ltr' id='par_1_3' title="bbox 474 584 2058 661">
     <span class='ocr_line' id='line_1_3' title="bbox 474 584 2058 661; baseline -0.004 -14"><span class='ocrx_word' id='word_1_12' title='bbox 474 591 944 661; x_wconf 78' lang='lat' dir='ltr'><strong>incomparabilem</strong></span> <span class='ocrx_word' id='word_1_13' title='bbox 975 597 1030 644; x_wconf 89' lang='lat' dir='ltr'><strong>et</strong></span> <span class='ocrx_word' id='word_1_14' title='bbox 1073 605 1234 659; x_wconf 86' lang='lat' dir='ltr'><strong>super</strong></span> <span class='ocrx_word' id='word_1_15' title='bbox 1270 602 1460 645; x_wconf 91' lang='lat' dir='ltr'><strong>omnes</strong></span> <span class='ocrx_word' id='word_1_16' title='bbox 1506 587 1897 643; x_wconf 75' lang='lat' dir='ltr'><strong>excellentiam.</strong></span> <span class='ocrx_word' id='word_1_17' title='bbox 1927 584 2058 654; x_wconf 84' lang='lat' dir='ltr'><strong>Quae</strong></span> 
     </span>
    </p>
   </div>
   <div class='ocr_carea' id='block_1_4' title="bbox 471 677 2054 751">
    <p class='ocr_par' dir='ltr' id='par_1_4' title="bbox 471 677 2054 751">
     <span class='ocr_line' id='line_1_4' title="bbox 471 677 2054 751; baseline -0.004 -14"><span class='ocrx_word' id='word_1_18' title='bbox 471 683 612 737; x_wconf 91' lang='lat' dir='ltr'><strong>enim</strong></span> <span class='ocrx_word' id='word_1_19' title='bbox 644 680 865 736; x_wconf 87' lang='lat' dir='ltr'><strong>Judaico</strong></span> <span class='ocrx_word' id='word_1_20' title='bbox 892 679 1085 751; x_wconf 90' lang='lat' dir='ltr'><strong>populo</strong></span> <span class='ocrx_word' id='word_1_21' title='bbox 1110 679 1246 735; x_wconf 82' lang='lat' dir='ltr'><strong>facta</strong></span> <span class='ocrx_word' id='word_1_22' title='bbox 1267 688 1391 734; x_wconf 88' lang='lat' dir='ltr'><strong>sunt</strong></span> <span class='ocrx_word' id='word_1_23' title='bbox 1417 680 1468 734; x_wconf 92' lang='lat' dir='ltr'><strong>in</strong></span> <span class='ocrx_word' id='word_1_24' title='bbox 1503 678 1735 733; x_wconf 91' lang='lat' dir='ltr'><strong>medium</strong></span> <span class='ocrx_word' id='word_1_25' title='bbox 1763 677 2054 743; x_wconf 87' lang='lat' dir='ltr'><strong>adducens,</strong></span> 
     </span>
    </p>
   </div>
   <div class='ocr_carea' id='block_1_5' title="bbox 471 768 2054 842">
    <p class='ocr_par' dir='ltr' id='par_1_5' title="bbox 471 768 2054 842">
     <span class='ocr_line' id='line_1_5' title="bbox 471 768 2054 842; baseline -0.004 -15"><span class='ocrx_word' id='word_1_26' title='bbox 471 772 706 827; x_wconf 89' lang='lat' dir='ltr'><strong>ostendit</strong></span> <span class='ocrx_word' id='word_1_27' title='bbox 751 772 868 842; x_wconf 87' lang='lat' dir='ltr'><strong>ejus</strong></span> <span class='ocrx_word' id='word_1_28' title='bbox 905 771 1130 842; x_wconf 83' lang='lat' dir='ltr'><strong>duplex,</strong></span> <span class='ocrx_word' id='word_1_29' title='bbox 1177 772 1285 825; x_wconf 90' lang='lat' dir='ltr'><strong>imo</strong></span> <span class='ocrx_word' id='word_1_30' title='bbox 1311 785 1439 825; x_wconf 89' lang='lat' dir='ltr'><strong>vero</strong></span> <span class='ocrx_word' id='word_1_31' title='bbox 1481 769 1670 838; x_wconf 82' lang='lat' dir='ltr'><strong>triplex</strong></span> <span class='ocrx_word' id='word_1_32' title='bbox 1717 768 2054 823; x_wconf 74' lang='lat' dir='ltr'><strong>beneficium.</strong></span> 
     </span>
    </p>
   </div>
   <div class='ocr_carea' id='block_1_6' title="bbox 472 862 2052 936">
    <p class='ocr_par' dir='ltr' id='par_1_6' title="bbox 472 862 2052 936">
     <span class='ocr_line' id='line_1_6' title="bbox 472 862 2052 936; baseline -0.002 -17"><span class='ocrx_word' id='word_1_33' title='bbox 472 865 706 920; x_wconf 87' lang='lat' dir='ltr'><strong>Primum</strong></span> <span class='ocrx_word' id='word_1_34' title='bbox 746 865 980 935; x_wconf 85' lang='lat' dir='ltr'><strong>quidem,</strong></span> <span class='ocrx_word' id='word_1_35' title='bbox 1011 864 1152 936; x_wconf 90' lang='lat' dir='ltr'><strong>quod</strong></span> <span class='ocrx_word' id='word_1_36' title='bbox 1173 878 1266 920; x_wconf 88' lang='lat' dir='ltr'><strong>eos</strong></span> <span class='ocrx_word' id='word_1_37' title='bbox 1301 864 1605 919; x_wconf 83' lang='lat' dir='ltr'><strong>liberaverit</strong></span> <span class='ocrx_word' id='word_1_38' title='bbox 1630 878 1659 915; x_wconf 89' lang='lat' dir='ltr'><strong>a</strong></span> <span class='ocrx_word' id='word_1_39' title='bbox 1685 862 2052 916; x_wconf 70' lang='lat' dir='ltr'><strong>dtemonibus:</strong></span> 
     </span>
    </p>
   </div>
   <div class='ocr_carea' id='block_1_7' title="bbox 469 953 2050 1027">
    <p class='ocr_par' dir='ltr' id='par_1_7' title="bbox 469 953 2050 1027">
     <span class='ocr_line' id='line_1_7' title="bbox 469 953 2050 1027; baseline -0.003 -15"><span class='ocrx_word' id='word_1_40' title='bbox 469 957 685 1022; x_wconf 89' lang='lat' dir='ltr'><strong>deinde,</strong></span> <span class='ocrx_word' id='word_1_41' title='bbox 719 955 858 1027; x_wconf 88' lang='lat' dir='ltr'><strong>quod</strong></span> <span class='ocrx_word' id='word_1_42' title='bbox 888 956 1124 1026; x_wconf 83' lang='lat' dir='ltr'><strong>seipsum</strong></span> <span class='ocrx_word' id='word_1_43' title='bbox 1148 953 1566 1009; x_wconf 77' lang='lat' dir='ltr'><strong>manifestaverit</strong></span> <span class='ocrx_word' id='word_1_44' title='bbox 1593 970 1608 1007; x_wconf 89' lang='lat'><strong>:</strong></span> <span class='ocrx_word' id='word_1_45' title='bbox 1635 954 1790 1008; x_wconf 89' lang='lat' dir='ltr'><strong>tertio</strong></span> <span class='ocrx_word' id='word_1_46' title='bbox 1834 963 2010 1008; x_wconf 85' lang='lat' dir='ltr'><strong>autem</strong></span> <span class='ocrx_word' id='word_1_47' title='bbox 2034 995 2050 1020; x_wconf 92' lang='lat'><strong>,</strong></span> 
     </span>
    </p>
   </div>
   <div class='ocr_carea' id='block_1_8' title="bbox 469 1049 1505 1119">
    <p class='ocr_par' dir='ltr' id='par_1_8' title="bbox 469 1049 1505 1119">
     <span class='ocr_line' id='line_1_8' title="bbox 469 1049 1505 1119; baseline -0.002 -16"><span class='ocrx_word' id='word_1_48' title='bbox 469 1050 608 1119; x_wconf 90' lang='lat' dir='ltr'><strong>quod</strong></span> <span class='ocrx_word' id='word_1_49' title='bbox 650 1053 727 1104; x_wconf 89' lang='lat' dir='ltr'><strong>eis</strong></span> <span class='ocrx_word' id='word_1_50' title='bbox 747 1066 898 1104; x_wconf 91' lang='lat' dir='ltr'><strong>suum</strong></span> <span class='ocrx_word' id='word_1_51' title='bbox 922 1049 1210 1119; x_wconf 73' lang='lat' dir='ltr'><strong>prtebuerit</strong></span> <span class='ocrx_word' id='word_1_52' title='bbox 1233 1049 1505 1103; x_wconf 82' lang='lat' dir='ltr'><strong>auxilium.</strong></span> 
     </span>
    </p>
   </div>
   <div class='ocr_carea' id='block_1_9' title="bbox 541 1137 2055 1213">
    <p class='ocr_par' dir='ltr' id='par_1_9' title="bbox 541 1137 2055 1213">
     <span class='ocr_line' id='line_1_9' title="bbox 541 1137 2055 1213; baseline -0.003 -17"><span class='ocrx_word' id='word_1_53' title='bbox 541 1141 792 1196; x_wconf 75' lang='lat' dir='ltr'><strong>Sacerdos</strong></span> <span class='ocrx_word' id='word_1_54' title='bbox 817 1141 1064 1211; x_wconf 78' lang='lat' dir='ltr'><strong>privatum</strong></span> <span class='ocrx_word' id='word_1_55' title='bbox 1091 1141 1237 1213; x_wconf 82' lang='lat' dir='ltr'><strong>longe</strong></span> <span class='ocrx_word' id='word_1_56' title='bbox 1261 1149 1486 1212; x_wconf 86' lang='lat' dir='ltr'><strong>superat.</strong></span> <span class='ocrx_word' id='word_1_57' title='bbox 1508 1139 1838 1194; x_wconf 68' lang='lat' dir='ltr'><strong>Providentia”</strong></span> <span class='ocrx_word' id='word_1_58' title='bbox 1849 1149 1894 1192; x_wconf 91' lang='lat' dir='ltr'><strong>et</strong></span> <span class='ocrx_word' id='word_1_59' title='bbox 1908 1137 2055 1193; x_wconf 57' lang='lat' dir='ltr'><strong>bene.</strong></span> 
     </span>
    </p>
   </div>
   <div class='ocr_carea' id='block_1_10' title="bbox 471 1230 2055 1304">
    <p class='ocr_par' dir='ltr' id='par_1_10' title="bbox 471 1230 2055 1304">
     <span class='ocr_line' id='line_1_10' title="bbox 471 1230 2055 1304; baseline -0.001 -18"><span class='ocrx_word' id='word_1_60' title='bbox 471 1233 622 1287; x_wconf 78' lang='lat' dir='ltr'><strong>dictio</strong></span> <span class='ocrx_word' id='word_1_61' title='bbox 640 1231 739 1286; x_wconf 90' lang='lat' dir='ltr'><strong>Dei</strong></span> <span class='ocrx_word' id='word_1_62' title='bbox 760 1250 910 1304; x_wconf 85' lang='lat' dir='ltr'><strong>super</strong></span> <span class='ocrx_word' id='word_1_63' title='bbox 921 1231 1086 1288; x_wconf 79' lang='lat' dir='ltr'><strong>Israel</strong></span> <span class='ocrx_word' id='word_1_64' title='bbox 1100 1242 1146 1287; x_wconf 87' lang='lat' dir='ltr'><strong>et</strong></span> <span class='ocrx_word' id='word_1_65' title='bbox 1170 1234 1306 1304; x_wconf 88' lang='lat' dir='ltr'><strong>ipsos</strong></span> <span class='ocrx_word' id='word_1_66' title='bbox 1338 1232 1648 1304; x_wconf 81' lang='lat' dir='ltr'><strong>proselytos;</strong></span> <span class='ocrx_word' id='word_1_67' title='bbox 1675 1230 1947 1284; x_wconf 78' lang='lat' dir='ltr'><strong>benedictio</strong></span> <span class='ocrx_word' id='word_1_68' title='bbox 1969 1247 2055 1290; x_wconf 76' lang='lat' dir='ltr'><strong>,ve-</strong></span> 
     </span>
    </p>
   </div>
   <div class='ocr_carea' id='block_1_11' title="bbox 468 1322 2054 1389">
    <p class='ocr_par' dir='ltr' id='par_1_11' title="bbox 468 1322 2054 1389">
     <span class='ocr_line' id='line_1_11' title="bbox 468 1322 2054 1389; baseline -0.001 -12"><span class='ocrx_word' id='word_1_69' title='bbox 468 1333 547 1377; x_wconf 88' lang='lat' dir='ltr'><strong>tus</strong></span> <span class='ocrx_word' id='word_1_70' title='bbox 573 1333 616 1377; x_wconf 90' lang='lat' dir='ltr'><strong>et</strong></span> <span class='ocrx_word' id='word_1_71' title='bbox 639 1339 862 1377; x_wconf 81' lang='lat' dir='ltr'><strong>nova.-—</strong></span> <span class='ocrx_word' id='word_1_72' title='bbox 879 1322 1071 1377; x_wconf 87' lang='lat' dir='ltr'><strong>Dividit</strong></span> <span class='ocrx_word' id='word_1_73' title='bbox 1099 1332 1276 1378; x_wconf 90' lang='lat' dir='ltr'><strong>autem</strong></span> <span class='ocrx_word' id='word_1_74' title='bbox 1299 1323 1592 1378; x_wconf 85' lang='lat' dir='ltr'><strong>orationem</strong></span> <span class='ocrx_word' id='word_1_75' title='bbox 1624 1322 1676 1377; x_wconf 89' lang='lat' dir='ltr'><strong>in</strong></span> <span class='ocrx_word' id='word_1_76' title='bbox 1700 1322 1969 1389; x_wconf 86' lang='lat' dir='ltr'><strong>lsraelem,</strong></span> <span class='ocrx_word' id='word_1_77' title='bbox 2000 1329 2054 1376; x_wconf 88' lang='lat' dir='ltr'><strong>et</strong></span> 
     </span>
    </p>
   </div>
   <div class='ocr_carea' id='block_1_12' title="bbox 465 1415 2051 1487">
    <p class='ocr_par' dir='ltr' id='par_1_12' title="bbox 465 1415 2051 1487">
     <span class='ocr_line' id='line_1_12' title="bbox 465 1415 2051 1487; baseline -0.002 -15"><span class='ocrx_word' id='word_1_78' title='bbox 465 1431 632 1486; x_wconf 74' lang='lat' dir='ltr'><strong>genus</strong></span> <span class='ocrx_word' id='word_1_79' title='bbox 678 1416 1039 1483; x_wconf 87' lang='lat' dir='ltr'><strong>sacerdotale,</strong></span> <span class='ocrx_word' id='word_1_80' title='bbox 1078 1426 1130 1472; x_wconf 90' lang='lat' dir='ltr'><strong>et</strong></span> <span class='ocrx_word' id='word_1_81' title='bbox 1171 1432 1266 1472; x_wconf 91' lang='lat' dir='ltr'><strong>eos</strong></span> <span class='ocrx_word' id='word_1_82' title='bbox 1294 1418 1384 1487; x_wconf 93' lang='lat' dir='ltr'><strong>qui</strong></span> <span class='ocrx_word' id='word_1_83' title='bbox 1416 1417 1482 1471; x_wconf 87' lang='lat' dir='ltr'><strong>ad</strong></span> <span class='ocrx_word' id='word_1_84' title='bbox 1533 1432 1656 1472; x_wconf 93' lang='lat' dir='ltr'><strong>eum</strong></span> <span class='ocrx_word' id='word_1_85' title='bbox 1693 1415 1953 1472; x_wconf 87' lang='lat' dir='ltr'><strong>accedunt</strong></span> <span class='ocrx_word' id='word_1_86' title='bbox 1986 1430 2051 1470; x_wconf 87' lang='lat' dir='ltr'><strong>ex</strong></span> 
     </span>
    </p>
   </div>
   <div class='ocr_carea' id='block_1_13' title="bbox 465 1506 2054 1577">
    <p class='ocr_par' dir='ltr' id='par_1_13' title="bbox 465 1506 2054 1577">
     <span class='ocr_line' id='line_1_13' title="bbox 465 1506 2054 1577; baseline -0.003 -13"><span class='ocrx_word' id='word_1_87' title='bbox 465 1507 736 1577; x_wconf 80' lang='lat' dir='ltr'><strong>gentibus.</strong></span> <span class='ocrx_word' id='word_1_88' title='bbox 761 1506 876 1562; x_wconf 86' lang='lat' dir='ltr'><strong>Non</strong></span> <span class='ocrx_word' id='word_1_89' title='bbox 898 1517 980 1563; x_wconf 91' lang='lat' dir='ltr'><strong>est</strong></span> <span class='ocrx_word' id='word_1_90' title='bbox 1004 1507 1147 1563; x_wconf 91' lang='lat' dir='ltr'><strong>enim</strong></span> <span class='ocrx_word' id='word_1_91' title='bbox 1175 1507 1530 1563; x_wconf 84' lang='lat' dir='ltr'><strong>conferendus</strong></span> <span class='ocrx_word' id='word_1_92' title='bbox 1559 1507 1795 1577; x_wconf 84' lang='lat' dir='ltr'><strong>privatus</strong></span> <span class='ocrx_word' id='word_1_93' title='bbox 1821 1522 1940 1561; x_wconf 88' lang='lat' dir='ltr'><strong>cum</strong></span> <span class='ocrx_word' id='word_1_94' title='bbox 1968 1521 2054 1560; x_wconf 84' lang='lat' dir='ltr'><strong>sa-</strong></span> 
     </span>
    </p>
   </div>
   <div class='ocr_carea' id='block_1_14' title="bbox 467 1597 2052 1670">
    <p class='ocr_par' dir='ltr' id='par_1_14' title="bbox 467 1597 2052 1670">
     <span class='ocr_line' id='line_1_14' title="bbox 467 1597 2052 1670; baseline -0.003 -16"><span class='ocrx_word' id='word_1_95' title='bbox 467 1600 705 1666; x_wconf 87' lang='lat' dir='ltr'><strong>cerdote,</strong></span> <span class='ocrx_word' id='word_1_96' title='bbox 734 1599 826 1655; x_wconf 87' lang='lat' dir='ltr'><strong>sed</strong></span> <span class='ocrx_word' id='word_1_97' title='bbox 859 1598 945 1654; x_wconf 92' lang='lat' dir='ltr'><strong>hic</strong></span> <span class='ocrx_word' id='word_1_98' title='bbox 974 1616 1096 1655; x_wconf 92' lang='lat' dir='ltr'><strong>eum</strong></span> <span class='ocrx_word' id='word_1_99' title='bbox 1118 1600 1273 1670; x_wconf 80' lang='lat' dir='ltr'><strong>longe</strong></span> <span class='ocrx_word' id='word_1_100' title='bbox 1311 1608 1526 1668; x_wconf 87' lang='lat' dir='ltr'><strong>superat</strong></span> <span class='ocrx_word' id='word_1_101' title='bbox 1555 1615 1569 1652; x_wconf 93' lang='lat'><strong>:</strong></span> <span class='ocrx_word' id='word_1_102' title='bbox 1618 1608 1672 1654; x_wconf 93' lang='lat' dir='ltr'><strong>et</strong></span> <span class='ocrx_word' id='word_1_103' title='bbox 1701 1598 1820 1652; x_wconf 91' lang='lat' dir='ltr'><strong>ideo</strong></span> <span class='ocrx_word' id='word_1_104' title='bbox 1860 1597 2052 1652; x_wconf 92' lang='lat' dir='ltr'><strong>merito</strong></span> 
     </span>
    </p>
   </div>
   <div class='ocr_carea' id='block_1_15' title="bbox 465 1685 2047 1759">
    <p class='ocr_par' dir='ltr' id='par_1_15' title="bbox 465 1685 2047 1759">
     <span class='ocr_line' id='line_1_15' title="bbox 465 1685 2047 1759; baseline -0.005 -13"><span class='ocrx_word' id='word_1_105' title='bbox 465 1685 724 1746; x_wconf 55' lang='lat' dir='ltr'><strong>eam&#39;facit</strong></span> <span class='ocrx_word' id='word_1_106' title='bbox 739 1689 1073 1744; x_wconf 87' lang='lat' dir='ltr'><strong>divisionem.</strong></span> <span class='ocrx_word' id='word_1_107' title='bbox 1095 1688 1258 1759; x_wconf 82' lang='lat' dir='ltr'><strong>Major</strong></span> <span class='ocrx_word' id='word_1_108' title='bbox 1279 1689 1420 1744; x_wconf 92' lang='lat' dir='ltr'><strong>enim</strong></span> <span class='ocrx_word' id='word_1_109' title='bbox 1437 1695 1518 1743; x_wconf 90' lang='lat' dir='ltr'><strong>est</strong></span> <span class='ocrx_word' id='word_1_110' title='bbox 1538 1688 1618 1744; x_wconf 91' lang='lat' dir='ltr'><strong>eis</strong></span> <span class='ocrx_word' id='word_1_111' title='bbox 1633 1687 1805 1742; x_wconf 83' lang='lat' dir='ltr'><strong>honor</strong></span> <span class='ocrx_word' id='word_1_112' title='bbox 1820 1685 2047 1740; x_wconf 88' lang='lat' dir='ltr'><strong>habitus.</strong></span> 
     </span>
    </p>
   </div>
   <div class='ocr_carea' id='block_1_16' title="bbox 533 1779 2050 1852">
    <p class='ocr_par' dir='ltr' id='par_1_16' title="bbox 533 1779 2050 1852">
     <span class='ocr_line' id='line_1_16' title="bbox 533 1779 2050 1852; baseline -0.003 -15"><span class='ocrx_word' id='word_1_113' title='bbox 533 1779 587 1838; x_wconf 81' lang='lat'><strong>5.</strong></span> <span class='ocrx_word' id='word_1_114' title='bbox 630 1780 832 1836; x_wconf 89' lang='lat' dir='ltr'><strong>Deinde</strong></span> <span class='ocrx_word' id='word_1_115' title='bbox 870 1781 1160 1836; x_wconf 88' lang='lat' dir='ltr'><strong>ostendens</strong></span> <span class='ocrx_word' id='word_1_116' title='bbox 1187 1780 1575 1852; x_wconf 82' lang='lat' dir='ltr'><strong>providentiam</strong></span> <span class='ocrx_word' id='word_1_117' title='bbox 1607 1795 1712 1833; x_wconf 92' lang='lat' dir='ltr'><strong>non</strong></span> <span class='ocrx_word' id='word_1_118' title='bbox 1749 1793 1867 1833; x_wconf 92' lang='lat' dir='ltr'><strong>esse</strong></span> <span class='ocrx_word' id='word_1_119' title='bbox 1889 1779 2050 1832; x_wconf 86' lang='lat' dir='ltr'><strong>rebus</strong></span> 
     </span>
    </p>
   </div>
   <div class='ocr_carea' id='block_1_17' title="bbox 464 1871 2048 1942">
    <p class='ocr_par' dir='ltr' id='par_1_17' title="bbox 464 1871 2048 1942">
     <span class='ocr_line' id='line_1_17' title="bbox 464 1871 2048 1942; baseline -0.003 -16"><span class='ocrx_word' id='word_1_120' title='bbox 464 1883 666 1927; x_wconf 88' lang='lat' dir='ltr'><strong>tantum</strong></span> <span class='ocrx_word' id='word_1_121' title='bbox 689 1871 927 1928; x_wconf 81' lang='lat' dir='ltr'><strong>Judaicis</strong></span> <span class='ocrx_word' id='word_1_122' title='bbox 953 1871 1408 1940; x_wconf 86' lang='lat' dir='ltr'><strong>circumscriptam</strong></span> <span class='ocrx_word' id='word_1_123' title='bbox 1431 1911 1446 1935; x_wconf 91' lang='lat'><strong>,</strong></span> <span class='ocrx_word' id='word_1_124' title='bbox 1478 1871 1870 1942; x_wconf 85' lang='lat' dir='ltr'><strong>proselytorum</strong></span> <span class='ocrx_word' id='word_1_125' title='bbox 1911 1884 2048 1940; x_wconf 89' lang='lat' dir='ltr'><strong>quo-</strong></span> 
     </span>
    </p>
   </div>
   <div class='ocr_carea' id='block_1_18' title="bbox 463 1961 2048 2033">
    <p class='ocr_par' dir='ltr' id='par_1_18' title="bbox 463 1961 2048 2033">
     <span class='ocr_line' id='line_1_18' title="bbox 463 1961 2048 2033; baseline -0.001 -17"><span class='ocrx_word' id='word_1_126' title='bbox 463 1979 564 2033; x_wconf 89' lang='lat' dir='ltr'><strong>que</strong></span> <span class='ocrx_word' id='word_1_127' title='bbox 592 1965 852 2028; x_wconf 89' lang='lat' dir='ltr'><strong>meminit,</strong></span> <span class='ocrx_word' id='word_1_128' title='bbox 885 1963 974 2033; x_wconf 85' lang='lat' dir='ltr'><strong>qui</strong></span> <span class='ocrx_word' id='word_1_129' title='bbox 1018 1963 1280 2018; x_wconf 90' lang='lat' dir='ltr'><strong>accedunt</strong></span> <span class='ocrx_word' id='word_1_130' title='bbox 1305 1977 1367 2018; x_wconf 90' lang='lat' dir='ltr'><strong>cx</strong></span> <span class='ocrx_word' id='word_1_131' title='bbox 1391 1961 1656 2031; x_wconf 77' lang='lat' dir='ltr'><strong>gentibus,</strong></span> <span class='ocrx_word' id='word_1_132' title='bbox 1692 1961 1947 2015; x_wconf 84' lang='lat' dir='ltr'><strong>auxilium</strong></span> <span class='ocrx_word' id='word_1_133' title='bbox 1992 1971 2048 2016; x_wconf 90' lang='lat' dir='ltr'><strong>et</strong></span> 
     </span>
    </p>
   </div>
   <div class='ocr_carea' id='block_1_19' title="bbox 463 2049 2052 2110">
    <p class='ocr_par' dir='ltr' id='par_1_19' title="bbox 463 2049 2052 2110">
     <span class='ocr_line' id='line_1_19' title="bbox 463 2049 2052 2110; baseline -0.002 -1"><span class='ocrx_word' id='word_1_134' title='bbox 463 2054 886 2110; x_wconf 88' lang='lat' dir='ltr'><strong>benedictionem</strong></span> <span class='ocrx_word' id='word_1_135' title='bbox 931 2053 1122 2109; x_wconf 83' lang='lat' dir='ltr'><strong>factam</strong></span> <span class='ocrx_word' id='word_1_136' title='bbox 1154 2054 1205 2108; x_wconf 92' lang='lat' dir='ltr'><strong>in</strong></span> <span class='ocrx_word' id='word_1_137' title='bbox 1233 2069 1418 2108; x_wconf 93' lang='lat' dir='ltr'><strong>omnes</strong></span> <span class='ocrx_word' id='word_1_138' title='bbox 1445 2067 1564 2107; x_wconf 92' lang='lat' dir='ltr'><strong>esse</strong></span> <span class='ocrx_word' id='word_1_139' title='bbox 1588 2051 1789 2106; x_wconf 92' lang='lat' dir='ltr'><strong>dicens.</strong></span> <span class='ocrx_word' id='word_1_140' title='bbox 1818 2051 1910 2106; x_wconf 89' lang='lat'><strong>20.</strong></span> <span class='ocrx_word' id='word_1_141' title='bbox 1940 2049 2052 2106; x_wconf 87' lang='lat' dir='ltr'><strong>Do-</strong></span> 
     </span>
    </p>
   </div>
   <div class='ocr_carea' id='block_1_20' title="bbox 461 2142 2050 2208">
    <p class='ocr_par' dir='ltr' id='par_1_20' title="bbox 461 2142 2050 2208">
     <span class='ocr_line' id='line_1_20' title="bbox 461 2142 2050 2208; baseline -0.001 -11"><span class='ocrx_word' id='word_1_142' title='bbox 461 2145 626 2198; x_wconf 86' lang='lat' dir='ltr'><strong>minus</strong></span> <span class='ocrx_word' id='word_1_143' title='bbox 660 2160 849 2199; x_wconf 89' lang='lat' dir='ltr'><strong>memor</strong></span> <span class='ocrx_word' id='word_1_144' title='bbox 891 2144 1089 2208; x_wconf 82' lang='lat' dir='ltr'><strong>nostri,</strong></span> <span class='ocrx_word' id='word_1_145' title='bbox 1126 2143 1374 2198; x_wconf 75' lang='lat' dir='ltr'><strong>benedixit</strong></span> <span class='ocrx_word' id='word_1_146' title='bbox 1394 2142 1553 2198; x_wconf 89' lang='lat' dir='ltr'><strong>nobis.</strong></span> <span class='ocrx_word' id='word_1_147' title='bbox 1583 2143 1848 2197; x_wconf 72' lang='lat' dir='ltr'><strong>Benedixit</strong></span> <span class='ocrx_word' id='word_1_148' title='bbox 1877 2143 2050 2196; x_wconf 81' lang='lat' dir='ltr'><strong>domui</strong></span> 
     </span>
    </p>
   </div>
   <div class='ocr_carea' id='block_1_21' title="bbox 464 2235 2049 2306">
    <p class='ocr_par' dir='ltr' id='par_1_21' title="bbox 464 2235 2049 2306">
     <span class='ocr_line' id='line_1_21' title="bbox 464 2235 2049 2306; baseline -0.001 -16"><span class='ocrx_word' id='word_1_149' title='bbox 464 2235 650 2301; x_wconf 78' lang='lat' dir='ltr'><strong>Israel,</strong></span> <span class='ocrx_word' id='word_1_150' title='bbox 669 2237 915 2291; x_wconf 74' lang='lat' dir='ltr'><strong>benedixit</strong></span> <span class='ocrx_word' id='word_1_151' title='bbox 931 2235 1105 2290; x_wconf 87' lang='lat' dir='ltr'><strong>domui</strong></span> <span class='ocrx_word' id='word_1_152' title='bbox 1125 2235 1319 2300; x_wconf 82' lang='lat' dir='ltr'><strong>Aaron;</strong></span> <span class='ocrx_word' id='word_1_153' title='bbox 1335 2236 1396 2290; x_wconf 81' lang='lat' dir='ltr'><strong>2i</strong></span> <span class='ocrx_word' id='word_1_154' title='bbox 1409 2273 1423 2288; x_wconf 93' lang='lat'><strong>.</strong></span> <span class='ocrx_word' id='word_1_155' title='bbox 1441 2235 1687 2289; x_wconf 74' lang='lat' dir='ltr'><strong>benedixit</strong></span> <span class='ocrx_word' id='word_1_156' title='bbox 1701 2237 1764 2289; x_wconf 88' lang='lat' dir='ltr'><strong>iis</strong></span> <span class='ocrx_word' id='word_1_157' title='bbox 1777 2236 1862 2306; x_wconf 87' lang='lat' dir='ltr'><strong>qui</strong></span> <span class='ocrx_word' id='word_1_158' title='bbox 1875 2235 2049 2288; x_wconf 84' lang='lat' dir='ltr'><strong>timent</strong></span> 
     </span>
    </p>
   </div>
   <div class='ocr_carea' id='block_1_22' title="bbox 465 2327 2048 2398">
    <p class='ocr_par' dir='ltr' id='par_1_22' title="bbox 465 2327 2048 2398">
     <span class='ocr_line' id='line_1_22' title="bbox 465 2327 2048 2398; baseline -0.001 -16"><span class='ocrx_word' id='word_1_159' title='bbox 465 2328 754 2384; x_wconf 89' lang='lat' dir='ltr'><strong>Dominum.</strong></span> <span class='ocrx_word' id='word_1_160' title='bbox 779 2329 914 2396; x_wconf 88' lang='lat' dir='ltr'><strong>Quid</strong></span> <span class='ocrx_word' id='word_1_161' title='bbox 942 2339 1040 2394; x_wconf 91' lang='lat' dir='ltr'><strong>cst,</strong></span> <span class='ocrx_word' id='word_1_162' title='bbox 1073 2327 1648 2398; x_wconf 70' lang='lat' dir='ltr'><strong>Benedixit?lmplevit,</strong></span> <span class='ocrx_word' id='word_1_163' title='bbox 1676 2328 1864 2398; x_wconf 88' lang='lat' dir='ltr'><strong>inquit,</strong></span> <span class='ocrx_word' id='word_1_164' title='bbox 1896 2327 2048 2383; x_wconf 84' lang='lat' dir='ltr'><strong>bonis</strong></span> 
     </span>
    </p>
   </div>
   <div class='ocr_carea' id='block_1_23' title="bbox 462 2419 2048 2492">
    <p class='ocr_par' dir='ltr' id='par_1_23' title="bbox 462 2419 2048 2492">
     <span class='ocr_line' id='line_1_23' title="bbox 462 2419 2048 2492; baseline -0.001 -16"><span class='ocrx_word' id='word_1_165' title='bbox 462 2421 956 2477; x_wconf 86' lang='lat' dir='ltr'><strong>innumerabilibus.</strong></span> <span class='ocrx_word' id='word_1_166' title='bbox 983 2421 1189 2477; x_wconf 86' lang='lat' dir='ltr'><strong>Etenim</strong></span> <span class='ocrx_word' id='word_1_167' title='bbox 1223 2421 1384 2476; x_wconf 90' lang='lat' dir='ltr'><strong>homo</strong></span> <span class='ocrx_word' id='word_1_168' title='bbox 1399 2435 1611 2492; x_wconf 91' lang='lat' dir='ltr'><strong>quoque</strong></span> <span class='ocrx_word' id='word_1_169' title='bbox 1643 2420 1810 2475; x_wconf 90' lang='lat' dir='ltr'><strong>Deum</strong></span> <span class='ocrx_word' id='word_1_170' title='bbox 1827 2419 2048 2476; x_wconf 89' lang='lat' dir='ltr'><strong>benedi-</strong></span> 
     </span>
    </p>
   </div>
   <div class='ocr_carea' id='block_1_24' title="bbox 460 2513 2047 2587">
    <p class='ocr_par' dir='ltr' id='par_1_24' title="bbox 460 2513 2047 2587">
     <span class='ocr_line' id='line_1_24' title="bbox 460 2513 2047 2587; baseline -0.003 -16"><span class='ocrx_word' id='word_1_171' title='bbox 460 2518 553 2583; x_wconf 79' lang='lat' dir='ltr'><strong>cit,</strong></span> <span class='ocrx_word' id='word_1_172' title='bbox 582 2525 639 2571; x_wconf 91' lang='lat' dir='ltr'><strong>ut</strong></span> <span class='ocrx_word' id='word_1_173' title='bbox 659 2515 872 2587; x_wconf 80' lang='lat' dir='ltr'><strong>quando</strong></span> <span class='ocrx_word' id='word_1_174' title='bbox 902 2515 1063 2584; x_wconf 90' lang='lat' dir='ltr'><strong>dicit,</strong></span> <span class='ocrx_word' id='word_1_175' title='bbox 1111 2514 1367 2583; x_wconf 85' lang='lat' dir='ltr'><strong>Benedic,</strong></span> <span class='ocrx_word' id='word_1_176' title='bbox 1397 2516 1570 2569; x_wconf 88' lang='lat' dir='ltr'><strong>anima</strong></span> <span class='ocrx_word' id='word_1_177' title='bbox 1605 2530 1738 2583; x_wconf 89' lang='lat' dir='ltr'><strong>mea,</strong></span> <span class='ocrx_word' id='word_1_178' title='bbox 1767 2513 2047 2568; x_wconf 86' lang='lat' dir='ltr'><strong>Dominum</strong></span> 
     </span>
    </p>
   </div>
   <div class='ocr_carea' id='block_1_25' title="bbox 463 2607 2041 2682">
    <p class='ocr_par' dir='ltr' id='par_1_25' title="bbox 463 2607 2041 2682">
     <span class='ocr_line' id='line_1_25' title="bbox 463 2607 2041 2682; baseline -0.001 -20"><span class='ocrx_word' id='word_1_179' title='bbox 463 2607 633 2680; x_wconf 86' lang='lat' dir='ltr'><strong>(Psal.</strong></span> <span class='ocrx_word' id='word_1_180' title='bbox 656 2607 872 2682; x_wconf 72' lang='lat'><strong>102.1).</strong></span> <span class='ocrx_word' id='word_1_181' title='bbox 891 2609 995 2664; x_wconf 90' lang='lat' dir='ltr'><strong>Sed</strong></span> <span class='ocrx_word' id='word_1_182' title='bbox 1017 2609 1103 2679; x_wconf 90' lang='lat' dir='ltr'><strong>qui</strong></span> <span class='ocrx_word' id='word_1_183' title='bbox 1123 2609 1289 2663; x_wconf 91' lang='lat' dir='ltr'><strong>Deum</strong></span> <span class='ocrx_word' id='word_1_184' title='bbox 1314 2608 1601 2675; x_wconf 88' lang='lat' dir='ltr'><strong>benedicit,</strong></span> <span class='ocrx_word' id='word_1_185' title='bbox 1637 2609 1750 2678; x_wconf 84' lang='lat' dir='ltr'><strong>ipse</strong></span> <span class='ocrx_word' id='word_1_186' title='bbox 1775 2609 2041 2662; x_wconf 88' lang='lat' dir='ltr'><strong>lucratur:</strong></span> 
     </span>
    </p>
   </div>
   <div class='ocr_carea' id='block_1_26' title="bbox 461 2698 2046 2770">
    <p class='ocr_par' dir='ltr' id='par_1_26' title="bbox 461 2698 2046 2770">
     <span class='ocr_line' id='line_1_26' title="bbox 461 2698 2046 2770; baseline -0.002 -16"><span class='ocrx_word' id='word_1_187' title='bbox 461 2701 697 2770; x_wconf 89' lang='lat' dir='ltr'><strong>seipsum</strong></span> <span class='ocrx_word' id='word_1_188' title='bbox 728 2701 869 2755; x_wconf 87' lang='lat' dir='ltr'><strong>enim</strong></span> <span class='ocrx_word' id='word_1_189' title='bbox 896 2699 1066 2754; x_wconf 83' lang='lat' dir='ltr'><strong>reddit</strong></span> <span class='ocrx_word' id='word_1_190' title='bbox 1090 2699 1391 2762; x_wconf 89' lang='lat' dir='ltr'><strong>clariorem,</strong></span> <span class='ocrx_word' id='word_1_191' title='bbox 1426 2699 1496 2753; x_wconf 90' lang='lat' dir='ltr'><strong>illi</strong></span> <span class='ocrx_word' id='word_1_192' title='bbox 1534 2707 1709 2752; x_wconf 88' lang='lat' dir='ltr'><strong>autem</strong></span> <span class='ocrx_word' id='word_1_193' title='bbox 1735 2698 1861 2752; x_wconf 90' lang='lat' dir='ltr'><strong>nihil</strong></span> <span class='ocrx_word' id='word_1_194' title='bbox 1889 2698 2046 2768; x_wconf 81' lang='lat' dir='ltr'><strong>largi-</strong></span> 
     </span>
    </p>
   </div>
   <div class='ocr_carea' id='block_1_27' title="bbox 461 2790 2045 2860">
    <p class='ocr_par' dir='ltr' id='par_1_27' title="bbox 461 2790 2045 2860">
     <span class='ocr_line' id='line_1_27' title="bbox 461 2790 2045 2860; baseline 0.001 -16"><span class='ocrx_word' id='word_1_195' title='bbox 461 2799 567 2856; x_wconf 90' lang='lat' dir='ltr'><strong>tur;</strong></span> <span class='ocrx_word' id='word_1_196' title='bbox 589 2791 728 2845; x_wconf 89' lang='lat' dir='ltr'><strong>Deus</strong></span> <span class='ocrx_word' id='word_1_197' title='bbox 760 2798 937 2845; x_wconf 85' lang='lat' dir='ltr'><strong>autem</strong></span> <span class='ocrx_word' id='word_1_198' title='bbox 966 2791 1307 2853; x_wconf 85' lang='lat' dir='ltr'><strong>benedicens,</strong></span> <span class='ocrx_word' id='word_1_199' title='bbox 1329 2807 1426 2845; x_wconf 92' lang='lat' dir='ltr'><strong>nos</strong></span> <span class='ocrx_word' id='word_1_200' title='bbox 1443 2790 1615 2844; x_wconf 87' lang='lat' dir='ltr'><strong>reddit</strong></span> <span class='ocrx_word' id='word_1_201' title='bbox 1633 2790 1910 2856; x_wconf 88' lang='lat' dir='ltr'><strong>clariores;</strong></span> <span class='ocrx_word' id='word_1_202' title='bbox 1933 2791 2045 2860; x_wconf 88' lang='lat' dir='ltr'><strong>ipse</strong></span> 
     </span>
    </p>
   </div>
   <div class='ocr_carea' id='block_1_28' title="bbox 458 2881 2042 2952">
    <p class='ocr_par' dir='ltr' id='par_1_28' title="bbox 458 2881 2042 2952">
     <span class='ocr_line' id='line_1_28' title="bbox 458 2881 2042 2952; baseline 0.001 -18"><span class='ocrx_word' id='word_1_203' title='bbox 458 2890 634 2937; x_wconf 88' lang='lat' dir='ltr'><strong>autem</strong></span> <span class='ocrx_word' id='word_1_204' title='bbox 665 2883 792 2936; x_wconf 85' lang='lat' dir='ltr'><strong>nihil</strong></span> <span class='ocrx_word' id='word_1_205' title='bbox 821 2882 1030 2952; x_wconf 87' lang='lat' dir='ltr'><strong>accipit.</strong></span> <span class='ocrx_word' id='word_1_206' title='bbox 1063 2882 1200 2936; x_wconf 88' lang='lat' dir='ltr'><strong>Deus</strong></span> <span class='ocrx_word' id='word_1_207' title='bbox 1229 2881 1371 2937; x_wconf 91' lang='lat' dir='ltr'><strong>enim</strong></span> <span class='ocrx_word' id='word_1_208' title='bbox 1388 2883 1528 2937; x_wconf 84' lang='lat' dir='ltr'><strong>nulla</strong></span> <span class='ocrx_word' id='word_1_209' title='bbox 1572 2899 1631 2938; x_wconf 90' lang='lat' dir='ltr'><strong>re</strong></span> <span class='ocrx_word' id='word_1_210' title='bbox 1672 2882 1872 2952; x_wconf 81' lang='lat' dir='ltr'><strong>indiget</strong></span> <span class='ocrx_word' id='word_1_211' title='bbox 1898 2897 1914 2936; x_wconf 88' lang='lat'><strong>:</strong></span> <span class='ocrx_word' id='word_1_212' title='bbox 1943 2883 2042 2936; x_wconf 89' lang='lat' dir='ltr'><strong>ita-</strong></span> 
     </span>
    </p>
   </div>
   <div class='ocr_carea' id='block_1_29' title="bbox 457 2972 2048 3046">
    <p class='ocr_par' dir='ltr' id='par_1_29' title="bbox 457 2972 2048 3046">
     <span class='ocr_line' id='line_1_29' title="bbox 457 2972 2048 3046; baseline 0 -18"><span class='ocrx_word' id='word_1_213' title='bbox 457 2990 562 3046; x_wconf 93' lang='lat' dir='ltr'><strong>que</strong></span> <span class='ocrx_word' id='word_1_214' title='bbox 596 2975 800 3030; x_wconf 91' lang='lat' dir='ltr'><strong>lucrum</strong></span> <span class='ocrx_word' id='word_1_215' title='bbox 830 2976 1078 3045; x_wconf 91' lang='lat' dir='ltr'><strong>utrinque</strong></span> <span class='ocrx_word' id='word_1_216' title='bbox 1106 2983 1343 3029; x_wconf 90' lang='lat' dir='ltr'><strong>nostrum</strong></span> <span class='ocrx_word' id='word_1_217' title='bbox 1389 2984 1470 3030; x_wconf 90' lang='lat' dir='ltr'><strong>est</strong></span> <span class='ocrx_word' id='word_1_218' title='bbox 1499 2992 1512 3028; x_wconf 92' lang='lat'><strong>:</strong></span> <span class='ocrx_word' id='word_1_219' title='bbox 1542 2975 1822 3042; x_wconf 85' lang='lat' dir='ltr'><strong>Quomodo</strong></span> <span class='ocrx_word' id='word_1_220' title='bbox 1842 2972 1915 3046; x_wconf 87' lang='lat' dir='ltr'><strong>(a)</strong></span> <span class='ocrx_word' id='word_1_221' title='bbox 1951 2989 2048 3028; x_wconf 82' lang='lat' dir='ltr'><strong>au-</strong></span> 
     </span>
    </p>
   </div>
   <div class='ocr_carea' id='block_1_30' title="bbox 458 3068 2042 3139">
    <p class='ocr_par' dir='ltr' id='par_1_30' title="bbox 458 3068 2042 3139">
     <span class='ocr_line' id='line_1_30' title="bbox 458 3068 2042 3139; baseline 0.001 -17"><span class='ocrx_word' id='word_1_222' title='bbox 458 3079 564 3123; x_wconf 90' lang='lat' dir='ltr'><strong>tem</strong></span> <span class='ocrx_word' id='word_1_223' title='bbox 594 3084 687 3124; x_wconf 93' lang='lat' dir='ltr'><strong>eos</strong></span> <span class='ocrx_word' id='word_1_224' title='bbox 716 3068 1026 3124; x_wconf 82' lang='lat' dir='ltr'><strong>benedixit?</strong></span> <span class='ocrx_word' id='word_1_225' title='bbox 1055 3068 1206 3124; x_wconf 88' lang='lat' dir='ltr'><strong>Dedit</strong></span> <span class='ocrx_word' id='word_1_226' title='bbox 1251 3069 1330 3124; x_wconf 91' lang='lat' dir='ltr'><strong>eis</strong></span> <span class='ocrx_word' id='word_1_227' title='bbox 1385 3084 1572 3139; x_wconf 89' lang='lat' dir='ltr'><strong>panem</strong></span> <span class='ocrx_word' id='word_1_228' title='bbox 1604 3084 1634 3123; x_wconf 93' lang='lat' dir='ltr'><strong>e</strong></span> <span class='ocrx_word' id='word_1_229' title='bbox 1670 3069 1822 3136; x_wconf 63' lang='lat' dir='ltr'><strong>caelo,</strong></span> <span class='ocrx_word' id='word_1_230' title='bbox 1853 3083 2042 3139; x_wconf 89' lang='lat' dir='ltr'><strong>aquam</strong></span> 
     </span>
    </p>
   </div>
   <div class='ocr_carea' id='block_1_31' title="bbox 458 3162 2042 3232">
    <p class='ocr_par' dir='ltr' id='par_1_31' title="bbox 458 3162 2042 3232">
     <span class='ocr_line' id='line_1_31' title="bbox 458 3162 2042 3232; baseline 0.001 -18"><span class='ocrx_word' id='word_1_231' title='bbox 458 3162 593 3232; x_wconf 85' lang='lat' dir='ltr'><strong>pluit</strong></span> <span class='ocrx_word' id='word_1_232' title='bbox 630 3177 661 3216; x_wconf 90' lang='lat' dir='ltr'><strong>e</strong></span> <span class='ocrx_word' id='word_1_233' title='bbox 692 3171 859 3231; x_wconf 88' lang='lat' dir='ltr'><strong>petra,</strong></span> <span class='ocrx_word' id='word_1_234' title='bbox 886 3163 1160 3217; x_wconf 87' lang='lat' dir='ltr'><strong>introitum</strong></span> <span class='ocrx_word' id='word_1_235' title='bbox 1195 3178 1379 3218; x_wconf 91' lang='lat' dir='ltr'><strong>eorum</strong></span> <span class='ocrx_word' id='word_1_236' title='bbox 1405 3171 1456 3218; x_wconf 91' lang='lat' dir='ltr'><strong>et</strong></span> <span class='ocrx_word' id='word_1_237' title='bbox 1486 3162 1684 3217; x_wconf 90' lang='lat' dir='ltr'><strong>exitum</strong></span> <span class='ocrx_word' id='word_1_238' title='bbox 1717 3163 2001 3218; x_wconf 88' lang='lat' dir='ltr'><strong>custodivit</strong></span> <span class='ocrx_word' id='word_1_239' title='bbox 2024 3203 2042 3230; x_wconf 93' lang='lat'><strong>,</strong></span> 
     </span>
    </p>
   </div>
   <div class='ocr_carea' id='block_1_32' title="bbox 459 3255 2042 3326">
    <p class='ocr_par' dir='ltr' id='par_1_32' title="bbox 459 3255 2042 3326">
     <span class='ocr_line' id='line_1_32' title="bbox 459 3255 2042 3326; baseline 0 -17"><span class='ocrx_word' id='word_1_240' title='bbox 459 3265 700 3310; x_wconf 89' lang='lat' dir='ltr'><strong>armenta</strong></span> <span class='ocrx_word' id='word_1_241' title='bbox 729 3265 783 3310; x_wconf 93' lang='lat' dir='ltr'><strong>et</strong></span> <span class='ocrx_word' id='word_1_242' title='bbox 807 3271 994 3326; x_wconf 82' lang='lat' dir='ltr'><strong>greges</strong></span> <span class='ocrx_word' id='word_1_243' title='bbox 1020 3271 1204 3310; x_wconf 91' lang='lat' dir='ltr'><strong>eorum</strong></span> <span class='ocrx_word' id='word_1_244' title='bbox 1241 3257 1406 3323; x_wconf 81' lang='lat' dir='ltr'><strong>auxit,</strong></span> <span class='ocrx_word' id='word_1_245' title='bbox 1443 3256 1763 3324; x_wconf 87' lang='lat' dir='ltr'><strong>peculiarem</strong></span> <span class='ocrx_word' id='word_1_246' title='bbox 1792 3255 2042 3325; x_wconf 84' lang='lat' dir='ltr'><strong>populum</strong></span> 
     </span>
    </p>
   </div>
   <div class='ocr_carea' id='block_1_33' title="bbox 460 3346 2044 3418">
    <p class='ocr_par' dir='ltr' id='par_1_33' title="bbox 460 3346 2044 3418">
     <span class='ocr_line' id='line_1_33' title="bbox 460 3346 2044 3418; baseline 0.001 -18"><span class='ocrx_word' id='word_1_247' title='bbox 460 3346 772 3411; x_wconf 72' lang='lat' dir='ltr'><strong>nominavit,</strong></span> <span class='ocrx_word' id='word_1_248' title='bbox 801 3355 855 3400; x_wconf 85' lang='lat' dir='ltr'><strong>et</strong></span> <span class='ocrx_word' id='word_1_249' title='bbox 903 3347 1077 3416; x_wconf 83' lang='lat' dir='ltr'><strong>regale</strong></span> <span class='ocrx_word' id='word_1_250' title='bbox 1108 3346 1486 3412; x_wconf 86' lang='lat' dir='ltr'><strong>sacerdotium,</strong></span> <span class='ocrx_word' id='word_1_251' title='bbox 1518 3348 1689 3418; x_wconf 80' lang='lat' dir='ltr'><strong>legem</strong></span> <span class='ocrx_word' id='word_1_252' title='bbox 1726 3346 1891 3414; x_wconf 88' lang='lat' dir='ltr'><strong>dedit,</strong></span> <span class='ocrx_word' id='word_1_253' title='bbox 1921 3363 2044 3417; x_wconf 88' lang='lat' dir='ltr'><strong>pro-</strong></span> 
     </span>
    </p>
   </div>
   <div class='ocr_carea' id='block_1_34' title="bbox 459 3437 2044 3508">
    <p class='ocr_par' dir='ltr' id='par_1_34' title="bbox 459 3437 2044 3508">
     <span class='ocr_line' id='line_1_34' title="bbox 459 3437 2044 3508; baseline 0.001 -17"><span class='ocrx_word' id='word_1_254' title='bbox 459 3439 647 3507; x_wconf 86' lang='lat' dir='ltr'><strong>phetas</strong></span> <span class='ocrx_word' id='word_1_255' title='bbox 684 3438 846 3492; x_wconf 91' lang='lat' dir='ltr'><strong>misit.</strong></span> <span class='ocrx_word' id='word_1_256' title='bbox 895 3437 1020 3493; x_wconf 66' lang='lat' dir='ltr'><strong>Haec</strong></span> <span class='ocrx_word' id='word_1_257' title='bbox 1057 3439 1214 3493; x_wconf 90' lang='lat' dir='ltr'><strong>etiam</strong></span> <span class='ocrx_word' id='word_1_258' title='bbox 1254 3438 1375 3492; x_wconf 85' lang='lat' dir='ltr'><strong>alibi</strong></span> <span class='ocrx_word' id='word_1_259' title='bbox 1408 3437 1702 3508; x_wconf 72' lang='lat' dir='ltr'><strong>praedicans</strong></span> <span class='ocrx_word' id='word_1_260' title='bbox 1729 3438 1856 3493; x_wconf 91' lang='lat' dir='ltr'><strong>dicit</strong></span> <span class='ocrx_word' id='word_1_261' title='bbox 1883 3455 1897 3490; x_wconf 90' lang='lat'><strong>:</strong></span> <span class='ocrx_word' id='word_1_262' title='bbox 1920 3438 2044 3492; x_wconf 84' lang='lat' dir='ltr'><strong>Non</strong></span> 
     </span>
    </p>
   </div>
   <div class='ocr_carea' id='block_1_35' title="bbox 458 3528 2042 3600">
    <p class='ocr_par' dir='ltr' id='par_1_35' title="bbox 458 3528 2042 3600">
     <span class='ocr_line' id='line_1_35' title="bbox 458 3528 2042 3600; baseline 0.001 -19"><span class='ocrx_word' id='word_1_263' title='bbox 458 3530 576 3600; x_wconf 78' lang='lat' dir='ltr'><strong>fecit</strong></span> <span class='ocrx_word' id='word_1_264' title='bbox 615 3528 782 3582; x_wconf 80' lang='lat' dir='ltr'><strong>taliter</strong></span> <span class='ocrx_word' id='word_1_265' title='bbox 827 3529 962 3582; x_wconf 87' lang='lat' dir='ltr'><strong>omni</strong></span> <span class='ocrx_word' id='word_1_266' title='bbox 983 3529 1196 3594; x_wconf 87' lang='lat' dir='ltr'><strong>nationi,</strong></span> <span class='ocrx_word' id='word_1_267' title='bbox 1243 3538 1290 3583; x_wconf 88' lang='lat' dir='ltr'><strong>et</strong></span> <span class='ocrx_word' id='word_1_268' title='bbox 1307 3528 1506 3600; x_wconf 83' lang='lat' dir='ltr'><strong>judicia</strong></span> <span class='ocrx_word' id='word_1_269' title='bbox 1552 3545 1646 3583; x_wconf 88' lang='lat' dir='ltr'><strong>sua</strong></span> <span class='ocrx_word' id='word_1_270' title='bbox 1684 3546 1785 3583; x_wconf 89' lang='lat' dir='ltr'><strong>non</strong></span> <span class='ocrx_word' id='word_1_271' title='bbox 1823 3529 2042 3596; x_wconf 77' lang='lat' dir='ltr'><strong>manife-</strong></span> 
     </span>
    </p>
   </div>
   <div class='ocr_carea' id='block_1_36' title="bbox 458 3617 2042 3694">
    <p class='ocr_par' dir='ltr' id='par_1_36' title="bbox 458 3617 2042 3694">
     <span class='ocr_line' id='line_1_36' title="bbox 458 3617 2042 3694; baseline 0.001 -20"><span class='ocrx_word' id='word_1_272' title='bbox 458 3621 604 3674; x_wconf 83' lang='lat' dir='ltr'><strong>stavit</strong></span> <span class='ocrx_word' id='word_1_273' title='bbox 629 3622 699 3673; x_wconf 86' lang='lat' dir='ltr'><strong>eis</strong></span> <span class='ocrx_word' id='word_1_274' title='bbox 730 3620 746 3690; x_wconf 92' lang='lat'><strong>(</strong></span> <span class='ocrx_word' id='word_1_275' title='bbox 763 3619 911 3674; x_wconf 85' lang='lat' dir='ltr'><strong>Psal.</strong></span> <span class='ocrx_word' id='word_1_276' title='bbox 937 3621 1058 3675; x_wconf 72' lang='lat' dir='ltr'><strong>H7.</strong></span> <span class='ocrx_word' id='word_1_277' title='bbox 1082 3621 1116 3676; x_wconf 88' lang='lat'><strong>9</strong></span> <span class='ocrx_word' id='word_1_278' title='bbox 1166 3617 1280 3694; x_wconf 82' lang='lat'><strong>[20]</strong></span> <span class='ocrx_word' id='word_1_279' title='bbox 1299 3621 1341 3691; x_wconf 93' lang='lat'><strong>).</strong></span> <span class='ocrx_word' id='word_1_280' title='bbox 1370 3619 1437 3674; x_wconf 84' lang='lat' dir='ltr'><strong>Et</strong></span> <span class='ocrx_word' id='word_1_281' title='bbox 1465 3621 1631 3674; x_wconf 88' lang='lat' dir='ltr'><strong>alius:</strong></span> <span class='ocrx_word' id='word_1_282' title='bbox 1656 3621 1896 3687; x_wconf 68' lang='lat' dir='ltr'><strong>Quaenam</strong></span> <span class='ocrx_word' id='word_1_283' title='bbox 1923 3637 2042 3690; x_wconf 89' lang='lat' dir='ltr'><strong>gens</strong></span> 
     </span>
    </p>
   </div>
   <div class='ocr_carea' id='block_1_37' title="bbox 458 3713 2045 3784">
    <p class='ocr_par' dir='ltr' id='par_1_37' title="bbox 458 3713 2045 3784">
     <span class='ocr_line' id='line_1_37' title="bbox 458 3713 2045 3784; baseline 0.001 -18"><span class='ocrx_word' id='word_1_284' title='bbox 458 3722 531 3766; x_wconf 88' lang='lat' dir='ltr'><strong>est</strong></span> <span class='ocrx_word' id='word_1_285' title='bbox 557 3713 682 3767; x_wconf 85' lang='lat' dir='ltr'><strong>adeo</strong></span> <span class='ocrx_word' id='word_1_286' title='bbox 711 3715 935 3784; x_wconf 85' lang='lat' dir='ltr'><strong>sapiens,</strong></span> <span class='ocrx_word' id='word_1_287' title='bbox 957 3713 1038 3766; x_wconf 88' lang='lat' dir='ltr'><strong>cui</strong></span> <span class='ocrx_word' id='word_1_288' title='bbox 1061 3715 1436 3784; x_wconf 85' lang='lat' dir='ltr'><strong>appropinquat</strong></span> <span class='ocrx_word' id='word_1_289' title='bbox 1465 3713 1712 3767; x_wconf 82' lang='lat' dir='ltr'><strong>Dominus</strong></span> <span class='ocrx_word' id='word_1_290' title='bbox 1731 3713 1910 3768; x_wconf 84' lang='lat' dir='ltr'><strong>Deus?</strong></span> <span class='ocrx_word' id='word_1_291' title='bbox 1935 3713 2045 3768; x_wconf 81' lang='lat' dir='ltr'><strong>Pu-</strong></span> 
     </span>
    </p>
   </div>
   <div class='ocr_carea' id='block_1_38' title="bbox 458 3804 2043 3876">
    <p class='ocr_par' dir='ltr' id='par_1_38' title="bbox 458 3804 2043 3876">
     <span class='ocr_line' id='line_1_38' title="bbox 458 3804 2043 3876; baseline 0 -16"><span class='ocrx_word' id='word_1_292' title='bbox 458 3806 585 3860; x_wconf 86' lang='lat' dir='ltr'><strong>sillis</strong></span> <span class='ocrx_word' id='word_1_293' title='bbox 610 3821 721 3858; x_wconf 91' lang='lat' dir='ltr'><strong>cum</strong></span> <span class='ocrx_word' id='word_1_294' title='bbox 756 3805 1033 3875; x_wconf 83' lang='lat' dir='ltr'><strong>majoribus</strong></span> <span class='ocrx_word' id='word_1_295' title='bbox 1058 3804 1233 3873; x_wconf 88' lang='lat' dir='ltr'><strong>(Deut.</strong></span> <span class='ocrx_word' id='word_1_296' title='bbox 1264 3806 1317 3860; x_wconf 76' lang='grc'><strong>4.</strong></span> <span class='ocrx_word' id='word_1_297' title='bbox 1341 3807 1417 3876; x_wconf 90' lang='lat'><strong>7).</strong></span> <span class='ocrx_word' id='word_1_298' title='bbox 1463 3804 1699 3872; x_wconf 89' lang='lat' dir='ltr'><strong>Nullum,</strong></span> <span class='ocrx_word' id='word_1_299' title='bbox 1730 3806 1915 3876; x_wconf 89' lang='lat' dir='ltr'><strong>inquit,</strong></span> <span class='ocrx_word' id='word_1_300' title='bbox 1943 3805 2043 3860; x_wconf 82' lang='lat' dir='ltr'><strong>fuit</strong></span> 
     </span>
    </p>
   </div>
   <div class='ocr_carea' id='block_1_39' title="bbox 457 3897 2040 3969">
    <p class='ocr_par' dir='ltr' id='par_1_39' title="bbox 457 3897 2040 3969">
     <span class='ocr_line' id='line_1_39' title="bbox 457 3897 2040 3969; baseline 0 -17"><span class='ocrx_word' id='word_1_301' title='bbox 457 3913 625 3969; x_wconf 73' lang='lat' dir='ltr'><strong>genus</strong></span> <span class='ocrx_word' id='word_1_302' title='bbox 662 3899 746 3952; x_wconf 92' lang='lat' dir='ltr'><strong>cui</strong></span> <span class='ocrx_word' id='word_1_303' title='bbox 794 3897 1023 3952; x_wconf 81' lang='lat' dir='ltr'><strong>defuerit</strong></span> <span class='ocrx_word' id='word_1_304' title='bbox 1057 3898 1395 3965; x_wconf 90' lang='lat' dir='ltr'><strong>benedictio,</strong></span> <span class='ocrx_word' id='word_1_305' title='bbox 1446 3897 1539 3952; x_wconf 91' lang='lat' dir='ltr'><strong>sed</strong></span> <span class='ocrx_word' id='word_1_306' title='bbox 1587 3898 1703 3954; x_wconf 72' lang='lat' dir='ltr'><strong>brec</strong></span> <span class='ocrx_word' id='word_1_307' title='bbox 1741 3899 1807 3953; x_wconf 87' lang='lat' dir='ltr'><strong>ad</strong></span> <span class='ocrx_word' id='word_1_308' title='bbox 1854 3914 2040 3953; x_wconf 90' lang='lat' dir='ltr'><strong>omnes</strong></span> 
     </span>
    </p>
   </div>
   <div class='ocr_carea' id='block_1_40' title="bbox 458 3989 2044 4061">
    <p class='ocr_par' dir='ltr' id='par_1_40' title="bbox 458 3989 2044 4061">
     <span class='ocr_line' id='line_1_40' title="bbox 458 3989 2044 4061; baseline -0.001 -15"><span class='ocrx_word' id='word_1_309' title='bbox 458 4001 678 4048; x_wconf 84' lang='lat' dir='ltr'><strong>extensa</strong></span> <span class='ocrx_word' id='word_1_310' title='bbox 707 4001 849 4047; x_wconf 87' lang='lat' dir='ltr'><strong>sunt.</strong></span> <span class='ocrx_word' id='word_1_311' title='bbox 901 3991 992 4045; x_wconf 86' lang='lat'><strong>22.</strong></span> <span class='ocrx_word' id='word_1_312' title='bbox 1025 3990 1245 4061; x_wconf 78' lang='lat' dir='ltr'><strong>Adjiciat</strong></span> <span class='ocrx_word' id='word_1_313' title='bbox 1265 3989 1516 4044; x_wconf 86' lang='lat' dir='ltr'><strong>Dominus</strong></span> <span class='ocrx_word' id='word_1_314' title='bbox 1557 4007 1710 4060; x_wconf 84' lang='lat' dir='ltr'><strong>super</strong></span> <span class='ocrx_word' id='word_1_315' title='bbox 1729 4006 1851 4058; x_wconf 82' lang='lat' dir='ltr'><strong>vos;</strong></span> <span class='ocrx_word' id='word_1_316' title='bbox 1891 4008 2044 4060; x_wconf 80' lang='lat' dir='ltr'><strong>super</strong></span> 
     </span>
    </p>
   </div>
   <div class='ocr_carea' id='block_1_41' title="bbox 457 4081 2040 4155">
    <p class='ocr_par' dir='ltr' id='par_1_41' title="bbox 457 4081 2040 4155">
     <span class='ocr_line' id='line_1_41' title="bbox 457 4081 2040 4155; baseline -0.002 -15"><span class='ocrx_word' id='word_1_317' title='bbox 457 4098 544 4140; x_wconf 63' lang='lat' dir='ltr'><strong>nos</strong></span> <span class='ocrx_word' id='word_1_318' title='bbox 564 4125 580 4150; x_wconf 91' lang='lat'><strong>,</strong></span> <span class='ocrx_word' id='word_1_319' title='bbox 613 4093 658 4138; x_wconf 92' lang='lat' dir='ltr'><strong>et</strong></span> <span class='ocrx_word' id='word_1_320' title='bbox 678 4099 827 4155; x_wconf 86' lang='lat' dir='ltr'><strong>super</strong></span> <span class='ocrx_word' id='word_1_321' title='bbox 858 4083 991 4152; x_wconf 75' lang='lat' dir='ltr'><strong>filios</strong></span> <span class='ocrx_word' id='word_1_322' title='bbox 1015 4091 1222 4137; x_wconf 88' lang='lat' dir='ltr'><strong>vestros.</strong></span> <span class='ocrx_word' id='word_1_323' title='bbox 1252 4081 1443 4136; x_wconf 79' lang='lat' dir='ltr'><strong>Vidisti</strong></span> <span class='ocrx_word' id='word_1_324' title='bbox 1497 4081 1640 4135; x_wconf 87' lang='lat' dir='ltr'><strong>aliud</strong></span> <span class='ocrx_word' id='word_1_325' title='bbox 1668 4097 1833 4152; x_wconf 79' lang='lat' dir='ltr'><strong>genus</strong></span> <span class='ocrx_word' id='word_1_326' title='bbox 1874 4082 2040 4137; x_wconf 87' lang='lat' dir='ltr'><strong>bene-</strong></span> 
     </span>
    </p>
   </div>
   <div class='ocr_carea' id='block_1_42' title="bbox 458 4174 2042 4245">
    <p class='ocr_par' dir='ltr' id='par_1_42' title="bbox 458 4174 2042 4245">
     <span class='ocr_line' id='line_1_42' title="bbox 458 4174 2042 4245; baseline 0.001 -17"><span class='ocrx_word' id='word_1_327' title='bbox 458 4176 728 4243; x_wconf 85' lang='lat' dir='ltr'><strong>dictionis,</strong></span> <span class='ocrx_word' id='word_1_328' title='bbox 759 4191 949 4245; x_wconf 90' lang='lat' dir='ltr'><strong>nempe</strong></span> <span class='ocrx_word' id='word_1_329' title='bbox 976 4184 1032 4229; x_wconf 88' lang='lat' dir='ltr'><strong>ttt</strong></span> <span class='ocrx_word' id='word_1_330' title='bbox 1056 4183 1264 4231; x_wconf 79' lang='lat' dir='ltr'><strong>cresrat</strong></span> <span class='ocrx_word' id='word_1_331' title='bbox 1289 4174 1492 4245; x_wconf 80' lang='lat' dir='ltr'><strong>genus?</strong></span> <span class='ocrx_word' id='word_1_332' title='bbox 1517 4174 1584 4229; x_wconf 87' lang='lat' dir='ltr'><strong>Et</strong></span> <span class='ocrx_word' id='word_1_333' title='bbox 1603 4174 1723 4230; x_wconf 86' lang='lat' dir='ltr'><strong>ideo</strong></span> <span class='ocrx_word' id='word_1_334' title='bbox 1748 4175 1885 4230; x_wconf 92' lang='lat' dir='ltr'><strong>alius</strong></span> <span class='ocrx_word' id='word_1_335' title='bbox 1910 4191 2042 4230; x_wconf 81' lang='lat' dir='ltr'><strong>con-</strong></span> 
     </span>
    </p>
   </div>
   <div class='ocr_carea' id='block_1_43' title="bbox 459 4265 2043 4339">
    <p class='ocr_par' dir='ltr' id='par_1_43' title="bbox 459 4265 2043 4339">
     <span class='ocr_line' id='line_1_43' title="bbox 459 4265 2043 4339; baseline -0.001 -16"><span class='ocrx_word' id='word_1_336' title='bbox 459 4269 683 4323; x_wconf 89' lang='lat' dir='ltr'><strong>trarium</strong></span> <span class='ocrx_word' id='word_1_337' title='bbox 713 4283 812 4339; x_wconf 88' lang='lat' dir='ltr'><strong>pro</strong></span> <span class='ocrx_word' id='word_1_338' title='bbox 841 4267 1103 4337; x_wconf 85' lang='lat' dir='ltr'><strong>supplicio</strong></span> <span class='ocrx_word' id='word_1_339' title='bbox 1143 4265 1394 4332; x_wconf 76' lang='lat' dir='ltr'><strong>all‘crens,</strong></span> <span class='ocrx_word' id='word_1_340' title='bbox 1425 4265 1552 4320; x_wconf 90' lang='lat' dir='ltr'><strong>dicit</strong></span> <span class='ocrx_word' id='word_1_341' title='bbox 1580 4283 1593 4319; x_wconf 91' lang='lat'><strong>:</strong></span> <span class='ocrx_word' id='word_1_342' title='bbox 1623 4265 1688 4319; x_wconf 88' lang='lat' dir='ltr'><strong>Et</strong></span> <span class='ocrx_word' id='word_1_343' title='bbox 1707 4266 1937 4321; x_wconf 87' lang='lat' dir='ltr'><strong>diminuti</strong></span> <span class='ocrx_word' id='word_1_344' title='bbox 1954 4283 2043 4321; x_wconf 83' lang='lat' dir='ltr'><strong>su-</strong></span> 
     </span>
    </p>
   </div>
   <div class='ocr_carea' id='block_1_44' title="bbox 459 4357 2042 4430">
    <p class='ocr_par' dir='ltr' id='par_1_44' title="bbox 459 4357 2042 4430">
     <span class='ocr_line' id='line_1_44' title="bbox 459 4357 2042 4430; baseline -0.001 -16"><span class='ocrx_word' id='word_1_345' title='bbox 459 4377 592 4424; x_wconf 84' lang='lat' dir='ltr'><strong>mus,</strong></span> <span class='ocrx_word' id='word_1_346' title='bbox 621 4369 666 4413; x_wconf 92' lang='lat' dir='ltr'><strong>et</strong></span> <span class='ocrx_word' id='word_1_347' title='bbox 692 4375 867 4413; x_wconf 89' lang='lat' dir='ltr'><strong>sumus</strong></span> <span class='ocrx_word' id='word_1_348' title='bbox 907 4359 1054 4429; x_wconf 79' lang='lat' dir='ltr'><strong>pauci</strong></span> <span class='ocrx_word' id='word_1_349' title='bbox 1073 4359 1187 4430; x_wconf 86' lang='lat' dir='ltr'><strong>plus</strong></span> <span class='ocrx_word' id='word_1_350' title='bbox 1213 4374 1362 4427; x_wconf 87' lang='lat' dir='ltr'><strong>quam</strong></span> <span class='ocrx_word' id='word_1_351' title='bbox 1399 4373 1570 4411; x_wconf 86' lang='lat' dir='ltr'><strong>omnes</strong></span> <span class='ocrx_word' id='word_1_352' title='bbox 1587 4359 1670 4425; x_wconf 83' lang='lat' dir='ltr'><strong>qui</strong></span> <span class='ocrx_word' id='word_1_353' title='bbox 1699 4357 1922 4412; x_wconf 88' lang='lat' dir='ltr'><strong>habitant</strong></span> <span class='ocrx_word' id='word_1_354' title='bbox 1943 4367 2042 4412; x_wconf 91' lang='lat' dir='ltr'><strong>ter-</strong></span> 
     </span>
    </p>
   </div>
   <div class='ocr_carea' id='block_1_45' title="bbox 459 4435 2038 4522">
    <p class='ocr_par' dir='ltr' id='par_1_45' title="bbox 459 4435 2038 4522">
     <span class='ocr_line' id='line_1_45' title="bbox 459 4435 2038 4522; baseline 0.001 -20"><span class='ocrx_word' id='word_1_355' title='bbox 459 4467 569 4502; x_wconf 90' lang='lat' dir='ltr'><strong>ram</strong></span> <span class='ocrx_word' id='word_1_356' title='bbox 597 4448 755 4522; x_wconf 89' lang='lat' dir='ltr'><strong>(Dan.</strong></span> <span class='ocrx_word' id='word_1_357' title='bbox 784 4451 836 4505; x_wconf 92' lang='lat'><strong>5.</strong></span> <span class='ocrx_word' id='word_1_358' title='bbox 867 4435 1112 4522; x_wconf 14' lang='lat' dir='ltr'><strong>57)..Hac</strong></span> <span class='ocrx_word' id='word_1_359' title='bbox 1133 4449 1502 4505; x_wconf 87' lang='lat' dir='ltr'><strong>benedictione</strong></span> <span class='ocrx_word' id='word_1_360' title='bbox 1530 4448 1837 4504; x_wconf 82' lang='lat' dir='ltr'><strong>fruebantur</strong></span> <span class='ocrx_word' id='word_1_361' title='bbox 1879 4449 2038 4504; x_wconf 86' lang='lat' dir='ltr'><strong>etiam</strong></span> 
     </span>
    </p>
   </div>
   <div class='ocr_carea' id='block_1_46' title="bbox 458 4541 2042 4614">
    <p class='ocr_par' dir='ltr' id='par_1_46' title="bbox 458 4541 2042 4614">
     <span class='ocr_line' id='line_1_46' title="bbox 458 4541 2042 4614; baseline 0.001 -19"><span class='ocrx_word' id='word_1_362' title='bbox 458 4557 580 4596; x_wconf 88' lang='lat' dir='ltr'><strong>cum</strong></span> <span class='ocrx_word' id='word_1_363' title='bbox 605 4550 786 4596; x_wconf 88' lang='lat' dir='ltr'><strong>essent</strong></span> <span class='ocrx_word' id='word_1_364' title='bbox 812 4542 864 4596; x_wconf 92' lang='lat' dir='ltr'><strong>in</strong></span> <span class='ocrx_word' id='word_1_365' title='bbox 912 4541 1165 4614; x_wconf 68' lang='lat' dir='ltr'><strong>Egypto,</strong></span> <span class='ocrx_word' id='word_1_366' title='bbox 1206 4541 1329 4596; x_wconf 92' lang='lat' dir='ltr'><strong>licet</strong></span> <span class='ocrx_word' id='word_1_367' title='bbox 1387 4551 1568 4597; x_wconf 86' lang='lat' dir='ltr'><strong>essent</strong></span> <span class='ocrx_word' id='word_1_368' title='bbox 1606 4542 1880 4596; x_wconf 86' lang='lat' dir='ltr'><strong>innumera</strong></span> <span class='ocrx_word' id='word_1_369' title='bbox 1922 4559 2042 4614; x_wconf 68' lang='lat' dir='ltr'><strong>quae</strong></span> 
     </span>
    </p>
   </div>
   <div class='ocr_carea' id='block_1_47' title="bbox 459 4633 2038 4708">
    <p class='ocr_par' dir='ltr' id='par_1_47' title="bbox 459 4633 2038 4708">
     <span class='ocr_line' id='line_1_47' title="bbox 459 4633 2038 4708; baseline 0.001 -18"><span class='ocrx_word' id='word_1_370' title='bbox 459 4633 838 4704; x_wconf 79' lang='lat' dir='ltr'><strong>prohibebant,</strong></span> <span class='ocrx_word' id='word_1_371' title='bbox 864 4651 1047 4706; x_wconf 89' lang='lat' dir='ltr'><strong>opera,</strong></span> <span class='ocrx_word' id='word_1_372' title='bbox 1076 4635 1290 4692; x_wconf 80' lang='lat' dir='ltr'><strong>afﬂictio</strong></span> <span class='ocrx_word' id='word_1_373' title='bbox 1315 4645 1369 4692; x_wconf 91' lang='lat' dir='ltr'><strong>et</strong></span> <span class='ocrx_word' id='word_1_374' title='bbox 1408 4636 1701 4703; x_wconf 85' lang='lat' dir='ltr'><strong>calamitas,</strong></span> <span class='ocrx_word' id='word_1_375' title='bbox 1740 4653 1922 4692; x_wconf 90' lang='lat' dir='ltr'><strong>eorum</strong></span> <span class='ocrx_word' id='word_1_376' title='bbox 1953 4639 2038 4708; x_wconf 91' lang='lat' dir='ltr'><strong>qui</strong></span> 
     </span>
    </p>
   </div>
   <div class='ocr_carea' id='block_1_48' title="bbox 460 4728 2044 4800">
    <p class='ocr_par' dir='ltr' id='par_1_48' title="bbox 460 4728 2044 4800">
     <span class='ocr_line' id='line_1_48' title="bbox 460 4728 2044 4800; baseline 0.001 -16"><span class='ocrx_word' id='word_1_377' title='bbox 460 4728 722 4800; x_wconf 70' lang='lat' dir='ltr'><strong>urgebant</strong></span> <span class='ocrx_word' id='word_1_378' title='bbox 735 4729 1020 4785; x_wconf 88' lang='lat' dir='ltr'><strong>crudelitas</strong></span> <span class='ocrx_word' id='word_1_379' title='bbox 1047 4744 1063 4783; x_wconf 83' lang='lat'><strong>:</strong></span> <span class='ocrx_word' id='word_1_380' title='bbox 1093 4728 1188 4785; x_wconf 90' lang='lat' dir='ltr'><strong>sed</strong></span> <span class='ocrx_word' id='word_1_381' title='bbox 1215 4728 1346 4784; x_wconf 90' lang='lat' dir='ltr'><strong>nihil</strong></span> <span class='ocrx_word' id='word_1_382' title='bbox 1374 4744 1561 4784; x_wconf 90' lang='lat' dir='ltr'><strong>eorum</strong></span> <span class='ocrx_word' id='word_1_383' title='bbox 1586 4729 1808 4785; x_wconf 88' lang='lat' dir='ltr'><strong>verbum</strong></span> <span class='ocrx_word' id='word_1_384' title='bbox 1840 4730 1932 4786; x_wconf 87' lang='lat' dir='ltr'><strong>Dei</strong></span> <span class='ocrx_word' id='word_1_385' title='bbox 1963 4732 2044 4785; x_wconf 88' lang='lat' dir='ltr'><strong>in-</strong></span> 
     </span>
    </p>
   </div>
   <div class='ocr_carea' id='block_1_49' title="bbox 459 4822 2044 4893">
    <p class='ocr_par' dir='ltr' id='par_1_49' title="bbox 459 4822 2044 4893">
     <span class='ocr_line' id='line_1_49' title="bbox 459 4822 2044 4893; baseline 0.003 -16"><span class='ocrx_word' id='word_1_386' title='bbox 459 4823 708 4893; x_wconf 86' lang='lat' dir='ltr'><strong>terrupit,</strong></span> <span class='ocrx_word' id='word_1_387' title='bbox 749 4823 842 4877; x_wconf 87' lang='lat' dir='ltr'><strong>sed</strong></span> <span class='ocrx_word' id='word_1_388' title='bbox 882 4837 950 4879; x_wconf 91' lang='lat' dir='ltr'><strong>eo</strong></span> <span class='ocrx_word' id='word_1_389' title='bbox 981 4823 1238 4892; x_wconf 86' lang='lat' dir='ltr'><strong>processit</strong></span> <span class='ocrx_word' id='word_1_390' title='bbox 1266 4822 1585 4888; x_wconf 90' lang='lat' dir='ltr'><strong>benedictio,</strong></span> <span class='ocrx_word' id='word_1_391' title='bbox 1613 4834 1670 4878; x_wconf 93' lang='lat' dir='ltr'><strong>ut</strong></span> <span class='ocrx_word' id='word_1_392' title='bbox 1706 4825 1758 4880; x_wconf 89' lang='lat' dir='ltr'><strong>in</strong></span> <span class='ocrx_word' id='word_1_393' title='bbox 1801 4825 2044 4882; x_wconf 90' lang='lat' dir='ltr'><strong>ducentis</strong></span> 
     </span>
    </p>
   </div>
   <div class='ocr_carea' id='block_1_50' title="bbox 459 4913 2043 4988">
    <p class='ocr_par' dir='ltr' id='par_1_50' title="bbox 459 4913 2043 4988">
     <span class='ocr_line' id='line_1_50' title="bbox 459 4913 2043 4988; baseline 0.003 -20"><span class='ocrx_word' id='word_1_394' title='bbox 459 4915 613 4968; x_wconf 87' lang='lat' dir='ltr'><strong>anuis</strong></span> <span class='ocrx_word' id='word_1_395' title='bbox 635 4915 825 4970; x_wconf 77' lang='lat' dir='ltr'><strong>tierent</strong></span> <span class='ocrx_word' id='word_1_396' title='bbox 853 4925 1100 4970; x_wconf 87' lang='lat' dir='ltr'><strong>sexcenta</strong></span> <span class='ocrx_word' id='word_1_397' title='bbox 1127 4915 1288 4969; x_wconf 88' lang='lat' dir='ltr'><strong>millia</strong></span> <span class='ocrx_word' id='word_1_398' title='bbox 1321 4913 1512 4985; x_wconf 72' lang='lat' dir='ltr'><strong>(Exod.</strong></span> <span class='ocrx_word' id='word_1_399' title='bbox 1541 4915 1628 4970; x_wconf 81' lang='lat' dir='ltr'><strong>l2.</strong></span> <span class='ocrx_word' id='word_1_400' title='bbox 1658 4915 1771 4988; x_wconf 90' lang='lat'><strong>57).</strong></span> <span class='ocrx_word' id='word_1_401' title='bbox 1791 4915 1894 4972; x_wconf 90' lang='lat' dir='ltr'><strong>Sed</strong></span> <span class='ocrx_word' id='word_1_402' title='bbox 1919 4926 2043 4974; x_wconf 90' lang='lat' dir='ltr'><strong>tunc</strong></span> 
     </span>
    </p>
   </div>
   <div class='ocr_carea' id='block_1_51' title="bbox 459 5004 2038 5074">
    <p class='ocr_par' dir='ltr' id='par_1_51' title="bbox 459 5004 2038 5074">
     <span class='ocr_line' id='line_1_51' title="bbox 459 5004 2038 5074; baseline 0.003 -16"><span class='ocrx_word' id='word_1_403' title='bbox 459 5005 672 5074; x_wconf 88' lang='lat' dir='ltr'><strong>quidem</strong></span> <span class='ocrx_word' id='word_1_404' title='bbox 703 5005 753 5058; x_wconf 91' lang='lat' dir='ltr'><strong>in</strong></span> <span class='ocrx_word' id='word_1_405' title='bbox 778 5004 860 5058; x_wconf 91' lang='lat' dir='ltr'><strong>his</strong></span> <span class='ocrx_word' id='word_1_406' title='bbox 883 5005 1209 5060; x_wconf 88' lang='lat' dir='ltr'><strong>consistebat</strong></span> <span class='ocrx_word' id='word_1_407' title='bbox 1237 5004 1556 5073; x_wconf 86' lang='lat' dir='ltr'><strong>benedictio,</strong></span> <span class='ocrx_word' id='word_1_408' title='bbox 1591 5023 1733 5062; x_wconf 89' lang='lat' dir='ltr'><strong>nunc</strong></span> <span class='ocrx_word' id='word_1_409' title='bbox 1778 5017 1954 5063; x_wconf 90' lang='lat' dir='ltr'><strong>autem</strong></span> <span class='ocrx_word' id='word_1_410' title='bbox 1987 5010 2038 5063; x_wconf 92' lang='lat' dir='ltr'><strong>in</strong></span> 
     </span>
    </p>
   </div>
   <div class='ocr_carea' id='block_1_52' title="bbox 457 5095 2041 5164">
    <p class='ocr_par' dir='ltr' id='par_1_52' title="bbox 457 5095 2041 5164">
     <span class='ocr_line' id='line_1_52' title="bbox 457 5095 2041 5164; baseline 0.001 -11"><span class='ocrx_word' id='word_1_411' title='bbox 457 5097 628 5164; x_wconf 78' lang='lat' dir='ltr'><strong>Novo,</strong></span> <span class='ocrx_word' id='word_1_412' title='bbox 654 5099 706 5152; x_wconf 90' lang='lat' dir='ltr'><strong>in</strong></span> <span class='ocrx_word' id='word_1_413' title='bbox 737 5098 903 5152; x_wconf 88' lang='lat' dir='ltr'><strong>nmlto</strong></span> <span class='ocrx_word' id='word_1_414' title='bbox 933 5099 1262 5153; x_wconf 91' lang='lat' dir='ltr'><strong>melioribus.</strong></span> <span class='ocrx_word' id='word_1_415' title='bbox 1291 5095 1359 5152; x_wconf 87' lang='lat' dir='ltr'><strong>Et</strong></span> <span class='ocrx_word' id='word_1_416' title='bbox 1387 5098 1508 5154; x_wconf 91' lang='lat' dir='ltr'><strong>ideo</strong></span> <span class='ocrx_word' id='word_1_417' title='bbox 1533 5099 1660 5154; x_wconf 90' lang='lat' dir='ltr'><strong>dicit</strong></span> <span class='ocrx_word' id='word_1_418' title='bbox 1687 5100 1878 5154; x_wconf 83' lang='lat' dir='ltr'><strong>Paulus</strong></span> <span class='ocrx_word' id='word_1_419' title='bbox 1902 5118 1915 5154; x_wconf 88' lang='lat'><strong>:</strong></span> <span class='ocrx_word' id='word_1_420' title='bbox 1944 5101 2041 5155; x_wconf 83' lang='lat' dir='ltr'><strong>Be-</strong></span> 
     </span>
    </p>
   </div>
   <div class='ocr_carea' id='block_1_53' title="bbox 460 5190 2041 5261">
    <p class='ocr_par' dir='ltr' id='par_1_53' title="bbox 460 5190 2041 5261">
     <span class='ocr_line' id='line_1_53' title="bbox 460 5190 2041 5261; baseline 0.003 -16"><span class='ocrx_word' id='word_1_421' title='bbox 460 5190 690 5245; x_wconf 85' lang='lat' dir='ltr'><strong>nedictus</strong></span> <span class='ocrx_word' id='word_1_422' title='bbox 730 5190 885 5256; x_wconf 85' lang='lat' dir='ltr'><strong>Deus,</strong></span> <span class='ocrx_word' id='word_1_423' title='bbox 913 5191 998 5261; x_wconf 79' lang='lat' dir='ltr'><strong>qui</strong></span> <span class='ocrx_word' id='word_1_424' title='bbox 1032 5190 1283 5247; x_wconf 72' lang='lat' dir='ltr'><strong>benedixit</strong></span> <span class='ocrx_word' id='word_1_425' title='bbox 1319 5208 1412 5246; x_wconf 89' lang='lat' dir='ltr'><strong>nos</strong></span> <span class='ocrx_word' id='word_1_426' title='bbox 1436 5193 1490 5245; x_wconf 88' lang='lat' dir='ltr'><strong>in</strong></span> <span class='ocrx_word' id='word_1_427' title='bbox 1515 5193 1650 5246; x_wconf 89' lang='lat' dir='ltr'><strong>omni</strong></span> <span class='ocrx_word' id='word_1_428' title='bbox 1698 5192 2041 5250; x_wconf 78' lang='lat' dir='ltr'><strong>benedictione</strong></span> 
     </span>
    </p>
   </div>
   <div class='ocr_carea' id='block_1_54' title="bbox 456 5281 2042 5356">
    <p class='ocr_par' dir='ltr' id='par_1_54' title="bbox 456 5281 2042 5356">
     <span class='ocr_line' id='line_1_54' title="bbox 456 5281 2042 5356; baseline 0.003 -21"><span class='ocrx_word' id='word_1_429' title='bbox 456 5281 712 5352; x_wconf 82' lang='lat' dir='ltr'><strong>spirituali</strong></span> <span class='ocrx_word' id='word_1_430' title='bbox 735 5285 790 5338; x_wconf 87' lang='lat' dir='ltr'><strong>in</strong></span> <span class='ocrx_word' id='word_1_431' title='bbox 808 5281 1086 5336; x_wconf 67' lang='lat' dir='ltr'><strong>caelestibus</strong></span> <span class='ocrx_word' id='word_1_432' title='bbox 1104 5282 1158 5336; x_wconf 87' lang='lat' dir='ltr'><strong>in</strong></span> <span class='ocrx_word' id='word_1_433' title='bbox 1183 5281 1381 5337; x_wconf 80' lang='lat' dir='ltr'><strong>Christo</strong></span> <span class='ocrx_word' id='word_1_434' title='bbox 1411 5283 1623 5355; x_wconf 81' lang='lat' dir='ltr'><strong>(Ep/tes.</strong></span> <span class='ocrx_word' id='word_1_435' title='bbox 1653 5286 1700 5338; x_wconf 90' lang='grc'><strong>1.</strong></span> <span class='ocrx_word' id='word_1_436' title='bbox 1729 5285 1805 5356; x_wconf 90' lang='lat'><strong>5).</strong></span> <span class='ocrx_word' id='word_1_437' title='bbox 1837 5285 1903 5340; x_wconf 85' lang='lat' dir='ltr'><strong>Et</strong></span> <span class='ocrx_word' id='word_1_438' title='bbox 1925 5303 2042 5340; x_wconf 86' lang='lat' dir='ltr'><strong>rur-</strong></span> 
     </span>
    </p>
   </div>
   <div class='ocr_carea' id='block_1_55' title="bbox 457 5371 2039 5448">
    <p class='ocr_par' dir='ltr' id='par_1_55' title="bbox 457 5371 2039 5448">
     <span class='ocr_line' id='line_1_55' title="bbox 457 5371 2039 5448; baseline 0.003 -20"><span class='ocrx_word' id='word_1_439' title='bbox 457 5386 550 5428; x_wconf 87' lang='lat' dir='ltr'><strong>sus</strong></span> <span class='ocrx_word' id='word_1_440' title='bbox 577 5387 590 5423; x_wconf 92' lang='lat'>:</span> <span class='ocrx_word' id='word_1_441' title='bbox 623 5371 692 5426; x_wconf 86' lang='lat' dir='ltr'><strong>Ei</strong></span> <span class='ocrx_word' id='word_1_442' title='bbox 719 5381 887 5426; x_wconf 87' lang='lat' dir='ltr'><strong>autem</strong></span> <span class='ocrx_word' id='word_1_443' title='bbox 920 5374 1011 5444; x_wconf 68' lang='lat' dir='ltr'><strong>qui</strong></span> <span class='ocrx_word' id='word_1_444' title='bbox 1031 5383 1190 5445; x_wconf 83' lang='lat' dir='ltr'><strong>potest</strong></span> <span class='ocrx_word' id='word_1_445' title='bbox 1218 5374 1387 5428; x_wconf 80' lang='lat' dir='ltr'><strong>omnia</strong></span> <span class='ocrx_word' id='word_1_446' title='bbox 1413 5373 1579 5443; x_wconf 78' lang='lat' dir='ltr'><strong>facere</strong></span> <span class='ocrx_word' id='word_1_447' title='bbox 1606 5374 1752 5448; x_wconf 85' lang='lat' dir='ltr'><strong>longe</strong></span> <span class='ocrx_word' id='word_1_448' title='bbox 1776 5379 2039 5433; x_wconf 77' lang='lat' dir='ltr'><strong>abundan-</strong></span> 
     </span>
    </p>
   </div>
   <div class='ocr_carea' id='block_1_56' title="bbox 519 5568 2038 5644">
    <p class='ocr_par' dir='ltr' id='par_1_56' title="bbox 519 5568 2038 5644">
     <span class='ocr_line' id='line_1_56' title="bbox 519 5568 2038 5644; baseline 0.005 -26"><span class='ocrx_word' id='word_1_449' title='bbox 519 5568 700 5644; x_wconf 74' lang='lat' dir='ltr'><strong>(a)_Hic_</strong></span> <span class='ocrx_word' id='word_1_450' title='bbox 713 5576 767 5644; x_wconf 77' lang='lat' dir='ltr'><strong>et</strong></span> <span class='ocrx_word' id='word_1_451' title='bbox 787 5581 924 5644; x_wconf 87' lang='lat' dir='ltr'><strong>pen_e_</strong></span> <span class='ocrx_word' id='word_1_452' title='bbox 940 5569 1124 5644; x_wconf 80' lang='lat' dir='ltr'><strong>ubique</strong></span> <span class='ocrx_word' id='word_1_453' title='bbox 1143 5570 1417 5644; x_wconf 70' lang='lat' dir='ltr'><strong>omniasus</strong></span> <span class='ocrx_word' id='word_1_454' title='bbox 1425 5571 1596 5642; x_wconf 82' lang='lat' dir='ltr'><strong>deque</strong></span> <span class='ocrx_word' id='word_1_455' title='bbox 1615 5578 1870 5622; x_wconf 90' lang='lat' dir='ltr'><strong>vertuntur</strong></span> <span class='ocrx_word' id='word_1_456' title='bbox 1887 5574 2038 5644; x_wconf 90' lang='lat' dir='ltr'><strong>inCo-</strong></span> 
     </span>
    </p>
   </div>
   <div class='ocr_carea' id='block_1_57' title="bbox 455 5629 2035 5707">
    <p class='ocr_par' dir='ltr' id='par_1_57' title="bbox 455 5629 2035 5707">
     <span class='ocr_line' id='line_1_57' title="bbox 455 5629 2035 5707; baseline -0.006 1"><span class='ocrx_word' id='word_1_457' title='bbox 455 5629 740 5707; x_wconf 48' lang='lat'><strong>9921595”</strong></span> <span class='ocrx_word' id='word_1_458' title='bbox 753 5645 770 5707; x_wconf 62' lang='grc' dir='ltr'><strong><em>ς</em></strong></span> <span class='ocrx_word' id='word_1_459' title='bbox 785 5629 936 5707; x_wconf 48' lang='lat' dir='ltr'><strong>is?!“</strong></span> <span class='ocrx_word' id='word_1_460' title='bbox 954 5629 1125 5707; x_wconf 51' lang='lat' dir='ltr'><strong>{eius</strong></span> <span class='ocrx_word' id='word_1_461' title='bbox 1137 5634 1284 5707; x_wconf 65' lang='grc' dir='ltr'><strong>εξεεξοί</strong></span> <span class='ocrx_word' id='word_1_462' title='bbox 1307 5634 1356 5681; x_wconf 72' lang='lat' dir='ltr'><strong>in</strong></span> <span class='ocrx_word' id='word_1_463' title='bbox 1374 5631 1467 5707; x_wconf 53' lang='lat' dir='ltr'><strong>alia</strong></span> <span class='ocrx_word' id='word_1_464' title='bbox 1487 5629 1750 5707; x_wconf 55' lang='lat' dir='ltr'><strong>simsim?</strong></span> <span class='ocrx_word' id='word_1_465' title='bbox 1772 5643 2035 5707; x_wconf 63' lang='lat' dir='ltr'><strong>mutantur.</strong></span> 
     </span>
    </p>
   </div>
   <div class='ocr_carea' id='block_1_58' title="bbox 453 5691 2037 5764">
    <p class='ocr_par' dir='ltr' id='par_1_58' title="bbox 453 5691 2037 5764">
     <span class='ocr_line' id='line_1_58' title="bbox 453 5691 2037 5764; baseline 0.005 -23"><span class='ocrx_word' id='word_1_466' title='bbox 453 5691 1132 5764; x_wconf 25' lang='lat' dir='ltr'><strong>dictioneﬁminus‘pmprite</strong></span> <span class='ocrx_word' id='word_1_467' title='bbox 1166 5691 1586 5764; x_wconf 74' lang='lat' dir='ltr'><strong>inducuntur,_ita</strong></span> <span class='ocrx_word' id='word_1_468' title='bbox 1622 5691 1677 5746; x_wconf 78' lang='lat' dir='ltr'><strong>tit</strong></span> <span class='ocrx_word' id='word_1_469' title='bbox 1706 5691 2037 5764; x_wconf 40' lang='lat' dir='ltr'><strong>dehindustria</strong></span> 
     </span>
    </p>
   </div>
   <div class='ocr_carea' id='block_1_59' title="bbox 453 5751 2037 5876">
    <p class='ocr_par' dir='ltr' id='par_1_59' title="bbox 453 5751 2037 5876">
     <span class='ocr_line' id='line_1_59' title="bbox 453 5751 2037 5876; baseline 0.004 -73"><span class='ocrx_word' id='word_1_470' title='bbox 453 5751 632 5876; x_wconf 45' lang='grc' dir='ltr'><strong>ξῗςθ</strong></span> <span class='ocrx_word' id='word_1_471' title='bbox 653 5755 875 5808; x_wconf 69' lang='lat' dir='ltr'><strong>videatur</strong></span> <span class='ocrx_word' id='word_1_472' title='bbox 892 5751 1136 5806; x_wconf 63' lang='lat' dir='ltr'><strong>Graeculus</strong></span> <span class='ocrx_word' id='word_1_473' title='bbox 1155 5757 1409 5821; x_wconf 83' lang='lat' dir='ltr'><strong>quispiam,</strong></span> <span class='ocrx_word' id='word_1_474' title='bbox 1431 5751 1516 5821; x_wconf 77' lang='lat' dir='ltr'><strong>qui</strong></span> <span class='ocrx_word' id='word_1_475' title='bbox 1539 5756 1667 5808; x_wconf 81' lang='lat' dir='ltr'><strong>hunc</strong></span> <span class='ocrx_word' id='word_1_476' title='bbox 1688 5753 1910 5821; x_wconf 83' lang='lat' dir='ltr'><strong>Codiccm</strong></span> <span class='ocrx_word' id='word_1_477' title='bbox 1921 5765 2037 5810; x_wconf 85' lang='lat' dir='ltr'><strong>scri-</strong></span> 
     </span>
    </p>
   </div>
   <div class='ocr_carea' id='block_1_60' title="bbox 1153 372 2968 434">
    <p class='ocr_par' dir='ltr' id='par_1_60' title="bbox 1153 372 2968 434">
     <span class='ocr_line' id='line_1_60' title="bbox 1153 372 2968 434; baseline -0.003 0"><span class='ocrx_word' id='word_1_478' title='bbox 1153 377 1208 434; x_wconf 88' lang='lat' dir='ltr'><strong>S.</strong></span> <span class='ocrx_word' id='word_1_479' title='bbox 1250 376 1528 434; x_wconf 72' lang='lat' dir='ltr'><strong>IOANNIS</strong></span> <span class='ocrx_word' id='word_1_480' title='bbox 1563 372 2042 432; x_wconf 74' lang='lat' dir='ltr'><strong>CHRYSOSTOMI</strong></span> <span class='ocrx_word' id='word_1_481' title='bbox 2082 373 2394 430; x_wconf 77' lang='lat' dir='ltr'><strong>ARCHIEP.</strong></span> <span class='ocrx_word' id='word_1_482' title='bbox 2437 373 2968 431; x_wconf 76' lang='lat' dir='ltr'><strong>CONSTANTINOP.</strong></span> 
     </span>
    </p>
   </div>
   <div class='ocr_carea' id='block_1_61' title="bbox 3643 384 3754 444">
    <p class='ocr_par' dir='ltr' id='par_1_61' title="bbox 3643 384 3754 444">
     <span class='ocr_line' id='line_1_61' title="bbox 3643 384 3754 444; baseline 0.018 -3"><span class='ocrx_word' id='word_1_483' title='bbox 3643 384 3754 444; x_wconf 64' lang='lat'><strong>512</strong></span> 
     </span>
    </p>
   </div>
   <div class='ocr_carea' id='block_1_62' title="bbox 2169 494 3752 572">
    <p class='ocr_par' dir='ltr' id='par_1_62' title="bbox 2169 494 3752 572">
     <span class='ocr_line' id='line_1_62' title="bbox 2169 494 3752 572; baseline 0.008 -26"><span class='ocrx_word' id='word_1_484' title='bbox 2169 494 2268 548; x_wconf 75' lang='lat' dir='ltr'><strong>tius</strong></span> <span class='ocrx_word' id='word_1_485' title='bbox 2291 511 2442 565; x_wconf 86' lang='lat' dir='ltr'><strong>quam</strong></span> <span class='ocrx_word' id='word_1_486' title='bbox 2473 497 2686 565; x_wconf 81' lang='lat' dir='ltr'><strong>petimus</strong></span> <span class='ocrx_word' id='word_1_487' title='bbox 2712 499 2790 552; x_wconf 76' lang='lat' dir='ltr'><strong>vel</strong></span> <span class='ocrx_word' id='word_1_488' title='bbox 2825 499 3102 570; x_wconf 71' lang='lat' dir='ltr'><strong>cogitamus</strong></span> <span class='ocrx_word' id='word_1_489' title='bbox 3125 540 3140 564; x_wconf 93' lang='lat'><strong>,</strong></span> <span class='ocrx_word' id='word_1_490' title='bbox 3181 501 3225 554; x_wconf 88' lang='lat' dir='ltr'><strong>ei</strong></span> <span class='ocrx_word' id='word_1_491' title='bbox 3254 502 3418 572; x_wconf 78' lang='lat' dir='ltr'><strong>gloria</strong></span> <span class='ocrx_word' id='word_1_492' title='bbox 3442 505 3494 558; x_wconf 87' lang='lat' dir='ltr'><strong>in</strong></span> <span class='ocrx_word' id='word_1_493' title='bbox 3523 504 3752 560; x_wconf 81' lang='lat' dir='ltr'><strong>Ecclesia</strong></span> 
     </span>
    </p>
   </div>
   <div class='ocr_carea' id='block_1_63' title="bbox 2165 585 3752 668">
    <p class='ocr_par' dir='ltr' id='par_1_63' title="bbox 2165 585 3752 668">
     <span class='ocr_line' id='line_1_63' title="bbox 2165 585 3752 668; baseline 0.009 -30"><span class='ocrx_word' id='word_1_494' title='bbox 2165 585 2380 655; x_wconf 84' lang='lat' dir='ltr'><strong>(Ephes.</strong></span> <span class='ocrx_word' id='word_1_495' title='bbox 2407 588 2459 642; x_wconf 89' lang='lat'><strong>5.</strong></span> <span class='ocrx_word' id='word_1_496' title='bbox 2492 587 2580 641; x_wconf 81' lang='lat'><strong>20.</strong></span> <span class='ocrx_word' id='word_1_497' title='bbox 2611 588 2726 660; x_wconf 82' lang='lat' dir='ltr'><strong>2i).</strong></span> <span class='ocrx_word' id='word_1_498' title='bbox 2755 589 2822 644; x_wconf 89' lang='lat' dir='ltr'><strong>Et</strong></span> <span class='ocrx_word' id='word_1_499' title='bbox 2861 589 2980 644; x_wconf 90' lang='lat' dir='ltr'><strong>ideo</strong></span> <span class='ocrx_word' id='word_1_500' title='bbox 3003 590 3276 661; x_wconf 77' lang='lat' dir='ltr'><strong>prOpbetze</strong></span> <span class='ocrx_word' id='word_1_501' title='bbox 3299 609 3508 665; x_wconf 87' lang='lat' dir='ltr'><strong>quoque</strong></span> <span class='ocrx_word' id='word_1_502' title='bbox 3528 597 3752 668; x_wconf 55' lang='lat' dir='ltr'><strong>antiqui.</strong></span> 
     </span>
    </p>
   </div>
   <div class='ocr_carea' id='block_1_64' title="bbox 2165 680 3747 754">
    <p class='ocr_par' dir='ltr' id='par_1_64' title="bbox 2165 680 3747 754">
     <span class='ocr_line' id='line_1_64' title="bbox 2165 680 3747 754; baseline 0.005 -22"><span class='ocrx_word' id='word_1_503' title='bbox 2165 689 2248 733; x_wconf 90' lang='lat' dir='ltr'><strong>tus</strong></span> <span class='ocrx_word' id='word_1_504' title='bbox 2279 689 2583 748; x_wconf 80' lang='lat' dir='ltr'><strong>quaerentes</strong></span> <span class='ocrx_word' id='word_1_505' title='bbox 2615 680 2893 747; x_wconf 84' lang='lat' dir='ltr'><strong>beneﬁcia,</strong></span> <span class='ocrx_word' id='word_1_506' title='bbox 2925 682 3390 754; x_wconf 76' lang='lat' dir='ltr'><strong>prtebehanthanc</strong></span> <span class='ocrx_word' id='word_1_507' title='bbox 3417 687 3747 744; x_wconf 81' lang='lat' dir='ltr'><strong>benedictio-</strong></span> 
     </span>
    </p>
   </div>
   <div class='ocr_carea' id='block_1_65' title="bbox 2162 771 3741 848">
    <p class='ocr_par' dir='ltr' id='par_1_65' title="bbox 2162 771 3741 848">
     <span class='ocr_line' id='line_1_65' title="bbox 2162 771 3741 848; baseline 0.008 -25"><span class='ocrx_word' id='word_1_508' title='bbox 2162 787 2306 825; x_wconf 89' lang='lat' dir='ltr'><strong>nem.</strong></span> <span class='ocrx_word' id='word_1_509' title='bbox 2352 771 2611 826; x_wconf 70' lang='lat' dir='ltr'><strong>Hcliszeus</strong></span> <span class='ocrx_word' id='word_1_510' title='bbox 2637 773 2779 827; x_wconf 92' lang='lat' dir='ltr'><strong>enim</strong></span> <span class='ocrx_word' id='word_1_511' title='bbox 2809 789 2966 840; x_wconf 89' lang='lat' dir='ltr'><strong>eam,</strong></span> <span class='ocrx_word' id='word_1_512' title='bbox 2999 791 3118 845; x_wconf 65' lang='lat' dir='ltr'><strong>quae</strong></span> <span class='ocrx_word' id='word_1_513' title='bbox 3152 776 3296 830; x_wconf 92' lang='lat' dir='ltr'><strong>illum</strong></span> <span class='ocrx_word' id='word_1_514' title='bbox 3325 781 3601 848; x_wconf 88' lang='lat' dir='ltr'><strong>suscepit,</strong></span> <span class='ocrx_word' id='word_1_515' title='bbox 3651 781 3741 835; x_wconf 84' lang='lat' dir='ltr'><strong>lilii</strong></span> 
     </span>
    </p>
   </div>
   <div class='ocr_carea' id='block_1_66' title="bbox 2160 862 3747 938">
    <p class='ocr_par' dir='ltr' id='par_1_66' title="bbox 2160 862 3747 938">
     <span class='ocr_line' id='line_1_66' title="bbox 2160 862 3747 938; baseline 0.007 -24"><span class='ocrx_word' id='word_1_516' title='bbox 2160 862 2302 917; x_wconf 88' lang='lat' dir='ltr'><strong>dono</strong></span> <span class='ocrx_word' id='word_1_517' title='bbox 2328 874 2697 918; x_wconf 89' lang='lat' dir='ltr'><strong>remuneratus</strong></span> <span class='ocrx_word' id='word_1_518' title='bbox 2720 875 2799 918; x_wconf 89' lang='lat' dir='ltr'><strong>est</strong></span> <span class='ocrx_word' id='word_1_519' title='bbox 2822 863 2900 938; x_wconf 66' lang='grc'><strong>(4.</strong></span> <span class='ocrx_word' id='word_1_520' title='bbox 2932 864 3066 936; x_wconf 86' lang='lat' dir='ltr'><strong>Reg.</strong></span> <span class='ocrx_word' id='word_1_521' title='bbox 3092 867 3144 921; x_wconf 80' lang='grc'><strong>4.</strong></span> <span class='ocrx_word' id='word_1_522' title='bbox 3177 867 3287 938; x_wconf 88' lang='grc'><strong>16).</strong></span> <span class='ocrx_word' id='word_1_523' title='bbox 3318 867 3373 921; x_wconf 85' lang='lat' dir='ltr'><strong>In</strong></span> <span class='ocrx_word' id='word_1_524' title='bbox 3404 868 3551 923; x_wconf 82' lang='lat' dir='ltr'><strong>Novo</strong></span> <span class='ocrx_word' id='word_1_525' title='bbox 3571 879 3747 925; x_wconf 87' lang='lat' dir='ltr'><strong>autem</strong></span> 
     </span>
    </p>
   </div>
   <div class='ocr_carea' id='block_1_67' title="bbox 2163 955 3746 1029">
    <p class='ocr_par' dir='ltr' id='par_1_67' title="bbox 2163 955 3746 1029">
     <span class='ocr_line' id='line_1_67' title="bbox 2163 955 3746 1029; baseline 0.005 -21"><span class='ocrx_word' id='word_1_526' title='bbox 2163 971 2267 1009; x_wconf 92' lang='lat' dir='ltr'><strong>non</strong></span> <span class='ocrx_word' id='word_1_527' title='bbox 2297 955 2435 1022; x_wconf 62' lang='lat' dir='ltr'><strong>haec,</strong></span> <span class='ocrx_word' id='word_1_528' title='bbox 2479 955 2573 1010; x_wconf 92' lang='lat' dir='ltr'><strong>sed</strong></span> <span class='ocrx_word' id='word_1_529' title='bbox 2601 958 2767 1011; x_wconf 91' lang='lat' dir='ltr'><strong>multo</strong></span> <span class='ocrx_word' id='word_1_530' title='bbox 2809 957 3034 1026; x_wconf 87' lang='lat' dir='ltr'><strong>majora.</strong></span> <span class='ocrx_word' id='word_1_531' title='bbox 3063 958 3243 1028; x_wconf 84' lang='lat' dir='ltr'><strong>Itaque</strong></span> <span class='ocrx_word' id='word_1_532' title='bbox 3286 961 3595 1029; x_wconf 87' lang='lat' dir='ltr'><strong>purpuraria</strong></span> <span class='ocrx_word' id='word_1_533' title='bbox 3641 977 3746 1016; x_wconf 87' lang='lat' dir='ltr'><strong>non</strong></span> 
     </span>
    </p>
   </div>
   <div class='ocr_carea' id='block_1_68' title="bbox 2159 1045 3747 1122">
    <p class='ocr_par' dir='ltr' id='par_1_68' title="bbox 2159 1045 3747 1122">
     <span class='ocr_line' id='line_1_68' title="bbox 2159 1045 3747 1122; baseline 0.004 -24"><span class='ocrx_word' id='word_1_534' title='bbox 2159 1045 2276 1101; x_wconf 77' lang='lat' dir='ltr'><strong>[nec</strong></span> <span class='ocrx_word' id='word_1_535' title='bbox 2305 1045 2520 1115; x_wconf 89' lang='lat' dir='ltr'><strong>petebat</strong></span> <span class='ocrx_word' id='word_1_536' title='bbox 2549 1045 2618 1100; x_wconf 88' lang='lat' dir='ltr'><strong>ab</strong></span> <span class='ocrx_word' id='word_1_537' title='bbox 2662 1049 2916 1116; x_wconf 84' lang='lat' dir='ltr'><strong>apostolis</strong></span> <span class='ocrx_word' id='word_1_538' title='bbox 2939 1090 2953 1115; x_wconf 92' lang='lat'><strong>,</strong></span> <span class='ocrx_word' id='word_1_539' title='bbox 2998 1048 3093 1104; x_wconf 92' lang='lat' dir='ltr'><strong>sed</strong></span> <span class='ocrx_word' id='word_1_540' title='bbox 3133 1049 3299 1119; x_wconf 86' lang='lat' dir='ltr'><strong>quid?</strong></span> <span class='ocrx_word' id='word_1_541' title='bbox 3329 1050 3390 1104; x_wconf 90' lang='lat' dir='ltr'><strong>Si</strong></span> <span class='ocrx_word' id='word_1_542' title='bbox 3420 1067 3521 1104; x_wconf 87' lang='lat' dir='ltr'><strong>non</strong></span> <span class='ocrx_word' id='word_1_543' title='bbox 3538 1051 3747 1122; x_wconf 85' lang='lat' dir='ltr'><strong>judica-</strong></span> 
     </span>
    </p>
   </div>
   <div class='ocr_carea' id='block_1_69' title="bbox 2157 1137 3749 1209">
    <p class='ocr_par' dir='ltr' id='par_1_69' title="bbox 2157 1137 3749 1209">
     <span class='ocr_line' id='line_1_69' title="bbox 2157 1137 3749 1209; baseline 0.004 -18"><span class='ocrx_word' id='word_1_544' title='bbox 2157 1140 2247 1192; x_wconf 86' lang='lat' dir='ltr'><strong>stis</strong></span> <span class='ocrx_word' id='word_1_545' title='bbox 2272 1155 2351 1192; x_wconf 91' lang='lat' dir='ltr'><strong>me</strong></span> <span class='ocrx_word' id='word_1_546' title='bbox 2373 1137 2634 1208; x_wconf 85' lang='lat' dir='ltr'><strong>indignam</strong></span> <span class='ocrx_word' id='word_1_547' title='bbox 2673 1139 2915 1205; x_wconf 87' lang='lat' dir='ltr'><strong>Domino,</strong></span> <span class='ocrx_word' id='word_1_548' title='bbox 2954 1140 3167 1209; x_wconf 84' lang='lat' dir='ltr'><strong>ingressi</strong></span> <span class='ocrx_word' id='word_1_549' title='bbox 3190 1181 3205 1205; x_wconf 93' lang='lat'><strong>,</strong></span> <span class='ocrx_word' id='word_1_550' title='bbox 3252 1150 3447 1196; x_wconf 88' lang='lat' dir='ltr'><strong>manete</strong></span> <span class='ocrx_word' id='word_1_551' title='bbox 3489 1144 3630 1206; x_wconf 85' lang='lat' dir='ltr'><strong>apud</strong></span> <span class='ocrx_word' id='word_1_552' title='bbox 3667 1160 3749 1199; x_wconf 74' lang='lat' dir='ltr'><strong>me</strong></span> 
     </span>
    </p>
   </div>
   <div class='ocr_carea' id='block_1_70' title="bbox 2157 1228 2531 1303">
    <p class='ocr_par' dir='ltr' id='par_1_70' title="bbox 2157 1228 2531 1303">
     <span class='ocr_line' id='line_1_70' title="bbox 2157 1228 2531 1303; baseline 0.008 -21"><span class='ocrx_word' id='word_1_553' title='bbox 2157 1228 2290 1302; x_wconf 81' lang='lat' dir='ltr'><strong>(Act.</strong></span> <span class='ocrx_word' id='word_1_554' title='bbox 2312 1230 2400 1286; x_wconf 79' lang='lat' dir='ltr'><strong>to.</strong></span> <span class='ocrx_word' id='word_1_555' title='bbox 2421 1229 2531 1303; x_wconf 77' lang='lat' dir='ltr'><strong>is).</strong></span> 
     </span>
    </p>
   </div>
   <div class='ocr_carea' id='block_1_71' title="bbox 2229 1318 3748 1398">
    <p class='ocr_par' dir='ltr' id='par_1_71' title="bbox 2229 1318 3748 1398">
     <span class='ocr_line' id='line_1_71' title="bbox 2229 1318 3748 1398; baseline 0.003 -22"><span class='ocrx_word' id='word_1_556' title='bbox 2229 1320 2362 1376; x_wconf 81' lang='lat' dir='ltr'><strong>Novi</strong></span> <span class='ocrx_word' id='word_1_557' title='bbox 2381 1318 2702 1380; x_wconf 82' lang='lat' dir='ltr'><strong>Testamenti</strong></span> <span class='ocrx_word' id='word_1_558' title='bbox 2725 1324 2859 1380; x_wconf 88' lang='lat' dir='ltr'><strong>bona</strong></span> <span class='ocrx_word' id='word_1_559' title='bbox 2882 1327 3013 1383; x_wconf 84' lang='lat' dir='ltr'><strong>nihil</strong></span> <span class='ocrx_word' id='word_1_560' title='bbox 3029 1329 3220 1383; x_wconf 89' lang='lat' dir='ltr'><strong>terreni</strong></span> <span class='ocrx_word' id='word_1_561' title='bbox 3233 1325 3446 1382; x_wconf 78' lang='lat' dir='ltr'><strong>habent.</strong></span> <span class='ocrx_word' id='word_1_562' title='bbox 3469 1321 3748 1398; x_wconf 76' lang='lat' dir='ltr'><strong>Virginita-</strong></span> 
     </span>
    </p>
   </div>
   <div class='ocr_carea' id='block_1_72' title="bbox 2156 1413 3740 1483">
    <p class='ocr_par' dir='ltr' id='par_1_72' title="bbox 2156 1413 3740 1483">
     <span class='ocr_line' id='line_1_72' title="bbox 2156 1413 3740 1483; baseline 0.004 -17"><span class='ocrx_word' id='word_1_563' title='bbox 2156 1413 2219 1467; x_wconf 87' lang='lat' dir='ltr'><strong>tis</strong></span> <span class='ocrx_word' id='word_1_564' title='bbox 2239 1413 2421 1466; x_wconf 85' lang='lat' dir='ltr'><strong>bonum</strong></span> <span class='ocrx_word' id='word_1_565' title='bbox 2447 1417 2698 1483; x_wconf 86' lang='lat' dir='ltr'><strong>quomodo</strong></span> <span class='ocrx_word' id='word_1_566' title='bbox 2719 1415 3079 1471; x_wconf 87' lang='lat' dir='ltr'><strong>introductum.</strong></span> <span class='ocrx_word' id='word_1_567' title='bbox 3108 1414 3409 1470; x_wconf 68' lang='lat' dir='ltr'><strong>Iudaeorum</strong></span> <span class='ocrx_word' id='word_1_568' title='bbox 3441 1420 3740 1473; x_wconf 85' lang='lat' dir='ltr'><strong>carnalitas.</strong></span> 
     </span>
    </p>
   </div>
   <div class='ocr_carea' id='block_1_73' title="bbox 2155 1502 3746 1580">
    <p class='ocr_par' dir='ltr' id='par_1_73' title="bbox 2155 1502 3746 1580">
     <span class='ocr_line' id='line_1_73' title="bbox 2155 1502 3746 1580; baseline 0.004 -22"><span class='ocrx_word' id='word_1_569' title='bbox 2155 1502 2446 1558; x_wconf 83' lang='lat' dir='ltr'><strong>Benedictio</strong></span> <span class='ocrx_word' id='word_1_570' title='bbox 2471 1504 2990 1561; x_wconf 72' lang='lat' dir='ltr'><strong>hominum—Vides</strong></span> <span class='ocrx_word' id='word_1_571' title='bbox 3013 1515 3268 1576; x_wconf 91' lang='lat' dir='ltr'><strong>quantum</strong></span> <span class='ocrx_word' id='word_1_572' title='bbox 3296 1508 3503 1564; x_wconf 86' lang='lat' dir='ltr'><strong>intersit</strong></span> <span class='ocrx_word' id='word_1_573' title='bbox 3527 1518 3581 1564; x_wconf 87' lang='lat' dir='ltr'><strong>et</strong></span> <span class='ocrx_word' id='word_1_574' title='bbox 3599 1526 3746 1580; x_wconf 70' lang='lat' dir='ltr'><strong>qum-</strong></span> 
     </span>
    </p>
   </div>
   <div class='ocr_carea' id='block_1_74' title="bbox 2155 1597 3742 1672">
    <p class='ocr_par' dir='ltr' id='par_1_74' title="bbox 2155 1597 3742 1672">
     <span class='ocr_line' id='line_1_74' title="bbox 2155 1597 3742 1672; baseline 0.004 -22"><span class='ocrx_word' id='word_1_575' title='bbox 2155 1612 2276 1651; x_wconf 91' lang='lat' dir='ltr'><strong>nam</strong></span> <span class='ocrx_word' id='word_1_576' title='bbox 2299 1597 2509 1667; x_wconf 86' lang='lat' dir='ltr'><strong>quidem</strong></span> <span class='ocrx_word' id='word_1_577' title='bbox 2538 1597 2786 1668; x_wconf 90' lang='lat' dir='ltr'><strong>petebant</strong></span> <span class='ocrx_word' id='word_1_578' title='bbox 2815 1599 2903 1668; x_wconf 92' lang='lat' dir='ltr'><strong>qui</strong></span> <span class='ocrx_word' id='word_1_579' title='bbox 2933 1608 3086 1654; x_wconf 90' lang='lat' dir='ltr'><strong>erant</strong></span> <span class='ocrx_word' id='word_1_580' title='bbox 3107 1601 3158 1654; x_wconf 93' lang='lat' dir='ltr'><strong>in</strong></span> <span class='ocrx_word' id='word_1_581' title='bbox 3178 1600 3391 1667; x_wconf 81' lang='lat' dir='ltr'><strong>Veteri,</strong></span> <span class='ocrx_word' id='word_1_582' title='bbox 3415 1609 3469 1657; x_wconf 88' lang='lat' dir='ltr'><strong>et</strong></span> <span class='ocrx_word' id='word_1_583' title='bbox 3497 1618 3742 1672; x_wconf 80' lang='lat' dir='ltr'><strong>quamam</strong></span> 
     </span>
    </p>
   </div>
   <div class='ocr_carea' id='block_1_75' title="bbox 2152 1688 3744 1764">
    <p class='ocr_par' dir='ltr' id='par_1_75' title="bbox 2152 1688 3744 1764">
     <span class='ocr_line' id='line_1_75' title="bbox 2152 1688 3744 1764; baseline 0.005 -23"><span class='ocrx_word' id='word_1_584' title='bbox 2152 1691 2240 1759; x_wconf 89' lang='lat' dir='ltr'><strong>qui</strong></span> <span class='ocrx_word' id='word_1_585' title='bbox 2261 1691 2310 1742; x_wconf 94' lang='lat' dir='ltr'><strong>in</strong></span> <span class='ocrx_word' id='word_1_586' title='bbox 2330 1688 2516 1743; x_wconf 84' lang='lat' dir='ltr'><strong>Novo?</strong></span> <span class='ocrx_word' id='word_1_587' title='bbox 2537 1689 2603 1744; x_wconf 86' lang='lat' dir='ltr'><strong>Et</strong></span> <span class='ocrx_word' id='word_1_588' title='bbox 2627 1705 2813 1744; x_wconf 88' lang='lat' dir='ltr'><strong>rursus</strong></span> <span class='ocrx_word' id='word_1_589' title='bbox 2829 1689 3071 1746; x_wconf 88' lang='lat' dir='ltr'><strong>Christus</strong></span> <span class='ocrx_word' id='word_1_590' title='bbox 3091 1712 3104 1745; x_wconf 89' lang='lat'><strong>:</strong></span> <span class='ocrx_word' id='word_1_591' title='bbox 3127 1691 3349 1746; x_wconf 83' lang='lat' dir='ltr'><strong>Gaudete</strong></span> <span class='ocrx_word' id='word_1_592' title='bbox 3363 1735 3376 1757; x_wconf 89' lang='lat'><strong>,</strong></span> <span class='ocrx_word' id='word_1_593' title='bbox 3396 1695 3513 1764; x_wconf 85' lang='lat' dir='ltr'><strong>quia</strong></span> <span class='ocrx_word' id='word_1_594' title='bbox 3538 1697 3744 1750; x_wconf 88' lang='lat' dir='ltr'><strong>nomina</strong></span> 
     </span>
    </p>
   </div>
   <div class='ocr_carea' id='block_1_76' title="bbox 2152 1782 3739 1858">
    <p class='ocr_par' dir='ltr' id='par_1_76' title="bbox 2152 1782 3739 1858">
     <span class='ocr_line' id='line_1_76' title="bbox 2152 1782 3739 1858; baseline 0.005 -24"><span class='ocrx_word' id='word_1_595' title='bbox 2152 1791 2314 1835; x_wconf 77' lang='lat' dir='ltr'><strong>uestra</strong></span> <span class='ocrx_word' id='word_1_596' title='bbox 2341 1782 2530 1852; x_wconf 87' lang='lat' dir='ltr'><strong>scripta</strong></span> <span class='ocrx_word' id='word_1_597' title='bbox 2555 1792 2670 1837; x_wconf 91' lang='lat' dir='ltr'><strong>sunt</strong></span> <span class='ocrx_word' id='word_1_598' title='bbox 2706 1783 2760 1836; x_wconf 89' lang='lat' dir='ltr'><strong>in</strong></span> <span class='ocrx_word' id='word_1_599' title='bbox 2784 1785 2920 1838; x_wconf 72' lang='lat' dir='ltr'><strong>ccelis</strong></span> <span class='ocrx_word' id='word_1_600' title='bbox 2948 1783 3114 1857; x_wconf 90' lang='lat' dir='ltr'><strong>(Luc.</strong></span> <span class='ocrx_word' id='word_1_601' title='bbox 3146 1786 3234 1841; x_wconf 89' lang='grc'><strong>10.</strong></span> <span class='ocrx_word' id='word_1_602' title='bbox 3263 1786 3378 1858; x_wconf 82' lang='lat'><strong>20).</strong></span> <span class='ocrx_word' id='word_1_603' title='bbox 3411 1787 3477 1841; x_wconf 88' lang='lat' dir='ltr'><strong>Et</strong></span> <span class='ocrx_word' id='word_1_604' title='bbox 3504 1789 3698 1846; x_wconf 88' lang='lat' dir='ltr'><strong>Paulus</strong></span> <span class='ocrx_word' id='word_1_605' title='bbox 3725 1807 3739 1842; x_wconf 93' lang='lat'>:</span> 
     </span>
    </p>
   </div>
   <div class='ocr_carea' id='block_1_77' title="bbox 2153 1871 3741 1950">
    <p class='ocr_par' dir='ltr' id='par_1_77' title="bbox 2153 1871 3741 1950">
     <span class='ocr_line' id='line_1_77' title="bbox 2153 1871 3741 1950; baseline 0.006 -24"><span class='ocrx_word' id='word_1_606' title='bbox 2153 1871 2292 1928; x_wconf 89' lang='lat' dir='ltr'><strong>Deus</strong></span> <span class='ocrx_word' id='word_1_607' title='bbox 2313 1883 2480 1928; x_wconf 88' lang='lat' dir='ltr'><strong>autem</strong></span> <span class='ocrx_word' id='word_1_608' title='bbox 2512 1875 2720 1946; x_wconf 87' lang='lat' dir='ltr'><strong>impleat</strong></span> <span class='ocrx_word' id='word_1_609' title='bbox 2740 1892 2825 1929; x_wconf 85' lang='lat' dir='ltr'><strong>vos</strong></span> <span class='ocrx_word' id='word_1_610' title='bbox 2846 1879 2984 1930; x_wconf 90' lang='lat' dir='ltr'><strong>onmi</strong></span> <span class='ocrx_word' id='word_1_611' title='bbox 3011 1880 3176 1950; x_wconf 82' lang='lat' dir='ltr'><strong>gratia</strong></span> <span class='ocrx_word' id='word_1_612' title='bbox 3199 1887 3244 1932; x_wconf 87' lang='lat' dir='ltr'><strong>et</strong></span> <span class='ocrx_word' id='word_1_613' title='bbox 3264 1896 3353 1948; x_wconf 88' lang='lat' dir='ltr'><strong>spe</strong></span> <span class='ocrx_word' id='word_1_614' title='bbox 3376 1881 3429 1933; x_wconf 86' lang='lat' dir='ltr'><strong>in</strong></span> <span class='ocrx_word' id='word_1_615' title='bbox 3469 1883 3741 1947; x_wconf 84' lang='lat' dir='ltr'><strong>credendo,</strong></span> 
     </span>
    </p>
   </div>
   <div class='ocr_carea' id='block_1_78' title="bbox 2151 1965 3740 2045">
    <p class='ocr_par' dir='ltr' id='par_1_78' title="bbox 2151 1965 3740 2045">
     <span class='ocr_line' id='line_1_78' title="bbox 2151 1965 3740 2045; baseline 0.005 -27"><span class='ocrx_word' id='word_1_616' title='bbox 2151 1975 2206 2019; x_wconf 73' lang='lat' dir='ltr'><strong>ut</strong></span> <span class='ocrx_word' id='word_1_617' title='bbox 2234 1965 2496 2020; x_wconf 87' lang='lat' dir='ltr'><strong>abundetis</strong></span> <span class='ocrx_word' id='word_1_618' title='bbox 2516 1967 2569 2021; x_wconf 87' lang='lat' dir='ltr'><strong>in</strong></span> <span class='ocrx_word' id='word_1_619' title='bbox 2597 1984 2702 2038; x_wconf 85' lang='lat' dir='ltr'><strong>spe,</strong></span> <span class='ocrx_word' id='word_1_620' title='bbox 2731 1968 2784 2022; x_wconf 90' lang='lat' dir='ltr'><strong>in</strong></span> <span class='ocrx_word' id='word_1_621' title='bbox 2808 1969 2985 2022; x_wconf 82' lang='lat' dir='ltr'><strong>virtute</strong></span> <span class='ocrx_word' id='word_1_622' title='bbox 3014 1969 3240 2038; x_wconf 83' lang='lat' dir='ltr'><strong>Spiritus</strong></span> <span class='ocrx_word' id='word_1_623' title='bbox 3268 1973 3428 2025; x_wconf 87' lang='lat' dir='ltr'><strong>sancti</strong></span> <span class='ocrx_word' id='word_1_624' title='bbox 3453 1970 3627 2045; x_wconf 85' lang='lat' dir='ltr'><strong>(Rom.</strong></span> <span class='ocrx_word' id='word_1_625' title='bbox 3651 1974 3740 2029; x_wconf 81' lang='grc'><strong>15.</strong></span> 
     </span>
    </p>
   </div>
   <div class='ocr_carea' id='block_1_79' title="bbox 2153 2058 3740 2135">
    <p class='ocr_par' dir='ltr' id='par_1_79' title="bbox 2153 2058 3740 2135">
     <span class='ocr_line' id='line_1_79' title="bbox 2153 2058 3740 2135; baseline 0.005 -22"><span class='ocrx_word' id='word_1_626' title='bbox 2153 2058 2267 2126; x_wconf 81' lang='grc'><strong>15).</strong></span> <span class='ocrx_word' id='word_1_627' title='bbox 2300 2059 2488 2114; x_wconf 88' lang='lat' dir='ltr'><strong>Vidisti</strong></span> <span class='ocrx_word' id='word_1_628' title='bbox 2512 2061 2620 2114; x_wconf 89' lang='lat' dir='ltr'><strong>vim</strong></span> <span class='ocrx_word' id='word_1_629' title='bbox 2643 2059 3027 2116; x_wconf 89' lang='lat' dir='ltr'><strong>benedictionis</strong></span> <span class='ocrx_word' id='word_1_630' title='bbox 3049 2077 3166 2132; x_wconf 66' lang='lat' dir='ltr'><strong>quae</strong></span> <span class='ocrx_word' id='word_1_631' title='bbox 3194 2063 3332 2118; x_wconf 88' lang='lat' dir='ltr'><strong>bona</strong></span> <span class='ocrx_word' id='word_1_632' title='bbox 3359 2065 3580 2135; x_wconf 78' lang='lat' dir='ltr'><strong>largitur</strong></span> <span class='ocrx_word' id='word_1_633' title='bbox 3608 2066 3740 2121; x_wconf 82' lang='lat' dir='ltr'><strong>inef-</strong></span> 
     </span>
    </p>
   </div>
   <div class='ocr_carea' id='block_1_80' title="bbox 2152 2147 3738 2216">
    <p class='ocr_par' dir='ltr' id='par_1_80' title="bbox 2152 2147 3738 2216">
     <span class='ocr_line' id='line_1_80' title="bbox 2152 2147 3738 2216; baseline 0.006 -14"><span class='ocrx_word' id='word_1_634' title='bbox 2152 2147 2362 2216; x_wconf 76' lang='lat' dir='ltr'><strong>fabilia,</strong></span> <span class='ocrx_word' id='word_1_635' title='bbox 2395 2159 2449 2206; x_wconf 91' lang='lat' dir='ltr'><strong>et</strong></span> <span class='ocrx_word' id='word_1_636' title='bbox 2476 2151 2606 2205; x_wconf 91' lang='lat' dir='ltr'><strong>nihil</strong></span> <span class='ocrx_word' id='word_1_637' title='bbox 2653 2152 2813 2207; x_wconf 85' lang='lat' dir='ltr'><strong>habet</strong></span> <span class='ocrx_word' id='word_1_638' title='bbox 2842 2154 3154 2208; x_wconf 85' lang='lat' dir='ltr'><strong>terrenum?</strong></span> <span class='ocrx_word' id='word_1_639' title='bbox 3191 2164 3245 2209; x_wconf 92' lang='lat' dir='ltr'><strong>et</strong></span> <span class='ocrx_word' id='word_1_640' title='bbox 3286 2171 3472 2210; x_wconf 90' lang='lat' dir='ltr'><strong>rursus</strong></span> <span class='ocrx_word' id='word_1_641' title='bbox 3499 2156 3693 2212; x_wconf 85' lang='lat' dir='ltr'><strong>Paulus</strong></span> <span class='ocrx_word' id='word_1_642' title='bbox 3723 2173 3738 2211; x_wconf 88' lang='lat'><strong>:</strong></span> 
     </span>
    </p>
   </div>
   <div class='ocr_carea' id='block_1_81' title="bbox 2151 2239 3740 2313">
    <p class='ocr_par' dir='ltr' id='par_1_81' title="bbox 2151 2239 3740 2313">
     <span class='ocr_line' id='line_1_81' title="bbox 2151 2239 3740 2313; baseline 0.004 -20"><span class='ocrx_word' id='word_1_643' title='bbox 2151 2239 2290 2294; x_wconf 88' lang='lat' dir='ltr'><strong>Deus</strong></span> <span class='ocrx_word' id='word_1_644' title='bbox 2315 2251 2480 2295; x_wconf 84' lang='lat' dir='ltr'><strong>autem</strong></span> <span class='ocrx_word' id='word_1_645' title='bbox 2506 2251 2722 2295; x_wconf 83' lang='lat' dir='ltr'><strong>conteret</strong></span> <span class='ocrx_word' id='word_1_646' title='bbox 2747 2253 2978 2296; x_wconf 87' lang='lat' dir='ltr'><strong>satanam</strong></span> <span class='ocrx_word' id='word_1_647' title='bbox 3007 2241 3097 2297; x_wconf 82' lang='lat' dir='ltr'><strong>sub</strong></span> <span class='ocrx_word' id='word_1_648' title='bbox 3139 2243 3345 2313; x_wconf 86' lang='lat' dir='ltr'><strong>pedibus</strong></span> <span class='ocrx_word' id='word_1_649' title='bbox 3369 2245 3544 2300; x_wconf 86' lang='lat' dir='ltr'><strong>vestris</strong></span> <span class='ocrx_word' id='word_1_650' title='bbox 3568 2247 3716 2302; x_wconf 86' lang='lat' dir='ltr'><strong>celeri</strong></span> <span class='ocrx_word' id='word_1_651' title='bbox 3725 2278 3740 2290; x_wconf 73' lang='grc' dir='ltr'><strong><em>ο</em></strong></span> 
     </span>
    </p>
   </div>
   <div class='ocr_carea' id='block_1_82' title="bbox 2152 2329 3735 2405">
    <p class='ocr_par' dir='ltr' id='par_1_82' title="bbox 2152 2329 3735 2405">
     <span class='ocr_line' id='line_1_82' title="bbox 2152 2329 3735 2405; baseline 0.004 -21"><span class='ocrx_word' id='word_1_652' title='bbox 2152 2340 2227 2384; x_wconf 90' lang='lat' dir='ltr'><strong>ter</strong></span> <span class='ocrx_word' id='word_1_653' title='bbox 2276 2329 2449 2405; x_wconf 87' lang='lat' dir='ltr'><strong>(Rom.</strong></span> <span class='ocrx_word' id='word_1_654' title='bbox 2477 2333 2563 2387; x_wconf 85' lang='grc'><strong>16.</strong></span> <span class='ocrx_word' id='word_1_655' title='bbox 2597 2331 2711 2404; x_wconf 88' lang='lat'><strong>20).</strong></span> <span class='ocrx_word' id='word_1_656' title='bbox 2735 2332 2840 2388; x_wconf 86' lang='lat' dir='ltr'><strong>Sed</strong></span> <span class='ocrx_word' id='word_1_657' title='bbox 2874 2334 2926 2387; x_wconf 92' lang='lat' dir='ltr'><strong>in</strong></span> <span class='ocrx_word' id='word_1_658' title='bbox 2975 2333 3160 2389; x_wconf 73' lang='lat' dir='ltr'><strong>Veteri</strong></span> <span class='ocrx_word' id='word_1_659' title='bbox 3181 2376 3194 2400; x_wconf 92' lang='lat'><strong>,</strong></span> <span class='ocrx_word' id='word_1_660' title='bbox 3227 2335 3441 2405; x_wconf 83' lang='lat' dir='ltr'><strong>quando</strong></span> <span class='ocrx_word' id='word_1_661' title='bbox 3496 2336 3735 2392; x_wconf 77' lang='lat' dir='ltr'><strong>homines</strong></span> 
     </span>
    </p>
   </div>
   <div class='ocr_carea' id='block_1_83' title="bbox 2153 2423 3736 2486">
    <p class='ocr_par' dir='ltr' id='par_1_83' title="bbox 2153 2423 3736 2486">
     <span class='ocr_line' id='line_1_83' title="bbox 2153 2423 3736 2486; baseline 0.003 -9"><span class='ocrx_word' id='word_1_662' title='bbox 2153 2431 2309 2477; x_wconf 86' lang='lat' dir='ltr'><strong>erant</strong></span> <span class='ocrx_word' id='word_1_663' title='bbox 2355 2423 2668 2486; x_wconf 89' lang='lat' dir='ltr'><strong>crassiores,</strong></span> <span class='ocrx_word' id='word_1_664' title='bbox 2710 2439 2773 2479; x_wconf 91' lang='lat' dir='ltr'><strong>ex</strong></span> <span class='ocrx_word' id='word_1_665' title='bbox 2821 2423 3105 2479; x_wconf 81' lang='lat' dir='ltr'><strong>senSilibus</strong></span> <span class='ocrx_word' id='word_1_666' title='bbox 3152 2425 3534 2481; x_wconf 84' lang='lat' dir='ltr'><strong>contexebatur</strong></span> <span class='ocrx_word' id='word_1_667' title='bbox 3575 2426 3736 2481; x_wconf 59' lang='lat' dir='ltr'><strong>bene.</strong></span> 
     </span>
    </p>
   </div>
   <div class='ocr_carea' id='block_1_84' title="bbox 2149 2513 3739 2586">
    <p class='ocr_par' dir='ltr' id='par_1_84' title="bbox 2149 2513 3739 2586">
     <span class='ocr_line' id='line_1_84' title="bbox 2149 2513 3739 2586; baseline 0.001 -19"><span class='ocrx_word' id='word_1_668' title='bbox 2149 2513 2330 2580; x_wconf 89' lang='lat' dir='ltr'><strong>dictio,</strong></span> <span class='ocrx_word' id='word_1_669' title='bbox 2359 2522 2417 2568; x_wconf 90' lang='lat' dir='ltr'><strong>et</strong></span> <span class='ocrx_word' id='word_1_670' title='bbox 2453 2515 2741 2568; x_wconf 90' lang='lat' dir='ltr'><strong>multorum</strong></span> <span class='ocrx_word' id='word_1_671' title='bbox 2773 2514 3062 2569; x_wconf 90' lang='lat' dir='ltr'><strong>liberorum</strong></span> <span class='ocrx_word' id='word_1_672' title='bbox 3088 2517 3362 2586; x_wconf 90' lang='lat' dir='ltr'><strong>susceptio</strong></span> <span class='ocrx_word' id='word_1_673' title='bbox 3389 2517 3739 2571; x_wconf 79' lang='lat' dir='ltr'><strong>existimaba-</strong></span> 
     </span>
    </p>
   </div>
   <div class='ocr_carea' id='block_1_85' title="bbox 2152 2605 3736 2678">
    <p class='ocr_par' dir='ltr' id='par_1_85' title="bbox 2152 2605 3736 2678">
     <span class='ocr_line' id='line_1_85' title="bbox 2152 2605 3736 2678; baseline 0.004 -21"><span class='ocrx_word' id='word_1_674' title='bbox 2152 2613 2237 2658; x_wconf 90' lang='lat' dir='ltr'><strong>tur</strong></span> <span class='ocrx_word' id='word_1_675' title='bbox 2265 2619 2384 2658; x_wconf 90' lang='lat' dir='ltr'><strong>csse</strong></span> <span class='ocrx_word' id='word_1_676' title='bbox 2414 2620 2500 2659; x_wconf 93' lang='lat' dir='ltr'><strong>res</strong></span> <span class='ocrx_word' id='word_1_677' title='bbox 2550 2605 2800 2659; x_wconf 84' lang='lat' dir='ltr'><strong>maxima.</strong></span> <span class='ocrx_word' id='word_1_678' title='bbox 2839 2605 3099 2672; x_wconf 90' lang='lat' dir='ltr'><strong>Quoniam</strong></span> <span class='ocrx_word' id='word_1_679' title='bbox 3129 2607 3270 2661; x_wconf 90' lang='lat' dir='ltr'><strong>enim</strong></span> <span class='ocrx_word' id='word_1_680' title='bbox 3325 2622 3471 2662; x_wconf 85' lang='lat' dir='ltr'><strong>mors</strong></span> <span class='ocrx_word' id='word_1_681' title='bbox 3501 2609 3736 2678; x_wconf 79' lang='lat' dir='ltr'><strong>ingressa</strong></span> 
     </span>
    </p>
   </div>
   <div class='ocr_carea' id='block_1_86' title="bbox 2152 2696 3742 2766">
    <p class='ocr_par' dir='ltr' id='par_1_86' title="bbox 2152 2696 3742 2766">
     <span class='ocr_line' id='line_1_86' title="bbox 2152 2696 3742 2766; baseline 0.004 -17"><span class='ocrx_word' id='word_1_682' title='bbox 2152 2703 2268 2749; x_wconf 88' lang='lat' dir='ltr'><strong>erat</strong></span> <span class='ocrx_word' id='word_1_683' title='bbox 2311 2710 2374 2749; x_wconf 86' lang='lat' dir='ltr'><strong>ex</strong></span> <span class='ocrx_word' id='word_1_684' title='bbox 2407 2703 2645 2765; x_wconf 82' lang='lat' dir='ltr'><strong>peccato,</strong></span> <span class='ocrx_word' id='word_1_685' title='bbox 2680 2696 2820 2751; x_wconf 89' lang='lat' dir='ltr'><strong>Deus</strong></span> <span class='ocrx_word' id='word_1_686' title='bbox 2844 2711 3012 2766; x_wconf 82' lang='lat' dir='ltr'><strong>genus</strong></span> <span class='ocrx_word' id='word_1_687' title='bbox 3038 2697 3340 2763; x_wconf 88' lang='lat' dir='ltr'><strong>consolans,</strong></span> <span class='ocrx_word' id='word_1_688' title='bbox 3369 2708 3422 2752; x_wconf 90' lang='lat' dir='ltr'><strong>et</strong></span> <span class='ocrx_word' id='word_1_689' title='bbox 3451 2699 3742 2755; x_wconf 88' lang='lat' dir='ltr'><strong>ostendens</strong></span> 
     </span>
    </p>
   </div>
   <div class='ocr_carea' id='block_1_87' title="bbox 2149 2788 3740 2856">
    <p class='ocr_par' dir='ltr' id='par_1_87' title="bbox 2149 2788 3740 2856">
     <span class='ocr_line' id='line_1_87' title="bbox 2149 2788 3740 2856; baseline 0.001 -13"><span class='ocrx_word' id='word_1_690' title='bbox 2149 2803 2265 2843; x_wconf 87' lang='lat' dir='ltr'><strong>eam</strong></span> <span class='ocrx_word' id='word_1_691' title='bbox 2293 2803 2397 2842; x_wconf 91' lang='lat' dir='ltr'><strong>non</strong></span> <span class='ocrx_word' id='word_1_692' title='bbox 2432 2788 2589 2842; x_wconf 91' lang='lat' dir='ltr'><strong>modo</strong></span> <span class='ocrx_word' id='word_1_693' title='bbox 2620 2804 2724 2842; x_wconf 90' lang='lat' dir='ltr'><strong>non</strong></span> <span class='ocrx_word' id='word_1_694' title='bbox 2754 2800 3216 2856; x_wconf 88' lang='lat' dir='ltr'><strong>consumpturam,</strong></span> <span class='ocrx_word' id='word_1_695' title='bbox 3238 2804 3337 2842; x_wconf 90' lang='lat' dir='ltr'><strong>nec</strong></span> <span class='ocrx_word' id='word_1_696' title='bbox 3364 2790 3631 2844; x_wconf 88' lang='lat' dir='ltr'><strong>interitum</strong></span> <span class='ocrx_word' id='word_1_697' title='bbox 3661 2791 3740 2845; x_wconf 80' lang='lat' dir='ltr'><strong>al-</strong></span> 
     </span>
    </p>
   </div>
   <div class='ocr_carea' id='block_1_88' title="bbox 2153 2879 3735 2950">
    <p class='ocr_par' dir='ltr' id='par_1_88' title="bbox 2153 2879 3735 2950">
     <span class='ocr_line' id='line_1_88' title="bbox 2153 2879 3735 2950; baseline 0.004 -19"><span class='ocrx_word' id='word_1_698' title='bbox 2153 2879 2401 2943; x_wconf 89' lang='lat' dir='ltr'><strong>laturam,</strong></span> <span class='ocrx_word' id='word_1_699' title='bbox 2432 2879 2525 2933; x_wconf 84' lang='lat' dir='ltr'><strong>sed</strong></span> <span class='ocrx_word' id='word_1_700' title='bbox 2569 2880 2724 2950; x_wconf 82' lang='lat' dir='ltr'><strong>longe</strong></span> <span class='ocrx_word' id='word_1_701' title='bbox 2769 2880 2928 2934; x_wconf 90' lang='lat' dir='ltr'><strong>etiam</strong></span> <span class='ocrx_word' id='word_1_702' title='bbox 2955 2881 3132 2949; x_wconf 88' lang='lat' dir='ltr'><strong>plures</strong></span> <span class='ocrx_word' id='word_1_703' title='bbox 3159 2896 3316 2948; x_wconf 88' lang='lat' dir='ltr'><strong>quam</strong></span> <span class='ocrx_word' id='word_1_704' title='bbox 3346 2890 3468 2935; x_wconf 83' lang='lat' dir='ltr'><strong>ante</strong></span> <span class='ocrx_word' id='word_1_705' title='bbox 3497 2881 3735 2947; x_wconf 76' lang='lat' dir='ltr'><strong>futuros,</strong></span> 
     </span>
    </p>
   </div>
   <div class='ocr_carea' id='block_1_89' title="bbox 2148 2969 3737 3044">
    <p class='ocr_par' dir='ltr' id='par_1_89' title="bbox 2148 2969 3737 3044">
     <span class='ocr_line' id='line_1_89' title="bbox 2148 2969 3737 3044; baseline 0.003 -21"><span class='ocrx_word' id='word_1_706' title='bbox 2148 2970 2336 3040; x_wconf 88' lang='lat' dir='ltr'><strong>inquit,</strong></span> <span class='ocrx_word' id='word_1_707' title='bbox 2359 2969 2590 3035; x_wconf 84' lang='lat' dir='ltr'><strong>Crescite,</strong></span> <span class='ocrx_word' id='word_1_708' title='bbox 2610 2981 2654 3024; x_wconf 94' lang='lat' dir='ltr'><strong>et</strong></span> <span class='ocrx_word' id='word_1_709' title='bbox 2672 2972 3072 3041; x_wconf 84' lang='lat' dir='ltr'><strong>multiplicamini</strong></span> <span class='ocrx_word' id='word_1_710' title='bbox 3095 2970 3244 3043; x_wconf 84' lang='lat' dir='ltr'><strong>(Cen.</strong></span> <span class='ocrx_word' id='word_1_711' title='bbox 3269 2971 3322 3025; x_wconf 86' lang='lat'><strong>9.</strong></span> <span class='ocrx_word' id='word_1_712' title='bbox 3349 2973 3424 3043; x_wconf 90' lang='grc'><strong>1).</strong></span> <span class='ocrx_word' id='word_1_713' title='bbox 3449 2973 3737 3044; x_wconf 85' lang='lat' dir='ltr'><strong>Postquam</strong></span> 
     </span>
    </p>
   </div>
   <div class='ocr_carea' id='block_1_90' title="bbox 2149 3062 3735 3132">
    <p class='ocr_par' dir='ltr' id='par_1_90' title="bbox 2149 3062 3735 3132">
     <span class='ocr_line' id='line_1_90' title="bbox 2149 3062 3735 3132; baseline 0.003 -17"><span class='ocrx_word' id='word_1_714' title='bbox 2149 3069 2328 3116; x_wconf 89' lang='lat' dir='ltr'><strong>autem</strong></span> <span class='ocrx_word' id='word_1_715' title='bbox 2356 3062 2623 3132; x_wconf 77' lang='lat' dir='ltr'><strong>cognitum</strong></span> <span class='ocrx_word' id='word_1_716' title='bbox 2656 3063 2753 3116; x_wconf 82' lang='lat' dir='ltr'><strong>fuit</strong></span> <span class='ocrx_word' id='word_1_717' title='bbox 2779 3074 3004 3117; x_wconf 85' lang='lat' dir='ltr'><strong>mortem</strong></span> <span class='ocrx_word' id='word_1_718' title='bbox 3031 3078 3150 3117; x_wconf 90' lang='lat' dir='ltr'><strong>csse</strong></span> <span class='ocrx_word' id='word_1_719' title='bbox 3175 3078 3443 3128; x_wconf 90' lang='lat' dir='ltr'><strong>somnum,</strong></span> <span class='ocrx_word' id='word_1_720' title='bbox 3491 3065 3735 3119; x_wconf 83' lang='lat' dir='ltr'><strong>introdu-</strong></span> 
     </span>
    </p>
   </div>
   <div class='ocr_carea' id='block_1_91' title="bbox 2148 3151 3734 3222">
    <p class='ocr_par' dir='ltr' id='par_1_91' title="bbox 2148 3151 3734 3222">
     <span class='ocr_line' id='line_1_91' title="bbox 2148 3151 3734 3222; baseline 0.003 -18"><span class='ocrx_word' id='word_1_721' title='bbox 2148 3160 2289 3204; x_wconf 91' lang='lat' dir='ltr'><strong>ctum</strong></span> <span class='ocrx_word' id='word_1_722' title='bbox 2328 3161 2411 3206; x_wconf 91' lang='lat' dir='ltr'><strong>est</strong></span> <span class='ocrx_word' id='word_1_723' title='bbox 2447 3151 2642 3205; x_wconf 89' lang='lat' dir='ltr'><strong>bonum</strong></span> <span class='ocrx_word' id='word_1_724' title='bbox 2675 3152 3009 3222; x_wconf 84' lang='lat' dir='ltr'><strong>virginitatis.</strong></span> <span class='ocrx_word' id='word_1_725' title='bbox 3041 3153 3104 3206; x_wconf 84' lang='lat' dir='ltr'><strong>Et</strong></span> <span class='ocrx_word' id='word_1_726' title='bbox 3128 3153 3247 3207; x_wconf 90' lang='lat' dir='ltr'><strong>ideo</strong></span> <span class='ocrx_word' id='word_1_727' title='bbox 3268 3153 3478 3208; x_wconf 85' lang='lat' dir='ltr'><strong>diccbat</strong></span> <span class='ocrx_word' id='word_1_728' title='bbox 3508 3154 3734 3208; x_wconf 84' lang='lat' dir='ltr'><strong>Paulus:</strong></span> 
     </span>
    </p>
   </div>
   <div class='ocr_carea' id='block_1_92' title="bbox 2157 3242 3739 3308">
    <p class='ocr_par' dir='ltr' id='par_1_92' title="bbox 2157 3242 3739 3308">
     <span class='ocr_line' id='line_1_92' title="bbox 2157 3242 3739 3308; baseline 0.003 -12"><span class='ocrx_word' id='word_1_729' title='bbox 2157 3242 2284 3297; x_wconf 80' lang='lat' dir='ltr'><strong>Volo</strong></span> <span class='ocrx_word' id='word_1_730' title='bbox 2317 3253 2484 3298; x_wconf 91' lang='lat' dir='ltr'><strong>autem</strong></span> <span class='ocrx_word' id='word_1_731' title='bbox 2505 3261 2674 3298; x_wconf 85' lang='lat' dir='ltr'><strong>omnes</strong></span> <span class='ocrx_word' id='word_1_732' title='bbox 2701 3246 2926 3300; x_wconf 85' lang='lat' dir='ltr'><strong>homines</strong></span> <span class='ocrx_word' id='word_1_733' title='bbox 2952 3262 3059 3300; x_wconf 87' lang='lat' dir='ltr'><strong>esse</strong></span> <span class='ocrx_word' id='word_1_734' title='bbox 3085 3246 3136 3299; x_wconf 86' lang='lat' dir='ltr'><strong>in</strong></span> <span class='ocrx_word' id='word_1_735' title='bbox 3168 3246 3494 3308; x_wconf 85' lang='lat' dir='ltr'><strong>continentia,</strong></span> <span class='ocrx_word' id='word_1_736' title='bbox 3521 3249 3649 3300; x_wconf 83' lang='lat' dir='ltr'><strong>sicut</strong></span> <span class='ocrx_word' id='word_1_737' title='bbox 3690 3253 3739 3300; x_wconf 82' lang='lat' dir='ltr'><strong>et</strong></span> 
     </span>
    </p>
   </div>
   <div class='ocr_carea' id='block_1_93' title="bbox 2146 3335 3740 3403">
    <p class='ocr_par' dir='ltr' id='par_1_93' title="bbox 2146 3335 3740 3403">
     <span class='ocr_line' id='line_1_93' title="bbox 2146 3335 3740 3403; baseline 0.003 -15"><span class='ocrx_word' id='word_1_738' title='bbox 2146 3335 2412 3403; x_wconf 88' lang='lat' dir='ltr'><strong>meipsum.</strong></span> <span class='ocrx_word' id='word_1_739' title='bbox 2446 3335 2514 3389; x_wconf 83' lang='lat' dir='ltr'><strong>Et</strong></span> <span class='ocrx_word' id='word_1_740' title='bbox 2538 3351 2721 3391; x_wconf 89' lang='lat' dir='ltr'><strong>rursus</strong></span> <span class='ocrx_word' id='word_1_741' title='bbox 2746 3355 2758 3390; x_wconf 92' lang='lat'>:</span> <span class='ocrx_word' id='word_1_742' title='bbox 2787 3335 2988 3390; x_wconf 85' lang='lat' dir='ltr'><strong>Bonum</strong></span> <span class='ocrx_word' id='word_1_743' title='bbox 3026 3347 3098 3390; x_wconf 89' lang='lat' dir='ltr'><strong>est</strong></span> <span class='ocrx_word' id='word_1_744' title='bbox 3129 3337 3320 3390; x_wconf 86' lang='lat' dir='ltr'><strong>homini</strong></span> <span class='ocrx_word' id='word_1_745' title='bbox 3355 3338 3610 3390; x_wconf 87' lang='lat' dir='ltr'><strong>mulierem</strong></span> <span class='ocrx_word' id='word_1_746' title='bbox 3637 3355 3740 3392; x_wconf 75' lang='lat' dir='ltr'><strong>non</strong></span> 
     </span>
    </p>
   </div>
   <div class='ocr_carea' id='block_1_94' title="bbox 2147 3427 3740 3502">
    <p class='ocr_par' dir='ltr' id='par_1_94' title="bbox 2147 3427 3740 3502">
     <span class='ocr_line' id='line_1_94' title="bbox 2147 3427 3740 3502; baseline 0.002 -20"><span class='ocrx_word' id='word_1_747' title='bbox 2147 3439 2350 3499; x_wconf 81' lang='lat' dir='ltr'><strong>tangere</strong></span> <span class='ocrx_word' id='word_1_748' title='bbox 2376 3427 2454 3502; x_wconf 90' lang='grc' dir='ltr'><strong>(Ι.</strong></span> <span class='ocrx_word' id='word_1_749' title='bbox 2477 3429 2592 3483; x_wconf 89' lang='lat' dir='ltr'><strong>Cor.</strong></span> <span class='ocrx_word' id='word_1_750' title='bbox 2615 3430 2665 3483; x_wconf 93' lang='lat'><strong>7.</strong></span> <span class='ocrx_word' id='word_1_751' title='bbox 2688 3429 2835 3500; x_wconf 81' lang='lat' dir='ltr'><strong>7).Et</strong></span> <span class='ocrx_word' id='word_1_752' title='bbox 2863 3429 3102 3484; x_wconf 81' lang='lat' dir='ltr'><strong>Christus</strong></span> <span class='ocrx_word' id='word_1_753' title='bbox 3132 3448 3145 3484; x_wconf 88' lang='lat'><strong>:</strong></span> <span class='ocrx_word' id='word_1_754' title='bbox 3171 3429 3554 3494; x_wconf 85' lang='lat' dir='ltr'><strong>Sunteunuc/n&#39;,</strong></span> <span class='ocrx_word' id='word_1_755' title='bbox 3585 3431 3670 3500; x_wconf 82' lang='lat' dir='ltr'><strong>qui</strong></span> <span class='ocrx_word' id='word_1_756' title='bbox 3685 3444 3740 3485; x_wconf 78' lang='lat' dir='ltr'><strong>se</strong></span> 
     </span>
    </p>
   </div>
   <div class='ocr_carea' id='block_1_95' title="bbox 2148 3521 3736 3593">
    <p class='ocr_par' dir='ltr' id='par_1_95' title="bbox 2148 3521 3736 3593">
     <span class='ocr_line' id='line_1_95' title="bbox 2148 3521 3736 3593; baseline 0.001 -18"><span class='ocrx_word' id='word_1_757' title='bbox 2148 3531 2437 3576; x_wconf 85' lang='lat' dir='ltr'><strong>castrarunt</strong></span> <span class='ocrx_word' id='word_1_758' title='bbox 2457 3532 2662 3592; x_wconf 83' lang='lat' dir='ltr'><strong>propter</strong></span> <span class='ocrx_word' id='word_1_759' title='bbox 2688 3539 2896 3592; x_wconf 81' lang='lat' dir='ltr'><strong>regnum</strong></span> <span class='ocrx_word' id='word_1_760' title='bbox 2925 3523 3163 3577; x_wconf 72' lang='lat' dir='ltr'><strong>ewlorum</strong></span> <span class='ocrx_word' id='word_1_761' title='bbox 3199 3521 3358 3593; x_wconf 88' lang='lat' dir='ltr'><strong>(Ibid.</strong></span> <span class='ocrx_word' id='word_1_762' title='bbox 3384 3537 3434 3576; x_wconf 86' lang='grc' dir='ltr'><strong>υ.</strong></span> <span class='ocrx_word' id='word_1_763' title='bbox 3459 3523 3511 3577; x_wconf 92' lang='grc'><strong>1.</strong></span> <span class='ocrx_word' id='word_1_764' title='bbox 3547 3522 3736 3576; x_wconf 82' lang='lat' dir='ltr'><strong>Matth.</strong></span> 
     </span>
    </p>
   </div>
   <div class='ocr_carea' id='block_1_96' title="bbox 2146 3612 3740 3684">
    <p class='ocr_par' dir='ltr' id='par_1_96' title="bbox 2146 3612 3740 3684">
     <span class='ocr_line' id='line_1_96' title="bbox 2146 3612 3740 3684; baseline -0.001 -17"><span class='ocrx_word' id='word_1_765' title='bbox 2146 3612 2233 3668; x_wconf 89' lang='grc'><strong>19.</strong></span> <span class='ocrx_word' id='word_1_766' title='bbox 2265 3613 2380 3684; x_wconf 75' lang='lat' dir='ltr'><strong>i2).</strong></span> <span class='ocrx_word' id='word_1_767' title='bbox 2399 3613 2727 3682; x_wconf 86' lang='lat' dir='ltr'><strong>Quamquam</strong></span> <span class='ocrx_word' id='word_1_768' title='bbox 2753 3613 2948 3682; x_wconf 86' lang='lat' dir='ltr'><strong>alioqui</strong></span> <span class='ocrx_word' id='word_1_769' title='bbox 2970 3613 3126 3666; x_wconf 88' lang='lat' dir='ltr'><strong>etiam</strong></span> <span class='ocrx_word' id='word_1_770' title='bbox 3155 3613 3203 3665; x_wconf 92' lang='lat' dir='ltr'><strong>in</strong></span> <span class='ocrx_word' id='word_1_771' title='bbox 3227 3612 3486 3682; x_wconf 92' lang='lat' dir='ltr'><strong>principio</strong></span> <span class='ocrx_word' id='word_1_772' title='bbox 3509 3612 3740 3667; x_wconf 82' lang='lat' dir='ltr'><strong>obscure</strong></span> 
     </span>
    </p>
   </div>
   <div class='ocr_carea' id='block_1_97' title="bbox 2146 3702 3734 3774">
    <p class='ocr_par' dir='ltr' id='par_1_97' title="bbox 2146 3702 3734 3774">
     <span class='ocr_line' id='line_1_97' title="bbox 2146 3702 3734 3774; baseline -0.001 -16"><span class='ocrx_word' id='word_1_773' title='bbox 2146 3703 2465 3774; x_wconf 79' lang='lat' dir='ltr'><strong>signiﬁcavit</strong></span> <span class='ocrx_word' id='word_1_774' title='bbox 2490 3717 2624 3774; x_wconf 93' lang='lat' dir='ltr'><strong>opus</strong></span> <span class='ocrx_word' id='word_1_775' title='bbox 2653 3718 2774 3758; x_wconf 91' lang='lat' dir='ltr'><strong>esse</strong></span> <span class='ocrx_word' id='word_1_776' title='bbox 2824 3704 3035 3768; x_wconf 80' lang='lat' dir='ltr'><strong>virtute,</strong></span> <span class='ocrx_word' id='word_1_777' title='bbox 3079 3717 3184 3757; x_wconf 93' lang='lat' dir='ltr'><strong>non</strong></span> <span class='ocrx_word' id='word_1_778' title='bbox 3213 3702 3443 3756; x_wconf 82' lang='lat' dir='ltr'><strong>filiorum</strong></span> <span class='ocrx_word' id='word_1_779' title='bbox 3491 3704 3734 3757; x_wconf 88' lang='lat' dir='ltr'><strong>multitu-</strong></span> 
     </span>
    </p>
   </div>
   <div class='ocr_carea' id='block_1_98' title="bbox 2145 3793 3728 3864">
    <p class='ocr_par' dir='ltr' id='par_1_98' title="bbox 2145 3793 3728 3864">
     <span class='ocr_line' id='line_1_98' title="bbox 2145 3793 3728 3864; baseline 0 -16"><span class='ocrx_word' id='word_1_780' title='bbox 2145 3794 2292 3849; x_wconf 90' lang='lat' dir='ltr'><strong>dine.</strong></span> <span class='ocrx_word' id='word_1_781' title='bbox 2323 3793 2458 3848; x_wconf 88' lang='lat' dir='ltr'><strong>Audi</strong></span> <span class='ocrx_word' id='word_1_782' title='bbox 2490 3805 2669 3848; x_wconf 85' lang='lat' dir='ltr'><strong>autem</strong></span> <span class='ocrx_word' id='word_1_783' title='bbox 2694 3794 2980 3864; x_wconf 88' lang='lat' dir='ltr'><strong>quomodo.</strong></span> <span class='ocrx_word' id='word_1_784' title='bbox 3035 3793 3172 3848; x_wconf 91' lang='lat' dir='ltr'><strong>Dicit</strong></span> <span class='ocrx_word' id='word_1_785' title='bbox 3199 3794 3342 3848; x_wconf 89' lang='lat' dir='ltr'><strong>enim</strong></span> <span class='ocrx_word' id='word_1_786' title='bbox 3376 3795 3590 3864; x_wconf 90' lang='lat' dir='ltr'><strong>quidam</strong></span> <span class='ocrx_word' id='word_1_787' title='bbox 3639 3811 3728 3848; x_wconf 84' lang='lat' dir='ltr'><strong>sa-</strong></span> 
     </span>
    </p>
   </div>
   <div class='ocr_carea' id='block_1_99' title="bbox 2145 3883 3736 3956">
    <p class='ocr_par' dir='ltr' id='par_1_99' title="bbox 2145 3883 3736 3956">
     <span class='ocr_line' id='line_1_99' title="bbox 2145 3883 3736 3956; baseline 0 -16"><span class='ocrx_word' id='word_1_788' title='bbox 2145 3883 2298 3956; x_wconf 76' lang='lat' dir='ltr'><strong>piens</strong></span> <span class='ocrx_word' id='word_1_789' title='bbox 2323 3903 2337 3940; x_wconf 86' lang='lat'><strong>:</strong></span> <span class='ocrx_word' id='word_1_790' title='bbox 2367 3884 2452 3938; x_wconf 91' lang='lat' dir='ltr'><strong>Ne</strong></span> <span class='ocrx_word' id='word_1_791' title='bbox 2468 3886 2696 3939; x_wconf 87' lang='lat' dir='ltr'><strong>desidera</strong></span> <span class='ocrx_word' id='word_1_792' title='bbox 2714 3885 3082 3938; x_wconf 86' lang='lat' dir='ltr'><strong>multitudinem</strong></span> <span class='ocrx_word' id='word_1_793' title='bbox 3105 3886 3331 3954; x_wconf 82' lang='lat' dir='ltr'><strong>ﬁliarum</strong></span> <span class='ocrx_word' id='word_1_794' title='bbox 3355 3887 3632 3951; x_wconf 87' lang='lat' dir='ltr'><strong>inutilium,</strong></span> <span class='ocrx_word' id='word_1_795' title='bbox 3654 3889 3736 3940; x_wconf 88' lang='lat' dir='ltr'><strong>ni-</strong></span> 
     </span>
    </p>
   </div>
   <div class='ocr_carea' id='block_1_100' title="bbox 2143 3975 3734 4048">
    <p class='ocr_par' dir='ltr' id='par_1_100' title="bbox 2143 3975 3734 4048">
     <span class='ocr_line' id='line_1_100' title="bbox 2143 3975 3734 4048; baseline 0.001 -18"><span class='ocrx_word' id='word_1_796' title='bbox 2143 3978 2188 4030; x_wconf 90' lang='lat' dir='ltr'><strong>si</strong></span> <span class='ocrx_word' id='word_1_797' title='bbox 2214 3977 2278 4030; x_wconf 88' lang='lat' dir='ltr'><strong>sit</strong></span> <span class='ocrx_word' id='word_1_798' title='bbox 2307 3977 2456 4030; x_wconf 88' lang='lat' dir='ltr'><strong>timor</strong></span> <span class='ocrx_word' id='word_1_799' title='bbox 2478 3975 2572 4030; x_wconf 86' lang='lat' dir='ltr'><strong>Dei</strong></span> <span class='ocrx_word' id='word_1_800' title='bbox 2594 3993 2708 4030; x_wconf 88' lang='lat' dir='ltr'><strong>cum</strong></span> <span class='ocrx_word' id='word_1_801' title='bbox 2728 3976 2848 4047; x_wconf 86' lang='lat' dir='ltr'><strong>ipsis</strong></span> <span class='ocrx_word' id='word_1_802' title='bbox 2868 3994 2890 4027; x_wconf 79' lang='lat'><strong>.°</strong></span> <span class='ocrx_word' id='word_1_803' title='bbox 2911 3975 2986 4048; x_wconf 89' lang='lat' dir='ltr'><strong>(a)</strong></span> <span class='ocrx_word' id='word_1_804' title='bbox 3013 3984 3169 4046; x_wconf 85' lang='lat' dir='ltr'><strong>neque</strong></span> <span class='ocrx_word' id='word_1_805' title='bbox 3185 3977 3384 4030; x_wconf 86' lang='lat' dir='ltr'><strong>attende</strong></span> <span class='ocrx_word' id='word_1_806' title='bbox 3403 3993 3575 4030; x_wconf 83' lang='lat' dir='ltr'><strong>eorum</strong></span> <span class='ocrx_word' id='word_1_807' title='bbox 3597 3980 3734 4031; x_wconf 85' lang='lat' dir='ltr'><strong>mul-</strong></span> 
     </span>
    </p>
   </div>
   <div class='ocr_carea' id='block_1_101' title="bbox 2145 4067 3736 4139">
    <p class='ocr_par' dir='ltr' id='par_1_101' title="bbox 2145 4067 3736 4139">
     <span class='ocr_line' id='line_1_101' title="bbox 2145 4067 3736 4139; baseline -0.001 -18"><span class='ocrx_word' id='word_1_808' title='bbox 2145 4068 2425 4122; x_wconf 83' lang='lat' dir='ltr'><strong>titudinem.</strong></span> <span class='ocrx_word' id='word_1_809' title='bbox 2470 4067 2654 4122; x_wconf 81' lang='lat' dir='ltr'><strong>Melior</strong></span> <span class='ocrx_word' id='word_1_810' title='bbox 2695 4078 2768 4123; x_wconf 90' lang='lat' dir='ltr'><strong>est</strong></span> <span class='ocrx_word' id='word_1_811' title='bbox 2801 4069 2934 4122; x_wconf 88' lang='lat' dir='ltr'><strong>enim</strong></span> <span class='ocrx_word' id='word_1_812' title='bbox 2973 4086 3104 4123; x_wconf 90' lang='lat' dir='ltr'><strong>unus</strong></span> <span class='ocrx_word' id='word_1_813' title='bbox 3131 4085 3283 4139; x_wconf 90' lang='lat' dir='ltr'><strong>quam</strong></span> <span class='ocrx_word' id='word_1_814' title='bbox 3322 4069 3492 4136; x_wconf 85' lang='lat' dir='ltr'><strong>mille,</strong></span> <span class='ocrx_word' id='word_1_815' title='bbox 3523 4079 3568 4123; x_wconf 89' lang='lat' dir='ltr'><strong>ct</strong></span> <span class='ocrx_word' id='word_1_816' title='bbox 3608 4069 3736 4123; x_wconf 85' lang='lat' dir='ltr'><strong>mori</strong></span> 
     </span>
    </p>
   </div>
   <div class='ocr_carea' id='block_1_102' title="bbox 2147 4158 3740 4229">
    <p class='ocr_par' dir='ltr' id='par_1_102' title="bbox 2147 4158 3740 4229">
     <span class='ocr_line' id='line_1_102' title="bbox 2147 4158 3740 4229; baseline 0 -17"><span class='ocrx_word' id='word_1_817' title='bbox 2147 4159 2256 4213; x_wconf 89' lang='lat' dir='ltr'><strong>sine</strong></span> <span class='ocrx_word' id='word_1_818' title='bbox 2279 4158 2420 4227; x_wconf 80' lang='lat' dir='ltr'><strong>ﬁliis,</strong></span> <span class='ocrx_word' id='word_1_819' title='bbox 2444 4175 2592 4228; x_wconf 88' lang='lat' dir='ltr'><strong>quam</strong></span> <span class='ocrx_word' id='word_1_820' title='bbox 2621 4159 2804 4213; x_wconf 86' lang='lat' dir='ltr'><strong>habere</strong></span> <span class='ocrx_word' id='word_1_821' title='bbox 2830 4159 2966 4228; x_wconf 83' lang='lat' dir='ltr'><strong>ﬁlios</strong></span> <span class='ocrx_word' id='word_1_822' title='bbox 2983 4159 3166 4229; x_wconf 88' lang='lat' dir='ltr'><strong>impios</strong></span> <span class='ocrx_word' id='word_1_823' title='bbox 3194 4173 3214 4214; x_wconf 90' lang='lat'><strong><em>:</em></strong></span> <span class='ocrx_word' id='word_1_824' title='bbox 3235 4170 3280 4212; x_wconf 87' lang='lat' dir='ltr'><strong>et</strong></span> <span class='ocrx_word' id='word_1_825' title='bbox 3305 4160 3484 4212; x_wconf 87' lang='lat' dir='ltr'><strong>melior</strong></span> <span class='ocrx_word' id='word_1_826' title='bbox 3509 4169 3581 4214; x_wconf 90' lang='lat' dir='ltr'><strong>est</strong></span> <span class='ocrx_word' id='word_1_827' title='bbox 3606 4176 3740 4212; x_wconf 85' lang='lat' dir='ltr'><strong>unus</strong></span> 
     </span>
    </p>
   </div>
   <div class='ocr_carea' id='block_1_103' title="bbox 2145 4250 3737 4321">
    <p class='ocr_par' dir='ltr' id='par_1_103' title="bbox 2145 4250 3737 4321">
     <span class='ocr_line' id='line_1_103' title="bbox 2145 4250 3737 4321; baseline 0.001 -19"><span class='ocrx_word' id='word_1_828' title='bbox 2145 4251 2336 4320; x_wconf 78' lang='lat' dir='ltr'><strong>faciens</strong></span> <span class='ocrx_word' id='word_1_829' title='bbox 2372 4250 2678 4304; x_wconf 82' lang='lat' dir='ltr'><strong>voluntatem</strong></span> <span class='ocrx_word' id='word_1_830' title='bbox 2705 4250 2948 4318; x_wconf 88' lang='lat' dir='ltr'><strong>Domini,</strong></span> <span class='ocrx_word' id='word_1_831' title='bbox 2977 4267 3129 4321; x_wconf 88' lang='lat' dir='ltr'><strong>quam</strong></span> <span class='ocrx_word' id='word_1_832' title='bbox 3169 4251 3560 4306; x_wconf 84' lang='lat' dir='ltr'><strong>innumerabiles</strong></span> <span class='ocrx_word' id='word_1_833' title='bbox 3591 4251 3737 4321; x_wconf 87' lang='lat' dir='ltr'><strong>impii</strong></span> 
     </span>
    </p>
   </div>
   <div class='ocr_carea' id='block_1_104' title="bbox 2145 4341 3736 4413">
    <p class='ocr_par' dir='ltr' id='par_1_104' title="bbox 2145 4341 3736 4413">
     <span class='ocr_line' id='line_1_104' title="bbox 2145 4341 3736 4413; baseline 0.001 -18"><span class='ocrx_word' id='word_1_834' title='bbox 2145 4341 2162 4412; x_wconf 93' lang='lat'><strong>(</strong></span> <span class='ocrx_word' id='word_1_835' title='bbox 2197 4341 2360 4395; x_wconf 83' lang='lat' dir='ltr'><strong>Eceli.</strong></span> <span class='ocrx_word' id='word_1_836' title='bbox 2391 4341 2478 4397; x_wconf 87' lang='grc'><strong>16.</strong></span> <span class='ocrx_word' id='word_1_837' title='bbox 2509 4343 2628 4396; x_wconf 74' lang='grc'><strong>1-4</strong></span> <span class='ocrx_word' id='word_1_838' title='bbox 2656 4341 2703 4413; x_wconf 91' lang='grc'><strong>).</strong></span> <span class='ocrx_word' id='word_1_839' title='bbox 2750 4341 2920 4396; x_wconf 70' lang='lat' dir='ltr'><strong>Judzei</strong></span> <span class='ocrx_word' id='word_1_840' title='bbox 2961 4352 3136 4397; x_wconf 88' lang='lat' dir='ltr'><strong>autem</strong></span> <span class='ocrx_word' id='word_1_841' title='bbox 3176 4342 3322 4396; x_wconf 91' lang='lat' dir='ltr'><strong>nullo</strong></span> <span class='ocrx_word' id='word_1_842' title='bbox 3361 4342 3522 4412; x_wconf 85' lang='lat' dir='ltr'><strong>plane</strong></span> <span class='ocrx_word' id='word_1_843' title='bbox 3574 4357 3736 4397; x_wconf 75' lang='lat' dir='ltr'><strong>sensu</strong></span> 
     </span>
    </p>
   </div>
   <div class='ocr_carea' id='block_1_105' title="bbox 2145 4433 3731 4503">
    <p class='ocr_par' dir='ltr' id='par_1_105' title="bbox 2145 4433 3731 4503">
     <span class='ocr_line' id='line_1_105' title="bbox 2145 4433 3731 4503; baseline 0.001 -16"><span class='ocrx_word' id='word_1_844' title='bbox 2145 4434 2376 4503; x_wconf 66' lang='lat' dir='ltr'><strong>praediti,</strong></span> <span class='ocrx_word' id='word_1_845' title='bbox 2420 4433 2485 4488; x_wconf 87' lang='lat' dir='ltr'><strong>ad</strong></span> <span class='ocrx_word' id='word_1_846' title='bbox 2535 4448 2750 4488; x_wconf 89' lang='lat' dir='ltr'><strong>carnem</strong></span> <span class='ocrx_word' id='word_1_847' title='bbox 2782 4448 2995 4502; x_wconf 88' lang='lat' dir='ltr'><strong>semper</strong></span> <span class='ocrx_word' id='word_1_848' title='bbox 3021 4433 3338 4502; x_wconf 86' lang='lat' dir='ltr'><strong>aspirantes,</strong></span> <span class='ocrx_word' id='word_1_849' title='bbox 3385 4433 3731 4488; x_wconf 77' lang='lat' dir='ltr'><strong>ct&#39;virtutem</strong></span> 
     </span>
    </p>
   </div>
   <div class='ocr_carea' id='block_1_106' title="bbox 2145 4525 3734 4599">
    <p class='ocr_par' dir='ltr' id='par_1_106' title="bbox 2145 4525 3734 4599">
     <span class='ocr_line' id='line_1_106' title="bbox 2145 4525 3734 4599; baseline -0.001 -17"><span class='ocrx_word' id='word_1_850' title='bbox 2145 4529 2470 4599; x_wconf 73' lang='lat' dir='ltr'><strong>negligentes</strong></span> <span class='ocrx_word' id='word_1_851' title='bbox 2488 4569 2504 4595; x_wconf 91' lang='lat'><strong>,</strong></span> <span class='ocrx_word' id='word_1_852' title='bbox 2531 4527 2779 4582; x_wconf 89' lang='lat' dir='ltr'><strong>dicebant</strong></span> <span class='ocrx_word' id='word_1_853' title='bbox 2805 4543 2820 4580; x_wconf 92' lang='lat'><strong>:</strong></span> <span class='ocrx_word' id='word_1_854' title='bbox 2849 4526 2983 4594; x_wconf 84' lang='lat' dir='ltr'><strong>Quid</strong></span> <span class='ocrx_word' id='word_1_855' title='bbox 3011 4527 3189 4597; x_wconf 71' lang='lat' dir='ltr'><strong>quaerit</strong></span> <span class='ocrx_word' id='word_1_856' title='bbox 3219 4525 3359 4581; x_wconf 84' lang='lat' dir='ltr'><strong>Dens</strong></span> <span class='ocrx_word' id='word_1_857' title='bbox 3385 4569 3399 4589; x_wconf 89' lang='lat'><strong>,</strong></span> <span class='ocrx_word' id='word_1_858' title='bbox 3430 4526 3527 4579; x_wconf 82' lang='lat' dir='ltr'><strong>nisi</strong></span> <span class='ocrx_word' id='word_1_859' title='bbox 3566 4542 3734 4581; x_wconf 88' lang='lat' dir='ltr'><strong>semen</strong></span> 
     </span>
    </p>
   </div>
   <div class='ocr_carea' id='block_1_107' title="bbox 2147 4616 3732 4690">
    <p class='ocr_par' dir='ltr' id='par_1_107' title="bbox 2147 4616 3732 4690">
     <span class='ocr_line' id='line_1_107' title="bbox 2147 4616 3732 4690; baseline 0 -18"><span class='ocrx_word' id='word_1_860' title='bbox 2147 4617 2401 4689; x_wconf 68' lang='lat' dir='ltr'><strong>(Malae/1.</strong></span> <span class='ocrx_word' id='word_1_861' title='bbox 2428 4618 2482 4671; x_wconf 88' lang='lat'><strong>2.</strong></span> <span class='ocrx_word' id='word_1_862' title='bbox 2515 4619 2600 4690; x_wconf 82' lang='lat' dir='ltr'><strong>l5)</strong></span> <span class='ocrx_word' id='word_1_863' title='bbox 2624 4619 2646 4670; x_wconf 90' lang='lat'><strong>?</strong></span> <span class='ocrx_word' id='word_1_864' title='bbox 2671 4618 2762 4672; x_wconf 88' lang='lat' dir='ltr'><strong>Eis</strong></span> <span class='ocrx_word' id='word_1_865' title='bbox 2786 4617 3075 4672; x_wconf 87' lang='lat' dir='ltr'><strong>ostendens</strong></span> <span class='ocrx_word' id='word_1_866' title='bbox 3122 4633 3180 4671; x_wconf 92' lang='lat' dir='ltr'><strong>se</strong></span> <span class='ocrx_word' id='word_1_867' title='bbox 3209 4616 3311 4672; x_wconf 91' lang='lat' dir='ltr'><strong>hoc</strong></span> <span class='ocrx_word' id='word_1_868' title='bbox 3332 4632 3437 4671; x_wconf 91' lang='lat' dir='ltr'><strong>non</strong></span> <span class='ocrx_word' id='word_1_869' title='bbox 3467 4632 3732 4687; x_wconf 73' lang='lat' dir='ltr'><strong>quzerere,</strong></span> 
     </span>
    </p>
   </div>
   <div class='ocr_carea' id='block_1_108' title="bbox 2147 4707 3735 4780">
    <p class='ocr_par' dir='ltr' id='par_1_108' title="bbox 2147 4707 3735 4780">
     <span class='ocr_line' id='line_1_108' title="bbox 2147 4707 3735 4780; baseline -0.003 -13"><span class='ocrx_word' id='word_1_870' title='bbox 2147 4727 2240 4767; x_wconf 90' lang='lat' dir='ltr'><strong>eos</strong></span> <span class='ocrx_word' id='word_1_871' title='bbox 2271 4710 2464 4765; x_wconf 90' lang='lat' dir='ltr'><strong>millies</strong></span> <span class='ocrx_word' id='word_1_872' title='bbox 2503 4709 2766 4780; x_wconf 87' lang='lat' dir='ltr'><strong>perdidit,</strong></span> <span class='ocrx_word' id='word_1_873' title='bbox 2820 4724 2940 4763; x_wconf 89' lang='lat' dir='ltr'><strong>cum</strong></span> <span class='ocrx_word' id='word_1_874' title='bbox 2973 4710 3168 4763; x_wconf 88' lang='lat' dir='ltr'><strong>virtute</strong></span> <span class='ocrx_word' id='word_1_875' title='bbox 3218 4717 3483 4762; x_wconf 89' lang='lat' dir='ltr'><strong>carerent.</strong></span> <span class='ocrx_word' id='word_1_876' title='bbox 3515 4709 3604 4764; x_wconf 90' lang='lat'><strong>25.</strong></span> <span class='ocrx_word' id='word_1_877' title='bbox 3635 4707 3735 4762; x_wconf 83' lang='lat' dir='ltr'><strong>Be-</strong></span> 
     </span>
    </p>
   </div>
   <div class='ocr_carea' id='block_1_109' title="bbox 2145 4799 3736 4869">
    <p class='ocr_par' dir='ltr' id='par_1_109' title="bbox 2145 4799 3736 4869">
     <span class='ocr_line' id='line_1_109' title="bbox 2145 4799 3736 4869; baseline -0.003 -11"><span class='ocrx_word' id='word_1_878' title='bbox 2145 4805 2328 4858; x_wconf 86' lang='lat' dir='ltr'><strong>nedicti</strong></span> <span class='ocrx_word' id='word_1_879' title='bbox 2357 4820 2442 4857; x_wconf 81' lang='lat' dir='ltr'><strong>vos</strong></span> <span class='ocrx_word' id='word_1_880' title='bbox 2473 4803 2708 4856; x_wconf 90' lang='lat' dir='ltr'><strong>Domino.</strong></span> <span class='ocrx_word' id='word_1_881' title='bbox 2754 4801 2918 4856; x_wconf 74' lang='lat' dir='ltr'><strong>Recte</strong></span> <span class='ocrx_word' id='word_1_882' title='bbox 2943 4800 3158 4869; x_wconf 87' lang='lat' dir='ltr'><strong>adjecit,</strong></span> <span class='ocrx_word' id='word_1_883' title='bbox 3190 4799 3429 4853; x_wconf 89' lang='lat' dir='ltr'><strong>Domino.</strong></span> <span class='ocrx_word' id='word_1_884' title='bbox 3460 4799 3592 4854; x_wconf 89' lang='lat' dir='ltr'><strong>Nam</strong></span> <span class='ocrx_word' id='word_1_885' title='bbox 3633 4799 3736 4855; x_wconf 85' lang='lat' dir='ltr'><strong>hoc</strong></span> 
     </span>
    </p>
   </div>
   <div class='ocr_carea' id='block_1_110' title="bbox 2146 4890 3734 4966">
    <p class='ocr_par' dir='ltr' id='par_1_110' title="bbox 2146 4890 3734 4966">
     <span class='ocr_line' id='line_1_110' title="bbox 2146 4890 3734 4966; baseline -0.003 -15"><span class='ocrx_word' id='word_1_886' title='bbox 2146 4897 2482 4966; x_wconf 88' lang='lat' dir='ltr'><strong>potissimum</strong></span> <span class='ocrx_word' id='word_1_887' title='bbox 2511 4904 2594 4950; x_wconf 91' lang='lat' dir='ltr'><strong>est</strong></span> <span class='ocrx_word' id='word_1_888' title='bbox 2625 4893 2944 4948; x_wconf 89' lang='lat' dir='ltr'><strong>benedictio.</strong></span> <span class='ocrx_word' id='word_1_889' title='bbox 2974 4892 3106 4946; x_wconf 91' lang='lat' dir='ltr'><strong>Sunt</strong></span> <span class='ocrx_word' id='word_1_890' title='bbox 3131 4893 3272 4946; x_wconf 87' lang='lat' dir='ltr'><strong>enim</strong></span> <span class='ocrx_word' id='word_1_891' title='bbox 3302 4893 3458 4945; x_wconf 89' lang='lat' dir='ltr'><strong>etiam</strong></span> <span class='ocrx_word' id='word_1_892' title='bbox 3502 4890 3594 4962; x_wconf 91' lang='lat' dir='ltr'><strong>qui</strong></span> <span class='ocrx_word' id='word_1_893' title='bbox 3641 4892 3734 4947; x_wconf 83' lang='lat' dir='ltr'><strong>be-</strong></span> 
     </span>
    </p>
   </div>
   <div class='ocr_carea' id='block_1_111' title="bbox 2146 4981 3729 5053">
    <p class='ocr_par' dir='ltr' id='par_1_111' title="bbox 2146 4981 3729 5053">
     <span class='ocr_line' id='line_1_111' title="bbox 2146 4981 3729 5053; baseline -0.004 -13"><span class='ocrx_word' id='word_1_894' title='bbox 2146 4986 2464 5040; x_wconf 87' lang='lat' dir='ltr'><strong>nedicuntur</strong></span> <span class='ocrx_word' id='word_1_895' title='bbox 2491 4983 2630 5053; x_wconf 87' lang='lat' dir='ltr'><strong>apud</strong></span> <span class='ocrx_word' id='word_1_896' title='bbox 2680 4983 2943 5048; x_wconf 90' lang='lat' dir='ltr'><strong>homines,</strong></span> <span class='ocrx_word' id='word_1_897' title='bbox 2977 4982 3070 5037; x_wconf 91' lang='lat' dir='ltr'><strong>sed</strong></span> <span class='ocrx_word' id='word_1_898' title='bbox 3112 4990 3237 5036; x_wconf 89' lang='lat' dir='ltr'><strong>sunt</strong></span> <span class='ocrx_word' id='word_1_899' title='bbox 3272 4997 3358 5036; x_wconf 88' lang='lat' dir='ltr'><strong>res</strong></span> <span class='ocrx_word' id='word_1_900' title='bbox 3388 4981 3600 5036; x_wconf 89' lang='lat' dir='ltr'><strong>illorum</strong></span> <span class='ocrx_word' id='word_1_901' title='bbox 3627 4981 3729 5035; x_wconf 84' lang='lat' dir='ltr'><strong>hu-</strong></span> 
     </span>
    </p>
   </div>
   <div class='ocr_carea' id='block_1_112' title="bbox 2147 5061 3734 5132">
    <p class='ocr_par' dir='ltr' id='par_1_112' title="bbox 2147 5061 3734 5132">
     <span class='ocr_line' id='line_1_112' title="bbox 2147 5061 3734 5132; baseline -0.002 0"><span class='ocrx_word' id='word_1_902' title='bbox 2147 5061 2339 5132; x_wconf 62' lang='lat' dir='ltr'><strong>manae.</strong></span> <span class='ocrx_word' id='word_1_903' title='bbox 2370 5076 2494 5131; x_wconf 69' lang='lat' dir='ltr'><strong>1133c</strong></span> <span class='ocrx_word' id='word_1_904' title='bbox 2519 5085 2596 5130; x_wconf 89' lang='lat' dir='ltr'><strong>est</strong></span> <span class='ocrx_word' id='word_1_905' title='bbox 2629 5085 2806 5129; x_wconf 91' lang='lat' dir='ltr'><strong>autem</strong></span> <span class='ocrx_word' id='word_1_906' title='bbox 2852 5075 3080 5128; x_wconf 78' lang='lat' dir='ltr'><strong>maxima</strong></span> <span class='ocrx_word' id='word_1_907' title='bbox 3112 5073 3433 5128; x_wconf 89' lang='lat' dir='ltr'><strong>benedictio.</strong></span> <span class='ocrx_word' id='word_1_908' title='bbox 3477 5073 3734 5129; x_wconf 84' lang='lat' dir='ltr'><strong>Homines</strong></span> 
     </span>
    </p>
   </div>
   <div class='ocr_carea' id='block_1_113' title="bbox 2145 5164 3729 5238">
    <p class='ocr_par' dir='ltr' id='par_1_113' title="bbox 2145 5164 3729 5238">
     <span class='ocr_line' id='line_1_113' title="bbox 2145 5164 3729 5238; baseline -0.003 -16"><span class='ocrx_word' id='word_1_909' title='bbox 2145 5168 2358 5238; x_wconf 88' lang='lat' dir='ltr'><strong>quidem</strong></span> <span class='ocrx_word' id='word_1_910' title='bbox 2392 5167 2731 5230; x_wconf 89' lang='lat' dir='ltr'><strong>benedicunt,</strong></span> <span class='ocrx_word' id='word_1_911' title='bbox 2792 5165 2894 5220; x_wconf 92' lang='lat' dir='ltr'><strong>hoc</strong></span> <span class='ocrx_word' id='word_1_912' title='bbox 2920 5175 3000 5220; x_wconf 92' lang='lat' dir='ltr'><strong>est</strong></span> <span class='ocrx_word' id='word_1_913' title='bbox 3040 5164 3276 5230; x_wconf 88' lang='lat' dir='ltr'><strong>laudant,</strong></span> <span class='ocrx_word' id='word_1_914' title='bbox 3322 5165 3592 5219; x_wconf 87' lang='lat' dir='ltr'><strong>celebrant</strong></span> <span class='ocrx_word' id='word_1_915' title='bbox 3636 5179 3729 5219; x_wconf 83' lang='lat' dir='ltr'><strong>eos</strong></span> 
     </span>
    </p>
   </div>
   <div class='ocr_carea' id='block_1_114' title="bbox 2145 5253 3729 5330">
    <p class='ocr_par' dir='ltr' id='par_1_114' title="bbox 2145 5253 3729 5330">
     <span class='ocr_line' id='line_1_114' title="bbox 2145 5253 3729 5330; baseline -0.003 -16"><span class='ocrx_word' id='word_1_916' title='bbox 2145 5273 2370 5330; x_wconf 89' lang='lat' dir='ltr'><strong>quormn</strong></span> <span class='ocrx_word' id='word_1_917' title='bbox 2403 5273 2609 5328; x_wconf 77' lang='lat' dir='ltr'><strong>magnae</strong></span> <span class='ocrx_word' id='word_1_918' title='bbox 2647 5265 2768 5312; x_wconf 93' lang='lat' dir='ltr'><strong>sunt</strong></span> <span class='ocrx_word' id='word_1_919' title='bbox 2799 5272 2962 5327; x_wconf 90' lang='lat' dir='ltr'><strong>opes,</strong></span> <span class='ocrx_word' id='word_1_920' title='bbox 3003 5256 3171 5326; x_wconf 75' lang='lat' dir='ltr'><strong>gloria</strong></span> <span class='ocrx_word' id='word_1_921' title='bbox 3213 5264 3267 5310; x_wconf 91' lang='lat' dir='ltr'><strong>ct</strong></span> <span class='ocrx_word' id='word_1_922' title='bbox 3317 5256 3571 5325; x_wconf 89' lang='lat' dir='ltr'><strong>potentia.</strong></span> <span class='ocrx_word' id='word_1_923' title='bbox 3624 5253 3729 5310; x_wconf 80' lang='lat' dir='ltr'><strong>Sed</strong></span> 
     </span>
    </p>
   </div>
   <div class='ocr_carea' id='block_1_115' title="bbox 2145 5343 3728 5416">
    <p class='ocr_par' dir='ltr' id='par_1_115' title="bbox 2145 5343 3728 5416">
     <span class='ocr_line' id='line_1_115' title="bbox 2145 5343 3728 5416; baseline -0.004 -12"><span class='ocrx_word' id='word_1_924' title='bbox 2145 5351 2260 5405; x_wconf 71' lang='lat' dir='ltr'><strong>lucc</strong></span> <span class='ocrx_word' id='word_1_925' title='bbox 2288 5349 2586 5405; x_wconf 90' lang='lat' dir='ltr'><strong>benedictio</strong></span> <span class='ocrx_word' id='word_1_926' title='bbox 2613 5357 2696 5403; x_wconf 89' lang='lat' dir='ltr'><strong>est</strong></span> <span class='ocrx_word' id='word_1_927' title='bbox 2723 5357 3086 5416; x_wconf 88' lang='lat' dir='ltr'><strong>temporanea,</strong></span> <span class='ocrx_word' id='word_1_928' title='bbox 3144 5346 3252 5399; x_wconf 91' lang='lat' dir='ltr'><strong>imo</strong></span> <span class='ocrx_word' id='word_1_929' title='bbox 3298 5345 3510 5414; x_wconf 89' lang='lat' dir='ltr'><strong>quando</strong></span> <span class='ocrx_word' id='word_1_930' title='bbox 3555 5343 3728 5409; x_wconf 83' lang='lat' dir='ltr'><strong>adest,</strong></span> 
     </span>
    </p>
   </div>
   <div class='ocr_carea' id='block_1_116' title="bbox 2145 5436 3729 5498">
    <p class='ocr_par' dir='ltr' id='par_1_116' title="bbox 2145 5436 3729 5498">
     <span class='ocr_line' id='line_1_116' title="bbox 2145 5436 3729 5498; baseline -0.005 -1"><span class='ocrx_word' id='word_1_931' title='bbox 2145 5443 2272 5498; x_wconf 91' lang='lat' dir='ltr'><strong>nihil</strong></span> <span class='ocrx_word' id='word_1_932' title='bbox 2295 5441 2513 5497; x_wconf 90' lang='lat' dir='ltr'><strong>omnino</strong></span> <span class='ocrx_word' id='word_1_933' title='bbox 2541 5438 2698 5494; x_wconf 69' lang='lat' dir='ltr'><strong>affert</strong></span> <span class='ocrx_word' id='word_1_934' title='bbox 2717 5440 2847 5494; x_wconf 88' lang='lat' dir='ltr'><strong>lucri</strong></span> <span class='ocrx_word' id='word_1_935' title='bbox 2883 5456 2895 5492; x_wconf 94' lang='lat'>:</span> <span class='ocrx_word' id='word_1_936' title='bbox 2929 5439 3023 5493; x_wconf 89' lang='lat' dir='ltr'><strong>Dei</strong></span> <span class='ocrx_word' id='word_1_937' title='bbox 3045 5445 3224 5492; x_wconf 89' lang='lat' dir='ltr'><strong>autem</strong></span> <span class='ocrx_word' id='word_1_938' title='bbox 3250 5436 3616 5491; x_wconf 88' lang='lat' dir='ltr'><strong>benevolentia</strong></span> <span class='ocrx_word' id='word_1_939' title='bbox 3646 5445 3729 5490; x_wconf 72' lang='lat' dir='ltr'><strong>est</strong></span> 
     </span>
    </p>
   </div>
   <div class='ocr_carea' id='block_1_117' title="bbox 2145 5527 3730 5606">
    <p class='ocr_par' dir='ltr' id='par_1_117' title="bbox 2145 5527 3730 5606">
     <span class='ocr_line' id='line_1_117' title="bbox 2145 5527 3730 5606; baseline -0.005 -16"><span class='ocrx_word' id='word_1_940' title='bbox 2145 5543 2422 5606; x_wconf 89' lang='lat' dir='ltr'><strong>perpetua,</strong></span> <span class='ocrx_word' id='word_1_941' title='bbox 2454 5541 2508 5588; x_wconf 92' lang='lat' dir='ltr'><strong>et</strong></span> <span class='ocrx_word' id='word_1_942' title='bbox 2535 5533 2589 5587; x_wconf 91' lang='lat' dir='ltr'><strong>in</strong></span> <span class='ocrx_word' id='word_1_943' title='bbox 2607 5532 2766 5587; x_wconf 90' lang='lat' dir='ltr'><strong>rebus</strong></span> <span class='ocrx_word' id='word_1_944' title='bbox 2786 5528 3032 5587; x_wconf 80' lang='lat' dir='ltr'><strong>maximis</strong></span> <span class='ocrx_word' id='word_1_945' title='bbox 3059 5531 3260 5602; x_wconf 72' lang='lat' dir='ltr'><strong>prtebet</strong></span> <span class='ocrx_word' id='word_1_946' title='bbox 3283 5529 3586 5584; x_wconf 89' lang='lat' dir='ltr'><strong>utilitatem.</strong></span> <span class='ocrx_word' id='word_1_947' title='bbox 3631 5527 3730 5593; x_wconf 79' lang='lat' dir='ltr'><strong>Qui</strong></span> 
     </span>
    </p>
   </div>
   <div class='ocr_carea' id='block_1_118' title="bbox 2143 5626 2752 5698">
    <p class='ocr_par' dir='ltr' id='par_1_118' title="bbox 2143 5626 2752 5698">
     <span class='ocr_line' id='line_1_118' title="bbox 2143 5626 2752 5698; baseline -0.01 -17"><span class='ocrx_word' id='word_1_948' title='bbox 2143 5627 2259 5698; x_wconf 76' lang='lat' dir='ltr'><strong>fecit</strong></span> <span class='ocrx_word' id='word_1_949' title='bbox 2280 5626 2456 5680; x_wconf 66' lang='lat' dir='ltr'><strong>caelum</strong></span> <span class='ocrx_word' id='word_1_950' title='bbox 2483 5633 2529 5678; x_wconf 91' lang='lat' dir='ltr'><strong>et</strong></span> <span class='ocrx_word' id='word_1_951' title='bbox 2550 5635 2752 5678; x_wconf 86' lang='lat' dir='ltr'><strong>terram.</strong></span> 
     </span>
    </p>
   </div>
   <div class='ocr_carea' id='block_1_119' title="bbox 2181 5745 3734 5821">
    <p class='ocr_par' dir='ltr' id='par_1_119' title="bbox 2181 5745 3734 5821">
     <span class='ocr_line' id='line_1_119' title="bbox 2181 5745 3734 5821; baseline -0.005 -14"><span class='ocrx_word' id='word_1_952' title='bbox 2181 5758 2280 5820; x_wconf 71' lang='lat' dir='ltr'><strong>&#39;(a)</strong></span> <span class='ocrx_word' id='word_1_953' title='bbox 2305 5763 2363 5809; x_wconf 84' lang='lat' dir='ltr'><strong>.tn</strong></span> <span class='ocrx_word' id='word_1_954' title='bbox 2383 5756 2475 5805; x_wconf 85' lang='lat' dir='ltr'><strong>hoc</strong></span> <span class='ocrx_word' id='word_1_955' title='bbox 2507 5745 2824 5809; x_wconf 83' lang='lat' dir='ltr'><strong>Ecclesiastici</strong></span> <span class='ocrx_word' id='word_1_956' title='bbox 2867 5752 2977 5805; x_wconf 85' lang='lat' dir='ltr'><strong>loco</strong></span> <span class='ocrx_word' id='word_1_957' title='bbox 3014 5751 3166 5821; x_wconf 81' lang='lat' dir='ltr'><strong>multa</strong></span> <span class='ocrx_word' id='word_1_958' title='bbox 3198 5751 3486 5816; x_wconf 77' lang='lat' dir='ltr'><strong>interposita</strong></span> <span class='ocrx_word' id='word_1_959' title='bbox 3510 5748 3734 5808; x_wconf 73' lang='lat' dir='ltr'><strong>praeterit</strong></span> 
     </span>
    </p>
   </div>
   <div class='ocr_carea' id='block_1_120' title="bbox 2145 5821 3391 5885">
    <p class='ocr_par' dir='ltr' id='par_1_120' title="bbox 2145 5821 3391 5885">
     <span class='ocr_line' id='line_1_120' title="bbox 2145 5821 3391 5885; baseline -0.002 -15"><span class='ocrx_word' id='word_1_960' title='bbox 2145 5821 2522 5885; x_wconf 67' lang='lat' dir='ltr'><strong>du&#39;ysoStomus.</strong></span> <span class='ocrx_word' id='word_1_961' title='bbox 3222 5821 3226 5826; x_wconf 86' lang='grc'><em>’</em></span> <span class='ocrx_word' id='word_1_962' title='bbox 3248 5824 3253 5833; x_wconf 88' lang='grc'><em>’</em></span> <span class='ocrx_word' id='word_1_963' title='bbox 3386 5821 3391 5829; x_wconf 92' lang='grc'><strong>’</strong></span> 
     </span>
    </p>
   </div>
  </div>
