4090 6338
345 380 438 438 3H

337 488 619 563 κηρύττει,
653 487 808 562 [299]
837 490 931 543 καὶ
963 488 1063 559 τὴν
1097 485 1424 555 ἀσύγκριτον
1455 482 1618 536 αὐτοῦ
1650 479 1911 536 καὶκατὰ

337 588 552 641 πάντων
577 585 872 656 ὑπεροχήν.
905 585 985 637 Τὰ
1012 584 1122 654 γὰρ
1151 584 1230 644 είς
1256 581 1344 632 τὸν
1365 581 1537 651 δῆμον
1563 579 1652 632 τὸν
1688 577 1911 632 Ἰουδαῖ-

336 685 430 737 κὸν
456 684 716 754 γινόμενα
745 685 826 745 είς
855 683 1018 754 μέσον
1038 681 1210 749 ἄγων,
1240 679 1434 748 διπλῆν
1449 677 1720 731 δείκνυσιν
1745 670 1909 728 αὐτοῦ

332 781 430 850 τὴν
454 779 799 852 εὐεργεσίαν,
831 779 1031 849 μᾶλλον
1057 777 1114 830 δὲ
1141 777 1236 830 καὶ
1261 775 1514 847 τριπλῆν.
1534 771 1758 842 Πρῶτον
1791 771 1907 840 μὲν,

333 877 414 929 ὃτι
441 875 716 944 δαιμόνων
747 877 944 938 αὐτοὺς
974 872 1285 944 ἀπήλλαξεν
1309 888 1322 903 ·
1359 872 1572 936 ἔπειτα,
1604 872 1686 924 ὅτι
1718 866 1910 921 ἐαυτὸν

334 973 658 1044 ἐγνώρισεν·
692 972 787 1026 καὶ
824 970 1029 1040 τρίτον,
1065 970 1149 1023 ὅτι
1177 970 1273 1022 καὶ
1309 967 1565 1040 βοήθειαν
1589 967 1774 1029 αὐτοῖς
1808 963 1908 1035 τὴν

336 1068 463 1140 παρ’
487 1068 681 1122 ἐαυτοῦ
723 1067 988 1140 παρέσχε.

405 1189 615 1256 Διαιρεῖ
640 1187 698 1240 δὲ
727 1186 819 1239 τὸν
852 1186 1009 1254 λόγον
1050 1185 1130 1249 είς
1170 1202 1230 1238 τε
1279 1184 1373 1237 τὸν
1413 1182 1654 1254 Ἰσραὴλ,
1703 1181 1800 1235 καὶ
1847 1179 1908 1232 τὸ

335 1283 609 1352 ἱερατικὸν
638 1283 817 1351 γένος,
841 1283 934 1336 καὶ
961 1283 1089 1346 τοὺς
1118 1280 1177 1346 ἐξ
1199 1281 1369 1334 ἐθνῶν
1389 1280 1715 1352 προσιόντας
1739 1275 1901 1346 αὐτῷ.

331 1381 408 1435 Οὐ
450 1379 560 1452 γάρ
593 1383 742 1434 ἐστιν
779 1381 893 1434 ἴσον
928 1379 1113 1451 ἱερεὺς
1145 1378 1240 1432 καὶ
1279 1376 1516 1448 ἰδιώτης,
1549 1375 1666 1430 ἀλλ’
1701 1375 1814 1444 ἔχει
1856 1391 1908 1427 τι

335 1482 493 1535 πλέον
529 1477 710 1546 οὗτος·
738 1481 818 1534 διὸ
840 1481 937 1534 καὶ
971 1480 1070 1550 τὴν
1095 1479 1359 1550 διαίρεσιν
1393 1477 1618 1540 εἰκότως
1650 1477 1904 1528 ποιεῖται.

333 1579 444 1631 Kal
475 1577 586 1648 γὰρ
623 1578 828 1648 μείζων
854 1578 933 1640 είς
966 1577 1164 1639 αὐτοὺς
1190 1577 1223 1646 ἡ
1249 1573 1385 1644 τιμὴ
1416 1574 1652 1643 ἐγένετο.

401 1689 463 1737 ε’.
484 1679 617 1735 Εἶτα
633 1683 868 1746 δεικνὺς,
895 1681 976 1734 ὅτι
991 1681 1090 1733 οὐκ
1118 1680 1196 1742 είς
1209 1677 1279 1732 τὰ
1306 1675 1573 1730 Ἰουδαϊκὰ
1595 1671 1760 1730 αὐτοῦ
1775 1689 1910 1727 κατ-

332 1778 691 1849 εκέκλειστοή
718 1778 966 1850 πρόνοια,
988 1778 1080 1829 καὶ
1111 1775 1220 1828 τῶν
1245 1773 1604 1845 προσηλύτων
1634 1770 1905 1842 ἐμνήσθη,

331 1874 436 1926 τῶν
462 1876 528 1927 ἐκ
558 1874 669 1926 τῶν
702 1873 874 1926 ἐθνῶν
909 1871 1266 1943 προσιόντων,
1296 1872 1394 1940 τήν
1422 1885 1478 1922 τε
1519 1866 1792 1938 βοήθειαν,
1815 1865 1909 1918 καὶ¹

331 1971 429 2040 τὴν
456 1969 708 2038 εὐλογίαν
739 1971 818 2033 είς
852 1967 1099 2031 ἅπαντας
1122 1965 1663 2038 γεγενῆσθαιλέγων.
1694 1963 1910 2031 Κύριος

329 2066 622 2135 μνησθεὶς
647 2065 836 2135 ἡμῶν,
873 2063 1214 2132 εὐλόγησεν·
1240 2059 1418 2131 ἡμᾶς.
1453 2060 1772 2128 Εὐλόγησε
1802 2057 1910 2110 τὸν

330 2159 500 2216 οἶκον
539 2161 809 2228 Ἰσραήλ·
843 2161 1145 2226 εὐλόγησε
1172 2157 1279 2212 τὸν
1308 2153 1477 2210 οἷκον
1509 2153 1764 2222 Ἀαρών·
1810 2155 1907 2206 εὺο

328 2262 557 2328 λόγησε
593 2257 736 2323 τοὺς
773 2255 1186 2326 φοϐουμένους
1227 2254 1335 2308 τὸν
1365 2253 1605 2321 Κύριον.
1632 2251 1697 2302 Τί
1737 2251 1908 2316 ἐστιν,

331 2356 681 2424 Εὺλόγησε;
712 2355 958 2427 Μυρίων,
994 2353 1180 2424 φησὶν,
1216 2350 1515 2421 ἐνέπλησεν
1540 2348 1779 2418 ἀγαθῶν.
1808 2348 1910 2401 Εὐ-

327 2453 478 2522 λογεί
508 2453 606 2522 μὲν
632 2453 740 2524 γὰρ
768 2451 1056 2523 ἄνθρωπος
1088 2448 1242 2513 Θεὸν,
1273 2448 1348 2510 ὼς
1379 2447 1508 2500 ὅταν
1531 2446 1685 2517 λέγῃ,
1718 2446 1910 2497 £6.16—

326 2566 438 2618 γει,
464 2551 501 2618 ἡ
532 2549 703 2619 ψυχή
723 2567 862 2618 μου,
893 2547 1001 2602 τὸν
1032 2547 1272 2614 Κύριον.
1318 2543 1457 2596 Ἀλλ’
1489 2546 1517 2597 6
1541 2543 1634 2595 τὸν
1661 2541 1792 2594 Θεὸν
1821 2540 1910 2592 εὐ-

327 2645 525 2714 λογῶν,
562 2646 726 2710 αὐτὸς
766 2645 1060 2717 κερδαίνει,
1110 2642 1495 2714 λαμπρότερον
1548 2639 1740 2692 ἐαυτὸν
1785 2636 1910 2691 καθ-

331 2743 506 2807 ιστὰς,
537 2744 638 2797 οὐκ
669 2744 862 2815 ἐκείνῳ
888 2761 942 2796 τι
959 2743 1320 2813 χαριζόμενος
1340 2759 1354 2773 ·
1378 2743 1405 2794 6
1422 2741 1479 2794 δέ
1495 2739 1626 2803 Θεὸς
1649 2737 1906 2806 εὐλογῶν,

328 2843 478 2912 ἡμᾶς
506 2841 924 2912 λαμπροτέρους
959 2843 1124 2902 ποιεῖ,
1158 2840 1258 2892 οὐκ
1291 2838 1454 2901 αὐτός
1473 2855 1524 2890 τι
1555 2833 1911 2907 προσλαμϐά-

325 2957 430 2994 νει.
474 2940 745 3003 Ἀνενδεές
777 2938 886 3009 γὰρ
917 2937 977 2990 τὸ
1001 2939 1183 2991 Θείον·
1221 2937 1359 2990 ὥστε
1400 2934 1742 3006 ἑκατέρωθεν
1776 2932 1909 3002 ἡμέ-

325 3037 484 3107 τερόν
539 3039 656 3089 ἐστι
696 3037 758 3089 τὸ
806 3035 1017 3103 κέρδος.
1061 3033 1185 3097 Πῶς
1229 3033 1285 3085 δέ
1337 3032 1628 3100 εὐλόγησεν
1676 3030 1905 3092 αὐτούς;

332 3135 532 3204 Ἄρτον
553 3134 738 3196 αὐτοῖς
769 3133 828 3197 ἐξ
852 3129 1084 3202 οὐρανοῦ
1111 3130 1328 3193 ἔδωκεν,
1353 3128 1496 3198 ὕδωρ
1528 3126 1820 3198 ὢμϐρησεν
1848 3128 1910 3178 ἐκ

329 3232 558 3302 πέτρας,
583 3230 683 3294 τὰς
709 3230 949 3292 εἰσόδους
973 3226 1152 3280 αὐτῶν
1178 3226 1272 3279 καὶ
1303 3225 1401 3287 τὰς
1419 3221 1628 3288 ἐξόδους
1651 3221 1907 3293 ἐφύλαξε,

326 3331 398 3382 τὰ
433 3329 686 3399 βουκόλια
716 3326 896 3382 αὐτῶν
935 3324 1205 3395 ἐπλήθυνε
1235 3322 1329 3376 καὶ
1361 3320 1431 3375 τὰ
1453 3320 1675 3390 ποίμνια
1707 3319 1905 3383 αὐτῶν,

325 3427 457 3482 λαὸν
485 3427 802 3498 περιούσιον
841 3425 1115 3495 ὠνόμασε.
1151 3421 1244 3476 καὶ
1278 3419 1546 3491 βασίλειον
1583 3416 1905 3488 ἱεράτευμα.

329 3526 493 3596 νόμον
515 3524 706 3587 ἔδωκε,
741 3523 1032 3594 προφήτας
1057 3518 1291 3590 έπεμψε.
1328 3515 1515 3569 Ταῦτα
1540 3513 1633 3567 καὶ
1673 3512 1907 3582 ἀλλαχοῦ

326 3621 638 3693 κηρύττων,
667 3622 789 3674 Οὐκ
812 3619 1083 3685 ἐποίησε,
1112 3616 1298 3686 φησὶν,
1329 3612 1483 3667 οὕτω
1509 3610 1688 3664 παντὶ
1728 3609 1907 3670 ἔθνει,

325 3721 427 3773 καί
459 3719 531 3773 τὰ
564 3718 819 3786 κρίματα
846 3714 1032 3769 αὑτοῦ
1064 3715 1176 3766 οὐκ
1206 3709 1518 3776 ἐδήλωσεν
1541 3705 1764 3772 αὐτοῖς.
1802 3707 1911 3758 Kal

327 3817 419 3872 ἄλ)
432 3835 487 3880 ος
507 3835 521 3848 ·
552 3814 734 3869 Ποῖον
751 3809 926 3877 ἔθνος
964 3811 1118 3864 οὕτω
1150 3807 1368 3875 σοφὸν,
1465 3805 1557 3873 ἑγγ
1573 3802 1672 3864 [ζει
1698 3801 1910 3870 Κύριος

325 3917 362 3967 ὁ
386 3913 565 3976 Θεόςῖ
595 3911 741 3976 Τοὺς
767 3909 1018 3978 μικροὺς
1033 3903 1184 3973 μετὰ
1212 3902 1330 3956 τῶν
1358 3899 1649 3970 μεγάλων.
1689 3898 1821 3952 Οὐδέ
1853 3897 1910 3950 ἓν

324 4010 508 4078 γένος,
543 4007 730 4078 φησὶν,
760 4005 967 4076 ἔρημον
1007 3999 1257 4068 εὐλογίας
1295 3993 1384 4068 ἦν,
1422 3996 1535 4050 ἀλλ’
1587 3997 1667 4056 είς
1702 3995 1911 4056 πάντας

333 4107 594 4160 ἐκτέτατο
634 4102 830 4156 ταῦτα.
879 4099 1178 4168 Προσθείη
1214 4097 1429 4165 Κύριος
1466 4094 1556 4162 ἐφ’
1590 4092 1746 4162 ὑμᾶς
1768 4109 1781 4123 ·
1819 4093 1909 4161 ἐφ’

326 4202 506 4271 ὑμᾶς,
539 4202 637 4256 καὶ
661 4199 761 4255 ἐπὶ
784 4198 927 4265 τοὺς
944 4196 1115 4262 υἱοὺς
1144 4193 1330 4264 ὑμῶν.
1365 4185 1517 4253 Εἶδες
1545 4189 1732 4260 ἕτερον
1757 4189 1907 4242 εὐλο⁴

326 4299 456 4367 γίας
489 4294 632 4361 εἶδος
653 4338 667 4362 ,
701 4297 764 4349 τὸ
797 4293 1076 4348 ἐπιδοῦναι
1111 4292 1172 4345 τὸ
1211 4290 1403 4359 γένος;
1437 4286 1537 4340 Διὰ
1565 4285 1629 4356 δὴ
1657 4285 1812 4338 τοῦτο
1852 4285 1910 4338 ἐν

327 4396 481 4460 τάξει
515 4394 789 4456 κολάσεως
821 4393 884 4444 τὸ
927 4389 1170 4444 ἐναντίον
1203 4387 1392 4457 ἕτερος
1424 4382 1715 4454 προφέρων
1745 4382 1906 4453 φησί’

331 4492 440 4548 Καὶ
485 4492 990 4560 ἐσμικρύνθημεν,
1030 4485 1128 4540 καὶ
1171 4483 1362 4552 ἐσμὲν
1412 4479 1715 4551 ὀλιγοστοί
1753 4481 1912 4550 παρὰ

327 4588 562 4653 πάντας
595 4587 737 4652 τοὺς
770 4583 1200 4648 κατοικοῦντας
1230 4580 1345 4645 τὴν
1379 4578 1516 4648 γῆν.
1561 4576 1778 4648 Ταύτης
1812 4579 1910 4646 τῆς

327 4683 580 4751 εὐλογίας
616 4695 642 4723 ⁸
677 4681 771 4735 καὶ
803 4683 859 4734 ἐν
912 4678 1172 4748 Αἰγύπτῳ
1202 4676 1352 4739 ὄντες
1383 4674 1682 4746 ἀπήλαυον,
1733 4674 1910 4727 καίτοι

327 4780 544 4851 μυρίων
589 4779 758 4831 όντων
795 4777 904 4830 τῶν
939 4773 1367 4836 διακωλυόντων,
1404 4770 1512 4824 τῶν
1558 4769 1755 4843 ἔργων,
1808 4769 1910 4839 τῆς

322 4873 723 4942 ταλαιπωρίας,
751 4870 851 4939 τῆς
885 4867 992 4920 τῶν
1036 4866 1408 4934 ἐνεστηκότων
1440 4863 1724 4935 ὠμότητος
1746 4880 1758 4892 ·
1794 4863 1907 4916 ἀλλ’

319 4968 479 5022 οὐδὲν
505 4968 597 5021 τοῦ
617 4966 752 5019 Θεοῦ
777 4965 869 5018 τὸν
892 4965 1050 5032 λόγον
1081 4961 1388 5025 διέκοπτεν,
1416 4958 1532 5012 ἀλλ’
1554 4957 1698 5012 οὕτω
1715 4958 1908 5030 προῄει

320 5065 399 5120 τὰ
426 5065 527 5134 τῆς
569 5063 845 5132 εὐλογίας,
883 5062 958 5125 ὡς
988 5063 1047 5112 ἐν
1087 5059 1383 5121 διακοσίοις
1412 5057 1588 5111 ἔτεσιν
1625 5055 1910 5120 ἑξακοσίας

318 5158 586 5226 γενέσθαι
616 5155 880 5228 χιλιάδας.
925 5152 1088 5206 Ἀλλὰ
1114 5153 1234 5205 τότε
1263 5151 1361 5221 μὲν
1389 5151 1446 5203 ἐν
1483 5149 1693 5211 τούτοις
1717 5148 1786 5202 τὰ
1811 5149 1910 5220 τῆς

317 5259 600 5326 εὐλογίας,
635 5259 751 5311 νυνὶ
771 5256 827 5309 δὲ
859 5258 916 5309 ἐν
948 5253 1127 5325 πολλῷ
1167 5253 1430 5323 βελτίοσιν
1454 5251 1544 5304 ἐπὶ
1559 5251 1659 5320 τῆς
1679 5251 1907 5320 Καινῆς.

314 5348 420 5404 Διό
455 5366 588 5418 φησι
608 5347 823 5410 Παῦλος
843 5364 857 5376 ·
885 5346 1234 5414 Εὐλογητὸς
1261 5347 1293 5398 o'
1316 5341 1479 5408 Θεὸς,
1513 5345 1546 5396 ό
1564 5342 1909 5410 εὐλογήσας

317 5439 490 5512 ἡμᾶς
517 5441 588 5493 ἐν
623 5439 792 5506 πάσῃ
821 5439 1070 5508 εὐλογίᾳ
1092 5434 1466 5506 πνευματικῇ
1487 5435 1556 5488 ἐν
1586 5433 1710 5500 τοῖς
1732 5433 1913 5488 ἐπου-

309 5537 557 5607 ρανίοις
600 5537 669 5589 ἐν
703 5531 952 5603 Χριστῷ.
997 5534 1107 5587 Kal
1146 5533 1306 5586 πάλιν
1328 5548 1340 5560 ·
1384 5529 1468 5596 Τῷ
1500 5528 1568 5583 δὲ
1600 5528 1913 5597 δυναμένῳ

311 5637 479 5705 ὑπὲρ
521 5635 720 5689 πάντα
756 5631 1002 5702 ποιῆσαι
1027 5629 1181 5701 ὑπὲρ
1207 5627 1573 5699 ἐκπερισσοῦ
1600 5621 1687 5682 ὧν
1715 5628 1910 5682 αίτού-

391 5773 415 5800 ⁸
445 5771 568 5831 Reg.
590 5771 676 5827 τήν
697 5777 799 5830 γῆν.
841 5764 1078 5829 ’Λλλαχοῦ
1099 5769 1309 5831 δέμφησι,
1337 5765 1583 5831 Καὶ-ἔθετο
1609 5765 1674 5820 ὡς
1692 5763 1909 5827 πρόϐατα

310 5825 547 5896 πλιριάνί
568 5825 794 5895 Ηρόΰατα
818 5832 864 5879 ἐν
887 5825 1055 5893 θλίψει·
1083 5825 1254 5885 ταύτης
1293 5834 1376 5885 τῆς
1398 5825 1627 5887 εὐλογίας.

1408 366 1770 426 EXPOSITIO
1811 365 1875 420 IN
1915 362 2246 421 PSALMUM
2281 360 2464 418 CXIII.

3483 356 3588 412 3ίὲ

2014 479 2165 547 μεθα
2200 476 2240 544 ἢ
2273 473 2553 542 νοοῦμεν,
2589 469 2748 537 αὖτῷ
2776 472 2812 540 η
2841 470 2992 536 δόξα
3012 470 3082 524 ἐν
3113 467 3190 538 τῇ
3240 469 3585 538 Ἐκκλησίᾳ.

2014 574 2113 630 Διὰ
2146 575 2211 645 δὴ
2265 572 2426 626 τοῦτο
2471 571 2567 625 καὶ
2611 572 2660 623 οί
2714 568 2864 642 [300]
2914 569 3191 641 προφῆται
3245 567 3305 622 τὸ
3358 567 3588 622 παλαιὸν

2013 670 2334 743 εὐεργεσίας
2353 668 2663 739 ζητοῦντες,
2692 665 2898 736 ταύτην
2917 665 3018 736 τὴν
3038 665 3289 733 εὐλογίαν
3305 667 3585 737 παρεῖχον.

2024 771 2083 822 '0
2114 768 2222 839 γὰρ
2266 766 2568 827 Ἐλισσαῖος
2599 763 2696 834 τὴν
2733 760 3140 832 ὑποδεξαμένην
3169 763 3236 832 τῇ
3262 761 3360 815 τοῦ
3397 762 3589 826 παιδὸς

2010 866 2152 920 δόσει
2178 863 2485 936 ἀμείϐεται.
2532 861 2654 915 Ἐπὶ
2685 859 2742 912 δέ
2767 859 2866 929 τῆς
2893 857 3104 926 Καινῆς
3133 857 3196 912 οὐ
3232 858 3425 924 ταῦτα,
3454 857 3589 911 ἀλλὰ

2011 961 2194 1033 πολλῷ
2226 961 2470 1032 μείζονα.
2505 959 2568 1011 Ἦ
2583 956 2715 1026 γοῦν
2747 955 3170 1029 πορφυροπῶλις
3189 956 3248 1008 οὐ
3267 955 3441 1009 ταῦτα
3468 957 3586 1028 ᾔτει

2013 1062 2165 1134 παρὰ
2197 1061 2306 1114 τῶν
2334 1057 2667 1122 ἀποστόλων,
2705 1055 2839 1111 ἀλλὰ
2864 1054 2947 1119 τί;
2979 1056 3043 1109 EI
3077 1056 3148 1108 οὐ
3184 1052 3495 1121 κεκρίκατέ
3511 1071 3590 1122 με

2011 1157 2269 1222 ἀναξίαν
2322 1154 2402 1220 τῷ
2448 1155 2677 1224 Κιρίῳ,
2721 1152 3102 1217 είσελθόντες
3146 1151 3390 1220 μείνατε
3452 1148 3590 1218 παρ’

2010 1254 2162 1324 ἐμοίρ

2084 1367 2245 1434 Εἶδες
2273 1369 2440 1422 πόσον
2469 1368 2532 1421 τὸ
2561 1367 2745 1438 μέσον,
2770 1365 2866 1419 καὶ
2893 1364 3016 1418 τίνα
3054 1363 3153 1434 μὲν
3181 1363 3343 1432 ᾔτουν
3365 1361 3414 1414 oi
3440 1361 3498 1414 ὲν
3521 1363 3588 1432 τῇ

2013 1468 2245 1540 Παλαιᾷ,
2272 1465 2392 1520 τίνα
2408 1465 2464 1518 δέ
2488 1465 2538 1517 οἱ
2561 1465 2618 1517 ἐν
2644 1466 2710 1534 τῇ
2729 1463 2904 1532 Καινῇ
2930 1477 2944 1524 ;
2972 1459 3082 1513 Kal
3103 1458 3264 1512 πάλιν
3279 1460 3308 1511 6
3325 1459 3586 1528 Χριστός·

2011 1567 2277 1634 Χαίρετε,
2308 1565 2397 1618 ὅτι
2422 1564 2492 1618 τὰ
2512 1564 2774 1631 ὀνόματα
2793 1558 2961 1629 ὑμῶν
2981 1556 3207 1627 ἐγράφη
3235 1557 3306 1610 ἐν
3331 1555 3456 1622 τοῖς
3485 1557 3592 1610 οὑ-

2002 1663 2234 1733 ρανοῒς.
2273 1662 2384 1716 Kal
2411 1663 2440 1715 6
2465 1659 2676 1723 Παῦλος
2699 1675 2714 1691 ο
2757 1658 2818 1711 Ὀ
2843 1657 2910 1710 δὲ
2932 1656 3076 1722 Θεὸς
3095 1653 3407 1723 πληρώσαι
3432 1652 3591 1724 ὑμᾶς

2012 1755 2215 1824 πάσης
2239 1755 2478 1824 χάριτος
2506 1753 2606 1808 καὶ
2647 1749 2897 1815 ἐλπίδος
2928 1748 2997 1802 ἐν
3024 1746 3104 1812 τῷ
3136 1745 3466 1808 πιστεύειν,
3501 1745 3590 1811 εις

2011 1853 2079 1908 τὸ
2109 1851 2496 1921 περισσεύειν
2516 1849 2586 1902 ὲν
2613 1845 2686 1914 τῇ
2713 1843 2935 1905 ἑλπίδι,
2956 1843 3025 1896 ἐν
3050 1840 3297 1910 δυνάμει
3314 1840 3586 1909 Πνεῦμα-

2011 1968 2113 2016 τος
2140 1949 2334 2017 ἁγίου.
2362 1941 2514 2008 Εἶδες
2550 1941 2800 2010 εὐλογίας
2827 1939 3058 2008 δύναμιν
3086 1936 3156 1990 τὰ
3177 1936 3462 2008 ἀπόρρητα
3489 1952 3588 2005 χα-

2016 2044 2308 2116 ριζομένην
2360 2041 2560 2110 ἀγαθὰ,
2600 2039 2696 2092 καὶ
2742 2035 2894 2090 οὐδὲν
2928 2035 3159 2106 ἔχουσαν
3204 2035 3429 2105 γή“ίνον;
3477 2033 3589 2085 Καὶ

2013 2142 2173 2196 πάλιν
2207 2141 2234 2191 ὀ
2259 2138 2499 2202 Παῦλος·
2549 2137 2613 2190 '0
2641 2135 2784 2202 Θεὸς
2835 2134 3153 2202 συντρίψει
3177 2133 3283 2186 τὸν
3313 2128 3589 2185 Σατανᾶν

2010 2240 2126 2296 ὑπὸ
2157 2238 2297 2304 τοὺς
2319 2236 2510 2302 πόδας
2526 2233 2693 2303 ὑμῶν
2715 2233 2784 2286 ἐν
2811 2231 2998 2301 τάχει.
3029 2230 3171 2284 ’Δλλ’
3195 2231 3252 2284 ἐν
3269 2233 3334 2303 τῇ
3352 2229 3586 2299 Παλαιᾷ,

2011 2337 2098 2389 ὅτε
2133 2333 2442 2406 παχύτερον
2476 2331 2545 2385 τὰ
2572 2331 2681 2383 τῶν
2711 2327 3012 2399 ἀνθρώπων
3050 2327 3300 2391 διέκειτο,
3332 2326 3439 2380 ἀπὸ
3480 2326 3590 2378 τῶν

2012 2431 2285 2502 αἰσθητῶν
2312 2432 2381 2484 τὰ
2406 2430 2507 2498 τῆς
2537 2427 2786 2497 εὐλογίας
2819 2427 3095 2496 ὑφαίνετο,
3126 2425 3222 2480 καὶ
3255 2427 3289 2496 ὴ
3337 2423 3590 2478 πολυπαιο

2010 2530 2098 2582 δία
2131 2529 2386 2600 μέγιστον
2433 2529 2665 2598 πρᾶγμα
2703 2519 2842 2579 εἶναι
2888 2523 3189 2596 ἐνομίζετο.
3233 2522 3450 2594 Ἐπειδὴ
3481 2520 3590 2591 γὰρ

2013 2631 2077 2682 ἐκ
2095 2631 2191 2699 τῆς
2208 2625 2482 2698 ἁμαρτίας
2501 2623 2748 2695 εἰσῆλθεν
2771 2625 2799 2676 ὁ
2824 2622 3071 2686 Θάνατος,
3097 2619 3589 2694 παραμυθούμενος

2013 2728 2074 2780 τὸ
2111 2727 2268 2794 γένος
2297 2727 2324 2778 6
2349 2724 2501 2787 Θεὸς,
2531 2723 2624 2776 καὶ
2654 2723 2891 2786 δεικνὺς,
2925 2723 3007 2775 ὅτι
3030 2721 3090 2774 οὐ
3136 2720 3296 2790 μόνον
3325 2719 3426 2773 οὐκ
3459 2719 3592 2772 ἁνα-

2009 2823 2195 2884 λὼσει,
2218 2820 2343 2874 οὔτε
2374 2819 2722 2891 πανωλεθρίᾳ
2761 2817 3093 2889 παραδώσει,
3128 2817 3262 2870 ἀλλὰ
3289 2815 3384 2870 καὶ
3411 2813 3591 2884 πολλῷ

2018 2919 2239 2981 πλείους
2282 2917 2496 2970 ἔσονται
2533 2914 2629 2968 τοῦ
2660 2914 2951 2985 προτέρου.
2987 2913 3180 2984 φησίν·
3219 2910 3590 2976 Αὺξάνεσθε,

2010 3015 2112 3070 καὶ
2148 3014 2550 3083 πληθύνεσθε.
2613 3010 2831 3080 Ἐπειδὴ
2871 3010 2926 3062 δὲ
2967 3008 3214 3078 ἐγνώσθη
3246 3008 3412 3071 ὕπνος
3443 3007 3519 3061 ὣν
3563 3009 3593 3060 6

2012 3115 2267 3176 θάνατος,
2302 3113 2556 3182 εἰσήγετο
2599 3108 2662 3162 τὸ
2689 3108 2792 3178 τῆς
2825 3106 3126 3178 παρθενίας
3160 3105 3343 3160 καλόν.
3379 3103 3471 3156 Διὸ
3499 3104 3593 3158 καὶ

2010 3215 2037 3266 6
2072 3210 2283 3274 Παῦλος
2307 3209 2462 3277 ἔλεγε
2479 3224 2493 3239 ο
2525 3206 2688 3261 Θέλω
2710 3205 2778 3258 δὲ
2806 3202 3037 3268 πάντας
3059 3200 3412 3270 ἀνθρώπους
3437 3196 3616 3255 εἶναι.

2010 3310 2079 3361 ἑν
2109 3306 2442 3377 ἐγκρατείᾳ,
2471 3303 2552 3370 ὡς
2576 3301 2672 3357 καὶ
2702 3300 2985 3370 ἐμαυτόν.
3017 3298 3130 3352 Kal
3160 3299 3323 3354 πάλιν
3345 3313 3358 3327 ·
3388 3296 3596 3351 Καλὸν

2011 3404 2298 3472 ἀνθρώπῳ
2332 3398 2617 3472 γυναικὸς
2645 3395 2731 3467 μὴ
2773 3396 3084 3452 ἅπτεσθαι.
3115 3394 3224 3449 Kal
3253 3397 3282 3448 6
3327 3393 3592 3465 Χριστόξ⁵

2013 3501 2190 3555 Εἰσὶν
2228 3497 2529 3566 εὐνοῦχοι,
2566 3496 2782 3560 οἵτινες
2816 3493 3189 3561 εὐνούχισαν
3215 3489 3469 3556 ἑαυτοὺς
3495 3487 3594 3541 διὰ

2011 3596 2127 3664 τὴν
2165 3593 2498 3660 ,ϐασιλείαν
2537 3590 2656 3646 τῶν
2694 3588 2990 3659 οὐρανῶν.
3024 3586 3236 3651 ’Ἄλλως
3285 3585 3341 3638 δέ
3389 3584 3484 3638 καὶ
3534 3586 3594 3638 ἐν

2011 3695 2153 3764 ἀρχῇ
2175 3691 2334 3746 τοῦτο
2355 3689 2596 3761 ᾐνίξατο,
2615 3689 2698 3741 ὅτι
2715 3686 2934 3758 ἀρετῆς,
2949 3685 3010 3739 οὐ
3036 3682 3391 3744 πολυπαιδίας
3405 3681 3584 3752 χρεία.

2012 3790 2126 3844 Kal
2152 3790 2322 3844 ἄκουε
2361 3785 2502 3850 πῶς.
2531 3784 2693 3853 Λέγει
2719 3783 2830 3855 γάρ
2856 3799 2942 3846 τις
2967 3780 3129 3850 σοφός
3148 3799 3162 3812 ’
3193 3780 3290 3846 Μὴ
3320 3779 3592 3846 ἐπιθύμει

2013 3885 2247 3954 πλῆθος
2272 3884 2499 3937 τέκνων
2525 3880 2870 3951 ἀχρήστων,
2900 3880 2950 3932 εί
2977 3878 3061 3947 μή
3092 3877 3223 3930 ἐστι
3237 3875 3365 3944 μετ’
3393 3873 3594 3928 αὐτῶν

2013 3985 2196 4054 φόδος
2227 3982 2394 4036 Θεοῦ·
2423 3979 2520 4034 καί
2544 3979 2630 4049 μὴ
2653 3977 2835 4047 ἔπεχε
2856 3975 2951 4029 ἐπὶ
2978 3975 3044 4029 τό
3067 3972 3298 4042 πλῆθος
3318 3970 3517 4025 αὐτῶν
3538 3970 3588 4010 h-

2014 4079 2302 4148 κρεῖσσον
2319 4069 2428 4146 γὰρ
2447 4071 2554 4142 εἷς,
2574 4075 2612 4142 ἢ
2643 4075 2847 4144 χίλιοι,
2867 4071 2964 4126 καί
2977 4069 3302 4126 ἀποθανεῖν
3315 4069 3589 4133 ἄτεκνον,

2013 4176 2052 4245 ἢ
2078 4175 2248 4244 ἔχειν
2284 4173 2468 4227 τέκνα
2495 4169 2685 4236 ἀσεϐῆ
2703 4186 2716 4200 ·
2749 4167 2847 4222 καὶ
2873 4168 3176 4236 κρείσσων
3195 4160 3282 4230 εἷς
3321 4164 3506 4218 ποιῶν
3525 4165 3593 4218 τὸ

2014 4271 2243 4340 θέλημα
2262 4269 2506 4335 Κυρίου,
2531 4266 2568 4335 ἣ
2592 4266 2794 4335 μυρίοι
2825 4263 3178 4333 παράνομοι.
3211 4261 3351 4315 Ἀλλ’
3373 4262 3422 4314 οἱ
3447 4260 3595 4316 ἀναί-

2017 4374 2206 4444 σθητοι
2245 4370 2507 4434 Ἰουδαῖοι,
2540 4366 2632 4420 καὶ
2661 4367 2796 4438 πρὸς
2826 4366 2926 4436 τὴν
2957 4364 3134 4433 σάρκα
3162 4362 3449 4434 κεχηνότες
3481 4361 3590 4424 ἀεὶ,

2012 4470 2109 4524 καὶ
2142 4467 2341 4539 ἀρετῆς
2386 4462 2736 4536 ἀμελοῦντες,
2778 4462 2996 4530 ἔλεγον·
3044 4461 3106 4515 Τί
3151 4459 3310 4527 ζητεῖ
3341 4461 3374 4514 ὁ
3423 4460 3590 4526 Θεὸς,

2012 4567 2151 4618 ἀλλ’
2175 4564 2210 4633 ἣ
2239 4561 2476 4630 σπέρμα
2493 4577 2512 4626 ;
2536 4562 2760 4622 Δεικνὺς
2788 4560 2964 4612 τοίνυν
2998 4559 3204 4621 αὐτοῖς,
3237 4557 3319 4610 ὅτι
3343 4556 3404 4608 οὐ
3433 4554 3591 4609 τοῦτο

2013 4657 2186 4730 ζητεῖ,
2229 4659 2487 4731 μυριάκις
2523 4655 2719 4719 αὐτοὺς
2759 4654 3062 4718 ἀπώλεσεν,
3107 4654 3308 4725 ἀρετῆς
3350 4654 3591 4725 ἐρήμους

2012 4760 2191 4822 δντας.
2217 4754 2626 4825 Εὐλογημένοι
2649 4753 2816 4822 ὑμεῖς
2840 4752 2919 4819 τῷ
2947 4751 3161 4820 Κυρίῳ.
3196 4749 3394 4813 Καλῶς
3422 4768 3588 4821 προσο

2016 4857 2201 4928 έθηκε,
2255 4853 2339 4918 Τῷ
2397 4851 2613 4920 Κυρίῳ.
2666 4849 2839 4902 Τοῦτο
2885 4847 2994 4920 γὰρ
3053 4847 3289 4917 μάλιστα
3347 4847 3586 4915 εὐλογία.

2013 4953 2134 5005 Εἰσὶ
2158 4952 2267 5021 γὰρ
2300 4949 2393 5002 καὶ
2421 4947 2571 5018 παρὰ
2597 4945 2904 5015 ἀνθρώποις
2926 4943 3327 5015 εὐλογούμενοι,
3353 4943 3468 4997 ἀλλ’
3497 4945 3591 4997 ἀν-

2012 5047 2261 5120 θρώπινα
2294 5046 2364 5100 τὰ
2408 5046 2654 5099 ἐκείνων.
2713 5042 2860 5096 Ἡδὲ
2902 5041 3132 5113 μεγίστη
3173 5040 3392 5109 εὐλογία
3425 5039 3586 5110 αὕτη.

2017 5145 2331 5218 Ἄνθρωποι
2381 5143 2480 5212 μὲν
2514 5141 2625 5212 γὰρ
2669 5137 2973 5209 εὐλογοῦσι,
3007 5138 3276 5198 τουτέστι,
3308 5137 3590 5206 ἐγκωμιά-

2014 5243 2221 5307 ζουσιν,
2258 5239 2540 5292 ἐπαινοῦσι
2581 5237 2709 5298 τούς
2751 5237 2810 5289 ἐν
2857 5234 3072 5306 πλούτῳ
3108 5234 3205 5288 καὶ
3249 5233 3590 5296 δυναστείαις

2011 5341 2107 5392 καὶ
2140 5336 2322 5404 δόξαις
2350 5336 2529 5397 ὄντας.
2569 5333 2707 5386 Ἀλλ’
2737 5331 2877 5403 αῦτη
2907 5334 2940 5404 ἡ
2973 5333 3192 5400 εὐλογία
3233 5330 3587 5402 πρόσκαιρος.

2012 5438 2106 5490 καὶ
2143 5434 2305 5505 ἡνίκα
2335 5434 2400 5487 ἂν
2432 5434 2605 5503 παρῇ,
2634 5430 2788 5484 οὐδὲν
2826 5429 3027 5500 ἔχουσα
3063 5428 3282 5500 κέρδος·
3315 5429 3349 5497 ἠ
3389 5427 3447 5480 δέ
3491 5424 3586 5478 τοῦ

2011 5532 2146 5586 Θεοῦ
2173 5533 2450 5602 διηνεκὴς,
2485 5531 2578 5584 καὶ
2607 5531 2666 5582 ἐν
2703 5531 2816 5593 τοῖς
2849 5529 3126 5599 μεγίστοις
3154 5525 3465 5597 παρέχουσα
3488 5523 3589 5593 τὴν

2009 5627 2303 5698 ὠφέλειαν.
2338 5625 2424 5691 Τῷ
2448 5625 2773 5693 ποιήσαντι
2788 5624 2896 5678 τὸν
2914 5621 3174 5692 οὐρανὸν
3192 5621 3289 5675 καὶ
3306 5619 3420 5687 τὴν
3444 5617 3583 5688 γῆν.

2064 5767 2172 5834 b_In
2199 5763 2419 5834 edilifme
2444 5765 2656 5834 Rprpapa
2685 5779 2774 5834 ριν)
2799 5767 2860 5827 μή
2884 5765 3024 5834 finge
3048 5767 3123 5816 ἐπὶ
3145 5766 3198 5815 τὸ
3213 5766 3388 5824 πλῆθος
3406 5765 3581 5827 αὐτῶν,

2006 5827 2191 5888 Icgilur
2218 5829 2282 5888 μή
2311 5828 2448 5888 ἔπεχε
2472 5828 2546 5876 ἐπὶ
2572 5829 2653 5876 τὸν
2679 5827 2822 5877 τόπον
2845 5827 3016 5876 αὐτῶν.
