  <div class='ocr_page' id='page_1' title='image "/cluster/home/n/w/nwhite01/storage/ocr_20150623/55/nnc1.0046980016/303.png"; bbox 0 0 4112 6342; ppageno 0'>
   <div class='ocr_carea' id='block_1_1' title="bbox 497 406 607 464">
    <p class='ocr_par' dir='ltr' id='par_1_1' title="bbox 497 406 607 464">
     <span class='ocr_line' id='line_1_1' title="bbox 497 406 607 464; baseline -0.018 -1"><span class='ocrx_word' id='word_1_1' title='bbox 497 406 607 464; x_wconf 78' lang='grc'>315</span> 
     </span>
    </p>
   </div>
   <div class='ocr_carea' id='block_1_2' title="bbox 481 515 2076 596">
    <p class='ocr_par' dir='ltr' id='par_1_2' title="bbox 481 515 2076 596">
     <span class='ocr_line' id='line_1_2' title="bbox 481 515 2076 596; baseline 0.005 -25"><span class='ocrx_word' id='word_1_2' title='bbox 481 564 487 571; x_wconf 89' lang='grc'>.</span> <span class='ocrx_word' id='word_1_3' title='bbox 569 526 649 591; x_wconf 66' lang='grc' dir='ltr'>ς.</span> <span class='ocrx_word' id='word_1_4' title='bbox 668 515 816 585; x_wconf 78' lang='grc' dir='ltr'>Εἶδες</span> <span class='ocrx_word' id='word_1_5' title='bbox 832 521 931 592; x_wconf 85' lang='grc' dir='ltr'>ὅση</span> <span class='ocrx_word' id='word_1_6' title='bbox 950 521 1051 593; x_wconf 81' lang='grc' dir='ltr'>τῆς</span> <span class='ocrx_word' id='word_1_7' title='bbox 1065 520 1314 593; x_wconf 79' lang='grc' dir='ltr'>εὐλογίας</span> <span class='ocrx_word' id='word_1_8' title='bbox 1338 525 1373 595; x_wconf 77' lang='grc' dir='ltr'><strong>ἡ</strong></span> <span class='ocrx_word' id='word_1_9' title='bbox 1410 521 1564 594; x_wconf 76' lang='grc' dir='ltr'>ἰσχύς</span> <span class='ocrx_word' id='word_1_10' title='bbox 1579 539 1594 590; x_wconf 91' lang='grc'><strong>;</strong></span> <span class='ocrx_word' id='word_1_11' title='bbox 1612 523 1693 577; x_wconf 82' lang='grc' dir='ltr'><strong>Τὰ</strong></span> <span class='ocrx_word' id='word_1_12' title='bbox 1717 522 1826 596; x_wconf 86' lang='grc' dir='ltr'>γάρ</span> <span class='ocrx_word' id='word_1_13' title='bbox 1855 525 2076 595; x_wconf 76' lang='grc' dir='ltr'>ῥήματα</span> 
     </span>
    </p>
   </div>
   <div class='ocr_carea' id='block_1_3' title="bbox 497 618 2078 693">
    <p class='ocr_par' dir='ltr' id='par_1_3' title="bbox 497 618 2078 693">
     <span class='ocr_line' id='line_1_3' title="bbox 497 618 2078 693; baseline 0.001 -18"><span class='ocrx_word' id='word_1_14' title='bbox 497 619 666 675; x_wconf 87' lang='grc' dir='ltr'>αὐτοῦ</span> <span class='ocrx_word' id='word_1_15' title='bbox 698 618 838 691; x_wconf 69' lang='grc' dir='ltr'>ἔργα</span> <span class='ocrx_word' id='word_1_16' title='bbox 857 619 1089 688; x_wconf 90' lang='grc' dir='ltr'>γίνεται.</span> <span class='ocrx_word' id='word_1_17' title='bbox 1125 620 1229 673; x_wconf 84' lang='grc' dir='ltr'>Τὸν</span> <span class='ocrx_word' id='word_1_18' title='bbox 1248 620 1379 690; x_wconf 89' lang='grc' dir='ltr'>γοῦν</span> <span class='ocrx_word' id='word_1_19' title='bbox 1402 619 1632 693; x_wconf 79' lang='grc' dir='ltr'>οὐρανὸν</span> <span class='ocrx_word' id='word_1_20' title='bbox 1653 620 1715 674; x_wconf 79' lang='grc' dir='ltr'>τὸ</span> <span class='ocrx_word' id='word_1_21' title='bbox 1739 620 1891 692; x_wconf 78' lang='grc' dir='ltr'>ῥῆμα</span> <span class='ocrx_word' id='word_1_22' title='bbox 1912 621 2078 676; x_wconf 84' lang='grc' dir='ltr'>αὐτοῦ</span> 
     </span>
    </p>
   </div>
   <div class='ocr_carea' id='block_1_4' title="bbox 500 713 2077 789">
    <p class='ocr_par' dir='ltr' id='par_1_4' title="bbox 500 713 2077 789">
     <span class='ocr_line' id='line_1_4' title="bbox 500 713 2077 789; baseline 0 -17"><span class='ocrx_word' id='word_1_23' title='bbox 500 714 652 789; x_wconf 72' lang='lat'>[50!]</span> <span class='ocrx_word' id='word_1_24' title='bbox 682 717 971 787; x_wconf 81' lang='grc' dir='ltr'>πεποίηκε.</span> <span class='ocrx_word' id='word_1_25' title='bbox 1005 713 1088 782; x_wconf 82' lang='grc' dir='ltr'>Τῷ</span> <span class='ocrx_word' id='word_1_26' title='bbox 1110 716 1276 787; x_wconf 74' lang='grc' dir='ltr'>λόγῳ</span> <span class='ocrx_word' id='word_1_27' title='bbox 1300 716 1432 787; x_wconf 91' lang='grc' dir='ltr'>γάρ,</span> <span class='ocrx_word' id='word_1_28' title='bbox 1456 716 1611 789; x_wconf 63' lang='grc' dir='ltr'>φησι,</span> <span class='ocrx_word' id='word_1_29' title='bbox 1642 715 1869 786; x_wconf 80' lang='grc' dir='ltr'>Κυρίου</span> <span class='ocrx_word' id='word_1_30' title='bbox 1892 720 1946 772; x_wconf 86' lang='lat' dir='ltr'>ol</span> <span class='ocrx_word' id='word_1_31' title='bbox 1974 719 2077 772; x_wconf 87' lang='grc' dir='ltr'>οὺ-</span> 
     </span>
    </p>
   </div>
   <div class='ocr_carea' id='block_1_5' title="bbox 491 811 2069 885">
    <p class='ocr_par' dir='ltr' id='par_1_5' title="bbox 491 811 2069 885">
     <span class='ocr_line' id='line_1_5' title="bbox 491 811 2069 885; baseline 0.001 -20"><span class='ocrx_word' id='word_1_32' title='bbox 491 813 670 883; x_wconf 74' lang='grc' dir='ltr'>ρανοὶ</span> <span class='ocrx_word' id='word_1_33' title='bbox 697 811 1170 882; x_wconf 78' lang='grc' dir='ltr'>ἐστερεώθησαν.</span> <span class='ocrx_word' id='word_1_34' title='bbox 1225 812 1449 885; x_wconf 80' lang='grc' dir='ltr'>Ἐκείνῳ</span> <span class='ocrx_word' id='word_1_35' title='bbox 1472 813 1550 884; x_wconf 82' lang='grc' dir='ltr'>τῷ</span> <span class='ocrx_word' id='word_1_36' title='bbox 1576 812 1721 885; x_wconf 84' lang='grc' dir='ltr'>λόγῳ</span> <span class='ocrx_word' id='word_1_37' title='bbox 1754 830 1811 867; x_wconf 89' lang='grc' dir='ltr'>σε</span> <span class='ocrx_word' id='word_1_38' title='bbox 1837 813 2069 883; x_wconf 80' lang='grc' dir='ltr'>εὐλογεῐ,</span> 
     </span>
    </p>
   </div>
   <div class='ocr_carea' id='block_1_6' title="bbox 508 907 1177 980">
    <p class='ocr_par' dir='ltr' id='par_1_6' title="bbox 508 907 1177 980">
     <span class='ocr_line' id='line_1_6' title="bbox 508 907 1177 980; baseline 0 -18"><span class='ocrx_word' id='word_1_39' title='bbox 508 907 586 980; x_wconf 81' lang='grc' dir='ltr'>τῷ</span> <span class='ocrx_word' id='word_1_40' title='bbox 607 907 842 962; x_wconf 86' lang='grc' dir='ltr'>τοσαῦτα</span> <span class='ocrx_word' id='word_1_41' title='bbox 873 908 1177 980; x_wconf 82' lang='grc' dir='ltr'>δυναμένῳ.</span> 
     </span>
    </p>
   </div>
   <div class='ocr_carea' id='block_1_7' title="bbox 582 1061 2079 1133">
    <p class='ocr_par' dir='ltr' id='par_1_7' title="bbox 582 1061 2079 1133">
     <span class='ocr_line' id='line_1_7' title="bbox 582 1061 2079 1133; baseline -0.001 -14"><span class='ocrx_word' id='word_1_42' title='bbox 582 1068 648 1119; x_wconf 89' lang='lat'>&#39;0</span> <span class='ocrx_word' id='word_1_43' title='bbox 675 1064 930 1133; x_wconf 67' lang='grc' dir='ltr'>οὐρανὸς</span> <span class='ocrx_word' id='word_1_44' title='bbox 950 1064 1057 1119; x_wconf 83' lang='grc' dir='ltr'>τοῦ</span> <span class='ocrx_word' id='word_1_45' title='bbox 1076 1064 1336 1133; x_wconf 66' lang='grc' dir='ltr'>οἰερανοῦ</span> <span class='ocrx_word' id='word_1_46' title='bbox 1371 1062 1453 1130; x_wconf 83' lang='grc' dir='ltr'>τῷ</span> <span class='ocrx_word' id='word_1_47' title='bbox 1479 1064 1693 1132; x_wconf 76' lang='grc' dir='ltr'>Κυρίῳ,</span> <span class='ocrx_word' id='word_1_48' title='bbox 1728 1063 1843 1131; x_wconf 81' lang='grc' dir='ltr'>τὴν</span> <span class='ocrx_word' id='word_1_49' title='bbox 1865 1063 1934 1117; x_wconf 76' lang='grc' dir='ltr'>δὲ</span> <span class='ocrx_word' id='word_1_50' title='bbox 1962 1061 2079 1133; x_wconf 75' lang='grc' dir='ltr'>γῆν</span> 
     </span>
    </p>
   </div>
   <div class='ocr_carea' id='block_1_8' title="bbox 502 1158 2075 1229">
    <p class='ocr_par' dir='ltr' id='par_1_8' title="bbox 502 1158 2075 1229">
     <span class='ocr_line' id='line_1_8' title="bbox 502 1158 2075 1229; baseline -0.004 -11"><span class='ocrx_word' id='word_1_51' title='bbox 502 1162 687 1219; x_wconf 76' lang='grc' dir='ltr'>ἔδωκε</span> <span class='ocrx_word' id='word_1_52' title='bbox 707 1161 832 1227; x_wconf 79' lang='grc' dir='ltr'>τοῖς</span> <span class='ocrx_word' id='word_1_53' title='bbox 859 1160 1009 1228; x_wconf 78' lang='grc' dir='ltr'>υἱοῖς</span> <span class='ocrx_word' id='word_1_54' title='bbox 1038 1159 1159 1214; x_wconf 84' lang='grc' dir='ltr'>τῶν</span> <span class='ocrx_word' id='word_1_55' title='bbox 1181 1158 1529 1229; x_wconf 80' lang='grc' dir='ltr'>ἀνθρώπων.</span> <span class='ocrx_word' id='word_1_56' title='bbox 1553 1160 1618 1213; x_wconf 85' lang='grc' dir='ltr'>Τί</span> <span class='ocrx_word' id='word_1_57' title='bbox 1650 1159 1867 1229; x_wconf 86' lang='grc' dir='ltr'>λέγεις;</span> <span class='ocrx_word' id='word_1_58' title='bbox 1898 1158 2075 1224; x_wconf 79' lang='grc' dir='ltr'>ἐξελέ-</span> 
     </span>
    </p>
   </div>
   <div class='ocr_carea' id='block_1_9' title="bbox 505 1254 2081 1328">
    <p class='ocr_par' dir='ltr' id='par_1_9' title="bbox 505 1254 2081 1328">
     <span class='ocr_line' id='line_1_9' title="bbox 505 1254 2081 1328; baseline -0.002 -16"><span class='ocrx_word' id='word_1_59' title='bbox 505 1257 630 1324; x_wconf 81' lang='grc' dir='ltr'>ξατο</span> <span class='ocrx_word' id='word_1_60' title='bbox 658 1258 749 1313; x_wconf 76' lang='grc' dir='ltr'>τὸν</span> <span class='ocrx_word' id='word_1_61' title='bbox 775 1257 1004 1328; x_wconf 76' lang='grc' dir='ltr'>οὐρανὸν</span> <span class='ocrx_word' id='word_1_62' title='bbox 1028 1256 1239 1328; x_wconf 78' lang='grc' dir='ltr'>οἴκημα</span> <span class='ocrx_word' id='word_1_63' title='bbox 1265 1255 1466 1326; x_wconf 83' lang='grc' dir='ltr'>ἐαυτῷ,</span> <span class='ocrx_word' id='word_1_64' title='bbox 1501 1256 1597 1310; x_wconf 78' lang='grc' dir='ltr'>καὶ</span> <span class='ocrx_word' id='word_1_65' title='bbox 1627 1255 1696 1309; x_wconf 84' lang='grc' dir='ltr'>τὰ</span> <span class='ocrx_word' id='word_1_66' title='bbox 1729 1254 1955 1327; x_wconf 80' lang='grc' dir='ltr'>ὑπερῷα</span> <span class='ocrx_word' id='word_1_67' title='bbox 1984 1254 2081 1309; x_wconf 84' lang='grc' dir='ltr'>λα-</span> 
     </span>
    </p>
   </div>
   <div class='ocr_carea' id='block_1_10' title="bbox 500 1348 2079 1424">
    <p class='ocr_par' dir='ltr' id='par_1_10' title="bbox 500 1348 2079 1424">
     <span class='ocr_line' id='line_1_10' title="bbox 500 1348 2079 1424; baseline -0.003 -16"><span class='ocrx_word' id='word_1_68' title='bbox 500 1353 633 1418; x_wconf 87' lang='grc' dir='ltr'>ϐὼν,</span> <span class='ocrx_word' id='word_1_69' title='bbox 667 1355 803 1424; x_wconf 79' lang='grc' dir='ltr'>ἡμῖν</span> <span class='ocrx_word' id='word_1_70' title='bbox 842 1352 1089 1424; x_wconf 80' lang='grc' dir='ltr'>ἀφώρισε</span> <span class='ocrx_word' id='word_1_71' title='bbox 1129 1353 1198 1407; x_wconf 89' lang='grc' dir='ltr'>τά</span> <span class='ocrx_word' id='word_1_72' title='bbox 1231 1350 1500 1416; x_wconf 85' lang='grc' dir='ltr'>ἐνταῦθα;</span> <span class='ocrx_word' id='word_1_73' title='bbox 1528 1352 1777 1420; x_wconf 73' lang='grc' dir='ltr'>Ἄπαγε·</span> <span class='ocrx_word' id='word_1_74' title='bbox 1820 1348 1932 1405; x_wconf 75' lang='grc' dir='ltr'>οὐχ’</span> <span class='ocrx_word' id='word_1_75' title='bbox 1964 1349 2079 1404; x_wconf 79' lang='grc' dir='ltr'>ἔστι</span> 
     </span>
    </p>
   </div>
   <div class='ocr_carea' id='block_1_11' title="bbox 502 1445 2080 1519">
    <p class='ocr_par' dir='ltr' id='par_1_11' title="bbox 502 1445 2080 1519">
     <span class='ocr_line' id='line_1_11' title="bbox 502 1445 2080 1519; baseline -0.003 -15"><span class='ocrx_word' id='word_1_76' title='bbox 502 1450 688 1518; x_wconf 88' lang='grc' dir='ltr'>τοῦτο,</span> <span class='ocrx_word' id='word_1_77' title='bbox 733 1449 872 1504; x_wconf 83' lang='grc' dir='ltr'>ἀλλά</span> <span class='ocrx_word' id='word_1_78' title='bbox 904 1448 1363 1518; x_wconf 77' lang='grc' dir='ltr'>συγκαταϐἅσεως</span> <span class='ocrx_word' id='word_1_79' title='bbox 1401 1449 1430 1502; x_wconf 88' lang='grc' dir='ltr'>δ</span> <span class='ocrx_word' id='word_1_80' title='bbox 1458 1448 1635 1517; x_wconf 81' lang='grc' dir='ltr'>λόγος.</span> <span class='ocrx_word' id='word_1_81' title='bbox 1660 1448 1724 1501; x_wconf 83' lang='grc' dir='ltr'><strong>Εἰ</strong></span> <span class='ocrx_word' id='word_1_82' title='bbox 1769 1447 1881 1519; x_wconf 82' lang='grc' dir='ltr'>γὰρ</span> <span class='ocrx_word' id='word_1_83' title='bbox 1921 1445 2080 1501; x_wconf 83' lang='grc' dir='ltr'>τοῦτό</span> 
     </span>
    </p>
   </div>
   <div class='ocr_carea' id='block_1_12' title="bbox 502 1538 2080 1612">
    <p class='ocr_par' dir='ltr' id='par_1_12' title="bbox 502 1538 2080 1612">
     <span class='ocr_line' id='line_1_12' title="bbox 502 1538 2080 1612; baseline -0.003 -16"><span class='ocrx_word' id='word_1_84' title='bbox 502 1545 642 1611; x_wconf 83' lang='grc' dir='ltr'>ἐστι,</span> <span class='ocrx_word' id='word_1_85' title='bbox 674 1541 792 1606; x_wconf 86' lang='grc' dir='ltr'>πῶς</span> <span class='ocrx_word' id='word_1_86' title='bbox 808 1540 870 1594; x_wconf 87' lang='grc' dir='ltr'>τὸ</span> <span class='ocrx_word' id='word_1_87' title='bbox 894 1543 1081 1612; x_wconf 75' lang='grc' dir='ltr'>ἕτερον</span> <span class='ocrx_word' id='word_1_88' title='bbox 1102 1541 1302 1612; x_wconf 69' lang='grc' dir='ltr'>ἔστηκε</span> <span class='ocrx_word' id='word_1_89' title='bbox 1325 1540 1386 1593; x_wconf 83' lang='grc' dir='ltr'>τὸ</span> <span class='ocrx_word' id='word_1_90' title='bbox 1408 1538 1558 1612; x_wconf 88' lang='grc' dir='ltr'>παρά</span> <span class='ocrx_word' id='word_1_91' title='bbox 1575 1540 1668 1593; x_wconf 89' lang='grc' dir='ltr'>τοῦ</span> <span class='ocrx_word' id='word_1_92' title='bbox 1685 1539 1820 1593; x_wconf 82' lang='grc' dir='ltr'>Θεοῦ</span> <span class='ocrx_word' id='word_1_93' title='bbox 1850 1538 2080 1611; x_wconf 83' lang='grc' dir='ltr'>λεγόμε-</span> 
     </span>
    </p>
   </div>
   <div class='ocr_carea' id='block_1_13' title="bbox 500 1632 2080 1707">
    <p class='ocr_par' dir='ltr' id='par_1_13' title="bbox 500 1632 2080 1707">
     <span class='ocr_line' id='line_1_13' title="bbox 500 1632 2080 1707; baseline 0.001 -17"><span class='ocrx_word' id='word_1_94' title='bbox 500 1632 626 1707; x_wconf 58' lang='grc' dir='ltr'>νονς</span> <span class='ocrx_word' id='word_1_95' title='bbox 658 1635 805 1707; x_wconf 78' lang='grc' dir='ltr'>Οὐχὶ</span> <span class='ocrx_word' id='word_1_96' title='bbox 830 1635 945 1690; x_wconf 86' lang='grc' dir='ltr'>τὸν</span> <span class='ocrx_word' id='word_1_97' title='bbox 982 1634 1244 1705; x_wconf 84' lang='grc' dir='ltr'>οὐρανὸν</span> <span class='ocrx_word' id='word_1_98' title='bbox 1272 1634 1370 1689; x_wconf 75' lang='grc' dir='ltr'>καὶ</span> <span class='ocrx_word' id='word_1_99' title='bbox 1397 1634 1512 1704; x_wconf 82' lang='grc' dir='ltr'>τὴν</span> <span class='ocrx_word' id='word_1_100' title='bbox 1547 1633 1666 1707; x_wconf 74' lang='grc' dir='ltr'>γῆν</span> <span class='ocrx_word' id='word_1_101' title='bbox 1695 1634 1812 1705; x_wconf 74' lang='grc' dir='ltr'>ἐγὼ</span> <span class='ocrx_word' id='word_1_102' title='bbox 1835 1633 2080 1704; x_wconf 75' lang='grc' dir='ltr'>πληρῶ;</span> 
     </span>
    </p>
   </div>
   <div class='ocr_carea' id='block_1_14' title="bbox 500 1728 2081 1803">
    <p class='ocr_par' dir='ltr' id='par_1_14' title="bbox 500 1728 2081 1803">
     <span class='ocr_line' id='line_1_14' title="bbox 500 1728 2081 1803; baseline -0.003 -16"><span class='ocrx_word' id='word_1_103' title='bbox 500 1732 667 1802; x_wconf 69' lang='grc' dir='ltr'>λέγει</span> <span class='ocrx_word' id='word_1_104' title='bbox 696 1733 938 1801; x_wconf 85' lang='grc' dir='ltr'>Κύριος.</span> <span class='ocrx_word' id='word_1_105' title='bbox 978 1731 1187 1790; x_wconf 79' lang='grc' dir='ltr'>Ἐκεῖνο</span> <span class='ocrx_word' id='word_1_106' title='bbox 1212 1729 1322 1803; x_wconf 83' lang='grc' dir='ltr'>γάρ</span> <span class='ocrx_word' id='word_1_107' title='bbox 1357 1730 1601 1785; x_wconf 88' lang='grc' dir='ltr'>ἐναντίον</span> <span class='ocrx_word' id='word_1_108' title='bbox 1627 1728 1823 1803; x_wconf 83' lang='grc' dir='ltr'>τούτῳ,</span> <span class='ocrx_word' id='word_1_109' title='bbox 1858 1730 1908 1784; x_wconf 85' lang='grc' dir='ltr'>εί</span> <span class='ocrx_word' id='word_1_110' title='bbox 1940 1729 2081 1785; x_wconf 86' lang='grc' dir='ltr'>κατά</span> 
     </span>
    </p>
   </div>
   <div class='ocr_carea' id='block_1_15' title="bbox 498 1825 2078 1901">
    <p class='ocr_par' dir='ltr' id='par_1_15' title="bbox 498 1825 2078 1901">
     <span class='ocr_line' id='line_1_15' title="bbox 498 1825 2078 1901; baseline -0.002 -17"><span class='ocrx_word' id='word_1_111' title='bbox 498 1828 600 1900; x_wconf 83' lang='grc' dir='ltr'>τὴν</span> <span class='ocrx_word' id='word_1_112' title='bbox 633 1829 924 1901; x_wconf 84' lang='grc' dir='ltr'>πρόχειρον</span> <span class='ocrx_word' id='word_1_113' title='bbox 957 1827 1090 1882; x_wconf 78' lang='grc' dir='ltr'>αὐτὸ</span> <span class='ocrx_word' id='word_1_114' title='bbox 1120 1827 1402 1901; x_wconf 74' lang='grc' dir='ltr'>προφορὰν</span> <span class='ocrx_word' id='word_1_115' title='bbox 1445 1825 1815 1899; x_wconf 84' lang='grc' dir='ltr'>ἐκδεξώμεθα,</span> <span class='ocrx_word' id='word_1_116' title='bbox 1854 1827 1948 1882; x_wconf 76' lang='grc' dir='ltr'>καὶ</span> <span class='ocrx_word' id='word_1_117' title='bbox 2002 1826 2078 1900; x_wconf 78' lang='grc' dir='ltr'>μὴ</span> 
     </span>
    </p>
   </div>
   <div class='ocr_carea' id='block_1_16' title="bbox 499 1919 2081 2000">
    <p class='ocr_par' dir='ltr' id='par_1_16' title="bbox 499 1919 2081 2000">
     <span class='ocr_line' id='line_1_16' title="bbox 499 1919 2081 2000; baseline -0.003 -18"><span class='ocrx_word' id='word_1_118' title='bbox 499 1928 601 2000; x_wconf 83' lang='grc' dir='ltr'>τὴν</span> <span class='ocrx_word' id='word_1_119' title='bbox 624 1926 999 1999; x_wconf 78' lang='grc' dir='ltr'>ἀποκειμένην</span> <span class='ocrx_word' id='word_1_120' title='bbox 1027 1927 1212 1990; x_wconf 81' lang='grc' dir='ltr'>αὐτοῖς</span> <span class='ocrx_word' id='word_1_121' title='bbox 1236 1926 1606 1997; x_wconf 82' lang='grc' dir='ltr'>σκοπήσωμεν</span> <span class='ocrx_word' id='word_1_122' title='bbox 1631 1923 1883 1998; x_wconf 87' lang='grc' dir='ltr'>θεωρίαν.</span> <span class='ocrx_word' id='word_1_123' title='bbox 1899 1923 1966 1978; x_wconf 89' lang='grc' dir='ltr'>Τί</span> <span class='ocrx_word' id='word_1_124' title='bbox 1985 1919 2081 1979; x_wconf 82' lang='grc' dir='ltr'>οὖν</span> 
     </span>
    </p>
   </div>
   <div class='ocr_carea' id='block_1_17' title="bbox 501 2020 2078 2093">
    <p class='ocr_par' dir='ltr' id='par_1_17' title="bbox 501 2020 2078 2093">
     <span class='ocr_line' id='line_1_17' title="bbox 501 2020 2078 2093; baseline -0.001 -16"><span class='ocrx_word' id='word_1_125' title='bbox 501 2025 650 2083; x_wconf 75' lang='grc' dir='ltr'>ἐστιν</span> <span class='ocrx_word' id='word_1_126' title='bbox 675 2022 704 2076; x_wconf 84' lang='grc' dir='ltr'><strong>ὃ</strong></span> <span class='ocrx_word' id='word_1_127' title='bbox 732 2040 896 2093; x_wconf 82' lang='grc' dir='ltr'>φησιν</span> <span class='ocrx_word' id='word_1_128' title='bbox 916 2040 932 2055; x_wconf 78' lang='grc' dir='ltr'><strong>ο</strong></span> <span class='ocrx_word' id='word_1_129' title='bbox 968 2022 1032 2075; x_wconf 85' lang='lat'>&#39;0</span> <span class='ocrx_word' id='word_1_130' title='bbox 1061 2023 1319 2091; x_wconf 79' lang='grc' dir='ltr'>οὐρανὸς</span> <span class='ocrx_word' id='word_1_131' title='bbox 1336 2021 1442 2076; x_wconf 86' lang='grc' dir='ltr'>τοῦ</span> <span class='ocrx_word' id='word_1_132' title='bbox 1466 2021 1730 2090; x_wconf 82' lang='grc' dir='ltr'>οὐρανοῦ</span> <span class='ocrx_word' id='word_1_133' title='bbox 1759 2020 1843 2087; x_wconf 81' lang='grc' dir='ltr'>τῷ</span> <span class='ocrx_word' id='word_1_134' title='bbox 1864 2021 2078 2090; x_wconf 82' lang='grc' dir='ltr'>Κυρίῳ,</span> 
     </span>
    </p>
   </div>
   <div class='ocr_carea' id='block_1_18' title="bbox 501 2115 2083 2195">
    <p class='ocr_par' dir='ltr' id='par_1_18' title="bbox 501 2115 2083 2195">
     <span class='ocr_line' id='line_1_18' title="bbox 501 2115 2083 2195; baseline -0.001 -24"><span class='ocrx_word' id='word_1_135' title='bbox 501 2117 617 2186; x_wconf 79' lang='grc' dir='ltr'>τὴν</span> <span class='ocrx_word' id='word_1_136' title='bbox 638 2116 708 2170; x_wconf 74' lang='grc' dir='ltr'>δὲ</span> <span class='ocrx_word' id='word_1_137' title='bbox 727 2118 842 2195; x_wconf 66' lang='grc' dir='ltr'>γῆν</span> <span class='ocrx_word' id='word_1_138' title='bbox 859 2117 1045 2172; x_wconf 74' lang='grc' dir='ltr'>ἔδωκε</span> <span class='ocrx_word' id='word_1_139' title='bbox 1061 2116 1186 2183; x_wconf 81' lang='grc' dir='ltr'>τοῖς</span> <span class='ocrx_word' id='word_1_140' title='bbox 1206 2116 1360 2184; x_wconf 80' lang='grc' dir='ltr'>υἱοῖς</span> <span class='ocrx_word' id='word_1_141' title='bbox 1384 2115 1503 2171; x_wconf 81' lang='grc' dir='ltr'>τῶν</span> <span class='ocrx_word' id='word_1_142' title='bbox 1520 2116 1864 2186; x_wconf 79' lang='grc' dir='ltr'>ἀνθρώπων;</span> <span class='ocrx_word' id='word_1_143' title='bbox 1878 2118 2083 2186; x_wconf 87' lang='grc' dir='ltr'>Συγκα-</span> 
     </span>
    </p>
   </div>
   <div class='ocr_carea' id='block_1_19' title="bbox 503 2213 2084 2291">
    <p class='ocr_par' dir='ltr' id='par_1_19' title="bbox 503 2213 2084 2291">
     <span class='ocr_line' id='line_1_19' title="bbox 503 2213 2084 2291; baseline -0.005 -17"><span class='ocrx_word' id='word_1_144' title='bbox 503 2213 785 2291; x_wconf 81' lang='grc' dir='ltr'>ταϐατικῷ</span> <span class='ocrx_word' id='word_1_145' title='bbox 820 2213 1087 2290; x_wconf 81' lang='grc' dir='ltr'>κέχρηται</span> <span class='ocrx_word' id='word_1_146' title='bbox 1130 2213 1295 2286; x_wconf 86' lang='grc' dir='ltr'>λόγῳ,</span> <span class='ocrx_word' id='word_1_147' title='bbox 1329 2214 1432 2269; x_wconf 83' lang='grc' dir='ltr'>οὐκ</span> <span class='ocrx_word' id='word_1_148' title='bbox 1457 2213 1766 2269; x_wconf 82' lang='grc' dir='ltr'>ἀποκλείων</span> <span class='ocrx_word' id='word_1_149' title='bbox 1800 2215 1858 2269; x_wconf 87' lang='grc' dir='ltr'>ἐν</span> <span class='ocrx_word' id='word_1_150' title='bbox 1888 2213 1966 2285; x_wconf 82' lang='grc' dir='ltr'>τῷ</span> <span class='ocrx_word' id='word_1_151' title='bbox 1999 2213 2084 2267; x_wconf 88' lang='grc' dir='ltr'>ού-</span> 
     </span>
    </p>
   </div>
   <div class='ocr_carea' id='block_1_20' title="bbox 493 2310 2080 2388">
    <p class='ocr_par' dir='ltr' id='par_1_20' title="bbox 493 2310 2080 2388">
     <span class='ocr_line' id='line_1_20' title="bbox 493 2310 2080 2388; baseline -0.001 -21"><span class='ocrx_word' id='word_1_152' title='bbox 493 2312 655 2388; x_wconf 80' lang='grc' dir='ltr'>’ρανῷ</span> <span class='ocrx_word' id='word_1_153' title='bbox 674 2313 765 2367; x_wconf 76' lang='grc' dir='ltr'>τὸν</span> <span class='ocrx_word' id='word_1_154' title='bbox 783 2310 936 2367; x_wconf 84' lang='grc' dir='ltr'>Θεόν.</span> <span class='ocrx_word' id='word_1_155' title='bbox 961 2312 1098 2366; x_wconf 85' lang='grc' dir='ltr'>Οὐδέ</span> <span class='ocrx_word' id='word_1_156' title='bbox 1118 2311 1228 2384; x_wconf 80' lang='grc' dir='ltr'>γὰρ</span> <span class='ocrx_word' id='word_1_157' title='bbox 1246 2311 1328 2375; x_wconf 82' lang='grc' dir='ltr'>τὸ,</span> <span class='ocrx_word' id='word_1_158' title='bbox 1351 2313 1619 2383; x_wconf 79' lang='grc' dir='ltr'>Οὐρανὸς</span> <span class='ocrx_word' id='word_1_159' title='bbox 1641 2313 1854 2380; x_wconf 79' lang='grc' dir='ltr'>θρόνος</span> <span class='ocrx_word' id='word_1_160' title='bbox 1870 2311 2080 2377; x_wconf 81' lang='grc' dir='ltr'>αὐτοῦ,</span> 
     </span>
    </p>
   </div>
   <div class='ocr_carea' id='block_1_21' title="bbox 504 2405 2084 2481">
    <p class='ocr_par' dir='ltr' id='par_1_21' title="bbox 504 2405 2084 2481">
     <span class='ocr_line' id='line_1_21' title="bbox 504 2405 2084 2481; baseline -0.003 -16"><span class='ocrx_word' id='word_1_161' title='bbox 504 2409 608 2466; x_wconf 76' lang='grc' dir='ltr'>καὶ</span> <span class='ocrx_word' id='word_1_162' title='bbox 649 2411 688 2477; x_wconf 73' lang='grc' dir='ltr'><strong>ἡ</strong></span> <span class='ocrx_word' id='word_1_163' title='bbox 717 2406 793 2477; x_wconf 78' lang='grc' dir='ltr'><em>τῆ</em></span> <span class='ocrx_word' id='word_1_164' title='bbox 821 2407 1158 2463; x_wconf 81' lang='grc' dir='ltr'>ὑποπόδιον</span> <span class='ocrx_word' id='word_1_165' title='bbox 1176 2423 1192 2439; x_wconf 76' lang='grc' dir='ltr'><strong><em>ο</em></strong></span> <span class='ocrx_word' id='word_1_166' title='bbox 1219 2408 1410 2481; x_wconf 80' lang='grc' dir='ltr'>ὥσπερ</span> <span class='ocrx_word' id='word_1_167' title='bbox 1437 2407 1560 2461; x_wconf 78' lang='grc' dir='ltr'>οὐδέ</span> <span class='ocrx_word' id='word_1_168' title='bbox 1583 2408 1665 2474; x_wconf 82' lang='grc' dir='ltr'>τὸ,</span> <span class='ocrx_word' id='word_1_169' title='bbox 1690 2407 1963 2476; x_wconf 82' lang='grc' dir='ltr'>Οὐρανὸν</span> <span class='ocrx_word' id='word_1_170' title='bbox 1985 2405 2084 2460; x_wconf 72' lang='grc' dir='ltr'>καί</span> 
     </span>
    </p>
   </div>
   <div class='ocr_carea' id='block_1_22' title="bbox 502 2502 2086 2583">
    <p class='ocr_par' dir='ltr' id='par_1_22' title="bbox 502 2502 2086 2583">
     <span class='ocr_line' id='line_1_22' title="bbox 502 2502 2086 2583; baseline -0.004 -19"><span class='ocrx_word' id='word_1_171' title='bbox 502 2506 621 2576; x_wconf 78' lang='grc' dir='ltr'>τὴν</span> <span class='ocrx_word' id='word_1_172' title='bbox 916 2502 1150 2573; x_wconf 64' lang='grc' dir='ltr'>πληρῶ,</span> <span class='ocrx_word' id='word_1_173' title='bbox 1181 2502 1349 2573; x_wconf 85' lang='grc' dir='ltr'>ἀξίως</span> <span class='ocrx_word' id='word_1_174' title='bbox 1374 2503 1541 2558; x_wconf 82' lang='grc' dir='ltr'>αὐτοῦ</span> <span class='ocrx_word' id='word_1_175' title='bbox 1564 2505 1777 2577; x_wconf 83' lang='grc' dir='ltr'>είρηται</span> <span class='ocrx_word' id='word_1_176' title='bbox 1796 2521 1810 2537; x_wconf 88' lang='grc'><strong>·</strong></span> <span class='ocrx_word' id='word_1_177' title='bbox 1836 2503 1974 2558; x_wconf 89' lang='grc' dir='ltr'>ἀλλά</span> <span class='ocrx_word' id='word_1_178' title='bbox 1992 2505 2086 2558; x_wconf 79' lang='grc' dir='ltr'>καὶ</span> 
     </span>
    </p>
   </div>
   <div class='ocr_carea' id='block_1_23' title="bbox 507 2598 2084 2675">
    <p class='ocr_par' dir='ltr' id='par_1_23' title="bbox 507 2598 2084 2675">
     <span class='ocr_line' id='line_1_23' title="bbox 507 2598 2084 2675; baseline -0.002 -18"><span class='ocrx_word' id='word_1_179' title='bbox 507 2603 640 2657; x_wconf 82' lang='grc' dir='ltr'>αὐτὸ</span> <span class='ocrx_word' id='word_1_180' title='bbox 656 2598 1088 2671; x_wconf 71' lang='grc' dir='ltr'>ωγκατάϐασις.</span> <span class='ocrx_word' id='word_1_181' title='bbox 1107 2599 1294 2654; x_wconf 80' lang='grc' dir='ltr'>Πάντα</span> <span class='ocrx_word' id='word_1_182' title='bbox 1311 2601 1419 2675; x_wconf 83' lang='grc' dir='ltr'>γὰρ</span> <span class='ocrx_word' id='word_1_183' title='bbox 1436 2600 1599 2665; x_wconf 75' lang='grc' dir='ltr'>αὐτὸς</span> <span class='ocrx_word' id='word_1_184' title='bbox 1615 2600 1886 2673; x_wconf 79' lang='grc' dir='ltr'>περιέχει,</span> <span class='ocrx_word' id='word_1_185' title='bbox 1907 2600 2084 2655; x_wconf 86' lang='grc' dir='ltr'>πάντα</span> 
     </span>
    </p>
   </div>
   <div class='ocr_carea' id='block_1_24' title="bbox 507 2695 2086 2775">
    <p class='ocr_par' dir='ltr' id='par_1_24' title="bbox 507 2695 2086 2775">
     <span class='ocr_line' id='line_1_24' title="bbox 507 2695 2086 2775; baseline -0.004 -20"><span class='ocrx_word' id='word_1_186' title='bbox 507 2700 689 2775; x_wconf 78' lang='grc' dir='ltr'>φέρει,</span> <span class='ocrx_word' id='word_1_187' title='bbox 721 2699 783 2753; x_wconf 85' lang='grc' dir='ltr'>οὐ</span> <span class='ocrx_word' id='word_1_188' title='bbox 816 2696 1072 2768; x_wconf 87' lang='grc' dir='ltr'>δεόμενος</span> <span class='ocrx_word' id='word_1_189' title='bbox 1118 2695 1306 2762; x_wconf 84' lang='grc' dir='ltr'>τόπου,</span> <span class='ocrx_word' id='word_1_190' title='bbox 1348 2695 1464 2750; x_wconf 83' lang='grc' dir='ltr'>ἀλλ’</span> <span class='ocrx_word' id='word_1_191' title='bbox 1512 2696 1677 2761; x_wconf 83' lang='grc' dir='ltr'>αὐτὸς</span> <span class='ocrx_word' id='word_1_192' title='bbox 1709 2696 1923 2751; x_wconf 70' lang='grc' dir='ltr'>ἅπαντα</span> <span class='ocrx_word' id='word_1_193' title='bbox 1957 2712 2086 2765; x_wconf 87' lang='grc' dir='ltr'>συγ-</span> 
     </span>
    </p>
   </div>
   <div class='ocr_carea' id='block_1_25' title="bbox 505 2788 2088 2871">
    <p class='ocr_par' dir='ltr' id='par_1_25' title="bbox 505 2788 2088 2871">
     <span class='ocr_line' id='line_1_25' title="bbox 505 2788 2088 2871; baseline -0.006 -17"><span class='ocrx_word' id='word_1_194' title='bbox 505 2796 725 2871; x_wconf 84' lang='grc' dir='ltr'>κρατῶν</span> <span class='ocrx_word' id='word_1_195' title='bbox 746 2813 760 2827; x_wconf 69' lang='grc'><strong>⁸</strong></span> <span class='ocrx_word' id='word_1_196' title='bbox 796 2793 935 2850; x_wconf 87' lang='grc' dir='ltr'>ἀλλά</span> <span class='ocrx_word' id='word_1_197' title='bbox 958 2793 1226 2864; x_wconf 87' lang='grc' dir='ltr'>λέγεταιό</span> <span class='ocrx_word' id='word_1_198' title='bbox 1257 2793 1487 2866; x_wconf 82' lang='grc' dir='ltr'>οὐρανὸς</span> <span class='ocrx_word' id='word_1_199' title='bbox 1519 2791 1685 2847; x_wconf 81' lang='grc' dir='ltr'>αὐτοῦ</span> <span class='ocrx_word' id='word_1_200' title='bbox 1719 2788 1889 2857; x_wconf 80' lang='grc' dir='ltr'>οἶκος,</span> <span class='ocrx_word' id='word_1_201' title='bbox 1917 2792 2006 2846; x_wconf 72' lang='grc' dir='ltr'>διὰ</span> <span class='ocrx_word' id='word_1_202' title='bbox 2026 2792 2088 2846; x_wconf 83' lang='grc' dir='ltr'>τὸ</span> 
     </span>
    </p>
   </div>
   <div class='ocr_carea' id='block_1_26' title="bbox 505 2886 2086 2964">
    <p class='ocr_par' dir='ltr' id='par_1_26' title="bbox 505 2886 2086 2964">
     <span class='ocr_line' id='line_1_26' title="bbox 505 2886 2086 2964; baseline -0.005 -13"><span class='ocrx_word' id='word_1_203' title='bbox 505 2894 748 2964; x_wconf 76' lang='grc' dir='ltr'>καθαρὸν</span> <span class='ocrx_word' id='word_1_204' title='bbox 786 2890 928 2946; x_wconf 86' lang='grc' dir='ltr'>εἶναι</span> <span class='ocrx_word' id='word_1_205' title='bbox 959 2891 1158 2963; x_wconf 84' lang='grc' dir='ltr'>χωρίον</span> <span class='ocrx_word' id='word_1_206' title='bbox 1191 2891 1477 2964; x_wconf 83' lang='grc' dir='ltr'>πονηρίας.</span> <span class='ocrx_word' id='word_1_207' title='bbox 1500 2892 1711 2963; x_wconf 83' lang='grc' dir='ltr'>Ὠσπερ</span> <span class='ocrx_word' id='word_1_208' title='bbox 1737 2886 1830 2946; x_wconf 80' lang='grc' dir='ltr'>οῦν</span> <span class='ocrx_word' id='word_1_209' title='bbox 1852 2888 2086 2946; x_wconf 82' lang='grc' dir='ltr'>ἐνταῦθα</span> 
     </span>
    </p>
   </div>
   <div class='ocr_carea' id='block_1_27' title="bbox 506 2987 2089 3061">
    <p class='ocr_par' dir='ltr' id='par_1_27' title="bbox 506 2987 2089 3061">
     <span class='ocr_line' id='line_1_27' title="bbox 506 2987 2089 3061; baseline -0.003 -13"><span class='ocrx_word' id='word_1_210' title='bbox 506 2994 608 3047; x_wconf 84' lang='grc' dir='ltr'>οὐκ</span> <span class='ocrx_word' id='word_1_211' title='bbox 633 2989 831 3061; x_wconf 77' lang='grc' dir='ltr'>ἐκλογὴ</span> <span class='ocrx_word' id='word_1_212' title='bbox 851 2990 881 3042; x_wconf 85' lang='grc' dir='ltr'>δ</span> <span class='ocrx_word' id='word_1_213' title='bbox 898 2987 1129 3061; x_wconf 83' lang='grc' dir='ltr'>οὐρανός</span> <span class='ocrx_word' id='word_1_214' title='bbox 1145 3004 1159 3020; x_wconf 88' lang='grc'>·</span> <span class='ocrx_word' id='word_1_215' title='bbox 1182 2987 1356 3054; x_wconf 82' lang='grc' dir='ltr'>οὓτως</span> <span class='ocrx_word' id='word_1_216' title='bbox 1381 2988 1504 3043; x_wconf 82' lang='grc' dir='ltr'>οὐδὲ</span> <span class='ocrx_word' id='word_1_217' title='bbox 1531 2989 1659 3043; x_wconf 81' lang='grc' dir='ltr'>ὅταν</span> <span class='ocrx_word' id='word_1_218' title='bbox 1683 2988 1836 3061; x_wconf 80' lang='grc' dir='ltr'>λέγῃ,</span> <span class='ocrx_word' id='word_1_219' title='bbox 1868 2989 2089 3057; x_wconf 82' lang='grc' dir='ltr'>Ἔστη-</span> 
     </span>
    </p>
   </div>
   <div class='ocr_carea' id='block_1_28' title="bbox 507 3084 2088 3159">
    <p class='ocr_par' dir='ltr' id='par_1_28' title="bbox 507 3084 2088 3159">
     <span class='ocr_line' id='line_1_28' title="bbox 507 3084 2088 3159; baseline -0.004 -15"><span class='ocrx_word' id='word_1_220' title='bbox 507 3105 623 3159; x_wconf 74' lang='grc' dir='ltr'>ονεν</span> <span class='ocrx_word' id='word_1_221' title='bbox 642 3087 774 3157; x_wconf 86' lang='grc' dir='ltr'>ὅρια</span> <span class='ocrx_word' id='word_1_222' title='bbox 793 3084 988 3142; x_wconf 78' lang='grc' dir='ltr'>ἐθνῶν</span> <span class='ocrx_word' id='word_1_223' title='bbox 1012 3086 1162 3140; x_wconf 80' lang='grc' dir='ltr'>κατὰ</span> <span class='ocrx_word' id='word_1_224' title='bbox 1179 3086 1430 3157; x_wconf 83' lang='grc' dir='ltr'>ἀριθμὸν</span> <span class='ocrx_word' id='word_1_225' title='bbox 1454 3086 1728 3157; x_wconf 78' lang='grc' dir='ltr'>ἀγγέλων</span> <span class='ocrx_word' id='word_1_226' title='bbox 1754 3084 1978 3157; x_wconf 81' lang='grc' dir='ltr'>Θεοῦ,ἣ</span> <span class='ocrx_word' id='word_1_227' title='bbox 2005 3085 2088 3139; x_wconf 77' lang='grc' dir='ltr'>ὅτι</span> 
     </span>
    </p>
   </div>
   <div class='ocr_carea' id='block_1_29' title="bbox 517 3179 2091 3254">
    <p class='ocr_par' dir='ltr' id='par_1_29' title="bbox 517 3179 2091 3254">
     <span class='ocr_line' id='line_1_29' title="bbox 517 3179 2091 3254; baseline -0.005 -11"><span class='ocrx_word' id='word_1_228' title='bbox 517 3184 876 3253; x_wconf 73' lang='grc' dir='ltr'>Ἑξελέξατο</span> <span class='ocrx_word' id='word_1_229' title='bbox 906 3183 1016 3239; x_wconf 83' lang='grc' dir='ltr'>τὸν</span> <span class='ocrx_word' id='word_1_230' title='bbox 1053 3179 1226 3239; x_wconf 79' lang='grc' dir='ltr'>οἶκον</span> <span class='ocrx_word' id='word_1_231' title='bbox 1265 3183 1490 3239; x_wconf 76' lang='grc' dir='ltr'>Ἰακώϐ.</span> <span class='ocrx_word' id='word_1_232' title='bbox 1536 3183 1673 3238; x_wconf 85' lang='grc' dir='ltr'>Οὐδέ</span> <span class='ocrx_word' id='word_1_233' title='bbox 1713 3182 1823 3254; x_wconf 86' lang='grc' dir='ltr'>γὰρ</span> <span class='ocrx_word' id='word_1_234' title='bbox 1855 3180 2091 3236; x_wconf 88' lang='grc' dir='ltr'>ἐνταῦθά</span> 
     </span>
    </p>
   </div>
   <div class='ocr_carea' id='block_1_30' title="bbox 509 3279 2092 3357">
    <p class='ocr_par' dir='ltr' id='par_1_30' title="bbox 509 3279 2092 3357">
     <span class='ocr_line' id='line_1_30' title="bbox 509 3279 2092 3357; baseline -0.006 -16"><span class='ocrx_word' id='word_1_235' title='bbox 509 3286 644 3357; x_wconf 84' lang='grc' dir='ltr'>φησι</span> <span class='ocrx_word' id='word_1_236' title='bbox 670 3281 851 3348; x_wconf 87' lang='grc' dir='ltr'>τοῦτο,</span> <span class='ocrx_word' id='word_1_237' title='bbox 882 3281 965 3335; x_wconf 81' lang='grc' dir='ltr'>ὅτι</span> <span class='ocrx_word' id='word_1_238' title='bbox 986 3279 1158 3353; x_wconf 79' lang='grc' dir='ltr'>οἱμὲν</span> <span class='ocrx_word' id='word_1_239' title='bbox 1186 3279 1429 3335; x_wconf 79' lang='grc' dir='ltr'>Ἰουδαῖοι</span> <span class='ocrx_word' id='word_1_240' title='bbox 1460 3279 1647 3346; x_wconf 84' lang='grc' dir='ltr'>αὐτοῦ,</span> <span class='ocrx_word' id='word_1_241' title='bbox 1667 3280 1718 3333; x_wconf 86' lang='grc' dir='ltr'>οἱ</span> <span class='ocrx_word' id='word_1_242' title='bbox 1744 3279 1801 3333; x_wconf 84' lang='grc' dir='ltr'>δὲ</span> <span class='ocrx_word' id='word_1_243' title='bbox 1823 3279 1973 3334; x_wconf 75' lang='grc' dir='ltr'>ἄλλοι</span> <span class='ocrx_word' id='word_1_244' title='bbox 1997 3279 2092 3335; x_wconf 78' lang='grc' dir='ltr'>ἀν-</span> 
     </span>
    </p>
   </div>
   <div class='ocr_carea' id='block_1_31' title="bbox 510 3373 2091 3454">
    <p class='ocr_par' dir='ltr' id='par_1_31' title="bbox 510 3373 2091 3454">
     <span class='ocr_line' id='line_1_31' title="bbox 510 3373 2091 3454; baseline -0.008 -15"><span class='ocrx_word' id='word_1_245' title='bbox 510 3385 539 3439; x_wconf 80' lang='grc' dir='ltr'>θ</span> <span class='ocrx_word' id='word_1_246' title='bbox 549 3398 720 3454; x_wconf 86' lang='grc' dir='ltr'>ρωποι</span> <span class='ocrx_word' id='word_1_247' title='bbox 732 3380 831 3432; x_wconf 85' lang='grc' dir='ltr'>οὐκ</span> <span class='ocrx_word' id='word_1_248' title='bbox 842 3377 941 3432; x_wconf 75' lang='grc' dir='ltr'>ἔτι·</span> <span class='ocrx_word' id='word_1_249' title='bbox 961 3377 1076 3433; x_wconf 82' lang='grc' dir='ltr'>ἀλλ’</span> <span class='ocrx_word' id='word_1_250' title='bbox 1092 3378 1287 3449; x_wconf 79' lang='grc' dir='ltr'>ἔρημοι</span> <span class='ocrx_word' id='word_1_251' title='bbox 1298 3377 1398 3447; x_wconf 81' lang='grc' dir='ltr'>τῆς</span> <span class='ocrx_word' id='word_1_252' title='bbox 1410 3376 1665 3448; x_wconf 88' lang='grc' dir='ltr'>προνοίας</span> <span class='ocrx_word' id='word_1_253' title='bbox 1678 3373 1840 3429; x_wconf 82' lang='grc' dir='ltr'>αὐτοῦ</span> <span class='ocrx_word' id='word_1_254' title='bbox 1855 3376 1980 3439; x_wconf 82' lang='grc' dir='ltr'>εἰσι,</span> <span class='ocrx_word' id='word_1_255' title='bbox 1995 3374 2091 3428; x_wconf 77' lang='grc' dir='ltr'>καὶ</span> 
     </span>
    </p>
   </div>
   <div class='ocr_carea' id='block_1_32' title="bbox 512 3470 2092 3549">
    <p class='ocr_par' dir='ltr' id='par_1_32' title="bbox 512 3470 2092 3549">
     <span class='ocr_line' id='line_1_32' title="bbox 512 3470 2092 3549; baseline -0.006 -16"><span class='ocrx_word' id='word_1_256' title='bbox 512 3480 613 3549; x_wconf 84' lang='grc' dir='ltr'>τῆς</span> <span class='ocrx_word' id='word_1_257' title='bbox 645 3474 1009 3549; x_wconf 76' lang='grc' dir='ltr'>δημιουργίας</span> <span class='ocrx_word' id='word_1_258' title='bbox 1039 3472 1465 3546; x_wconf 74' lang='grc' dir='ltr'>ἀπεστέρηνται.</span> <span class='ocrx_word' id='word_1_259' title='bbox 1491 3472 1686 3536; x_wconf 83' lang='grc' dir='ltr'>Κοινὸς</span> <span class='ocrx_word' id='word_1_260' title='bbox 1705 3471 1815 3544; x_wconf 77' lang='grc' dir='ltr'>γὰρ</span> <span class='ocrx_word' id='word_1_261' title='bbox 1838 3470 2092 3526; x_wconf 83' lang='grc' dir='ltr'>ἁπάντων</span> 
     </span>
    </p>
   </div>
   <div class='ocr_carea' id='block_1_33' title="bbox 513 3567 2095 3645">
    <p class='ocr_par' dir='ltr' id='par_1_33' title="bbox 513 3567 2095 3645">
     <span class='ocr_line' id='line_1_33' title="bbox 513 3567 2095 3645; baseline -0.006 -14"><span class='ocrx_word' id='word_1_262' title='bbox 513 3576 643 3642; x_wconf 83' lang='grc' dir='ltr'>Θεός</span> <span class='ocrx_word' id='word_1_263' title='bbox 663 3577 802 3640; x_wconf 77' lang='grc' dir='ltr'>ἐστι’</span> <span class='ocrx_word' id='word_1_264' title='bbox 821 3572 1088 3645; x_wconf 87' lang='grc' dir='ltr'>κέχρηται</span> <span class='ocrx_word' id='word_1_265' title='bbox 1108 3570 1165 3625; x_wconf 89' lang='grc' dir='ltr'>δέ</span> <span class='ocrx_word' id='word_1_266' title='bbox 1181 3570 1258 3642; x_wconf 87' lang='grc' dir='ltr'>τῷ</span> <span class='ocrx_word' id='word_1_267' title='bbox 1276 3570 1421 3642; x_wconf 86' lang='grc' dir='ltr'>λόγῳ</span> <span class='ocrx_word' id='word_1_268' title='bbox 1441 3568 1636 3640; x_wconf 81' lang='grc' dir='ltr'>τούτῳ,</span> <span class='ocrx_word' id='word_1_269' title='bbox 1656 3568 1868 3632; x_wconf 81' lang='grc' dir='ltr'>δεικνὺς</span> <span class='ocrx_word' id='word_1_270' title='bbox 1890 3567 1979 3622; x_wconf 80' lang='grc' dir='ltr'>τὸν</span> <span class='ocrx_word' id='word_1_271' title='bbox 1998 3567 2095 3621; x_wconf 84' lang='grc' dir='ltr'>πό-</span> 
     </span>
    </p>
   </div>
   <div class='ocr_carea' id='block_1_34' title="bbox 514 3663 2094 3741">
    <p class='ocr_par' dir='ltr' id='par_1_34' title="bbox 514 3663 2094 3741">
     <span class='ocr_line' id='line_1_34' title="bbox 514 3663 2094 3741; baseline -0.008 -12"><span class='ocrx_word' id='word_1_272' title='bbox 514 3678 607 3729; x_wconf 92' lang='grc' dir='ltr'>θον</span> <span class='ocrx_word' id='word_1_273' title='bbox 630 3673 722 3728; x_wconf 84' lang='grc' dir='ltr'>τὸν</span> <span class='ocrx_word' id='word_1_274' title='bbox 753 3671 884 3741; x_wconf 75' lang='grc' dir='ltr'>περὶ</span> <span class='ocrx_word' id='word_1_275' title='bbox 904 3669 1125 3732; x_wconf 81' lang='grc' dir='ltr'>αὐτοὺς,</span> <span class='ocrx_word' id='word_1_276' title='bbox 1153 3665 1344 3736; x_wconf 83' lang='grc' dir='ltr'>ἐπειδὴ</span> <span class='ocrx_word' id='word_1_277' title='bbox 1367 3665 1616 3721; x_wconf 81' lang='grc' dir='ltr'>ὁπωσοῦν</span> <span class='ocrx_word' id='word_1_278' title='bbox 1634 3664 1743 3718; x_wconf 82' lang='grc' dir='ltr'>τῶν</span> <span class='ocrx_word' id='word_1_279' title='bbox 1767 3664 1944 3719; x_wconf 84' lang='grc' dir='ltr'>ἀλλων</span> <span class='ocrx_word' id='word_1_280' title='bbox 1980 3663 2094 3718; x_wconf 83' lang='grc' dir='ltr'>ἐδό-</span> 
     </span>
    </p>
   </div>
   <div class='ocr_carea' id='block_1_35' title="bbox 514 3761 2097 3838">
    <p class='ocr_par' dir='ltr' id='par_1_35' title="bbox 514 3761 2097 3838">
     <span class='ocr_line' id='line_1_35' title="bbox 514 3761 2097 3838; baseline -0.006 -14"><span class='ocrx_word' id='word_1_281' title='bbox 514 3789 648 3825; x_wconf 88' lang='grc' dir='ltr'>κουν</span> <span class='ocrx_word' id='word_1_282' title='bbox 683 3765 823 3824; x_wconf 75' lang='grc' dir='ltr'>εἶναι</span> <span class='ocrx_word' id='word_1_283' title='bbox 851 3765 1133 3838; x_wconf 87' lang='grc' dir='ltr'>ἀμείνους.</span> <span class='ocrx_word' id='word_1_284' title='bbox 1159 3765 1281 3818; x_wconf 88' lang='grc' dir='ltr'>Ὅτι</span> <span class='ocrx_word' id='word_1_285' title='bbox 1310 3763 1423 3834; x_wconf 83' lang='grc' dir='ltr'>γὰρ</span> <span class='ocrx_word' id='word_1_286' title='bbox 1451 3763 1553 3816; x_wconf 86' lang='grc' dir='ltr'>οὐκ</span> <span class='ocrx_word' id='word_1_287' title='bbox 1596 3763 1793 3826; x_wconf 80' lang='grc' dir='ltr'>αὐτοὺς</span> <span class='ocrx_word' id='word_1_288' title='bbox 1815 3761 2097 3829; x_wconf 77' lang='grc' dir='ltr'>ἐξελέξατο</span> 
     </span>
    </p>
   </div>
   <div class='ocr_carea' id='block_1_36' title="bbox 516 3855 2099 3943">
    <p class='ocr_par' dir='ltr' id='par_1_36' title="bbox 516 3855 2099 3943">
     <span class='ocr_line' id='line_1_36' title="bbox 516 3855 2099 3943; baseline -0.006 -22"><span class='ocrx_word' id='word_1_289' title='bbox 516 3868 745 3943; x_wconf 82' lang='grc' dir='ltr'>μόνους,</span> <span class='ocrx_word' id='word_1_290' title='bbox 768 3863 905 3919; x_wconf 85' lang='grc' dir='ltr'>ἀλλά</span> <span class='ocrx_word' id='word_1_291' title='bbox 920 3861 1138 3917; x_wconf 83' lang='grc' dir='ltr'>πάντων</span> <span class='ocrx_word' id='word_1_292' title='bbox 1157 3855 1225 3933; x_wconf 75' lang='grc' dir='ltr'>ἦν</span> <span class='ocrx_word' id='word_1_293' title='bbox 1241 3859 1517 3931; x_wconf 87' lang='grc' dir='ltr'>κηδεμὼν,</span> <span class='ocrx_word' id='word_1_294' title='bbox 1539 3857 1776 3912; x_wconf 80' lang='grc' dir='ltr'>δείκνυσι</span> <span class='ocrx_word' id='word_1_295' title='bbox 1800 3858 1898 3929; x_wconf 85' lang='grc' dir='ltr'>μὲν</span> <span class='ocrx_word' id='word_1_296' title='bbox 1918 3858 2011 3910; x_wconf 75' lang='grc' dir='ltr'>καὶ</span> <span class='ocrx_word' id='word_1_297' title='bbox 2028 3857 2099 3912; x_wconf 71' lang='grc' dir='ltr'>τὰ</span> 
     </span>
    </p>
   </div>
   <div class='ocr_carea' id='block_1_37' title="bbox 530 3952 2096 4035">
    <p class='ocr_par' dir='ltr' id='par_1_37' title="bbox 530 3952 2096 4035">
     <span class='ocr_line' id='line_1_37' title="bbox 530 3952 2096 4035; baseline -0.006 -18"><span class='ocrx_word' id='word_1_298' title='bbox 530 3961 640 4035; x_wconf 72' lang='grc' dir='ltr'>πρὸ</span> <span class='ocrx_word' id='word_1_299' title='bbox 668 3958 967 4023; x_wconf 81' lang='grc' dir='ltr'>Μωῦσέως,</span> <span class='ocrx_word' id='word_1_300' title='bbox 991 3958 1091 4011; x_wconf 84' lang='grc' dir='ltr'>οὐκ</span> <span class='ocrx_word' id='word_1_301' title='bbox 1114 3956 1331 4010; x_wconf 78' lang='grc' dir='ltr'>ἔλαττον</span> <span class='ocrx_word' id='word_1_302' title='bbox 1358 3954 1415 4008; x_wconf 84' lang='grc' dir='ltr'>δὲ</span> <span class='ocrx_word' id='word_1_303' title='bbox 1446 3953 1540 4008; x_wconf 72' lang='grc' dir='ltr'>καὶ</span> <span class='ocrx_word' id='word_1_304' title='bbox 1559 3952 1630 4007; x_wconf 84' lang='grc' dir='ltr'>τὰ</span> <span class='ocrx_word' id='word_1_305' title='bbox 1659 3954 1745 4007; x_wconf 88' lang='grc' dir='ltr'>ἐπ’</span> <span class='ocrx_word' id='word_1_306' title='bbox 1774 3952 1940 4007; x_wconf 85' lang='grc' dir='ltr'>αὐτοῦ</span> <span class='ocrx_word' id='word_1_307' title='bbox 1959 3970 1974 3985; x_wconf 90' lang='grc'><strong>·</strong></span> <span class='ocrx_word' id='word_1_308' title='bbox 2000 3953 2096 4008; x_wconf 61' lang='grc' dir='ltr'>καὶΙ</span> 
     </span>
    </p>
   </div>
   <div class='ocr_carea' id='block_1_38' title="bbox 506 4044 2097 4132">
    <p class='ocr_par' dir='ltr' id='par_1_38' title="bbox 506 4044 2097 4132">
     <span class='ocr_line' id='line_1_38' title="bbox 506 4044 2097 4132; baseline -0.008 -19"><span class='ocrx_word' id='word_1_309' title='bbox 506 4046 670 4132; x_wconf 85' lang='grc' dir='ltr'>μετά</span> <span class='ocrx_word' id='word_1_310' title='bbox 718 4054 907 4120; x_wconf 82' lang='grc' dir='ltr'>τοῦτον</span> <span class='ocrx_word' id='word_1_311' title='bbox 949 4053 1020 4108; x_wconf 83' lang='grc' dir='ltr'>τὰ</span> <span class='ocrx_word' id='word_1_312' title='bbox 1062 4051 1399 4113; x_wconf 84' lang='grc' dir='ltr'>καθέκαστον</span> <span class='ocrx_word' id='word_1_313' title='bbox 1443 4044 1722 4121; x_wconf 85' lang='grc' dir='ltr'>γινόμενα.</span> <span class='ocrx_word' id='word_1_314' title='bbox 1758 4049 1862 4104; x_wconf 86' lang='grc' dir='ltr'>Τόν</span> <span class='ocrx_word' id='word_1_315' title='bbox 1901 4066 1962 4103; x_wconf 90' lang='grc' dir='ltr'>τε</span> <span class='ocrx_word' id='word_1_316' title='bbox 1987 4048 2097 4117; x_wconf 83' lang='grc' dir='ltr'>γὰρ</span> 
     </span>
    </p>
   </div>
   <div class='ocr_carea' id='block_1_39' title="bbox 517 4151 2096 4243">
    <p class='ocr_par' dir='ltr' id='par_1_39' title="bbox 517 4151 2096 4243">
     <span class='ocr_line' id='line_1_39' title="bbox 517 4151 2096 4243; baseline -0.009 -24"><span class='ocrx_word' id='word_1_317' title='bbox 517 4165 689 4243; x_wconf 65' lang='grc' dir='ltr'>ἣλιον,</span> <span class='ocrx_word' id='word_1_318' title='bbox 710 4161 810 4233; x_wconf 81' lang='grc' dir='ltr'>τὴν</span> <span class='ocrx_word' id='word_1_319' title='bbox 846 4160 973 4232; x_wconf 83' lang='grc' dir='ltr'>γῆν,</span> <span class='ocrx_word' id='word_1_320' title='bbox 994 4158 1096 4231; x_wconf 79' lang='grc' dir='ltr'>τὴν</span> <span class='ocrx_word' id='word_1_321' title='bbox 1134 4151 1520 4219; x_wconf 87' lang='grc' dir='ltr'>θάλασσαν,τά</span> <span class='ocrx_word' id='word_1_322' title='bbox 1557 4151 1693 4220; x_wconf 78' lang='grc' dir='ltr'>ἀλλα</span> <span class='ocrx_word' id='word_1_323' title='bbox 1728 4152 1908 4206; x_wconf 89' lang='grc' dir='ltr'>πάντα</span> <span class='ocrx_word' id='word_1_324' title='bbox 1943 4153 2096 4224; x_wconf 81' lang='grc' dir='ltr'>κοινῇ</span> 
     </span>
    </p>
   </div>
   <div class='ocr_carea' id='block_1_40' title="bbox 519 4252 2098 4335">
    <p class='ocr_par' dir='ltr' id='par_1_40' title="bbox 519 4252 2098 4326">
     <span class='ocr_line' id='line_1_40' title="bbox 519 4252 2098 4326; baseline -0.008 -6"><span class='ocrx_word' id='word_1_325' title='bbox 519 4266 688 4326; x_wconf 73' lang='grc' dir='ltr'>πᾶσιν</span> <span class='ocrx_word' id='word_1_326' title='bbox 726 4260 920 4325; x_wconf 76' lang='grc' dir='ltr'>ἔδωκε,</span> <span class='ocrx_word' id='word_1_327' title='bbox 940 4256 1032 4311; x_wconf 88' lang='grc' dir='ltr'>τόν</span> <span class='ocrx_word' id='word_1_328' title='bbox 1071 4273 1133 4310; x_wconf 89' lang='grc' dir='ltr'>τε</span> <span class='ocrx_word' id='word_1_329' title='bbox 1171 4254 1399 4326; x_wconf 79' lang='grc' dir='ltr'>φυσικὸν</span> <span class='ocrx_word' id='word_1_330' title='bbox 1431 4253 1594 4324; x_wconf 88' lang='grc' dir='ltr'>νόμον</span> <span class='ocrx_word' id='word_1_331' title='bbox 1614 4255 1777 4307; x_wconf 81' lang='grc' dir='ltr'>πᾶσιν</span> <span class='ocrx_word' id='word_1_332' title='bbox 1798 4252 2098 4323; x_wconf 84' lang='grc' dir='ltr'>ἐνέσπειρε.</span> 
     </span>
    </p>
   </div>
   <div class='ocr_carea' id='block_1_41' title="bbox 521 4353 2099 4438">
    <p class='ocr_par' dir='ltr' id='par_1_41' title="bbox 521 4353 2099 4438">
     <span class='ocr_line' id='line_1_41' title="bbox 521 4353 2099 4438; baseline -0.007 -21"><span class='ocrx_word' id='word_1_333' title='bbox 521 4364 629 4425; x_wconf 85' lang='grc' dir='ltr'>Τόν</span> <span class='ocrx_word' id='word_1_334' title='bbox 647 4379 708 4416; x_wconf 82' lang='grc' dir='ltr'>τε</span> <span class='ocrx_word' id='word_1_335' title='bbox 741 4358 1013 4438; x_wconf 73' lang='grc' dir='ltr'>’Δϐραὰμ,</span> <span class='ocrx_word' id='word_1_336' title='bbox 1033 4358 1251 4431; x_wconf 77' lang='grc' dir='ltr'>Πέρσην</span> <span class='ocrx_word' id='word_1_337' title='bbox 1271 4356 1422 4422; x_wconf 74' lang='grc' dir='ltr'>ὂντα,</span> <span class='ocrx_word' id='word_1_338' title='bbox 1444 4356 1540 4419; x_wconf 74' lang='grc' dir='ltr'>καὶ</span> <span class='ocrx_word' id='word_1_339' title='bbox 1558 4354 1754 4425; x_wconf 81' lang='grc' dir='ltr'>ἐφίλει,</span> <span class='ocrx_word' id='word_1_340' title='bbox 1773 4354 1866 4420; x_wconf 77' lang='grc' dir='ltr'>καὶ</span> <span class='ocrx_word' id='word_1_341' title='bbox 1888 4353 2099 4425; x_wconf 87' lang='grc' dir='ltr'>μετετί-</span> 
     </span>
    </p>
   </div>
   <div class='ocr_carea' id='block_1_42' title="bbox 523 4452 2099 4537">
    <p class='ocr_par' dir='ltr' id='par_1_42' title="bbox 523 4452 2099 4537">
     <span class='ocr_line' id='line_1_42' title="bbox 523 4452 2099 4537; baseline -0.008 -17"><span class='ocrx_word' id='word_1_342' title='bbox 523 4466 608 4520; x_wconf 82' lang='grc' dir='ltr'>θει</span> <span class='ocrx_word' id='word_1_343' title='bbox 627 4482 643 4501; x_wconf 55' lang='lat'><strong>9</strong></span> <span class='ocrx_word' id='word_1_344' title='bbox 678 4461 806 4526; x_wconf 87' lang='grc' dir='ltr'>τούς</span> <span class='ocrx_word' id='word_1_345' title='bbox 825 4478 886 4514; x_wconf 84' lang='grc' dir='ltr'>τε</span> <span class='ocrx_word' id='word_1_346' title='bbox 904 4460 1014 4529; x_wconf 82' lang='grc' dir='ltr'>γὰρ</span> <span class='ocrx_word' id='word_1_347' title='bbox 1047 4457 1400 4537; x_wconf 76' lang='grc' dir='ltr'>Αἰγυπτίους,</span> <span class='ocrx_word' id='word_1_348' title='bbox 1420 4454 1547 4520; x_wconf 88' lang='grc' dir='ltr'>τούς</span> <span class='ocrx_word' id='word_1_349' title='bbox 1577 4471 1639 4510; x_wconf 86' lang='grc' dir='ltr'>τε</span> <span class='ocrx_word' id='word_1_350' title='bbox 1672 4456 1730 4521; x_wconf 73' lang='grc' dir='ltr'>ἐν</span> <span class='ocrx_word' id='word_1_351' title='bbox 1760 4457 1835 4535; x_wconf 72' lang='grc' dir='ltr'>τῇ⁸</span> <span class='ocrx_word' id='word_1_352' title='bbox 1860 4452 2099 4519; x_wconf 73' lang='grc' dir='ltr'>Χαναὰν,</span> 
     </span>
    </p>
   </div>
   <div class='ocr_carea' id='block_1_43' title="bbox 522 4553 2097 4633">
    <p class='ocr_par' dir='ltr' id='par_1_43' title="bbox 522 4553 2097 4633">
     <span class='ocr_line' id='line_1_43' title="bbox 522 4553 2097 4633; baseline -0.02 1"><span class='ocrx_word' id='word_1_353' title='bbox 522 4566 653 4633; x_wconf 72' lang='grc' dir='ltr'>τούς</span> <span class='ocrx_word' id='word_1_354' title='bbox 684 4581 747 4631; x_wconf 78' lang='grc' dir='ltr'>τε</span> <span class='ocrx_word' id='word_1_355' title='bbox 782 4562 892 4618; x_wconf 78' lang='grc' dir='ltr'>ἀπὸ</span> <span class='ocrx_word' id='word_1_356' title='bbox 930 4558 1190 4632; x_wconf 81' lang='grc' dir='ltr'>Περσίδος</span> <span class='ocrx_word' id='word_1_357' title='bbox 1229 4556 1484 4620; x_wconf 79' lang='grc' dir='ltr'>ἐλθόντας</span> <span class='ocrx_word' id='word_1_358' title='bbox 1520 4556 1587 4615; x_wconf 86' lang='grc' dir='ltr'>δι’</span> <span class='ocrx_word' id='word_1_359' title='bbox 1607 4553 1773 4610; x_wconf 82' lang='grc' dir='ltr'>αὑτοῦ</span> <span class='ocrx_word' id='word_1_360' title='bbox 1791 4553 2097 4626; x_wconf 54' lang='lat' dir='ltr'>amoma-</span> 
     </span>
    </p>
   </div>
   <div class='ocr_carea' id='block_1_44' title="bbox 524 4656 2103 4731">
    <p class='ocr_par' dir='ltr' id='par_1_44' title="bbox 524 4656 2103 4731">
     <span class='ocr_line' id='line_1_44' title="bbox 524 4656 2103 4731; baseline -0.009 -8"><span class='ocrx_word' id='word_1_361' title='bbox 524 4667 689 4731; x_wconf 82' lang='grc' dir='ltr'>πάλιν</span> <span class='ocrx_word' id='word_1_362' title='bbox 722 4665 814 4719; x_wconf 79' lang='grc' dir='ltr'>διά</span> <span class='ocrx_word' id='word_1_363' title='bbox 849 4680 908 4719; x_wconf 88' lang='grc' dir='ltr'>τε</span> <span class='ocrx_word' id='word_1_364' title='bbox 947 4660 1040 4718; x_wconf 87' lang='grc' dir='ltr'>τοῦ</span> <span class='ocrx_word' id='word_1_365' title='bbox 1085 4658 1275 4726; x_wconf 77' lang='grc' dir='ltr'>παιδὸς</span> <span class='ocrx_word' id='word_1_366' title='bbox 1310 4657 1407 4712; x_wconf 91' lang='grc' dir='ltr'>τοῦ</span> <span class='ocrx_word' id='word_1_367' title='bbox 1426 4658 1634 4712; x_wconf 85' lang='grc' dir='ltr'>ἐκείνου</span> <span class='ocrx_word' id='word_1_368' title='bbox 1657 4656 1865 4712; x_wconf 79' lang='grc' dir='ltr'>καὶτοῦ</span> <span class='ocrx_word' id='word_1_369' title='bbox 1881 4656 2103 4726; x_wconf 77' lang='grc' dir='ltr'>ἐκγόνου</span> 
     </span>
    </p>
   </div>
   <div class='ocr_carea' id='block_1_45' title="bbox 527 4756 2107 4833">
    <p class='ocr_par' dir='ltr' id='par_1_45' title="bbox 527 4756 2107 4833">
     <span class='ocr_line' id='line_1_45' title="bbox 527 4756 2107 4833; baseline -0.008 -9"><span class='ocrx_word' id='word_1_370' title='bbox 527 4769 757 4832; x_wconf 78' lang='grc' dir='ltr'>πολλοὺς</span> <span class='ocrx_word' id='word_1_371' title='bbox 796 4765 905 4829; x_wconf 80' lang='grc' dir='ltr'>τῶν</span> <span class='ocrx_word' id='word_1_372' title='bbox 940 4765 1059 4818; x_wconf 82' lang='grc' dir='ltr'>ἐκεῖ</span> <span class='ocrx_word' id='word_1_373' title='bbox 1093 4761 1352 4833; x_wconf 82' lang='grc' dir='ltr'>γειτόνων</span> <span class='ocrx_word' id='word_1_374' title='bbox 1395 4759 1638 4830; x_wconf 75' lang='grc' dir='ltr'>βελτίους</span> <span class='ocrx_word' id='word_1_375' title='bbox 1676 4758 1870 4825; x_wconf 79' lang='grc' dir='ltr'>ἐποίει,</span> <span class='ocrx_word' id='word_1_376' title='bbox 1889 4757 1950 4812; x_wconf 83' lang='grc' dir='ltr'>τὸ</span> <span class='ocrx_word' id='word_1_377' title='bbox 1978 4756 2107 4828; x_wconf 80' lang='grc' dir='ltr'>γοῦν</span> 
     </span>
    </p>
   </div>
   <div class='ocr_carea' id='block_1_46' title="bbox 529 4857 2110 4938">
    <p class='ocr_par' dir='ltr' id='par_1_46' title="bbox 529 4857 2110 4938">
     <span class='ocr_line' id='line_1_46' title="bbox 529 4857 2110 4938; baseline -0.008 -14"><span class='ocrx_word' id='word_1_378' title='bbox 529 4866 725 4932; x_wconf 80' lang='grc' dir='ltr'>ἐαυτοῦ</span> <span class='ocrx_word' id='word_1_379' title='bbox 768 4867 952 4938; x_wconf 88' lang='grc' dir='ltr'>μέρος.</span> <span class='ocrx_word' id='word_1_380' title='bbox 971 4861 1192 4934; x_wconf 83' lang='grc' dir='ltr'>Ἐπειδὴ</span> <span class='ocrx_word' id='word_1_381' title='bbox 1227 4860 1284 4924; x_wconf 69' lang='grc' dir='ltr'>δέ</span> <span class='ocrx_word' id='word_1_382' title='bbox 1320 4877 1415 4913; x_wconf 89' lang='grc' dir='ltr'>και</span> <span class='ocrx_word' id='word_1_383' title='bbox 1452 4859 1692 4938; x_wconf 34' lang='grc' dir='ltr'>Μωῦησῆς</span> <span class='ocrx_word' id='word_1_384' title='bbox 1731 4858 1947 4930; x_wconf 78' lang='grc' dir='ltr'>ἐτέχθη,</span> <span class='ocrx_word' id='word_1_385' title='bbox 1972 4857 2110 4929; x_wconf 80' lang='grc' dir='ltr'>μετά</span> 
     </span>
    </p>
   </div>
   <div class='ocr_carea' id='block_1_47' title="bbox 527 4961 2110 5033">
    <p class='ocr_par' dir='ltr' id='par_1_47' title="bbox 527 4961 2110 5033">
     <span class='ocr_line' id='line_1_47' title="bbox 527 4961 2110 5033; baseline -0.008 -7"><span class='ocrx_word' id='word_1_386' title='bbox 527 4970 702 5027; x_wconf 85' lang='grc' dir='ltr'>ταῦτα</span> <span class='ocrx_word' id='word_1_387' title='bbox 736 4969 825 5023; x_wconf 87' lang='grc' dir='ltr'>διά</span> <span class='ocrx_word' id='word_1_388' title='bbox 860 4966 970 5020; x_wconf 84' lang='grc' dir='ltr'>τῶν</span> <span class='ocrx_word' id='word_1_389' title='bbox 989 4968 1067 5030; x_wconf 87' lang='grc' dir='ltr'>είς</span> <span class='ocrx_word' id='word_1_390' title='bbox 1085 4967 1210 5028; x_wconf 81' lang='grc' dir='ltr'>τοὺς</span> <span class='ocrx_word' id='word_1_391' title='bbox 1240 4962 1528 5026; x_wconf 84' lang='grc' dir='ltr'>Ἰουδαίους</span> <span class='ocrx_word' id='word_1_392' title='bbox 1548 4961 1848 5033; x_wconf 86' lang='grc' dir='ltr'>γινομένων</span> <span class='ocrx_word' id='word_1_393' title='bbox 1866 4961 1992 5025; x_wconf 81' lang='grc' dir='ltr'>τοὺς</span> <span class='ocrx_word' id='word_1_394' title='bbox 2012 4962 2110 5014; x_wconf 76' lang='grc' dir='ltr'>Λί-</span> 
     </span>
    </p>
   </div>
   <div class='ocr_carea' id='block_1_48' title="bbox 518 5060 2111 5142">
    <p class='ocr_par' dir='ltr' id='par_1_48' title="bbox 518 5060 2111 5142">
     <span class='ocr_line' id='line_1_48' title="bbox 518 5060 2111 5142; baseline -0.006 -19"><span class='ocrx_word' id='word_1_395' title='bbox 518 5070 795 5142; x_wconf 17' lang='grc' dir='ltr'>νγυπτίους</span> <span class='ocrx_word' id='word_1_396' title='bbox 829 5065 965 5139; x_wconf 83' lang='grc' dir='ltr'>πρὸς</span> <span class='ocrx_word' id='word_1_397' title='bbox 1003 5062 1331 5133; x_wconf 83' lang='grc' dir='ltr'>θεογνωσίαν</span> <span class='ocrx_word' id='word_1_398' title='bbox 1371 5060 1757 5135; x_wconf 81' lang='grc' dir='ltr'>ἐχειραγώγει,</span> <span class='ocrx_word' id='word_1_399' title='bbox 1778 5061 2022 5124; x_wconf 71' lang='grc' dir='ltr'>καὶτοὺς</span> <span class='ocrx_word' id='word_1_400' title='bbox 2053 5062 2111 5114; x_wconf 76' lang='grc' dir='ltr'>ἐν</span> 
     </span>
    </p>
   </div>
   <div class='ocr_carea' id='block_1_49' title="bbox 532 5158 2112 5243">
    <p class='ocr_par' dir='ltr' id='par_1_49' title="bbox 532 5158 2112 5243">
     <span class='ocr_line' id='line_1_49' title="bbox 532 5158 2112 5243; baseline -0.008 -18"><span class='ocrx_word' id='word_1_401' title='bbox 532 5167 893 5243; x_wconf 70' lang='grc' dir='ltr'>Παλαιστίνῃ,</span> <span class='ocrx_word' id='word_1_402' title='bbox 913 5167 1009 5221; x_wconf 77' lang='grc' dir='ltr'>καὶ</span> <span class='ocrx_word' id='word_1_403' title='bbox 1030 5163 1170 5237; x_wconf 78' lang='grc' dir='ltr'>μετά</span> <span class='ocrx_word' id='word_1_404' title='bbox 1186 5162 1360 5217; x_wconf 88' lang='grc' dir='ltr'>ταῦτα</span> <span class='ocrx_word' id='word_1_405' title='bbox 1378 5162 1504 5226; x_wconf 77' lang='grc' dir='ltr'>τοὺς</span> <span class='ocrx_word' id='word_1_406' title='bbox 1525 5163 1583 5216; x_wconf 87' lang='grc' dir='ltr'>ἐν</span> <span class='ocrx_word' id='word_1_407' title='bbox 1603 5161 1906 5215; x_wconf 85' lang='grc' dir='ltr'>Βαϐυλῶνι.</span> <span class='ocrx_word' id='word_1_408' title='bbox 1926 5158 2112 5225; x_wconf 78' lang='grc' dir='ltr'>Οὕτως</span> 
     </span>
    </p>
   </div>
   <div class='ocr_carea' id='block_1_50' title="bbox 532 5260 2115 5343">
    <p class='ocr_par' dir='ltr' id='par_1_50' title="bbox 532 5260 2115 5343">
     <span class='ocr_line' id='line_1_50' title="bbox 532 5260 2115 5343; baseline -0.009 -15"><span class='ocrx_word' id='word_1_409' title='bbox 532 5275 663 5329; x_wconf 75' lang='grc' dir='ltr'>ὅταν</span> <span class='ocrx_word' id='word_1_410' title='bbox 681 5270 815 5343; x_wconf 72' lang='grc' dir='ltr'>λέγῃ</span> <span class='ocrx_word' id='word_1_411' title='bbox 830 5307 848 5333; x_wconf 93' lang='grc'>,</span> <span class='ocrx_word' id='word_1_412' title='bbox 871 5268 925 5322; x_wconf 91' lang='lat'>&#39;0</span> <span class='ocrx_word' id='word_1_413' title='bbox 953 5264 1206 5334; x_wconf 81' lang='grc' dir='ltr'>οὐρανὸς</span> <span class='ocrx_word' id='word_1_414' title='bbox 1225 5265 1338 5319; x_wconf 80' lang='grc' dir='ltr'>τοῦ</span> <span class='ocrx_word' id='word_1_415' title='bbox 1351 5261 1612 5333; x_wconf 80' lang='grc' dir='ltr'>οὐρανοῦ</span> <span class='ocrx_word' id='word_1_416' title='bbox 1629 5261 1711 5328; x_wconf 82' lang='grc' dir='ltr'>τῷ</span> <span class='ocrx_word' id='word_1_417' title='bbox 1728 5261 1944 5330; x_wconf 84' lang='grc' dir='ltr'>Κυρίῳ,</span> <span class='ocrx_word' id='word_1_418' title='bbox 1956 5260 2115 5314; x_wconf 87' lang='grc' dir='ltr'>τοῦτο</span> 
     </span>
    </p>
   </div>
   <div class='ocr_carea' id='block_1_51' title="bbox 536 5359 2113 5443">
    <p class='ocr_par' dir='ltr' id='par_1_51' title="bbox 536 5359 2113 5443">
     <span class='ocr_line' id='line_1_51' title="bbox 536 5359 2113 5443; baseline -0.011 -14"><span class='ocrx_word' id='word_1_419' title='bbox 536 5372 811 5443; x_wconf 81' lang='grc' dir='ltr'>λέγει,ὃτι</span> <span class='ocrx_word' id='word_1_420' title='bbox 847 5367 938 5423; x_wconf 87' lang='grc' dir='ltr'>διά</span> <span class='ocrx_word' id='word_1_421' title='bbox 974 5366 1135 5420; x_wconf 87' lang='grc' dir='ltr'>τοῦτο</span> <span class='ocrx_word' id='word_1_422' title='bbox 1175 5362 1589 5426; x_wconf 83' lang='grc' dir='ltr'>ἐπαναπαύεται</span> <span class='ocrx_word' id='word_1_423' title='bbox 1624 5365 1740 5425; x_wconf 86' lang='grc' dir='ltr'>τοῖς</span> <span class='ocrx_word' id='word_1_424' title='bbox 1769 5362 1907 5427; x_wconf 83' lang='grc' dir='ltr'>ἐκεῖ,</span> <span class='ocrx_word' id='word_1_425' title='bbox 1926 5359 2113 5431; x_wconf 74' lang='grc' dir='ltr'>ἐπειδὴ</span> 
     </span>
    </p>
   </div>
   <div class='ocr_carea' id='block_1_52' title="bbox 536 5459 2114 5544">
    <p class='ocr_par' dir='ltr' id='par_1_52' title="bbox 536 5459 2114 5544">
     <span class='ocr_line' id='line_1_52' title="bbox 536 5459 2114 5544; baseline -0.006 -21"><span class='ocrx_word' id='word_1_426' title='bbox 536 5474 721 5544; x_wconf 61' lang='grc' dir='ltr'>πάσης</span> <span class='ocrx_word' id='word_1_427' title='bbox 754 5469 863 5524; x_wconf 76' lang='grc' dir='ltr'>εἰσὶ</span> <span class='ocrx_word' id='word_1_428' title='bbox 896 5464 1159 5539; x_wconf 80' lang='grc' dir='ltr'>πονηρίας</span> <span class='ocrx_word' id='word_1_429' title='bbox 1177 5463 1608 5536; x_wconf 85' lang='grc' dir='ltr'>ἀπηλλαγμένοι.</span> <span class='ocrx_word' id='word_1_430' title='bbox 1631 5462 1742 5517; x_wconf 71' lang='grc' dir='ltr'>Καὶ</span> <span class='ocrx_word' id='word_1_431' title='bbox 1762 5463 1828 5516; x_wconf 76' lang='grc' dir='ltr'>σὺ</span> <span class='ocrx_word' id='word_1_432' title='bbox 1848 5461 1936 5527; x_wconf 79' lang='grc' dir='ltr'>δὲ,</span> <span class='ocrx_word' id='word_1_433' title='bbox 1949 5462 2023 5515; x_wconf 69' lang='grc' dir='ltr'>ἂν,</span> <span class='ocrx_word' id='word_1_434' title='bbox 2039 5459 2114 5531; x_wconf 79' lang='grc' dir='ltr'>μὴ</span> 
     </span>
    </p>
   </div>
   <div class='ocr_carea' id='block_1_53' title="bbox 539 5559 2115 5646">
    <p class='ocr_par' dir='ltr' id='par_1_53' title="bbox 539 5559 2115 5646">
     <span class='ocr_line' id='line_1_53' title="bbox 539 5559 2115 5646; baseline -0.016 1"><span class='ocrx_word' id='word_1_435' title='bbox 539 5576 610 5646; x_wconf 74' lang='grc' dir='ltr'>τῇ</span> <span class='ocrx_word' id='word_1_436' title='bbox 638 5573 710 5643; x_wconf 78' lang='grc' dir='ltr'>γῇ</span> <span class='ocrx_word' id='word_1_437' title='bbox 729 5583 756 5611; x_wconf 78' lang='grc'><strong><em>³</em></strong></span> <span class='ocrx_word' id='word_1_438' title='bbox 778 5567 1201 5641; x_wconf 71' lang='grc' dir='ltr'>προσηλωμένος</span> <span class='ocrx_word' id='word_1_439' title='bbox 1221 5560 1311 5637; x_wconf 78' lang='grc' dir='ltr'>ᾗς,</span> <span class='ocrx_word' id='word_1_440' title='bbox 1350 5562 1465 5623; x_wconf 83' lang='grc' dir='ltr'>ἀλλ’</span> <span class='ocrx_word' id='word_1_441' title='bbox 1486 5561 1714 5632; x_wconf 75' lang='grc' dir='ltr'>ἄγγελος</span> <span class='ocrx_word' id='word_1_442' title='bbox 1732 5561 1885 5633; x_wconf 71' lang='grc' dir='ltr'>γένῃ.</span> <span class='ocrx_word' id='word_1_443' title='bbox 1907 5559 2115 5632; x_wconf 74' lang='grc' dir='ltr'>ταχέως</span> 
     </span>
    </p>
   </div>
   <div class='ocr_carea' id='block_1_54' title="bbox 542 5659 2117 5743">
    <p class='ocr_par' dir='ltr' id='par_1_54' title="bbox 542 5659 2117 5743">
     <span class='ocr_line' id='line_1_54' title="bbox 542 5659 2117 5743; baseline -0.011 -13"><span class='ocrx_word' id='word_1_444' title='bbox 542 5678 622 5739; x_wconf 69' lang='grc' dir='ltr'>τίς</span> <span class='ocrx_word' id='word_1_445' title='bbox 661 5672 754 5727; x_wconf 81' lang='grc' dir='ltr'>τὸν</span> <span class='ocrx_word' id='word_1_446' title='bbox 794 5669 1020 5743; x_wconf 76' lang='grc' dir='ltr'>οὐρανὸν</span> <span class='ocrx_word' id='word_1_447' title='bbox 1054 5666 1149 5721; x_wconf 74' lang='grc' dir='ltr'>καὶ</span> <span class='ocrx_word' id='word_1_448' title='bbox 1182 5666 1273 5720; x_wconf 75' lang='grc' dir='ltr'>τὸν</span> <span class='ocrx_word' id='word_1_449' title='bbox 1300 5664 1550 5736; x_wconf 75' lang='grc' dir='ltr'>πατρῷον</span> <span class='ocrx_word' id='word_1_450' title='bbox 1566 5659 1713 5719; x_wconf 80' lang='grc' dir='ltr'>οἷκον</span> <span class='ocrx_word' id='word_1_451' title='bbox 1732 5661 2001 5735; x_wconf 74' lang='grc' dir='ltr'>ἀναϐήσῃ,</span> <span class='ocrx_word' id='word_1_452' title='bbox 2025 5660 2117 5716; x_wconf 75' lang='grc' dir='ltr'>καὶ</span> 
     </span>
    </p>
   </div>
   <div class='ocr_carea' id='block_1_55' title="bbox 606 5840 1720 5918">
    <p class='ocr_par' dir='ltr' id='par_1_55' title="bbox 606 5840 1720 5918">
     <span class='ocr_line' id='line_1_55' title="bbox 606 5840 1720 5918; baseline -0.008 -13"><span class='ocrx_word' id='word_1_453' title='bbox 606 5856 634 5891; x_wconf 74' lang='grc'>⁸</span> <span class='ocrx_word' id='word_1_454' title='bbox 669 5854 779 5906; x_wconf 73' lang='grc' dir='ltr'>Ἐὰν</span> <span class='ocrx_word' id='word_1_455' title='bbox 805 5856 869 5918; x_wconf 79' lang='grc' dir='ltr'>μή</span> <span class='ocrx_word' id='word_1_456' title='bbox 897 5840 1055 5917; x_wconf 79' lang='grc' dir='ltr'>μείνῃς</span> <span class='ocrx_word' id='word_1_457' title='bbox 1073 5852 1312 5916; x_wconf 76' lang='grc' dir='ltr'>ἄνθρωπος</span> <span class='ocrx_word' id='word_1_458' title='bbox 1334 5851 1415 5906; x_wconf 78' lang='grc' dir='ltr'>καὶ</span> <span class='ocrx_word' id='word_1_459' title='bbox 1438 5855 1494 5915; x_wconf 73' lang='grc' dir='ltr'>τῇ</span> <span class='ocrx_word' id='word_1_460' title='bbox 1514 5855 1572 5916; x_wconf 69' lang='grc' dir='ltr'>γῇ</span> <span class='ocrx_word' id='word_1_461' title='bbox 1594 5848 1720 5913; x_wconf 62' lang='lat' dir='ltr'><strong>Reg.</strong></span> 
     </span>
    </p>
   </div>
   <div class='ocr_carea' id='block_1_56' title="bbox 1200 400 3059 463">
    <p class='ocr_par' dir='ltr' id='par_1_56' title="bbox 1200 400 3059 463">
     <span class='ocr_line' id='line_1_56' title="bbox 1200 400 3059 463; baseline -0.001 -1"><span class='ocrx_word' id='word_1_462' title='bbox 1200 406 1260 463; x_wconf 92' lang='lat' dir='ltr'>S.</span> <span class='ocrx_word' id='word_1_463' title='bbox 1301 403 1586 462; x_wconf 73' lang='lat' dir='ltr'>JOAN‘MS</span> <span class='ocrx_word' id='word_1_464' title='bbox 1625 403 2113 463; x_wconf 78' lang='lat' dir='ltr'>CHRYSOSTOMI</span> <span class='ocrx_word' id='word_1_465' title='bbox 2145 402 2471 461; x_wconf 76' lang='lat' dir='ltr'>ARCHIEP.</span> <span class='ocrx_word' id='word_1_466' title='bbox 2510 400 3059 461; x_wconf 72' lang='lat' dir='ltr'>CONS‘I&#39;ANTINOP.</span> 
     </span>
    </p>
   </div>
   <div class='ocr_carea' id='block_1_57' title="bbox 2182 519 3753 598">
    <p class='ocr_par' dir='ltr' id='par_1_57' title="bbox 2182 519 3753 598">
     <span class='ocr_line' id='line_1_57' title="bbox 2182 519 3753 598; baseline -0.001 -19"><span class='ocrx_word' id='word_1_467' title='bbox 2182 524 2291 597; x_wconf 81' lang='grc' dir='ltr'>πρὸ</span> <span class='ocrx_word' id='word_1_468' title='bbox 2307 522 2412 594; x_wconf 85' lang='grc' dir='ltr'>τῆς</span> <span class='ocrx_word' id='word_1_469' title='bbox 2430 521 2778 586; x_wconf 81' lang='grc' dir='ltr'>ἀναστάσεως</span> <span class='ocrx_word' id='word_1_470' title='bbox 2794 520 2851 575; x_wconf 84' lang='grc' dir='ltr'>δέ</span> <span class='ocrx_word' id='word_1_471' title='bbox 2870 520 3120 577; x_wconf 80' lang='grc' dir='ltr'>ἐντεῦθεν</span> <span class='ocrx_word' id='word_1_472' title='bbox 3139 521 3239 598; x_wconf 72' lang='grc' dir='ltr'>ἤδη</span> <span class='ocrx_word' id='word_1_473' title='bbox 3265 519 3550 593; x_wconf 73' lang='grc' dir='ltr'>μετέστης,</span> <span class='ocrx_word' id='word_1_474' title='bbox 3569 522 3664 577; x_wconf 74' lang='grc' dir='ltr'>καὶ</span> <span class='ocrx_word' id='word_1_475' title='bbox 3692 522 3753 578; x_wconf 75' lang='grc' dir='ltr'>τδ</span> 
     </span>
    </p>
   </div>
   <div class='ocr_carea' id='block_1_58' title="bbox 2180 615 3757 691">
    <p class='ocr_par' dir='ltr' id='par_1_58' title="bbox 2180 615 3757 691">
     <span class='ocr_line' id='line_1_58' title="bbox 2180 615 3757 691; baseline -0.001 -19"><span class='ocrx_word' id='word_1_476' title='bbox 2180 620 2398 691; x_wconf 70' lang='grc' dir='ltr'>ἀξίωμα</span> <span class='ocrx_word' id='word_1_477' title='bbox 2435 618 2597 689; x_wconf 68' lang='grc' dir='ltr'>ἔχεις.</span> <span class='ocrx_word' id='word_1_478' title='bbox 2632 615 2891 691; x_wconf 83' lang='grc' dir='ltr'>Καθάπερ</span> <span class='ocrx_word' id='word_1_479' title='bbox 2910 617 3021 690; x_wconf 87' lang='grc' dir='ltr'>γάρ</span> <span class='ocrx_word' id='word_1_480' title='bbox 3042 616 3225 672; x_wconf 76' lang='grc' dir='ltr'>πολλοὶ</span> <span class='ocrx_word' id='word_1_481' title='bbox 3245 616 3398 690; x_wconf 71' lang='grc'><strong>1502]</strong></span> <span class='ocrx_word' id='word_1_482' title='bbox 3432 616 3542 670; x_wconf 82' lang='grc' dir='ltr'>τῶν</span> <span class='ocrx_word' id='word_1_483' title='bbox 3558 618 3640 681; x_wconf 82' lang='grc' dir='ltr'>είς</span> <span class='ocrx_word' id='word_1_484' title='bbox 3654 617 3757 690; x_wconf 79' lang='grc' dir='ltr'>τὴν</span> 
     </span>
    </p>
   </div>
   <div class='ocr_carea' id='block_1_59' title="bbox 2183 712 3757 788">
    <p class='ocr_par' dir='ltr' id='par_1_59' title="bbox 2183 712 3757 788">
     <span class='ocr_line' id='line_1_59' title="bbox 2183 712 3757 788; baseline -0.001 -18"><span class='ocrx_word' id='word_1_485' title='bbox 2183 715 2427 788; x_wconf 82' lang='grc' dir='ltr'>μεγάλην</span> <span class='ocrx_word' id='word_1_486' title='bbox 2447 714 2748 785; x_wconf 84' lang='grc' dir='ltr'>σύγκλητον</span> <span class='ocrx_word' id='word_1_487' title='bbox 2764 712 3080 779; x_wconf 84' lang='grc' dir='ltr'>τελούντων,</span> <span class='ocrx_word' id='word_1_488' title='bbox 3095 713 3189 768; x_wconf 77' lang='grc' dir='ltr'>καὶ</span> <span class='ocrx_word' id='word_1_489' title='bbox 3211 715 3269 767; x_wconf 87' lang='grc' dir='ltr'>ἐν</span> <span class='ocrx_word' id='word_1_490' title='bbox 3287 713 3443 786; x_wconf 85' lang='grc' dir='ltr'>ἀγρῷ</span> <span class='ocrx_word' id='word_1_491' title='bbox 3459 713 3757 785; x_wconf 84' lang='grc' dir='ltr'>διατρίϐον-</span> 
     </span>
    </p>
   </div>
   <div class='ocr_carea' id='block_1_60' title="bbox 2177 807 3756 883">
    <p class='ocr_par' dir='ltr' id='par_1_60' title="bbox 2177 807 3756 883">
     <span class='ocr_line' id='line_1_60' title="bbox 2177 807 3756 883; baseline 0 -19"><span class='ocrx_word' id='word_1_492' title='bbox 2177 828 2270 876; x_wconf 86' lang='grc' dir='ltr'>τες</span> <span class='ocrx_word' id='word_1_493' title='bbox 2288 810 2507 882; x_wconf 81' lang='grc' dir='ltr'>ἀξίωμα</span> <span class='ocrx_word' id='word_1_494' title='bbox 2544 808 2728 880; x_wconf 81' lang='grc' dir='ltr'>έχουσι</span> <span class='ocrx_word' id='word_1_495' title='bbox 2742 824 2757 838; x_wconf 91' lang='grc'><strong>·</strong></span> <span class='ocrx_word' id='word_1_496' title='bbox 2797 807 2941 863; x_wconf 77' lang='grc' dir='ltr'>οὕτω</span> <span class='ocrx_word' id='word_1_497' title='bbox 2975 809 3071 862; x_wconf 72' lang='grc' dir='ltr'>καὶ</span> <span class='ocrx_word' id='word_1_498' title='bbox 3090 810 3155 863; x_wconf 77' lang='grc' dir='ltr'>σὺ</span> <span class='ocrx_word' id='word_1_499' title='bbox 3178 807 3272 864; x_wconf 81' lang='grc' dir='ltr'>ἐὰν</span> <span class='ocrx_word' id='word_1_500' title='bbox 3293 808 3559 883; x_wconf 77' lang='grc' dir='ltr'>βουληθῇς</span> <span class='ocrx_word' id='word_1_501' title='bbox 3588 811 3649 863; x_wconf 83' lang='grc' dir='ltr'>ἐν</span> <span class='ocrx_word' id='word_1_502' title='bbox 3667 810 3728 864; x_wconf 85' lang='grc' dir='ltr'>οὐ</span> <span class='ocrx_word' id='word_1_503' title='bbox 3742 841 3756 852; x_wconf 88' lang='lat'><strong>-</strong></span> 
     </span>
    </p>
   </div>
   <div class='ocr_carea' id='block_1_61' title="bbox 2183 903 3756 982">
    <p class='ocr_par' dir='ltr' id='par_1_61' title="bbox 2183 903 3756 982">
     <span class='ocr_line' id='line_1_61' title="bbox 2183 903 3756 982; baseline -0.001 -20"><span class='ocrx_word' id='word_1_504' title='bbox 2183 906 2329 980; x_wconf 86' lang='grc' dir='ltr'>ρανῷ</span> <span class='ocrx_word' id='word_1_505' title='bbox 2351 904 2750 970; x_wconf 80' lang='grc' dir='ltr'>πολιτεύεσθαι,</span> <span class='ocrx_word' id='word_1_506' title='bbox 2772 904 2864 959; x_wconf 72' lang='grc' dir='ltr'>καὶ</span> <span class='ocrx_word' id='word_1_507' title='bbox 2883 903 3114 958; x_wconf 80' lang='grc' dir='ltr'>ἐνταῦθα</span> <span class='ocrx_word' id='word_1_508' title='bbox 3146 904 3456 977; x_wconf 88' lang='grc' dir='ltr'>διατρίϐων,</span> <span class='ocrx_word' id='word_1_509' title='bbox 3474 907 3756 982; x_wconf 77' lang='grc' dir='ltr'>ἀπολαύσῃ</span> 
     </span>
    </p>
   </div>
   <div class='ocr_carea' id='block_1_62' title="bbox 2178 1001 3755 1073">
    <p class='ocr_par' dir='ltr' id='par_1_62' title="bbox 2178 1001 3755 1073">
     <span class='ocr_line' id='line_1_62' title="bbox 2178 1001 3755 1073; baseline 0.001 -17"><span class='ocrx_word' id='word_1_510' title='bbox 2178 1002 2278 1073; x_wconf 84' lang='grc' dir='ltr'>τῆς</span> <span class='ocrx_word' id='word_1_511' title='bbox 2313 1001 2470 1067; x_wconf 76' lang='grc' dir='ltr'>ἀξίας</span> <span class='ocrx_word' id='word_1_512' title='bbox 2508 1001 2742 1072; x_wconf 78' lang='grc' dir='ltr'>ἐκείνης.</span> <span class='ocrx_word' id='word_1_513' title='bbox 2789 1002 2936 1071; x_wconf 81' lang='grc' dir='ltr'>Οὐχὶ</span> <span class='ocrx_word' id='word_1_514' title='bbox 2976 1003 3031 1056; x_wconf 76' lang='grc' dir='ltr'>οἱ</span> <span class='ocrx_word' id='word_1_515' title='bbox 3059 1001 3258 1071; x_wconf 80' lang='grc' dir='ltr'>νεκροὶ</span> <span class='ocrx_word' id='word_1_516' title='bbox 3295 1001 3612 1057; x_wconf 80' lang='grc' dir='ltr'>αίνέσουσί</span> <span class='ocrx_word' id='word_1_517' title='bbox 3641 1017 3755 1067; x_wconf 76' lang='grc' dir='ltr'>σε,</span> 
     </span>
    </p>
   </div>
   <div class='ocr_carea' id='block_1_63' title="bbox 2180 1096 3615 1168">
    <p class='ocr_par' dir='ltr' id='par_1_63' title="bbox 2180 1096 3615 1168">
     <span class='ocr_line' id='line_1_63' title="bbox 2180 1096 3615 1168; baseline 0.001 -14"><span class='ocrx_word' id='word_1_518' title='bbox 2180 1100 2375 1168; x_wconf 85' lang='grc' dir='ltr'>Κύριε,</span> <span class='ocrx_word' id='word_1_519' title='bbox 2396 1098 2538 1153; x_wconf 83' lang='grc' dir='ltr'>οὐδὲ</span> <span class='ocrx_word' id='word_1_520' title='bbox 2555 1096 2778 1163; x_wconf 78' lang='grc' dir='ltr'>πάντες</span> <span class='ocrx_word' id='word_1_521' title='bbox 2795 1100 2850 1153; x_wconf 80' lang='grc' dir='ltr'>οἱ</span> <span class='ocrx_word' id='word_1_522' title='bbox 2866 1099 3324 1166; x_wconf 73' lang='grc' dir='ltr'>καταϐα.⁹νοντες</span> <span class='ocrx_word' id='word_1_523' title='bbox 3340 1100 3427 1166; x_wconf 77' lang='grc' dir='ltr'>είς</span> <span class='ocrx_word' id='word_1_524' title='bbox 3446 1097 3615 1166; x_wconf 83' lang='grc' dir='ltr'>ᾅδου.</span> 
     </span>
    </p>
   </div>
   <div class='ocr_carea' id='block_1_64' title="bbox 2263 1348 3761 1422">
    <p class='ocr_par' dir='ltr' id='par_1_64' title="bbox 2263 1348 3761 1422">
     <span class='ocr_line' id='line_1_64' title="bbox 2263 1348 3761 1422; baseline 0.001 -15"><span class='ocrx_word' id='word_1_525' title='bbox 2263 1353 2415 1407; x_wconf 69' lang='grc' dir='ltr'>Ἀλλ’</span> <span class='ocrx_word' id='word_1_526' title='bbox 2433 1350 2606 1421; x_wconf 72' lang='grc' dir='ltr'>ἡμεῖς</span> <span class='ocrx_word' id='word_1_527' title='bbox 2642 1353 2698 1405; x_wconf 80' lang='grc' dir='ltr'>οἱ</span> <span class='ocrx_word' id='word_1_528' title='bbox 2736 1348 2949 1417; x_wconf 77' lang='grc' dir='ltr'>ζῶντες</span> <span class='ocrx_word' id='word_1_529' title='bbox 2972 1350 3390 1422; x_wconf 74' lang='grc' dir='ltr'>εὐλογήσομεν</span> <span class='ocrx_word' id='word_1_530' title='bbox 3416 1352 3526 1408; x_wconf 79' lang='grc' dir='ltr'>τὸν</span> <span class='ocrx_word' id='word_1_531' title='bbox 3541 1353 3761 1422; x_wconf 82' lang='grc' dir='ltr'>Κύριον</span> 
     </span>
    </p>
   </div>
   <div class='ocr_carea' id='block_1_65' title="bbox 2180 1446 3760 1521">
    <p class='ocr_par' dir='ltr' id='par_1_65' title="bbox 2180 1446 3760 1521">
     <span class='ocr_line' id='line_1_65' title="bbox 2180 1446 3760 1521; baseline 0.001 -17"><span class='ocrx_word' id='word_1_532' title='bbox 2180 1448 2301 1505; x_wconf 80' lang='grc' dir='ltr'>ἀπὸ</span> <span class='ocrx_word' id='word_1_533' title='bbox 2339 1449 2449 1504; x_wconf 86' lang='grc' dir='ltr'>τοῦ</span> <span class='ocrx_word' id='word_1_534' title='bbox 2483 1447 2603 1503; x_wconf 85' lang='grc' dir='ltr'>νῦν</span> <span class='ocrx_word' id='word_1_535' title='bbox 2637 1446 2737 1502; x_wconf 76' lang='grc' dir='ltr'>καί</span> <span class='ocrx_word' id='word_1_536' title='bbox 2773 1447 2884 1514; x_wconf 78' lang='grc' dir='ltr'>ἕως</span> <span class='ocrx_word' id='word_1_537' title='bbox 2908 1447 3017 1504; x_wconf 85' lang='grc' dir='ltr'>τοῦ</span> <span class='ocrx_word' id='word_1_538' title='bbox 3034 1446 3265 1516; x_wconf 73' lang='grc' dir='ltr'>αἰῶνος.</span> <span class='ocrx_word' id='word_1_539' title='bbox 3289 1449 3536 1521; x_wconf 77' lang='grc' dir='ltr'>Νεκροὺς</span> <span class='ocrx_word' id='word_1_540' title='bbox 3551 1450 3614 1504; x_wconf 77' lang='grc' dir='ltr'>οὐ</span> <span class='ocrx_word' id='word_1_541' title='bbox 3634 1451 3760 1517; x_wconf 77' lang='grc' dir='ltr'>τοὺς</span> 
     </span>
    </p>
   </div>
   <div class='ocr_carea' id='block_1_66' title="bbox 2180 1544 3759 1619">
    <p class='ocr_par' dir='ltr' id='par_1_66' title="bbox 2180 1544 3759 1619">
     <span class='ocr_line' id='line_1_66' title="bbox 2180 1544 3759 1619; baseline 0.002 -16"><span class='ocrx_word' id='word_1_542' title='bbox 2180 1547 2635 1619; x_wconf 85' lang='grc' dir='ltr'>τετελευτηκότας</span> <span class='ocrx_word' id='word_1_543' title='bbox 2669 1545 2854 1618; x_wconf 74' lang='grc' dir='ltr'>φησὶν,</span> <span class='ocrx_word' id='word_1_544' title='bbox 2875 1544 3014 1600; x_wconf 87' lang='grc' dir='ltr'>ἀλλά</span> <span class='ocrx_word' id='word_1_545' title='bbox 3032 1547 3159 1611; x_wconf 78' lang='grc' dir='ltr'>τοὺς</span> <span class='ocrx_word' id='word_1_546' title='bbox 3178 1545 3237 1600; x_wconf 89' lang='grc' dir='ltr'>ἐν</span> <span class='ocrx_word' id='word_1_547' title='bbox 3255 1546 3531 1611; x_wconf 82' lang='grc' dir='ltr'>ἀσεϐείαις</span> <span class='ocrx_word' id='word_1_548' title='bbox 3564 1549 3759 1606; x_wconf 78' lang='grc' dir='ltr'>ἐναπο-</span> 
     </span>
    </p>
   </div>
   <div class='ocr_carea' id='block_1_67' title="bbox 2182 1644 3761 1718">
    <p class='ocr_par' dir='ltr' id='par_1_67' title="bbox 2182 1644 3761 1718">
     <span class='ocr_line' id='line_1_67' title="bbox 2182 1644 3761 1718; baseline 0.001 -18"><span class='ocrx_word' id='word_1_549' title='bbox 2182 1645 2464 1713; x_wconf 89' lang='grc' dir='ltr'>θανόντας,</span> <span class='ocrx_word' id='word_1_550' title='bbox 2487 1644 2521 1717; x_wconf 75' lang='grc' dir='ltr'>ἢ</span> <span class='ocrx_word' id='word_1_551' title='bbox 2541 1644 2668 1709; x_wconf 68' lang='grc' dir='ltr'>τοὺς</span> <span class='ocrx_word' id='word_1_552' title='bbox 2689 1646 2748 1699; x_wconf 86' lang='grc' dir='ltr'>ἐν</span> <span class='ocrx_word' id='word_1_553' title='bbox 2768 1644 3129 1718; x_wconf 80' lang='grc' dir='ltr'>ἁμαρτήμασι</span> <span class='ocrx_word' id='word_1_554' title='bbox 3155 1645 3588 1710; x_wconf 83' lang='grc' dir='ltr'>κατασαπέντας.</span> <span class='ocrx_word' id='word_1_555' title='bbox 3606 1645 3761 1701; x_wconf 69' lang='grc' dir='ltr'>Ἐπεὶ</span> 
     </span>
    </p>
   </div>
   <div class='ocr_carea' id='block_1_68' title="bbox 2184 1735 3760 1813">
    <p class='ocr_par' dir='ltr' id='par_1_68' title="bbox 2184 1735 3760 1813">
     <span class='ocr_line' id='line_1_68' title="bbox 2184 1735 3760 1813; baseline -0.001 -14"><span class='ocrx_word' id='word_1_556' title='bbox 2184 1744 2277 1798; x_wconf 71' lang='grc' dir='ltr'>καὶ</span> <span class='ocrx_word' id='word_1_557' title='bbox 2299 1742 2395 1795; x_wconf 84' lang='grc' dir='ltr'>Ἀϐ</span> <span class='ocrx_word' id='word_1_558' title='bbox 2402 1739 2505 1813; x_wconf 89' lang='grc' dir='ltr'>ραά</span> <span class='ocrx_word' id='word_1_559' title='bbox 2512 1759 2551 1813; x_wconf 89' lang='grc' dir='ltr'>μ</span> <span class='ocrx_word' id='word_1_560' title='bbox 2570 1740 2975 1812; x_wconf 88' lang='grc' dir='ltr'>τετελευτηκὼς</span> <span class='ocrx_word' id='word_1_561' title='bbox 2991 1735 3082 1812; x_wconf 80' lang='grc' dir='ltr'>ἦν,</span> <span class='ocrx_word' id='word_1_562' title='bbox 3102 1741 3198 1796; x_wconf 77' lang='grc' dir='ltr'>καὶ</span> <span class='ocrx_word' id='word_1_563' title='bbox 3223 1742 3411 1797; x_wconf 82' lang='grc' dir='ltr'>Ἰσαὰκ</span> <span class='ocrx_word' id='word_1_564' title='bbox 3430 1744 3522 1798; x_wconf 74' lang='grc' dir='ltr'>καὶ</span> <span class='ocrx_word' id='word_1_565' title='bbox 3544 1742 3760 1812; x_wconf 79' lang='grc' dir='ltr'>Ἰακὼϐ,</span> 
     </span>
    </p>
   </div>
   <div class='ocr_carea' id='block_1_69' title="bbox 2182 1836 3763 1911">
    <p class='ocr_par' dir='ltr' id='par_1_69' title="bbox 2182 1836 3763 1911">
     <span class='ocr_line' id='line_1_69' title="bbox 2182 1836 3763 1911; baseline 0 -17"><span class='ocrx_word' id='word_1_566' title='bbox 2182 1838 2296 1895; x_wconf 84' lang='grc' dir='ltr'>ἀλλ’</span> <span class='ocrx_word' id='word_1_567' title='bbox 2315 1839 2466 1911; x_wconf 85' lang='grc' dir='ltr'>ὅμως</span> <span class='ocrx_word' id='word_1_568' title='bbox 2499 1836 2672 1902; x_wconf 75' lang='grc' dir='ltr'>οὕτως</span> <span class='ocrx_word' id='word_1_569' title='bbox 2706 1836 2864 1904; x_wconf 73' lang='grc' dir='ltr'>ἔζων,</span> <span class='ocrx_word' id='word_1_570' title='bbox 2885 1837 2961 1902; x_wconf 84' lang='grc' dir='ltr'>ὡς</span> <span class='ocrx_word' id='word_1_571' title='bbox 2979 1837 3079 1909; x_wconf 87' lang='grc' dir='ltr'>τὴν</span> <span class='ocrx_word' id='word_1_572' title='bbox 3098 1836 3321 1893; x_wconf 86' lang='grc' dir='ltr'>ἐκείνων</span> <span class='ocrx_word' id='word_1_573' title='bbox 3344 1839 3562 1911; x_wconf 85' lang='grc' dir='ltr'>μνήμην</span> <span class='ocrx_word' id='word_1_574' title='bbox 3594 1843 3763 1895; x_wconf 85' lang='grc' dir='ltr'>ποιεῖ-</span> 
     </span>
    </p>
   </div>
   <div class='ocr_carea' id='block_1_70' title="bbox 2185 1932 3762 2009">
    <p class='ocr_par' dir='ltr' id='par_1_70' title="bbox 2185 1932 3762 2009">
     <span class='ocr_line' id='line_1_70' title="bbox 2185 1932 3762 2009; baseline 0.001 -19"><span class='ocrx_word' id='word_1_575' title='bbox 2185 1935 2308 1991; x_wconf 90' lang='grc' dir='ltr'>σθαι</span> <span class='ocrx_word' id='word_1_576' title='bbox 2326 1937 2455 2000; x_wconf 82' lang='grc' dir='ltr'>τοὺς</span> <span class='ocrx_word' id='word_1_577' title='bbox 2474 1933 2704 2000; x_wconf 80' lang='grc' dir='ltr'>ζῶντας.</span> <span class='ocrx_word' id='word_1_578' title='bbox 2722 1932 2784 1990; x_wconf 89' lang='lat'>&#39;0</span> <span class='ocrx_word' id='word_1_579' title='bbox 2801 1932 2932 2004; x_wconf 89' lang='grc' dir='ltr'>γοῦν</span> <span class='ocrx_word' id='word_1_580' title='bbox 2950 1934 3193 2006; x_wconf 80' lang='grc' dir='ltr'>Μωῦοῆς</span> <span class='ocrx_word' id='word_1_581' title='bbox 3211 1935 3352 2009; x_wconf 81' lang='grc' dir='ltr'>ὑπὲρ</span> <span class='ocrx_word' id='word_1_582' title='bbox 3370 1934 3464 1990; x_wconf 88' lang='grc' dir='ltr'>τοῦ</span> <span class='ocrx_word' id='word_1_583' title='bbox 3485 1936 3577 1991; x_wconf 85' lang='grc' dir='ltr'>ὑπ’</span> <span class='ocrx_word' id='word_1_584' title='bbox 3597 1936 3762 1992; x_wconf 86' lang='grc' dir='ltr'>αὐτοῦ</span> 
     </span>
    </p>
   </div>
   <div class='ocr_carea' id='block_1_71' title="bbox 2181 2029 3763 2106">
    <p class='ocr_par' dir='ltr' id='par_1_71' title="bbox 2181 2029 3763 2106">
     <span class='ocr_line' id='line_1_71' title="bbox 2181 2029 3763 2106; baseline 0.001 -18"><span class='ocrx_word' id='word_1_585' title='bbox 2181 2031 2682 2106; x_wconf 84' lang='grc' dir='ltr'>δημαγωγουμένου</span> <span class='ocrx_word' id='word_1_586' title='bbox 2720 2029 2851 2086; x_wconf 89' lang='grc' dir='ltr'>λαοῦ</span> <span class='ocrx_word' id='word_1_587' title='bbox 2896 2033 3351 2105; x_wconf 81' lang='grc' dir='ltr'>προσευχόμενος,</span> <span class='ocrx_word' id='word_1_588' title='bbox 3373 2034 3440 2089; x_wconf 83' lang='grc' dir='ltr'>δι’</span> <span class='ocrx_word' id='word_1_589' title='bbox 3458 2036 3635 2090; x_wconf 84' lang='grc' dir='ltr'>αὐτῶν</span> <span class='ocrx_word' id='word_1_590' title='bbox 3666 2036 3763 2090; x_wconf 82' lang='grc' dir='ltr'>δυ-</span> 
     </span>
    </p>
   </div>
   <div class='ocr_carea' id='block_1_72' title="bbox 2184 2127 3767 2205">
    <p class='ocr_par' dir='ltr' id='par_1_72' title="bbox 2184 2127 3767 2205">
     <span class='ocr_line' id='line_1_72' title="bbox 2184 2127 3767 2205; baseline 0.001 -18"><span class='ocrx_word' id='word_1_591' title='bbox 2184 2134 2360 2187; x_wconf 82' lang='grc' dir='ltr'>σωπεῖ</span> <span class='ocrx_word' id='word_1_592' title='bbox 2376 2135 2467 2185; x_wconf 81' lang='grc' dir='ltr'>τὸν</span> <span class='ocrx_word' id='word_1_593' title='bbox 2487 2129 2642 2196; x_wconf 79' lang='grc' dir='ltr'>Θεὸν,</span> <span class='ocrx_word' id='word_1_594' title='bbox 2666 2131 2745 2195; x_wconf 88' lang='grc' dir='ltr'>είς</span> <span class='ocrx_word' id='word_1_595' title='bbox 2771 2130 3053 2203; x_wconf 86' lang='grc' dir='ltr'>ἱκετηρίαν</span> <span class='ocrx_word' id='word_1_596' title='bbox 3074 2127 3271 2197; x_wconf 69' lang='grc' dir='ltr'>αὐτοὺξ</span> <span class='ocrx_word' id='word_1_597' title='bbox 3291 2134 3634 2205; x_wconf 78' lang='grc' dir='ltr'>προσλαϐών.</span> <span class='ocrx_word' id='word_1_598' title='bbox 3655 2137 3767 2192; x_wconf 71' lang='grc' dir='ltr'>Καὶ</span> 
     </span>
    </p>
   </div>
   <div class='ocr_carea' id='block_1_73' title="bbox 2182 2226 3767 2301">
    <p class='ocr_par' dir='ltr' id='par_1_73' title="bbox 2182 2226 3767 2301">
     <span class='ocr_line' id='line_1_73' title="bbox 2182 2226 3767 2301; baseline 0.001 -16"><span class='ocrx_word' id='word_1_599' title='bbox 2182 2232 2233 2285; x_wconf 78' lang='grc' dir='ltr'>οἱ</span> <span class='ocrx_word' id='word_1_600' title='bbox 2272 2232 2421 2301; x_wconf 85' lang='grc' dir='ltr'>τρεῖς</span> <span class='ocrx_word' id='word_1_601' title='bbox 2457 2227 2516 2281; x_wconf 84' lang='grc' dir='ltr'>δὲ</span> <span class='ocrx_word' id='word_1_602' title='bbox 2555 2227 2745 2291; x_wconf 87' lang='grc' dir='ltr'>παῖδες</span> <span class='ocrx_word' id='word_1_603' title='bbox 2764 2226 2853 2281; x_wconf 87' lang='grc' dir='ltr'>διά</span> <span class='ocrx_word' id='word_1_604' title='bbox 2872 2227 3095 2294; x_wconf 87' lang='grc' dir='ltr'>τούτους</span> <span class='ocrx_word' id='word_1_605' title='bbox 3115 2227 3326 2295; x_wconf 79' lang='grc' dir='ltr'>ἀξιοῦσι</span> <span class='ocrx_word' id='word_1_606' title='bbox 3361 2229 3663 2297; x_wconf 71' lang='grc' dir='ltr'>σώζεσθαι*</span> <span class='ocrx_word' id='word_1_607' title='bbox 3685 2232 3767 2286; x_wconf 77' lang='grc' dir='ltr'>διὸ</span> 
     </span>
    </p>
   </div>
   <div class='ocr_carea' id='block_1_74' title="bbox 2184 2324 3764 2400">
    <p class='ocr_par' dir='ltr' id='par_1_74' title="bbox 2184 2324 3764 2400">
     <span class='ocr_line' id='line_1_74' title="bbox 2184 2324 3764 2400; baseline 0.003 -18"><span class='ocrx_word' id='word_1_608' title='bbox 2184 2329 2280 2382; x_wconf 75' lang='grc' dir='ltr'>καὶ</span> <span class='ocrx_word' id='word_1_609' title='bbox 2296 2326 2514 2396; x_wconf 90' lang='grc' dir='ltr'>λέγουσι</span> <span class='ocrx_word' id='word_1_610' title='bbox 2531 2340 2544 2353; x_wconf 89' lang='grc'>·</span> <span class='ocrx_word' id='word_1_611' title='bbox 2562 2324 2660 2393; x_wconf 82' lang='grc' dir='ltr'>Μὴ</span> <span class='ocrx_word' id='word_1_612' title='bbox 2681 2324 3042 2394; x_wconf 81' lang='grc' dir='ltr'>ἀποστήσῃς</span> <span class='ocrx_word' id='word_1_613' title='bbox 3060 2327 3127 2381; x_wconf 83' lang='grc' dir='ltr'>τὸ</span> <span class='ocrx_word' id='word_1_614' title='bbox 3144 2327 3314 2393; x_wconf 78' lang='grc' dir='ltr'>ἔλεός</span> <span class='ocrx_word' id='word_1_615' title='bbox 3328 2343 3445 2384; x_wconf 83' lang='grc' dir='ltr'>σου</span> <span class='ocrx_word' id='word_1_616' title='bbox 3463 2331 3563 2399; x_wconf 68' lang='grc' dir='ltr'>ἀφ’</span> <span class='ocrx_word' id='word_1_617' title='bbox 3576 2329 3764 2400; x_wconf 73' lang='grc' dir='ltr'>ήμῶν,</span> 
     </span>
    </p>
   </div>
   <div class='ocr_carea' id='block_1_75' title="bbox 2185 2420 3771 2493">
    <p class='ocr_par' dir='ltr' id='par_1_75' title="bbox 2185 2420 3771 2493">
     <span class='ocr_line' id='line_1_75' title="bbox 2185 2420 3771 2493; baseline 0.003 -15"><span class='ocrx_word' id='word_1_618' title='bbox 2185 2424 2259 2479; x_wconf 83' lang='grc' dir='ltr'>δι’</span> <span class='ocrx_word' id='word_1_619' title='bbox 2305 2420 2562 2492; x_wconf 80' lang='grc' dir='ltr'>Ἀϐραὰμ</span> <span class='ocrx_word' id='word_1_620' title='bbox 2600 2421 2709 2476; x_wconf 84' lang='grc' dir='ltr'>τὸν</span> <span class='ocrx_word' id='word_1_621' title='bbox 2748 2421 3145 2493; x_wconf 74' lang='grc' dir='ltr'>ἠγαπημένον</span> <span class='ocrx_word' id='word_1_622' title='bbox 3178 2424 3300 2480; x_wconf 80' lang='grc' dir='ltr'>ὑπὸ</span> <span class='ocrx_word' id='word_1_623' title='bbox 3340 2425 3494 2481; x_wconf 84' lang='grc' dir='ltr'>σοῦ.</span> <span class='ocrx_word' id='word_1_624' title='bbox 3533 2426 3631 2481; x_wconf 75' lang='grc' dir='ltr'>καὶ</span> <span class='ocrx_word' id='word_1_625' title='bbox 3670 2426 3771 2483; x_wconf 76' lang='grc' dir='ltr'>διὰ</span> 
     </span>
    </p>
   </div>
   <div class='ocr_carea' id='block_1_76' title="bbox 2198 2517 3771 2595">
    <p class='ocr_par' dir='ltr' id='par_1_76' title="bbox 2198 2517 3771 2595">
     <span class='ocr_line' id='line_1_76' title="bbox 2198 2517 3771 2595; baseline 0.002 -19"><span class='ocrx_word' id='word_1_626' title='bbox 2198 2521 2395 2577; x_wconf 76' lang='grc' dir='ltr'>Ἰσαὰκ</span> <span class='ocrx_word' id='word_1_627' title='bbox 2429 2520 2537 2573; x_wconf 84' lang='grc' dir='ltr'>τὸν</span> <span class='ocrx_word' id='word_1_628' title='bbox 2572 2517 2802 2573; x_wconf 72' lang='grc' dir='ltr'>δοῦλόν</span> <span class='ocrx_word' id='word_1_629' title='bbox 2833 2533 2952 2573; x_wconf 90' lang='grc' dir='ltr'>σου</span> <span class='ocrx_word' id='word_1_630' title='bbox 2974 2559 2990 2585; x_wconf 94' lang='grc'>,</span> <span class='ocrx_word' id='word_1_631' title='bbox 3041 2519 3142 2574; x_wconf 77' lang='grc' dir='ltr'>καὶ</span> <span class='ocrx_word' id='word_1_632' title='bbox 3174 2520 3421 2590; x_wconf 62' lang='grc' dir='ltr'>Ἰσραὴλ</span> <span class='ocrx_word' id='word_1_633' title='bbox 3454 2524 3564 2578; x_wconf 81' lang='grc' dir='ltr'>τὸν</span> <span class='ocrx_word' id='word_1_634' title='bbox 3597 2523 3771 2595; x_wconf 80' lang='grc' dir='ltr'>ἅγιόν</span> 
     </span>
    </p>
   </div>
   <div class='ocr_carea' id='block_1_77' title="bbox 2186 2612 3769 2691">
    <p class='ocr_par' dir='ltr' id='par_1_77' title="bbox 2186 2612 3769 2691">
     <span class='ocr_line' id='line_1_77' title="bbox 2186 2612 3769 2691; baseline 0.001 -19"><span class='ocrx_word' id='word_1_635' title='bbox 2186 2632 2325 2672; x_wconf 86' lang='grc' dir='ltr'>σου.</span> <span class='ocrx_word' id='word_1_636' title='bbox 2348 2615 2412 2669; x_wconf 68' lang='lat' dir='ltr'><strong>Ei</strong></span> <span class='ocrx_word' id='word_1_637' title='bbox 2451 2614 2509 2669; x_wconf 85' lang='grc' dir='ltr'>δὲ</span> <span class='ocrx_word' id='word_1_638' title='bbox 2548 2613 2819 2685; x_wconf 87' lang='grc' dir='ltr'>τοσαύτην</span> <span class='ocrx_word' id='word_1_639' title='bbox 2856 2612 3000 2686; x_wconf 80' lang='grc' dir='ltr'>εἶχον</span> <span class='ocrx_word' id='word_1_640' title='bbox 3042 2617 3215 2687; x_wconf 78' lang='grc' dir='ltr'>ἰσχὺν,</span> <span class='ocrx_word' id='word_1_641' title='bbox 3238 2618 3354 2683; x_wconf 85' lang='grc' dir='ltr'>πῶς</span> <span class='ocrx_word' id='word_1_642' title='bbox 3388 2615 3532 2690; x_wconf 79' lang='grc' dir='ltr'>ἦσαν</span> <span class='ocrx_word' id='word_1_643' title='bbox 3549 2620 3769 2691; x_wconf 81' lang='grc' dir='ltr'>νεκροί;</span> 
     </span>
    </p>
   </div>
   <div class='ocr_carea' id='block_1_78' title="bbox 2188 2710 3770 2786">
    <p class='ocr_par' dir='ltr' id='par_1_78' title="bbox 2188 2710 3770 2786">
     <span class='ocr_line' id='line_1_78' title="bbox 2188 2710 3770 2786; baseline 0.004 -20"><span class='ocrx_word' id='word_1_644' title='bbox 2188 2713 2299 2768; x_wconf 59' lang='lat' dir='ltr'>Kal</span> <span class='ocrx_word' id='word_1_645' title='bbox 2338 2710 2502 2767; x_wconf 86' lang='grc' dir='ltr'>πάλιν</span> <span class='ocrx_word' id='word_1_646' title='bbox 2535 2715 2564 2766; x_wconf 87' lang='grc' dir='ltr'>ὁ</span> <span class='ocrx_word' id='word_1_647' title='bbox 2595 2711 2831 2784; x_wconf 86' lang='grc' dir='ltr'>Χριστός</span> <span class='ocrx_word' id='word_1_648' title='bbox 2851 2728 2866 2743; x_wconf 78' lang='grc' dir='ltr'>ο</span> <span class='ocrx_word' id='word_1_649' title='bbox 2910 2713 3086 2782; x_wconf 71' lang='grc' dir='ltr'>Ἄφες</span> <span class='ocrx_word' id='word_1_650' title='bbox 3116 2713 3260 2782; x_wconf 82' lang='grc' dir='ltr'>τοὺς</span> <span class='ocrx_word' id='word_1_651' title='bbox 3293 2716 3548 2786; x_wconf 81' lang='grc' dir='ltr'>νεκροὺς</span> <span class='ocrx_word' id='word_1_652' title='bbox 3585 2715 3770 2786; x_wconf 69' lang='grc' dir='ltr'>θάψαι</span> 
     </span>
    </p>
   </div>
   <div class='ocr_carea' id='block_1_79' title="bbox 2187 2807 3772 2878">
    <p class='ocr_par' dir='ltr' id='par_1_79' title="bbox 2187 2807 3772 2878">
     <span class='ocr_line' id='line_1_79' title="bbox 2187 2807 3772 2878; baseline 0.004 -16"><span class='ocrx_word' id='word_1_653' title='bbox 2187 2808 2331 2876; x_wconf 82' lang='grc' dir='ltr'>τοὺς</span> <span class='ocrx_word' id='word_1_654' title='bbox 2367 2807 2598 2863; x_wconf 82' lang='grc' dir='ltr'>ἑαυτῶν</span> <span class='ocrx_word' id='word_1_655' title='bbox 2629 2809 2901 2877; x_wconf 79' lang='grc' dir='ltr'>νεκρούς.</span> <span class='ocrx_word' id='word_1_656' title='bbox 2922 2810 3021 2864; x_wconf 75' lang='grc' dir='ltr'>Διά</span> <span class='ocrx_word' id='word_1_657' title='bbox 3050 2811 3210 2866; x_wconf 85' lang='grc' dir='ltr'>τοῦτο</span> <span class='ocrx_word' id='word_1_658' title='bbox 3227 2813 3441 2878; x_wconf 84' lang='grc' dir='ltr'>Παῦλος</span> <span class='ocrx_word' id='word_1_659' title='bbox 3472 2816 3601 2878; x_wconf 78' lang='grc' dir='ltr'>τούς</span> <span class='ocrx_word' id='word_1_660' title='bbox 3636 2814 3772 2868; x_wconf 87' lang='grc' dir='ltr'>ἀπο-</span> 
     </span>
    </p>
   </div>
   <div class='ocr_carea' id='block_1_80' title="bbox 2189 2903 3768 2983">
    <p class='ocr_par' dir='ltr' id='par_1_80' title="bbox 2189 2903 3768 2983">
     <span class='ocr_line' id='line_1_80' title="bbox 2189 2903 3768 2983; baseline 0.003 -23"><span class='ocrx_word' id='word_1_661' title='bbox 2189 2905 2473 2970; x_wconf 80' lang='grc' dir='ltr'>θανόντας,</span> <span class='ocrx_word' id='word_1_662' title='bbox 2493 2905 2557 2958; x_wconf 88' lang='grc' dir='ltr'>οὐ</span> <span class='ocrx_word' id='word_1_663' title='bbox 2595 2903 2825 2976; x_wconf 77' lang='grc' dir='ltr'>νεκροὺς</span> <span class='ocrx_word' id='word_1_664' title='bbox 2864 2904 3038 2972; x_wconf 85' lang='grc' dir='ltr'>καλεῖ,</span> <span class='ocrx_word' id='word_1_665' title='bbox 3058 2906 3194 2961; x_wconf 89' lang='grc' dir='ltr'>ἀλλά</span> <span class='ocrx_word' id='word_1_666' title='bbox 3228 2908 3356 2974; x_wconf 75' lang='grc' dir='ltr'>τοὺς</span> <span class='ocrx_word' id='word_1_667' title='bbox 3385 2910 3768 2983; x_wconf 82' lang='grc' dir='ltr'>κοιμηθέντας,</span> 
     </span>
    </p>
   </div>
   <div class='ocr_carea' id='block_1_81' title="bbox 2190 2999 3774 3077">
    <p class='ocr_par' dir='ltr' id='par_1_81' title="bbox 2190 2999 3774 3077">
     <span class='ocr_line' id='line_1_81' title="bbox 2190 2999 3774 3077; baseline 0.003 -21"><span class='ocrx_word' id='word_1_668' title='bbox 2190 3002 2422 3076; x_wconf 81' lang='grc' dir='ltr'>γράφων</span> <span class='ocrx_word' id='word_1_669' title='bbox 2445 3016 2460 3031; x_wconf 79' lang='grc' dir='ltr'><strong><em>ο</em></strong></span> <span class='ocrx_word' id='word_1_670' title='bbox 2497 3001 2581 3055; x_wconf 81' lang='grc' dir='ltr'>Οὐ</span> <span class='ocrx_word' id='word_1_671' title='bbox 2616 2999 2770 3055; x_wconf 72' lang='grc' dir='ltr'>θέλω</span> <span class='ocrx_word' id='word_1_672' title='bbox 2796 3000 2863 3053; x_wconf 80' lang='grc' dir='ltr'>δὲ</span> <span class='ocrx_word' id='word_1_673' title='bbox 2891 2999 3047 3071; x_wconf 82' lang='grc' dir='ltr'>ὑμᾶς</span> <span class='ocrx_word' id='word_1_674' title='bbox 3064 3002 3326 3072; x_wconf 73' lang='grc' dir='ltr'>ἀγνοεῖν,</span> <span class='ocrx_word' id='word_1_675' title='bbox 3347 3005 3618 3077; x_wconf 74' lang='grc' dir='ltr'>ἀδελφοὶ,</span> <span class='ocrx_word' id='word_1_676' title='bbox 3639 3005 3774 3074; x_wconf 75' lang='grc' dir='ltr'>περὶ</span> 
     </span>
    </p>
   </div>
   <div class='ocr_carea' id='block_1_82' title="bbox 2188 3097 3774 3177">
    <p class='ocr_par' dir='ltr' id='par_1_82' title="bbox 2188 3097 3774 3177">
     <span class='ocr_line' id='line_1_82' title="bbox 2188 3097 3774 3177; baseline 0.001 -20"><span class='ocrx_word' id='word_1_677' title='bbox 2188 3102 2310 3158; x_wconf 81' lang='grc' dir='ltr'>τῶν</span> <span class='ocrx_word' id='word_1_678' title='bbox 2340 3098 2806 3170; x_wconf 75' lang='grc' dir='ltr'>κεκοιμημένων.</span> <span class='ocrx_word' id='word_1_679' title='bbox 2825 3099 2882 3152; x_wconf 90' lang='lat'>&#39;0</span> <span class='ocrx_word' id='word_1_680' title='bbox 2899 3097 3009 3170; x_wconf 84' lang='grc' dir='ltr'>γὰρ</span> <span class='ocrx_word' id='word_1_681' title='bbox 3026 3098 3230 3166; x_wconf 87' lang='grc' dir='ltr'>δίκαιος</span> <span class='ocrx_word' id='word_1_682' title='bbox 3250 3103 3354 3157; x_wconf 81' lang='grc' dir='ltr'>κᾶν</span> <span class='ocrx_word' id='word_1_683' title='bbox 3370 3105 3691 3177; x_wconf 79' lang='grc' dir='ltr'>τελευτήσῃ,</span> <span class='ocrx_word' id='word_1_684' title='bbox 3712 3104 3774 3157; x_wconf 84' lang='grc' dir='ltr'>οὐ</span> 
     </span>
    </p>
   </div>
   <div class='ocr_carea' id='block_1_83' title="bbox 2189 3193 3778 3273">
    <p class='ocr_par' dir='ltr' id='par_1_83' title="bbox 2189 3193 3778 3273">
     <span class='ocr_line' id='line_1_83' title="bbox 2189 3193 3778 3273; baseline -0.005 -19"><span class='ocrx_word' id='word_1_685' title='bbox 2189 3199 2472 3271; x_wconf 81' lang='grc' dir='ltr'>τέθνηκεν,</span> <span class='ocrx_word' id='word_1_686' title='bbox 2496 3196 2631 3250; x_wconf 88' lang='grc' dir='ltr'>ἀλλά</span> <span class='ocrx_word' id='word_1_687' title='bbox 2653 3193 2919 3249; x_wconf 84' lang='grc' dir='ltr'>καθεύδει.</span> <span class='ocrx_word' id='word_1_688' title='bbox 2937 3196 2996 3249; x_wconf 89' lang='lat'>&#39;0</span> <span class='ocrx_word' id='word_1_689' title='bbox 3013 3196 3123 3268; x_wconf 87' lang='grc' dir='ltr'>γάρ</span> <span class='ocrx_word' id='word_1_690' title='bbox 3147 3198 3354 3270; x_wconf 86' lang='grc' dir='ltr'>μέλλων</span> <span class='ocrx_word' id='word_1_691' title='bbox 3375 3203 3455 3264; x_wconf 87' lang='grc' dir='ltr'>εἰς</span> <span class='ocrx_word' id='word_1_692' title='bbox 3483 3199 3627 3273; x_wconf 80' lang='grc' dir='ltr'>ζωὴν</span> <span class='ocrx_word' id='word_1_693' title='bbox 3657 3200 3778 3272; x_wconf 79' lang='grc' dir='ltr'>βελ-</span> 
     </span>
    </p>
   </div>
   <div class='ocr_carea' id='block_1_84' title="bbox 2189 3290 3776 3369">
    <p class='ocr_par' dir='ltr' id='par_1_84' title="bbox 2189 3290 3776 3369">
     <span class='ocr_line' id='line_1_84' title="bbox 2189 3290 3776 3369; baseline 0.001 -19"><span class='ocrx_word' id='word_1_694' title='bbox 2189 3297 2342 3350; x_wconf 88' lang='grc' dir='ltr'>τίονα</span> <span class='ocrx_word' id='word_1_695' title='bbox 2364 3290 2852 3367; x_wconf 84' lang='grc' dir='ltr'>παραπέμπεσθαι,</span> <span class='ocrx_word' id='word_1_696' title='bbox 2876 3291 3129 3348; x_wconf 86' lang='grc' dir='ltr'>καθεύδει</span> <span class='ocrx_word' id='word_1_697' title='bbox 3147 3312 3159 3325; x_wconf 80' lang='grc'><em>’</em></span> <span class='ocrx_word' id='word_1_698' title='bbox 3184 3297 3212 3349; x_wconf 87' lang='grc' dir='ltr'>ό</span> <span class='ocrx_word' id='word_1_699' title='bbox 3230 3295 3286 3350; x_wconf 84' lang='grc' dir='ltr'>δὲ</span> <span class='ocrx_word' id='word_1_700' title='bbox 3320 3298 3531 3369; x_wconf 82' lang='grc' dir='ltr'>μέλλων</span> <span class='ocrx_word' id='word_1_701' title='bbox 3562 3300 3644 3363; x_wconf 82' lang='grc' dir='ltr'>είς</span> <span class='ocrx_word' id='word_1_702' title='bbox 3675 3297 3776 3352; x_wconf 85' lang='grc' dir='ltr'>θά-</span> 
     </span>
    </p>
   </div>
   <div class='ocr_carea' id='block_1_85' title="bbox 2192 3388 3779 3464">
    <p class='ocr_par' dir='ltr' id='par_1_85' title="bbox 2192 3388 3779 3464">
     <span class='ocr_line' id='line_1_85' title="bbox 2192 3388 3779 3464; baseline 0.001 -18"><span class='ocrx_word' id='word_1_703' title='bbox 2192 3408 2354 3447; x_wconf 89' lang='grc' dir='ltr'>νατον</span> <span class='ocrx_word' id='word_1_704' title='bbox 2392 3389 2659 3445; x_wconf 86' lang='grc' dir='ltr'>ἀθάνατον</span> <span class='ocrx_word' id='word_1_705' title='bbox 2691 3388 3021 3458; x_wconf 77' lang='grc' dir='ltr'>ἀπάγεσθαι,</span> <span class='ocrx_word' id='word_1_706' title='bbox 3046 3391 3139 3444; x_wconf 68' lang='grc' dir='ltr'>κα)⁵</span> <span class='ocrx_word' id='word_1_707' title='bbox 3158 3392 3265 3457; x_wconf 82' lang='grc' dir='ltr'>ζῶν</span> <span class='ocrx_word' id='word_1_708' title='bbox 3284 3393 3662 3464; x_wconf 78' lang='grc' dir='ltr'>τετελεύτηκε,</span> <span class='ocrx_word' id='word_1_709' title='bbox 3684 3394 3779 3447; x_wconf 75' lang='grc' dir='ltr'>καὶ</span> 
     </span>
    </p>
   </div>
   <div class='ocr_carea' id='block_1_86' title="bbox 2192 3480 3776 3567">
    <p class='ocr_par' dir='ltr' id='par_1_86' title="bbox 2192 3480 3776 3567">
     <span class='ocr_line' id='line_1_86' title="bbox 2192 3480 3776 3567; baseline 0 -26"><span class='ocrx_word' id='word_1_710' title='bbox 2192 3486 2388 3557; x_wconf 81' lang='grc' dir='ltr'>νεκρός</span> <span class='ocrx_word' id='word_1_711' title='bbox 2419 3484 2835 3539; x_wconf 83' lang='grc' dir='ltr'>ἐστιν.Έκεῖνοι</span> <span class='ocrx_word' id='word_1_712' title='bbox 2874 3486 2954 3549; x_wconf 90' lang='grc' dir='ltr'>είς</span> <span class='ocrx_word' id='word_1_713' title='bbox 2990 3484 3122 3567; x_wconf 65' lang='grc' dir='ltr'>ἀδην</span> <span class='ocrx_word' id='word_1_714' title='bbox 3159 3480 3776 3543; x_wconf 75' lang='grc' dir='ltr'>καταϐαίνουσινόῦτοι</span> 
     </span>
    </p>
   </div>
   <div class='ocr_carea' id='block_1_87' title="bbox 2197 3581 3775 3656">
    <p class='ocr_par' dir='ltr' id='par_1_87' title="bbox 2197 3581 3775 3656">
     <span class='ocr_line' id='line_1_87' title="bbox 2197 3581 3775 3656; baseline 0 -18"><span class='ocrx_word' id='word_1_715' title='bbox 2197 3586 2276 3648; x_wconf 85' lang='grc' dir='ltr'>είς</span> <span class='ocrx_word' id='word_1_716' title='bbox 2316 3583 2545 3656; x_wconf 78' lang='grc' dir='ltr'>οὐρανὸν</span> <span class='ocrx_word' id='word_1_717' title='bbox 2581 3581 2968 3651; x_wconf 87' lang='grc' dir='ltr'>ἀναϐήσονται,</span> <span class='ocrx_word' id='word_1_718' title='bbox 2991 3583 3087 3637; x_wconf 78' lang='grc' dir='ltr'>καὶ</span> <span class='ocrx_word' id='word_1_719' title='bbox 3108 3583 3245 3655; x_wconf 88' lang='grc' dir='ltr'>μετά</span> <span class='ocrx_word' id='word_1_720' title='bbox 3263 3582 3500 3656; x_wconf 78' lang='grc' dir='ltr'>Χριστοῦ</span> <span class='ocrx_word' id='word_1_721' title='bbox 3542 3584 3775 3639; x_wconf 75' lang='grc' dir='ltr'>ἔσονται.</span> 
     </span>
    </p>
   </div>
   <div class='ocr_carea' id='block_1_88' title="bbox 2196 3676 3779 3752">
    <p class='ocr_par' dir='ltr' id='par_1_88' title="bbox 2196 3676 3779 3752">
     <span class='ocr_line' id='line_1_88' title="bbox 2196 3676 3779 3752; baseline 0.002 -18"><span class='ocrx_word' id='word_1_722' title='bbox 2196 3680 2295 3734; x_wconf 82' lang='grc' dir='ltr'>Διά</span> <span class='ocrx_word' id='word_1_723' title='bbox 2312 3680 2375 3750; x_wconf 79' lang='grc' dir='ltr'>δὴ</span> <span class='ocrx_word' id='word_1_724' title='bbox 2392 3679 2551 3733; x_wconf 88' lang='grc' dir='ltr'>τοῦτο</span> <span class='ocrx_word' id='word_1_725' title='bbox 2567 3678 2662 3733; x_wconf 71' lang='grc' dir='ltr'>καὶ</span> <span class='ocrx_word' id='word_1_726' title='bbox 2682 3679 2710 3732; x_wconf 83' lang='grc' dir='ltr'>ὁ</span> <span class='ocrx_word' id='word_1_727' title='bbox 2724 3677 3012 3752; x_wconf 83' lang='grc' dir='ltr'>Προφήτης</span> <span class='ocrx_word' id='word_1_728' title='bbox 3029 3679 3127 3751; x_wconf 85' lang='grc' dir='ltr'>οὐχ</span> <span class='ocrx_word' id='word_1_729' title='bbox 3147 3680 3333 3745; x_wconf 83' lang='grc' dir='ltr'>ἁπλῶς</span> <span class='ocrx_word' id='word_1_730' title='bbox 3352 3676 3524 3744; x_wconf 72' lang='grc' dir='ltr'>εἶπεν,</span> <span class='ocrx_word' id='word_1_731' title='bbox 3542 3684 3607 3737; x_wconf 83' lang='lat' dir='ltr'>Ol</span> <span class='ocrx_word' id='word_1_732' title='bbox 3635 3680 3779 3743; x_wconf 74' lang='grc' dir='ltr'>ζῶν-</span> 
     </span>
    </p>
   </div>
   <div class='ocr_carea' id='block_1_89' title="bbox 2198 3772 3775 3846">
    <p class='ocr_par' dir='ltr' id='par_1_89' title="bbox 2198 3772 3775 3846">
     <span class='ocr_line' id='line_1_89' title="bbox 2198 3772 3775 3846; baseline 0.001 -15"><span class='ocrx_word' id='word_1_733' title='bbox 2198 3795 2318 3844; x_wconf 84' lang='grc' dir='ltr'>τες,</span> <span class='ocrx_word' id='word_1_734' title='bbox 2344 3776 2493 3841; x_wconf 83' lang='grc' dir='ltr'>ἀλλ’,</span> <span class='ocrx_word' id='word_1_735' title='bbox 2527 3774 2718 3846; x_wconf 80' lang='grc' dir='ltr'>Ἡμεῖς</span> <span class='ocrx_word' id='word_1_736' title='bbox 2754 3777 2808 3829; x_wconf 84' lang='grc' dir='ltr'>οί</span> <span class='ocrx_word' id='word_1_737' title='bbox 2834 3772 3180 3845; x_wconf 65' lang='grc' dir='ltr'>ζῦντες,καὶ</span> <span class='ocrx_word' id='word_1_738' title='bbox 3207 3776 3265 3831; x_wconf 74' lang='grc' dir='ltr'>τὸ</span> <span class='ocrx_word' id='word_1_739' title='bbox 3287 3776 3407 3831; x_wconf 87' lang='grc' dir='ltr'>καθ’</span> <span class='ocrx_word' id='word_1_740' title='bbox 3429 3778 3620 3833; x_wconf 71' lang='grc' dir='ltr'>ἑαυτὸν</span> <span class='ocrx_word' id='word_1_741' title='bbox 3641 3777 3775 3842; x_wconf 89' lang='grc' dir='ltr'>θείς.</span> 
     </span>
    </p>
   </div>
   <div class='ocr_carea' id='block_1_90' title="bbox 2198 3869 3775 3950">
    <p class='ocr_par' dir='ltr' id='par_1_90' title="bbox 2198 3869 3775 3950">
     <span class='ocr_line' id='line_1_90' title="bbox 2198 3869 3775 3950; baseline 0 -20"><span class='ocrx_word' id='word_1_742' title='bbox 2198 3875 2311 3931; x_wconf 70' lang='grc' dir='ltr'>Καὶ</span> <span class='ocrx_word' id='word_1_743' title='bbox 2348 3874 2438 3929; x_wconf 80' lang='grc' dir='ltr'>διὰ</span> <span class='ocrx_word' id='word_1_744' title='bbox 2477 3873 2530 3928; x_wconf 93' lang='grc' dir='ltr'>τί</span> <span class='ocrx_word' id='word_1_745' title='bbox 2570 3873 2645 3946; x_wconf 84' lang='grc' dir='ltr'>μὴ</span> <span class='ocrx_word' id='word_1_746' title='bbox 2686 3869 2860 3938; x_wconf 74' lang='grc' dir='ltr'>εἶπεν,</span> <span class='ocrx_word' id='word_1_747' title='bbox 2884 3876 2949 3928; x_wconf 82' lang='grc' dir='ltr'>οι</span> <span class='ocrx_word' id='word_1_748' title='bbox 2978 3873 3207 3941; x_wconf 81' lang='grc' dir='ltr'>ζῶντες,</span> <span class='ocrx_word' id='word_1_749' title='bbox 3247 3877 3383 3931; x_wconf 84' lang='grc' dir='ltr'>ἀλλά</span> <span class='ocrx_word' id='word_1_750' title='bbox 3416 3878 3775 3950; x_wconf 83' lang='grc' dir='ltr'>προσέθηκεν,</span> 
     </span>
    </p>
   </div>
   <div class='ocr_carea' id='block_1_91' title="bbox 2212 3954 3779 4046">
    <p class='ocr_par' dir='ltr' id='par_1_91' title="bbox 2212 3954 3779 4046">
     <span class='ocr_line' id='line_1_91' title="bbox 2212 3954 3779 4046; baseline 0.003 -18"><span class='ocrx_word' id='word_1_751' title='bbox 2212 3972 2404 4040; x_wconf 80' lang='grc' dir='ltr'>Ἡμεῖς</span> <span class='ocrx_word' id='word_1_752' title='bbox 2424 3989 2443 4039; x_wconf 91' lang='grc'><em>;</em></span> <span class='ocrx_word' id='word_1_753' title='bbox 2463 3973 2586 4026; x_wconf 87' lang='grc' dir='ltr'>’Ὁτι</span> <span class='ocrx_word' id='word_1_754' title='bbox 2624 3971 2720 4025; x_wconf 77' lang='grc' dir='ltr'>καὶ</span> <span class='ocrx_word' id='word_1_755' title='bbox 2753 3969 2964 4037; x_wconf 85' lang='grc' dir='ltr'>Παῦλος</span> <span class='ocrx_word' id='word_1_756' title='bbox 2993 3971 3165 4038; x_wconf 73' lang='grc' dir='ltr'>οὕτως</span> <span class='ocrx_word' id='word_1_757' title='bbox 3186 3968 3358 4040; x_wconf 79' lang='grc' dir='ltr'>εἶπεν,</span> <span class='ocrx_word' id='word_1_758' title='bbox 3380 3954 3693 4046; x_wconf 27' lang='grc' dir='ltr'>ὅτιιἩμεῖς</span> <span class='ocrx_word' id='word_1_759' title='bbox 3723 3977 3779 4032; x_wconf 82' lang='grc' dir='ltr'>οι</span> 
     </span>
    </p>
   </div>
   <div class='ocr_carea' id='block_1_92' title="bbox 2202 4069 3781 4142">
    <p class='ocr_par' dir='ltr' id='par_1_92' title="bbox 2202 4069 3781 4142">
     <span class='ocr_line' id='line_1_92' title="bbox 2202 4069 3781 4142; baseline 0.003 -18"><span class='ocrx_word' id='word_1_760' title='bbox 2202 4069 2430 4138; x_wconf 83' lang='grc' dir='ltr'>ζῶντες,</span> <span class='ocrx_word' id='word_1_761' title='bbox 2469 4072 2525 4125; x_wconf 79' lang='grc' dir='ltr'>οι</span> <span class='ocrx_word' id='word_1_762' title='bbox 2567 4071 3044 4140; x_wconf 75' lang='grc' dir='ltr'>περιλειπόμενοι</span> <span class='ocrx_word' id='word_1_763' title='bbox 3065 4111 3080 4136; x_wconf 93' lang='grc'>,</span> <span class='ocrx_word' id='word_1_764' title='bbox 3115 4072 3187 4125; x_wconf 86' lang='grc' dir='ltr'>οὺ</span> <span class='ocrx_word' id='word_1_765' title='bbox 3221 4070 3308 4141; x_wconf 79' lang='grc' dir='ltr'>μὴ</span> <span class='ocrx_word' id='word_1_766' title='bbox 3351 4071 3660 4142; x_wconf 70' lang='grc' dir='ltr'>φθάσομεν</span> <span class='ocrx_word' id='word_1_767' title='bbox 3694 4076 3781 4141; x_wconf 69' lang='grc' dir='ltr'>εἰς</span> 
     </span>
    </p>
   </div>
   <div class='ocr_carea' id='block_1_93' title="bbox 2202 4166 3775 4239">
    <p class='ocr_par' dir='ltr' id='par_1_93' title="bbox 2202 4166 3775 4239">
     <span class='ocr_line' id='line_1_93' title="bbox 2202 4166 3775 4239; baseline 0 -16"><span class='ocrx_word' id='word_1_768' title='bbox 2202 4167 2317 4235; x_wconf 77' lang='grc' dir='ltr'>τὴν</span> <span class='ocrx_word' id='word_1_769' title='bbox 2376 4167 2719 4235; x_wconf 77' lang='grc' dir='ltr'>παρουσίαν</span> <span class='ocrx_word' id='word_1_770' title='bbox 2772 4167 2878 4223; x_wconf 85' lang='grc' dir='ltr'>τοῦ</span> <span class='ocrx_word' id='word_1_771' title='bbox 2937 4166 3178 4234; x_wconf 86' lang='grc' dir='ltr'>Κυρίου.</span> <span class='ocrx_word' id='word_1_772' title='bbox 3221 4166 3488 4239; x_wconf 82' lang='grc' dir='ltr'>Καθάπερ</span> <span class='ocrx_word' id='word_1_773' title='bbox 3525 4168 3647 4234; x_wconf 48' lang='grc' dir='ltr'>ἐκεῖ,</span> <span class='ocrx_word' id='word_1_774' title='bbox 3676 4167 3775 4235; x_wconf 85' lang='grc' dir='ltr'>τδ,</span> 
     </span>
    </p>
   </div>
   <div class='ocr_carea' id='block_1_94' title="bbox 2217 4264 3782 4339">
    <p class='ocr_par' dir='ltr' id='par_1_94' title="bbox 2217 4264 3782 4339">
     <span class='ocr_line' id='line_1_94' title="bbox 2217 4264 3782 4339; baseline 0 -18"><span class='ocrx_word' id='word_1_775' title='bbox 2217 4264 2429 4335; x_wconf 82' lang='grc' dir='ltr'>Ἡμεῖς,</span> <span class='ocrx_word' id='word_1_776' title='bbox 2453 4264 2870 4336; x_wconf 88' lang='grc' dir='ltr'>προσκείμενον,</span> <span class='ocrx_word' id='word_1_777' title='bbox 2890 4264 2991 4318; x_wconf 88' lang='grc' dir='ltr'>οὐκ</span> <span class='ocrx_word' id='word_1_778' title='bbox 3026 4264 3220 4336; x_wconf 81' lang='grc' dir='ltr'>ἀφίησι</span> <span class='ocrx_word' id='word_1_779' title='bbox 3239 4264 3302 4318; x_wconf 80' lang='grc' dir='ltr'>τὸ</span> <span class='ocrx_word' id='word_1_780' title='bbox 3337 4265 3626 4338; x_wconf 83' lang='grc' dir='ltr'>εἰρημένον</span> <span class='ocrx_word' id='word_1_781' title='bbox 3654 4266 3782 4339; x_wconf 73' lang='grc' dir='ltr'>περὶ</span> 
     </span>
    </p>
   </div>
   <div class='ocr_carea' id='block_1_95' title="bbox 2205 4361 3785 4437">
    <p class='ocr_par' dir='ltr' id='par_1_95' title="bbox 2205 4361 3785 4437">
     <span class='ocr_line' id='line_1_95' title="bbox 2205 4361 3785 4437; baseline 0 -19"><span class='ocrx_word' id='word_1_782' title='bbox 2205 4363 2428 4419; x_wconf 88' lang='grc' dir='ltr'>πάντων</span> <span class='ocrx_word' id='word_1_783' title='bbox 2467 4362 2744 4432; x_wconf 88' lang='grc' dir='ltr'>λέγεσθαι,</span> <span class='ocrx_word' id='word_1_784' title='bbox 2764 4361 2902 4416; x_wconf 82' lang='grc' dir='ltr'>ἀλλὰ</span> <span class='ocrx_word' id='word_1_785' title='bbox 2943 4362 3067 4434; x_wconf 81' lang='grc' dir='ltr'>περὶ</span> <span class='ocrx_word' id='word_1_786' title='bbox 3103 4362 3212 4417; x_wconf 83' lang='grc' dir='ltr'>τῶν</span> <span class='ocrx_word' id='word_1_787' title='bbox 3231 4363 3456 4431; x_wconf 83' lang='grc' dir='ltr'>πιστῶν,</span> <span class='ocrx_word' id='word_1_788' title='bbox 3480 4363 3576 4418; x_wconf 78' lang='grc' dir='ltr'>καὶ</span> <span class='ocrx_word' id='word_1_789' title='bbox 3593 4364 3785 4437; x_wconf 83' lang='grc' dir='ltr'>ἐκείνῳ</span> 
     </span>
    </p>
   </div>
   <div class='ocr_carea' id='block_1_96' title="bbox 2205 4458 3787 4531">
    <p class='ocr_par' dir='ltr' id='par_1_96' title="bbox 2205 4458 3787 4531">
     <span class='ocr_line' id='line_1_96' title="bbox 2205 4458 3787 4531; baseline 0.001 -16"><span class='ocrx_word' id='word_1_790' title='bbox 2205 4460 2350 4515; x_wconf 83' lang='grc' dir='ltr'>κατά</span> <span class='ocrx_word' id='word_1_791' title='bbox 2388 4460 2488 4531; x_wconf 78' lang='grc' dir='ltr'>τὴν</span> <span class='ocrx_word' id='word_1_792' title='bbox 2532 4458 2806 4514; x_wconf 85' lang='grc' dir='ltr'>πολιτείαν</span> <span class='ocrx_word' id='word_1_793' title='bbox 2844 4459 3132 4513; x_wconf 83' lang='grc' dir='ltr'>ἐοικότων·</span> <span class='ocrx_word' id='word_1_794' title='bbox 3167 4460 3309 4514; x_wconf 80' lang='grc' dir='ltr'>οὕτω</span> <span class='ocrx_word' id='word_1_795' title='bbox 3339 4462 3433 4516; x_wconf 78' lang='grc' dir='ltr'>καὶ</span> <span class='ocrx_word' id='word_1_796' title='bbox 3450 4461 3684 4517; x_wconf 81' lang='grc' dir='ltr'>ἐνταῦθα</span> <span class='ocrx_word' id='word_1_797' title='bbox 3700 4461 3787 4529; x_wconf 66' lang='grc' dir='ltr'>τὸ,</span> 
     </span>
    </p>
   </div>
   <div class='ocr_carea' id='block_1_97' title="bbox 2219 4540 3785 4626">
    <p class='ocr_par' dir='ltr' id='par_1_97' title="bbox 2219 4540 3785 4626">
     <span class='ocr_line' id='line_1_97' title="bbox 2219 4540 3785 4626; baseline -0.001 -13"><span class='ocrx_word' id='word_1_798' title='bbox 2219 4555 2413 4626; x_wconf 82' lang='grc' dir='ltr'>Ἡμεῖς</span> <span class='ocrx_word' id='word_1_799' title='bbox 2436 4540 2490 4609; x_wconf 74' lang='grc' dir='ltr'>οἱ</span> <span class='ocrx_word' id='word_1_800' title='bbox 2512 4554 2745 4622; x_wconf 84' lang='grc' dir='ltr'>ζῶντες,</span> <span class='ocrx_word' id='word_1_801' title='bbox 2767 4554 2894 4619; x_wconf 80' lang='grc' dir='ltr'>τοὺς</span> <span class='ocrx_word' id='word_1_802' title='bbox 2912 4553 3054 4609; x_wconf 86' lang='grc' dir='ltr'>κατὰ</span> <span class='ocrx_word' id='word_1_803' title='bbox 3070 4555 3161 4609; x_wconf 83' lang='grc' dir='ltr'>τὸν</span> <span class='ocrx_word' id='word_1_804' title='bbox 3179 4555 3341 4611; x_wconf 84' lang='grc' dir='ltr'>Δαυῖδ</span> <span class='ocrx_word' id='word_1_805' title='bbox 3360 4556 3528 4626; x_wconf 79' lang='grc' dir='ltr'>λέγει,</span> <span class='ocrx_word' id='word_1_806' title='bbox 3549 4558 3785 4622; x_wconf 74' lang='grc' dir='ltr'>καὶτοὺς</span> 
     </span>
    </p>
   </div>
   <div class='ocr_carea' id='block_1_98' title="bbox 2208 4648 3784 4732">
    <p class='ocr_par' dir='ltr' id='par_1_98' title="bbox 2208 4648 3784 4732">
     <span class='ocr_line' id='line_1_98' title="bbox 2208 4648 3784 4732; baseline 0.002 -26"><span class='ocrx_word' id='word_1_807' title='bbox 2208 4654 2268 4706; x_wconf 86' lang='grc' dir='ltr'>ἐν</span> <span class='ocrx_word' id='word_1_808' title='bbox 2288 4654 2459 4723; x_wconf 80' lang='grc' dir='ltr'>ἀρετῇ</span> <span class='ocrx_word' id='word_1_809' title='bbox 2482 4650 2711 4715; x_wconf 74' lang='grc' dir='ltr'>ζῶντας.</span> <span class='ocrx_word' id='word_1_810' title='bbox 2730 4648 2864 4704; x_wconf 81' lang='grc' dir='ltr'>Ἀπὸ</span> <span class='ocrx_word' id='word_1_811' title='bbox 2881 4649 2989 4705; x_wconf 79' lang='grc' dir='ltr'>τοῦ</span> <span class='ocrx_word' id='word_1_812' title='bbox 3005 4650 3123 4705; x_wconf 85' lang='grc' dir='ltr'>νῦν</span> <span class='ocrx_word' id='word_1_813' title='bbox 3141 4651 3239 4705; x_wconf 78' lang='grc' dir='ltr'>καὶ</span> <span class='ocrx_word' id='word_1_814' title='bbox 3271 4652 3383 4719; x_wconf 79' lang='grc' dir='ltr'>ἕως</span> <span class='ocrx_word' id='word_1_815' title='bbox 3413 4653 3521 4708; x_wconf 85' lang='grc' dir='ltr'>τοῦ</span> <span class='ocrx_word' id='word_1_816' title='bbox 3549 4652 3784 4732; x_wconf 69' lang='grc' dir='ltr'>αἰῶνος.</span> 
     </span>
    </p>
   </div>
   <div class='ocr_carea' id='block_1_99' title="bbox 2223 4744 3785 4819">
    <p class='ocr_par' dir='ltr' id='par_1_99' title="bbox 2223 4744 3785 4819">
     <span class='ocr_line' id='line_1_99' title="bbox 2223 4744 3785 4819; baseline 0 -17"><span class='ocrx_word' id='word_1_817' title='bbox 2223 4749 2389 4819; x_wconf 80' lang='grc' dir='ltr'>Ὁρᾷς</span> <span class='ocrx_word' id='word_1_818' title='bbox 2426 4746 2522 4801; x_wconf 77' lang='grc' dir='ltr'>καὶ</span> <span class='ocrx_word' id='word_1_819' title='bbox 2556 4745 2658 4817; x_wconf 81' lang='grc' dir='ltr'>τὴν</span> <span class='ocrx_word' id='word_1_820' title='bbox 2698 4745 2995 4816; x_wconf 83' lang='grc' dir='ltr'>ἐπαγωγὴν</span> <span class='ocrx_word' id='word_1_821' title='bbox 3033 4744 3192 4800; x_wconf 79' lang='grc' dir='ltr'>τοῦτο</span> <span class='ocrx_word' id='word_1_822' title='bbox 3244 4745 3538 4817; x_wconf 83' lang='grc' dir='ltr'>δηλοῦσαν;</span> <span class='ocrx_word' id='word_1_823' title='bbox 3577 4747 3748 4804; x_wconf 83' lang='grc' dir='ltr'>Τοῦτο</span> <span class='ocrx_word' id='word_1_824' title='bbox 3766 4788 3785 4815; x_wconf 91' lang='grc'>,</span> 
     </span>
    </p>
   </div>
   <div class='ocr_carea' id='block_1_100' title="bbox 2211 4842 3788 4915">
    <p class='ocr_par' dir='ltr' id='par_1_100' title="bbox 2211 4842 3788 4915">
     <span class='ocr_line' id='line_1_100' title="bbox 2211 4842 3788 4915; baseline -0.001 -16"><span class='ocrx_word' id='word_1_825' title='bbox 2211 4848 2393 4912; x_wconf 75' lang='grc' dir='ltr'>ποῖονς</span> <span class='ocrx_word' id='word_1_826' title='bbox 2417 4845 2540 4899; x_wconf 86' lang='grc' dir='ltr'>Ὅτι</span> <span class='ocrx_word' id='word_1_827' title='bbox 2574 4842 2834 4915; x_wconf 76' lang='grc' dir='ltr'>περὶτῶν</span> <span class='ocrx_word' id='word_1_828' title='bbox 2862 4844 2985 4898; x_wconf 83' lang='grc' dir='ltr'>κατ’</span> <span class='ocrx_word' id='word_1_829' title='bbox 3005 4843 3206 4915; x_wconf 76' lang='grc' dir='ltr'>ἀρετὴν</span> <span class='ocrx_word' id='word_1_830' title='bbox 3242 4842 3459 4908; x_wconf 75' lang='grc' dir='ltr'>ζώντων</span> <span class='ocrx_word' id='word_1_831' title='bbox 3490 4844 3659 4915; x_wconf 74' lang='grc' dir='ltr'>λέγει.</span> <span class='ocrx_word' id='word_1_832' title='bbox 3679 4845 3788 4898; x_wconf 85' lang='grc' dir='ltr'>Οὐ-</span> 
     </span>
    </p>
   </div>
   <div class='ocr_carea' id='block_1_101' title="bbox 2212 4938 3788 5012">
    <p class='ocr_par' dir='ltr' id='par_1_101' title="bbox 2212 4938 3788 5012">
     <span class='ocr_line' id='line_1_101' title="bbox 2212 4938 3788 5012; baseline 0.001 -16"><span class='ocrx_word' id='word_1_833' title='bbox 2212 4943 2324 5007; x_wconf 74' lang='grc' dir='ltr'>δεὶς</span> <span class='ocrx_word' id='word_1_834' title='bbox 2341 4940 2473 5010; x_wconf 88' lang='grc' dir='ltr'>γοῦν</span> <span class='ocrx_word' id='word_1_835' title='bbox 2492 4940 2582 4994; x_wconf 82' lang='grc' dir='ltr'>τὸν</span> <span class='ocrx_word' id='word_1_836' title='bbox 2604 4938 2775 4993; x_wconf 87' lang='grc' dir='ltr'>αίῶνα</span> <span class='ocrx_word' id='word_1_837' title='bbox 2809 4939 2876 5011; x_wconf 77' lang='grc' dir='ltr'>ζῇ</span> <span class='ocrx_word' id='word_1_838' title='bbox 2912 4939 3011 5011; x_wconf 82' lang='grc' dir='ltr'>τὴν</span> <span class='ocrx_word' id='word_1_839' title='bbox 3040 4940 3185 5012; x_wconf 79' lang='grc' dir='ltr'>ζωὴν</span> <span class='ocrx_word' id='word_1_840' title='bbox 3214 4939 3441 5011; x_wconf 83' lang='grc' dir='ltr'>ταύτην,</span> <span class='ocrx_word' id='word_1_841' title='bbox 3461 4941 3577 4995; x_wconf 87' lang='grc' dir='ltr'>ἀλλ’</span> <span class='ocrx_word' id='word_1_842' title='bbox 3593 4944 3788 4997; x_wconf 77' lang='grc' dir='ltr'>ἐκεῖνοι</span> 
     </span>
    </p>
   </div>
   <div class='ocr_carea' id='block_1_102' title="bbox 2217 5033 3791 5110">
    <p class='ocr_par' dir='ltr' id='par_1_102' title="bbox 2217 5033 3791 5110">
     <span class='ocr_line' id='line_1_102' title="bbox 2217 5033 3791 5110; baseline -0.001 -18"><span class='ocrx_word' id='word_1_843' title='bbox 2217 5039 2391 5110; x_wconf 86' lang='grc' dir='ltr'>μόνοι,</span> <span class='ocrx_word' id='word_1_844' title='bbox 2404 5037 2455 5103; x_wconf 82' lang='grc' dir='ltr'>οἳ</span> <span class='ocrx_word' id='word_1_845' title='bbox 2476 5035 2571 5090; x_wconf 77' lang='grc' dir='ltr'>καὶ</span> <span class='ocrx_word' id='word_1_846' title='bbox 2589 5033 2880 5101; x_wconf 81' lang='grc' dir='ltr'>διαπαντὸς</span> <span class='ocrx_word' id='word_1_847' title='bbox 2899 5034 3034 5100; x_wconf 79' lang='grc' dir='ltr'>ζῶσι</span> <span class='ocrx_word' id='word_1_848' title='bbox 3053 5034 3150 5107; x_wconf 82' lang='grc' dir='ltr'>τὴν</span> <span class='ocrx_word' id='word_1_849' title='bbox 3173 5035 3310 5110; x_wconf 87' lang='grc' dir='ltr'>μετά</span> <span class='ocrx_word' id='word_1_850' title='bbox 3324 5035 3483 5106; x_wconf 82' lang='grc' dir='ltr'>δόξης</span> <span class='ocrx_word' id='word_1_851' title='bbox 3501 5036 3664 5109; x_wconf 80' lang='grc' dir='ltr'>ζωήν.</span> <span class='ocrx_word' id='word_1_852' title='bbox 3679 5036 3791 5100; x_wconf 76' lang='grc' dir='ltr'>Καὶ</span> 
     </span>
    </p>
   </div>
   <div class='ocr_carea' id='block_1_103' title="bbox 2214 5129 3791 5211">
    <p class='ocr_par' dir='ltr' id='par_1_103' title="bbox 2214 5129 3791 5211">
     <span class='ocr_line' id='line_1_103' title="bbox 2214 5129 3791 5211; baseline -0.001 -23"><span class='ocrx_word' id='word_1_853' title='bbox 2214 5133 2324 5211; x_wconf 80' lang='grc' dir='ltr'>γὰρ</span> <span class='ocrx_word' id='word_1_854' title='bbox 2363 5132 2459 5188; x_wconf 81' lang='grc' dir='ltr'>καὶ</span> <span class='ocrx_word' id='word_1_855' title='bbox 2497 5131 2548 5185; x_wconf 85' lang='grc' dir='ltr'>οί</span> <span class='ocrx_word' id='word_1_856' title='bbox 2588 5130 2903 5201; x_wconf 62' lang='grc' dir='ltr'>ἁμαρτωλοὶ¹</span> <span class='ocrx_word' id='word_1_857' title='bbox 2920 5129 3114 5196; x_wconf 74' lang='grc' dir='ltr'>ζῶσινο</span> <span class='ocrx_word' id='word_1_858' title='bbox 3135 5130 3249 5184; x_wconf 82' lang='grc' dir='ltr'>ἀλλ’</span> <span class='ocrx_word' id='word_1_859' title='bbox 3268 5132 3327 5191; x_wconf 85' lang='grc' dir='ltr'>ἐν</span> <span class='ocrx_word' id='word_1_860' title='bbox 3359 5130 3579 5185; x_wconf 80' lang='grc' dir='ltr'>κολάσει</span> <span class='ocrx_word' id='word_1_861' title='bbox 3596 5132 3692 5195; x_wconf 80' lang='grc' dir='ltr'>καὶ</span> <span class='ocrx_word' id='word_1_862' title='bbox 3706 5149 3791 5188; x_wconf 59' lang='grc' dir='ltr'>τι-</span> 
     </span>
    </p>
   </div>
   <div class='ocr_carea' id='block_1_104' title="bbox 2218 5220 3790 5301">
    <p class='ocr_par' dir='ltr' id='par_1_104' title="bbox 2218 5220 3790 5301">
     <span class='ocr_line' id='line_1_104' title="bbox 2218 5220 3790 5301; baseline -0.004 -17"><span class='ocrx_word' id='word_1_863' title='bbox 2218 5228 2423 5301; x_wconf 77' lang='grc' dir='ltr'>μωρίᾳ,</span> <span class='ocrx_word' id='word_1_864' title='bbox 2446 5229 2541 5283; x_wconf 64' lang='grc' dir='ltr'>καὶ</span> <span class='ocrx_word' id='word_1_865' title='bbox 2557 5228 2638 5299; x_wconf 10' lang='grc' dir='ltr'>τῷ,</span> <span class='ocrx_word' id='word_1_866' title='bbox 2655 5225 2874 5299; x_wconf 84' lang='grc' dir='ltr'>βρύχειν</span> <span class='ocrx_word' id='word_1_867' title='bbox 2891 5227 3018 5291; x_wconf 81' lang='grc' dir='ltr'>τοὺς</span> <span class='ocrx_word' id='word_1_868' title='bbox 3036 5226 3253 5293; x_wconf 75' lang='grc' dir='ltr'>ὀδόντας</span> <span class='ocrx_word' id='word_1_869' title='bbox 3276 5243 3291 5259; x_wconf 73' lang='grc' dir='ltr'><strong><em>ο</em></strong></span> <span class='ocrx_word' id='word_1_870' title='bbox 3331 5220 3478 5285; x_wconf 70' lang='grc' dir='ltr'>οὗτοι</span> <span class='ocrx_word' id='word_1_871' title='bbox 3495 5226 3552 5281; x_wconf 85' lang='grc' dir='ltr'>δέ</span> <span class='ocrx_word' id='word_1_872' title='bbox 3571 5227 3630 5281; x_wconf 89' lang='grc' dir='ltr'>ἐν</span> <span class='ocrx_word' id='word_1_873' title='bbox 3646 5227 3790 5299; x_wconf 74' lang='grc' dir='ltr'>λαμ-</span> 
     </span>
    </p>
   </div>
   <div class='ocr_carea' id='block_1_105' title="bbox 2217 5308 3796 5403">
    <p class='ocr_par' dir='ltr' id='par_1_105' title="bbox 2217 5308 3796 5403">
     <span class='ocr_line' id='line_1_105' title="bbox 2217 5308 3796 5403; baseline -0.002 -21"><span class='ocrx_word' id='word_1_874' title='bbox 2217 5328 2448 5403; x_wconf 81' lang='grc' dir='ltr'>πρότητι</span> <span class='ocrx_word' id='word_1_875' title='bbox 2484 5327 2579 5389; x_wconf 62' lang='grc' dir='ltr'>κατι</span> <span class='ocrx_word' id='word_1_876' title='bbox 2618 5308 2966 5396; x_wconf 80' lang='grc' dir='ltr'>περιφανείᾳ,</span> <span class='ocrx_word' id='word_1_877' title='bbox 2989 5322 3148 5394; x_wconf 75' lang='grc' dir='ltr'>ἔργον</span> <span class='ocrx_word' id='word_1_878' title='bbox 3167 5321 3384 5394; x_wconf 75' lang='grc' dir='ltr'>ἔχοντες</span> <span class='ocrx_word' id='word_1_879' title='bbox 3412 5323 3475 5377; x_wconf 80' lang='grc' dir='ltr'>τὸ</span> <span class='ocrx_word' id='word_1_880' title='bbox 3515 5323 3653 5396; x_wconf 81' lang='grc' dir='ltr'>μετά</span> <span class='ocrx_word' id='word_1_881' title='bbox 3680 5324 3796 5385; x_wconf 77' lang='grc' dir='ltr'>τῶν</span> 
     </span>
    </p>
   </div>
   <div class='ocr_carea' id='block_1_106' title="bbox 2219 5418 3794 5494">
    <p class='ocr_par' dir='ltr' id='par_1_106' title="bbox 2219 5418 3794 5494">
     <span class='ocr_line' id='line_1_106' title="bbox 2219 5418 3794 5494; baseline -0.002 -16"><span class='ocrx_word' id='word_1_882' title='bbox 2219 5422 2527 5494; x_wconf 83' lang='grc' dir='ltr'>ἀσωμάτων</span> <span class='ocrx_word' id='word_1_883' title='bbox 2561 5420 2842 5492; x_wconf 81' lang='grc' dir='ltr'>δυνάμεων</span> <span class='ocrx_word' id='word_1_884' title='bbox 2880 5419 3008 5482; x_wconf 79' lang='grc' dir='ltr'>τοὺς</span> <span class='ocrx_word' id='word_1_885' title='bbox 3051 5419 3346 5488; x_wconf 80' lang='grc' dir='ltr'>μυστικοὺς</span> <span class='ocrx_word' id='word_1_886' title='bbox 3384 5419 3680 5491; x_wconf 82' lang='grc' dir='ltr'>ἀναφέρειν</span> <span class='ocrx_word' id='word_1_887' title='bbox 3714 5418 3794 5491; x_wconf 81' lang='grc' dir='ltr'>τῷ</span> 
     </span>
    </p>
   </div>
   <div class='ocr_carea' id='block_1_107' title="bbox 2217 5511 3797 5591">
    <p class='ocr_par' dir='ltr' id='par_1_107' title="bbox 2217 5511 3797 5591">
     <span class='ocr_line' id='line_1_107' title="bbox 2217 5511 3797 5591; baseline -0.004 -16"><span class='ocrx_word' id='word_1_888' title='bbox 2217 5519 2334 5591; x_wconf 85' lang='grc' dir='ltr'>Θεῷ</span> <span class='ocrx_word' id='word_1_889' title='bbox 2354 5516 2699 5591; x_wconf 79' lang='grc' dir='ltr'>ῦμνους.⁶’1να</span> <span class='ocrx_word' id='word_1_890' title='bbox 2717 5511 2811 5571; x_wconf 83' lang='grc' dir='ltr'>οῦν</span> <span class='ocrx_word' id='word_1_891' title='bbox 2846 5515 2941 5576; x_wconf 76' lang='grc' dir='ltr'>καὶ</span> <span class='ocrx_word' id='word_1_892' title='bbox 2980 5516 3141 5587; x_wconf 68' lang='grc' dir='ltr'>ἡμεῖς</span> <span class='ocrx_word' id='word_1_893' title='bbox 3174 5513 3379 5585; x_wconf 86' lang='grc' dir='ltr'>ταύτης</span> <span class='ocrx_word' id='word_1_894' title='bbox 3397 5513 3797 5586; x_wconf 78' lang='grc' dir='ltr'>ἀπολαύσωμεν</span> 
     </span>
    </p>
   </div>
   <div class='ocr_carea' id='block_1_108' title="bbox 2215 5608 3794 5688">
    <p class='ocr_par' dir='ltr' id='par_1_108' title="bbox 2215 5608 3794 5688">
     <span class='ocr_line' id='line_1_108' title="bbox 2215 5608 3794 5688; baseline -0.005 -17"><span class='ocrx_word' id='word_1_895' title='bbox 2215 5618 2317 5688; x_wconf 82' lang='grc' dir='ltr'>τῆς</span> <span class='ocrx_word' id='word_1_896' title='bbox 2356 5619 2550 5688; x_wconf 80' lang='grc' dir='ltr'>χαρᾶς,</span> <span class='ocrx_word' id='word_1_897' title='bbox 2571 5613 2775 5686; x_wconf 87' lang='grc' dir='ltr'>ταύτην</span> <span class='ocrx_word' id='word_1_898' title='bbox 2812 5611 3091 5683; x_wconf 84' lang='grc' dir='ltr'>διώξωμεν</span> <span class='ocrx_word' id='word_1_899' title='bbox 3126 5612 3226 5682; x_wconf 81' lang='grc' dir='ltr'>τὴν</span> <span class='ocrx_word' id='word_1_900' title='bbox 3263 5610 3427 5682; x_wconf 73' lang='grc' dir='ltr'>ζωὴν,</span> <span class='ocrx_word' id='word_1_901' title='bbox 3448 5611 3536 5664; x_wconf 79' lang='grc' dir='ltr'>ἴνα</span> <span class='ocrx_word' id='word_1_902' title='bbox 3576 5610 3671 5665; x_wconf 75' lang='grc' dir='ltr'>καὶ</span> <span class='ocrx_word' id='word_1_903' title='bbox 3705 5608 3794 5664; x_wconf 75' lang='grc' dir='ltr'>ἐπ’</span> 
     </span>
    </p>
   </div>
   <div class='ocr_carea' id='block_1_109' title="bbox 2218 5706 3796 5785">
    <p class='ocr_par' dir='ltr' id='par_1_109' title="bbox 2218 5706 3796 5785">
     <span class='ocr_line' id='line_1_109' title="bbox 2218 5706 3796 5785; baseline -0.006 -16"><span class='ocrx_word' id='word_1_904' title='bbox 2218 5714 2432 5785; x_wconf 85' lang='grc' dir='ltr'>ἐκείνην</span> <span class='ocrx_word' id='word_1_905' title='bbox 2452 5712 2696 5782; x_wconf 76' lang='grc' dir='ltr'>ἔλθωμεν</span> <span class='ocrx_word' id='word_1_906' title='bbox 2732 5711 2829 5784; x_wconf 82' lang='grc' dir='ltr'>τὴν</span> <span class='ocrx_word' id='word_1_907' title='bbox 2866 5710 3039 5781; x_wconf 81' lang='grc' dir='ltr'>λῆξιν,</span> <span class='ocrx_word' id='word_1_908' title='bbox 3060 5711 3127 5782; x_wconf 80' lang='grc' dir='ltr'>ἢν</span> <span class='ocrx_word' id='word_1_909' title='bbox 3164 5707 3285 5764; x_wconf 77' lang='grc' dir='ltr'>οὔτε</span> <span class='ocrx_word' id='word_1_910' title='bbox 3306 5708 3483 5778; x_wconf 85' lang='grc' dir='ltr'>λόγος,</span> <span class='ocrx_word' id='word_1_911' title='bbox 3506 5706 3627 5761; x_wconf 80' lang='grc' dir='ltr'>οὔτε</span> <span class='ocrx_word' id='word_1_912' title='bbox 3646 5706 3796 5772; x_wconf 84' lang='grc' dir='ltr'>νοῦς,</span> 
     </span>
    </p>
   </div>
   <div class='ocr_carea' id='block_1_110' title="bbox 2221 5803 3800 5882">
    <p class='ocr_par' dir='ltr' id='par_1_110' title="bbox 2221 5803 3800 5882">
     <span class='ocr_line' id='line_1_110' title="bbox 2221 5803 3800 5882; baseline -0.004 -16"><span class='ocrx_word' id='word_1_913' title='bbox 2221 5812 2344 5867; x_wconf 75' lang='grc' dir='ltr'>οὔτε</span> <span class='ocrx_word' id='word_1_914' title='bbox 2383 5811 2572 5882; x_wconf 65' lang='grc' dir='ltr'>ἕτερον</span> <span class='ocrx_word' id='word_1_915' title='bbox 2608 5808 2757 5864; x_wconf 78' lang='grc' dir='ltr'>οὐδὲν</span> <span class='ocrx_word' id='word_1_916' title='bbox 2798 5809 3142 5882; x_wconf 78' lang='grc' dir='ltr'>παραστῆσαι</span> <span class='ocrx_word' id='word_1_917' title='bbox 3181 5808 3486 5879; x_wconf 77' lang='grc' dir='ltr'>δυνήσεται,</span> <span class='ocrx_word' id='word_1_918' title='bbox 3522 5803 3800 5878; x_wconf 51' lang='lat' dir='ltr'>arma</span> 
     </span>
    </p>
   </div>
  </div>
