4112 6342
489 496 544 548 6.
588 491 771 547 Vidisti
788 499 983 561 quanta
1012 489 1083 544 sit
1106 488 1185 545 vis
1211 485 1637 544 benedictionis?
1658 485 1830 541 Verba
1855 484 1996 539 enim

417 587 534 653 ejus
562 585 694 637 liuut
737 597 921 653 opera.
959 581 1157 636 (iazlum
1187 577 1400 650 quidem
1430 587 1577 635 certe
1621 577 1838 633 verbum
1882 576 1998 645 ejus

416 677 614 732 effecit.
662 674 843 739 Verbo,
878 673 1069 744 inquit,
1091 670 1299 726 Domini
1320 671 1428 726 cazli
1452 671 1639 739 ﬁrmati
1676 679 1791 724 sunt
1817 667 1995 740 (I’sal.

415 771 506 826 32.
536 770 616 840 6).
649 768 742 823 lllo
773 768 935 823 verbo
964 777 1014 822 te
1041 766 1333 829 benedicit,
1385 764 1526 835 quod
1559 772 1698 819 tanta
1729 772 1923 834 potest.

492 860 603 926 Quo
632 876 781 914 sensu
798 859 979 913 malum
1005 859 1069 912 sit
1093 858 1183 914 Dei
1206 857 1567 912 habitaculum.
1608 855 1745 909 Deus
1765 870 1994 909 commu-

416 953 495 1006 nis
535 952 891 1005 universorum.
922 948 1101 1003 —*24.
1147 947 1340 1003 (Icelum
1378 949 1489 1003 (παρ’ιὶ
1532 947 1785 1011 Domino,
1814 956 1998 1000 terram

414 1052 582 1095 autent
620 1042 756 1095 aedit
792 1041 912 1109 ﬁliis
940 1040 1220 1094 hominum.
1261 1038 1398 1107 Quid
1436 1038 1812 1094 dicis?ca:lum
1839 1038 2000 1108 elegit

415 1133 519 1187 sibi
566 1131 957 1197 habitaculum,
984 1139 1038 1185 et
1063 1130 1427 1199 superioribus
1469 1128 1700 1199 acceptis
1738 1128 1995 1198 partibus,

417 1224 574 1279 nobis
597 1239 715 1293 qua:
742 1224 828 1277 hic
864 1230 989 1278 sunt
1013 1221 1340 1292 assignavit?
1384 1221 1561 1285 Absit;
1589 1235 1692 1275 non
1716 1220 1789 1275 ita
1815 1219 1995 1285 habet,

414 1314 511 1370 sed
553 1324 636 1369 est
662 1314 833 1368 oratio
860 1329 981 1384 quae
1008 1328 1066 1369 se
1087 1313 1316 1367 demittit
1340 1312 1405 1367 ad
1432 1320 1643 1381 captum
1673 1311 1995 1365 auditorum.

414 1407 474 1461 Si
511 1406 654 1460 enim
697 1405 766 1459 ita
804 1404 1043 1471 haberet,
1086 1402 1351 1474 quomodo
1386 1411 1553 1458 staret
1591 1401 1755 1465 aliud,
1798 1401 1939 1471 quod
1966 1418 1997 1456 a

420 1498 533 1551 Deo
579 1496 813 1551 dicitur?
859 1493 1046 1549 Nonne
1086 1496 1264 1549 cazlum
1304 1504 1349 1548 et
1382 1503 1565 1548 terram
1608 1494 1839 1560 impleo?
1874 1494 1998 1546 dicit

419 1587 673 1641 Dominus
701 1584 941 1656 (Jer.25.
969 1583 1083 1655 24).
1119 1584 1251 1639 Illud
1302 1584 1442 1638 enim
1495 1592 1577 1639 est
1626 1583 1750 1637 huic
1786 1592 1999 1637 contra-

420 1679 580 1741 rium,
632 1676 677 1731 si
708 1675 758 1729 id
788 1676 1150 1745 acceperimus
1179 1682 1333 1743 prout
1363 1674 1665 1739 verborum,
1709 1689 1827 1743 qua:
1847 1689 1905 1728 se
1930 1672 1996 1727 ad

420 1783 636 1822 manum
674 1766 849 1832 oﬂ‘ert,
895 1773 1052 1821 sonat
1096 1765 1472 1835 pronuntiatio,
1504 1774 1559 1820 et
1609 1780 1713 1819 non
1753 1765 2000 1820 conside-

420 1858 716 1915 raverimus
765 1867 997 1912 mentem
1023 1874 1140 1927 quae
1182 1868 1263 1912 est
1310 1857 1361 1911 in
1405 1856 1484 1911 eis
1526 1856 1819 1911 recondita.
1859 1857 1995 1925 Quid

417 1960 503 2006 est
528 1966 658 2021 ergo
680 1950 819 2020 quod
850 1949 978 2004 dicit
1006 1966 1020 2003 :
1054 1948 1244 2004 Cretum
1279 1950 1394 2005 σαειὲ
1423 1950 1661 2015 Domino,
1691 1960 1874 2003 terram
1906 1967 1999 2003 au-

417 2055 518 2097 tem
561 2044 699 2096 dedit
740 2043 861 2109 ﬁliis
891 2043 1185 2097 hominum?
1223 2043 1359 2098 Usus
1403 2053 1485 2097 est
1509 2044 1749 2099 oratione
1777 2060 1893 2113 qua:
1938 2060 1998 2098 se

417 2133 650 2188 demittit
688 2134 751 2186 ad
781 2142 992 2203 captum
1020 2134 1317 2187 auditorum
1340 2175 1355 2199 ,
1388 2150 1492 2188 non
1539 2135 1702 2189 Deum
1738 2136 1869 2189 czelo
1911 2135 1998 2189 in-

415 2227 658 2282 cludens.
709 2226 891 2297 Neque
943 2227 1084 2282 enim
1122 2227 1274 2293 illud,
1305 2226 1495 2281 Cwlum
1516 2237 1586 2280 est
1615 2229 1825 2281 thronus
1863 2227 1993 2297 ejus,

414 2332 466 2373 et
509 2330 641 2373 terra
677 2319 947 2373 seabellum
988 2319 1173 2389 pedum
1218 2320 1327 2388 eius
1370 2318 1519 2390 (1δαί.
1552 2319 1767 2390 66.1):
1807 2336 1996 2391 quem-

416 2412 702 2466 admodum
747 2426 847 2466 nec
872 2411 1022 2479 illud,
1070 2410 1259 2466 (Icelum
1304 2420 1352 2465 et
1386 2422 1571 2465 terram
1615 2412 1800 2482 impleo
1826 2453 1841 2477 ,
1898 2427 1997 2483 pro

414 2501 533 2570 ejus
558 2501 814 2573 dignitate
857 2502 1052 2556 dictum
1085 2513 1203 2557 est:
1245 2503 1338 2558 sed
1366 2504 1536 2573 ipsum
1562 2518 1772 2574 quoque
1798 2514 1880 2559 est
1900 2505 1994 2559 de-

417 2597 602 2651 missio
631 2596 696 2650 ad
722 2606 932 2666 captum
986 2596 1263 2651 auditoris.
1295 2596 1411 2666 Ipse
1453 2598 1595 2653 enim
1624 2598 1801 2652 omnia
1819 2599 1996 2653 conti-

418 2698 529 2753 net,
572 2688 749 2742 omnia
793 2687 929 2753 fert,
962 2703 1066 2741 non
1108 2702 1272 2757 egens
1316 2689 1474 2754 loco,
1517 2690 1610 2745 sed
1652 2691 1766 2759 ipse
1814 2692 1994 2746 omnia

416 2782 575 2835 simul
621 2796 810 2851 regens
838 2791 893 2835 et
931 2781 1214 2837 moderans
1246 2800 1258 2835 :
1285 2783 1379 2838 sed
1422 2783 1615 2839 dicitur
1655 2785 1842 2839 cadum
1881 2787 1997 2857 ejus

416 2877 627 2941 domus,
658 2876 797 2946 quod
827 2877 897 2930 sit
924 2877 1071 2930 locus
1103 2893 1262 2945 purus
1290 2893 1319 2931 a
1362 2878 1509 2933 vitio.
1535 2880 1993 2946 Quemadmodum

416 2984 546 3038 ergo
597 2968 681 3022 hic
729 2984 835 3022 non
875 2978 957 3023 est
983 2969 1173 3023 caelum
1205 2971 1352 3023 locus
1398 2970 1466 3023 ab
1508 2987 1573 3026 eo
1612 2971 1886 3027 delectus:
1922 2974 1992 3029 ita

417 3076 516 3115 nec
565 3061 776 3129 quando
802 3062 930 3115 dicit
955 3078 969 3114 :
1001 3062 1190 3117 Statuit
1212 3063 1447 3117 terminos
1475 3065 1696 3134 gentium
1718 3068 1994 3122 secundum

414 3168 677 3206 numerum
711 3154 1005 3224 angelorum
1047 3154 1139 3208 Dei
1163 3153 1341 3223 (Deut.
1386 3154 1475 3210 52.
1506 3158 1561 3225 8)
1586 3197 1601 3221 ,
1653 3158 1769 3225 vel,
1828 3157 1994 3230 Elegit

415 3244 618 3297 domum
641 3242 799 3297 Iacob
830 3243 999 3316 (Psal.
1031 3245 1152 3300 154.
1180 3246 1257 3315 4).
1291 3246 1470 3317 Neque
1495 3248 1637 3303 enim
1663 3248 1750 3304 hic
1778 3254 1880 3306 hoc
1906 3253 1994 3305 di-

414 3336 508 3400 cit,
556 3335 769 3390 Judaeos
818 3336 1031 3406 quidem
1076 3352 1195 3392 esse
1238 3339 1374 3406 ejus,
1404 3349 1627 3395 caeteros
1665 3352 1842 3399 autem
1890 3344 1991 3398 ho-

412 3430 586 3483 mines
610 3445 715 3483 non
750 3429 953 3495 itidem,
985 3429 1079 3485 sed
1106 3446 1226 3485 esse
1253 3431 1370 3499 ejus
1395 3432 1727 3501 providentia
1756 3445 1811 3491 et
1838 3438 1993 3507 opili-

412 3523 497 3575 cio
542 3522 766 3576 nudatos
811 3531 864 3577 et
906 3522 1158 3592 privatos.
1204 3524 1301 3579 Est
1342 3526 1483 3580 enim
1526 3530 1823 3584 communis
1868 3533 1992 3587 uni-

418 3629 693 3667 versorum
716 3614 857 3669 DCUS
881 3631 894 3668 ἒ
930 3615 1029 3669 hac
1058 3624 1234 3669 autem
1269 3618 1508 3675 oratione
1536 3635 1662 3675 usus
1690 3630 1773 3677 est
1804 3633 1987 3679 osten-

411 3706 546 3761 dens
590 3722 745 3760 suum
777 3708 828 3760 in
861 3723 953 3762 eos
981 3723 1239 3771 amorem,
1268 3710 1692 3781 quandoquidem
1731 3715 1989 3771 videban-

412 3808 500 3852 tur
526 3796 1022 3868 quomodocumque
1060 3800 1176 3853 aliis
1214 3816 1333 3855 esse
1360 3803 1629 3859 meliores.
1668 3806 1819 3873 Quod
1843 3810 1985 3864 enim

413 3908 517 3945 non
564 3906 657 3945 eos
700 3891 845 3945 solos
874 3892 1132 3962 elegerit,
1164 3893 1257 3948 sed
1305 3895 1541 3949 onmium
1581 3912 1764 3953 curam
1812 3911 1983 3970 gerat,

408 3983 771 4039 ostenduntet
792 4000 911 4054 quae
937 3996 1061 4039 ante
1090 3985 1286 4040 Mosem
1311 3985 1441 4041 facta
1469 3998 1594 4043 sunt
1627 4009 1641 4044 :
1674 4006 1779 4045 non
1811 3995 1987 4048 minus

408 4085 583 4128 autem
612 4076 901 4128 ostendunt
926 4083 980 4129 et
1003 4091 1119 4145 qua:
1146 4076 1259 4145 ejus
1283 4086 1518 4147 tempore
1546 4080 1760 4147 fiebant,
1789 4092 1842 4138 et
1866 4100 1985 4151 qua:

409 4176 530 4236 post
548 4183 667 4221 eum
693 4167 824 4221 ﬁunt
854 4168 904 4221 in
928 4170 1164 4238 singulis.
1190 4169 1368 4225 Solem
1385 4172 1548 4236 enim,
1575 4183 1789 4243 terram,
1816 4194 1980 4242 mare,

406 4258 507 4313 alia
536 4258 714 4313 omnia
744 4258 888 4313 dedit
916 4260 1161 4314 omnibus
1185 4263 1558 4329 communiter,
1589 4264 1863 4337 legemque
1886 4286 1982 4323 na-

406 4362 538 4405 tura:
565 4350 811 4404 omnibus
838 4350 1077 4405 inseruit.
1111 4352 1486 4417 Abrahamum,
1510 4370 1630 4410 cum
1652 4368 1794 4412 esset
1822 4359 1980 4415 Persa

406 4443 502 4511 (ιι),
522 4450 577 4496 et
605 4442 821 4505 amavit,
849 4450 902 4496 et
924 4456 954 4495 a
980 4457 1076 4497 sua
1102 4444 1315 4513 regione
1346 4444 1575 4500 traduxit
1600 4447 1752 4518 (Gen.
1782 4451 1866 4505 12.
1903 4454 1976 4523 1);

404 4548 525 4586 nam
558 4540 613 4587 et
638 4531 938 4601 Egyptios,
971 4542 1025 4588 et
1053 4549 1146 4588 eos
1174 4536 1262 4604 qui
1286 4536 1592 4594 habitabant
1620 4541 1671 4595 in
1704 4541 1975 4609 Chanaan,

398 4634 457 4677 et
488 4624 675 4678 Persas
702 4638 798 4693 per
840 4624 1011 4692 ipsum
1042 4626 1306 4691 correxit;
1340 4637 1395 4681 et
1423 4644 1611 4683 rursus
1638 4649 1732 4700 per
1771 4634 1886 4705 ejus
1914 4637 1978 4689 li-

402 4714 530 4767 lium
582 4723 637 4767 et
667 4724 913 4781 nepotem
941 4714 1135 4768 nmltos
1181 4731 1244 4771 ex
1293 4718 1479 4773 vicinis
1525 4722 1774 4778 meliores
1799 4726 1978 4781 reddi-

397 4810 499 4873 dit,
530 4807 669 4877 quod
698 4806 911 4877 quidem
951 4808 1016 4861 ad
1044 4825 1163 4863 cum
1206 4811 1433 4866 attinuit.
1464 4813 1561 4870 Ubi
1589 4826 1764 4872 autem
1801 4819 1977 4877 Moses

398 4915 611 4970 quoque
632 4908 788 4953 natus
826 4909 931 4966 est,
961 4910 1079 4969 post
1122 4901 1237 4956 haec
1280 4920 1374 4973 per
1400 4920 1462 4959 ea
1508 4924 1627 4977 qua:
1648 4908 1845 4965 .lndzeis
1881 4913 1977 4968 fie-

396 4993 545 5056 bam,
575 4991 803 5047 ducebat
838 4991 1115 5061 Egyptios
1147 4995 1211 5049 ad
1263 4996 1352 5051 Dei
1391 5001 1768 5068 cognitionem,
1797 5014 1849 5058 et
1880 5021 1973 5061 cos

396 5084 485 5151 qui
516 5091 666 5136 erant
707 5082 758 5136 in
789 5082 1063 5138 Palaestina
1083 5127 1099 5152 ,
1142 5097 1196 5142 et
1245 5101 1361 5156 post
1405 5090 1519 5145 luce
1546 5108 1731 5150 rursus
1760 5111 1854 5151 eos
1883 5099 1971 5166 qui

393 5193 548 5236 erant
581 5184 631 5238 in
661 5184 958 5258 Babylone.
1006 5187 1079 5242 Ita
1106 5190 1265 5244 etiam
1312 5191 1525 5260 quando
1568 5192 1730 5260 dicit,
1780 5196 1970 5251 Caelum

392 5273 503 5327 ειειὶ
532 5272 770 5343 Domino,
797 5278 1057 5347 signiﬁcat
1082 5294 1140 5334 se
1164 5291 1440 5350 propterea
1461 5284 1510 5336 in
1533 5284 1638 5338 illis
1665 5288 1967 5356 requiesce-

392 5380 473 5430 re,
500 5367 619 5435 quia
643 5378 765 5422 sunt
790 5370 857 5423 ab
887 5371 1029 5425 omni
1062 5372 1188 5425 vitio
1210 5372 1380 5426 liberi.
1409 5375 1709 5439 Quinetiam
1755 5387 1807 5431 tu
1829 5395 1965 5449 quo-

391 5470 496 5522 que
543 5457 587 5509 si
619 5472 722 5511 non
755 5468 911 5514 terra:
954 5459 1145 5514 afﬁxus
1187 5462 1347 5515 lueris
1375 5464 1390 5494 ¹
1414 5504 1428 5529 ,
1458 5464 1552 5519 sed
1599 5466 1818 5536 angelus
1852 5470 1967 5524 etii-

456 5568 472 5636 ξ
509 5573 622 5629 Reg.
651 5569 802 5636 :‘(min
825 5572 985 5633 etaim,
1013 5578 1065 5622 tu
1085 5586 1285 5636 quoque,
1315 5576 1359 5625 si
1389 5588 1481 5626 non
1518 5577 1656 5629 homo
1677 5582 1964 5634 remanseris

387 5633 433 5675 et
456 5627 601 5692 terra?
620 5627 810 5692 afﬁxus,
848 5640 944 5683 etc.

453 5688 525 5745 (ιι)
557 5688 891 5762 galij'diuimns
905 5694 1075 5762 solere
1092 5696 1472 5760 Chrysostomum
1487 5702 1729 5752 Chaldaeos
1744 5711 1795 5753 et
1817 5706 1962 5762 Baby-

389 5749 543 5819 lonios
558 5752 965 5807 indiscriminatitn
1013 5749 1198 5809 vocare
1225 5768 1408 5811 Persas.
1444 5749 1960 5819 Abt'ahiuit—auteinﬂé‘x

410 5822 599 5863 natura
624 5825 837 5867 venerat.

1515 359 1873 421 EXPOSITIO
1912 357 1977 416 IN
2016 356 2337 416 PSALMUM
2372 358 2558 416 CXl‘ll.

3581 369 3687 427 δη

2110 483 2287 548 ciaris.
2306 484 2612 541 celeriterin
2628 487 2814 543 caelum
2831 495 2884 544 et
2898 488 3115 546 domum
3129 499 3401 562 paternam
3422 505 3684 547 conscen-

2105 575 2200 631 des
2223 592 2236 628 :
2260 592 2324 632 ac
2334 575 2417 632 vel
2428 586 2552 633 ante
2567 580 3011 638 resurrectionem
3027 599 3090 638 ex
3119 582 3219 639 hoc
3231 583 3337 653 jam
3358 583 3476 639 loco
3490 584 3685 654 migra-

2104 668 2194 734 sti,
2212 683 2373 737 esque
2386 672 2699 726 auctoritate
2713 681 2767 727 et
2780 672 3035 743 dignitate
3051 674 3689 745 praeditusQnemadmo-

2103 759 2229 815 dum
2258 761 2398 814 enim
2428 761 2579 816 multi
2610 778 2795 817 eorum
2826 766 2913 834 (ιυί
2940 774 3061 819 sunt
3095 766 3145 819 in
3190 781 3468 820 numerum
3507 765 3686 834 magni

2103 862 2319 907 senatus
2340 854 2510 920 relati,
2536 855 2637 911 etsi
2669 855 2777 909 ruri
2805 855 3063 923 habitent,
3087 856 3280 912 habent
3308 865 3486 913 tamen
3508 857 3683 928 digni-

2105 953 2265 998 tatem
2296 962 2309 998 :
2335 945 2404 999 ita
2446 947 2490 1000 si
2537 955 2594 999 tu
2622 961 2831 1016 quoque
2860 948 3092 1001 volucris
3121 962 3240 1002 esse
3271 948 3402 1003 civis
3427 948 3681 1008 ca'leslis.

2104 1036 2309 1090 etiamsi
2338 1034 2424 1090 hic
2472 1035 2714 1101 habites,
2762 1037 2848 1091 illa
2893 1037 3152 1108 dignitate
3203 1038 3397 1093 fruere.
3429 1039 3518 1093 25.
3563 1037 3687 1091 Non

2103 1130 2287 1182 mortui
2314 1129 2588 1183 laudabunt
2610 1139 2675 1195 te,
2707 1129 2945 1197 Domine,
2972 1147 3128 1200 neque
3147 1147 3315 1185 omnes
3355 1131 3440 1200 qui
3480 1130 3685 1185 descen-

2103 1222 2229 1276 dunt
2257 1222 2310 1276 in
2339 1223 2611 1292 infernum.

2175 1314 2318 1368 Mors
2337 1315 2466 1386 justi
2492 1332 2716 1370 somnus.
2752 1347 2823 1357 —
2856 1316 2945 1371 26.
2976 1317 3082 1371 Sed
3110 1332 3200 1369 nos
3225 1316 3311 1386 qui
3348 1315 3576 1380 vivimus,
3604 1314 3683 1367 bc-

2102 1405 2387 1459 nedicemus
2417 1404 2632 1460 Domino
2658 1424 2720 1461 ea:
2751 1407 2845 1461 hoc
2874 1423 3007 1460 nunc
3049 1416 3096 1460 et
3120 1422 3275 1470 usque
3315 1407 3368 1459 in
3415 1405 3675 1459 sarculum.

2103 1496 2341 1551 Mortuos
2366 1495 2493 1551 dicit
2523 1512 2627 1552 non
2654 1512 2769 1561 eos,
2823 1498 2914 1567 qui
2942 1499 3045 1551 vita
3077 1496 3240 1551 functi
3265 1503 3391 1551 sunt
3412 1538 3429 1559 ,
3452 1494 3544 1550 sed
3566 1510 3682 1561 eos,

2101 1588 2191 1657 qui
2221 1588 2415 1642 mortui
2453 1597 2577 1642 sunt
2604 1587 2657 1642 in
2686 1587 3064 1657 impietatibus,
3093 1587 3175 1641 vcl
3200 1602 3314 1651 eos,
3361 1586 3449 1657 (ιυί
3476 1585 3528 1639 in
3558 1598 3683 1654 pec-

2102 1678 2236 1734 catis
2264 1678 2374 1734 suis
2402 1690 2763 1735 marcuerunt.
2790 1680 2956 1735 Erant
2984 1681 3127 1735 enim
3170 1678 3363 1734 mortui
3390 1676 3681 1742 Abraham,

2103 1770 2249 1827 Isaac
2267 1780 2320 1825 et
2339 1770 2536 1826 Jacob:
2563 1771 2631 1825 ita
2656 1782 2831 1825 tamen
2862 1771 3128 1835 vivebant,
3159 1778 3216 1824 ut
3242 1770 3451 1824 illorum
3481 1782 3684 1822 memo-

2102 1861 2234 1915 riam
2266 1861 2361 1926 illi,
2391 1862 2482 1932 qui
2536 1863 2641 1915 vivi
2684 1870 2858 1928 erant,
2911 1870 3243 1932 peragerent.
3294 1860 3467 1915 Moses
3506 1860 3685 1930 itaque

2102 1968 2259 2007 orans
2290 1968 2386 2023 pro
2414 1954 2610 2023 populo
2638 1969 2794 2023 quem
2824 1954 3063 2023 regebat,
3106 1968 3203 2023 per
3228 1966 3324 2008 eos
3360 1952 3524 2006 Deum
3571 1951 3683 2020 pla-

2101 2054 2206 2109 cat,
2230 2060 2349 2097 cnm
2374 2059 2468 2099 eos
2496 2043 2829 2099 adhibuisset
2857 2045 2909 2097 in
2938 2045 3182 2113 precibus
3212 2042 3403 2116 (Exod.
3434 2042 3522 2097 32.
3568 2042 3680 2111 15).

2102 2134 2235 2190 Tres
2259 2150 2468 2205 quoque
2486 2135 2635 2205 pueri
2663 2145 2851 2205 rogant
2879 2144 2934 2188 ut
2950 2143 3165 2205 propter
3190 2150 3284 2189 eos
3309 2144 3606 2198 serventur,
3630 2141 3685 2187 et

2103 2226 2222 2280 ideo
2247 2225 2466 2280 dicunt:
2502 2224 2582 2279 Ne
2623 2227 2826 2297 auferas
2866 2226 3267 2279 misericordiam
3292 2235 3479 2278 tuama
3518 2225 3680 2289 nobis,

2101 2326 2304 2387 propter
2325 2315 2579 2370 Abraham
2599 2317 2835 2371 dilectum
2856 2327 3016 2382 tuum,
3036 2328 3082 2371 et
3098 2327 3301 2388 prapter
3320 2315 3470 2371 Isaae
3490 2333 3682 2371 seruum

2102 2420 2264 2475 tuum,
2291 2418 2337 2463 et
2368 2406 2533 2463 Israel
2550 2420 2778 2463 sanctum
2808 2422 2950 2462 tuum
2979 2409 3137 2480 (Dan.
3180 2410 3234 2465 5.
3257 2410 3373 2481 55).
3404 2410 3459 2464 Si
3502 2420 3679 2465 autem

2103 2510 2246 2556 tanta
2276 2511 2391 2557 erat
2429 2518 2615 2555 eorum
2662 2503 2920 2572 potentia,
2960 2503 3226 2573 quomodo
3264 2515 3415 2559 erant
3439 2506 3631 2559 mortui
3658 2506 3695 2559 2ο

2102 2593 2169 2647 Et
2197 2608 2383 2648 rursus
2430 2594 2717 2649 Christus:
2764 2595 2889 2649 Sine
2940 2608 3162 2650 mortuos
3205 2597 3414 2665 sepelire
3458 2607 3682 2652 mortuos

2099 2683 2448 2752 suos(Matth.
2475 2687 2528 2739 8.
2552 2684 2664 2755 ξε).
2692 2686 2756 2740 Et
2784 2686 2905 2741 ideo
2938 2686 3132 2741 Paulus
3158 2702 3251 2741 eos
3273 2689 3359 2757 qni
3382 2697 3506 2741 sunt
3532 2703 3678 2743 mor.-

2100 2776 2197 2843 tui,
2224 2792 2328 2832 non
2358 2790 2513 2831 vocat
2542 2790 2801 2845 mortuos,
2834 2778 2927 2834 sed
2953 2795 3047 2835 eos
3072 2782 3160 2851 qui
3182 2780 3530 2845 dormierunt,
3550 2786 3679 2843 seri.—

2100 2868 2232 2923 bens
2271 2886 2285 2922 :
2318 2868 2459 2923 Nolo
2503 2880 2669 2923 autem
2706 2887 2792 2925 vos
2834 2872 3099 2941 ignorare,
3129 2875 3344 2944 fratres,
3387 2875 3449 2928 de
3491 2875 3556 2929 iis
3595 2876 3683 2945 qui

2098 2960 2409 3015 dormierunt
2436 2962 2512 3032 (l.
2542 2962 2715 3017 Thess.
2738 2963 2795 3017 4.
2827 2962 2942 3035 12).
2973 2963 3158 3019 Justus
3181 2966 3321 3019 enim
3348 2967 3447 3021 etsi
3466 2966 3678 3033 obierit,

2099 3065 2204 3105 non
2255 3062 2495 3106 mortuus
2520 3060 2621 3120 est,
2651 3053 2744 3108 sed
2773 3053 2991 3108 dormit.
3043 3055 3248 3109 Dormit
3277 3056 3442 3122 enim,
3490 3058 3580 3127 qui
3612 3058 3677 3112 ad

2098 3143 2373 3198 meliorem
2425 3144 2589 3199 vitam
2619 3153 2701 3199 est
2734 3146 3191 3202 transmittendus.
3243 3149 3340 3215 Qui
3384 3160 3562 3205 autem
3611 3151 3676 3205 ad

2097 3236 2449 3293 immortalem
2504 3248 2728 3293 mortem
2772 3249 2853 3294 est
2894 3239 3263 3304 abducendus,
3320 3243 3479 3295 etiam
3528 3242 3675 3297 vivus

2097 3328 2257 3383 vitam
2280 3331 2467 3395 finivit,
2492 3340 2547 3385 et
2568 3340 2651 3386 est
2674 3340 2934 3387 mortuus.
2967 3331 3043 3386 Illi
3067 3332 3401 3387 descendunt
3424 3332 3490 3389 ad
3539 3334 3673 3391 infe-

2097 3439 2187 3479 ros
2219 3441 2232 3477 :
2264 3424 2319 3478 hi
2344 3425 2398 3479 in
2443 3425 2631 3479 caelum
2675 3425 2983 3490 ascenderit,
3032 3435 3085 3480 et
3113 3436 3268 3480 erunt
3295 3442 3415 3481 eum
3442 3427 3672 3485 Christo.

2095 3517 2163 3573 Et
2188 3517 2309 3572 ideo
2337 3518 2594 3588 propheta
2620 3535 2725 3573 non
2753 3520 2889 3574 dixit
2908 3521 3169 3584 absolute,
3208 3521 3308 3589 Qui
3336 3524 3536 3586 vivunt,
3582 3524 3675 3579 sed

2093 3608 2314 3678 adjecit,
2345 3609 2477 3675 Nos,
2502 3609 2603 3665 hoc
2627 3610 2695 3665 de
2721 3626 2778 3665 se
2802 3611 3006 3666 dicens.
3052 3612 3119 3666 Et
3162 3629 3326 3682 quare
3371 3629 3475 3669 non
3521 3614 3673 3679 dixit,

2092 3702 2191 3769 Qui
2217 3703 2417 3765 vivunt,
2441 3702 2535 3757 sed
2561 3702 2777 3773 adjecit,
2809 3703 2953 3758 Nos?
2972 3704 3231 3771 Quoniam
3254 3705 3445 3761 Paulus
3467 3722 3676 3777 quoque

2092 3796 2169 3850 sic
2189 3795 2355 3849 dixit:
2387 3794 2498 3849 Nos
2523 3798 2607 3865 qui
2631 3797 2857 3861 vivimus,
2889 3798 2973 3865 qui
2998 3797 3177 3863 reliqui
3204 3814 3398 3859 sumus.
3422 3816 3523 3853 non
3544 3816 3673 3868 pra!-

2092 3889 2342 3940 veniemus
2361 3888 2414 3941 in
2434 3887 2699 3940 adventum
2722 3887 2927 3941 Domini
2964 3889 3043 3959 (l.
3071 3890 3672 3962 Tltess.4.16)..Quetn-

2090 3977 2375 4032 admodum
2424 3978 2531 4033 illic
2578 3978 2709 4033 illud
2734 4021 2749 4043 ,
2781 3979 2910 4043 Nos,
2938 3981 3081 4050 quod
3107 3982 3373 4051 adjectum
3414 3993 3519 4048 est,
3564 3999 3670 4038 non

2089 4070 2215 4123 sinit
2241 4070 2290 4124 id
2313 4070 2453 4139 quod
2486 4071 2685 4124 dictum
2708 4080 2790 4125 est
2813 4072 2916 4125 dici
2942 4071 3008 4126 de
3032 4073 3299 4132 omnibus.
3328 4074 3422 4129 sed
3446 4074 3514 4129 de
3538 4076 3670 4130 lide-

2090 4162 2247 4225 libus,
2278 4172 2330 4217 et
2358 4163 2421 4216 iis
2452 4164 2540 4233 qui
2570 4172 2694 4217 sunt
2722 4166 2841 4217 vita:
2863 4164 3118 4218 institutis
3135 4165 3365 4232 similes,
3393 4167 3463 4221 ita
3507 4168 3668 4221 etiam

2090 4249 2177 4305 hic
2202 4251 2350 4317 illud,
2379 4251 2488 4306 Nos
2513 4253 2598 4323 qui
2626 4253 2850 4318 vivimus,
2877 4252 3006 4307 dicit
3030 4269 3144 4319 eos,
3163 4256 3251 4323 qui
3270 4256 3489 4325 perinde
3513 4265 3673 4328 atque

2090 4342 2253 4397 David
2277 4344 2328 4396 in
2353 4345 2543 4399 virtute
2570 4344 2730 4398 vitam
2756 4356 2937 4415 agunt.
2982 4346 3067 4402 Ea:
3090 4349 3183 4402 hoc
3208 4366 3341 4402 nunc
3367 4362 3413 4403 et
3434 4368 3592 4421 usque
3616 4354 3669 4407 in

2086 4437 2350 4491 siccatum.
2397 4437 2555 4492 Vides
2578 4438 2737 4492 etiam
2770 4438 2869 4494 hoc
2898 4440 3041 4509 quod
3067 4442 3360 4512 subjuuxit,
3386 4445 3438 4500 id
3464 4442 3668 4515 signifi-

2085 4528 2246 4583 care?
2294 4527 2605 4595 Quidnam?
2653 4529 2704 4583 ld
2730 4529 2832 4585 dici
2854 4531 2923 4585 de
2970 4533 3036 4586 iis
3060 4534 3148 4602 qui
3194 4534 3358 4589 vitam
3387 4535 3441 4590 in
3470 4542 3666 4593 virtute

2085 4621 2402 4691 transigunt.
2430 4621 2599 4676 Nemo
2624 4623 2766 4676 enim
2796 4622 2883 4678 hic
2927 4625 3053 4680 vivit
3098 4627 3150 4680 in
3178 4627 3454 4693 smeulum,
3486 4629 3583 4686 sed
3628 4630 3666 4685 ii

2083 4712 2181 4766 soli
2203 4714 2294 4783 qui
2320 4722 2573 4782 perpetuo
2598 4715 2757 4768 vitam
2779 4724 2944 4785 agunt
2967 4732 3085 4771 cum
3107 4718 3296 4788 gloria.
3322 4719 3667 4791 Nampeoca-

2086 4812 2228 4857 tores
2248 4818 2459 4872 quoque
2480 4804 2698 4869 vivunt;
2730 4806 2822 4860 sed
2852 4806 2905 4860 in
2934 4822 3110 4876 poena,
3144 4810 3428 4879 supplicio,
3456 4823 3510 4867 et
3536 4816 3663 4869 stri-

2082 4896 2211 4950 dore
2237 4896 2475 4949 dentium
2507 4914 2519 4951 :
2551 4897 2603 4950 hi
2646 4906 2823 4952 autem
2878 4900 2931 4952 in
2977 4901 3220 4957 claritate
3254 4915 3311 4959 et
3352 4905 3659 4975 splendore,

2083 4996 2268 5055 utpote
2296 5004 2518 5057 quorum
2560 4990 2629 5043 sit
2676 5005 2866 5045 munus
2914 5008 3017 5046 una
3043 5008 3162 5048 cum
3200 4996 3528 5067 incorporeis
3572 5018 3661 5073 po-

2082 5081 2357 5135 testatibus
2384 5078 2577 5135 oﬂ‘erre
2606 5082 2714 5134 Deo
2744 5082 2969 5152 hymnos
3016 5086 3289 5156 mysticus.
3316 5088 3384 5144 Ut
3407 5105 3534 5160 ergo
3563 5109 3661 5148 nos

2076 5185 2286 5242 quoque
2311 5170 2548 5226 fruamur
2571 5172 2672 5226 hoc
2707 5174 2899 5243 gaudio
2927 5176 2965 5240 ¹,
3014 5175 3150 5233 hanc
3193 5178 3355 5234 vitam
3383 5195 3659 5253 persequa-

2078 5278 2216 5325 mur,
2243 5271 2300 5316 ut
2320 5262 2386 5316 ad
2416 5263 2556 5318 illam
2585 5278 2798 5333 quoque
2821 5264 2943 5320 vitze
2970 5268 3333 5324 conditionem
3356 5273 3654 5339 veniamus,

2076 5367 2232 5421 quam
2262 5368 2359 5405 nec
2386 5367 2563 5406 sermo
2584 5354 2876 5423 explicare,
2899 5371 3070 5426 neque
3095 5373 3248 5413 mens
3272 5361 3524 5431 cogitare,
3556 5380 3658 5420 nec

2144 5458 2612 5540 ξὲεξςρλιρεῖεξξᾳ
2631 5467 2737 5540 (τῆς
2760 5466 2942 5529 ἑορτῆς)
2960 5482 2985 5537 _:
3007 5482 3118 5530 quas
3148 5471 3301 5540 lectio
3326 5487 3422 5540 non
3467 5475 3658 5540 imprn-

2278 5518 2493 5595 videtur"
2526 5518 3005 5595 _lllam_'qu_oque'_'_iu
3024 5518 3295 5595 :margin—e'
3318 5518 3652 5592 alle'rt-gﬁil.

2079 5579 2221 5651 nasi
2234 5589 2371 5651 certe
2399 5579 2746 5645 indeligendo."
2775 5579 2891 5638 Nam
2915 5588 3055 5651 illud,
3085 5579 3138 5641 hi
3154 5579 3656 5651 ‘Z‘iiem’iﬂ'émﬁiiié

2079 5642 2451 5734 fitpfi'i‘li’fnﬁz.
2465 5642 2955 5734 Eipfr..€l'f°£i‘f‘f“
2982 5642 3154 5704 ἠιληαε
3186 5642 3411 5734 υξὲίίέιιῦῑ
3431 5642 3655 5734 ἷνὶὲὸὲῖἶόξ

2080 5707 2179 5782 ξςέὲ
2199 5707 2451 5782 potestatil
2466 5720 2523 5757 us
2548 5707 2724 5782 offerre
2744 5714 2846 5761 Deo
2878 5711 3080 5782 hymnos
3101 5716 3344 5782 mysticos,
3368 5707 3652 5782 @133;in

2341 5781 2499 5849 ﬂuant
2508 5763 2725 5849 “sai'rctos
2743 5788 2875 5849 ‘cum
2911 5763 3652 5849 angelisViperpe't'uoughs't‘nno;

2079 5829 2313 5887 mj'sticos
2336 5829 2443 5884 Deo
2477 5845 2676 5895 canere,
2713 5842 2860 5898 atque
2890 5829 3015 5888 adeo
3046 5829 3227 5892 festum
3250 5829 3449 5909 'agewrc'?
