4112 6342
444 380 540 442 διδ

437 493 723 566 quidquam
748 491 898 554 aliud
919 499 1096 563 potest
1120 491 1377 559 indicare,
1425 489 1521 547 sed
1547 490 1662 562 ipsa
1703 490 1818 546 sola
1857 504 2013 559 expe-

437 586 626 645 rientia
651 583 885 640 ostendit
909 583 1026 653 ejus
1051 582 1433 638 beatitudinem
1458 599 1473 636 :
1497 597 1656 653 quam
1677 580 1837 636 detur
1863 581 2019 636 nobis

436 675 684 731 euntibus
726 673 941 744 assequi
965 673 1137 743 gratia
1174 672 1230 735 et
1270 672 1553 728 clementia
1599 671 1811 726 Domini
1849 671 2019 726 nostri

437 767 566 826 Jesu
592 768 813 836 Christi,
852 768 936 823 cui
986 768 1155 839 gloria
1181 777 1236 823 et
1259 768 1519 837 potentia,
1547 781 1690 823 nunc
1709 775 1764 822 et
1783 781 2019 837 semper,

436 873 491 919 et
515 865 568 918 in
593 863 784 919 saecula
808 858 1145 918 saetiulorum.
1174 854 1366 918 Amen.

896 973 963 1030 1N
1002 944 1337 1029 P‘samtun
1361 971 1546 1029 cxw.

606 1090 660 1146 i.
688 1088 876 1155 Dilexi,
904 1087 1143 1158 quoniam
1170 1087 1403 1142 exaudiet
1420 1085 1671 1142 Dominus
1695 1101 1862 1141 vocem

1035 1180 1281 1236 orationis
1308 1194 1454 1233 meae.

515 1293 566 1348 l.
590 1293 716 1358 Qutc
734 1309 845 1347 vere
854 1292 1107 1348 sintnobis
1127 1291 1636 1347 conducibilia.——Et
1651 1292 1893 1363 quisnam
1920 1298 2022 1356 est,

438 1386 759 1459 lnquies,qui
777 1387 905 1442 dum
922 1385 1236 1452 exauditur,
1248 1401 1353 1441 non
1366 1384 1569 1456 diligit?
1579 1384 1725 1439 Multi
1741 1385 2028 1440 saeculares

442 1480 703 1537 homines.
736 1478 930 1534 Nolunt
962 1479 1105 1534 enim
1129 1477 1316 1534 audire
1339 1493 1405 1534 ea
1433 1493 1554 1550 quae
1578 1474 1686 1533 illis
1707 1469 2020 1551 conferunt,

442 1574 540 1629 sed
575 1581 765 1643 rogant
784 1572 999 1644 quidem
1028 1582 1086 1626 ut
1113 1586 1176 1627 ea
1203 1571 1470 1638 eveniant,
1496 1584 1616 1641 quae
1638 1584 1746 1626 non
1775 1578 1900 1625 sunt
1925 1568 2025 1625 sibi

441 1665 792 1723 conducibilia
815 1683 828 1720 :
846 1664 1039 1720 deinde
1053 1664 1139 1719 ubi
1155 1664 1454 1728 evenerint,
1470 1670 1735 1734 anguntur
1749 1672 1803 1717 et
1817 1663 2026 1717 tristitia

444 1758 761 1812 at'ticiuntur.
784 1756 855 1810 Ea
884 1758 1024 1811 enim
1053 1764 1176 1812 sunt
1201 1755 1575 1821 conducibilia,
1607 1770 1728 1826 qua:
1763 1755 1902 1812 Deus
1928 1757 2029 1813 scit

443 1848 596 1903 nobis
613 1847 932 1914 conducere,
948 1849 1060 1904 sive
1071 1847 1269 1903 dixeris
1287 1857 1672 1918 paupertatem,
1685 1849 1797 1904 sive
1815 1848 2024 1916 famem,

445 1942 557 1997 sive
582 1941 845 2004 morbum.
875 1942 988 1997 sive
1014 1941 1385 2012 quodcumque
1405 1940 1545 1997 aliud
1589 1941 1870 2012 ejusmodi.
1900 1943 2031 2011 Qua:

445 2043 620 2099 autem
657 2032 797 2086 Deus
824 2041 880 2087 ut
904 2032 1256 2087 conducibilia
1287 2032 1591 2101 probaverit
1633 2043 1687 2087 et
1712 2032 1938 2099 dederit,
1967 2048 2030 2088 ea

447 2136 571 2180 sunt
618 2126 788 2180 milia.
831 2126 967 2180 Audi
1014 2126 1153 2181 enim
1206 2126 1331 2195 quid
1359 2125 1497 2180 dicat
1527 2125 1692 2181 Paulo
1720 2126 1780 2184 ‘z
1837 2125 2032 2197 Sufﬁcit

447 2216 536 2272 tibi
560 2218 723 2288 gratia
749 2234 859 2271 mea
881 2233 900 2272 :
925 2219 1082 2272 uirtus
1101 2218 1234 2271 enim
1253 2233 1364 2271 mea
1392 2217 1444 2272 in
1468 2218 1764 2287 inﬁrmitate
1776 2219 2033 2287 perﬁcitur

448 2308 719 2380 βίον.ίὲ
746 2307 956 2380 9).lia:c
968 2310 1108 2363 enim
1126 2309 1172 2363 ei
1189 2307 1556 2378 conferebant,
1572 2310 2029 2380 persequutiones,

447 2399 762 2455 afflictioues
786 2442 802 2467 ,
831 2410 884 2455 et
911 2401 1186 2471 angustiae.
1232 2400 1332 2468 Qui
1373 2401 1534 2457 etiam
1575 2417 1696 2456 cum
1743 2401 2035 2457 audivisset

453 2507 517 2548 ea
540 2490 810 2557 conferre,
834 2494 1043 2547 dicebat
1067 2509 1081 2545 :
1117 2493 1434 2564 Quapropter
1455 2492 1627 2562 placeo
1651 2492 1776 2546 mihi
1800 2493 1854 2546 in
1882 2492 2033 2562 inﬁr-

452 2585 725 2649 mitatibus,
756 2584 809 2637 in
838 2583 1152 2637 contumeliis
1173 2624 1189 2651 ,
1217 2584 1271 2637 in
1296 2583 1758 2654 persequutionibns
1783 2582 1949 2654 (Ibid.
1982 2601 2031 2639 υ.

451 2675 567 2746 10).
595 2674 709 2731 Νοιι
735 2684 817 2729 est
840 2690 967 2745 ergo
996 2674 1355 2745 quorumlibet
1381 2676 1632 2745 gaudere,
1657 2676 1868 2745 quando
1899 2678 2036 2731 Dens

453 2781 549 2823 cos
573 2766 890 2833 cxaudierit,
918 2767 1159 2835 praebens
1185 2781 1304 2837 quae
1330 2776 1453 2821 sunt
1476 2766 1856 2822 conducibilia.
1887 2768 2036 2822 Multi

451 2857 667 2928 quidem
696 2869 842 2913 certe
869 2858 1055 2912 volunt
1077 2871 1143 2912 ea
1161 2873 1279 2928 qu:e
1303 2865 1428 2911 sunt
1450 2857 1676 2922 inutilia,
1706 2867 1761 2912 et
1784 2859 1862 2912 eis
1889 2858 2035 2914 delc-

453 2958 702 3005 ctantur:
734 2950 993 3022 propheta
1022 2959 1200 3006 autem
1232 2966 1336 3004 non
1367 2950 1464 3013 sic,
1511 2950 1607 3006 sed
1633 2951 1797 3021 quid?
1823 2951 2034 3019 Dilexit,

456 3042 708 3112 quoniam
755 3041 1026 3097 exaudivit
1050 3057 1172 3096 eum
1204 3041 1369 3109 Deus,
1396 3041 1531 3097 dans
1551 3056 1669 3112 qua:
1706 3050 1831 3097 sunt
1866 3044 2037 3097 utilia.

453 3133 510 3189 2.
544 3132 677 3200 Quia
722 3133 982 3187 inclinavit
1009 3149 1181 3187 aurem
1208 3149 1355 3186 suam
1382 3132 1525 3186 mihi.
1566 3133 1822 3188 Humanis
1855 3149 2040 3188 rursus

455 3224 636 3279 verbis
658 3223 750 3278 Dei
794 3231 979 3277 nutum
1006 3222 1259 3278 ostendit.
1285 3223 1354 3278 Et
1390 3223 1533 3278 aliud
1568 3240 1776 3295 quoque
1805 3239 1898 3294 per
1939 3223 2042 3280 hoc

457 3312 616 3369 etlam
641 3314 864 3369 verbum
909 3310 1136 3369 obscure
1168 3314 1459 3384 signiﬁcat,
1512 3314 1695 3370 dicens
1724 3334 1738 3370 :
1767 3316 1883 3371 Non
1924 3331 2041 3372 sum

458 3405 651 3475 dignus
676 3403 767 3474 qui
804 3405 1083 3471 exaudiar,
1115 3405 1229 3474 ipse
1279 3415 1453 3461 tamen
1498 3405 1776 3461 descendit
1822 3407 1889 3462 ad
1934 3424 2040 3463 mc.

461 3495 533 3550 Et
560 3495 613 3549 in
642 3494 815 3549 diebus
836 3496 959 3549 meis
984 3496 1242 3550 invocabo.
1274 3494 1411 3565 Quid
1452 3507 1554 3563 est,
1579 3496 1646 3551 In
1694 3497 1867 3553 diebus
1888 3500 2046 3552 meis?

462 3586 579 3643 Non
616 3587 889 3659 quoniam,
937 3586 1124 3656 inquit,
1168 3589 1451 3644 exauditus
1499 3604 1638 3657 sum,
1685 3591 1954 3656 resiliam,
1993 3600 2048 3646 et

468 3681 690 3735 evadam
730 3681 1082 3751 negligentior
1108 3698 1122 3735 :
1149 3681 1243 3737 sed
1276 3680 1523 3737 omnibus
1548 3682 1737 3738 diebus
1765 3684 1886 3739 vita:
1912 3700 2046 3739 mea:

465 3773 568 3829 hoc
592 3787 786 3828 munus
813 3771 993 3828 obibo.

537 3864 796 3919 lnvocatio
820 3863 915 3918 Dei
942 3880 974 3918 a
1009 3864 1156 3918 malis
1186 3864 1381 3919 liberat.
1410 3894 1483 3907 --
1519 3867 1572 3922 5.
1604 3865 2047 3921 Circumdederunt

465 3972 546 4011 me
559 3956 757 4012 dolores
773 3956 968 4019 mortis,
992 3956 1217 4024 pericula
1236 3957 1419 4027 inferni
1440 3957 1729 4011 invenerunt
1746 3973 1843 4012 me.
1869 3957 2050 4012 Tribu-

467 4050 705 4105 lationem
733 4058 780 4101 et
803 4048 1027 4102 dolorem
1053 4048 1219 4101 inveni
1241 4064 1260 4102 :
1286 4049 1339 4102 4.
1363 4057 1409 4102 et
1454 4065 1632 4102 nomen
1660 4048 1866 4103 Domini
1909 4051 2050 4104 invo-

469 4140 596 4194 cavi.
628 4138 812 4194 Vidisti
840 4153 987 4193 arma
1028 4139 1235 4193 valida?
1265 4138 1439 4193 vidisti
1485 4140 1903 4194 consolationem
1931 4155 2051 4210 quae

469 4231 628 4285 solvit
667 4245 1013 4300 quaecumque
1057 4241 1181 4285 sunt
1212 4232 1438 4301 gravia?
1469 4231 1646 4286 vidisti
1695 4233 1933 4287 animum
1963 4233 2050 4288 in-

474 4323 798 4377 flammatum
821 4321 1090 4376 desiderio
1121 4322 1367 4377 Domini?
1395 4322 1546 4390 Quod
1577 4334 1752 4379 autem
1794 4325 1941 4392 dicit,
1969 4335 2053 4381 est

473 4414 735 4485 ejusmodi
770 4433 781 4467 :
813 4414 1018 4469 Sufﬁcit
1059 4414 1187 4469 mihi
1238 4415 1304 4469 ad
1347 4415 1445 4471 hoc
1476 4426 1532 4471 ut
1571 4417 1763 4472 liberer
1801 4433 1830 4471 a
1859 4419 2047 4483 malis,

475 4520 598 4574 qnte
648 4520 733 4560 me
757 4505 1119 4570 circumstant,
1175 4505 1338 4559 Deum
1376 4506 1644 4562 invocare.
1679 4508 1943 4576 Quidnam
1974 4517 2058 4563 est

478 4611 609 4667 ergo
636 4596 689 4650 in
731 4610 911 4660 causa,
961 4596 1100 4665 quod
1150 4612 1269 4651 cum
1320 4597 1487 4653 Deum
1538 4614 1681 4669 saepe
1726 4600 2053 4664 invocemus,

480 4686 701 4742 minime
722 4695 899 4741 tamen
927 4701 957 4741 a
981 4688 1134 4742 malis
1157 4688 1482 4743 liberemur?
1501 4689 1760 4758 Quoniam
1787 4706 1890 4745 non
1909 4692 2059 4746 invo-

483 4795 671 4838 camus
696 4787 754 4834 ut
777 4789 986 4851 oportet
1031 4781 1295 4836 invocare.
1324 4780 1454 4835 Nam
1487 4792 1544 4836 nt
1583 4783 1721 4837 scias
1750 4799 1871 4838 eum
1903 4800 2062 4853 para-

486 4886 597 4929 tum
628 4889 749 4929 esse
776 4889 989 4943 semper
1018 4874 1276 4941 praebere,
1309 4874 1430 4927 audi
1458 4874 1584 4944 quid
1630 4874 1771 4929 dicat
1801 4877 1853 4930 in
1884 4876 2062 4930 Evam-

484 4964 673 5035 geliis:
701 4963 828 5031 Quis
847 4974 999 5018 estea:
1019 4965 1174 5027 vobis,
1217 4981 1247 5017 a
1267 4982 1364 5034 quo
1380 4967 1421 5018 si
1449 4967 1641 5037 petierit
1670 4968 1807 5034 ﬁlius
1842 4968 1949 5038 ejus
1972 4985 2065 5039 pa-

487 5072 622 5119 nem,
653 5073 776 5110 num
806 5056 1026 5124 lapidem
1052 5056 1189 5110 dabit
1215 5058 1257 5110 ei
1273 5058 1297 5111 ?
1322 5059 1398 5112 vel
1422 5059 1465 5112 si
1488 5060 1681 5129 petierit
1709 5066 1912 5131 piscem,
1944 5079 2066 5115 num

485 5158 763 5220 serpentem
791 5148 927 5202 dabit
954 5149 1000 5203 ei
1016 5150 1041 5202 Σ)
1068 5149 1129 5204 Si
1150 5161 1317 5203 autem
1341 5167 1446 5216 vos,
1473 5167 1586 5205 cum
1611 5154 1719 5207 sitis
1745 5155 1889 5221 ntali,
1923 5155 2064 5209 scitis

493 5241 624 5294 bona
652 5242 785 5295 dona
810 5242 930 5295 dare
952 5242 1072 5311 [iliis
1093 5244 1267 5296 vestris
1291 5259 1309 5296 :
1335 5244 1493 5297 multo
1519 5246 1678 5315 magis
1710 5244 1869 5299 Pater
1911 5256 2069 5301 vester

490 5332 578 5401 ριιὶ
629 5341 701 5387 εει
748 5332 802 5385 in
840 5332 997 5398 caelis,
1027 5332 1166 5386 dabit
1204 5333 1333 5387 bona
1360 5335 1633 5403 petentibus
1682 5352 1737 5389 se
1765 5336 1978 5404 (Matth.
2011 5337 2064 5391 7.

491 5423 527 5477 9
555 5450 576 5463 -
605 5424 719 5492 il).
751 5422 910 5478 Vides
955 5433 1153 5495 quanta
1195 5425 1266 5479 sit
1317 5424 1433 5494 ejus
1457 5425 1689 5493 bonitas,
1718 5441 1838 5482 cum
1886 5438 2068 5484 nostra

498 5529 620 5569 cum
649 5515 739 5570 illa
757 5515 949 5570 collata
972 5516 1213 5570 videatur
1255 5516 1607 5586 improbitas?
1654 5519 1912 5584 Quoniam
1943 5535 2073 5590 ergo

501 5608 623 5663 talis
650 5617 732 5662 est
772 5616 956 5662 noster
1007 5608 1282 5674 Dominus,
1312 5608 1376 5662 ad
1406 5625 1527 5664 eum
1567 5624 1781 5682 semper
1803 5610 2075 5684 confugia-

566 5781 584 5813 ³
614 5782 842 5849 sictteg.
877 5787 929 5830 et
959 5779 1103 5849 savii.
1152 5779 1263 5849 alii.
1280 5778 1487 5849 _Pattlus.
1529 5789 1740 5847 Utraque
1771 5786 1920 5837 lectio
1958 5784 2077 5838 ferri

497 5854 643 5909 με
667 5842 886 5904 videtur;
910 5845 1001 5892 sed
1021 5845 1152 5907 prior
1176 5842 1475 5907 praeferenda
1498 5853 1593 5896 est.

1146 380 1206 436 S.
1244 378 1526 438 JOANNIS
1561 375 2035 435 CBRYSOS’I‘OIII
2063 377 2379 451 ARCHIEP.
2416 382 2956 448 CONSTANTINOP.

3594 407 3702 468 510

2129 530 2270 586 mus,
2302 521 2746 594 eum'adjutorem
2774 527 2946 585 solum
2987 529 3315 604 invocemus,
3344 545 3400 592 ct
3442 552 3565 595 eum
3603 557 3704 612 pa-

2129 619 2302 705 ratum
2345 612 2677 673 inveniemus
2722 619 2791 674 ad
2839 637 2938 677 nos
2982 624 3294 684 servandos.
3333 627 3387 685 Si
3428 632 3569 687 enim
3612 636 3705 705 qui

2128 702 2458 797 naufragium
2496 707 2757 776 fecerunt,
2788 714 2915 768 etin
2945 716 3123 771 tabula
3149 719 3454 789 vehuntur,
3481 739 3576 780 eos
3613 702 3704 797 qui

2128 795 2315 860 procul
2358 805 2484 851 sunt
2523 801 2702 854 statim
2732 814 3006 872 vocantes,
3039 810 3363 877 persuadent
3412 822 3472 869 ut
3518 795 3708 871 huma-

2128 885 2294 941 nitate
2315 898 2567 947 utantur:
2599 893 2700 947 etsi
2732 894 2861 951 nihil
2907 898 3046 953 inter
3069 914 3163 955 eos
3203 916 3493 960 commune
3535 907 3706 964 inter-

2127 980 2302 1047 cedat,
2329 983 2423 1038 sed
2458 985 2572 1040 sola
2595 987 2898 1046 calamitate
2937 995 3046 1047 noti
3075 994 3093 1026 ¹
3119 996 3227 1050 sint
3250 1039 3265 1064 ,
3310 1009 3511 1069 quanto
3541 1005 3710 1073 magis

2128 1073 2219 1143 qui
2256 1084 2341 1130 est
2387 1076 2649 1147 benignus
2677 1089 2731 1135 et
2770 1081 3044 1149 clemens,
3094 1095 3153 1142 et
3192 1091 3417 1145 naturali
3467 1092 3710 1150 bonitate

2130 1165 2316 1232 utitur,
2349 1182 2443 1223 eos
2472 1170 2660 1239 eripiet
2682 1172 2770 1242 qui
2810 1176 3056 1244 gravibus
3084 1181 3461 1249 opprimuntur
3487 1185 3709 1241 calami-

2131 1256 2347 1325 tatibus,
2375 1259 2420 1315 si
2447 1260 2608 1317 modo
2631 1262 2700 1317 ad
2727 1279 2849 1319 eum
2875 1262 3164 1340 confugere
3187 1273 3469 1337 voluerint.
3493 1286 3548 1332 et
3585 1294 3708 1335 eum

2129 1362 2258 1403 vere
2277 1364 2340 1405 ac
2360 1351 2568 1408 sincere
2588 1355 2857 1424 invocare,
2882 1357 3110 1415 humana
3131 1377 3228 1432 Spe
3253 1364 3432 1421 relicta
3451 1368 3712 1437 ?Quando

2131 1452 2261 1510 ergo
2280 1440 2334 1495 in
2365 1441 2696 1512 inopinatum
2717 1446 2931 1518 aliquod
2960 1452 3155 1507 malum
3186 1454 3456 1522 incideris,
3488 1474 3556 1515 ne
3581 1461 3702 1516 ani-

2131 1545 2279 1585 mum
2307 1533 2557 1603 abjicias,
2590 1537 2685 1592 sed
2715 1547 2864 1595 tuum
2894 1543 3072 1597 statim
3120 1545 3364 1614 spiritum
3392 1550 3571 1619 erigas
3592 1592 3608 1617 ,
3656 1562 3712 1607 et

2132 1624 2404 1697 confugias
2430 1626 2499 1682 ad
2532 1631 2877 1700 tranquillum
2909 1643 3141 1704 portum,
3168 1638 3257 1707 qui
3287 1639 3448 1696 nullis
3482 1643 3715 1711 agitatur

2131 1715 2415 1787 ﬂuetibus,
2462 1731 2519 1776 et
2563 1721 2629 1777 ad
2685 1727 2871 1779 turrim
2919 1741 3227 1799 numquam
3257 1736 3705 1803 erpugnabiletu,

2134 1824 2327 1879 nempe
2352 1810 2446 1867 Dei
2464 1813 2739 1869 auxilium.
2780 1815 2906 1872 Ideo
2926 1819 3070 1873 enim
3111 1822 3351 1890 permisit
3385 1833 3445 1880 ut
3468 1824 3712 1893 caderes,

2136 1907 2196 1954 ut
2220 1909 2272 1955 tu
2298 1915 2420 1956 eum
2441 1902 2738 1961 invocares.
2771 1905 2877 1965 Sed
2925 1910 3167 1981 plerique
3200 1922 3324 1970 tunc
3361 1918 3594 1974 maxime
3623 1920 3717 1976 de-

2131 1993 2421 2064 jiciuntur,
2471 2005 2526 2054 et
2563 2013 2680 2054 eam
2710 2015 2811 2072 qua
2850 2004 3054 2072 praediti
3086 2010 3241 2062 erant
3283 2009 3531 2077 pietatem
3583 2013 3718 2083 abji-

2133 2085 2281 2141 ciunt
2300 2088 2345 2154 ³,
2381 2103 2502 2143 cum
2525 2099 2710 2147 contra
2730 2094 2801 2148 sit
2829 2095 3146 2152 faciendum.
3174 2099 3436 2166 Quoniam
3454 2104 3595 2158 enim
3619 2121 3719 2161 nos

2133 2178 2289 2268 valde
2340 2190 2503 2246 amat,
2536 2183 2658 2240 ideo
2687 2189 2946 2255 permittit
2972 2197 3034 2245 ut
3061 2189 3380 2262 affligamur,
3426 2205 3485 2250 ut
3518 2197 3566 2252 ei
3597 2213 3718 2268 per-

2135 2267 2328 2327 fectius
2357 2272 2758 2346 conjungamur.
2791 2279 2922 2334 Nam
2952 2290 3152 2338 matres
3190 2300 3403 2356 quoque
3431 2288 3607 2345 solent
3633 2291 3719 2345 in-

2136 2367 2370 2424 solentes
2409 2384 2608 2438 pueros
2656 2372 2882 2430 diversis
2914 2376 3075 2433 larvis
3102 2389 3484 2448 perterrentes,
3526 2398 3721 2454 cogere

2138 2471 2254 2524 eos,
2273 2468 2329 2513 ut
2356 2460 2422 2515 ad
2450 2476 2603 2516 suum
2631 2466 2890 2534 gremium
2917 2466 3242 2538 confugiant,
3266 2486 3374 2526 non
3392 2488 3485 2527 eos
3504 2474 3719 2544 quidem

2137 2549 2381 2606 volentes
2405 2553 2648 2609 molestia
2678 2555 2913 2622 afficere,
2965 2560 3058 2613 sed
3090 2559 3189 2616 hoc
3242 2565 3629 2633 excogitantes,
3664 2575 3721 2620 ιιι

2140 2642 2238 2711 ipsi
2267 2644 2347 2698 eis
2370 2646 2642 2702 assideant
2668 2667 2681 2701 :
2716 2650 2785 2703 ita
2814 2651 2973 2705 etiam
3003 2652 3142 2708 Deus
3169 2655 3352 2710 volens
3377 2671 3589 2727 semper
3618 2674 3718 2713 nos

2139 2733 2241 2789 sibi
2267 2736 2612 2809 conjungere,
2647 2741 2789 2796 velut
2825 2755 3031 2800 amator
3068 2746 3381 2813 vehemens,
3433 2751 3518 2806 vel
3545 2752 3719 2823 potius

2140 2837 2381 2884 amatore
2409 2833 2599 2900 quovis
2626 2833 3017 2903 vehementior,
3049 2841 3309 2909 permittit
3338 2851 3395 2896 ut
3442 2841 3511 2897 ad
3564 2843 3720 2898 talem

2142 2918 2400 2989 redigaris
2424 2925 2832 2991 necessitatem,
2887 2936 2945 2981 ut
2997 2938 3255 3000 perpetuo
3286 2947 3442 2987 vaces
3470 2934 3719 3000 orationi,

2142 3020 2197 3066 et
2224 3028 2346 3068 eum
2377 3015 2590 3072 assidue
2624 3018 2861 3087 invoces,
2886 3031 2938 3077 et
2965 3023 3085 3078 aliis
3106 3025 3308 3080 relictis
3331 3026 3405 3081 sis
3433 3027 3502 3082 de
3530 3043 3595 3081 eo
3610 3027 3722 3083 sol-

2143 3104 2339 3162 licitas.
2370 3107 2415 3162 0
2445 3107 2679 3177 Domine,
2712 3110 2867 3166 libera
2895 3116 3117 3169 animam
3141 3133 3323 3172 meam.
3371 3119 3522 3174 Alius
3562 3120 3724 3175 inter-

2144 3213 2288 3268 pres,
2339 3199 2522 3272 Rogo,
2552 3201 2809 3274 Domine,
2860 3208 2996 3278 eripe
3039 3210 3263 3263 animam
3308 3226 3492 3264 meam.
3537 3211 3725 3279 Alius,

2149 3288 2194 3345 0
2222 3289 2459 3361 Domine,
2487 3296 2627 3349 salva
2648 3297 2872 3351 animam
2906 3316 3088 3354 nteant.

2217 3385 2403 3438 Anima
2423 3403 2539 3441 cum
2561 3388 2737 3457 primis
2760 3403 2979 3445 seruetur
3002 3394 3263 3447 illa'sa.-—
3289 3393 3479 3450 Vidisti
3509 3397 3727 3466 sapien-

2150 3484 2259 3531 tem
2287 3480 2520 3533 animam
2540 3520 2555 3546 ,
2575 3482 2844 3549 quomodo
2869 3484 3067 3539 relictis
3088 3486 3333 3542 omnibus
3353 3502 3474 3557 quae
3498 3488 3565 3543 ad
3592 3490 3728 3545 hanc

2150 3568 2314 3623 vitam
2344 3571 2629 3639 pertinent,
2662 3589 2824 3627 unum
2856 3583 3057 3629 tantum
3090 3577 3240 3645 petit,
3290 3587 3352 3632 ut
3399 3580 3581 3634 anima
3619 3596 3733 3636 ma-

2149 3670 2273 3714 neat
2299 3661 2460 3716 illaesa
2482 3703 2497 3728 ,
2530 3671 2585 3716 et
2612 3663 2740 3717 nihil
2771 3665 3000 3735 patiatur
3037 3682 3224 3721 eorum
3255 3683 3374 3739 quae
3418 3670 3491 3725 illi
3536 3687 3733 3728 nocere

2152 3752 2407 3821 possunt?
2428 3754 2482 3811 Si
2512 3756 2652 3809 enim
2680 3755 2817 3812 bene
2841 3756 3052 3823 habeat,
3074 3760 3275 3830 reliqua
3294 3763 3470 3816 omnia
3498 3777 3731 3833 sequen-

2154 3853 2259 3910 tur,
2293 3854 2349 3898 ut
2387 3846 2431 3899 si
2477 3861 2582 3900 non
2635 3849 2773 3903 bene
2818 3847 3046 3917 habeat,
3079 3849 3208 3904 nihil
3239 3867 3334 3906 nos
3351 3851 3500 3922 juvat
3526 3855 3733 3925 reliqua

2154 3937 2481 4005 prosperitas
2513 3955 2526 3991 :
2559 3947 2616 3993 et
2641 3938 2762 3994 ideo
2797 3941 2928 3995 nihil
2957 3957 3063 3996 non
3094 3942 3271 3999 dicere
3296 3953 3350 3999 et
3379 3944 3552 4001 facere
3574 3962 3734 4016 opor-

2156 4036 2250 4094 tet,
2274 4036 2462 4083 uteam
2480 4044 2879 4087 conservemus.
2910 4033 3023 4089 Hoc
3041 4036 3182 4089 enim
3213 4036 3383 4092 innuit
3401 4052 3521 4093 cum
3547 4039 3731 4093 dicit':

2155 4118 2330 4176 Estote
2357 4122 2645 4192 prudentes,
2698 4126 2827 4180 sicut
2875 4138 3129 4198 serpentes
3181 4128 3200 4200 (
3244 4128 3430 4183 Matth.
3465 4132 3552 4186 lO.
3596 4132 3732 4205 16).

2156 4209 2615 4276 Quemadmodum
2658 4216 2801 4270 enim
2844 4216 2931 4271 ille
2974 4218 3235 4288 reliquum
3263 4235 3458 4289 corpus
3488 4221 3734 4290 projicit,

2158 4314 2216 4358 ut
2246 4314 2403 4374 caput
2428 4316 2710 4362 conservet
2740 4325 2752 4361 :
2785 4309 2854 4362 ita
2883 4319 3093 4379 oportet
3124 4319 3174 4365 te
3201 4326 3409 4382 quoque
3428 4313 3533 4367 alia
3559 4314 3736 4368 omnia

2158 4396 2287 4453 dare
2310 4413 2405 4467 pro
2448 4399 2616 4454 salute
2643 4402 2856 4456 animae.
2895 4401 3080 4474 Neque
3110 4405 3248 4458 enim
3295 4416 3575 4475 paupertas
3594 4448 3610 4473 ,
3639 4421 3737 4463 nec

2161 4491 2400 4558 morbus,
2432 4507 2531 4548 nec
2561 4493 2701 4562 quod
2729 4493 2936 4549 videtur
2961 4510 3081 4550 esse
3108 4505 3266 4565 caput
3303 4498 3538 4552 omnimn
3569 4500 3738 4554 malo-

2161 4599 2280 4638 rum
2305 4624 2321 4649 ,
2373 4598 2521 4639 mors
2551 4584 2742 4654 poterit
2780 4600 2902 4640 eum
2954 4587 3044 4656 qui
3085 4588 3335 4643 ceciderit
3375 4587 3665 4655 oll’endere,
3692 4590 3741 4645 si

2164 4674 2253 4728 illa
2277 4685 2663 4730 conservetur:
2692 4676 3134 4744 quemadmodum
3179 4693 3277 4734 nec
3317 4694 3381 4734 ex
3418 4680 3523 4733 vita
3543 4680 3741 4751 aliquid

2164 4769 2431 4823 commodi
2461 4770 2743 4839 percipies,
2775 4771 2820 4825 si
2848 4786 2907 4825 ea
2933 4772 3168 4841 perierit,
3201 4783 3523 4843 corruptave
3557 4774 3736 4830 fuerit.

2169 4857 2290 4915 Ideo
2313 4860 2521 4913 caeteris
2558 4859 2754 4915 relictis
2778 4901 2794 4925 ,
2815 4861 2882 4915 de
2910 4876 2973 4915 ea
2996 4863 3154 4916 verba
3196 4862 3349 4929 facit,
3392 4875 3649 4934 rogatque
3689 4877 3742 4921 ut

2170 4968 2275 5005 non
2303 4951 2461 5007 nimis
2483 4953 2702 5007 acrisah
2727 4968 2788 5007 ea
2813 4954 3055 5024 exigatur
3080 4956 3235 5023 ratio,
3267 4968 3320 5009 et
3345 4956 3413 5010 ab
3438 4957 3743 5012 intolerabi-

2169 5043 2308 5097 libus
2341 5043 2595 5098 liberetur
2638 5043 2930 5112 suppliciis.
2981 5046 3036 5099 5.
3088 5044 3378 5101 Misericors
3419 5047 3664 5100 Dominus
3697 5057 3743 5101 et

2163 5135 2356 5206 justus,
2385 5144 2433 5187 et
2461 5131 2599 5188 Deus
2624 5145 2791 5189 noster
2817 5136 3093 5189 miseretur.
3126 5135 3285 5190 Vides
3308 5137 3574 5206 quomodo
3594 5136 3744 5190 docet

2174 5228 2469 5285 auditorem
2494 5269 2511 5294 ,
2563 5236 2621 5282 ut
2658 5244 2830 5298 neque
2875 5229 3159 5299 desperet,
3190 5228 3472 5297 nequesit
3514 5228 3743 5297 ignavia:

2175 5332 2230 5377 et
2255 5322 2641 5392 negligentior?
2672 5322 2782 5377 Hoc
2808 5321 2953 5376 enim
2984 5337 3147 5391 prope
3174 5320 3323 5384 dicit,
3354 5319 3433 5374 Ne
3457 5320 3746 5389 desperes;

2175 5424 2258 5470 est
2303 5417 2445 5470 enim
2508 5415 2646 5469 Deus
2704 5415 3006 5469 misericors
3050 5430 3063 5463 :
3112 5426 3214 5468 nec
3269 5413 3344 5467 sis
3396 5413 3610 5481 segnis;
3670 5420 3747 5465 est

2177 5508 2318 5564 enim
2340 5510 2536 5578 justus.
2570 5507 2750 5576 Itaque
2780 5507 2929 5561 istius
2957 5506 3218 5560 exscindit
3245 5504 3542 5559 socordiam
3573 5519 3587 5556 :
3613 5501 3755 5556 illius

2245 5602 2261 5632 ι
2297 5601 2368 5649 sic
2391 5607 2534 5661 Reg;
2559 5607 2610 5650 at
2632 5600 2769 5657 editi,
2791 5598 2891 5649 sola
2907 5597 3179 5649 calamitate
3193 5596 3477 5661 miserandi.
3668 5643 3671 5646 .

2220 5664 2275 5733 _’_
2296 5660 2437 5733 savil.
2458 5658 2620 5733 .rejicit
2641 5661 2701 5733 ad
2722 5662 2992 5723 marginem
3018 5663 3291 5711 tnemhrum
3314 5658 3427 5720 hoc,
3449 5665 3495 5710 et
3525 5671 3737 5710 στεπη...

2179 5723 2787 5899 ΡτὲῗέξτῖιἪῗιὲιηιιὲωθι
2814 5792 2913 5837 Hoc
2936 5785 3065 5838 enim
3084 5790 3156 5837 est
3176 5784 3303 5848 quod
3326 5782 3378 5836 in
3400 5782 3651 5849 Seripho-tt
3682 5778 3767 5834 «ιι-

2183 5860 2208 5899 c
2310 5882 2323 5897 .

2183 5859 2323 5899 cuur.
