4112 6342
479 369 584 427 317

477 488 712 559 ἀναιρεῖ,
733 483 1073 558 ἑκατέρωθεν
1091 485 1191 560 τὴν
1210 489 1482 560 σωτηρίαν
1502 489 1660 561 ήμῶν
1679 492 2056 563 πραγματευό-

482 596 663 651 μενος.
1247 607 1256 613 -

550 731 614 803 β’.
629 725 763 786 Εἶτα
780 731 993 795 δεικνὺς
1011 730 1070 785 τὸ
1081 747 1217 801 προς
1231 733 1329 802 τὴν
1342 734 1754 807 φιλανθρωπίαν
1767 737 2056 808 ἐπιρρεπέ-

478 842 568 879 στε
579 842 689 895 ρον,
711 825 906 894 ἐπάγει
925 823 1086 877 πάλιν
1105 823 1278 892 λέγων
1298 842 1312 855 ο
1334 827 1444 879 Καὶ
1467 830 1501 880 ό
1524 827 1667 893 Θεὸς
1686 826 1856 896 ἡμῶν
1872 828 2049 884 ἐλεεῖ.

474 915 588 969 Καὶ
608 913 787 978 καλῶς
807 908 960 968 εἶπεν
980 929 995 944 °
1029 913 1082 966 Ὁ
1104 912 1249 980 Θεὸς
1268 913 1456 985 ήμῶν,
1480 917 1616 988 πρὸς
1648 917 2053 991 ἀντιδιαστολὴν

473 1002 582 1056 τῶν
622 1002 778 1069 θεῶν,
800 994 874 1056 ὧν
913 1000 1101 1072 πρώην
1133 1001 1401 1074 ἐμνήσθη.
1429 1002 1687 1069 Ἐκείνοις
1721 1006 1820 1077 μὲν
1851 1007 1959 1079 γὰρ
1990 1009 2053 1061 τὸ

475 1095 702 1164 σφάζειν
723 1094 815 1148 καὶ
833 1094 1094 1165 ἀναιρεῖν,
1121 1093 1213 1147 καὶ
1245 1095 1531 1166 ἀκήρυκτα
1566 1097 1823 1170 πολεμεῖν
1855 1099 2013 1171 ἔργον
2033 1117 2048 1133 ·

470 1185 640 1257 τούτῳ
663 1185 720 1240 δὲ
740 1185 800 1238 τὸ
819 1184 1377 1256 φιλανθρωπεύεσθαι,
1399 1188 1494 1241 καὶ
1516 1190 1932 1258 συγγινώσκειν,
1954 1192 2050 1247 καὶ

472 1277 732 1332 κινδύνων
767 1275 1095 1349 ἐξαρπάζειν
1133 1277 1414 1349 διηνεκῶςο
1452 1280 1488 1333 ἃ
1525 1280 1591 1351 δὴ
1633 1280 1867 1352 μάλιστα
1908 1283 2048 1353 μετά

471 1369 580 1423 τῶν
615 1368 790 1423 ἄλλων
825 1368 1064 1423 δείκνυσι
1097 1371 1224 1433 τοὺς
1245 1373 1342 1441 μὲν
1362 1370 1622 1442 δαίμονας
1639 1372 1800 1437 ὄντας
1820 1375 1914 1427 καὶ
1935 1374 2050 1428 ἀλι-

470 1463 724 1532 τηρίους,
766 1461 857 1515 τὸν
893 1461 951 1515 δέ
981 1461 1252 1533 κηδεμόνα
1293 1464 1388 1517 καὶ
1422 1464 1738 1537 προστάτην
1783 1467 1877 1520 καὶ
1914 1466 2047 1523 Θεὸν

469 1553 721 1626 ἀληθινόν
734 1567 758 1595 ι
769 1595 783 1608 .

538 1709 882 1765 Φυλάσσων
916 1713 990 1765 τὰ
1030 1710 1219 1777 νήπια
1257 1713 1291 1767 ό
1331 1713 1546 1781 Κύριος
1567 1730 1582 1745 ο
1617 1714 2042 1784 ἐταπεινώθην,

467 1800 565 1853 καὶ
601 1799 798 1855 ἔσωσέ
831 1819 927 1869 με.
945 1801 1207 1856 Ἐνταῦθα
1231 1801 1486 1874 μέγιστον
1505 1801 1642 1868 εἶδος
1665 1806 1920 1877 προνοίας
1942 1807 2042 1861 αὐ-

465 1890 560 1944 τοῦ
590 1892 848 1945 ἀνακινεῖ.
869 1891 1084 1963 Ἐπειδὴ
1105 1892 1215 1964 γὰρ
1235 1889 1420 1947 εἶπεν·
1472 1894 1778 1965 Ἔλεήμων
1818 1889 1914 1952 καὶ
1957 1897 2044 1951 δί-

466 2001 657 2049 καιος,
677 1983 775 2037 καί
797 1982 971 2041 ἐλεεῖ.
993 1984 1254 2055 μεγίστης
1275 1983 1438 2038 αὐτοῦ
1459 1984 1865 2058 φιλανθρωπίας
1885 1987 2043 2059 ἔργον

463 2075 725 2130 δείκνυσι.
748 2076 908 2130 Ποῖον
943 2075 1008 2147 δὴ
1043 2075 1229 2144 τοῦτο;
1252 2076 1326 2130 Τὸ
1344 2077 1452 2130 τῶν
1471 2078 1698 2148 νηπίων.
1716 2080 1906 2150 Ἡμεῖς
1943 2080 2043 2152 μὲν

463 2167 573 2240 γὰρ
612 2167 705 2222 καὶ
738 2166 897 2236 λόγον
935 2166 1130 2239 ἔχομεν
1144 2161 1223 2222 ’τὰ
1245 2168 1343 2239 μὲν
1363 2170 1743 2239 φυλάττεσθαι,
1764 2172 1831 2226 τά
1849 2171 1906 2226 δέ
1925 2171 2043 2226 ἐλέ-

466 2258 592 2313 σθαι
643 2257 963 2312 παιδεύοντα
987 2299 1002 2320 ,
1042 2260 1136 2313 καὶ
1174 2259 1242 2313 τά
1278 2261 1620 2333 ἐπερχόμενα
1657 2262 2041 2338 διακρούεσθαι

466 2350 634 2415 κακά,
655 2352 749 2405 καὶ
765 2352 834 2405 τά
852 2352 1094 2424 παρόντα
1112 2351 1380 2418 διαλῦσαι,
1403 2354 1497 2408 καὶ
1522 2357 1673 2426 ἰσχὺν
1699 2357 2039 2426 κεκτήμεθα,

466 2444 564 2496 καὶ
598 2442 791 2513 τέχνας
828 2442 1203 2514 ἐπιστάμεθα·
1242 2444 1308 2498 τὰ
1342 2444 1399 2498 δὲ
1433 2445 1622 2499 παιδία
1640 2447 1842 2500 τούτων
1861 2446 2042 2520 ἔρημα

464 2536 705 2602 πάντων,
726 2536 802 2600 ὡς
822 2537 1233 2608 ἀπροστάτευτα
1248 2553 1261 2567 ’
1284 2535 1419 2590 ἀλλά
1454 2536 1543 2590 διὰ
1575 2538 1794 2592 πάντων
1813 2537 1927 2609 ἔχει
1944 2538 2040 2593 τοῦ

463 2626 600 2681 Θεοῦ
619 2627 717 2699 τὴν
740 2628 1013 2698 πρόνοιαν,
1030 2623 1098 2700 ἦς
1119 2629 1168 2681 εἰ
1190 2627 1266 2700 μὴ
1289 2628 1528 2699 συνεχῶς
1545 2628 1846 2701 ἀπήλαυον,
1865 2630 2042 2684 πάντα

462 2719 531 2773 ἂν
550 2718 837 2773 ἀπολώλει.
860 2719 970 2774 Καὶ
1000 2720 1111 2791 γὰρ
1147 2720 1242 2773 καὶ
1276 2720 1397 2791 δφις
1417 2719 1483 2774 ἀν
1502 2721 1765 2791 ἠφάνισεν
1784 2725 1843 2777 ἐν
1864 2739 2040 2795 σπαρο

463 2811 650 2879 γάνοις
689 2812 768 2865 ἔτι
805 2810 865 2865 ὃν
897 2810 959 2864 τὸ
1002 2811 1231 2879 παιδίον,
1253 2812 1349 2866 καὶ
1386 2812 1712 2878 κατοικίδιος
1748 2813 1924 2884 ὅρνις,
1948 2816 2043 2868 καὶ

421 2927 428 2933 -
463 2903 635 2957 πολλὰ
666 2904 773 2959 τῶν
804 2903 1077 2974 ἑρπόντων
1105 2904 1268 2975 ἕτερα
1285 2904 1394 2959 τῶν
1412 2905 1552 2959 κατά
1569 2905 1668 2970 τάς
1687 2907 1882 2971 οἰκίας.
1907 2906 2043 2960 Οὐδέ

461 2997 572 3070 γὰρ
593 2998 752 3068 ἀρκεῖ
769 2994 889 3050 οὐτε
908 2995 1126 3067 τροφὸς,
1146 2994 1268 3049 οὔτε
1292 2998 1492 3069 μήτηρ,
1515 2996 1636 3051 οὐτε
1657 2998 1839 3070 ἕτερος
1867 3000 2042 3064 οὐδεὶς

463 3089 879 3161 ἀπηρτισμένην
899 3087 1300 3143 ἐπιδείκνυσθαι
1342 3089 1472 3160 περὶ
1508 3090 1649 3144 αὐτά
1672 3091 1950 3163 πρόνοιαν,
1974 3092 2043 3146 ἂν

466 3179 542 3253 μὴ
560 3180 659 3251 τῆς
678 3179 881 3234 ἀνωθεν
900 3177 1146 3250 ἀπολαύῃ
1171 3178 1363 3250 ῥοπῆς.
1386 3178 1541 3243 Τινὲς
1559 3179 1617 3234 δέ
1637 3197 1766 3250 φασι
1788 3182 1883 3236 καὶ
1914 3183 2042 3254 περὶ

460 3268 571 3322 τῶν
591 3268 616 3320 ἐ
624 3266 846 3338 μϐρύων
865 3268 959 3321 καὶ
982 3269 1147 3338 μήπω
1183 3268 1284 3338 τῆς
1320 3269 1558 3339 γαστρὸς
1578 3269 1898 3336 ἐξελθόντων
1916 3272 2035 3325 τοῦ·

459 3376 554 3413 τον
585 3358 835 3430 εἰρῆσθαι
870 3357 961 3411 τὸν
991 3357 1169 3427 λόγον.
1207 3359 1663 3429 Ἐταατεινώθην,
1708 3363 1807 3416 καὶ
1843 3363 2043 3420 ἐσωσέ

458 3468 556 3524 με.
599 3453 714 3504 Οὐκ
735 3445 887 3505 εἶπεν
911 3450 1058 3503 ὀὐκ
1095 3450 1278 3505 εἴασεν
1315 3453 1395 3516 εἰς
1432 3452 1706 3518 κινδύνους
1744 3457 2037 3527 ἐμπεσεῖνο

462 3542 619 3599 ἀλλὰ.
637 3541 792 3595 Μετά
808 3541 869 3594 τὸ
887 3544 1142 3612 ἐμπεσεῖν
1159 3541 1434 3598 διέσωσεν.
1452 3544 1668 3617 Ἐπειδὴ
1687 3545 1796 3618 γὰρ
1813 3544 1932 3601 εἷπε
1944 3548 2041 3619 τὴν

464 3633 691 3688 καθόλου
712 3631 878 3686 αὐτοῦ
900 3633 1177 3703 πρόνοιαν,
1196 3634 1291 3687 καὶ
1309 3636 1401 3688 ἐπὶ
1414 3634 1510 3690 τοῦ
1527 3637 1730 3691 οἰκείου
1747 3640 2039 3711 προσώπου

464 3726 694 3798 προάγει
727 3725 820 3779 τὸν
838 3724 1016 3794 λόγον,
1036 3726 1170 3798 ὅπερ
1190 3726 1311 3790 ἔθος
1329 3727 1476 3798 αὐτῷ
1496 3728 1606 3783 ἀπό
1625 3749 1683 3784 τε
1701 3732 1811 3786 τῶν
1827 3733 2042 3788 καθολι-

461 3817 597 3881 κῶν,
617 3817 727 3871 ἀπό
758 3835 820 3871 τε
856 3816 965 3872 τῶν
1005 3819 1246 3889 μερικῶν
1262 3819 1438 3874 ταῦτα
1458 3826 1730 3896 συνιστᾷν.
1754 3825 1843 3896 Μὴ
1862 3826 2040 3880 τοίνυν

463 3907 603 3979 μηδὲ
643 3908 707 3962 σὺ
743 3906 893 3980 ζήτει
931 3906 1023 3960 τὸν
1063 3906 1246 3972 ἀδείας
1263 3908 1500 3980 γέμοντα
1522 3910 1667 3980 βίον·
1705 3912 1764 3966 οὐ
1795 3914 1903 3984 γάρ
1924 3915 2040 3968 ἐστί

463 4015 548 4053 σοι
567 3998 858 4062 λυσιτελές.
874 3998 936 4051 Εἰ
954 3997 1062 4069 γάρ
1081 4001 1192 4063 τοῖς
1211 4002 1518 4072 προφήταις
1535 4004 1634 4057 οὐκ
1651 3999 1719 4075 ἦν
1740 4005 2036 4076 συμφέρον,

461 4089 644 4160 πολλῷ
687 4089 885 4161 μᾶλλον
905 4088 1137 4143 σοί.”⁸οτι
1156 4090 1265 4163 γὰρ
1283 4092 1384 4146 οὐκ
1403 4088 1470 4164 ἦν
1491 4094 1787 4165 συμφέρον,
1809 4095 2040 4150 ἄκουσον

459 4183 516 4237 τί
536 4198 729 4253 φησιν’
780 4182 1032 4252 Ἀγαθόν
1057 4201 1179 4253 μοι,
1201 4183 1293 4237 ὅτι
1323 4184 1734 4253 ἑταπείνωσάς
1758 4205 1856 4257 με,
1881 4188 2039 4257 ὅπως

460 4273 543 4328 ἂν
569 4275 736 4343 μάθω
774 4272 847 4328 τὰ
881 4272 1238 4343 δικαιώματά
1274 4291 1411 4329 σου.
1433 4275 1607 4345 Διπλῆ
1647 4278 1680 4348 ἡ
1720 4279 2038 4351 εὐχαριστία

460 4362 715 4427 ἐνταῦθα,
736 4364 818 4417 ὅτι
850 4362 1033 4417 εἴασεν
1072 4366 1335 4435 ἐμπεσεῖν
1370 4366 1452 4429 εἰς
1493 4366 1792 4433 κινδύνους,
1827 4371 1922 4424 καὶ
1954 4370 2037 4424 ὄτι

461 4454 770 4525 ἐμπεσόντα
785 4454 847 4508 οὐ
865 4455 1173 4510 κατέλιπεν.
1191 4455 1498 4528 ’Δμφότερα
1515 4457 1571 4511 δέ
1589 4476 1705 4523 πως
1721 4460 2038 4532 εὐεργεσίας

458 4539 620 4610 εἶδος,
641 4546 734 4600 καὶ
768 4545 864 4600 τοῦ
890 4547 1140 4619 δευτέρου
1160 4547 1221 4601 τὸ
1239 4549 1501 4622 πρότερον
1519 4552 1619 4606 οὐκ
1638 4551 1876 4618 ἔλαττον,
1899 4554 2034 4620 ἀλλ’,

460 4639 513 4691 εἰ
549 4636 631 4692 δεῖ
667 4655 721 4691 τι
756 4638 852 4692 καὶ
889 4637 1037 4711 [506]
1076 4639 1388 4711 θαυμαστὸν
1406 4644 1600 4705 εἰπεῖν,
1623 4645 1718 4699 καὶ
1739 4646 1940 4716 μεῖζον.
1963 4648 2037 4702 Τὸ

466 4728 565 4800 μὲν
583 4729 656 4798 γά
663 4746 694 4801 ρ
713 4729 989 4794 κινδύνους
1006 4730 1237 4796 διέλυσε,
1259 4731 1319 4785 τὸ
1336 4732 1394 4786 δὲ
1411 4732 1510 4805 τὴν
1528 4733 1706 4806 ψυχὴν
1738 4736 2038 4807 φιλοσοφω-

459 4824 625 4895 τέραν
660 4823 1405 4894 εἰργάσατο.ῈπΙστρεψον,
1432 4826 1603 4895 ψυχή
1631 4845 1774 4895 μου,
1793 4831 1882 4894 εἰς
1921 4829 2038 4898 τὴν

459 4915 812 4970 ἀνάπαυσιν
848 4930 984 4982 σου,
1021 4915 1110 4970 ὅτι
1151 4918 1369 4986 Κύριος
1401 4919 1765 4988 εὐηργέτησε
1793 4938 1887 4976 σε.
1909 4923 2038 4977 Ὀτι

459 5006 755 5075 ἐρρύσατο
804 5006 920 5074 τὴν
977 5008 1191 5078 ψυχήν
1243 5026 1362 5078 μου
1400 5009 1517 5065 ἀπὸ
1556 5010 1815 5067 θανάτου
1840 5056 1854 5078 ,
1894 5014 2037 5082 τοὺς

460 5098 809 5168 ὀφθαλμούς
832 5116 952 5169 μου
981 5099 1102 5154 ἀπὸ
1120 5100 1411 5169 δακρύων,
1433 5102 1528 5156 καί
1550 5102 1692 5166 τοὺς
1712 5104 1902 5171 πόδας
1913 5124 2034 5176 μου

459 5191 579 5247 ά.τό
617 5189 1038 5262 ὀλισθήματος.
1072 5193 1476 5262 Εὐαρεστήσω
1515 5194 1771 5252 ἐνώπιον
1811 5199 2036 5267 Κυρίου

459 5285 532 5338 ἐν
569 5282 729 5353 Idm
764 5281 1009 5344 ζώντων.
1027 5285 1085 5338 '0
1129 5284 1228 5355 μὲν
1258 5286 1357 5357 τῆς
1397 5287 1633 5357 ἰστορίας
1674 5286 1830 5356 λόγος
1858 5289 2036 5361 δεινὴν

460 5375 781 5447 ἀπαλλαγήν
817 5392 970 5447 φησι,
994 5375 1087 5430 καὶ
1124 5374 1307 5430 ἄνεσίν
1334 5394 1457 5431 τινα
1492 5377 1586 5431 καὶ
1616 5377 1949 5450 ἐλευθερίαν.
1972 5380 2035 5434 Εἰ

460 5465 518 5519 δέ
557 5484 641 5532 τις
678 5466 821 5522 κατὰ
860 5465 1150 5538 ἀναγωγὴν
1178 5466 1339 5522 αὐτὸν
1357 5466 1595 5536 ἐκλάὄοι,
1616 5467 1900 5540 δυνήσεται
1936 5469 2035 5541 τήν

534 5815 562 5849 ⁸
585 5814 734 5866 SaVil.
758 5816 837 5865 καὶ
859 5816 1004 5873 ὄντως
1025 5815 1163 5867 Θεόν.

1181 369 1239 426 S.
1278 368 2088 428 JOANNlS-CHRYSOSTOHI
2135 369 2457 431 ARCIIIEP.
2493 370 3036 431 CONSTANTINOP.

3627 383 3734 444 5l8

2158 494 2406 551 ἐντεῦθεν
2442 494 2750 567 ἀποδημίαν
2786 492 3056 565 λύτρωσιν
3092 489 3290 560 λέγειν,
3314 491 3407 546 καὶ
3423 491 3733 549 ἀνάπαυσιν

2151 586 2354 656 ταύτην
2373 585 2577 639 καλεῖν.
2596 583 2908 655 Ἀπαλλαγὴ
2927 583 3036 656 γάρ
3055 585 3169 637 ἐστι
3188 583 3405 641 πάντων
3421 582 3528 637 τῶν
3544 583 3730 657 ἀδοκή-

2151 697 2260 735 των
2289 678 2496 744 δεινῶν,
2519 679 2613 732 καὶ
2632 679 2732 732 οὐκ
2753 677 2832 732 ἐτι
2850 680 2917 748 τῇ
2939 675 3132 747 ἀδηλίᾳ
3148 674 3330 729 λοιπὸν
3347 674 3649 738 ὑπόκειται,
3669 675 3730 729 ἐν

2152 771 2424 845 ἀσφαλείᾳ
2441 770 2699 842 γεγονὼς,
2714 772 2742 824 6
2761 769 2900 842 μετά
2914 768 3156 841 χρηστῆς
3175 765 3478 829 καταλύσας
3494 765 3726 830 ἐλπίδος.

2153 866 2216 919 Εἰ
2253 865 2360 937 γάρ
2394 865 2487 919 καὶ¹
2524 863 2581 932 ἐξ
2610 862 2884 934 ἁμαρτίας
2906 865 2934 915 6
2953 861 3179 923 θάνατος
3199 861 3588 931 εἰσενήνεκται,
3611 857 3727 913 ἀλλ’

2150 957 2299 1028 ὅμως
2334 959 2410 1020 εἰς
2441 957 2759 1028 εὐεργεσίαν
2776 953 2935 1027 ήμῶν
2954 951 3102 1024 αὐτῷ
3119 954 3148 1007 6
3166 951 3300 1016 Θεὸς
3320 952 3608 1023 ἐχρήσατο.
3628 949 3728 1004 Διά

2149 1046 2213 1118 δὴ
2250 1045 2409 1100 τοῦτο
2445 1046 2545 1100 οὐκ
2584 1044 2733 1117 αὐτῷ
2764 1045 2925 1116 μόνον
2943 1042 3208 1114 ἠρκέσθη,
3230 1040 3366 1096 ἀλλά
3388 1039 3589 1093 καὶτὸν
3611 1038 3727 1110 βίον

2149 1136 2444 1208 ἐπίμοχθον
2480 1134 2755 1205 ἐποίησεν,
2777 1134 2865 1188 ἵνα
2905 1132 3101 1206 μάθῃς,
3122 1132 3203 1185 ὅτι
3245 1130 3443 1184 οὐδὲτὸ
3463 1131 3728 1202 πρότερον

2151 1227 2526 1300 συνεχώρησεν
2545 1226 2632 1293 ἂν,
2654 1227 2702 1279 εἰ
2724 1224 2798 1296 μὴ
2820 1223 3024 1296 σφόδρα
3040 1225 3306 1295 χρήσιμον
3339 1218 3408 1294 ἦν
3445 1221 3597 1295 παρὰ
3626 1222 3727 1294 τὴν

2148 1320 2313 1376 αὐτοῦ
2335 1319 2529 1390 σοφίαν
2547 1318 2704 1372 τοῦτο
2722 1316 3029 1386 γενόμενον.
3053 1314 3153 1368 Διά
3172 1314 3234 1381 δὴ
3254 1313 3409 1369 τοῦτο
3428 1316 3597 1369 εἰπών
3611 1333 3626 1348 ο
3645 1309 3728 1388 ⁷ῌ

2147 1409 2226 1465 ἂν
2242 1408 2433 1480 ἡμέρᾳ
2463 1407 2645 1479 φάγῃ,
2668 1404 2900 1472 θανάτῳ
2921 1403 3218 1473 ἀποθανῇ,
3239 1405 3338 1458 οὐκ
3371 1404 3612 1477 ήρκέσθη
3646 1404 3727 1477 τῷ

2146 1500 2406 1572 ἐπιτιμίῳ
2423 1517 2436 1531 ·
2477 1498 2536 1553 τὸ
2553 1499 2663 1571 γὰρ
2681 1497 2952 1569 ἐπιτίμιον
2969 1496 3126 1550 τοῦτο
3141 1490 3209 1568 ἦν
3227 1510 3242 1525 °
3277 1495 3370 1565 Γῆ
3404 1496 3477 1561 ετ,
3502 1498 3599 1551 καί
3636 1498 3725 1565 εἰς

2147 1591 2264 1663 γῆν
2296 1591 2640 1659 ἀπελεύσίΓ
2679 1588 2775 1645 νῦν
2811 1589 2868 1643 δὲ
2904 1589 3000 1643 καὶ
3035 1586 3221 1659 ἕτερον
3259 1587 3496 1642 δείκνυσι
3515 1587 3720 1658 λέγων·

2158 1684 2253 1738 Ἐν
2290 1682 2485 1753 ἱδρῶτι
2520 1681 2627 1736 τοῦ
2662 1678 2988 1751 προσώπου
3038 1695 3156 1735 σου
3203 1677 3366 1750 φάγῃ
3403 1680 3511 1734 τὸν
3541 1679 3725 1749 ἄρτον

2143 1791 2282 1831 σου.
2300 1775 2581 1842 Ἀκάνθας
2616 1774 2715 1829 καί
2757 1774 3066 1842 τριϐόλους
3085 1770 3364 1828 άνατελεῖ
3377 1789 3475 1826 σοι
3491 1787 3504 1801 ·
3527 1773 3598 1827 ἐν
3612 1774 3723 1828 .215-
3795 1814 3804 1823 .

2144 1890 2285 1940 παις
2317 1872 2479 1943 φάγῃ
2516 1871 2728 1938 αὐτήν.
2752 1871 2861 1926 Καὶ
2878 1873 2946 1944 τῇ
2966 1871 3185 1941 γυναικί
3212 1865 3333 1924 εἷπε
3352 1887 3367 1901 ο
3389 1871 3722 1939 Πληθύνων

2142 1964 2431 2034 πληθυνῶ
2450 1962 2556 2030 τὰς
2572 1965 2774 2030 λύπας
2795 1978 2933 2027 σου,
2956 1963 3054 2017 καί
3086 1961 3192 2018 τόν
3223 1958 3562 2032 στεναγμόν
3579 1978 3716 2018 σου.

2156 2056 2254 2108 Ἐν
2268 2056 2492 2120 λύπαις
2513 2051 2656 2120 τέξῃ
2677 2051 2878 2107 τέκνα.
2900 2052 2975 2104 υύ
2996 2050 3103 2123 γάρ
3129 2051 3309 2106 ἰκανὸν
3326 2049 3394 2124 ἦν
3414 2053 3588 2106 ἐκεῖνο
3617 2052 3719 2106 αὐ-

2141 2146 2268 2210 τοὺς
2290 2143 2640 2217 σωφρονίσαι.
2659 2140 2894 2205 Πολλοὺς
2911 2140 3041 2210 γοῦν
3060 2141 3276 2214 ὁρῶμεν
3292 2141 3462 2214 ταύτῃ
3484 2142 3719 2214 μάλιστα

2141 2237 2455 2310 γινομένους
2477 2235 2736 2307 βελτίους.
2754 2235 2812 2288 Ὀ
2833 2234 2941 2306 γάρ
2961 2232 3187 2298 θάνατος
3204 2233 3529 2305 ἀναισθησίᾳ
3543 2252 3719 2307 παραυ

2142 2332 2378 2394 δίδωσιν,
2398 2328 2621 2383 ἐπειδὰν
2658 2326 2859 2400 ἐπέλθῃ
2888 2344 2901 2357 ·
2934 2325 3108 2380 ταῦτα
3142 2326 3197 2380 δέ
3234 2322 3444 2391 ζῶντας
3476 2325 3718 2397 βελτίους

2143 2422 2454 2496 ἐργάζεται.
2474 2420 2539 2475 Εἰ
2559 2419 2616 2473 δέ
2636 2418 2863 2491 φοϐερὸν
2882 2417 2943 2472 τὸ
2961 2419 3194 2491 πρᾶγμα
3220 2412 3360 2471 εἶναι
3376 2418 3543 2481 δοκεῖ,
3566 2420 3719 2492 παρὰ

2142 2513 2239 2584 τὴν
2270 2510 2550 2565 ἀσθένειαν
2586 2507 2694 2562 τῶν
2731 2507 2873 2562 οὕτω
2910 2506 3287 2578 διακειμένων.
3309 2509 3430 2561 Ὀτι
3467 2508 3576 2581 γὰρ
3615 2508 3718 2578 τῆς

2143 2604 2423 2668 ἀσθενείας
2444 2600 2512 2676 ἦν
2532 2605 2560 2657 6
2580 2600 2764 2671 φόϐος,
2788 2601 3015 2656 ἄκουσον
3036 2599 3273 2667 Παύλου,
3295 2600 3388 2654 καὶ
3422 2600 3719 2673 εὐχομένου

2144 2695 2321 2758 τοῦτο,
2342 2694 2437 2749 καὶ
2475 2693 2773 2765 χαίροντος,
2804 2691 2878 2755 ώς
2915 2691 3040 2745 ὅταν
3076 2691 3237 2764 λέγῃ³
3278 2691 3350 2746 Τὸ
3391 2692 3716 2760 ἀναλῦσαι,

2144 2789 2241 2844 καὶ
2282 2788 2404 2843 σὺν
2435 2784 2668 2856 Χριστῷ
2705 2780 2878 2847 εἶναι,
2899 2784 3106 2850 πολλῷ
3135 2783 3380 2854 μᾶλλον
3413 2784 3715 2855 κρεῖττονα

2141 2881 2236 2936 καὶ
2256 2879 2416 2934 πάλιν
2436 2894 2449 2910 ο
2488 2879 2680 2947 Χαίρω
2715 2876 2813 2930 καὶ
2850 2877 3155 2947 συγχαίρω
3174 2875 3365 2931 πᾶσιν
3382 2876 3550 2948 ὑμῖνο
3573 2877 3638 2932 τὸ
3660 2877 3718 2932 δ’

2140 2970 2286 3026 αὐτό
2308 2970 2407 3024 καί
2425 2970 2594 3040 ὑμεῖς
2614 2969 2852 3038 χαίρετε
2869 2968 2967 3021 καί
3007 2969 3364 3038 συγχαίρετέ
3386 2988 3489 3040 μοι
3511 2989 3526 3003 υ
3550 2972 3641 3025 ἐπὶ
3658 2970 3718 3026 δὲ

2139 3068 2252 3130 τοῖς
2268 3063 2530 3128 ἐναντίοις
2547 3062 2837 3132 ἀλγοῦντος
2855 3080 2870 3095 ο
2896 3064 2979 3116 Οὐ
2993 3063 3185 3131 μόνον
3203 3062 3331 3135 γάρ,
3352 3064 3535 3135 φησὶν,
3555 3065 3717 3119 ἀλλὰ

2142 3157 2240 3212 καί
2276 3159 2442 3211 αὐτοὶ
2462 3154 2531 3208 ἐν
2548 3153 2782 3220 ἑαυτοῖς
2801 3152 3179 3223 στενάζομεν,
3201 3153 3511 3208 υἱοθεσίαν
3528 3155 3716 3209 ἀπεκ-

2141 3249 2465 3319 δεχόμενοι,
2506 3246 2621 3314 τὴν
2640 3247 3059 3314 ἀπολύτρωσιν
3089 3244 3195 3299 τοῦ
3217 3245 3491 3315 σώματος
3510 3244 3677 3314 ἡμῶν
3695 3264 3713 3279 ο

2142 3342 2235 3397 καὶ
2257 3340 2437 3395 πάλινο
2461 3343 2525 3393 Οἱ
2545 3340 2717 3405 ὄντες
2733 3339 2802 3392 ἐν
2818 3335 2896 3404 τῷ
2912 3354 2993 3392 σκ
3001 3337 3032 3407 ἡ
3041 3354 3127 3390 νει
3146 3334 3719 3408 τούτῳ,στενάζομεν

2134 3432 2521 3503 βαρούμενοι.

2215 3587 2279 3658 γ’.
2292 3583 2445 3651 Εἶδες
2460 3587 2623 3641 πόσον
2644 3584 2758 3638 ἐστὶ
2778 3583 3063 3655 φιλοσοφία
3083 3583 3245 3638 καλόν
3264 3600 3279 3649 ;
3313 3585 3382 3637 Ἀ
3407 3587 3516 3648 τοῖς
3536 3585 3715 3654 ἄλλοις

2140 3679 2266 3746 ἄξια
2294 3678 2545 3752 δακρύων
2573 3674 2712 3732 εἶναι
2735 3676 2899 3740 δοκεῖ,
2926 3675 3099 3729 ταῦτα
3127 3675 3303 3747 τούτῳ
3325 3676 3492 3747 εὐχῆς
3512 3693 3528 3708 ο
3557 3676 3649 3732 καὶ
3676 3677 3716 3732 ἃ

2138 3773 2250 3835 τοῖς
2270 3770 2446 3834 ἄλλοις
2466 3768 2593 3837 ἀξια
2620 3769 2954 3842 εὐφροσύνης
2981 3769 3076 3822 καὶ
3100 3767 3312 3838 ἡδονῆς,
3342 3768 3515 3823 ταῦτα
3539 3768 3714 3844 τούτῳ

2142 3862 2482 3933 στεναγμῶν.
2519 3863 2588 3915 Ἦ
2618 3861 2719 3915 οὐκ
2749 3859 2874 3927 ἀξια
2906 3860 2935 3900 δ
2970 3861 3290 3931 στεναγμῶν
3331 3860 3392 3914 τὸ
3424 3861 3514 3915 ἐπ’
3550 3860 3712 3915 ἀλλο·

2138 3957 2295 4028 τρίας
2335 3950 2491 4019 εἶναι,
2516 3954 2609 4008 καὶ
2650 3951 2932 4025 πόρρωθεν
2958 3952 3060 4024 τῆς
3100 3952 3375 4024 ἡμετέρας
3401 3953 3713 4024 ἀπῳκίσθαι

2139 4047 2423 4119 πατρίδοςς
2446 4047 2519 4101 Ἦ
2546 4047 2647 4100 οὐκ
2675 4046 2821 4111 ἀξιον
2851 4045 3187 4117 εὐφροσύνης
3218 4034 3278 4100 τδ
3308 4045 3518 4117 ταχέως
3543 4063 3712 4103 καταο

2137 4140 2363 4212 δραμεῖν
2386 4139 2478 4193 ἐπὶ
2498 4139 2590 4194 τὸν
2609 4138 2780 4193 εὐδιον
2807 4138 3020 4210 λιμένα,
3039 4140 3133 4193 καὶ
3157 4138 3452 4192 ἀπολαϐεῖν
3475 4139 3574 4209 τὴν
3596 4139 3709 4195 ἄνω

2140 4232 2314 4293 πόλιν,
2343 4231 2470 4285 ἔνθα
2498 4230 2708 4302 ἀπέδρα
2734 4231 2916 4301 ὀδύνη,
2939 4232 3033 4286 καὶ
3059 4230 3227 4301 λύπη,
3253 4230 3348 4283 καὶ
3372 4231 3704 4302 στεναγμόςς

2137 4323 2247 4378 Καὶ
2286 4323 2340 4377 τί
2373 4322 2510 4394 πρὸς
2555 4322 2675 4393 ἐμὲ,
2707 4322 2861 4394 φησὶ,
2909 4323 3002 4376 τὸν
3035 4320 3392 4393 ἀμαρτωλόνς
3433 4322 3595 4393 Ὁρᾷς
3623 4324 3708 4377 δτι

2136 4415 2234 4483 οὐχ
2259 4415 2289 4467 6
2319 4410 2549 4474 θάνατός
2579 4413 2725 4466 ἐστιν
2757 4413 2785 4465 6
2810 4410 2978 4465 ποιῶν
3003 4411 3100 4481 τὴν
3128 4410 3328 4481 λύπην,
3360 4411 3495 4465 ἀλλά
3517 4411 3579 4466 τὸ
3607 4428 3705 4466 πο-

2137 4504 2302 4576 νηρὸν
2336 4501 2610 4568 συνειδόςς
2650 4501 2863 4556 Παῦσαι
2912 4497 3006 4557 οὖν
3049 4503 3143 4557 τοῦ
3180 4499 3319 4557 εἶναι
3359 4504 3701 4576 ἁμαρτωλὸς,

2138 4595 2233 4648 καὶ
2265 4592 2417 4647 ἔσται
2449 4609 2532 4646 σοι
2558 4591 2803 4657 ποθεινὸς
2829 4594 2858 4646 6
2885 4592 3131 4659 θάνατος.
3171 4592 3324 4660 Τοὺς
3357 4593 3707 4663 ὀφθαλμούς

2139 4683 2292 4757 [507]
2319 4702 2441 4754 μου
2478 4682 2599 4739 ἀπὸ
2631 4682 2925 4754 δακρύων.
2957 4684 3196 4748 Εἰκότως
3223 4683 3397 4748 οὕτως
3427 4679 3608 4738 εἰπενο
3644 4683 3705 4739 οὐ

2136 4776 2244 4845 γάρ
2277 4777 2424 4828 ἐστιν
2449 4775 2569 4827 ἐκεῖ
2593 4770 2761 4845 λύπη,
2790 4773 2912 4827 οὐδὲ
2940 4773 3167 4845 ἀθυμία,
3195 4774 3315 4828 οὐδὲ
3337 4774 3556 4846 θρῆνος.
3591 4774 3706 4830 Kal

2138 4866 2280 4933 τοὺς
2299 4864 2489 4932 πόδας
2505 4883 2625 4934 μου
2646 4865 2762 4920 ἀπὸ
2779 4865 3199 4935 ὀλισθήματος.
3217 4865 3387 4919 Τοῦτο
3399 4865 3493 4919 τοῦ
3510 4865 3689 4937 προτέν

2142 4976 2234 5030 ρου
2258 4958 2458 5030 μεῖζον.
2490 4959 2649 5024 Πῶς;
2679 4959 2881 5012 Ὄτιού
2904 4959 3063 5029 μόνον
3080 4958 3255 5029 λύπης
3276 4958 3440 5030 ἐσμὲν
3460 4957 3708 5030 ἀπηλλα-

2135 5053 2345 5124 γμένοι,
2376 5051 2510 5107 ἀλλὰ
2531 5053 2624 5105 καὶ
2649 5050 2744 5105 τοῦ
2775 5049 3220 5115 ὑποσκελίζεσθαι
3244 5051 3336 5104 καί⁵
3364 5048 3707 5104 ἐπιϐουλεύε-

2137 5144 2279 5198 σθαι.
2310 5143 2432 5197 Ἐπὶ
2462 5142 2564 5214 τῆς
2603 5142 2808 5214 πέτρας
2838 5142 3032 5213 ἐστηκε
3071 5141 3179 5212 γὰρ
3208 5142 3238 5194 6
3280 5139 3528 5196 ἀπελθὼν
3567 5138 3706 5212 μετά

2135 5233 2574 5305 κατορθωμάτων
2593 5249 2606 5265 ·
2638 5233 2733 5287 τοῦ
2766 5232 2982 5304 λιμένος
3013 5232 3340 5302 ἐπείληπται
3359 5247 3375 5262 ο
3403 5231 3581 5286 πάντα
3604 5231 3704 5286 ἀν-

2135 5328 2334 5400 ῄρηται
2363 5326 2434 5380 τά
2473 5325 2771 5397 κωλύματα
2798 5325 2983 5378 λοιπόν
3000 5341 3016 5355 ·
3045 5322 3280 5395 οὐδαμοῦ
3311 5322 3559 5395 θόρυϐος,
3581 5323 3704 5378 οὐδέ

2133 5420 2343 5490 ταραχή
2359 5435 2374 5449 ·
2407 5417 2522 5472 ἀλλ’
2543 5420 2604 5473 ἐν
2631 5416 2980 5488 εὐδοκιμήσει
3002 5427 3025 5455 ο
3049 5415 3287 5487 διηνεκεῖ
3309 5415 3457 5486 μένει
3480 5416 3510 5469 6
3531 5413 3705 5478 οὕτως

2195 5688 2225 5728 1⁵
2246 5689 2397 5755 εαίνίι.
2424 5691 2474 5740 in
2498 5693 2719 5755 margine
2738 5692 2769 5749 ἢ
2796 5691 2883 5740 οὐκ
2906 5690 3052 5746 ἄξιον.
3081 5689 3298 5752 Utraque
3337 5688 3486 5739 lectio
3499 5689 3706 5751 quadrat

2133 5754 2494 5865 “69333).1’
2512 5815 2560 5865 ἐν
2584 5814 2894 5864 καταστάσει.
2911 5813 3076 5864 Utram
3099 5815 3239 5864 malis
3259 5810 3393 5876 elige
3416 5812 3700 5863 lectionem.
