4112 6342
436 342 540 398 817

434 490 608 535 autem
650 480 784 535 tollit
826 481 1250 552 desperationem
1277 523 1292 548 ,
1329 482 1552 537 salutem
1582 484 1734 538 nobis
1769 484 2015 552 utrinque

433 586 745 643 procurans.

499 661 556 718 2.
587 663 786 719 Deinde
814 664 1097 719 ostendens
1123 666 1286 720 Deum
1315 682 1433 720 esse
1464 682 1783 736 propensum
1810 666 1875 720 ad
1906 666 2015 722 ele-

432 755 685 809 mentiam
707 795 724 821 ,
755 754 1024 825 subjungit
1048 758 1245 822 dicens,
1282 756 1345 810 Et
1375 757 1509 811 Deus
1541 768 1705 810 noster
1733 758 2009 813 miseretur.

432 846 597 902 Recte
621 855 797 900 autem
823 846 974 911 dixit,
1002 846 1136 901 Deus
1164 859 1331 902 noster
1356 865 1374 903 :
1404 857 1460 903 ut
1486 864 1605 903 eum
1635 848 1919 918 distinguat
1945 850 2014 904 ab

431 940 499 994 iis
526 938 662 1005 diis,
691 954 914 1010 quorum
944 942 1099 1008 paqu
1125 951 1247 995 ante
1269 943 1528 995 meminit.
1560 941 1696 997 Sunt
1724 941 1864 996 enim
1892 942 2012 995 illo-

429 1044 549 1084 rum
582 1040 755 1099 partes
775 1030 1038 1092 occidere,
1062 1032 1127 1086 de
1154 1032 1327 1086 medio
1350 1033 1557 1098 tollere,
1581 1042 1635 1087 et
1663 1032 1795 1088 bella
1822 1033 2013 1102 impla-

428 1121 618 1175 cabilia
658 1137 878 1191 gerere;
908 1121 1065 1191 hujus
1103 1131 1277 1176 autem
1304 1164 1317 1185 ,
1349 1125 1421 1177 uti
1461 1124 1739 1179 clementia
1765 1166 1779 1189 ,
1807 1124 2011 1179 condo.

428 1225 580 1275 nare,
609 1219 660 1264 et
681 1209 890 1266 assidue
910 1227 940 1265 a
972 1213 1218 1281 periculis
1238 1214 1481 1283 eripere:
1505 1229 1622 1284 quae
1649 1216 1862 1285 quidem
1889 1232 2009 1270 eum

426 1300 548 1355 aliis
576 1302 803 1356 maxime
832 1305 1121 1357 ostendunt
1160 1304 1278 1357 illos
1304 1319 1425 1359 esse
1452 1304 1723 1359 dmmunes
1747 1314 1801 1360 et
1825 1307 2010 1360 exitio-

427 1406 540 1456 sos,
573 1393 711 1447 hunc
731 1402 907 1449 autem
933 1409 1113 1449 curam
1140 1410 1325 1465 gerere
1345 1405 1399 1450 et
1423 1397 1721 1466 providere,
1746 1406 1799 1452 et
1828 1414 2010 1453 verum

425 1499 547 1539 esse
577 1485 762 1539 Deum.

500 1573 766 1647 Infantum
808 1594 867 1631 ac
912 1595 1182 1650 puerorum
1220 1590 1386 1634 custos
1424 1579 1582 1635 Deus.
1610 1581 1869 1637 Securitas
1900 1583 2013 1637 vita:

424 1686 527 1722 non
557 1679 627 1723 est
650 1672 936 1740 quaerenda.
963 1668 1104 1725 Mors
1124 1671 1349 1725 liberalia
1378 1682 1424 1726 et
1449 1674 1657 1741 requies.
1689 1672 1801 1727 Vita
1820 1693 1910 1728 cur
1928 1678 2009 1731 la-

425 1763 641 1818 boriosa.
660 1763 793 1817 —-6.
836 1755 1133 1818 Custodiam
1159 1765 1392 1833 parvulos
1414 1764 1657 1819 Dominus
1679 1784 1697 1820 :
1718 1766 2010 1822 humiliatus

425 1873 556 1919 sum,
582 1866 626 1909 et
650 1856 873 1910 liberavit
903 1874 1000 1911 me.
1045 1857 1141 1911 Hic
1169 1866 1346 1911 movet
1389 1858 1674 1911 maximum
1700 1874 1867 1928 genus
1894 1860 2010 1928 ejus

426 1947 792 2016 providentiae.
816 1948 1071 2016 Quoniam
1098 1950 1238 2003 enim
1263 1947 1415 2014 dixit,
1442 1948 1728 2003 Misericors
1750 1960 1797 2004 et
1816 1953 2003 2019 justus,

423 2049 470 2091 et
501 2039 791 2105 miseretur,
821 2040 934 2109 ejus
975 2040 1219 2094 maxima:
1250 2040 1549 2095 clementia:
1585 2056 1719 2110 opus
1758 2042 2008 2113 deinceps

422 2130 674 2183 ostendit.
703 2129 1023 2198 Quodnam?
1052 2130 1104 2184 ld
1131 2130 1377 2185 videlicet
1410 2148 1514 2202 quo
1550 2135 1714 2187 utitur
1750 2134 1801 2188 itt
1835 2135 2005 2188 infau-

424 2231 504 2274 tes
525 2236 586 2274 ac
626 2236 818 2291 pueros
856 2238 869 2276 :
912 2236 1016 2276 nou
1065 2222 1204 2278 enim
1250 2221 1507 2277 habemus
1549 2225 1808 2278 rationem
1840 2268 1854 2290 ,
1887 2242 2005 2296 qua:

421 2330 519 2367 nos
560 2314 710 2368 docet
756 2314 868 2369 lnec
899 2315 1064 2370 vitare
1084 2356 1097 2378 ,
1128 2315 1210 2369 illa
1235 2315 1431 2385 eligere
1456 2357 1470 2381 ,
1505 2326 1560 2371 et
1588 2318 1724 2372 mala
1758 2334 1877 2387 qua:
1907 2335 2004 2374 nos

423 2406 680 2461 invadunt
710 2407 1019 2476 propulsare
1041 2449 1056 2474 ,
1087 2415 1139 2461 ct
1166 2424 1285 2479 qua:
1315 2408 1507 2462 adsunt
1534 2419 1822 2464 excutere:
1856 2419 1907 2465 et
1927 2413 2005 2464 vi-

419 2500 567 2554 ribus
595 2500 865 2566 valemus,
906 2511 958 2555 et
997 2512 1139 2555 artes
1176 2501 1411 2566 scimus;
1462 2500 1692 2556 infantes
1718 2514 1895 2559 autem
1939 2520 2002 2558 ac

418 2591 566 2661 ptteri
597 2633 614 2659 ,
659 2591 847 2662 quibus
887 2591 1001 2649 hazc
1047 2592 1222 2646 omnia
1273 2592 1569 2660 deﬁciunt,
1618 2604 1739 2648 sunt
1784 2593 2002 2661 perinde

414 2701 480 2740 ac
517 2689 560 2739 si
596 2701 699 2739 non
746 2684 1000 2739 haberent
1026 2678 1114 2755 qui
1144 2700 1237 2741 eos
1267 2696 1473 2755 regeret
1504 2704 1516 2738 :
1550 2688 1647 2742 sed
1674 2686 1725 2740 in
1756 2687 2001 2741 omnibus

415 2776 615 2832 habent
643 2778 733 2832 Dei
768 2777 1148 2847 providentiam
1175 2819 1190 2844 ,
1222 2794 1326 2848 qua
1367 2777 1467 2832 nisi
1519 2778 1729 2833 assidue
1758 2781 1999 2834 frueren-

415 2875 520 2934 tur,
552 2882 738 2922 omues
764 2868 1065 2938 periissent.
1106 2867 1234 2921 Nam
1265 2878 1319 2921 et
1357 2883 1578 2936 serpens
1606 2870 1887 2938 perimeret
1922 2871 2001 2924 in-

412 2957 611 3013 fantem
657 2958 947 3013 involutum
986 2958 1163 3013 fasciis
1183 3001 1198 3023 ,
1229 2968 1283 3013 et
1321 2960 1432 3013 avis
1458 2975 1577 3029 qua:
1606 2960 1751 3028 degit
1780 2962 1833 3014 in
1864 2961 1997 3015 a-di-

412 3050 511 3105 bus
543 3050 636 3123 (a),
666 3061 720 3106 et
763 3051 927 3105 multa
973 3051 1071 3105 alia
1102 3066 1220 3120 qua:
1262 3060 1453 3120 repunt
1481 3067 1543 3106 ac
1572 3061 1791 3121 serpunt
1818 3052 1868 3106 in
1900 3052 1999 3107 do-

412 3145 607 3198 mibus.
638 3142 819 3213 Neque
839 3146 980 3197 enim
1006 3143 1203 3205 nutrix,
1237 3159 1335 3198 nec
1361 3153 1549 3210 mater,
1579 3159 1680 3210 nec
1706 3146 1842 3200 ullus
1862 3145 1996 3200 alius

411 3234 609 3289 sufﬁcit
637 3235 702 3289 ad
732 3250 916 3289 eorum
948 3234 1233 3304 perfectam
1263 3235 1548 3305 gerendam
1580 3236 1985 3306 providentiam,

412 3326 514 3380 nisi
540 3342 775 3394 superno
798 3324 1051 3394 juventur
1076 3325 1299 3380 auxilio.
1331 3324 1577 3380 Nonnulli
1610 3338 1784 3381 autem
1812 3326 1997 3382 dicunt

410 3419 513 3475 hoc
535 3420 733 3473 dictum
762 3434 884 3474 esse
908 3417 979 3473 de
1008 3418 1224 3473 fastibus
1259 3419 1496 3474 nondum
1526 3420 1580 3474 in
1608 3420 1780 3475 lucem
1816 3421 1990 3477 editis.

410 3511 726 3566 Ilumiliatus
754 3528 897 3575 sunt,
922 3521 968 3565 et
998 3511 1222 3565 liberavit
1255 3528 1348 3564 me.
1377 3510 1493 3566 Non
1525 3511 1691 3578 dixit,
1722 3512 1839 3567 Non
1870 3528 1993 3583 per-

408 3605 552 3660 misit
575 3614 631 3659 ut
655 3604 943 3659 inciderem
976 3606 1027 3658 in
1057 3604 1289 3672 pericula
1318 3623 1331 3659 :
1361 3603 1479 3671 sed,
1500 3605 1783 3680 Postquam
1808 3605 1989 3672 incidi,

408 3698 659 3753 servavit.
698 3696 959 3764 Quoniam
1000 3698 1141 3749 enim
1171 3695 1303 3749 dixit
1332 3695 1634 3764 generalem
1670 3694 1784 3763 ejus
1815 3696 1988 3765 provi-

406 3790 663 3854 dentiam,
693 3790 759 3844 ad
786 3804 935 3843 suam
975 3803 1187 3858 quoque
1217 3802 1497 3857 personam
1527 3788 1759 3843 extendit
1790 3788 1991 3842 oratio-

410 3899 566 3947 nem,
594 3883 733 3938 sicut
759 3898 827 3937 ex
858 3882 1194 3951 generalibus
1218 3891 1272 3936 et
1297 3898 1362 3935 ex
1385 3881 1739 3951 singularibus
1765 3881 1902 3936 solet
1928 3895 1991 3935 ea

406 3977 742 4029 conlirmare.
774 3973 851 4028 Ne
878 3988 1006 4042 ergo
1034 3986 1243 4042 qumras
1273 3974 1431 4026 vitam
1463 3973 1606 4025 omni
1638 3988 1701 4026 ex
1730 3984 1881 4041 parte
1909 3988 1992 4027 se-

406 4082 629 4131 curam;
662 4081 767 4120 non
795 4074 874 4119 est
905 4065 1046 4119 enim
1080 4065 1171 4119 tibi
1211 4063 1564 4117 conducibile.
1607 4063 1663 4117 Si
1694 4065 1836 4117 enim
1884 4078 1988 4117 non

406 4170 521 4215 erat
545 4157 877 4213 conducibile
899 4156 1189 4227 prophetis,
1210 4155 1377 4209 multo
1404 4155 1569 4225 magis
1587 4170 1684 4209 nec
1703 4154 1813 4209 tibi.
1837 4155 1989 4223 Quod

404 4262 580 4308 autem
604 4266 707 4305 non
730 4258 871 4305 esset
899 4247 1251 4313 conducibile,
1277 4247 1399 4302 audi
1425 4248 1548 4318 quid
1580 4247 1722 4301 dicat
1750 4245 1990 4301 :Bonum

405 4344 557 4407 mihi,
587 4343 707 4411 quia
736 4340 1011 4395 humiliasti
1044 4356 1141 4405 me,
1166 4350 1224 4393 ut
1250 4340 1437 4392 discam
1460 4340 1848 4410 justiﬁcationes
1877 4349 1990 4393 tuas

405 4436 578 4508 (Psal.
615 4436 737 4491 118.
768 4434 878 4505 τι).
909 4434 1107 4502 Duplex
1140 4432 1225 4486 hic
1249 4443 1330 4485 est
1354 4432 1638 4502 gratiarum
1665 4432 1822 4496 actio,
1847 4431 1988 4501 quod

403 4541 459 4587 et
489 4532 542 4585 in
577 4529 807 4601 pericula
837 4528 1069 4582 incidere
1096 4524 1419 4596 permiserit,
1448 4533 1503 4579 et
1531 4525 1669 4594 quod
1697 4540 1818 4579 cum
1844 4525 1988 4577 ceci-

404 4623 590 4685 disset,
619 4621 837 4675 minime
864 4618 1224 4687 dercliquerit.
1259 4617 1351 4670 Est
1378 4625 1554 4670 autem
1583 4627 1865 4684 utrumque
1890 4616 1989 4669 ali-

403 4715 672 4788 quomodo
700 4728 868 4785 genus
912 4712 1151 4768 beneﬁcii
1176 4751 1189 4774 ,
1232 4726 1331 4765 nec
1371 4720 1452 4764 est
1496 4711 1641 4779 prius
1680 4711 1855 4764 minus
1898 4727 1986 4764 se-

403 4811 578 4869 cundo
597 4852 612 4875 ,
653 4810 759 4864 imo
788 4824 917 4863 vero
942 4849 957 4874 ,
992 4807 1034 4860 si
1066 4804 1307 4860 mirabile
1334 4803 1531 4873 aliquid
1559 4803 1840 4858 dicendum
1866 4812 1948 4857 est
1967 4844 1981 4867 ,

402 4906 563 4959 etiam
607 4902 796 4971 majus.
846 4901 956 4954 Hoc
998 4900 1139 4953 enim
1180 4897 1425 4951 liberavit
1460 4911 1489 4949 a
1534 4894 1813 4964 periculis,
1857 4895 1984 4949 illud

400 5010 531 5049 vero
572 4995 800 5047 animam
843 4991 968 5046 fecit
1013 4990 1179 5059 magis
1218 4989 1532 5057 sapientem.
1558 4988 1612 5041 7.
1650 4987 1980 5053 Convertere,

400 5090 571 5143 auium
598 5104 707 5141 mea
728 5130 742 5152 ,
776 5088 828 5140 iu
863 5086 1081 5155 requiem
1124 5095 1279 5149 tuam,
1311 5083 1430 5153 quia
1477 5082 1719 5135 Dominus
1748 5082 1984 5153 benefecit

402 5181 510 5233 tibi.
543 5181 597 5234 8.
639 5179 771 5245 Quia
811 5178 994 5244 eripuit
1032 5176 1253 5229 animam
1298 5190 1458 5227 meam
1498 5174 1560 5227 de
1591 5184 1781 5237 morte,
1815 5176 1984 5228 oculos

402 5290 536 5326 meos
562 5290 592 5324 α
619 5272 874 5341 lacrymis,
904 5270 1050 5339 pedes
1077 5285 1210 5322 meos
1235 5286 1266 5320 a
1287 5270 1452 5337 lapsu.
1485 5267 1537 5321 9.
1578 5267 1789 5323 Placebo
1814 5286 1985 5323 rorant

401 5364 619 5418 Domino
645 5365 695 5417 iu
717 5364 917 5433 regione
934 5363 1176 5415 vivorum.
1203 5360 1444 5415 Historia:
1468 5360 1679 5430 quidem
1703 5365 1836 5416 ratio
1856 5362 1984 5417 dicit

461 5518 533 5580 (α)
566 5522 664 5566 Non
688 5516 897 5580 absurde
920 5515 1044 5565 forte
1081 5520 1327 5580 quaeratur
1346 5525 1568 5576 quaenam
1592 5514 1671 5580 illa
1692 5517 1794 5565 avis
1815 5516 1983 5580 dome-

398 5576 535 5638 suca',
553 5592 666 5642 quae"
682 5579 891 5642 infantes
915 5580 1202 5640 perimeret,
1226 5576 1688 5642 nisineustenellze
1711 5579 1840 5628 aetati
1868 5593 1980 5640 pro-

398 5634 631 5709 spietit'et.
652 5641 761 5690 Vox
783 5634 969 5708 Graeca
996 5649 1119 5709 seu,
1142 5650 1262 5709 quae
1281 5634 1525 5709 ‘hic,__avis,
1545 5634 1979 5709 interpretam'est,

398 5666 631 5701 alttUUI'Ut.
665 5666 683 5689 ν
697 5666 761 5690 U.\
783 5666 831 5688 υι
844 5666 941 5708 «sui!
960 5680 969 5694 ,
996 5666 1017 5711 ᾳ
1037 5666 1088 5712 τις
1102 5672 1117 5695 ,
1142 5666 1253 5700 quas
1292 5666 1388 5694 ιιιυ,
1402 5666 1525 5708 ὐυιο,
1550 5666 1665 5687 tusc:
1680 5666 1726 5709 γι
1738 5666 1865 5688 cuitu
1887 5666 1979 5711 cpt,

396 5700 622 5821 ἓῗᾶζίητιιη
648 5716 867 5767 ρρνετιιῃρ
891 5666 1146 5766 διειιιῖιςειὶ.
1175 5707 1228 5751 At
1250 5699 1328 5752 hic
1350 5698 1443 5754 aha
1466 5700 1591 5754 forte
1617 5712 1720 5752 atus
1742 5699 1980 5757 valentior

482 5773 648 5815 tcatur.

482 5773 648 5815 ιωῑιιτ.

1488 341 1844 400 EXPOSITIO
1882 341 1947 397 IN
1988 340 2309 403 PSALMUM
2348 349 2534 409 CXIV.

3603 370 3710 427 513

2126 462 2433 529 przeclaram
2451 469 2732 538 quamdam
2750 472 3136 545 liberationem,
3161 479 3398 552 requiem
3418 492 3471 538 ct
3494 483 3707 540 liberta-

2125 561 2250 606 tem.
2284 555 2341 610 Si
2370 558 2487 626 quis
2515 570 2692 615 autem
2724 579 2840 618 eam
2869 570 3136 638 acceperit
3161 572 3481 643 anagogicc,
3511 584 3708 640 poterit

2119 660 2397 700 excessum
2428 662 2493 702 ex
2534 650 2633 705 hac
2657 654 2761 707 vita
2802 671 2995 712 vocare
3037 658 3406 719 liberationem
3433 707 3447 726 ,
3476 679 3704 734 eamque

2118 736 2388 803 appellare
2418 741 2674 810 requiem.
2723 744 2815 798 Est
2846 747 2987 801 enim
3017 750 3082 804 ab
3109 752 3355 809 omnibus
3386 755 3540 811 malis
3568 756 3704 812 libe-

2120 827 2255 923 ratio
2280 870 2293 889 ,
2324 844 2421 883 nec
2449 843 2529 885 est
2554 835 2781 903 amplius
2823 838 3179 897 incertitudini
3208 845 3499 915 obnoxius,
3531 853 3702 923 utqui

2118 917 2186 969 sit
2216 922 2553 976 securitatem
2584 938 2944 998 consequutus
2963 974 2977 997 ,
3006 934 3095 1002 qui
3125 950 3244 988 cum
3283 936 3419 994 bena
3454 956 3549 1009 spe
3578 917 3705 999 hinc

2119 1013 2365 1064 excessit.
2396 1013 2507 1067 Etsi
2544 1018 2684 1071 cnim
2728 1036 2874 1075 mors
2902 1022 3105 1078 invecta
3144 1039 3316 1083 estex
3348 1044 3599 1099 peccato,
3636 1051 3702 1091 ea

2121 1108 2295 1155 tamen
2329 1102 2468 1158 Deus
2495 1123 2619 1161 usus
2641 1121 2721 1163 est
2749 1111 2814 1165 ad
2848 1124 3085 1168 nostrum
3116 1116 3452 1176 beneﬁcium.
3488 1125 3551 1180 Et
3580 1125 3702 1181 ideo

2118 1207 2223 1245 non
2249 1190 2346 1246 fuit
2366 1211 2427 1249 ea
2444 1198 2554 1251 sola
2581 1212 2882 1263 contentus.
2907 1206 2997 1261 sed
3017 1208 3173 1263 etiam
3197 1211 3356 1267 vitam
3377 1215 3604 1272 reddidit
3620 1220 3702 1273 la-

2117 1282 2383 1341 boriosam
2407 1330 2422 1354 ,
2451 1300 2505 1344 ut
2533 1294 2670 1347 scias
2696 1310 2818 1349 cum
2857 1313 2955 1353 nec
2985 1302 3134 1369 prius
3160 1304 3372 1373 quidem
3403 1313 3697 1378 permissu-

2117 1392 2233 1431 rum
2262 1378 2424 1436 fuisse
2453 1423 2469 1447 ,
2503 1385 2601 1438 nisi
2633 1386 2748 1455 ejus
2787 1391 3043 1459 sapientia
3081 1396 3132 1448 id
3163 1396 3317 1452 valde
3343 1401 3470 1456 utile
3500 1402 3697 1461 factum

2117 1483 2275 1525 esset.
2312 1471 2376 1526 Et
2404 1474 2524 1530 ideo
2545 1492 2661 1531 cum
2684 1480 2934 1551 dixisset,
2966 1485 3076 1551 Quo
3103 1488 3185 1541 die
3209 1492 3481 1547 comederis
3501 1536 3514 1558 ,
3543 1508 3702 1553 morte

2116 1564 2342 1657 morieris
2359 1566 2508 1637 (Gen.
2531 1567 2583 1620 2.
2608 1572 2696 1639 l7)
2721 1587 2737 1626 :
2769 1588 2871 1628 non
2894 1575 2993 1629 fttit
3016 1593 3170 1647 paena
3194 1592 3478 1640 contentus
3498 1601 3521 1653 ;
3543 1604 3698 1657 paena

2115 1655 2255 1708 enim
2272 1667 2405 1722 erat,
2434 1657 2587 1713 Terra
2604 1680 2673 1725 es,
2690 1674 2733 1717 et
2760 1666 2810 1718 in
2836 1676 3018 1721 terram
3045 1674 3301 1727 reverteris
3324 1674 3484 1745 (Ibid.
3506 1655 3559 1734 5.
3582 1680 3695 1750 l9);

2115 1759 2255 1800 nunc
2281 1757 2460 1804 autem
2488 1752 2630 1807 aliud
2660 1771 2870 1826 quoque
2900 1759 3120 1827 adjicit,
3162 1764 3347 1822 dicens
3376 1785 3389 1821 :
3420 1768 3487 1823 In
3516 1773 3700 1829 sudore

2113 1836 2279 1891 vultus
2305 1841 2377 1893 tui
2397 1846 2605 1899 vesceris
2629 1864 2760 1916 pane
2788 1858 2894 1904 tuo.
2923 1850 3113 1920 Spinas
3136 1867 3181 1907 et
3201 1858 3411 1913 tribulos
3437 1866 3696 1932 germina-

2114 1928 2183 1982 bit
2202 1930 2288 1982 tibi
2315 1948 2332 1985 :
2358 1933 2409 1985 in
2436 1935 2689 1992 laboribus
2709 1942 2935 1995 comedas
2956 1961 3019 1998 ea:
3036 1962 3094 1999 ea
3129 1946 3287 2020 (Ibid.
3320 1963 3366 2004 et
3392 1928 3551 2010 v.'18.
3582 1958 3695 2025 Π).

2115 2021 2182 2075 Et
2222 2025 2427 2079 mulieri
2466 2026 2601 2081 dixit
2630 2047 2642 2081 :
2674 2030 3021 2101 Multiplicans
3065 2040 3406 2109 multiplicabo
3437 2021 3695 2103 wramnas

2113 2122 2243 2179 tuas,
2273 2125 2317 2168 et
2341 2119 2578 2186 gemitum
2608 2130 2769 2176 tuum.
2803 2122 2867 2178 In
2893 2126 3147 2182 doloribus
3178 2133 3342 2198 paries
3370 2133 3504 2203 ﬁlios
3529 2136 3694 2206 (Ibid.

2110 2223 2156 2301 v.
2192 2210 2257 2264 16
2278 2209 2317 2277 ).
2361 2210 2541 2282 Neque
2577 2215 2719 2269 enim
2754 2216 2881 2271 illud
2910 2221 3039 2274 satis
3072 2231 3187 2275 erat
3216 2223 3280 2277 ad
3312 2240 3404 2279 eos
3432 2231 3695 2301 castigan-

2108 2299 2230 2355 dos.
2259 2302 2449 2357 Multos
2483 2306 2660 2376 itaque
2696 2309 2939 2365 videmus
2964 2329 3024 2367 ea
3065 2316 3271 2372 ratione
3314 2320 3539 2376 evadere
3575 2299 3694 2380 ine-

2109 2392 2291 2448 li0res.
2318 2395 2457 2449 Mors
2476 2398 2617 2453 enim
2640 2399 2728 2454 ubi
2755 2402 3051 2473 advenerit,
3082 2408 3279 2465 alienat
3306 2427 3334 2465 a
3356 2427 3517 2469 sensu
3544 2433 3556 2471 :
3579 2416 3693 2473 hac

2106 2496 2284 2538 autem
2326 2488 2474 2541 vivos
2505 2490 2753 2546 meliores
2781 2493 3036 2550 efliciunt.
3075 2498 3225 2564 Quod
3269 2502 3311 2555 si
3357 2505 3565 2559 videtur
3607 2525 3696 2563 res
3738 2508 3739 2511 “

2106 2591 2227 2631 esse
2255 2579 2542 2644 terribilis,
2589 2581 2639 2636 id
2682 2583 2739 2638 ﬁt
2765 2600 2829 2639 ex
2867 2587 3229 2647 imbecillitate
3258 2608 3442 2649 eorum
3482 2599 3570 2667 qui
3615 2602 3695 2655 sic

2105 2668 2275 2722 allecti
2304 2680 2446 2725 sunt.
2477 2674 2627 2740 Quod
2656 2676 2798 2730 enim
2844 2679 2929 2733 hic
2961 2690 3137 2736 metus
3173 2684 3241 2737 sit
3273 2685 3652 2745 intbccill.tatis
3674 2733 3691 2756 ,

2103 2763 2224 2814 audi
2257 2762 2477 2818 Paulum
2508 2781 2624 2821 eam
2656 2778 2926 2837 optantem
2950 2813 2964 2833 ,
3005 2782 3060 2827 ct
3095 2772 3165 2829 de
3204 2791 3266 2831 ea
3295 2776 3563 2835 la:tantem
3584 2822 3598 2842 .
3637 2794 3694 2837 ttt

2103 2853 2316 2920 quando
2343 2854 2471 2909 dicit
2494 2874 2508 2910 :
2544 2858 2741 2912 Resolvi
2758 2902 2773 2924 ,
2812 2872 2858 2914 et
2886 2879 2992 2916 esse
3016 2881 3131 2919 cum
3169 2866 3367 2923 Christo
3387 2911 3402 2935 ,
3432 2881 3504 2925 est
3532 2874 3692 2927 multo

2103 2945 2279 2999 melius
2306 2945 2574 3019 (Philipp.
2610 2952 2661 3004 l.
2691 2950 2799 3022 25)
2826 2970 2840 3019 ;
2872 2964 2927 3009 et
2956 2972 3161 3025 rursus,
3192 2957 3360 3015 Lictor
3389 2972 3439 3016 et
3464 2964 3691 3019 colla'tor

2100 3052 2214 3089 cum
2245 3038 2382 3093 vobis
2410 3042 2668 3108 omnibus;
2696 3045 2867 3099 itidem
2897 3064 2982 3101 vus
3020 3066 3213 3120 quoque
3240 3052 3478 3107 lwtemini
3506 3066 3551 3109 et
3579 3058 3690 3112 col-

2102 3134 2337 3188 laztemini
2380 3152 2573 3189 mecum
2612 3136 2785 3208 (Ibid.
2843 3142 2896 3195 2.
2948 3143 3034 3196 17.
3096 3144 3252 3215 18);
3302 3146 3371 3203 de
3407 3151 3689 3206 contrariis

2100 3236 2276 3281 autem
2304 3228 2573 3285 dolentem
2607 3249 2620 3285 :
2656 3231 2779 3287 Non
2806 3235 2970 3287 solum
3005 3236 3135 3288 enim
3157 3278 3171 3301 ,
3217 3239 3423 3309 inquit,
3461 3243 3551 3296 sed
3589 3244 3689 3315 ipsi

2100 3319 2249 3373 etiant
2277 3322 2329 3375 in
2356 3323 2495 3376 nobis
2524 3324 2647 3392 ipsis
2674 3324 3043 3396 ingemiscimus
3065 3371 3080 3393 ,
3112 3330 3335 3396 ﬁliorum
3364 3333 3686 3402 adeptionem

2100 3421 2461 3477 exspectantes,
2494 3414 2837 3469 liberationem
2859 3419 3084 3487 corporis
3113 3423 3271 3473 nostri
3290 3421 3466 3493 (Rom.
3490 3424 3542 3478 8.
3561 3424 3685 3496 25);

2099 3510 2153 3555 et
2178 3518 2382 3567 rursus,
2411 3503 2511 3571 Qui
2539 3522 2710 3560 suntus
2737 3507 2789 3560 in
2818 3507 2913 3561 hoc
2938 3508 3290 3578 tabernaculo,
3314 3513 3687 3584 ingemiscimus

2098 3596 2291 3663 gravati
2320 3595 2396 3665 (2.
2424 3594 2540 3651 Cor.
2569 3598 2621 3652 5.
2653 3599 2747 3668 4).

2170 3687 2222 3740 5.
2246 3687 2447 3752 Quanta
2474 3707 2550 3743 res
2575 3700 2645 3745 est
2677 3691 2996 3764 philosophia
3016 3695 3311 3751 christiana.
3343 3697 3506 3754 Dolor
3528 3718 3629 3756 non
3654 3720 3686 3756 α

2097 3796 2254 3833 morte
2275 3821 2290 3844 ,
2324 3783 2413 3835 sed
2441 3800 2472 3835 a
2500 3785 2635 3837 mala
2660 3786 2982 3841 conscientia.
3005 3812 3080 3829 ι-
3107 3789 3295 3846 Vidisti
3326 3806 3581 3863 quantum
3612 3798 3684 3852 sit

2096 3872 2293 3926 bonum
2326 3873 2657 3942 philoSOphia
2679 3875 2703 3928 ?
2723 3876 2852 3945 Quae
2873 3878 2991 3933 aliis
3016 3879 3265 3935 videntur
3287 3897 3407 3939 esse
3428 3884 3582 3955 digna
3606 3885 3684 3941 la-

2096 3966 2293 4035 crymis
2319 4007 2333 4027 ,
2377 3982 2440 4020 ea
2479 3966 2603 4021 huic
2639 3967 2881 4023 videntur
2918 3985 3039 4025 esse
3066 3972 3295 4041 optanda
3331 3992 3342 4027 ε
3371 3983 3427 4029 et
3463 3986 3682 4046 propter

2095 4075 2214 4128 quze
2238 4059 2328 4113 alii
2358 4076 2416 4115 se
2439 4060 2561 4129 jure
2590 4071 2775 4130 putant
2811 4063 2979 4117 lzetari
3018 4074 3071 4118 et
3110 4065 3385 4135 voluptate
3422 4066 3602 4134 afﬁci,
3634 4069 3681 4123 is

2097 4163 2315 4219 propter
2334 4167 2395 4205 ea
2418 4152 2686 4207 existimat
2700 4168 2820 4208 esse
2842 4155 3033 4209 merito
3060 4156 3536 4225 ingemiscendum.
3571 4163 3681 4214 An-

2096 4259 2201 4298 non
2246 4254 2329 4299 est
2372 4248 2561 4300 merito
2604 4246 3055 4317 ingemiscendum
3080 4289 3095 4313 ,
3125 4248 3267 4318 quod
3310 4251 3481 4307 simus
3510 4251 3561 4306 in
3592 4268 3680 4307 re-

2094 4340 2249 4409 gione
2288 4338 2459 4393 aliena
2484 4381 2499 4402 ,
2540 4349 2591 4394 et
2634 4340 2685 4393 in
2726 4350 2921 4395 terram
2964 4343 3145 4412 procul
3187 4359 3216 4397 a
3256 4345 3424 4412 patria
3451 4347 3678 4416 positam

2095 4434 2401 4488 antandati?
2437 4436 2628 4490 Annon
2670 4444 2753 4489 est
2788 4435 3020 4491 maxime
3068 4436 3392 4504 lmtandum,
3440 4439 3579 4508 quod
3625 4440 3678 4494 in

2095 4525 2432 4596 tranquillum
2473 4537 2682 4596 portum
2724 4542 2844 4581 eum
2888 4527 3116 4581 maxima
3159 4528 3434 4584 celeritate
3462 4544 3677 4585 cursum

2094 4627 2370 4675 teneamus
2394 4661 2409 4684 ,
2447 4630 2501 4675 et
2528 4634 2813 4690 supernam
2836 4620 3104 4675 civitatem
3132 4620 3451 4690 recipiamus
3473 4664 3487 4686 ,
3518 4638 3548 4677 a
3574 4638 3676 4693 qua

2092 4710 2296 4781 aufugit
2337 4712 2511 4776 dolor,
2547 4710 2793 4771 molestia
2817 4752 2831 4776 ,
2862 4721 2915 4766 et
2956 4712 3228 4781 gemitus?
3259 4712 3326 4766 Et
3353 4714 3478 4783 quid
3520 4730 3639 4769 mea
3668 4757 3684 4782 ,

2094 4802 2334 4873 inquies,
2376 4801 2581 4866 refert,
2609 4802 2698 4872 qui
2743 4817 2862 4856 sum
2900 4804 3185 4872 peccator?
3216 4803 3375 4859 Vides
3412 4820 3515 4859 non
3555 4821 3676 4862 esse

2091 4905 2316 4950 mortem
2357 4912 2475 4965 quae
2510 4896 2751 4951 dolorem
2778 4895 3001 4963 afferat,
3033 4897 3127 4952 sed
3159 4898 3349 4952 malam
3390 4900 3672 4955 conscien-

2093 4988 2268 5042 tiam?
2309 4988 2500 5044 Desine
2538 5003 2667 5059 ergo
2708 5003 2967 5059 peccare,
3010 4999 3065 5043 et
3103 4990 3204 5043 erit
3247 4990 3341 5044 tibi
3377 4992 3675 5060 expetenda

2092 5095 2256 5136 mors.
2290 5079 2475 5134 Oculos
2513 5096 2649 5133 meos
2685 5095 2718 5133 a
2754 5080 3014 5151 lacrymis.
3045 5060 3230 5135 Merito
3269 5081 3337 5135 ita
3369 5082 3501 5135 dixit
3529 5101 3542 5137 :
3571 5097 3677 5137 non

2091 5182 2171 5228 est
2197 5173 2337 5226 enim
2359 5172 2464 5227 illic
2482 5171 2656 5239 dolor,
2678 5171 2913 5239 tristitia,
2942 5187 3041 5227 nec
3066 5172 3258 5227 luctus.
3285 5171 3350 5226 Et
3373 5174 3521 5242 pedes
3544 5192 3678 5230 uicos

2091 5282 2123 5319 a
2140 5264 2307 5336 lapsu.
2330 5264 2440 5321 Hoc
2456 5273 2537 5318 est
2557 5264 2728 5333 majus
2747 5265 2942 5331 priore.
2967 5260 3280 5332 Quomodo?
3302 5264 3451 5331 Quod
3479 5281 3584 5319 non
3608 5267 3674 5321 si-

2090 5371 2209 5413 mus
2232 5356 2402 5411 solum
2429 5354 2637 5409 liberati
2670 5369 2703 5408 a
2729 5353 2915 5409 dolore
2939 5396 2953 5419 ,
2982 5354 3073 5408 sed
3108 5355 3266 5409 etiam
3302 5370 3331 5407 a
3362 5355 3674 5424 supplanta-

2090 5450 2234 5505 tione
2258 5460 2309 5503 et
2334 5449 2398 5504 ah
2426 5447 2649 5502 insidiis.
2679 5446 2794 5502 Stat
2815 5449 2957 5502 enim
2987 5462 3147 5516 super
3170 5455 3403 5517 petram,
3430 5446 3521 5517 qui
3550 5462 3673 5504 cum

2090 5552 2234 5599 recte
2272 5542 2423 5598 factis
2462 5539 2721 5595 recessit:
2755 5550 2964 5610 portum
3006 5537 3359 5609 apprehendit
3394 5557 3407 5592 :
3452 5540 3675 5609 impedi-

2090 5645 2266 5696 menta
2308 5633 2487 5690 omnia
2530 5633 2581 5687 in
2630 5642 2899 5703 posterum
2946 5631 3150 5685 sublata
3201 5639 3361 5695 sunt;
3410 5646 3673 5702 nusquam

2091 5727 2239 5788 turba
2261 5770 2274 5797 ,
2311 5744 2407 5785 nec
2440 5726 2692 5782 tumultus
2728 5742 2740 5779 :
2771 5726 2824 5781 in
2854 5723 3140 5795 tranquille
3169 5732 3309 5780 statu
3340 5732 3519 5780 manet
3547 5738 3671 5797 pcr-
