4112 6342
493 360 601 417 319

488 498 652 556 petuo
678 487 725 542 is
748 487 839 555 qui
870 487 946 542 sic
974 480 1286 542 excesserit.
1323 481 1547 542 Placcbo
1571 503 1745 542 coram
1771 487 1993 542 Domino
2018 487 2075 540 in

480 575 687 644 regione
707 579 952 636 vivorum.
980 580 1132 634 Alius
1151 619 1167 645 ,
1199 580 1328 635 Ante
1355 579 1647 635 Dominum.
1676 582 1828 635 Alius
1846 623 1860 648 ,
1893 581 2073 636 lnam-

474 666 681 723 bulabo.
711 670 822 725 Hoc
845 673 1008 727 etiam
1034 672 1229 727 Paulus
1254 673 1489 727 ostendit
1514 672 1701 729 dicens
1730 692 1744 727 :
1781 673 1846 728 Et
1872 692 1965 728 nos
1990 693 2074 728 ra-

476 763 680 832 pientur
704 763 756 815 in
783 762 997 817 nubibus
1021 764 1070 817 in
1098 781 1360 818 occursant
1391 764 1596 818 Domini
1622 766 1675 818 in
1703 781 1889 829 acrem,
1924 777 1969 819 et
1999 766 2070 818 ita

472 869 674 921 semper
705 870 821 907 cum
859 854 1081 907 Domino
1116 856 1301 909 erintus
1332 856 1418 926 (1.
1453 854 1628 911 Thess.
1658 857 1711 911 4.
1747 855 1873 926 16).
1904 855 2068 910 Recte

475 954 652 998 autem
691 944 859 1013 dixit,
891 945 958 999 In
986 947 1187 1018 regione
1220 947 1504 1001 viventium.
1540 946 1629 1000 llla
1659 947 1799 1001 enim
1831 957 1911 1001 est
1942 962 2064 1002 vera

474 1035 617 1101 vita,
646 1052 677 1090 a
710 1048 880 1092 morte
910 1038 1111 1104 libera,
1152 1054 1271 1107 quze
1314 1039 1472 1092 habet
1519 1038 1653 1092 bona
1695 1054 1822 1107 pura
1862 1048 1916 1093 ct
1956 1053 2060 1093 non

474 1130 659 1184 mixta.
696 1130 911 1195 Quando
945 1133 1089 1186 enim
1111 1172 1126 1195 ,
1155 1131 1359 1201 inquit,
1387 1130 1622 1184 deiecerit
1646 1146 1840 1184 omnem
1868 1131 2058 1200 princi-

470 1230 647 1289 patum
668 1261 682 1282 ,
713 1229 759 1272 et
788 1236 984 1274 omnem
1014 1230 1307 1291 potestatem
1337 1238 1397 1274 ac
1425 1222 1654 1275 virtutem
1675 1262 1689 1286 ,
1721 1223 1926 1275 ultimus
1954 1221 2057 1274 ini-

469 1313 633 1366 micus
659 1312 903 1366 delebitur
927 1328 1062 1367 mors
1094 1314 1181 1383 (1.
1212 1313 1332 1369 Cor.
1363 1314 1449 1369 15.
1476 1313 1567 1368 24.
1594 1314 1664 1368 26
1683 1312 1725 1384 ).
1760 1314 1853 1368 His
1876 1324 2053 1369 autem

467 1404 696 1470 deletis,
739 1405 869 1460 nihil
912 1416 1153 1461 remanet
1197 1408 1348 1463 triste
1389 1422 1490 1478 nec
1518 1407 1867 1478 injucundum
1894 1451 1909 1477 ,
1945 1423 2050 1465 non

464 1511 590 1553 cura
609 1539 625 1564 ,
659 1515 764 1554 non
791 1501 1109 1569 sollicitudo,
1136 1516 1241 1556 non
1269 1503 1453 1557 labor:
1484 1513 1638 1558 erunt
1671 1505 1847 1572 itaque
1872 1504 2049 1559 omnia

464 1587 666 1656 'aetitia,
689 1591 865 1645 omnia
896 1606 1015 1660 pax,
1042 1592 1217 1647 omnia
1247 1594 1440 1647 caritas
1469 1594 1507 1657 ³,
1537 1594 1713 1647 omnia
1747 1596 2048 1664 tranquilli-

463 1687 564 1748 tas,
592 1684 767 1737 omnia
795 1683 1080 1740 delectatio
1100 1728 1115 1750 ,
1144 1686 1320 1741 omnia
1349 1702 1474 1740 vera
1513 1696 1569 1742 et
1607 1687 1811 1742 sincera
1832 1727 1847 1754 ,
1876 1688 2045 1742 solida

457 1780 512 1826 et
537 1773 763 1828 stabilia.
792 1773 980 1830 Nullus
1006 1784 1089 1830 est
1115 1777 1256 1830 enim
1286 1777 1395 1832 illic
1417 1776 1679 1846 ejusmodi
1709 1777 1908 1847 lapsus,
1937 1792 2043 1833 non

457 1862 532 1916 ira
550 1905 565 1927 ,
596 1879 700 1917 non
728 1866 941 1918 tristitia
964 1906 980 1932 ,
1008 1881 1114 1919 non
1144 1881 1296 1921 amor
1322 1867 1589 1937 pecuniae,
1622 1882 1726 1923 non
1755 1882 2040 1937 corporum

455 1952 796 2018 desiderium,
822 1972 926 2009 non
953 1967 1255 2027 paupertas,
1287 1973 1391 2012 non
1422 1958 1637 2021 divitite,
1668 1974 1772 2012 non
1801 1959 2036 2025 infamia,

452 2060 560 2099 non
600 2045 798 2115 aliquid
838 2046 981 2101 aliud
1020 2048 1303 2117 ejusmodi.
1347 2048 1493 2103 llanc
1532 2051 1709 2118 itaque
1753 2063 1851 2105 nos
1876 2051 2034 2105 vitam

449 2134 812 2191 desideremus
838 2146 894 2192 et
915 2152 1104 2193 oumes
1132 2139 1369 2194 actiones
1397 2149 1608 2194 nostras
1629 2156 1696 2197 eo
1718 2141 2032 2212 dirigamus.

451 2227 742 2298 Propterea
767 2233 907 2285 enim
936 2231 1183 2300 jubemur
1209 2231 1369 2287 etiam
1395 2233 1575 2289 dicere
1605 2235 1656 2288 in
1688 2236 1992 2303 precatione
2015 2276 2029 2300 ,

446 2321 688 2374 Adueniet
704 2336 913 2394 regnum
933 2334 1074 2377 tuum
1095 2323 1304 2393 (Matth.
1324 2332 1376 2380 6.
1404 2327 1515 2398 l0),
1538 2336 1596 2382 ut
1618 2329 1685 2382 ad
1711 2328 1858 2383 illum
1887 2330 2028 2384 diem

444 2426 657 2484 semper
685 2416 1050 2485 respiciamus.
1084 2418 1184 2485 Qui
1210 2418 1353 2473 enim
1387 2420 1477 2475 illo
1502 2435 1685 2475 amore
1714 2430 1942 2486 tenetur,
1975 2432 2029 2478 et

442 2502 654 2559 illarum
684 2506 945 2561 bonorum
974 2523 1068 2578 spe
1095 2509 1271 2574 alitur,
1308 2511 1466 2566 nullis
1495 2512 1651 2567 malis
1678 2514 2026 2582 pratscntibus

439 2594 714 2663 obruitur,
758 2597 917 2651 nullis
959 2598 1116 2667 hujus
1156 2600 1340 2654 saeculi
1377 2603 1633 2657 aerumnis
1668 2604 2023 2673 deprimitur:

437 2684 533 2737 sed
578 2686 1024 2754 quemadmodum
1070 2689 1160 2757 qui
1208 2688 1275 2744 ad
1321 2690 1517 2761 regiam
1567 2693 1751 2747 urbem
1795 2705 2017 2749 conten-

435 2772 588 2839 dunt,
618 2775 765 2828 nullo
794 2776 933 2845 quod
964 2778 1018 2831 in
1049 2778 1237 2834 itinere
1263 2794 1322 2834 se
1348 2779 1536 2835 offerat
1564 2784 1880 2850 retinentur,
1913 2802 2020 2841 non

435 2867 599 2934 pratis
624 2909 638 2933 ,
668 2884 772 2922 non
812 2869 979 2924 hortis
1002 2912 1017 2935 ,
1060 2886 1163 2925 non
1201 2873 1424 2927 vallibus
1446 2916 1460 2940 ,
1499 2891 1603 2929 non
1631 2877 1859 2932 desertis
1881 2919 1896 2945 ,
1924 2881 2017 2934 sed

433 2966 779 3028 utrorumque
808 2961 1004 3015 nullam
1033 2965 1294 3018 rationem
1332 2964 1619 3032 ducentes,
1646 2968 1710 3021 ad
1739 2986 1898 3023 uuutu
1923 2985 2016 3025 so-

429 3048 541 3102 lum
568 3051 878 3120 respiciunt,
910 3067 1100 3123 nempe
1127 3054 1190 3109 ad
1213 3058 1437 3125 patriam
1463 3073 1584 3128 quas
1607 3069 1688 3114 est
1712 3076 1807 3115 eos
1835 3076 2017 3117 susce-

428 3150 625 3211 ptura:
667 3144 737 3199 ita
778 3146 938 3199 etiam
977 3148 1066 3216 qui
1105 3149 1343 3217 quotidie
1384 3150 1528 3205 illam
1568 3153 1667 3207 sibi
1718 3152 1921 3225 effingit
1957 3165 2015 3210 et

422 3235 676 3305 exprimit
697 3236 963 3291 civitatem
989 3278 1002 3300 ,
1039 3249 1093 3293 et
1110 3239 1229 3308 ejus
1255 3240 1398 3296 fovet
1423 3243 1619 3313 alitque
1644 3245 1966 3301 desiderium
1989 3287 2009 3315 ,

425 3324 557 3379 nihil
592 3339 777 3381 eorum
803 3343 923 3397 qua:
951 3341 1074 3384 sunt
1098 3333 1296 3400 gravia.
1326 3349 1490 3404 grave
1514 3337 1875 3404 existimabit,
1909 3355 2013 3396 nec

421 3431 609 3472 eorum
634 3434 751 3485 qum
780 3428 904 3474 sunt
927 3421 1160 3490 jucunda
1185 3434 1239 3479 et
1267 3426 1512 3493 illustria,
1538 3429 1831 3497 jucundum
1858 3441 1912 3488 et
1937 3433 2005 3488 il-

420 3507 607 3563 lustre.
633 3509 768 3577 Quid
795 3523 971 3567 autem
997 3512 1135 3579 dico,
1168 3533 1272 3571 non
1303 3519 1670 3578 existimabit?
1704 3523 1814 3580 lmo
1839 3541 1901 3581 ea
1936 3544 2004 3584 ne

418 3600 619 3657 videbit
646 3603 858 3672 quidem
885 3648 900 3670 ,
936 3617 996 3661 ut
1023 3609 1111 3678 qui
1141 3610 1273 3665 alios
1301 3611 1491 3669 habeat
1527 3619 1708 3674 oculos
1727 3662 1741 3686 ,
1786 3632 1840 3675 et
1869 3624 2002 3681 tales

420 3693 603 3761 quales
634 3696 868 3766 praecipit
906 3697 1098 3754 Paulus
1124 3699 1310 3758 dicens
1350 3722 1364 3758 :
1404 3705 1528 3762 Non
1569 3711 2001 3770 considerantibus

415 3784 556 3840 nobis
589 3803 703 3858 qua:
737 3788 987 3857 videntur,
1027 3794 1117 3847 sed
1151 3811 1265 3868 qua:
1302 3815 1403 3852 non
1442 3799 1706 3870 videntur;
1731 3822 1845 3871 qua:
1866 3811 1997 3863 enim

414 3878 674 3947 uidentur,
710 3887 1006 3951 temporalia
1042 3899 1198 3944 sunt:
1233 3907 1348 3958 qua:
1387 3902 1553 3948 autent
1588 3913 1689 3951 non
1734 3899 1992 3968 videntur,

410 3983 596 4028 eterna
617 3975 636 4044 (
657 3975 710 4029 2.
735 3976 853 4031 Cor.
881 3979 934 4032 4.
961 3980 1085 4050 18).
1121 3982 1303 4038 Vidisti
1333 3988 1602 4054 quomodo
1622 3990 1758 4044 viam
1788 3993 1887 4047 alia
1914 3995 1995 4048 di-

409 4065 586 4121 ctione
624 4068 960 4124 ostenderit?
1003 4072 1093 4126 llla
1137 4089 1266 4145 ergo
1308 4079 1712 4149 amplectamur,
1748 4088 1990 4142 utetiam

408 4170 777 4227 assequamur,
800 4169 856 4215 et
877 4162 981 4217 vita
1011 4164 1078 4217 ah
1103 4169 1245 4221 omni
1276 4169 1488 4224 interitu
1515 4175 1688 4230 aliena
1716 4176 1987 4236 fruamur:

405 4260 565 4315 quam
586 4248 744 4304 detur
770 4252 1016 4307 omnibus
1042 4256 1195 4310 nobis
1232 4264 1486 4330 consequi
1511 4307 1526 4329 ,
1557 4268 1723 4335 gratia
1753 4280 1804 4323 et
1835 4271 1988 4326 beui-

404 4339 602 4406 gnitate
630 4340 839 4396 Domini
868 4345 1033 4399 nostri
1055 4346 1412 4418 JesuChristi,
1440 4358 1521 4409 cui
1547 4358 1709 4424 gloria
1730 4371 1784 4415 et
1811 4373 1989 4430 poten-

405 4428 498 4487 tia.
531 4443 673 4484 nunc
701 4439 755 4485 et
782 4447 1017 4504 semper,
1045 4445 1100 4491 et
1125 4437 1176 4492 in
1204 4442 1396 4497 saecula
1425 4448 1761 4505 saeculorum.
1792 4455 1983 4511 Amen.

885 4603 955 4662 ΙΝ
990 4606 1313 4668 PSALMUM
1348 4613 1510 4670 CXV.

406 4710 460 4765 1.
491 4708 696 4768 Credidi
721 4727 926 4788 prapter
951 4721 1090 4788 quod
1110 4723 1345 4791 loquutus
1370 4743 1483 4781 sum
1512 4747 1533 4784 :
1558 4747 1650 4802 ego
1684 4710 1852 4790 autem
1887 4738 1984 4792 Int-

928 4812 1149 4867 miliatus
1173 4832 1283 4869 sunt
1303 4818 1471 4872 nimis.

476 4915 529 4969 1.
566 4915 731 4986 Hujus
763 4918 889 4975 dicti
929 4923 1116 4980 beatus
1157 4928 1347 4984 Paulus
1376 4935 1700 4993 mentionem
1741 4939 1981 5015 faciens,

401 5004 577 5062 dicit:
618 5009 874 5067 Habentes
918 5028 1085 5070 autem
1128 5020 1369 5076 eumdem
1404 5025 1656 5093 Spiritum
1699 5033 1820 5099 ﬁdei
1855 5004 1986 5091 sicut

401 5100 645 5170 scriptum
679 5115 749 5157 est
776 5121 796 5159 :
824 5103 1029 5161 Credidi
1066 5122 1271 5182 propter
1313 5118 1447 5184 quod
1483 5120 1718 5190 loquutus
1754 5143 1865 5180 sum
1893 5145 1913 5183 :
1937 5140 1983 5183 et

404 5206 494 5244 nos
522 5194 789 5261 credimus,
820 5208 1026 5268 propter
1050 5205 1184 5271 quod
1208 5216 1254 5260 et
1279 5208 1531 5280 loquimur
1550 5213 1570 5284 (
1584 5214 1639 5267 2.
1663 5214 1780 5270 Cor.
1806 5219 1862 5272 4.
1892 5221 1977 5277 l5.

405 5281 528 5354 14).
561 5283 789 5343 Necesse
817 5299 893 5343 cst
925 5305 1054 5362 ergo
1088 5296 1314 5364 primum
1357 5281 1569 5371 dicere,
1607 5310 1875 5375 quomodo
1915 5328 1981 5366 eo

401 5388 527 5427 usus
550 5385 634 5431 est
658 5378 954 5451 Apostolus
973 5427 988 5452 ,
1012 5394 1065 5439 et
1092 5387 1159 5441 de
1187 5404 1417 5458 quonam
1446 5407 1623 5450 sermo
1652 5410 1795 5454 esset
1819 5401 1886 5456 ab
1914 5420 1979 5458 eo

399 5463 690 5524 institutus.
721 5472 794 5526 ita
823 5475 964 5529 enim
993 5490 1058 5531 eo
1087 5493 1471 5550 cognoscemus
1493 5525 1508 5551 ,
1547 5489 1673 5558 quid
1711 5492 1812 5547 sibi
1853 5495 1979 5550 Velit

396 5568 677 5625 propneta.

468 5643 721 5707 Fotmula
747 5651 962 5712 docendi
995 5659 1201 5729 optima.
1227 5691 1301 5702 -—
1328 5664 1538 5737 Alioqui
1569 5685 1697 5727 vero
1744 5673 1859 5731 lnec
1894 5687 1977 5734 est

460 5800 563 5883 tum
589 5803 719 5883 edit:
744 5806 905 5883 aiore].
922 5810 1038 5883 iltoc
1058 5810 1219 5883 deest.
1242 5817 1402 5883 omnia
1421 5820 1615 5873 caritas.
1649 5826 1741 5876 Sed
1765 5826 1974 5883 habetur

393 5859 449 5912 in
472 5864 588 5920 Mss.
602 5872 653 5915 et
677 5870 724 5915 in
738 5868 897 5928 savil.,
916 5859 1067 5949 atque
1090 5859 1575 5944 tu't'égi'i'iiéiiéiis'.

1235 365 1294 421 S.
1332 365 1611 423 JOANNIS
1648 366 2488 430 οιιιιγευετυωλωξιηερ.
2518 375 3056 446 CONSTANTINUP.

3658 400 3765 459 330

2182 486 2381 556 optima
2410 488 2638 549 docendi
2676 493 2834 564 ratio,
2880 514 2987 554 non
3029 501 3286 559 orationis
3313 506 3505 561 seriem
3549 513 3763 568 exscin-

2177 578 2326 646 dere,
2359 596 2460 638 nec
2484 595 2634 654 parte
2659 602 2876 659 accepta
2907 592 2959 646 in
2986 609 3046 647 ea
3076 595 3368 666 immorari,
3413 600 3507 655 sed
3548 602 3616 657 ab
3651 605 3762 660 alto

2174 669 2372 726 ducere
2392 676 2669 731 exordium
2698 683 3038 738 narrationis.
3070 686 3144 740 De
3172 703 3403 757 quonam
3432 707 3559 761 ergo
3590 695 3761 751 disse-

2175 776 2297 815 rens
2326 763 2522 821 Paulus
2550 769 2794 824 meminit
2822 772 2977 843 hujus
3006 777 3152 831 voeis
3179 780 3543 848 prOpheticag?
3575 785 3647 840 De
3676 804 3760 851 re-

2170 854 2523 924 surrectione,
2552 869 2606 913 et
2631 858 2927 918 futurorum
2957 865 3214 923 bonorum
3241 875 3604 943 perceptione,
3636 894 3755 947 qtta:
3830 944 3839 953 ,

2170 957 2380 998 omnem
2412 949 2693 1018 rationem,
2723 967 3062 1027 mentemque
3101 971 3155 1014 et
3181 964 3557 1032 cogitationem
3585 984 3748 1040 supeo

2166 1046 2304 1092 rant.
2335 1038 2596 1106 Quoniam
2624 1060 2751 1113 ergo
2781 1047 2894 1103 bare
2938 1064 3151 1106 omnem
3184 1057 3507 1124 superabant
3549 1062 3751 1117 oratio-

2164 1141 2308 1193 nem,
2339 1144 2437 1183 nec
2456 1146 2518 1186 ea
2541 1133 2810 1202 explicare
2835 1148 3060 1207 poterat,
3084 1143 3186 1198 lide
3211 1154 3388 1200 autem
3409 1148 3474 1202 ad
3496 1164 3558 1203 ea
3583 1153 3757 1207 susci-

2163 1220 2355 1288 pienda
2404 1239 2540 1292 opus
2583 1234 2668 1281 est
2698 1245 2710 1281 :
2744 1244 2811 1284 ne
2855 1234 3262 1292 conturbaretur
3283 1237 3519 1309 Judzeus,
3571 1253 3622 1298 et
3648 1260 3749 1301 ceu

2160 1325 2292 1364 Vana
2318 1326 2413 1380 spe
2439 1314 2651 1371 inllatus
2675 1332 2734 1373 se
2758 1318 2920 1377 fuisse
2940 1322 3223 1394 deceptum
3240 1329 3589 1397 existimaret,
3623 1349 3748 1403 pro-

2158 1401 2373 1471 phetico
2397 1403 2541 1460 dicto
2585 1410 2803 1479 corrigit
2843 1413 2959 1481 ejus
2986 1415 3418 1487 imprudentiam,
3452 1401 3743 1493 propemo-

2155 1493 2280 1546 dum
2308 1493 2491 1549 dicens
2516 1514 2528 1550 :
2555 1496 2667 1553 Non
2693 1515 2803 1554 rem
2827 1504 3054 1574 aliquam
3079 1522 3268 1562 novam
3291 1512 3526 1580 requiro,
3559 1513 3739 1582 fidem,

2151 1584 2247 1639 sed
2279 1596 2431 1640 vetus
2475 1588 2694 1644 bonum.
2746 1592 2956 1649 Etenim
2999 1597 3077 1653 sic
3118 1598 3328 1669 quidem
3359 1601 3587 1671 Paulus;
3621 1620 3743 1675 pro-

2153 1675 2345 1745 pheta‘
2393 1689 2593 1747 autem,
2649 1696 2771 1737 cum
2810 1684 2925 1753 ipse
2958 1700 3173 1757 quoque
3214 1699 3354 1746 esset
3386 1694 3734 1763 prmdicturus

2150 1769 2288 1826 bona
2319 1772 2564 1841 qumdam
2591 1787 2849 1833 eventura
2877 1777 3098 1848 Judzeis,
3124 1798 3243 1853 qua:
3280 1789 3601 1856 superabant
3640 1790 3738 1847 bu-

2147 1876 2363 1917 manum
2394 1880 2570 1920 rerum
2599 1869 2864 1936 ordinem,
2897 1886 2966 1927 ne
3008 1873 3126 1943 quis
3150 1889 3332 1945 posset
3359 1879 3438 1933 eis
3466 1880 3621 1936 ﬁdem
3650 1882 3736 1940 de-

2144 1969 2354 2024 rogare,
2386 1958 2456 2011 ita
2484 1959 2750 2018 Psalmum
2771 1964 3005 2033 incepit,
3027 1966 3211 2023 dicens
3240 1987 3255 2024 :
3282 1968 3503 2039 Credidi,
3530 1988 3736 2045 propter

2140 2046 2275 2116 quod
2297 2058 2343 2100 et
2373 2048 2609 2114 loquutus
2645 2069 2777 2108 sum.
2805 2054 3067 2122 Quoniam
3098 2058 3239 2114 enim
3288 2064 3553 2130 perierant
3579 2067 3731 2124 Jeru-

2139 2138 2371 2209 solyma,
2403 2142 2764 2214 templumque
2809 2145 2984 2201 fuerat
3012 2163 3258 2206 eversum
3294 2160 3351 2208 et
3386 2154 3642 2226 dirutum,
3673 2171 3729 2216 et

2137 2246 2326 2288 omnes
2374 2236 2572 2305 captivi
2611 2246 2668 2291 et
2694 2239 2859 2293 vincti
2889 2241 3103 2298 abducti
3152 2243 3362 2302 fuerant
3406 2250 3459 2304 in
3494 2252 3723 2310 alienam

2135 2322 2429 2391 regionem,
2461 2325 2670 2381 barbari
2698 2338 2873 2384 autem
2900 2345 2998 2400 pro
3024 2332 3128 2389 illis
3157 2344 3353 2392 terram
3380 2354 3567 2396 eorum
3594 2359 3721 2414 pos-

2133 2414 2398 2482 sidebant,
2430 2426 2483 2471 et
2510 2418 2690 2473 vineas
2716 2422 2976 2491 plautare,
3007 2425 3198 2482 domos
3218 2428 3504 2500 tedilicare,
3529 2447 3582 2490 et
3608 2453 3720 2490 ma-

2134 2506 2382 2563 trimonia
2431 2511 2922 2591 contraherejussi
2965 2516 3175 2572 fuerant
3215 2519 3376 2577 εΙιωο
3427 2524 3720 2584 alierebant

2128 2595 2328 2653 ludatis
2366 2598 2815 2669 desperationem,
2862 2615 2917 2660 et
2945 2606 3197 2678 deinceps
3237 2613 3375 2682 apud
3420 2631 3479 2670 se
3518 2621 3717 2688 cogita-

2127 2686 2254 2741 bant
2284 2702 2297 2741 :
2330 2686 2387 2744 Si
2437 2704 2558 2745 cum
2606 2690 2924 2749 haberemus
2968 2698 3258 2768 civitatem,
3307 2720 3476 2773 arma,
3533 2725 3708 2776 arces,

2127 2780 2363 2847 pecunia:
2391 2782 2597 2851 copiam
2631 2792 2851 2851 tantam,
2899 2791 3174 2859 templum,
3204 2794 3393 2863 altare,
3424 2801 3623 2856 eultum
3657 2816 3710 2859 ct

2122 2871 2474 2934 cercmonias.
2507 2883 2667 2944 atque
2690 2876 2848 2931 aliam
2880 2894 3094 2936 omnem
3124 2884 3393 2956 religionis
3422 2891 3709 2950 institutio-

2123 2975 2268 3027 nem,
2296 2962 2475 3017 traditi
2516 2973 2569 3018 et
2599 2966 2650 3019 iu
2681 2968 2991 3026 servitutem
3018 2982 3175 3045 atque
3213 2980 3572 3047 captivitatem
3609 2988 3705 3041 ab-

2118 3049 2263 3106 ducti
2302 3066 2530 3107 sumus:
2560 3071 2700 3111 nunc
2743 3074 2864 3114 cum
2899 3062 2951 3115 in
2977 3063 3147 3118 aliena
3187 3069 3403 3138 regione
3428 3072 3702 3144 degamus,

2116 3148 2171 3194 et
2199 3144 2446 3199 munibus
2485 3146 2721 3215 Spoliati,
2764 3150 2890 3204 nudi
2928 3163 2980 3207 et
3029 3157 3168 3210 servi
3211 3159 3400 3229 simus,
3437 3167 3704 3233 quomodo

2117 3236 2409 3303 poterimus
2444 3249 2681 3293 nostram
2711 3244 2950 3313 recipere
2988 3248 3255 3316 patriam?
3287 3252 3545 3318 Quoniam
3573 3275 3701 3329 ergo

2114 3330 2268 3384 tuulti
2318 3345 2385 3385 ex
2430 3332 2867 3391 imbecillioribus
2912 3337 3030 3394 lucc
3065 3352 3375 3412 reputantes
3403 3352 3695 3406 conturba-

2111 3419 2323 3485 bantur,
2371 3429 2426 3476 et
2466 3437 2571 3476 non
2616 3425 2960 3482 attendebant
3003 3432 3295 3501 prophetis,
3323 3437 3411 3506 qui
3440 3440 3698 3507 przedicc-

2107 3510 2236 3566 bant
2280 3512 2555 3567 reditum:
2589 3526 2873 3586 propterea
2921 3519 3000 3574 sic
3039 3522 3190 3591 dixit,
3244 3541 3311 3580 ex
3356 3543 3421 3581 eo
3449 3532 3694 3586 omnibus

2106 3603 2394 3660 ostendens
2422 3619 2556 3675 Opus
2590 3622 2711 3663 esse
2740 3609 2843 3664 fide
2873 3612 2939 3665 ad
2969 3628 3053 3681 ea,
3083 3631 3203 3685 qure.
3231 3616 3481 3675 dicuntur
3504 3638 3534 3676 a
3559 3624 3686 3679 Deo.

2107 3693 2215 3750 Eos
2248 3705 2426 3750 autem
2481 3697 2569 3752 alii
2623 3715 2835 3770 quoque
2883 3703 3040 3759 aliter
3077 3707 3438 3779 alloquuntur,
3497 3729 3685 3784 quem-

2102 3785 2388 3842 admodqu
2419 3787 2578 3844 Isaias
2623 3791 2701 3846 sic
2729 3792 2913 3848 dicens
2942 3813 2954 3849 :
2990 3795 3240 3869 Respicite
3262 3802 3330 3855 ad
3356 3805 3571 3859 solidam
3594 3825 3684 3876 pe-

2100 3886 2232 3931 tram
2264 3895 2328 3933 ex
2348 3896 2447 3950 qua
2476 3882 2631 3936 excisi
2654 3885 2775 3938 estis
2808 3883 2905 3955 (α),
2933 3897 2979 3941 et
3001 3890 3067 3941 ad
3092 3891 3278 3960 [assunt
3308 3894 3472 3962 lacus,
3502 3913 3565 3951 ea:
3584 3882 3695 3968 quod

2097 3970 2273 4037 eﬂossi
2296 3975 2415 4026 estis
2443 3971 2594 4044 (Isai.
2622 3975 2706 4030 51.
2735 3976 2811 4048 1).
2844 3979 2908 4033 Et
2933 3995 3146 4035 rursus:
3167 3983 3412 4055 Respicite
3432 3989 3501 4042 ad
3523 3991 3684 4045 Abra-

2097 4063 2216 4115 ltam
2241 4073 2440 4132 patrem
2476 4075 2715 4134 vestrum,
2770 4077 2818 4122 et
2863 4069 2933 4122 ad
2966 4069 3179 4124 Sarram
3206 4091 3320 4145 quae
3360 4093 3445 4132 vos
3485 4083 3679 4150 peperit

2094 4156 2230 4225 quod
2253 4173 2385 4211 unus
2426 4166 2552 4223 erat,
2594 4168 2641 4212 et
2668 4161 2838 4213 vocavi
2864 4161 3050 4229 ipsum,
3080 4173 3127 4218 et
3150 4167 3459 4237 sanctiﬁcaui
3485 4172 3672 4243 ipsum,

2094 4256 2143 4298 et
2168 4247 2499 4318 multiplicavi
2540 4250 2708 4320 ipsum
2750 4250 2911 4321 (Ibid.
2941 4270 2990 4310 υ.
3018 4255 3094 4324 2).
3125 4256 3274 4325 Quod
3303 4269 3479 4316 autem
3523 4265 3670 4333 dicit,

2091 4347 2174 4392 est
2198 4338 2459 4409 ejusmodi
2487 4358 2500 4394 :
2523 4340 2715 4399 Nonne
2742 4352 2857 4398 erat
2878 4345 3147 4402 Abraham
3176 4349 3470 4409 barbarus?
3495 4373 3674 4416 nonne

2090 4430 2303 4484 carebat
2318 4431 2521 4498 liberis,
2540 4442 2596 4488 et
2608 4433 2719 4503 jam
2740 4445 2896 4491 aetate
2919 4441 3287 4507 processerat?
3315 4460 3492 4502 nonne
3513 4449 3674 4506 habe-

2090 4518 2180 4572 bat
2209 4535 2449 4585 uxorem,
2478 4538 2596 4592 QULB
2621 4533 2675 4578 et
2703 4535 2922 4595 propter
2941 4537 3171 4595 (etatem,
3205 4540 3260 4586 et
3286 4547 3500 4606 propter
3521 4548 3671 4594 natu-

2089 4626 2201 4667 ram
2215 4623 2329 4667 erat
2346 4613 2466 4668 filiis
2485 4618 2826 4684 procreandis
2845 4618 3076 4676 inutilis?
3091 4639 3265 4678 annon
3283 4639 3438 4682 erant
3451 4646 3538 4687 res
3553 4634 3669 4697 ejus

2086 4705 2304 4759 omnino
2319 4705 2640 4775 desperatae?
2655 4709 2788 4776 Quid
2800 4712 3139 4780 ergo?anuon
3156 4732 3220 4771 ex
3237 4734 3340 4773 uno
3357 4721 3473 4779 sine
3490 4723 3668 4781 liberis

2085 4805 2140 4851 ct
2156 4806 2417 4866 provectae
2435 4808 2533 4853 :rta
2544 4800 2606 4853 tis
2628 4800 2838 4870 implevi
2858 4804 3039 4858 orbem
3054 4808 3239 4861 teme?
3256 4809 3391 4878 Quid
3402 4829 3529 4886 ergo
3544 4833 3666 4872 cou-

2085 4888 2410 4944 turbamini?
2436 4888 2492 4942 Si
2518 4890 2659 4944 enim
2682 4907 2747 4945 ex
2780 4908 2886 4946 uno
2909 4896 3054 4963 potui
3082 4897 3304 4966 implere
3333 4904 3518 4960 orbem
3553 4919 3663 4963 ter-

2083 4997 2156 5034 ra:
2177 4999 2189 5034 :
2209 4981 2375 5035 multo
2396 4982 2560 5052 magis
2586 4998 2648 5037 ex
2672 4984 2826 5040 vobis
2850 4988 3030 5055 paucis
3056 4989 3286 5060 implebo
3305 4994 3658 5073 Jerosolyma.

2146 5095 2162 5126 ι
2198 5093 2340 5144 Savil.
2367 5096 2415 5143 in
2431 5096 2655 5165 margine
2674 5096 2942 5165 pleniorem
2966 5100 3109 5165 affert
3129 5103 3393 5158 lectionem
3416 5112 3519 5162 sic:
3547 5123 3660 5165 Pro-

2079 5155 3199 5239 v’*e't.m“51:'1’£e'9eesserem.50.
3225 5170 3276 5239 8)
3299 5155 3329 5218 5
3345 5155 3392 5216 ῖ
3406 5155 3596 5239 ῐιὶὲέε·ὶά
3611 5155 3660 5227 Fr

2077 5217 2263 5267 orczdta
2283 5218 2529 5281 sapientia:
2550 5217 2647 5270 tua:
2661 5217 2973 5285 manifesti:in
2992 5227 3160 5291 mihi,»

2078 5278 2245 5329 plenus
2265 5286 2386 5329 erat.
2410 5293 2539 5329 ann.
2564 5288 2659 5329 etc.

2191 5293 2245 5331 118
2265 5286 2386 5337 erat,
2410 5293 2539 5337 ann,
2564 5288 2659 5331 etc.

2078 5292 2245 5343 plenus
2265 5292 2386 5337 erat,
2410 5293 2539 5339 ann,
2564 5292 2659 5331 etc.
3190 5292 3197 5293 ί
3480 5292 3493 5300 '

2078 5340 2334 5422 milites
2346 5341 3328 5422 Btt'llisﬁfiledeVidimuscbrrsesomum
3344 5370 3485 5407 usum
3510 5360 3657 5412 misso

2077 5402 2289 5473 pditiOue
2312 5410 2421 5473 Lttx
2438 5404 2496 5473 ad
2518 5405 2839 5473 Hexaplarem
2853 5402 3076 5473 origeuis
3091 5402 3651 5473 editionemem'e-n-daa:

2074 5464 2120 5512 id
2145 5465 2270 5539 quod
2292 5465 2458 5539 etiam
2475 5466 2574 5539 hoc
2736 5470 2813 5518 bis
2841 5464 3240 5539 deprehenditur.
3282 5464 3656 5539 ᾖέιίιῖἶῧῦἇῖῖἐ

2076 5525 2173 5590 qua
2193 5525 2347 5578 excisi
2368 5527 2484 5579 estis
2508 5525 3037 5605 (essetamopaehn),
3050 5548 3130 5590 est
3147 5525 3665 5605 ’[ᾕεοδδῖἷοῖἶῖξέινᾶ

2079 5600 2202 5669 ver:
2217 5602 2553 5665 germanaque
2580 5595 2728 5642 lectio
2754 5595 2850 5669 est...
2861 5612 2954 5669 μμ
2972 5595 3140 5669 att-tem
3166 5603 3371 5669 Hebraea
3387 5595 3661 5669 verterant,

2075 5650 2133 5707 ἣν
2159 5650 2679 5728 ἐλατομήςτατέλςιιιᾳῃῃ
2705 5656 2975 5728 ρπὶιίἰεςεὲρ.
3006 5650 3203 5728 Verani
3217 5650 3526 5728 hic‘passiviv
3534 5650 3661 5720 "5281

2075 5716 2469 5791 sus‘reqyttitut“.
2495 5715 2837 5791 gingili’terqug
2869 5720 3011 5791 infra,
3039 5724 3127 5791 ubi
3155 5715 3661 5791 septuaginta—inier-

2075 5777 2245 5859 pretiis
2270 5774 2472 5859 habent,
2493 5780 2545 5859 ὂγ
2570 5774 2777 5859 aposset
2806 5774 3008 5859 [suppli
3031 5774 3656 5859 pabuvaVHIIdE-euar—n-miain

2073 5831 2285 5911 jbdistis.
2312 5831 2690 5897 Chrysostonius
2719 5831 2857 5905 legit,
2874 5831 3002 5902 ἔξτῶ
3024 5831 3656 5920 ὧῇὖλθηῖέέῖτῆοᾟῆῖδξὶ

2074 5901 2209 5967 estis,
2230 5918 2380 5967 quem
2404 5907 2733 5974 signiﬁcatum
2759 5901 2971 5985 requirit
2991 5901 3083 5969 vox
3110 5901 3343 5988 Hebraea,
3369 5901 3579 5982 E11113":-
