4112 6342
339 387 444 444 519

339 501 590 558 ἐντεῦθεν
639 500 1016 571 ἀναχωρήσας.
1068 500 1473 571 Εὐαρεστήσω
1510 499 1767 554 ἐνώπιον
1804 503 1918 554 Κυ-

339 590 473 656 ρίου
500 587 572 638 ἐν
597 583 756 652 χώρᾳ
798 583 1046 644 ζώντων.
1080 585 1335 656 Ἕτερος,
1376 586 1762 654 Ἐμπροσθεν
1802 588 1922 637 Κυ-

337 673 494 740 ρίου.
522 669 736 730 Ἀλλος,
780 669 1288 736 Ἐμπεριπατήσω.
1325 668 1496 722 Τοῦτο
1532 670 1626 721 καὶ
1659 671 1687 721 0
1714 669 1923 728 Παῦλος

343 754 583 807 δείκνυσι
615 752 812 818 λέγων·
841 751 950 804 Καὶ
980 752 1152 820 ἡμεῖς
1177 753 1641 822 ἁρπαγησόμεθα
1657 752 1727 804 ἐν
1754 752 1925 819 νεφέ-

343 843 483 903 λαις
508 839 595 902 εἰς
619 834 962 903 ἀπάντησιν
988 835 1094 889 τοῦ
1116 836 1334 902 Κυρίου
1359 839 1445 902 εἰς
1465 836 1629 903 ἀέρα,
1649 835 1746 889 καὶ
1773 835 1925 888 οὕτω

346 921 603 975 πάντοτε
624 919 747 972 σὺν
766 921 958 984 Κυρίῳ
981 919 1257 984 ἐσόμεθα.
1291 919 1399 970 Καὶ
1425 919 1606 981 καλῶς
1629 915 1799 980 εἶπεν,
1831 919 1927 970 Ἐν

345 1003 506 1073 χώρῃ
534 1001 778 1062 ζώντων.
812 1001 1022 1071 Ἐκείνη
1055 1001 1162 1072 γὰρ
1185 1001 1350 1065 ὅντως
1378 1002 1508 1072 ζωὴ,
1533 1001 1922 1072 ἀπηλλαγμένη

348 1087 601 1145 θανάτου,
634 1085 812 1156 ἀμιγῆ
855 1085 924 1136 τὰ
957 1085 1138 1152 ἀγαθά
1170 1085 1387 1154 ἔχουσα.
1415 1086 1602 1138 ’Ὀταν
1633 1084 1925 1154 καταργή-

346 1189 452 1237 σῃ,
487 1171 639 1239 φησὶ,
672 1167 881 1221 πᾶσαν
914 1168 1132 1237 ἀρχὴν,
1158 1168 1255 1220 καὶ
1289 1166 1495 1222 πᾶσαν
1516 1168 1805 1232 ἐξουσίαν
1828 1167 1927 1220 καὶ

345 1254 622 1320 δύναμιν,
649 1251 908 1319 ἔσχατος
937 1251 1150 1320 ἐχθρός
1180 1251 1550 1320 καταργεῖται
1581 1253 1614 1304 ό
1650 1250 1922 1315 θάνατος.

346 1337 564 1390 Τούτων
602 1335 659 1388 δὲ
700 1335 1174 1404 καταργηθέντων,
1209 1335 1360 1387 οὐδὲν
1391 1333 1498 1387 τῶν
1545 1334 1802 1405 λυπηρῶν
1833 1335 1929 1405 μέ-

347 1438 450 1483 νει,
487 1419 546 1471 ού
584 1419 824 1487 φροντὶς,
852 1417 913 1469 ού
950 1417 1110 1481 πόνος
1130 1434 1142 1446 ·
1177 1417 1316 1470 ὥστε
1347 1419 1524 1471 πάντα
1557 1418 1722 1491 χαρὰ,
1753 1417 1929 1470 πάντα

347 1506 559 1576 εἰρήνη,
594 1503 771 1555 πάντα
813 1501 1002 1572 ἀγάπη
1031 1514 1079 1564 ιι,
1115 1503 1292 1555 πάντα
1329 1503 1582 1571 εὐθυμία,
1624 1503 1718 1555 καὶ
1751 1501 1928 1554 πάντα

349 1588 677 1660 εὐφροσύνη,
703 1586 878 1640 πάντα
903 1584 1076 1656 ἀληθῆ
1098 1587 1190 1638 καὶ
1213 1585 1478 1658 εἰλικρινῆ
1499 1587 1593 1640 καὶ
1615 1588 1895 1658 πεπηγότα
1910 1603 1923 1616 ⁸

348 1673 500 1725 οὐδὲν
527 1672 636 1740 γάρ
679 1672 828 1722 ἐστιν
858 1671 974 1722 ἐκεῖ
1010 1669 1118 1722 τῶν
1144 1669 1400 1722 τοιούτων
1432 1669 1828 1740 ὀλισθημάτων,
1865 1671 1926 1723 ού

351 1755 545 1824 θυμὸς,
585 1755 644 1806 ού
678 1753 857 1824 λύπη,
901 1753 962 1805 ού
996 1753 1294 1822 χρημάτων
1343 1753 1512 1825 ἔρως,
1557 1754 1618 1806 οὐ
1663 1754 1929 1824 σωμάτων

351 1838 536 1901 πόθος,
573 1838 634 1889 ού
684 1836 864 1898 πενία,
903 1837 964 1888 οὐ
1002 1835 1249 1901 πλοῦτος,
1281 1836 1380 1887 οὐκ
1419 1836 1635 1906 ἀτιμία,
1675 1837 1775 1889 οὐκ
1804 1836 1932 1889 ἄλλο

359 1923 459 1976 τῶν
494 1920 747 1974 τοιούτων
797 1921 970 1973 οὐδέν.
1014 1919 1230 1988 Ταύτης
1259 1920 1436 1972 τοίνυν
1471 1920 1565 1971 καὶ
1609 1922 1766 1989 ἡμεῖς
1813 1921 1932 1972 ἐπιο

354 2006 618 2077 θυμῶμεν
643 2007 741 2076 τῆς
779 2003 943 2074 ζωῆς,
981 2004 1077 2057 καὶ
1111 2005 1286 2056 πάντα
1317 2003 1454 2074 πρὸς
1493 2002 1650 2055 τοῦτο
1678 2003 1931 2074 πράττω-

357 2109 478 2161 μεν.
509 2091 606 2142 Διά
625 2088 730 2159 γὰρ
755 2088 911 2140 τοῦτο
938 2087 1032 2140 καὶ
1051 2087 1109 2140 ἐν
1129 2089 1193 2157 τῇ
1219 2088 1349 2157 εὐχῇ
1376 2086 1710 2156 κελευόμεθα
1730 2086 1930 2155 λέγειν,

365 2174 618 2228 Ἕλθέτω
641 2173 679 2240 ἡ
703 2171 990 2236 βασιλεία
1018 2187 1153 2233 σου,
1175 2172 1260 2222 ἵνα
1290 2171 1377 2222 ἀεὶ
1411 2171 1544 2241 πρὸς
1574 2169 1786 2240 ἐκείνην
1816 2169 1934 2239 βλέ-

355 2274 547 2326 πωμεν
591 2255 690 2326 τὴν
725 2255 956 2326 ἡμέραν.
1007 2252 1064 2306 '0
1116 2253 1225 2322 γάρ
1259 2253 1450 2324 ἐκείνῳ
1491 2253 1566 2323 τῷ
1599 2253 1760 2324 ἔρωτι
1799 2270 1933 2306 κατ-

354 2340 630 2409 εχόμενος,
659 2340 752 2392 καὶ
806 2340 926 2400 ταῖς
975 2336 1151 2389 ἐλπίσι
1191 2337 1298 2390 τῶν
1343 2334 1563 2404 ἀγαθῶν
1605 2336 1933 2407 τρεφόμενος

354 2424 615 2486 ἐκείνων,
661 2421 836 2475 οὐδενὶ
881 2420 992 2472 τῶν
1040 2419 1322 2490 παρόντων
1364 2418 1684 2489 βαπτίζεται
1725 2419 1933 2482 δεινῶν,

356 2505 449 2559 ὑπ’
474 2505 684 2570 οὐδενὸς
711 2504 820 2556 τῶν
849 2503 1081 2556 ἐνταῦθα
1108 2503 1429 2556 καθέλκεται
1453 2504 1480 2542 b
1504 2501 1762 2571 λυπηρῶν
1782 2520 1795 2532 ’
1821 2502 1934 2555 ἀλλ’

356 2595 546 2663 ὥσπερ
580 2593 628 2644 οἱ
660 2591 796 2662 πρὸς
825 2590 977 2644 πόλιν
1010 2589 1292 2660 βασιλικὴν
1314 2587 1590 2650 ὁδεύοντες
1619 2589 1794 2641 οὐδενὶ
1829 2589 1936 2642 τῶν

359 2676 507 2748 παρὰ
528 2676 626 2746 τὴν
656 2675 770 2730 ὁδὸν
795 2674 1134 2743 κατέχονται,
1162 2672 1284 2725 οὔτε
1311 2673 1590 2743 λειμῶσιν,
1613 2670 1736 2724 οῦτε
1759 2689 1940 2744 παρα-

357 2762 572 2825 δείσοις,
605 2760 728 2813 οὔτε
763 2759 1056 2831 φάραγξιν,
1107 2758 1228 2810 οὕτε
1275 2757 1551 2828 ἐρημίαις,
1588 2756 1702 2809 ἀλλ’
1746 2756 1938 2810 ἐκατέ-

361 2865 471 2918 ρων
497 2857 519 2884 α
562 2843 883 2914 ἀλογοῦντες
919 2844 1052 2913 πρὸς
1095 2843 1152 2894 ἓν
1203 2842 1361 2911 μόνον
1407 2842 1573 2911 ὁρῶσι
1601 2841 1698 2911 τὴν
1730 2840 1941 2905 ἐκδεξο-

362 2931 533 3000 μένην
564 2929 760 2991 αὐτοὺς
791 2928 1024 2996 πατρίδα
1045 2943 1059 2956 ·
1088 2924 1230 2978 οὕτω
1253 2925 1344 2977 καὶ
1370 2924 1397 2975 ὁ
1430 2925 1548 2977 καθ’
1575 2925 1812 2995 ἑκάστην
1841 2925 1938 2994 τὴν

360 3014 575 3084 ἡμέραν
613 3012 826 3080 ἐκείνην
870 3010 1224 3063 ἀναπλάττων
1274 3007 1453 3078 ἑαυτῷ
1497 3007 1592 3078 τὴν
1625 3009 1808 3070 πόλιν,
1846 3009 1939 3062 καὶ

359 3099 451 3152 τὸν
475 3097 640 3150 πόθον
675 3095 845 3164 αὐτῆς
871 3096 1107 3165 τρέφων,
1139 3094 1292 3147 οὐδὲν
1323 3094 1432 3146 τῶν
1461 3092 1648 3146 δεινῶν
1672 3095 1938 3164 ἡγήσεται

360 3183 554 3242 δεινὸν,
581 3181 702 3234 οὐδὲ
726 3179 834 3233 τῶν
860 3180 1100 3251 φαιδρῶν
1123 3180 1215 3232 καὶ
1253 3177 1567 3250 περιφανῶν
1600 3179 1822 3248 φαιδρὸν
1847 3179 1941 3231 καὶ

362 3264 677 3335 περιφανές.
709 3265 772 3316 Τί
802 3264 966 3332 λέγω,
1001 3265 1098 3333 οὐχ
1117 3265 1413 3334 ἡγήσεται;
1445 3262 1584 3314 Ἀλλ’
1613 3263 1730 3314 ούδέ
1751 3262 1939 3332 ὄψεται

361 3350 566 3410 ταῦτα,
632 3349 850 3418 ἐτέρους
906 3346 1184 3416 κτώμενος
1241 3347 1586 3418 ὀφθαλμούςο
1636 3347 1940 3412 τοιούτους,

362 3434 506 3496 οἵους
535 3435 563 3486 ὁ
604 3432 814 3493 Παῦλος
863 3430 1100 3495 ἐκέλευε,
1138 3431 1347 3499 λέγων’
1399 3430 1458 3485 Μ
1467 3432 1499 3500 ὴ
1547 3433 1944 3486 σκοπούντων

363 3515 534 3585 ήμῶν
565 3516 637 3569 τὰ
661 3515 1030 3584 βλεπόμενα,
1058 3516 1219 3569 ἀλλὰ
1248 3517 1320 3569 τὰ
1346 3515 1426 3584 μὴ
1453 3517 1809 3584 βλεπόμενα
1831 3531 1844 3542 ·
1875 3515 1944 3570 τὰ

363 3600 474 3669 γὰρ
499 3599 870 3668 βλεπόμενα,
895 3598 1232 3665 πρόσκαιρα
1252 3617 1262 3628 ·
1281 3597 1356 3653 τὰ
1382 3598 1549 3667 δὲμὴ
1571 3599 1941 3666 βλεπόμενα,

364 3683 588 3736 αἰώνια.
613 3678 768 3745 Εἶδες
799 3681 896 3752 τὴν
920 3681 1038 3734 ὁδὸν
1063 3681 1179 3745 πῶς
1204 3682 1368 3754 ἑτέρα⁵
1397 3681 1538 3747 λέξει
1569 3682 1941 3753 παρέστησεν;

377 3764 630 3819 Ἐκείνων
651 3765 828 3817 τοίνυν
852 3763 1223 3833 ἀντεχώμεθα,
1251 3765 1338 3818 ἵνα
1362 3767 1544 3820 αὐτῶν
1571 3764 1942 3835 ἐπιτύχωμεν,

364 3849 462 3904 καὶ
507 3849 607 3920 τῆς
655 3849 933 3919 ἀκηράτου
974 3849 1120 3919 ζωῆς
1159 3849 1588 3920 ἀπολαύσωμενο
1630 3844 1698 3920 ἦς
1735 3847 1946 3915 γένοιτο

365 3934 575 3997 πάντας
593 3935 741 4004 ἡμᾶς
763 3936 1063 4004 ἐπιτυχεῖν,
1088 3933 1270 4004 χάριτι
1287 3931 1380 3988 καὶ
1400 3933 1776 4005 φιλανθρωπίᾳ
1795 3930 1946 4002 [308]

366 4015 464 4069 τοῦ
505 4015 705 4088 Κυρίου
740 4017 898 4088 ἡμῶν
933 4017 1107 4089 Ἰησοῦ
1147 4015 1406 4088 Χριστοῦ,
1449 4010 1494 4084 ᾧ
1523 4018 1558 4088 ἡ
1597 4015 1722 4080 δόξα
1758 4017 1850 4068 καὶ
1889 4015 1948 4066 τὸ

366 4101 591 4169 κράτος,
612 4099 708 4155 νῦν
735 4101 831 4154 καὶ
855 4100 964 4167 ἀεὶ,
990 4101 1083 4154 καὶ
1104 4102 1185 4164 εἰς
1206 4102 1334 4164 τοὺς
1357 4100 1560 4163 αἰῶνας
1584 4099 1692 4153 τῶν
1715 4097 1945 4152 αἰώνων.

381 4184 436 4238 Ἀ
447 4187 576 4257 μήν.

755 4320 865 4374 ΕΙΣ
902 4320 1040 4372 ΤΟΝ
1073 4317 1200 4372 PIE'
1238 4314 1558 4371 ΨΑΛΜΟΝ.

384 4465 752 4524 Ἐπίστευσα
772 4507 787 4531 ,
825 4467 918 4521 διὸ
955 4467 1233 4592 ἐλάλτέρςνα
1252 4483 1265 4497 ·
1301 4466 1416 4538 ἐγὼ
1449 4466 1518 4520 δὲ
1552 4463 1952 4532 ἐταπεινώθην

1030 4555 1116 4592 σεε
1194 4556 1288 4592 οα.
1692 4559 1703 4570 ·

1030 4555 1288 4608 σφοορα.
1692 4559 1703 4570 ·

440 4663 734 4736 α’.Ταύτης
757 4665 1011 4736 μνησθεὶς
1026 4665 1126 4735 τῆς
1141 4667 1351 4738 ρήσεως
1374 4665 1465 4719 καὶ
1478 4668 1505 4718 0
1520 4665 1788 4736 μακάριος
1806 4663 1957 4718 Παῦ-

373 4752 486 4816 λος,
522 4751 668 4804 οὕτω
691 4749 808 4814 πώς
838 4766 1032 4821 φησιν·
1073 4751 1362 4819 Ἔχοντες
1392 4749 1462 4802 δὲ
1489 4750 1554 4802 τὸ
1589 4749 1736 4802 αὐτὸ
1767 4747 1956 4802 Πνεῦ-

370 4856 456 4907 μα
500 4836 612 4904 τῆς
654 4837 916 4900 πίστεως
961 4834 1113 4888 κατὰ
1165 4834 1231 4887 τὸ
1280 4833 1720 4904 τετραμμένον·
1791 4831 1953 4886 Ἐπί-

374 4934 628 4984 στευσα,
665 4919 758 4974 διὸ
781 4918 1088 4986 ἐλάλησα·
1125 4920 1220 4972 καὶ
1253 4919 1426 4987 ἡμεῖς
1453 4918 1834 4986 πιστεύομεν,
1864 4915 1954 4969 διὸ

376 5004 477 5060 καὶ
526 5005 853 5072 λαλοῦμεν.
916 5004 1235 5071 Ἀναγκαῖον
1283 5003 1461 5055 τοίνυν
1524 5000 1739 5072 πρῶτον
1782 5000 1957 5052 εἰπεῖν

378 5087 497 5150 πῶς
525 5089 553 5139 0
600 5086 923 5148 ’Λπόστολος
963 5087 1098 5158 αὐτῇ
1128 5086 1417 5157 ἐχρήσατο,
1454 5087 1549 5138 καὶ
1586 5083 1712 5154 περὶ
1748 5082 1888 5146 τίνος
1931 5086 1958 5136 ὁ

377 5173 536 5240 λόγος
573 5167 642 5242 ἦν
675 5172 842 5242 αὑτῳ.
869 5169 1029 5226 Οὕτω
1058 5171 1166 5242 γὰρ
1197 5171 1305 5224 ἀπὸ
1329 5169 1521 5223 τούτου
1544 5171 1638 5223 καὶ
1658 5169 1720 5222 τὸ
1750 5186 1962 5241 προφη-

377 5256 531 5309 τικὸν
553 5255 703 5308 ἔσται
722 5253 878 5325 δῆλον
904 5255 1058 5324 ἡμῖν.

455 5339 668 5403 ’Ἄλλως
713 5338 770 5392 δὲ
813 5340 910 5392 καὶ
941 5337 1257 5392 διδασκαλία
1285 5337 1423 5410 αὕτη
1461 5337 1696 5409 ἀρίστη,
1742 5338 1816 5410 μὴ
1859 5338 1960 5412 τὴν

383 5425 679 5493 ουνάφειαν
706 5424 1060 5495 περικόπτειν
1081 5423 1173 5476 τοῦ
1204 5424 1386 5495 λόγου,
1415 5422 1549 5493 μηδέ
1581 5421 1747 5494 μέρος
1771 5422 1963 5477 λαϐόν-

446 5638 552 5702 91η
578 5641 699 5690 edit.
727 5641 901 5702 Morel.
925 5640 1020 5689 hoc
1043 5639 1206 5695 deest,
1240 5639 1400 5688 πάντα
1423 5638 1603 5702 ἀγάπη.

443 5699 476 5766 ἢ
498 5702 623 5766 Beg.
648 5710 702 5752 et
725 5701 875 5766 Savil.
899 5704 949 5750 in
971 5715 1125 5766 marg.
1149 5705 1460 5766 ταράσσεται.

450 5765 474 5793 ο
499 5763 652 5813 Smiil.
681 5765 879 5826 conﬁcit
903 5766 1004 5826 leg.
1033 5763 1224 5826 ἑτέρων,
1247 5764 1334 5814 sed
1356 5763 1518 5814 obstat
1554 5765 1772 5816 omnium
1793 5777 1968 5818 exem-

383 5825 593 5888 pl.nrium
616 5827 664 5874 in
690 5825 925 5891 ἑκατέρων
944 5825 1227 5878 Consensus.
1624 5837 1625 5840 ‘

1432 383 1798 440 EXPOSITIO
1839 380 1906 436 IN
1947 381 2287 442 PSALMUM
2327 388 2496 444 CXV.

3500 375 3608 430 3‘20

2025 517 2123 566 τας
2161 505 2575 576 προσκαθῆσθαι
2631 506 2843 576 ἐκείνῳ,
2895 505 3012 559 ἀλλ’
3039 504 3244 560 ἄνωθεν
3282 503 3375 557 τοῦ
3403 503 3600 575 διηγη-

2024 602 2193 655 ματος
2223 589 2492 641 ποιεῖσθαι
2520 590 2619 660 τήν
2658 590 2853 660 ἀρχήν.
2888 591 3024 661 Περὶ
3068 591 3215 654 τίνος
3267 590 3448 641 τοίνυν
3480 590 3570 642 δια
3594 607 3608 632 ρ’

2021 667 2310 739 λεγόμενος
2337 673 2364 722 0
2387 672 2596 735 Παῦλος
2633 672 2837 744 ταύτης
2864 673 3107 743 ἐμνήσθη
3137 673 3236 741 τῆς
3257 672 3612 741 προφητικῇςν

2025 753 2243 821 φωνῆς
2282 754 2418 823 Περὶ
2477 755 2826 817 ἀναστάσεως
2876 756 2970 806 καὶ
3018 755 3114 823 τῆς
3153 755 3261 806 τῶν
3298 753 3608 824 μελλόντων

2024 835 2242 901 ἀγαθῶν
2274 837 2647 901 ἀπολαύσεως,
2678 838 2713 892 ἀ
2741 840 2836 890 καὶ
2865 837 3022 906 λόγον
3051 837 3370 908 ὑπερϐαίνει
3400 836 3602 897 πάντα,

2025 917 2119 968 καὶ
2151 917 2273 969 νοῦν
2311 920 2405 971 καὶ
2442 919 2701 974 διάνοιαν.
2734 921 2888 974 Ἐπεὶ
2937 916 3028 972 οὖν
3067 920 3222 986 λόγον
3277 919 3605 989 ὑπερέϐαινε

2026 1000 2220 1064 πάντα,
2249 1003 2340 1054 καὶ
2380 1003 2788 1074 ἑρμηνευθῆναι
2821 1002 2991 1056 ταῦτα
3027 1003 3126 1072 οὐχ
3157 997 3268 1054 οἷόν
3301 1020 3361 1054 τε
3390 997 3476 1071 ἦν,
3511 1001 3606 1052 πί·

2027 1100 2195 1148 στεως
2220 1083 2274 1135 δέ
2305 1085 2438 1155 πρὸς
2459 1087 2518 1137 τὸ
2549 1085 2950 1156 παραδέχεσθαι
2982 1085 3156 1154 χρεία,
3184 1085 3271 1136 ἵνα
3303 1085 3377 1157 μὴ
3405 1082 3608 1155 ταράτ-

2025 1184 2183 1238 τηται
2227 1169 2254 1220 ὁ
2294 1169 2564 1233 Ἰουδαῖος,
2607 1170 2740 1239 μηδὲ
2792 1168 3106 1221 ἀπατᾶσθαι
3141 1167 3356 1239 νομίζῃ,
3401 1167 3476 1229 ὼς
3506 1165 3608 1236 ψυ-

2026 1253 2187 1320 χραῖς
2209 1251 2527 1322 φυσώμενος
2558 1252 2760 1315 ἐλπίσι,
2787 1254 3100 1323 προφητικῇ
3125 1253 3279 1322 ῥήσει
3308 1251 3406 1321 τὴν
3431 1251 3608 1318 ἀγνωο

2030 1333 2266 1406 μοσύνην
2291 1335 2453 1387 αὐτοῦ
2497 1335 2806 1405 διορθοῦται
2848 1335 3131 1404 μονονουχὶ
3163 1334 3357 1401 λέγων,
3403 1333 3485 1384 ὃτι
3530 1332 3608 1384 Οὐ

2027 1418 2212 1470 καινόν
2257 1434 2310 1470 τι
2353 1419 2588 1488 πρᾶγμα
2634 1419 2911 1487 ἐπιζητῶ,
2948 1418 3163 1479 πίστιν,
3195 1416 3334 1469 ἀλλά
3378 1414 3612 1467 παλαιὸν

2028 1501 2248 1569 ἀγαθόν.
2292 1503 2402 1555 Καὶ
2434 1505 2542 1574 γάρ
2573 1505 2600 1556 ό
2647 1504 2860 1564 Παῦλος
2914 1501 3116 1564 οὕτως·
3158 1502 3187 1552 0
3215 1499 3272 1551 δὲ
3319 1498 3610 1569 προφήτης

2033 1583 2241 1652 μέλλων
2258 1582 2286 1622 ά
2311 1585 2402 1636 καὶ⁹
2422 1586 2582 1647 αὐτὸς
2606 1585 2734 1655 περί
2759 1601 2918 1636 τινων
2947 1582 3170 1650 ἀγαθῶν
3193 1583 3250 1634 ἐν
3283 1581 3361 1650 τῷ
3384 1581 3612 1650 παρόντι

2030 1669 2391 1739 προφητεύειν
2421 1673 2534 1732 τοῖς
2582 1669 2854 1730 Ἰουδαίοις
2890 1667 3340 1737 συμϐησομένων,
3389 1667 3480 1718 καὶ
3509 1666 3611 1737 τὴν

2029 1751 2377 1822 ἀνθρωπίνην
2411 1753 2736 1805 ἀκολουθίαν
2768 1751 3240 1821 ὑπερϐαινόντων,
3287 1749 3377 1801 ἵνα
3419 1748 3613 1818 μηδεὶς

2029 1837 2277 1888 ἀπιστεῖν
2307 1838 2428 1907 ἔχῃ,
2483 1835 2656 1897 οὕτως
2694 1833 2976 1903 ἀπήρξατο
3019 1832 3110 1884 τοῦ
3147 1831 3360 1902 ψαλμοῦ
3401 1829 3613 1898 λέγων·

2045 1905 2435 1983 Ἐπίστευσα,
2463 1917 2553 1970 διὸ
2597 1916 2894 1982 ἐλάλησα.
2935 1915 3153 1985 Ἐπειδὴ
3191 1916 3300 1984 γάρ
3342 1905 3616 1967 ἀπολώλει

2031 2003 2098 2054 τά
2139 2003 2507 2073 Ἱεροσόλυμα,
2553 2004 2647 2055 καὶ
2690 2002 2931 2071 ἐρείπιον
2978 2003 3006 2054 ὁ
3041 1981 3168 2063 ναός
3205 1999 3481 2068 ἐγεγόνει,
3519 2004 3618 2050 καὶ

2032 2087 2230 2148 πάντες
2266 2081 2603 2157 αἰχμάλωτοι
2643 2085 2928 2154 γενόμενοι
2968 2085 3063 2137 καὶ
3109 2084 3355 2148 δεθέντες
3392 2085 3471 2146 εἰς
3515 2083 3619 2153 τὴν

2031 2169 2314 2241 ἀλλοτρίαν
2346 2169 2692 2240 ἀπήχθησαν,
2729 2168 2994 2239 βάρϐαρον.
3027 2167 3085 2220 δὲ
3121 2167 3219 2237 τὴν
3254 2166 3475 2219 ἐκείνων
3510 2166 3619 2236 γῆν

2031 2253 2145 2306 ἀντ’
2177 2254 2402 2306 ἐκείνων
2433 2254 2719 2322 κατέσχον,
2763 2251 3165 2322 ἐκελεύσθησαν
3204 2250 3481 2321 ἀμπέλους
3513 2268 3616 2318 φυσ

2029 2336 2242 2400 τεῦσαι,
2278 2338 2374 2390 καὶ
2402 2323 2576 2399 οἰκίας
2606 2335 2982 2405 οἰκοδομῆσαι,
3013 2337 3107 2386 καὶ
3131 2335 3340 2403 γάμους
3371 2334 3614 2387 ἐπιτελέ-

2035 2439 2144 2485 σαι,
2172 2421 2347 2474 ταῦτα
2386 2424 2466 2484 εἰς
2517 2421 2831 2488 ἀπόγνωσιν
2864 2421 2991 2482 τοὺς
3033 2419 3322 2480 Ἰουδαίους
3368 2417 3615 2479 ἐνέϐαλε,

2033 2508 2127 2561 καὶ
2146 2506 2330 2559 λοιπὸν
2351 2504 2651 2572 ἐλογίζοντο
2672 2504 2806 2575 πρὸς
2827 2505 3073 2566 ἑαυτοὺς,
3097 2504 3178 2555 ὅτι
3202 2503 3264 2554 Εἰ
3285 2501 3440 2554 πόλιν
3463 2501 3618 2572 ἔχον-

2030 2609 2144 2654 τες,
2169 2592 2262 2642 καὶ
2291 2590 2430 2642 ὅπλα
2448 2629 2463 2649 ,
2493 2589 2586 2641 καὶ
2631 2587 2896 2659 πύργους,
2933 2591 3027 2640 καὶ
3067 2585 3367 2657 χρημάτων
3397 2602 3620 2656 περιου-

2035 2676 2157 2730 σίαν
2186 2688 2210 2714 θ
2241 2673 2512 2741 τοσαύτην
2541 2672 2632 2726 καὶ
2660 2673 2808 2736 ναὸν,
2837 2673 2931 2724 καὶ
2963 2671 3165 2742 βωμὸν,
3195 2671 3289 2722 καὶ
3313 2669 3619 2736 ἀγιστείαν,

2035 2761 2126 2814 καὶ
2147 2760 2423 2830 λατρείαν,
2457 2759 2550 2810 καὶ
2579 2759 2676 2828 τὴν
2705 2757 2870 2826 ἄλλην
2897 2756 3115 2808 ἃπασαν
3146 2754 3442 2816 πολιτείαν,
3477 2770 3620 2824 παρ-

2036 2844 2316 2913 εδόθημεν,
2354 2842 2656 2910 ἐγενόμεθα
2693 2839 3051 2909 αἰχμάλωτοι,
3089 2840 3169 2900 εἰς
3226 2837 3473 2890 δουλείαν
3511 2839 3620 2888 άπ-

2035 2927 2280 2998 αγόμεθα
2300 2943 2313 2956 ·
2341 2925 2434 2978 νῦν
2463 2927 2521 2976 ἐν
2555 2924 2811 2992 ἀλλοτρίᾳ
2839 2924 2990 2984 ὄντες
3021 2921 3115 2974 καὶ
3150 2921 3366 2973 πάντων
3392 2923 3622 2990 ἠρημω-

2040 3011 2210 3082 μένοι,
2243 3009 2437 3079 γυμνοί
2476 3025 2534 3059 τε
2575 3009 2668 3060 καὶ
2700 3007 2875 3059 δοῦλοι
2903 3006 3207 3074 γενόμενοι,
3249 3004 3368 3066 πῶς
3401 3003 3626 3073 δυνησόο

2040 3094 2179 3164 μεθα
2208 3095 2306 3163 τὴν
2359 3091 2566 3144 οἰκείαν
2600 3091 2934 3156 ἀπολαϐεῖν;
2974 3091 3126 3143 Ἐπεί
3155 3087 3248 3143 οὖν
3287 3089 3469 3142 πολλοί
3513 3087 3626 3140 τῶν

2036 3176 2438 3246 ἀσθενεστέρων
2461 3175 2634 3226 ταῦτα
2657 3174 3101 3244 ἀναλογιζόμενοι
3127 3171 3503 3242 ἐθορυϐοῦντο,
3529 3172 3626 3224 καὶ

2038 3261 2426 3329 ἐταράττοντο,
2476 3259 2571 3310 καὶ
2608 3260 2720 3321 τοῖς
2756 3259 3065 3328 προφήταις
3107 3256 3166 3308 οὐ
3202 3257 3491 3327 προσεῖχον
3523 3254 3629 3324 τὴν

2038 3344 2293 3399 ἐπάνοδον
2316 3343 2531 3411 λέγουσι
2555 3360 2567 3370 ·
2604 3342 2692 3394 διὰ
2712 3343 2869 3394 τοῦτο
2897 3341 3071 3404 οὕτως
3101 3337 3244 3407 εἷπε,
3276 3340 3488 3403 δεικνὺς
3516 3342 3625 3392 πᾶ-

2039 3447 2123 3482 σιν
2143 3427 2408 3491 ἐντεῦθεν,
2436 3428 2516 3478 ὅτι
2543 3425 2778 3488 πίστεως
2805 3424 2963 3494 χρεία
2995 3427 3073 3486 εἰς
3093 3425 3161 3477 τὰ
3190 3424 3341 3496 παρά
3367 3424 3462 3476 τοῦ
3487 3422 3628 3478 Θεοῦ

2039 3513 2326 3582 λεγόμενα.
2352 3512 2699 3575 Διαλέγονται
2727 3509 2824 3579 μὲν
2844 3505 2937 3561 οῦν
2957 3510 3135 3572 αὐτοῖς
3167 3510 3261 3562 καὶ
3285 3509 3486 3580 ἑτέρως
3509 3509 3628 3560 ἐτε-

2041 3613 2143 3668 ροι,
2165 3591 2275 3648 οἷον
2294 3598 2322 3648 0
2347 3594 2572 3655 Ἡσαΐας
2591 3592 2731 3644 οὕτω
2759 3591 2930 3659 λέγων
2952 3609 2962 3619 ’
2989 3591 3138 3664 [509]
3156 3593 3522 3662 Ἐμὸλέψατε
3540 3593 3632 3657 εὶς

2039 3681 2157 3749 τὴν
2183 3680 2436 3747 στερεὰν
2473 3677 2718 3744 πέτραν,
2748 3677 2816 3740 ἐξ
2839 3673 2914 3747 ἧς
2947 3678 3376 3746 ελατομήθητε,
3408 3677 3508 3732 καὶ
3539 3679 3630 3743 εὶς

2043 3767 2148 3820 τὸν
2177 3764 2446 3828 βόθυνον
2471 3760 2579 3813 τοῦ
2627 3759 2880 3823 λάκκου,
2918 3760 2987 3824 ἐξ
3037 3756 3108 3816 οὗ
3157 3761 3478 3829 ώρύχθητε.
3522 3761 3631 3813 Καὶ

2043 3848 2203 3902 πάλιν
2223 3863 2236 3877 ⁸
2271 3845 2638 3915 Ἐμϐλέψατε
2666 3847 2753 3910 εις
2784 3844 3038 3913 Ἀϐραὰμ
3061 3845 3166 3897 τὸν
3196 3844 3422 3914 πατέρα
3439 3844 3632 3914 ὑμῶν,

2043 3933 2143 3988 καὶ
2181 3934 2267 3998 εἰς
2296 3930 2533 3999 Σάρῤαν
2560 3929 2674 3997 τὴν
2715 3929 3056 3982 ὠδίνουσαν
3083 3928 3259 3998 ὑμᾶς,
3283 3931 3371 3982 ὅτι
3413 3925 3501 3995 εἷς
3531 3925 3629 4000 ἦν,

2046 4018 2144 4072 καὶ
2178 4016 2443 4070 ἐκάλεσα
2488 4017 2697 4080 αὐτόν,
2735 4013 2835 4066 καί
2885 4014 3131 4082 ήγίασα,
3181 4015 3278 4066 καὶ
3317 4013 3633 4081 ἐπλήθυνα

2045 4103 2252 4156 αὐτόν.
2288 4101 2352 4152 Ὃ
2391 4098 2446 4150 δέ
2493 4097 2659 4165 λέγει,
2703 4096 2941 4149 τοιοῦτόν
2977 4098 3153 4149 ἐστιν·
3187 4095 3322 4166 Οὐχὶ
3358 4095 3633 4168 βάρϐαρος

2039 4184 2112 4259 ἦν
2140 4187 2169 4238 0
2206 4184 2486 4254 Ἀϐραάμ
2528 4183 2649 4251 ούχὶ
2674 4181 2888 4249 ἄγονος,
2920 4182 3013 4235 καὶ
3046 4183 3112 4250 τῇ
3141 4180 3330 4253 ἡλικίᾳ
3358 4181 3634 4252 προϐεϐη-

2049 4269 2190 4335 κὼς;
2228 4269 2346 4337 οὐχὶ
2370 4269 2603 4334 γυναῖκα
2636 4260 2751 4335 εἶχε
2790 4265 2886 4316 καὶ
2914 4263 3002 4317 διὰ
3031 4265 3129 4334 τὴν
3161 4263 3376 4334 ἡλικίαν
3415 4265 3510 4318 καὶ
3546 4264 3635 4318 διὰ

2048 4355 2146 4423 τὴν
2168 4350 2326 4420 φύσιν
2353 4349 2488 4420 πρὸς
2518 4346 2861 4416 παιδογονίαν
2885 4347 3155 4418 ἄχρηστον
3174 4365 3190 4414 ;
3210 4348 3271 4416 ού
3297 4349 3636 4420 πανταχόθεν

2048 4436 2369 4504 ἀπέγνωστο
2401 4434 2470 4485 τὰ
2499 4435 2615 4485 κατ’
2655 4432 2856 4498 αὑτόν;
2891 4432 2956 4484 Τί
2985 4427 3111 4498 οὖν;
3145 4433 3266 4503 οὐχὶ
3297 4434 3390 4486 ἀπ’
3420 4434 3632 4487 ἐκείνου

2047 4523 2142 4578 τοῦ
2175 4523 2313 4586 ἐνὸς,
2347 4521 2441 4574 τοῦ
2468 4522 2688 4589 ἀγόνου,
2727 4520 2820 4573 τοῦ
2850 4521 3226 4592 γεγηρακότος
3257 4523 3356 4593 τὴν
3382 4521 3638 4590 οἰκουμέ-

2050 4624 2148 4676 νην
2176 4606 2469 4677 ὲπλήρωσα
2501 4605 2680 4658 πᾶσαν
2705 4622 2722 4671 ;
2749 4604 2814 4657 Τί
2844 4605 3024 4657 τοίνυν
3051 4603 3398 4676 θορυϐεῖσθε;
3436 4606 3499 4660 Εἰ
3527 4605 3638 4676 γάρ

2051 4695 2116 4746 ἐκ
2141 4690 2234 4744 τοῦ
2258 4690 2376 4754 ἐνὸς
2394 4689 2615 4752 δυνατὸς
2647 4688 2916 4760 ἐγενόμην
2938 4690 3035 4760 τὴν
3064 4691 3390 4762 οἰκουμένην
3415 4689 3639 4760 πληρῶ-

2054 4799 2167 4844 σαι,
2203 4778 2382 4850 πολλῴ
2415 4779 2615 4849 μᾶλλον
2659 4777 2716 4844 ἐξ
2755 4777 2910 4849 ὑμῶν
2943 4777 3051 4832 τῶν
3082 4779 3278 4847 ὀλίγων
3310 4780 3378 4833 τά
3412 4778 3640 4849 Ἱεροσό-

2052 4870 2202 4938 λυμα
2235 4866 2536 4938 πληρώσω.
2569 4866 2671 4918 Διά
2714 4866 2872 4920 τοῦτό
2911 4883 3108 4936 φησιν’
3148 4867 3518 4937 Ἐμϐλέψατε
3551 4869 3644 4932 εἰς

2052 4958 2170 5024 τὴν
2218 4955 2474 5025 στερεὰν
2509 4955 2734 5022 πέτραν
2757 4995 2772 5018 ,
2813 4953 2883 5019 ἐξ
2936 4950 3013 5024 ἧς
3056 4955 3462 5025 ἑλατομήθητε
3483 4970 3498 4983 ·
3552 4956 3644 5009 τὸν

2037 5080 2042 5084 -
2068 5043 2317 5116 Ἀϐραὰμ
2331 5044 2472 5096 οὕτω
2491 5042 2670 5096 καλῶν
2686 5060 2699 5073 ο
2723 5042 2821 5096 καὶ
2842 5041 2948 5095 τὸν
2963 5042 3234 5106 βόθυνον
3252 5043 3361 5097 τοῦ
3381 5043 3642 5108 λάκκου,

2056 5135 2124 5201 ἐξ
2151 5131 2222 5190 οὗ
2243 5134 2567 5203 ὡρύχθητε·
2588 5132 2686 5203 τὴν
2709 5131 2927 5205 Σάρραν
2947 5131 3120 5196 οὕτως
3139 5133 3442 5203 ὀνομάζων.
3458 5133 3645 5187 Καθά-

2060 5242 2167 5294 περ
2194 5225 2302 5296 γάρ
2327 5226 2356 5277 ὁ
2385 5224 2587 5285 λάκκος
2618 5221 2830 5274 οἴκοθεν
2861 5223 2962 5276 οὐκ
2987 5221 3098 5294 ἔχει
3143 5223 3304 5294 βρύον
3336 5223 3500 5295 ὕδωρ,
3528 5222 3646 5276 ἀλλ’

2061 5315 2126 5367 ἐκ
2161 5311 2269 5367 τῶν
2295 5309 2502 5366 ἀνωθεν
2525 5308 2696 5364 ὑετῶν
2721 5309 2968 5380 δέχεται·
3001 5311 3144 5363 οὕτω
3174 5311 3266 5365 καί¹
3293 5312 3475 5382 ἐκείνη
3507 5309 3646 5382 αὑτὴ

2060 5401 2266 5475 ἔρημος
2296 5396 2430 5454 οὖσα
2456 5399 2741 5470 δυνάμεως
2770 5399 3119 5470 γεννητικῆς,
3151 5399 3356 5467 ἀνωθεν
3385 5399 3488 5470 τὴν
3525 5399 3648 5452 ἐπι-

2127 5637 2152 5677 δ
2175 5637 2287 5688 Sav.
2311 5637 2360 5685 in
2382 5638 2826 5700 marg.pleniorem
2845 5638 2990 5686 affert
3007 5638 3271 5686 lectionem
3293 5637 3393 5686 sic:
3415 5639 3443 5686 ὁ
3463 5638 3516 5687 δὲ
3530 5654 3651 5700 προ-

2066 5701 2215 5764 φήτης
2237 5700 2412 5764 ἐκεῖνος
2433 5702 2459 5748 0
2482 5699 2643 5764 εἰπὼν,
2656 5701 2728 5748 ὅτι
2741 5701 2824 5764 ,Τά
2845 5700 2998 5764 ἄδηλα
3019 5701 3098 5746 καὶ
3118 5700 3178 5748 τὰ
3195 5699 3368 5764 κρύφια
3386 5705 3470 5758 τῆς
3482 5699 3651 5763 σοφίης

2069 5761 2160 5812 σου
2173 5763 2418 5830 ἐδήλωσάς
2441 5778 2539 5824 μοι,
2553 5763 2579 5809 0
2605 5761 2842 5830 τοσαύτης
2853 5761 3021 5825 σοφίας
3044 5761 3430 5826 πεπληρωμένος,
3445 5761 3648 5825 μέλλων.

2140 5839 2164 5866 e
2188 5823 2455 5886 Χρημάτων
2476 5825 2776 5889 περιφάνειαν
2795 5823 2920 5888 Reg.
