4112 6342
498 468 814 548 σηδειότητα
833 473 1038 542 ταύτην
1056 471 1214 526 ἔλαϐε
1231 486 1245 502 ·
1268 473 1362 527 καὶ
1385 473 1574 545 ὥσπερ
1599 474 1632 544 ἡ
1658 473 1834 543 πέτρα
1857 466 2069 542 καρπὸν

496 567 598 622 οὐκ
623 565 822 637 ἤνεγκέ
854 581 1005 627 ποτε,
1035 563 1209 628 οὕτως
1235 563 1359 618 οὔτε
1387 566 1416 617 6
1451 564 1702 635 Ἀϐραὰμ
1730 560 1842 627 οἷός
1872 580 1933 615 τε
1962 558 2028 633 ἦν
2050 578 2064 592 ·

497 659 615 715 ἀλλ’
649 658 762 724 ἑγὼ
791 658 936 727 ὑμᾶς
965 657 1177 710 ἐκεῖθεν
1215 657 1537 727 ὲξεκόλαψα.
1568 658 1662 711 καὶ
1693 658 1800 710 ἀπὸ
1832 656 1925 710 τοῦ
1953 655 2071 719 ἑνὸς

495 748 765 814 τοσαύτας
791 750 1066 819 ἐνέπλησα
1096 748 1298 820 χώρας.
1334 749 1433 802 Διά
1460 748 1619 802 τοῦτο
1660 750 1755 802 καὶ
1786 750 1876 802 τὸν
1914 749 2070 813 Ἰεζε-

500 842 626 914 κιὴλ
654 844 735 905 εἰς
764 842 825 895 τὸ
849 840 1030 894 πεδίον
1059 840 1265 909 ἐξάγει,
1300 841 1392 894 καὶ
1420 841 1689 894 δείκνυσιν
1717 839 1864 910 αὐτῷ
1897 839 2070 907 σωρὸν

498 934 706 998 ὀστῶν,
746 949 841 987 και
872 931 1231 1003 προιρητεύων
1266 933 1538 1003 ἀνίστησι,
1584 931 1654 985 τά
1702 933 1832 985 ὀστᾶ
1859 931 2072 993 δεικνὺς

498 1026 707 1091 αὐτοῖς,
738 1024 834 1078 καὶ
852 1023 1045 1092 λέγων,
1069 1024 1151 1077 ὅτι
1173 1025 1241 1077 El
1276 1022 1419 1089 τοὺς
1446 1023 1695 1091 νεκροὺς
1719 1023 1937 1093 ἐγεῖραι
1967 1021 2071 1075 δύ-

498 1132 700 1186 ναμαι,
726 1114 935 1181 πολλῷ
961 1112 1203 1184 μᾶλλον
1227 1107 1384 1183 ὑμᾶς
1422 1114 1566 1180 τοὺς
1592 1111 1811 1180 ζῶντας
1848 1114 2072 1182 ἀνατα-

501 1203 649 1274 τεῖν.
716 1204 942 1257 Ἐκεῖνοι
988 1205 1088 1273 μὲν
1136 1203 1340 1267 οὕτως·
1399 1205 1430 1257 ό
1484 1203 1543 1256 δὲ
1585 1204 1869 1274 προφήτης
1918 1198 2071 1268 οὗτος

501 1295 620 1359 πῶς
640 1295 1060 1360 ;Ἐπίστευσα,
1082 1294 1174 1348 διὸ
1191 1294 1488 1363 ἐλάλησα.
1508 1294 1767 1348 Τουτὲστι
1780 1311 1795 1325 ·
1827 1294 2073 1359 Πίστεως

500 1385 659 1457 χρεία
695 1390 830 1457 πρὸς
860 1386 930 1440 τά
964 1385 1411 1456 ἐπαγγελλόμενα
1432 1400 1446 1414 ·
1485 1385 1581 1439 καὶ
1610 1386 1720 1457 γάρ
1752 1384 1863 1455 εγὼ
1897 1384 2076 1440 ταῦτα

502 1478 720 1538 ἑννοῶν,
751 1478 846 1530 καὶ
888 1475 1357 1547 ἀναλογιζόμενος,
1389 1477 1482 1530 καὶ
1511 1476 1611 1548 τὴν
1642 1477 1824 1531 πίστιν
1849 1479 2073 1546 εἰσαγα-

501 1568 636 1636 γὼν,
656 1569 833 1622 πάντα
855 1567 1082 1638 θόρυϐον
1109 1568 1394 1639 ἐξήγαγον,
1422 1568 1481 1620 Ὃ
1495 1568 1674 1622 τοίνυν
1693 1568 1903 1633 Παῦλος
1917 1568 2074 1623 τοῦτό

502 1676 689 1732 φησιν,
717 1661 798 1714 ὅτι
839 1661 933 1714 καὶ
973 1664 1031 1712 ὲν
1066 1662 1180 1723 τοῖς
1208 1660 1498 1732 ἡμετέροις
1522 1662 1637 1724 τοῖς
1676 1662 1952 1734 αἰσθητοῖς
1979 1662 2075 1716 καὶ

500 1751 795 1822 ὁρωμένοις
822 1750 1049 1820 ἀγαθοῖς
1086 1749 1321 1815 πίστεως
1355 1751 1534 1822 χρεία.
1570 1751 1633 1805 El
1664 1750 1722 1805 δὲ
1760 1752 1819 1804 ἑν
1845 1753 1957 1814 τοῖς
1984 1752 2073 1804 αἰ·-

505 1840 741 1912 σθητοῖς,
783 1839 964 1909 πολλῷ
1004 1839 1205 1911 μᾶλλον
1237 1843 1295 1894 ἑν
1325 1843 1436 1904 τοῖς
1473 1842 1699 1912 νοεροῖς.
1739 1840 1804 1893 Εί
1831 1841 1941 1911 γὰρ
1987 1840 2077 1895 ἵνα

501 1932 923 1999 καταδέξωνται,
943 1933 1024 1986 ὅτι
1051 1932 1150 2003 τὴν
1176 1931 1331 1985 πόλιν
1358 1931 1726 2002 ἀπολήψονται
1750 1931 1850 2003 τὴν
1873 1929 2072 1995 αὐτῶν,

504 2020 740 2085 πίστεως
769 2022 953 2083 αὐτοῖς
983 2020 1170 2091 ἐδέησε
1194 2036 1209 2051 ·
1239 2020 1419 2091 πολλῷ
1451 2021 1651 2091 μᾶλλον
1684 2022 1816 2092 ἡμῖν
1842 2023 1956 2086 τοῖς
1985 2022 2076 2076 τὸν

504 2110 732 2181 οὐρανὸν
758 2110 1139 2181 ἀναμένουσιν.
1163 2110 1334 2163 Ὅταν
1360 2109 1467 2180 γὰρ
1498 2111 1640 2181 μέγα
1666 2127 1719 2164 τι
1751 2108 1811 2183 ᾗ,
1858 2109 1952 2163 καὶ
1978 2109 2077 2181 τὴν

503 2202 741 2256 διάνοιαν
765 2200 1112 2272 ὑπερϐαῖνον,
1136 2201 1232 2255 καὶ
1253 2200 1528 2271 λογισμῶν
1553 2199 1843 2273 ἀνώτερον,
1872 2201 2077 2270 ταύτην

503 2292 584 2345 δεῖ
612 2290 1083 2364 παραλαμϐάνειν,
1101 2291 1239 2346 ἀλλά
1264 2292 1340 2363 μὴ
1359 2294 1425 2363 τῇ
1448 2290 1766 2365 ἀνθρωπίνῃ
1786 2290 2079 2363 ἀκολουθίᾳ

502 2382 571 2436 τά
593 2383 895 2454 πράγματα
923 2380 1215 2447 ἐξετάζειν.
1241 2382 1305 2436 Ἦ
1324 2382 1431 2453 γάρ
1456 2381 1549 2436 τοῦ
1579 2379 1714 2436 Θεοῦ
1742 2380 2085 2455 θαυματουρ-

502 2474 599 2542 γία
634 2474 850 2528 πάντων
887 2473 1091 2529 τούτων
1136 2473 1404 2545 ἀνωτέρα.
1443 2473 1606 2528 ’Ὥστε
1660 2474 1755 2528 καὶ
1798 2473 1889 2528 διὰ
1921 2474 2079 2529 τοῦτο

501 2564 949 2636 ἑπιστομίζοντας
980 2566 1105 2629 τοὺς
1131 2565 1423 2636 λογισμοὺς
1445 2564 1580 2635 πρὸς
1605 2564 1703 2635 τὴν
1735 2565 1917 2618 πίστιν
1945 2568 2080 2620 ἀνα-

502 2655 849 2729 τρέχεινδεῖ,
874 2657 970 2711 καὶ
1001 2656 1246 2722 δοξάζειν
1270 2658 1363 2711 τὸν
1390 2656 1543 2711 Θεόν.
1575 2657 1635 2712 Ὀ
1662 2656 1771 2729 γάρ
1800 2657 2080 2729 λογισμοῖς

504 2747 823 2817 φιλονεικῶν
860 2749 929 2803 τά
966 2748 1179 2801 ἐκείνου
1217 2748 1515 2820 εὑρίσκειν,
1546 2748 1607 2802 οὐ
1644 2746 1857 2813 δοξάζει
1892 2748 2074 2815 αὑτὸν,

501 2843 569 2914 τῇ
597 2841 706 2895 τῶν
742 2841 956 2895 οἰκείων
998 2840 1274 2910 λογισμῶν
1316 2840 1665 2911 ταπεινότητι
1707 2840 1809 2905 τὰς
1838 2840 2079 2911 ἀφάτους

500 2933 812 3002 οἰκονομίας
830 2932 995 2987 αὑτοῦ
1022 2931 1310 2987 ὑποϐαλεῖν
1329 2944 1354 2972 ι
1384 2931 1725 3004 βουλόμενος.

576 3114 639 3182 β’.
667 3114 759 3167 Διὸ
786 3113 914 3184 περὶ
940 3110 1035 3166 τοῦ
1085 3110 1336 3183 Ἀϐραὰμ
1362 3110 1742 3182 διαλεγόμενος
1770 3112 1799 3165 6
1845 3108 2077 3176 Παῦλος,

497 3206 687 3280 ἐπειδὴ
717 3207 792 3278 μὴ
818 3203 978 3259 τοῦτο
1005 3204 1282 3274 εποίησεν,
1312 3201 1426 3256 ἀλλ’
1451 3202 1779 3273 ἰπιτιμήσας
1800 3204 1910 3264 τοὶς
1940 3201 2080 3271 λογι-

499 3301 675 3370 σμοῖς,
724 3296 860 3369 πρὸς
887 3294 986 3367 τὴν
1021 3295 1252 3367 δύναμιν
1283 3289 1391 3348 εἶδε
1424 3291 1517 3347 τοῦ
1559 3291 2032 3363 ἐπαγγειλαμένου
2054 3326 2075 3357 ,

500 3386 651 3461 [510]
669 3389 750 3442 ὅτι
767 3387 926 3440 τοῦτο
954 3384 1186 3457 μάλιστα
1213 3384 1432 3448 ἐδόξατε
1468 3383 1561 3438 τὸν
1593 3382 1747 3449 Θεὸν,
1782 3383 1950 3452 λέγει’
1972 3384 2077 3450 Είς

500 3481 613 3550 γὰρ
658 3479 773 3548 τὴν
817 3477 1184 3548 ἐπαγγελίαν
1222 3475 1331 3532 τοῦ
1386 3473 1533 3529 Θεοῦ
1580 3476 1652 3529 οὺ
1698 3474 1958 3543 διεκρίθη
2000 3472 2076 3542 τῇ

500 3570 772 3638 ἀπιστίᾳ,
793 3567 928 3625 ἀλλῗ
944 3567 1362 3637 ἐνεδυναμώθη
1390 3563 1464 3636 τῇ
1484 3565 1704 3631 πίστει,
1725 3563 1870 3631 δοὺς
1888 3563 2078 3632 δόξαν

499 3659 583 3727 τῷ
613 3658 754 3726 Θεῷ,
784 3660 884 3713 καί
918 3658 1414 3728 πληροφορηθεὶς,
1451 3657 1541 3712 ὅτι
1581 3657 1613 3711 ὃ
1657 3658 2074 3728 ἐπηγγείλατο,

499 3752 761 3818 δυνατός
796 3751 927 3806 ἐστι
958 3750 1058 3811 καὶ
1101 3748 1370 3819 ποιῆσαι.
1401 3747 1467 3802 Τί
1508 3746 1567 3801 δέ
1594 3749 1761 3813 ἑστιν,
1796 3750 2077 3818 Ἔχοντες

501 3844 572 3898 δὲ
604 3845 668 3899 τὸ
692 3842 840 3897 αὐτὸ
866 3841 1109 3911 Πνεῦμα
1128 3840 1238 3910 τῆς
1259 3841 1517 3907 πίστεως
1545 3842 1697 3893 κατὰ
1723 3839 1791 3893 τὸ
1826 3855 2077 3910 γεγραμ-

500 3937 687 4008 μένον
710 3951 725 3967 ο
768 3936 1164 4000 Ἐπίστευσα,
1221 3931 1313 3986 διὸ
1367 3931 1680 4000 ἐλάλησα·
1747 3931 1847 3985 καί
1907 3931 2078 4001 ἡμεῖς

503 4028 884 4098 πιστεύομεν,
924 4024 1017 4080 διὸ
1045 4025 1145 4083 καὶ
1173 4024 1520 4094 λαλοῦμεν;

575 4207 735 4275 Μέγα
777 4222 830 4259 τι
881 4205 1177 4276 μυστήριον
1221 4204 1352 4274 ἡμῖν
1395 4201 1628 4257 ἐνταῦθα
1680 4200 2077 4257 ἀποκαλύπτει.

504 4304 665 4358 Ποῖον
687 4302 753 4374 δὴ
776 4301 969 4367 τοῦτο;
1004 4301 1127 4355 Ὅτι
1158 4298 1253 4353 τοῦ
1288 4297 1453 4353 αὑτοῦ
1488 4297 1802 4369 Πνεύματος
1835 4298 1869 4368 ὴ
1902 4298 2079 4369 Καινὴ

507 4397 605 4450 καὶ
648 4397 683 4466 ἡ
728 4393 961 4458 Παλαιὰ,
994 4393 1089 4448 καὶ⁸
1135 4393 1195 4445 τὸ
1225 4391 1357 4444 αὐτὸ
1388 4389 1642 4461 Πνεῦμα,
1687 4390 1748 4443 :6
1793 4391 1851 4443 ἑν
1895 4389 2081 4463 ἐκείνῃ

509 4484 903 4559 φθεγξάμενον,
937 4485 1033 4539 καὶ
1066 4482 1298 4538 ἐνταῦθα
1323 4482 1573 4554 ὲλάλησε,
1602 4483 1697 4537 καὶ
1722 4483 1803 4536 ὃτι
1832 4484 1865 4548 ἡ
1896 4483 2081 4547 πίστις

509 4580 727 4635 πάντων
746 4579 864 4631 ἐστὶ
878 4575 1218 4640 διδάσκαλος,
1243 4577 1335 4631 καὶ
1352 4574 1485 4629 ταῦτ
1496 4592 1554 4646 ης
1571 4573 1701 4628 ἄνευ
1722 4575 1841 4629 οὐδὲ
1856 4572 2082 4646 λαλῆσαί

507 4683 563 4723 τι
591 4665 886 4736 δυνάμεθα.
912 4665 1021 4720 Καί
1045 4665 1216 4735 ἡμεῖς
1246 4666 1374 4737 γὰρ,
1401 4665 1556 4737 φησι,
1578 4665 1960 4735 πιστεύομεν,
1990 4663 2082 4719 διὸ

509 4760 609 4815 καὶ
626 4759 1061 4829 λαλοῦμεν.“Αν
1078 4757 1187 4829 γὰρ
1215 4755 1418 4827 ταύτην
1441 4756 1655 4827 ἀνέλῃς,
1674 4757 1798 4812 οὐδὲ
1823 4756 2081 4823 διανοῖξαι

508 4852 571 4906 τὸ
604 4851 780 4922 στόμα
805 4849 1049 4904 δυνατόν.
1078 4848 1189 4903 Καὶ
1214 4846 1303 4903 διὰ
1327 4848 1381 4900 τί
1411 4846 1485 4919 μὴ
1527 4842 1708 4913 εἶπεν,
1743 4848 1995 4919 Ἔχοντες
2027 4847 2082 4900 δὲ

509 4945 609 5017 τὴν
629 4943 796 5015 αὐτὴν
821 4942 1022 5005 πίστιν,
1043 4940 1178 5004 ἀλλ’,
1196 4941 1478 5010 Ἔχοντες
1507 4938 1576 4994 δὲ
1595 4939 1662 4994 τὸ
1680 4940 1824 4994 αὐτύ
1840 4939 2084 5008 Πνεῦμα

510 5033 623 5103 τῆς
644 5034 934 5098 πίστεως;
968 5030 1153 5085 Ταῦτά
1183 5048 1242 5083 τε
1265 5030 1333 5085 τά
1358 5030 1622 5102 εἰρημένα
1647 5029 1842 5102 δηλῶν,
1864 5030 1960 5084 καὶ
1977 5030 2085 5084 δει-

511 5127 665 5191 κνὺς,
693 5126 776 5180 ὅτι
806 5125 907 5195 τῆς
934 5123 1027 5178 τοῦ
1064 5123 1381 5193 Πνεῦματος
1411 5123 1569 5194 χρεία
1603 5122 1869 5195 χορηγίας
1906 5125 1986 5187 είς
2021 5121 2084 5176 τὸ

513 5218 778 5289 ἀναϐῆναι
807 5216 943 5287 πρὸς
971 5214 1034 5269 :6
1066 5213 1199 5285 ὕψος
1230 5216 1329 5286 τῆς
1374 5214 1637 5279 πίστεως,
1676 5217 1770 5269 καὶ
1802 5216 1910 5270 τῶν
1940 5214 2086 5283 λογι-

515 5307 668 5380 σμῶν
715 5307 813 5379 τὴν
850 5305 1131 5360 ἀσθένειαν
1174 5305 1461 5377 ἀτιμάσαι.
1519 5306 1610 5360 Διὸ
1655 5307 1751 5360 καὶ
1782 5305 2015 5377 ἀλλαχοῦ
2056 5307 2087 5361 6

513 5401 675 5464 αὐτός
697 5415 881 5471 φησιν·
924 5396 1188 5464 Ὲκάστφ
1210 5396 1280 5450 δὲ
1302 5396 1343 5464 ἡ
1369 5398 1700 5467 φανέρωσις
1728 5396 1958 5452 δίδοται
1978 5396 2084 5453 τοῦ

551 5721 581 5751 ⁸
611 5719 760 5770 Savil.
778 5720 1033 5770 ὑπολαϐεῖν
1044 5720 1221 5778 habet;
1251 5720 1341 5770 sed
1361 5724 1500 5770 recte
1520 5720 1791 5831 805911081113
1813 5728 1893 5773 cst
1911 5722 2085 5787 legen-

551 5794 630 5831 ιιῑη
648 5793 760 5831 esse
776 5782 1044 5831 ὑποϐαλεῖν.
1067 5787 1119 5831 ul
1138 5781 1289 5831 habet
1307 5779 1460 5831 editio
1477 5778 1613 5831 Mor:
1655 5783 1689 5831 i.

510 5785 630 5835 01m
648 5793 760 5834 esse
776 5782 1044 5846 ὑποϐαλεῖν,
1067 5787 1119 5833 ul
1138 5781 1289 5833 habet
1307 5779 1460 5835 editio
1477 5778 1689 5835 mctalli.
1788 5839 1794 5846 ,

1192 356 1251 414 S.
1291 356 1577 413 JOANNIS
1613 346 2113 413 CIIRYSOSTOHI
2143 347 2462 406 ARCHIEP.
2500 348 3049 409 CONSTANTINOP.

3638 350 3747 407 δυ

2179 466 2522 535 Πνεύματος
2549 466 2696 535 πρὸς
2716 466 2784 520 τὸ
2805 466 3134 537 συμφέρον.
3162 460 3236 538 ’ῼ
3255 466 3373 537 μὲν
3391 466 3498 538 γὰρ
3515 466 3614 523 διὰ
3637 465 3747 521 τοῦ

2174 556 2519 624 Πνεύματος
2538 557 2765 612 δίδοται
2800 560 2983 627 λόγος
3007 559 3250 627 σοφίας,
3281 559 3459 626 ἑτέρῳ
3480 557 3548 611 δὲ
3565 558 3750 628 λόγος

2176 645 2470 715 γνώσεως,
2491 648 2658 712 ἄλλῳ
2682 647 2750 702 δὲ
2773 650 3001 716 πίστις,
3021 650 3187 716 ἄλλῳ
3214 651 3556 720 χαρίσματα
3577 647 3748 718 ἰαμά-

2175 753 2311 792 των.
2356 738 2495 792 Ἀλλ’
2526 737 2657 803 ἴσως
2695 740 2838 795 εἴποι
2865 757 2949 805 τις
2986 740 3075 806 ἂν,
3103 743 3241 815 ὅπερ
3276 737 3370 796 οὖν
3411 742 3506 796 καὶ
3551 741 3748 813 ἀληθές

2177 829 2344 891 ἑστιν,
2366 829 2448 882 ὅτι
2478 830 2672 901 ἑτέραν
2689 831 2871 886 πίστιν
2890 834 3043 904 φησὶ,
3065 833 3132 886 δι’
3151 831 3219 907 ἦς
3238 833 3494 905 θαύματα
3516 833 3744 902 ἐγίνετο.

2177 915 2308 970 Οἶδα
2341 919 2434 972 καὶ
2468 918 2599 987 ἑγὼ,
2632 921 2714 975 ὃτι
2740 921 2903 993 ἑτέρα
2930 923 3134 995 ἐκείνη,
3156 925 3285 996 περὶ
3309 921 3378 996 ἦς
3408 925 3502 977 καὶ
3529 924 3580 977 οί
3611 922 3747 977 ἀπό-

2179 1004 2355 1060 στολοι
2383 1007 2587 1078 ελεγον·
2612 1012 2880 1078 Πρόσθες
2899 1011 3045 1081 ἡμῖν
3064 1014 3293 1067 πίστινο
3320 1013 3483 1086 ἑτέρα
3503 1015 3560 1067 δὲ
3583 1014 3746 1086 αῦτη,

2177 1096 2300 1151 καθ’
2325 1098 2394 1169 ἢν
2419 1101 2617 1164 πάντες
2645 1101 2813 1172 ἑσμὲν
2848 1103 3050 1169 πιστοὶ,
3082 1106 3283 1177 σημεῖα
3318 1105 3416 1176 μὲν
3439 1107 3500 1159 06
3533 1105 3751 1160 ποιοῦν-

2176 1204 2288 1252 τες,
2331 1189 2429 1260 τὴν
2454 1189 2511 1243 δὲ
2538 1192 2738 1260 γνῶσιν
2767 1192 2980 1264 ἔχοντες
3012 1195 3111 1268 τῆς
3145 1195 3448 1261 εὐσεϐείας
3487 1196 3627 1252 ἀλλά
3654 1197 3750 1251 καὶ

2178 1280 2412 1335 ἐνταῦθα
2429 1283 2527 1354 τῆς
2559 1284 2651 1338 τοῦ
2674 1285 2984 1358 Πνεῦματος
3013 1287 3172 1360 χρεία
3194 1289 3464 1361 βοηθείας.
3494 1290 3608 1345 Καὶ
3639 1291 3750 1363 γὰρ

2178 1373 2307 1444 περί
2328 1392 2468 1439 τινος
2496 1377 2526 1429 6
2560 1376 2774 1441 Λουκᾶς
2798 1379 3019 1450 γράφει,
3048 1380 3131 1434 ὅτι
3164 1380 3436 1451 Διήνοιξε
3465 1380 3578 1451 τὴν
3611 1400 3753 1453 καρι-

2178 1467 2318 1522 δίαν
2342 1468 2553 1537 αὐτῆς,
2592 1468 2700 1524 τοῦ
2725 1471 3050 1540 προσέχειν
3094 1472 3219 1540 τοῖς
3256 1473 3601 1544 λεγομένοις
3630 1474 3753 1530 ὑπὸ

2179 1559 2288 1615 τοῦ
2317 1561 2579 1616 Παύλου.
2614 1561 2725 1615 Καὶ
2760 1563 2789 1615 6
2818 1564 3070 1635 Χριστόςο
3107 1564 3317 1631 Οὐδείς
3341 1565 3576 1636 ἔρχεται
3603 1568 3754 1638 πρός

2173 1668 2272 1721 με,
2305 1652 2414 1706 ἐὰν
2427 1652 2514 1722 μὴ
2549 1657 2582 1708 ό
2613 1652 2814 1722 Πατὴρ
2842 1655 3076 1725 ἐλκύσῃ
3100 1659 3304 1712 αὐτόν.
3339 1658 3548 1713 Οὐκοῦν
3580 1663 3630 1714 εἰ
3656 1661 3753 1717 τοῦ

2181 1742 2315 1797 Θεοῦ
2364 1745 2479 1797 ἐστι
2500 1743 2656 1799 τοῦτο
2676 1785 2691 1810 ,
2740 1746 2794 1800 τί
2848 1747 3252 1819 ἁμαρτάνουσιν
3278 1749 3327 1802 οἱ
3360 1749 3713 1814 ἀπιστοῦντες
3733 1790 3750 1815 ,

2185 1836 2322 1907 μήτε
2357 1835 2451 1890 τοῦ
2485 1836 2800 1909 Πνεύματος
2828 1838 3181 1910 βοηθοῦντος,
3226 1842 3363 1912 μήτε
3403 1842 3497 1897 τοῦ
3540 1844 3755 1916 Πατρὸς

2182 1924 2451 1990 ἑλκοντος,
2494 1929 2630 1998 μήτε
2661 1927 2755 1982 τοῦ
2790 1928 2919 1982 Υἱοῦ
2951 1930 3306 2002 όδηγοῦντος;
3341 1934 3452 1988 Καὶ
3487 1933 3594 2007 γάρ
3627 1937 3756 2008 περὶ

2183 2017 2377 2071 ἑαυτοῦ
2415 2035 2599 2089 φησιν·
2652 2019 2792 2089 Ἐγώ
2825 2023 2944 2092 ειμι
2992 2024 3032 2092 ἠ
3078 2022 3240 2090 ὁδός.
3283 2023 3453 2078 Τοῦτο
3505 2026 3564 2080 δὲ
3608 2026 3754 2096 λέγει

2183 2109 2419 2177 δεικνὺς,
2449 2113 2532 2167 ὃτι
2561 2114 2724 2168 αὐτοῦ
2754 2116 2912 2187 χρεία
2943 2118 3021 2182 εἰς
3050 2116 3111 2170 τὸ
3140 2121 3516 2193 προσαχθῆναι
3545 2121 3620 2193 τῷ
3643 2124 3758 2178 Πα-

2183 2202 2292 2272 τρί.
2329 2203 2392 2257 Εί
2416 2204 2595 2258 τοίνυν
2619 2207 2647 2259 6
2678 2206 2865 2280 Πατὴρ
2890 2208 3058 2275 ἑλκει,
3096 2209 3126 2263 6
3150 2209 3276 2275 Υἱὸς
3319 2217 3666 2284 χειραγωγεῖ,
3692 2215 3756 2269 :6

2185 2294 2408 2365 Πνεῦμα
2437 2296 2681 2366 φωτίζει,
2703 2298 2756 2352 τί
2784 2301 3186 2373 ἁμαρτάνουσιν
3211 2305 3261 2356 οἱ
3294 2305 3432 2375 μήτε
3462 2306 3755 2360 ἑλκυσθέν-

2183 2399 2295 2448 τες,
2330 2387 2468 2457 μήτε
2497 2389 3018 2461 χειραγωγηθέντες,
3043 2393 3179 2464 μήτε
3205 2394 3602 2465 φωτισθέντες;
3632 2397 3756 2452 ’Ότι

2189 2476 2264 2545 μὴ
2295 2477 2623 2548 παρέχουσιν
2650 2478 2833 2544 ἀξίους
2870 2482 3097 2547 ἑαυτοὺς
3131 2483 3224 2537 τοῦ
3262 2483 3467 2557 ταύτην
3494 2485 3759 2552 δέξασθαι

2185 2567 2284 2639 τὴν
2320 2567 2604 2639 έλλαμψιν.
2633 2570 2776 2643 ’Ὀρά
2817 2572 2947 2639 γοῦν
2989 2574 3081 2627 ἐπὶ
3121 2573 3216 2627 τοῦ
3257 2576 3557 2648 Κορνηλίου
3598 2577 3758 2632 τοῦτο

2188 2659 2418 2730 συμϐάνο
2447 2662 2508 2714 οὐ
2539 2662 2648 2733 γὰρ
2680 2663 2891 2718 οἴκοθεν
2919 2665 3125 2729 ἐκεῖνος
3159 2665 3319 2719 τοῦτο
3356 2662 3535 2739 εὗρεν,
3575 2668 3688 2723 ἀλλ’
3724 2672 3757 2723 6

2185 2750 2317 2816 Θεὸς
2340 2752 2502 2808 αὐτὸν
2534 2753 2814 2820 ἐκάλεσεν,
2842 2756 3030 2829 ἐπειδὴ
3056 2757 3365 2831 προλαϐὼν,
3396 2760 3588 2814 ἑαυτὸν
3605 2760 3757 2829 ἄξιον

2185 2843 2584 2914 παρεσκεύασε.
2626 2845 2727 2900 Διά
2760 2845 2825 2919 δὴ
2863 2847 3023 2902 τοῦτο
3060 2851 3155 2903 καῖ⁹
3192 2851 3221 2902 ὁ
3259 2851 3469 2917 Παῦλος
3507 2853 3635 2926 περὶ
3664 2854 3758 2907 πί-

2189 2950 2359 2999 στεως
2391 2935 2767 3008 διαλεγόμενος
2791 2938 2967 3009 ἑλεγεο
2987 2940 3097 2995 Καὶ
3132 2941 3306 2997 τοῦτο
3330 2945 3444 2997 οὐκ
3469 2943 3539 3008 ἐξ
3567 2944 3755 3014 ὑμῶν,

2189 3026 2337 3080 Θεοῦ
2388 3028 2454 3081 τὸ
2481 3026 2693 3097 δῶρον.
2741 3030 2816 3084 Οὐ
2859 3030 2958 3102 μὲν
3006 3031 3211 3104 ἔρημόν
3256 3050 3317 3087 σε
3357 3034 3756 3107 καταλιμπάνει

2187 3116 2645 3189 κατορθωμάτων.
2675 3120 2739 3173 Εί
2768 3120 2878 3192 γὰρ
2910 3120 3073 3175 αὐτοῦ
3104 3126 3220 3177 ἑστι
3269 3123 3333 3177 :6
3379 3124 3605 3180 ἑλκύσαι
3657 3126 3757 3182 καὶ

2188 3208 2436 3276 ὲπαγαγέ
2448 3208 2584 3262 ιθαι·
2616 3209 2730 3264 ἀλλ’
2751 3211 2899 3282 ὅμως
2927 3213 3021 3266 καὶ
3039 3212 3217 3284 ψυχὴν
3241 3215 3467 3287 εὐπειθῆ
3485 3216 3754 3289 ἐπιζητεῖ,

2188 3298 2279 3352 καὶ
2310 3300 2427 3352 τότε
2456 3301 2554 3372 τὴν
2584 3302 2711 3374 παρ’
2745 3302 2938 3357 ἑαυτοῦ
2970 3303 3286 3375 συμμαχίαν
3313 3305 3544 3375 εἰσάγει.

2256 3533 2350 3588 Δ.ὸ
2373 3533 2463 3587 καὶ
2491 3532 2725 3605 ἀλλαχοῦ
2748 3550 2880 3604 φησι
2902 3534 3132 3599 Παῦλος·
3162 3532 3289 3601 Τοῖς
3304 3534 3452 3589 κατὰ
3469 3537 3755 3605 πρόθεσιν

2184 3624 2429 3695 κλητοῖς
2456 3621 2656 3683 οὖσιν.
2691 3625 2766 3680 Οὐ
2803 3626 2912 3699 γὰρ
2937 3626 3002 3700 δὴ
3025 3626 3344 3701 ἠναγκάσθη
3379 3630 3451 3685 τά
3487 3629 3586 3701 τῆς
3621 3632 3752 3702 ἀρε⁶

2183 3719 2282 3789 τῆς
2307 3718 2402 3773 καὶ
2434 3720 2533 3790 τῆς
2564 3719 2836 3791 σωτηρίας
2870 3718 3021 3792 [3H]
3057 3719 3233 3791 ἡμῶν.
3298 3720 3439 3775 Ἀλλ’
3470 3722 3520 3775 εί
3567 3723 3664 3776 καὶ
3691 3722 3755 3775 :6

2185 3810 2347 3865 πλέον
2378 3811 2541 3865 αὐτοῦ
2568 3813 2707 3876 ἐστι,
2733 3812 2917 3882 σχεδὸν
2944 3810 3001 3865 δὲ
3035 3811 3131 3864 καὶ
3150 3811 3213 3864 τὸ
3240 3812 3367 3874 πᾶν,
3396 3812 3550 3882 ὅμως
3573 3812 3755 3884 ἀφῆκέ

2184 3918 2239 3955 τι
2260 3902 2356 3956 καὶ
2380 3903 2512 3974 ἡμῖν
2541 3902 2754 3974 μικρὸν,
2801 3900 2943 3955 ὥστε
2981 3902 3075 3956 καὶ
3118 3902 3474 3974 εὐπρόσωπον
3503 3903 3757 3971 γενέσθαι

2183 3993 2294 4047 τῶν
2328 3993 2607 4062 στεφάνων
2645 3993 2745 4064 τὴν
2782 3993 3074 4064 πρόφασιν.
3113 3991 3214 4046 Διά
3247 3992 3311 4064 δὴ
3357 3993 3516 4047 τοῦτο
3546 3994 3754 4058 Παῦλος

2185 4085 2374 4139 εἰπών·
2397 4087 2683 4154 Ἔχοντες
2710 4085 2780 4139 δὲ
2809 4084 2876 4139 τὸ
2894 4083 3042 4139 αὐτὸ
3066 4084 3307 4154 Πνεῦμα
3326 4084 3434 4153 τῆς
3463 4085 3719 4152 πίστεως
3735 4123 3753 4149 ,

2185 4179 2467 4242 τουτέστι,
2500 4178 2563 4231 :6
2605 4178 2701 4233 καὶ
2736 4178 2796 4232 ἐν
2835 4181 2901 4250 τῇ
2933 4178 3146 4250 Παλαιᾷ
3184 4177 3442 4249 λαλῆσαν,
3475 4179 3720 4251 ἐπήγαγε
3739 4194 3755 4209 ο

2187 4270 2298 4326 Καὶ
2325 4270 2495 4341 ἡμεῖς
2529 4272 2911 4341 πιστεύομεν,
2941 4269 3035 4325 διὸ
3075 4270 3174 4326 καί
3200 4271 3527 4343 λαλοῦμεν.
3570 4271 3756 4344 Πολλῷ

2190 4361 2297 4434 γάρ
2327 4361 2527 4433 μᾶλλον
2569 4361 2803 4417 ἐνταῦθα
2834 4362 3071 4426 πίστεως
3110 4363 3288 4435 χρεία,
3329 4364 3364 4436 ἢ
3400 4366 3535 4428 ὶκεῖ,
3574 4365 3664 4421 διά
3696 4382 3758 4420 τε

2187 4452 2287 4523 τὴν
2333 4449 2496 4521 φύσιν
2529 4450 2641 4506 τῶν
2686 4452 3027 4521 ἐπαγγελιῶν
3061 4454 3293 4526 ἀόρατόν
3344 4472 3404 4509 τε
3448 4451 3614 4512 οὖσαν
3662 4455 3759 4513 καὶ

2189 4543 2522 4615 περάν,’διά
2548 4561 2609 4598 τε
2643 4543 2743 4616 τὴν
2768 4544 2921 4612 τάξιν
2950 4545 3059 4598 τῶν
3086 4545 3313 4618 καιρῶν.
3353 4548 3426 4602 Οὐ
3459 4549 3567 4620 γάρ
3601 4551 3661 4604 ἑν
3679 4548 3760 4621 τῷ

2191 4635 2425 4706 παρόντι
2473 4637 2594 4709 βίῳ,
2641 4637 2757 4692 ἀλλ’
2793 4638 2851 4691 ὲν
2884 4636 2961 4709 τῷ
2989 4638 3235 4710 μέλλοντι
3281 4636 3349 4712 ἦν
3375 4640 3446 4695 τὰ
3475 4641 3681 4695 ἔπαθλα
3704 4643 3754 4697 1³.

2189 4725 2406 4780 Μᾶλλον
2444 4726 2501 4779 δὲ
2532 4726 2629 4780 καὶ⁵
2661 4728 2800 4801 ὑπὲρ
2840 4728 2950 4782 τῶν
2979 4728 3263 4801 παρόντων
3300 4729 3535 4796 πίστεως
3561 4730 3722 4802 χρεία
3734 4738 3755 4764 ”

2191 4820 2416 4891 καὶγὰρ
2451 4818 2591 4875 αὐτὰ
2612 4820 2680 4874 τά
2704 4820 2954 4892 διδόμενα
2993 4821 3227 4886 πίστεως
3266 4821 3437 4876 ἑδεῖτο
3465 4824 3560 4878 καὶ
3593 4826 3651 4877 ὲν
3683 4823 3760 4896 τῷ

2190 4909 2450 4974 δίδοσθαι,
2493 4911 2530 4983 ἦ
2575 4927 2636 4964 τε
2685 4910 2795 4964 τῶν
2835 4913 3146 4985 μυστηρίων
3198 4914 3488 4983 κοινωνία,
3547 4916 3642 4970 τοῦ
3698 4933 3762 4971 τε

2193 4999 2565 5071 βαπτίσματος
2591 5002 2625 5072 ἡ
2654 5000 2849 5073 δωρεά.
2873 5002 3028 5057 Οῦτω
3054 5005 3229 5059 πάντα
3251 5004 3408 5075 λόγου
3439 5007 3763 5078 ὑπερέϐαινα

2190 5094 2300 5149 τῶν
2331 5095 2552 5165 ἀγαθῶν
2581 5097 2615 5170 ἡ
2645 5096 2889 5168 δύναμις.
2916 5099 2980 5152 El
3004 5099 3181 5154 τοίνυν
3208 5099 3268 5153 ἑν
3293 5102 3408 5164 τοῖς
3434 5102 3762 5172 παχυτάτοις

2192 5189 2422 5254 ἐκείνοις
2451 5191 2546 5245 καὶ
2574 5189 2850 5262 αἰσθητοῖς
2883 5190 3118 5256 πίστεως
3162 5190 3302 5257 ἔδει,
3348 5192 3528 5264 πολλῷ
3561 5192 3763 5264 μᾶλλον

2194 5280 2449 5337 ἐνταῦθα.
2494 5282 2629 5336 mw
2670 5284 2704 5354 ἠ
2752 5283 2850 5353 μὲν
2876 5283 3204 5354 ἀποστολικὴ
3244 5283 3388 5351 λέξις
3445 5284 3544 5356 τὴν
3589 5301 3762 5357 προσ-

2193 5372 2431 5444 ήκουσαν
2457 5370 2748 5443 ἑρμηνείαν
2772 5372 3009 5444 εἴληφεν·
3036 5373 3154 5446 ὥρα
3178 5373 3362 5429 λοιπὸν
3376 5374 3534 5430 πάλιν
3553 5375 3646 5430 καὶ
3667 5374 3764 5431 ἐπὶ

2193 5464 2293 5536 τὴν
2322 5464 2662 5536 προφητικὴν
2694 5465 2887 5533 ἐλθεῖν,
2931 5467 3025 5521 καὶ
3060 5467 3234 5521 εἰπεῖν
3263 5467 3317 5520 τί
3342 5482 3505 5537 φησιν
3531 5467 3558 5519 6
3585 5465 3766 5537 μακά-

2256 5782 2287 5828 b
2307 5774 2455 5834 Sam.
2481 5781 2532 5832 in
2552 5782 2772 5846 margine
2796 5780 2896 5831 ἀλλ’
2921 5780 2968 5829 ἐν
2987 5781 3055 5846 τῷ
3078 5780 3290 5832 μέλλοντί
3310 5780 3401 5833 εἶσι
3422 5779 3482 5831 τὰ
3508 5772 3696 5832 ἔπαθλα.
