4112 6342
327 375 425 437 5&1

331 497 397 551 Et
419 494 540 549 ideo
566 492 697 549 dicit
724 510 737 547 :
770 491 1022 562 Respicite
1044 490 1110 544 ad
1135 488 1350 545 solidam
1378 496 1592 556 petram,
1619 500 1682 538 ea:
1699 498 1798 554 qua
1824 497 1913 535 ρει·-

330 588 421 640 risi
447 586 585 651 estis,
608 584 877 639 Abraham
896 584 965 637 ita
992 596 1187 636 vocans
1218 599 1231 635 :
1261 588 1305 632 et
1332 580 1519 649 fossam
1540 577 1702 639 lacus,
1733 590 1795 628 ea:
1817 588 1914 644 quo

329 676 502 743 effossi
531 677 648 729 estis
669 716 684 739 ,
735 674 951 730 Sarram
1001 674 1070 727 ita
1118 673 1399 726 nominans
1430 668 1524 739 (a).
1552 665 1912 735 Quemadmo-

329 767 464 822 dum
495 767 638 822 enim
673 766 822 821 lacus
849 782 1038 836 aquam
1082 780 1178 834 per
1220 778 1278 819 se
1310 778 1413 816 non
1446 761 1625 827 habet,
1665 759 1760 815 sed
1796 772 1913 811 eam

330 861 559 929 suscipit
589 874 652 913 ex
683 858 925 927 supernis
964 857 1157 926 pluviis
1187 874 1199 909 :
1230 856 1300 909 ita
1323 855 1481 909 etiam
1513 852 1597 906 illa
1623 867 1743 906 cum
1775 857 1916 905 esset

331 953 534 1020 privata
563 949 815 1005 facultate
860 948 1129 1020 gignendi,
1158 964 1186 1001 a
1214 947 1461 1017 supernis
1496 945 1705 1015 accepit
1729 944 1867 997 illam
1897 958 1911 1004 ;

328 1053 387 1098 et
415 1040 865 1111 quemadmodum
896 1048 1043 1108 petra
1092 1053 1377 1108 numquam
1408 1038 1635 1090 fructum
1675 1034 1815 1098 tulit,
1846 1034 1916 1086 ita

332 1147 433 1186 nec
464 1132 603 1186 ferre
631 1141 837 1201 poterat
863 1130 1132 1185 Abraham
1160 1147 1173 1183 :
1202 1144 1301 1197 ego
1324 1139 1497 1183 tamen
1525 1141 1621 1181 vos
1649 1126 1792 1180 illinc
1818 1141 1913 1179 ex-

330 1223 525 1293 culpsi,
558 1234 612 1277 et
639 1239 705 1278 ex
735 1239 843 1277 uno
882 1231 961 1277 tot
986 1230 1042 1277 et
1084 1230 1259 1277 tantas
1287 1222 1531 1292 regiones
1582 1220 1815 1289 implevi.
1853 1218 1918 1272 Et

337 1316 460 1369 ideo
490 1315 823 1371 Ezecltielem
847 1330 1055 1386 quoque
1080 1315 1131 1368 in
1160 1329 1408 1383 campum
1437 1312 1633 1377 educit,
1659 1321 1712 1366 et
1737 1320 1916 1365 osten-

332 1404 413 1459 dit
435 1406 483 1459 ei
512 1406 780 1459 cumulum
808 1406 1030 1471 Ossium,
1060 1415 1115 1460 et
1158 1404 1485 1475 prephctans
1532 1418 1653 1457 ossa
1696 1402 1911 1468 excitat,

334 1495 623 1551 ostendens
644 1496 742 1561 eis,
775 1506 829 1550 et
858 1497 1041 1551 dicens
1068 1514 1081 1549 :
1114 1495 1175 1550 Si
1201 1512 1406 1567 possum
1426 1494 1644 1549 excitare
1668 1504 1914 1558 mortuos,

335 1590 495 1642 multo
522 1590 682 1660 magis
708 1604 815 1653 vos,
841 1590 926 1657 qui
964 1589 1147 1652 vivitis,
1172 1589 1408 1642 reducere
1436 1587 1647 1658 (Ezech.
1680 1587 1768 1641 '57.
1804 1588 1915 1654 15).

336 1675 413 1733 Iili
441 1679 653 1750 quidem
683 1681 760 1735 sic
790 1698 802 1733 :
836 1679 922 1735 hic
948 1690 1125 1735 autem
1153 1679 1410 1749 propheta
1441 1678 1749 1748 quomodo?

412 1792 563 1846 Fidei
606 1795 870 1849 necessitas
896 1794 948 1848 in
980 1792 1413 1864 promissionibus.
1456 1791 1660 1845 nationi
1686 1792 1921 1844 humana!

338 1902 440 1939 non
467 1886 785 1940 innitendum
811 1887 864 1939 in
900 1887 1051 1940 rebus
1077 1886 1295 1963 diuinis.
1349 1914 1420 1927 -—
1463 1884 1687 1950 Credidi,
1716 1894 1918 1954 propter

335 1977 471 2039 quod
520 1978 755 2047 loquutus
798 1994 929 2031 sum.
991 1978 1101 2033 llnc
1148 1986 1269 2031 est:
1302 1976 1432 2031 Fide
1475 1991 1607 2045 opus
1636 1985 1719 2030 est
1763 1975 1827 2029 ad
1858 1989 1920 2028 ea

337 2084 456 2133 quae
483 2068 901 2136 promittuntur:
932 2083 1031 2136 ego
1069 2068 1212 2123 enim
1259 2083 1319 2122 ea
1360 2067 1600 2138 cogitans
1642 2078 1696 2121 et
1740 2067 1921 2121 animo

337 2158 643 2223 revolvens,
679 2158 780 2213 fide
828 2160 1127 2214 introducta
1171 2174 1386 2213 omnem
1435 2157 1610 2227 expuli
1638 2158 1918 2227 perturba-

339 2248 559 2305 tionem.
594 2249 704 2304 Hoc
732 2265 861 2319 ergo
888 2250 1018 2305 dicit
1049 2249 1267 2315 Paulus,
1320 2250 1370 2303 in
1404 2249 1485 2302 his
1527 2248 1832 2314 sensulibus,
1868 2257 1921 2303 et

338 2355 459 2409 qua:
487 2341 735 2395 videntur
764 2342 939 2408 bonis,
989 2341 1094 2396 fide
1123 2357 1256 2411 opus
1282 2357 1418 2396 esse.
1453 2340 1603 2408 Quod
1632 2341 1676 2395 si
1705 2340 1757 2394 in
1794 2355 1920 2395 sen-

338 2431 547 2497 silibus,
577 2434 744 2487 multo
764 2434 930 2504 magis
952 2434 1003 2487 in
1034 2433 1414 2503 spiritualibus.
1439 2432 1492 2487 Si
1511 2433 1651 2487 enim
1680 2441 1739 2486 ut
1769 2447 1920 2486 suam

338 2522 608 2578 civitatem
642 2539 702 2577 se
735 2534 1141 2594 recuperaturos
1170 2524 1532 2611 admitterent,
1561 2524 1640 2578 eis
1667 2523 1760 2577 fuit
1786 2537 1921 2592 opus

340 2613 490 2667 ﬁde:
520 2613 690 2669 multo
728 2617 896 2685 magis
932 2616 1104 2682 nobis,
1152 2618 1242 2686 qui
1291 2615 1482 2670 caelum
1526 2627 1918 2685 exspectamus.

336 2704 563 2773 Quando
588 2721 714 2776 ergo
740 2716 821 2761 est
855 2706 1053 2777 aliquid
1082 2723 1350 2775 magnum,
1379 2719 1433 2762 et
1462 2707 1603 2777 quod
1640 2706 1920 2778 cogitatio-

339 2815 461 2853 nem
489 2809 543 2853 et
567 2800 825 2853 rationem
865 2809 1106 2869 superat,
1136 2809 1345 2870 oportet
1382 2817 1499 2856 eam
1540 2816 1837 2867 assumere,
1867 2810 1922 2856 et

340 2906 448 2945 non
477 2890 707 2946 humano
736 2892 925 2948 ordine
946 2908 1032 2948 res
1053 2894 1379 2949 examinare.
1405 2894 1751 2950 Admirabilia
1776 2895 1919 2949 enim

339 2982 435 3038 Dei
461 2998 621 3053 opera
648 2994 775 3039 sunt
799 2985 863 3039 iis
891 2985 1141 3040 omnibus
1169 2986 1461 3055 superiora.
1492 2985 1716 3056 Oportet
1744 2987 1922 3056 itaque

339 3089 433 3129 ora
481 3076 775 3131 rationibus
824 3077 1164 3132 obstruentes
1205 3077 1270 3132 ad
1321 3078 1479 3132 tidem
1532 3094 1833 3145 accurrere,
1867 3089 1923 3135 et

342 3166 510 3221 Deum
536 3167 703 3237 gloria
733 3166 970 3223 afficere.
1002 3168 1100 3236 Qui
1130 3170 1271 3223 enim
1300 3169 1508 3223 ratione
1532 3170 1805 3224 contendit
1836 3185 1923 3226 res

337 3258 405 3312 ad
437 3256 582 3312 illum
606 3268 908 3328 spectantes
938 3260 1197 3325 invenire,
1226 3276 1562 3330 nequaquam
1598 3276 1720 3317 eum
1746 3263 1920 3332 gloria

338 3348 524 3415 afﬁcit,
554 3359 612 3404 ut
635 3350 724 3421 qui
765 3351 1024 3406 ratiocinii
1053 3353 1132 3406 sui
1164 3351 1447 3408 humilitati
1475 3354 1604 3410 velit
1630 3356 1919 3411 ineffabilia

339 3441 457 3511 ejus
482 3442 796 3497 tecouomiae
820 3443 1039 3497 consilia
1060 3444 1347 3513 subjicere.

407 3556 461 3609 2.
506 3553 629 3609 Ideo
651 3554 716 3609 de
740 3554 1010 3609 Abraham
1036 3571 1247 3627 quoque
1277 3557 1502 3629 loquens
1543 3558 1759 3627 Paulus,
1784 3575 1921 3631 quo-

338 3647 482 3702 niam
516 3662 620 3701 non
651 3647 754 3701 huc
783 3646 943 3714 fecit,
972 3649 1066 3703 sed
1094 3664 1219 3704 suas
1262 3652 1496 3706 rationes
1523 3651 1922 3722 reprehendens

338 3738 576 3805 respexit
592 3736 659 3790 ad
682 3738 973 3806 potentiam
994 3738 1112 3807 ejus
1132 3740 1220 3809 qui
1247 3750 1328 3795 est
1347 3742 1633 3811 pollicitus,
1661 3752 1714 3797 et
1738 3754 1887 3799 osten
1901 3773 1919 3785 -

336 3828 475 3884 deus
500 3843 622 3883 cum
642 3827 740 3883 hac
764 3830 969 3883 ratione
998 3830 1166 3885 Deum
1198 3833 1424 3886 maxima
1456 3832 1621 3903 gloria
1651 3834 1916 3902 atfecisse,

336 3922 466 3976 dicit
493 3939 507 3975 :
530 3920 598 3975 In
627 3922 958 3992 promissione
984 3927 1117 3977 enim
1144 3922 1240 3978 Dei
1271 3942 1370 3979 non
1400 3925 1651 3980 besitavit
1676 3927 1915 3981 incredu—

339 4015 500 4080 litate,
530 4014 617 4069 sed
640 4015 840 4069 ualidus
879 4020 1046 4087 factus
1075 4026 1147 4069 est
1174 4019 1303 4086 ﬁde,
1336 4018 1464 4071 dans
1487 4020 1703 4089 gloriam
1726 4020 1853 4085 Deo,
1871 4029 1919 4075 et

337 4118 471 4161 certo
494 4122 791 4173 persuasus,
814 4108 979 4177 ipsum
1008 4109 1145 4178 quod
1170 4109 1424 4179 pollicitus
1449 4120 1553 4177 est,
1595 4128 1740 4183 posse
1768 4114 1919 4167 etiam

338 4203 506 4269 facere
534 4198 705 4269 (Rom.
742 4200 794 4254 4.
814 4199 904 4253 20.
925 4199 1195 4270 2|).Quid
1224 4216 1382 4269 porro
1408 4212 1512 4269 est,
1538 4203 1788 4260 Habentes
1826 4224 1922 4260 au-

338 4300 437 4345 tem
463 4291 690 4345 eumdem
721 4290 973 4359 Spiritum
986 4292 1128 4360 ﬁdei,
1146 4295 1273 4347 sicut
1295 4295 1536 4365 scriptum
1560 4306 1672 4351 est:
1693 4297 1917 4365 Credidi,

338 4392 545 4454 propter
588 4385 722 4454 quod
769 4385 1001 4455 loquutus
1041 4401 1152 4439 sum
1175 4400 1194 4439 :
1223 4396 1269 4440 et
1307 4402 1398 4442 nos
1434 4388 1686 4444 credimus
1712 4402 1921 4463 propter

336 4475 473 4545 quod
496 4486 543 4530 et
572 4477 825 4546 loquimur
854 4476 930 4550 (2.
960 4476 1079 4532 Cor.
1106 4478 1313 4549 4.15)?

408 4586 636 4656 Spiritus
662 4587 798 4641 idem
820 4589 1079 4658 utriusque
1106 4588 1416 4646 Testamenti
1440 4593 1695 4648 conditor.
1726 4594 1905 4649 Gratia

335 4678 403 4732 ad
420 4677 572 4745 ﬁdem
588 4680 961 4733 necessaria.—
989 4679 1084 4735 Hic
1114 4680 1268 4737 nobis
1306 4698 1552 4752 magnum
1574 4685 1777 4740 revelat
1800 4701 1919 4756 my-

335 4771 579 4826 sterium.
602 4769 880 4837 Quodnam
908 4770 1051 4826 hoc?
1073 4772 1319 4842 Ejusdem
1343 4790 1462 4830 esse
1476 4774 1704 4845 Spiritus
1726 4794 1919 4833 novum

337 4868 396 4915 et
431 4860 593 4915 Vetus
627 4860 1025 4917 Testamentum
1057 4881 1071 4917 :
1119 4872 1173 4918 et
1216 4865 1459 4920 eumdem
1511 4865 1804 4935 Spiritum.
1831 4871 1919 4940 qui

335 4960 415 5005 est
466 4954 518 5005 in
549 4966 614 5007 eo
660 4952 930 5022 loquutus,
956 4953 1040 5008 hic
1079 4970 1291 5024 quoque
1335 4957 1609 5026 loquutum
1656 4974 1816 5025 esse,
1857 4977 1920 5017 ac

336 5040 496 5097 ﬁdem
541 5057 660 5097 esse
703 5044 939 5098 omnium
985 5046 1312 5115 magistram,
1344 5062 1444 5102 nec
1478 5051 1678 5119 absque
1706 5066 1768 5105 ea
1821 5066 1920 5106 nos

334 5134 606 5203 quidpiam
654 5150 828 5205 posse.
881 5133 945 5201 Et
990 5153 1079 5191 nos
1134 5138 1309 5204 enim,
1367 5139 1577 5209 inquit,
1629 5141 1917 5208 credimus,

333 5233 381 5277 et
430 5223 546 5278 ideo
588 5224 860 5296 loquimur.
910 5226 967 5282 Si
1022 5242 1139 5281 eam
1187 5228 1329 5283 enim
1372 5230 1647 5285 sustuleris
1672 5272 1687 5295 ,
1746 5247 1813 5286 ne
1858 5246 1919 5288 os

335 5317 550 5385 quidem
599 5320 806 5389 aperire
857 5336 1160 5392 possumus.
1188 5323 1363 5392 Quare
1400 5334 1576 5380 autem
1626 5342 1729 5380 non
1764 5327 1916 5393 dixit,

334 5413 605 5470 Habentes
649 5424 825 5471 autem
869 5418 1112 5473 eamdem
1165 5418 1498 5486 ﬁdem,sed,
1523 5418 1777 5477 Habentes
1821 5438 1919 5476 au-

394 5568 467 5629 (a)
499 5575 608 5617 Sara
628 5570 825 5633 quidem
847 5570 1028 5620 sterilis
1043 5576 1165 5632 erat,
1181 5571 1434 5622 referente
1450 5573 1703 5635 Scriptura.
1731 5582 1786 5624 At
1801 5588 1919 5637 quo-

332 5631 475 5678 modo
495 5630 585 5679 diei
611 5635 760 5684 invasit
782 5633 1015 5681 Abraham
1036 5632 1186 5682 fuisse
1209 5634 1448 5684 sterilem.
1471 5643 1521 5684 et
1549 5647 1645 5684 non
1669 5639 1822 5684 matris
1843 5640 1919 5684 ei-

332 5645 475 5678 mooo
495 5645 585 5679 oua
611 5645 760 5692 ρηεςιι
782 5645 1015 5681 snranam
1036 5645 1186 5682 inisse
1209 5645 1448 5693 sterilem,
1471 5645 1521 5684 et
1549 5647 1645 5685 non
1669 5645 1822 5698 magis
1843 5645 1919 5700 gi-

332 5692 513 5753 gnendi
539 5692 765 5743 facultate
790 5694 1058 5755 praditnm,
1082 5707 1227 5760 quam
1268 5694 1505 5760 lapidem,
1530 5698 1919 5760 quandoquidem

331 5760 441 5862 {nos
609 5763 815 5806 mortem
835 5764 980 5806 :etate
1003 5756 1228 5819 grandior
1246 5756 1335 5809 seu
1359 5757 1483 5809 ﬁlios
1504 5756 1719 5821 suscepit
1738 5756 1805 5810 'ex
1829 5767 1918 5812 Ce-

1390 365 1746 425 EXPOSI'I‘IO
1784 362 1846 418 lN
1885 342 2201 420 pss'utuu
2239 364 2393 420 cxv.

3499 368 3605 427 382

2020 490 2117 534 tem
2166 482 2395 536 eumdent
2440 482 2691 551 Spiritum
2718 484 2884 552 ﬁdei?
2916 484 2979 540 Et
3025 500 3087 541 ea
3118 501 3238 557 qua:
3283 485 3423 543 dicta
3480 501 3601 561 sunt

2017 573 2341 642 significans,
2382 584 2433 629 et
2486 576 2775 632 ostendens
2818 593 2955 647 opus
3005 594 3126 634 esse
3178 581 3603 649 suppeditatione

2018 663 2248 733 Spiritus
2278 665 2343 719 ad
2382 667 2847 723 conscendendum
2895 669 2961 723 ad
2992 670 3323 725 altitudinem
3366 671 3521 739 fidei,
3550 684 3605 728 et

2018 755 2440 823 vilipcndendam
2472 758 2737 813 rationum
2782 760 3224 816 imbecillitatem.
3253 761 3321 815 Et
3343 762 3463 817 ideo
3491 764 3606 833 ipse

2017 864 2229 919 quoque
2260 850 2385 905 alibi
2414 850 2542 904 dicit
2574 868 2587 904 :
2621 850 2900 921 Unicuique
2925 863 3091 907 autem
3115 856 3455 925 manifestatio
3478 854 3606 923 Spi-

2018 941 2144 994 ritus
2170 926 2321 993 dutur
2342 943 2409 993 ad
2429 942 2713 997 uiilitatem.
2742 943 2844 997 Alii
2874 945 3006 998 enim
3045 962 3134 1014 per
3158 945 3415 1015 Spiritum
3453 946 3611 999 datur

2018 1048 2181 1085 sermo
2202 1034 2572 1101 sapientiw,alii
2594 1045 2759 1088 autem
2772 1051 2934 1088 sermo
2955 1036 3199 1093 scientite.
3218 1036 3311 1090 alii
3327 1053 3438 1090 vero
3458 1038 3608 1104 ﬁdes,

2019 1124 2109 1176 alii
2129 1135 2294 1178 autent
2316 1125 2450 1177 dona
2478 1128 2797 1179 sauatiouunt
2825 1125 2898 1196 (2.
2930 1125 3158 1180 Cor.1'2.
3189 1128 3344 1196 7-9).
3364 1128 3470 1183 Sed
3500 1130 3608 1182 for-

2023 1225 2163 1271 tasse
2190 1216 2387 1271 dixerit
2414 1219 2697 1287 quispiam,
2724 1218 2863 1287 quod
2894 1220 3052 1272 etiam
3084 1235 3268 1274 verum
3300 1229 3402 1285 est,
3433 1220 3608 1290 ipsum

2021 1309 2179 1363 aliam
2222 1309 2400 1364 dicere
2444 1309 2623 1374 fidem,
2648 1326 2744 1380 per
2772 1326 2929 1380 quam
2950 1311 3146 1364 ﬁebant
3181 1311 3455 1365 miracula.
3482 1310 3609 1365 Scio

2020 1416 2121 1471 ego
2149 1416 2360 1471 quoque
2389 1402 2549 1456 aliam
2577 1417 2697 1457 esse
2721 1402 2902 1467 fidem,
2935 1402 3003 1457 de
3042 1418 3144 1472 qua
3188 1402 3417 1472 apostoli
3465 1402 3611 1457 dice-

2021 1492 2171 1559 bant,
2197 1494 2377 1564 Adjice
2406 1495 2549 1548 nobis
2580 1494 2732 1565 ﬁdem
2765 1492 2911 1565 (Luc.
2942 1496 3028 1549 17.
3058 1495 3113 1564 5)
3142 1505 3235 1550 :et
3260 1495 3418 1549 aliam
3452 1494 3610 1561 hanc,

2022 1599 2118 1653 per
2164 1600 2322 1654 quam
2369 1600 2557 1639 sumus
2597 1601 2787 1639 omnes
2817 1585 3035 1652 fideles,
3069 1586 3217 1655 signa
3248 1586 3462 1656 quidem
3508 1604 3613 1641 non

2024 1674 2310 1740 facientes,
2344 1675 2439 1729 sed
2486 1675 2741 1730 habentes
2779 1677 3136 1745 cognitionem
3180 1677 3389 1744 pietatis
3423 1695 3435 1730 :
3467 1679 3614 1746 atqui

2024 1766 2111 1822 hic
2162 1783 2374 1837 quoque
2404 1776 2486 1823 cst
2521 1768 2674 1822 nobis
2700 1784 2835 1837 opus
2863 1769 3061 1823 auxilio
3102 1768 3355 1839 Spiritus.
3400 1768 3611 1824 Etenim

2022 1858 2090 1913 de
2120 1858 2348 1928 quadam
2377 1860 2560 1913 scribit
2580 1859 2771 1921 Lucas,
2804 1859 3014 1928 Aperuit
3040 1876 3127 1912 cor
3146 1861 3288 1929 ejus,
3313 1870 3367 1913 ut
3390 1861 3614 1914 attende-

2023 1961 2095 2003 ret
2118 1966 2198 2013 ea,
2226 1965 2341 2014 qua:
2369 1949 2709 2003 dicebantura
2734 1947 2901 2003 Paulo
2930 1951 3070 2019 (Act.
3095 1950 3181 2005 16.
3218 1951 3329 2020 14).
3365 1952 3427 2005 Et
3456 1951 3614 2005 Chri-

2024 2052 2137 2096 stus
2162 2060 2176 2097 :
2211 2041 2375 2096 Nemo
2404 2044 2536 2097 venit
2562 2042 2630 2094 ad
2651 2059 2747 2109 me,
2773 2044 2870 2096 nisi
2900 2042 3056 2097 Pater
3071 2045 3279 2097 traxerit
3299 2043 3613 2115 eum(Joan.

2023 2136 2077 2191 6.
2109 2137 2221 2203 44).
2252 2136 2306 2190 Si
2341 2137 2441 2190 hoc
2486 2151 2616 2207 ergo
2663 2137 2751 2190 Dei
2807 2138 3201 2205 est,quomodo
3249 2147 3471 2206 pectant
3520 2139 3611 2208 qui

2025 2243 2134 2282 non
2162 2229 2390 2283 credunt
2411 2269 2427 2295 ,
2459 2244 2579 2283 cum
2614 2244 2712 2283 nec
2740 2230 2969 2298 Spiritus
2997 2244 3150 2298 «pem
3180 2228 3342 2295 ferat,
3369 2246 3467 2285 nec
3509 2230 3613 2285 Pa-

2026 2329 2106 2373 ter
2132 2319 2325 2386 trahat,
2346 2334 2443 2374 nec
2466 2320 2516 2373 in
2546 2319 2682 2373 viam
2704 2319 2933 2374 deducat
2956 2320 3157 2374 Filius?
3183 2322 3254 2376 De
3275 2323 3451 2391 seipse
3470 2324 3613 2377 enim

2023 2411 2151 2464 dicit
2180 2429 2190 2462 :
2228 2411 2335 2481 Ego
2364 2428 2474 2465 sum
2503 2413 2581 2464 via
2612 2412 2630 2480 (
2659 2411 2815 2465 Joan.
2848 2414 2933 2466 14.
2963 2412 2996 2467 6
3026 2417 3062 2477 ).
3113 2413 3226 2469 Hoc
3264 2424 3441 2469 autem
3487 2416 3616 2471 dicit

2024 2504 2316 2558 ostendens
2362 2520 2420 2558 se
2461 2518 2594 2573 opus
2623 2520 2742 2559 esse
2791 2506 2854 2558 ad
2906 2506 3007 2560 huc
3055 2514 3113 2560 ut
3171 2506 3501 2562 adducantur
3546 2510 3613 2564 ad

2026 2595 2262 2650 Patrem.
2283 2595 2337 2651 Si
2368 2612 2496 2667 ergo
2521 2597 2677 2651 Pater
2704 2597 2885 2666 trahit,
2918 2598 3080 2653 Filius
3110 2598 3356 2667 deducit,
3385 2600 3616 2672 Spiritus

2026 2687 2307 2752 illuminat,
2337 2688 2459 2754 quid
2500 2697 2722 2757 peccant
2750 2689 2837 2758 qui
2870 2704 3042 2759 neque
3072 2690 3225 2744 tracti
3255 2702 3408 2755 sunt,
3438 2705 3611 2763 neque

2024 2777 2271 2844 deducti,
2303 2795 2401 2833 nec
2441 2779 2766 2833 illuminati‘!
2797 2780 3057 2847 Quoniam
3094 2796 3200 2835 non
3242 2782 3482 2850 prtebent
3525 2798 3613 2838 se-

2026 2868 2171 2938 ipsos
2198 2870 2409 2939 dignos,
2436 2880 2491 2923 ttt
2513 2885 2631 2924 eam
2656 2871 2951 2939 suscipiant
2994 2871 3456 2927 illuminationetn.
3484 2873 3616 2928 Vide

2025 2975 2154 3030 ergo
2210 2961 2312 3014 hoc
2362 2961 2607 3015 evenisse
2650 2946 2935 3015 Cornelio:
2970 2978 3145 3032 neque
3198 2964 3339 3017 enim
3384 2963 3485 3019 hoc
3527 2964 3616 3020 ille

2024 3050 2165 3117 apud
2190 3066 2250 3106 se
2277 3052 2511 3116 invenit,
2539 3052 2633 3107 sed
2660 3068 2782 3107 eum
2816 3052 2955 3107 Deus
2978 3054 3205 3119 vocavit,
3229 3056 3476 3124 quoniam
3503 3055 3617 3124 ipse

2026 3158 2408 3213 prieoccupans
2429 3186 2443 3209 ,
2472 3145 2707 3213 seipsnm
2737 3144 2955 3215 dignum
2987 3144 3215 3200 reddidit
3242 3146 3378 3217 (Act.
3410 3147 3520 3216 10).
3550 3148 3617 3202 Et

2025 3235 2147 3290 ideo
2175 3235 2370 3290 Paulus
2395 3252 2608 3305 quoque
2645 3235 2711 3290 de
2752 3236 2857 3290 fide
2892 3236 3186 3303 disserens,
3216 3238 3386 3292 dixit:
3418 3238 3485 3293 Et
3523 3242 3615 3294 hoc

2026 3343 2126 3381 non
2145 3344 2210 3382 ex
2236 3327 2389 3390 vobis,
2422 3326 2520 3381 Dei
2546 3338 2617 3381 est
2636 3327 2825 3381 donum
2855 3328 3071 3399 (Ep/tes.
3102 3328 3158 3383 2.
3188 3330 3265 3399 8).
3297 3329 3405 3383 Nec
3437 3340 3615 3386 tamen

2026 3428 2079 3474 te
2102 3421 2353 3490 relinquit
2380 3435 2603 3473 vacuum
2637 3420 2792 3474 bonis
2819 3421 3133 3475 actionibus.
3181 3422 3291 3475 Etsi
3323 3424 3463 3476 cnim
3499 3424 3617 3492 ejus

2025 3521 2107 3567 est
2136 3511 2350 3565 trahere
2370 3520 2424 3564 et
2445 3510 2701 3566 inducere
2736 3529 2747 3564 :
2780 3512 3012 3565 animam
3036 3524 3210 3566 tamen
3239 3513 3462 3583 requirit
3490 3530 3612 3584 quae

2025 3616 2229 3655 morem
2260 3609 2432 3671 gerat,
2456 3609 2510 3654 ct
2536 3600 2692 3655 facile
2721 3610 2905 3671 pareat
2937 3619 2950 3655 :
2980 3612 3033 3656 et
3063 3610 3188 3656 tunc
3214 3617 3367 3657 suum
3394 3602 3617 3659 adhibet

2024 3692 2299 3746 auxilium.

2107 3781 2274 3836 Virtus
2294 3791 2340 3838 et
2362 3783 2500 3836 salus
2522 3791 2693 3836 nostra
2723 3782 3005 3835 necessitati
3034 3798 3135 3837 non
3159 3784 3439 3853 subjacent.
3487 3784 3618 3839 Fide

2025 3877 2188 3945 magis
2217 3892 2343 3945 opus
2373 3880 2553 3929 habent
2584 3872 2859 3929 Christiani
2886 3892 3039 3945 quam
3064 3876 3614 3944 olimJudwi.—-Quo-

2024 3969 2164 4023 circa
2190 3968 2312 4022 alibi
2331 3983 2542 4038 quoque
2562 3967 2899 4022 dicitPaulus
2924 3985 2937 4021 :
2964 3968 3257 4022 Secundum
3288 3972 3606 4039 propositum

2023 4066 2207 4114 uocatis
2225 4059 2242 4129 (
2251 4058 2578 4129 Roiu.8.28).
2597 4058 2778 4128 Neque
2801 4059 2943 4112 enim
2958 4059 3143 4123 virtus,
3160 4075 3260 4115 nec
3275 4061 3417 4115 salus
3434 4070 3613 4117 nostra

2026 4156 2330 4209 necessitati
2347 4153 2740 4223 subjacet.Nam
2760 4155 2861 4209 etsi
2885 4153 3112 4208 maxima
3140 4169 3283 4224 pars,
3300 4164 3457 4224 atque
3473 4155 3610 4210 adeo

2028 4244 2138 4300 fere
2154 4254 2319 4299 totum
2338 4245 2454 4314 ejus
2472 4246 2561 4313 sit,
2579 4244 2828 4314 exiguum
2849 4243 2977 4315 quid
3002 4253 3179 4299 tamen
3203 4245 3355 4299 nobis
3374 4245 3606 4315 reliquit,

2026 4346 2084 4391 ut
2110 4336 2300 4391 danda:
2340 4352 2554 4392 coronae
2590 4336 2832 4406 speciosa
2874 4336 2944 4390 sit
2969 4336 3201 4390 occasio.
3247 4335 3315 4391 Et
3344 4336 3463 4391 ideo
3489 4352 3610 4391 cum

2026 4429 2252 4485 dixisset
2293 4428 2532 4483 Paulus:
2570 4426 2826 4481 Habentes
2867 4435 3036 4481 autem
3074 4428 3305 4481 eumdem
3356 4426 3611 4497 Spiritum

2026 4523 2147 4592 ﬁdei
2166 4521 2242 4592 (2.
2275 4520 2394 4576 Cor.
2426 4521 2479 4575 4.
2514 4519 2625 4589 13),
2650 4519 2753 4574 hoc
2774 4528 2890 4586 est,
2922 4519 3010 4589 qui
3041 4521 3199 4574 etiam
3248 4519 3500 4591 loquutus
3528 4534 3612 4576 est

2026 4612 2079 4668 in
2102 4612 2299 4677 Veteri,
2330 4611 2605 4681 subjunxit
2636 4630 2649 4667 :
2684 4610 2751 4664 Et
2778 4628 2873 4665 nos
2910 4612 3165 4665 credimus
3184 4652 3201 4677 ,
3234 4621 3441 4682 propter
3473 4613 3615 4683 quod

2026 4715 2073 4759 et
2094 4705 2367 4774 loquimur.
2408 4704 2571 4759 Multo
2590 4704 2736 4759 enim
2762 4704 2929 4775 magis
2956 4703 3041 4759 hic
3069 4704 3173 4759 [ide
3196 4720 3329 4773 opus
3355 4706 3615 4762 habemus

2025 4811 2186 4867 quam
2242 4795 2369 4861 illic,
2399 4803 2454 4848 et
2499 4803 2715 4864 propter
2764 4802 3007 4849 naturam
3053 4796 3463 4865 promissorum,
3492 4813 3613 4868 qua:

2025 4890 2126 4944 sub
2149 4888 2319 4943 visum
2346 4903 2451 4943 non
2482 4886 2680 4942 cadunt
2698 4928 2712 4953 ,
2744 4886 2836 4943 sed
2864 4887 2976 4943 sola
3003 4896 3182 4941 mente
3212 4889 3599 4959 percipiuntur;

2025 4990 2080 5035 et
2122 4987 2341 5051 propter
2376 4977 2616 5033 ordinem
2664 4988 2985 5046 temporum.
3040 4976 3156 5032 Non
3210 4979 3355 5033 enim
3404 4980 3459 5033 in
3505 4981 3611 5034 vita

2029 5072 2311 5142 prmsenti,
2337 5071 2429 5125 sed
2464 5073 2515 5124 in
2550 5069 2729 5124 futuro
2759 5083 2914 5124 erunt
2946 5072 3183 5140 prtemia.
3213 5070 3325 5125 lmo
3347 5087 3474 5126 vero
3498 5082 3615 5126 erat

2026 5165 2185 5217 etiam
2216 5176 2349 5232 opus
2370 5161 2473 5216 ﬁde
2499 5176 2596 5231 pro
2618 5162 2970 5231 praesentibus
3002 5179 3013 5212 :
3041 5162 3239 5215 etenim
3267 5176 3329 5217 ea
3359 5163 3472 5232 ipsa
3493 5177 3612 5232 qua:

2026 5254 2290 5309 dabantur
2319 5253 2442 5319 (ide,
2470 5252 2574 5309 ﬁde
2596 5268 2729 5323 opus
2759 5253 3041 5318 habebant,
3073 5253 3236 5308 etiam
3257 5252 3382 5307 dum
3409 5252 3613 5307 daban-

2029 5356 2137 5415 tur,
2169 5363 2362 5418 nempe
2398 5355 2452 5401 et
2480 5346 2856 5424 mysteriorum
2905 5347 3211 5401 communio
3232 5388 3247 5410 ,
3272 5355 3326 5400 et
3362 5345 3610 5414 baptismi

2026 5442 2246 5496 donum.
2272 5440 2346 5494 lta
2378 5454 2591 5495 omnem
2617 5439 2880 5495 rationem
2908 5440 3197 5509 superabat
3216 5440 3296 5493 vis
3318 5440 3604 5495 bonorum.

2027 5534 2084 5591 Si
2110 5537 2287 5606 itaque
2315 5535 2367 5588 in
2390 5533 2735 5589 crassissimis
2760 5534 2865 5589 illis
2906 5543 2962 5591 et
2986 5533 3326 5589 sensibilibus
3356 5534 3459 5590 [ide
3489 5546 3610 5591 erat

2027 5642 2181 5697 opus,
2214 5628 2383 5683 multo
2408 5627 2577 5697 magis
2602 5626 2708 5682 hic.
2738 5626 2845 5683 Sed
2887 5628 3176 5697 apostolica
3216 5628 3435 5697 quidem
3485 5643 3611 5683 sen-

2030 5720 2194 5774 tentia
2207 5720 2613 5775 convenientem
2637 5719 2842 5789 accepit
2859 5720 3348 5789 interpretationem
3367 5739 3380 5775 :
3400 5728 3610 5791 tempus

2034 5824 2116 5871 est
2142 5824 2317 5871 autem
2340 5856 2353 5883 ,
2380 5822 2439 5869 ut
2463 5813 2744 5869 redeamus
2787 5812 2853 5868 ad
2893 5812 3226 5885 prophetiam
3247 5857 3260 5882 ,
3292 5823 3341 5870 et
3370 5812 3610 5870 dicamus
