4112 6342
486 372 612 429 ’5⁸ἐῦ

505 484 632 555 quid
660 482 787 538 dicit
831 482 919 538 hic
957 483 1162 537 beatus.
1205 479 1342 547 Quid
1372 493 1501 548 ergo
1522 476 1684 531 dicit?
1707 469 1929 531 Credidi,
1962 480 2085 537 pro-

504 586 614 645 pter
636 576 772 645 quod
790 575 1025 645 loquutus
1049 590 1179 628 sunt.
1205 572 1364 642 Atqui
1388 569 1518 623 nihil
1549 576 1669 623 erat
1691 566 1866 621 adhuc
1895 566 2084 632 loquu-

505 678 591 720 tus
612 709 626 731 ,
655 667 750 722 sed
778 666 908 721 dicit
934 665 983 719 id
1012 666 1151 735 quod
1194 673 1375 718 mente
1415 664 1526 732 jam
1553 677 1584 716 a
1609 676 1667 715 se
1697 661 1895 713 dictum
1945 667 2082 712 erat.

503 758 638 827 Quid
662 768 743 813 est
770 767 945 812 autem
970 756 1110 825 quod
1138 757 1247 825 jam
1271 755 1468 809 dictum
1492 753 1697 807 fuerat?
1724 751 2079 818 Cum,inquit,

502 853 645 906 illam
667 850 1024 905 calamitatem
1061 859 1114 905 et
1141 849 1415 905 Judaicam
1442 847 1585 901 illam
1618 844 1928 915 tragoediam
1966 843 2084 897 ani-

501 959 589 998 mo
613 945 918 1012 agitassem,
952 943 1208 1011 illumque
1237 940 1507 994 interitum
1543 947 1595 992 et
1620 938 1884 993 excidium
1913 944 2085 991 extre-

480 1051 751 1104 imamque
780 1035 1108 1097 vastitatem,
1142 1047 1243 1085 non
1274 1031 1553 1100 desperavi
1587 1029 1701 1083 fore
1726 1071 1739 1093 ,
1770 1037 1825 1082 ut
1851 1043 1939 1082 res
1964 1044 2084 1080 nm-

502 1137 707 1180 taretur
732 1127 786 1180 in
819 1126 1049 1179 melius:
1076 1126 1183 1177 imo
1233 1138 1360 1176 vero
1405 1132 1460 1175 et
1497 1121 1705 1191 Speravi
1732 1162 1747 1185 ,
1775 1129 1831 1174 et
1871 1134 2085 1172 annun-

500 1224 648 1285 tiavi,
679 1228 732 1275 et
761 1221 1012 1289 loquutus
1037 1233 1174 1272 sum.
1203 1216 1334 1271 Nam
1378 1224 1431 1271 et
1475 1216 1526 1269 in
1560 1214 1827 1283 prioribus
1857 1213 2085 1268 Psalmis

499 1315 666 1367 multa
691 1314 757 1368 de
776 1313 858 1368 his
881 1312 1107 1367 disserui
1134 1328 1148 1376 ;
1183 1310 1433 1380 loquutus
1460 1324 1577 1363 sum
1600 1318 1777 1362 autem
1802 1315 1856 1362 et
1880 1322 2086 1360 annuu-

484 1406 631 1460 'tiavi
660 1422 688 1460 a
718 1405 822 1459 ﬁde
850 1404 1114 1460 eruditus.

574 1500 630 1554 5.
669 1499 820 1554 Alius
847 1507 1049 1563 autem,
1076 1494 1167 1566 qui
1193 1510 1297 1549 non
1331 1504 1413 1548 est
1443 1493 1510 1548 ab
1535 1506 1596 1547 ea
1627 1488 1783 1545 valde
1803 1489 2046 1545 eruditus
2066 1528 2081 1553 ,

504 1589 631 1645 vide
663 1589 933 1656 quomodo
958 1587 1223 1641 claudicet
1250 1597 1306 1641 et
1332 1586 1690 1656 perturbetur.
1714 1582 1846 1637 Nam
1878 1582 1977 1637 etsi
2001 1580 2085 1635 di-

502 1686 576 1739 cit
623 1685 773 1738 illum
824 1684 1096 1738 Psalmum
1153 1680 1339 1746 David,
1374 1694 1479 1733 non
1524 1688 1698 1732 tamen
1751 1692 1817 1731 ex
1854 1689 2084 1746 persona

502 1775 855 1847 propria,‘sed
890 1788 1115 1829 narrans
1143 1788 1367 1836 eorum,
1412 1770 1503 1841 qui
1546 1769 1882 1832 claudicant,
1923 1766 2085 1821 animi

478 1865 955 1942 'perturbationes,
989 1869 1068 1923 sic
1093 1867 1263 1922 dixit:
1296 1866 1461 1930 Quum
1487 1864 1645 1918 bonus
1674 1862 1807 1915 Deus
1837 1860 2004 1915 Israel
2026 1860 2087 1914 iis

501 1964 586 2032 qui
609 1971 725 2017 sunt
751 1971 882 2016 recto
904 1961 1074 2014 corde.
1106 1958 1209 2012 Mei
1255 1969 1421 2010 autem
1448 1973 1574 2027 pene
1611 1956 1728 2007 moti
1769 1964 1885 2008 sunt
1915 1954 2084 2023 pedes,

483 2063 631 2125 ‘pene
655 2052 802 2120 eﬂ'usi
828 2062 943 2106 sunt
967 2067 1168 2122 gressus
1197 2050 1292 2103 mei
1322 2048 1490 2120 (Psal.
1520 2047 1678 2116 72.2)
1698 2065 1709 2099 :
1733 2061 1835 2099 non
1865 2046 2090 2115 loquens

503 2147 570 2200 de
592 2146 817 2215 pedibus
838 2153 893 2199 et
915 2145 1205 2216 gressibus,
1226 2143 1317 2197 sed
1347 2143 1413 2195 de
1438 2139 1925 2195 ratiocinationibus
1945 2138 2092 2192 clau-

482 2237 826 2291 't|icautihus.
868 2234 1094 2290 Causam
1143 2244 1317 2288 autem
1363 2232 1634 2301 subjunxit
1683 2231 1912 2285 dicens:
1948 2229 2088 2295 Quo-

506 2328 643 2380 niam
665 2326 821 2381 zelavi
850 2337 1057 2397 propter
1085 2323 1348 2396 iniquos(l
1356 2324 1457 2377 bid.
1487 2340 1535 2377 ι’.
1567 2325 1643 2393 5),
1672 2323 1772 2377 hoc
1794 2333 1877 2377 est
1905 2322 2092 2376 videns

509 2419 760 2473 ﬂorentes
785 2417 1061 2482 barbaros,
1089 2417 1327 2486 dejectos
1354 2428 1531 2470 autem
1558 2425 1612 2470 et
1642 2416 1834 2469 fractos
1853 2415 2087 2469 Judzeos.

488 2512 573 2565 Et
599 2509 866 2581 quodnam
891 2524 1059 2579 genus
1084 2508 1213 2563 dicit
1237 2507 1673 2562 claudicationis?
1700 2505 1770 2559 Et
1789 2506 1934 2560 dixi:
1960 2505 2095 2559 Fru-

482 2613 614 2658 ‘stra
638 2618 755 2673 ergo
769 2601 1049 2673 justiﬁcavi
1076 2617 1164 2654 eor
1188 2616 1376 2665 meum,
1411 2609 1456 2652 et
1499 2599 1599 2653 lavi
1636 2600 1767 2653 inter
1807 2601 2093 2652 innocentes

509 2680 690 2746 manus
719 2708 854 2746 meas
879 2691 982 2761 (lb.
1010 2707 1059 2745 υ.
1095 2691 1206 2762 15).
1235 2690 1300 2744 Et
1326 2690 1576 2759 quidnam
1603 2690 1773 2759 ipsum
1801 2690 2087 2760 impulerit,

486 2790 569 2838 ‘ut
596 2785 712 2839 lucc
754 2783 976 2847 diceret,
1006 2783 1136 2837 dicit
1168 2799 1181 2835 :
1214 2782 1462 2847 Quoniam
1486 2798 1598 2836 ecce
1634 2782 1687 2835 lti
1730 2793 2012 2852 peccatores
2047 2790 2094 2837 et

508 2877 745 2946 florentes
787 2882 839 2927 tn
881 2876 1122 2929 steculunt
1147 2872 1466 2927 obtinuerunt
1492 2873 1690 2927 divitias
1715 2872 1872 2945 (Ibid.
1901 2889 1948 2927 υ.
1980 2873 2092 2943 12).

480 2966 485 2975 ’
513 2968 715 3024 Deinde
741 2967 861 3022 vide
882 2967 1149 3037 quomodo
1173 2969 1408 3036 seipsum
1428 2982 1613 3021 rursus
1636 2967 1858 3037 colligit.
1880 2967 1943 3022 Si
1962 2967 2098 3020 dice-

512 3060 648 3127 bant,
677 3060 894 3113 narrabo
918 3060 988 3114 sic
1017 3074 1036 3112 :
1063 3058 1173 3112 Hoc
1201 3059 1342 3112 labor
1366 3067 1462 3125 est,
1493 3057 1683 3126 inquit,
1716 3068 1832 3112 ante
1857 3074 1935 3111 me
1954 3099 1968 3123 ,
2001 3059 2096 3111 do-

516 3167 605 3204 nec
627 3151 878 3222 ingressus
907 3150 1088 3222 fuerim
1134 3150 1187 3202 in
1211 3149 1553 3202 sanctuarium
1582 3148 1698 3213 Dei,
1731 3159 1776 3202 et
1817 3148 2097 3218 intelligant

512 3242 567 3295 in
588 3251 811 3296 extrema
837 3241 1060 3309 ipsorum
1081 3238 1242 3310 (Ibid.
1266 3256 1314 3293 υ.
1340 3239 1547 3311 1547).
1570 3240 1719 3307 Quod
1744 3251 1918 3295 autem
1947 3241 2094 3305 dicit,

516 3342 601 3388 est
651 3332 958 3402 ejusmodi:
992 3333 1269 3397 Vexabar,
1320 3331 1592 3403 afﬂigebar
1641 3333 1693 3387 in
1739 3333 2098 3388 ratiocinatio-

518 3424 844 3478 nibus.Tale
870 3424 993 3492 quid
1031 3424 1171 3478 enim
1214 3433 1297 3480 est
1321 3425 1676 3479 ratiocinatio.
1711 3425 1909 3480 Deinde
1951 3427 2096 3496 cogi-

515 3515 621 3569 tavi
656 3530 740 3569 me
770 3515 942 3570 facere
964 3530 1075 3569 rem
1099 3516 1437 3571 laboriosam.
1457 3517 1531 3571 De
1552 3517 1615 3572 iis
1635 3516 1779 3573 enim
1804 3519 2096 3589 inquirens,

521 3606 651 3661 nihil
683 3615 869 3676 potero
884 3607 1015 3661 certi
1046 3608 1203 3674 scire,
1219 3607 1387 3663 donec
1400 3609 1549 3663 mein
1575 3610 1796 3679 patriam
1814 3626 2094 3680 recepero.

484 3782 489 3787 δ
593 3717 691 3774 Res
719 3717 840 3796 ﬁdei
869 3735 967 3805 non
996 3720 1366 3779 committenda:
1399 3723 1633 3778 Immanis
1656 3725 1956 3782 rationibus.
2006 3727 2103 3782 Fi-

516 3812 606 3880 des
630 3804 775 3865 sacra
803 3806 1012 3865 anéora.
1033 3842 1105 3853 —
1129 3811 1290 3867 Vides
1314 3822 1568 3883 quantum
1596 3816 1666 3870 sit
1695 3817 1986 3885 periculum
2013 3835 2099 3874 res

520 3906 643 3961 ﬁdei
673 3907 977 3974 permittere
1004 3905 1252 3963 humanis
1281 3908 1575 3962 rationibus
1593 3949 1608 3974 ,
1633 3916 1687 3964 et
1713 3924 1818 3963 non
1851 3910 2016 3967 ﬁdei?
2044 3910 2101 3968 Si

486 3998 608 4085 ιἱΙΙθ
630 3996 772 4052 enim
803 3997 990 4053 fuisset
1018 3998 1203 4054 ﬁrmus
1242 4009 1296 4054 et
1330 4011 1584 4054 constans
1607 4001 1661 4055 in
1693 4001 1795 4057 ﬁde
1815 4044 1830 4068 ,
1854 4019 1959 4058 non
1987 4003 2103 4060 bace

521 4088 707 4143 fuisset
734 4090 980 4159 loquutus
998 4131 1014 4156 ,
1042 4106 1149 4145 non
1178 4089 1367 4146 fuisset
1394 4091 1733 4161 perturbatus
1760 4111 1775 4147 :
1803 4109 1908 4148 non
1948 4109 2100 4150 com-

522 4181 652 4235 moti
704 4189 886 4238 essent
936 4181 1052 4249 ejus
1097 4180 1292 4253 pedes,
1343 4196 1452 4237 non
1489 4192 1672 4238 esteat
1718 4185 2101 4254 pronemodum

522 4273 675 4328 «(fulsi
715 4289 931 4342 gressus
967 4273 1233 4344 ejus.ASed
1282 4291 1388 4329 non
1430 4276 1501 4329 ita
1549 4275 1636 4331 hic
1680 4277 1972 4348 propheta,
2008 4278 2102 4334 sed

521 4381 672 4425 stans
699 4385 859 4440 supra
899 4379 1108 4440 petram
1137 4385 1244 4427 non
1274 4370 1722 4439 conturbahatur,
1751 4372 1844 4427 sed
1887 4388 1972 4427 res
2012 4373 2105 4427 Ju-

526 4460 763 4514 daeorum
794 4460 981 4515 videns
1008 4461 1078 4515 ita
1100 4476 1222 4517 esse
1251 4462 1496 4524 aﬁ‘ectas,
1529 4479 1617 4520 res
1643 4474 1822 4519 autem
1854 4465 2107 4520 barbaro-

523 4568 640 4607 rum
668 4566 843 4617 secus,
861 4552 930 4607 de
957 4553 1128 4607 reditu
1160 4553 1300 4608 clara
1328 4570 1458 4610 voce
1486 4558 1858 4627 constantique
1879 4568 1932 4614 et
1959 4569 2102 4615 certa

492 4716 499 4723 _
528 4654 708 4699 tuente
737 4632 1042 4715 frequenter
1069 4646 1390 4715 praedicabat
1442 4650 1494 4703 in
1536 4650 1718 4705 multis
1749 4651 1974 4707 Psalmis
2006 4670 2021 4707 :
2051 4664 2105 4709 et

523 4735 677 4789 valde
704 4735 1020 4801 conﬁdebat,
1049 4752 1151 4793 nec
1174 4738 1315 4793 vires
1340 4739 1705 4809 barbarorum,
1730 4758 1830 4798 nec
1850 4744 2104 4799 vilitatem

525 4823 829 4880 Judrcorum
858 4826 1160 4891 attendens,
1190 4828 1285 4883 sed
1316 4829 1410 4884 Dei
1457 4832 1770 4900 potentiam,
1797 4834 1886 4904 qui
1922 4850 1985 4889 ea
2023 4844 2106 4890 est

526 4917 813 4988 pollicitus.
844 4918 910 4972 Et
948 4918 1068 4973 ideo
1096 4918 1252 4997 dicit,
1284 4920 1506 4983 Credidi,
1535 4934 1741 4994 propter
1763 4924 1899 4998 quod
1923 4925 2105 4995 loquu-

526 5021 605 5062 tus
630 5024 743 5062 sum
763 5025 782 5063 :
803 5025 893 5080 ego
921 5020 1088 5089 autem
1113 5010 1405 5067 humiliatus
1429 5030 1543 5066 sum
1567 5015 1733 5069 valde.
1758 5015 1910 5070 Alius
1932 5018 2060 5072 dicit
2087 5036 2100 5073 :

530 5100 640 5171 Ego
665 5103 834 5172 utique
861 5102 1072 5174 amictus
1109 5120 1220 5157 sum
1247 5104 1413 5160 ualde.
1444 5104 1498 5160 2.
1530 5106 1643 5177 Ego
1668 5124 1783 5162 vero
1804 5108 1913 5163 dixi
1935 5109 1988 5163 in
2014 5126 2104 5164 ex-

495 5264 502 5269 .
525 5210 666 5248 cessit
695 5209 837 5257 meo,
869 5194 1049 5250 Omnis
1073 5195 1221 5250 homo
1245 5197 1482 5254 mendax.
1510 5200 1692 5267 Alius,
1724 5201 1790 5256 Et
1819 5203 1927 5256 dixi
1950 5204 2109 5257 animi

524 5288 737 5352 anxius,
773 5285 950 5342 Omnis
975 5288 1124 5342 homo
1145 5290 1404 5345 mentitur.
1442 5289 1539 5346 Hic
1558 5290 1679 5345 ﬁdei
1707 5291 1958 5361 splendor
1987 5309 2106 5347 rur-

524 5391 619 5432 sus
646 5378 965 5445 ostenditur,
993 5379 1136 5450 quod
1170 5396 1239 5436 ne
1286 5381 1591 5452 magnitudo
1631 5383 1845 5453 quidem
1893 5384 2110 5441 calami-

527 5470 650 5523 tatis
668 5485 789 5525 eum
819 5470 1141 5542 praecipitem
1171 5471 1381 5528 dederit
1399 5472 1456 5526 in
1477 5472 1926 5542 desperationem.
1956 5476 2111 5546 Ejus-

528 5562 672 5618 modi
699 5563 848 5619 enim
872 5580 958 5620 res
986 5573 1070 5620 est
1090 5564 1221 5622 ﬁdes
1251 5581 1267 5620 :
1292 5574 1377 5619 est
1415 5562 1657 5632 qttaedatn
1686 5580 1837 5621 sacra
1874 5582 2068 5624 ancora
2089 5610 2105 5635 ,

527 5669 648 5726 qua:
680 5655 912 5727 undique
940 5666 1203 5712 sustentat
1241 5666 1474 5713 mentem
1514 5673 1634 5729 qua:
1659 5657 1708 5715 ei
1748 5659 1985 5716 adhaeret
2012 5680 2029 5717 :
2055 5670 2112 5718 et

529 5760 657 5802 tunc
682 5750 917 5805 maxime
955 5748 1253 5806 ostenditur
1287 5750 1501 5822 quando
1551 5751 1606 5809 in
1651 5753 1880 5812 maxima
1926 5769 2103 5815 rerum

1281 367 1338 423 S.
1378 359 1655 421 JOANNIS
1690 349 2165 414 CHRYSOSTOMI
2206 348 2523 406 ARCHIEP.
2564 346 3103 408 CONSTANTINOP.

3662 350 3772 417 ‘59s

2191 461 2506 518 difﬁcultate
2549 466 2598 520 ei
2630 462 2950 534 persuadet,
2981 465 3070 535 qui
3118 465 3207 523 illa
3254 477 3336 525 est
3385 469 3673 540 prmditus,
3717 485 3776 527 ut

2190 552 2384 612 bonam
2410 573 2561 629 spem
2592 560 2783 617 habeat
2804 604 2820 630 ,
2848 564 3068 633 expulsa
3100 564 3251 619 turba
3285 565 3771 620 ratiocinationem.

2190 648 2341 714 Q||0d
2372 652 2484 721 ipse
2510 669 2721 724 quoque
2747 658 3052 727 signiﬁcans
3073 700 3087 724 ,
3119 657 3247 712 dicit
3273 671 3295 711 τ
3321 657 3432 730 Ego
3458 668 3623 712 autent
3650 660 3776 730 aﬂli-

2188 750 2299 794 ctus
2322 758 2435 796 sunt
2460 746 2609 799 m'uu's
2637 746 2779 801 :hoc
2805 758 2905 810 est,
2927 749 3092 803 Valde
3118 749 3332 819 quidem
3362 751 3589 805 afﬂictus
3614 766 3730 805 sum
3753 790 3771 817 ,

2190 833 2285 887 sed
2314 850 2419 889 non
2441 836 2741 911 desperavi,
2761 856 2861 894 nec
2888 842 3123 896 animum
3154 843 3344 911 abjcci.
3375 843 3574 898 Deinde
3594 856 3775 899 osten-

2189 923 2322 978 dens
2349 941 2407 980 se
2438 942 2540 981 non
2571 927 2733 984 fuisse
2758 930 3094 986 solummodo
3123 933 3374 987 atﬂictum
3397 975 3411 999 ,
3444 933 3539 989 sed
3574 935 3777 1004 gravis.

2190 1019 2323 1071 sime
2350 1018 2604 1075 afﬂictum
2626 1062 2641 1088 ,
2674 1023 2944 1091 subjunxit
2972 1024 3156 1078 dicens
3187 1042 3199 1077 :
3226 1023 3337 1095 Ego
3369 1034 3537 1078 autem
3576 1025 3686 1079 dixi
3721 1026 3774 1078 in

2189 1125 2391 1164 excessu
2419 1128 2526 1166 meo
2548 1129 2566 1166 :
2598 1114 2775 1167 Omnis
2804 1116 2954 1169 homo
2980 1117 3216 1168 mendax.

2268 1200 2516 1256 [facessas
2541 1205 2685 1272 quid.
2746 1204 2913 1259 Homo
2941 1222 3031 1260 cur
3053 1208 3253 1259 dicatur
3275 1206 3511 1261 mendax.
3536 1237 3608 1248 -—-
3636 1206 3773 1274 Quid

2190 1303 2293 1359 est,
2319 1293 2383 1347 In
2411 1312 2618 1349 excessu
2646 1296 2867 1351 meo?lu
2901 1313 3127 1365 summa,
3160 1300 3348 1369 inquit,
3375 1300 3695 1365 calamitate,
3720 1308 3776 1355 et

2191 1385 2390 1456 ingenti
2430 1389 2691 1443 malorum
2739 1392 3122 1459 magnitudine.
3148 1392 3317 1446 Tanta
3370 1393 3545 1457 enim,
3580 1394 3771 1462 inquit,

2191 1493 2279 1532 me
2297 1477 2485 1531 adorta
2512 1489 2592 1533 est
2619 1483 2862 1544 teutatio,
2887 1491 2946 1535 ut
2972 1498 3250 1537 excessum
3293 1492 3348 1536 et
3377 1498 3590 1553 gravem
3617 1498 3776 1554 sopo-

2190 1586 2304 1625 rem
2336 1572 2388 1625 in
2423 1588 2508 1628 me
2535 1573 2795 1642 injiceret.
2829 1575 2966 1629 Dicit
3008 1577 3149 1631 enim
3195 1575 3285 1631 hic
3313 1592 3615 1641 excessum,
3645 1578 3776 1633 alie-

2190 1663 2458 1717 nationem
2485 1678 2514 1718 a
2541 1679 2723 1732 sensu,
2749 1682 2867 1736 qua:
2892 1684 2957 1722 ex
2975 1669 3127 1722 malis
3149 1671 3338 1724 oritur.
3360 1669 3494 1725 Nam
3515 1671 3584 1725 de
3606 1671 3773 1726 Adam

2188 1771 2403 1824 quoque
2430 1757 2646 1824 quando
2672 1759 2868 1813 dicitur
2898 1759 3038 1814 Deus
3077 1762 3365 1817 immisisse
3406 1763 3460 1816 in
3509 1778 3632 1817 eum
3682 1777 3750 1818 ex

2190 1862 2403 1902 cessum
2426 1848 2578 1922 (Gen.
2602 1849 2658 1905 2.
2683 1850 2776 1922 ει)
2798 1892 2813 1917 ,
2848 1852 3022 1905 innuit
3065 1853 3349 1922 quamdam
3377 1869 3406 1907 a
3437 1869 3598 1908 sensu
3638 1856 3775 1910 alie—

2193 1941 2491 1996 nationem.
2525 1942 2757 1998 Ecstasis
2784 1944 2950 2009 enim,
2980 1958 3077 1999 seu
3109 1960 3360 2000 excessus
3387 1945 3599 2010 dicitur,
3626 1959 3774 2001 extra

2192 2045 2252 2087 se
2281 2047 2401 2087 esse
2427 2034 2679 2103 positum.
2705 2034 2979 2091 lmmissus
3007 2046 3188 2092 autem
3218 2048 3333 2093 erat
3359 2047 3467 2092 tum
3498 2053 3773 2105 excessus,

2193 2142 2262 2181 ne
2289 2128 2513 2183 sentiret
2549 2143 2669 2183 cum
2697 2127 2997 2184 auferretur
3013 2140 3159 2184 costa
3177 2171 3193 2193 ,
3228 2145 3327 2185 nec
3355 2147 3421 2186 ex
3448 2147 3509 2185 ca
3539 2147 3598 2185 re
3625 2131 3777 2187 dolo—

2194 2237 2308 2276 rem
2331 2231 2586 2291 caperet:
2618 2237 2680 2278 ea
2719 2224 2927 2279 ratione
2953 2225 3092 2279 Deus
3122 2224 3391 2279 suﬁ'urans
3415 2240 3631 2279 sensum
3658 2241 3777 2280 mo-

2197 2315 2382 2381 lestiae,
2417 2331 2483 2370 ne
2510 2324 2732 2384 acoepto
2759 2316 2945 2370 dolore
2977 2316 3175 2370 factum
3219 2317 3267 2370 id
3298 2332 3440 2388 aegre
3473 2317 3657 2374 ferret.
3679 2317 3778 2372 im.

2196 2407 2341 2460 misit
2365 2409 2415 2460 in
2446 2423 2567 2461 cum
2593 2422 2895 2463 excessum.
2927 2407 2996 2462 Et
3020 2424 3207 2464 rursus
3233 2410 3357 2463 alibi
3390 2428 3406 2465 :
3433 2409 3659 2476 Cecidit,
3691 2411 3779 2464 in-

2194 2500 2331 2569 quit,
2362 2516 2514 2570 super
2542 2501 2678 2570 ἔρεθε
2697 2516 2927 2573 θειξερεεπιε
2953 2500 3088 2571 (Act.
3119 2501 3208 2555 10.
3236 2501 3346 2571 10).
3373 2502 3645 2571 Signiﬁcat
3672 2501 3780 2557 illic

2179 2609 2413 2664 gravem
2441 2594 2723 2662 quemdam
2752 2608 3000 2663 soporem
3019 2637 3035 2661 ,
3066 2603 3123 2650 et
3149 2610 3179 2648 a
3209 2610 3370 2650 sensu
3402 2597 3774 2651 rcutotioncut.

2178 2689 2462 2743 'Excessus
2498 2701 2659 2757 porro
2711 2687 2763 2741 id
2793 2687 2986 2756 ubique
3031 2686 3310 2757 signiﬁcat.
3359 2687 3445 2741 Fit
3486 2696 3660 2742 autem
3692 2689 3775 2743 vel

2202 2782 2311 2837 Deo
2356 2781 2407 2836 id
2445 2783 2691 2849 faciente,
2713 2781 2798 2836 vel
2843 2781 3104 2835 malorum
3153 2781 3520 2851 magnitudine
3563 2795 3779 2849 gravem

2199 2890 2447 2945 soporem
2478 2890 2540 2929 ac
2571 2884 2838 2942 torporem
2857 2872 3134 2928 afTerente.
3165 2873 3311 2928 Solet
3331 2874 3475 2927 enim
3504 2872 3780 2928 calamitas

2198 2985 2318 3025 esse
2346 2984 2504 3023 causa
2535 2982 2786 3023 excessus
2813 2975 2866 3022 et
2889 2968 3118 3036 soporis.
3150 2967 3246 3021 llic
3267 2982 3396 3037 ergo
3425 2967 3554 3023 dicit
3596 2982 3783 3021 exces-

2201 3080 2363 3127 sum,
2413 3062 2832 3134 magnitudinem
2878 3062 3139 3116 malorum
3196 3076 3314 3131 qua:
3365 3076 3487 3116 eum
3542 3076 3775 3131 occupa-

2202 3164 2343 3211 runt.
2373 3156 2509 3223 Quid
2539 3166 2622 3210 est
2642 3164 2818 3210 autem
2847 3134 2987 3223 quod
3016 3153 3181 3220 dicit,
3221 3153 3400 3209 Omnis
3445 3155 3594 3207 homo
3639 3170 3782 3207 meu-

2200 3250 2306 3303 τιατ
2328 3251 2352 3303 ?
2378 3249 2617 3304 Nemone
2646 3264 2806 3303 verax
2828 3248 2851 3301 ?
2871 3247 3150 3315 Quomodo
3180 3261 3307 3316 ergo
3350 3246 3451 3301 Job
3486 3246 3782 3315 descriptus

2182 3352 2288 3397 ‘cst
2321 3341 2412 3396 Vir
2436 3358 2608 3408 verax,
2647 3344 2835 3412 justus.
2865 3341 3129 3411 religiosus
3157 3338 3274 3411 (Job
3303 3340 3352 3393 l.
3375 3340 3426 3410 π)
3449 3340 3470 3392 ?
3495 3338 3627 3406 Quid
3656 3353 3783 3392 vero

2203 3435 2443 3489 dicemus
2468 3433 2534 3488 de
2562 3432 2876 3501 prophetis?
2907 3431 2963 3485 Si
3010 3431 3082 3485 illi
3122 3431 3263 3485 enim
3312 3430 3613 3494 mendaces,
3645 3438 3699 3483 et
3728 3430 3783 3484 in

2206 3527 2269 3580 iis
2288 3542 2410 3595 quas
2432 3525 2689 3580 dixerunt
2720 3524 2836 3578 falsi
2864 3531 3006 3586 sunt,
3031 3523 3209 3577 omnia
3236 3533 3482 3592 pereunt.
3499 3523 3633 3590 Quid
3657 3538 3784 3577 vero

2180 3618 2513 3674 .Abraham?
2540 3616 2666 3687 quid
2691 3616 2816 3685 justi
2849 3616 3072 3671 omnes?
3100 3615 3257 3669 Vides
3281 3622 3535 3683 quantum
3565 3613 3634 3668 sit
3671 3630 3784 3668 ma-

2207 3709 2406 3771 lum,>si
2437 3709 2597 3763 dictio
2622 3709 2796 3762 solum
2825 3707 3145 3775 accipiatur,
3180 3714 3234 3760 et
3259 3720 3365 3759 non
3395 3721 3585 3761 sensus
3607 3705 3787 3759 consi-

2188 3801 2457 3859 deretur?
2482 3799 2618 3868 Quid
2649 3809 2732 3854 est
2760 3815 2885 3867 ergo
2913 3797 3052 3867 quod
3091 3798 3241 3861 dixit,
3263 3794 3442 3851 Omnis
3470 3797 3618 3850 homo
3647 3812 3786 3849 men-

2190 3895 2356 3949 dax?
2387 3893 2441 3948 Id
2463 3892 2604 3962 qttod
2633 3893 2747 3961 ipse
2788 3890 2918 3944 dicit
2945 3889 3071 3943 alibi
3102 3905 3117 3942 :
3151 3887 3320 3942 Homo
3359 3888 3570 3941 vanitati
3606 3887 3785 3941 similis

2209 3991 2372 4060 [actus
2397 3996 2471 4040 est
2498 3984 2671 4054 (Psal.
2705 3985 2827 4039 “5.
2872 3985 2947 4052 4).
2971 3981 3122 4049 Quod
3164 3982 3323 4036 etiam
3366 3981 3503 4035 alius
3530 3980 3783 4049 propheta

2207 4079 2378 4134 dixit:
2413 4076 2590 4132 Omnis
2635 4092 2754 4130 caro
2800 4080 3022 4147 frenum,
3075 4084 3122 4127 et
3164 4074 3329 4127 omnis
3367 4071 3529 4143 gloria
3570 4072 3786 4126 hominis

2207 4170 2351 4240 quasi
2396 4170 2493 4239 flos
2529 4169 2647 4236 [mni
2670 4166 2819 4238 (ικαὶ.
2849 4166 2937 4221 40.
2959 4166 3055 4236 6):
3091 4165 3194 4220 hoc
3239 4176 3341 4227 est,
3369 4180 3458 4219 res
3506 4163 3782 4228 vilissima,

2208 4258 2609 4330 printerfluens,
2637 4258 2826 4313 similis
2852 4255 3052 4311 umbra:
3071 4294 3088 4322 ,
3120 4255 3327 4309 somnio
3348 4296 3367 4319 ,
3388 4263 3442 4308 et
3465 4254 3619 4309 alicui
3650 4254 3784 4306 ima-

2208 4350 2338 4422 gini.

2289 4442 2341 4496 4.
2371 4440 2440 4496 Ει
2468 4449 2527 4495 ut
2568 4440 2707 4495 scias
2749 4454 2834 4494 me
2872 4452 2980 4495 non
3019 4437 3125 4493 levi
3153 4436 3459 4506 conjectura
3499 4435 3784 4491 adductum

2212 4533 2326 4589 lucc
2364 4532 2564 4599 dicere,
2595 4533 2733 4587 alius
2774 4532 3034 4600 interpres
3070 4529 3224 4596 dixit,
3270 4527 3483 4583 Falsum
3519 4528 3617 4599 (al.
3648 4528 3786 4583 alius

2210 4637 2408 4689 autem,
2451 4624 2715 4687 Mentitur,
2742 4623 2897 4689 alius,
2943 4622 3185 4687 Fallitur,
3236 4621 3392 4686 alius,
3438 4620 3639 4690 Deﬁcit.
3673 4620 3785 4689 Hoc

2211 4726 2386 4771 autem
2431 4715 2655 4770 multum
2695 4715 2762 4768 ab
2806 4713 2895 4767 illo
2931 4712 3125 4767 diﬂ‘ert.
3156 4712 3362 4769 Mentiri
3393 4715 3535 4767 enim
3561 4720 3640 4765 est
3672 4712 3783 4766 vitii

2211 4807 2349 4876 quod
2380 4807 2429 4860 in
2456 4806 2634 4860 animo
2661 4807 2822 4859 situm
2848 4813 2929 4859 est
2961 4821 2974 4857 :
3007 4804 3237 4859 deﬁcere
3265 4812 3464 4871 autem,
3488 4813 3541 4858 et
3571 4814 3788 4872 praster-

2210 4899 2396 4966 ﬁuere,
2424 4909 2479 4955 et
2511 4913 2631 4954 esse
2679 4898 2965 4960 somnium,
2997 4896 3234 4951 umbram
3262 4906 3315 4949 et
3344 4895 3553 4961 ﬂorem,
3585 4896 3785 4963 signiti-

2209 5000 2295 5046 cat
2335 5001 2534 5044 natura:
2580 4989 2858 5042 vilitatem.
2901 4987 3043 5041 Idem
3086 4994 3169 5040 est
3210 4986 3349 5039 enim
3383 4985 3433 5039 id
3462 4985 3601 5055 quod
3653 4985 3788 5041 dixit

2211 5072 2485 5144 alius-ﬁgo
2501 5089 2612 5127 sum
2634 5081 2766 5126 terra
2785 5083 2829 5125 et
2858 5071 2983 5124 cinis
3007 5068 3346 5142 (Gen.18.27)
3370 5088 3383 5123 :
3412 5080 3467 5123 et
3491 5068 3786 5143 alitis,‘Quid

2211 5164 2433 5233 superbit
2479 5177 2611 5218 terra
2652 5172 2698 5217 et
2749 5163 2875 5217 cinis
2917 5161 3101 5233 (Eccli.
3149 5162 3234 5215 10.
3277 5162 3377 5232 9)?
3414 5169 3469 5216 et
3503 5176 3685 5215 rursus
3729 5170 3789 5213 ut

2210 5257 2422 5326 quando
2448 5255 2576 5310 dicit
2601 5254 2686 5309 hic
2717 5254 2992 5323 propheta,
3026 5253 3160 5320 Quid
3195 5262 3266 5309 est
3292 5253 3460 5318 homo,
3501 5251 3636 5322 quod
3676 5265 3786 5304 me-

2211 5365 2322 5402 mor
2348 5365 2399 5402 es
2427 5349 2536 5419 ejus
2562 5345 2731 5418 (Psal.
2763 5346 2816 5400 8.
2850 5344 2931 5416 5)?
2959 5345 3151 5414 ubique
3179 5354 3384 5399 natura:
3410 5343 3684 5407 vilitatem,
3732 5349 3789 5394 et

2211 5455 2329 5494 eam
2367 5438 2496 5493 nihil
2542 5453 2663 5494 esse
2707 5436 3031 5508 signiﬁcans.
3063 5435 3136 5491 De
3178 5434 3447 5504 segetibus
3475 5432 3617 5489 enim
3650 5430 3787 5486 dici-

2289 5641 2361 5705 (a)
2387 5642 2490 5693 Vox
2511 5641 2753 5707 Hebraiea
2775 5646 2881 5707 est,
2903 5643 3028 5707 312,
3067 5656 3217 5707 quam
3234 5641 3517 5707 διάψψᾳμᾳι
3549 5640 3620 5692 int
3626 5652 3797 5707 irpre-

2223 5703 2360 5818 sita;
2389 5706 2555 5772 trulla
2571 5721 2586 5768 ;
2620 5705 2940 5770 διαψεύδεται,
2979 5703 3304 5769 Symmachus
3322 5703 3344 5766 ς’
3370 5704 3597 5767 ἐκλείπει,
3626 5703 3797 5754 Theo-
