4112 6342
395 365 500 424 323

393 503 510 558 ριος
537 479 709 547 οὗτος.
732 479 796 535 Τί
812 475 905 534 οὖν
925 495 1120 550 φησιν;
1158 479 1541 534 Ἐπίστευσα.
1559 478 1652 531 διὸ
1667 476 1960 543 ἐλάλησα.

395 575 586 630 Καίτοι
612 573 766 626 οὐδὲν
793 570 1053 639 ἐλάλησεν
1081 568 1313 628 οὐδέπω,
1358 567 1494 620 ἀλλά
1521 568 1583 620 τὸ
1611 567 1710 638 ἤδη
1739 565 1969 636 λαληθὲν

391 663 540 730 λέγει
565 661 703 714 κατά
730 658 969 711 διάνοιαν
1002 655 1169 726 αὐτῷ.
1213 655 1280 708 Τί
1328 657 1444 709 ἐστι
1468 657 1530 710 τὸ
1569 656 1672 726 ἤδη
1704 653 1967 722 λαληθέν;

405 750 715 817 Ἔννοήσας,
754 746 908 814 φησὶ,
938 744 1036 814 τὴν
1067 743 1370 814 συμφορὰν,
1407 744 1502 795 καὶ
1536 743 1636 813 τὴν
1665 738 1972 810 τραγῳδίαν

392 839 492 909 τὴν
526 835 816 904 Ἰουδαῖκὴν
842 873 856 894 ,
907 831 1002 884 καὶ
1033 832 1134 900 τὴν
1164 830 1541 900 πανωλεθρίαν
1589 829 1822 897 ἐκείνην,
1877 826 1974 880 καὶ

392 927 491 995 τὴν
520 925 598 986 εἰς
641 921 791 984 τέλος
832 921 1145 991 ἐρήμωσιν,
1194 918 1293 971 οὐκ
1345 917 1596 984 ἀπέγνων
1638 917 1736 986 τῆς
1770 915 1862 967 ἐπὶ
1911 912 1972 965 τὸ

396 1013 602 1084 βέλτιον
634 1008 954 1081 μεταϐολῆς,
1008 1006 1142 1060 ἀλλά
1195 1006 1288 1058 καὶ
1338 1006 1543 1076 ἤλπισα
1598 1003 1824 1073 ταύτην,
1878 1001 1972 1055 καὶ

395 1098 702 1169 ἀπήγγειλα
725 1097 914 1167 αὐτὴν,
954 1095 1047 1148 καὶ
1080 1095 1338 1164 ἐλάλησα.
1381 1093 1491 1147 Καὶ
1520 1092 1625 1164 γὰρ
1651 1093 1707 1144 ἐν
1733 1094 1842 1154 τοῖς
1868 1090 1970 1160 ἐμ-

398 1187 632 1260 προσθεν
658 1183 887 1255 ψαλμοῖς
917 1181 1086 1235 πολλά
1115 1182 1246 1251 περὶ
1281 1181 1450 1251 αὐτῆς
1493 1178 1772 1250 διελέχθην
1797 1196 1809 1209 ’
1849 1178 1972 1231 ἐλά·

395 1274 537 1345 λησα
574 1272 629 1324 δέ
667 1271 760 1325 καὶ
791 1268 1100 1338 ἀπήγγειλα
1144 1267 1253 1320 ἀπὸ
1299 1267 1400 1338 τῆς
1438 1266 1672 1329 πίστεως
1725 1265 1975 1319 παιδευό-

401 1378 578 1432 μενος.

467 1461 537 1522 7'.
569 1452 792 1522 Ἕτερος
822 1448 950 1518 γοῦν
981 1450 1041 1501 06
1078 1448 1282 1519 σφόδρα
1313 1445 1515 1516 ταύτην
1545 1442 1973 1516 πεπαιδευμένος

401 1542 504 1610 ὅρα
531 1538 649 1601 πῶς
669 1535 896 1606 χωλεύει
934 1535 1031 1589 καὶ
1055 1534 1384 1605 θορυϐεῖται.
1411 1533 1476 1587 Εἰ
1502 1531 1612 1603 γάρ
1637 1529 1798 1584 Δαυῖδ
1825 1530 1974 1599 λέγει

400 1623 489 1676 τὸν
532 1621 746 1691 ψαλμὸν
772 1620 1002 1682 ἐκεῖνον,
1034 1616 1149 1670 ἀλλ’
1185 1617 1284 1669 οὐκ
1318 1615 1378 1680 ἐξ
1406 1615 1606 1668 οἰκείου
1647 1615 1970 1686 προσώπου,

399 1706 535 1760 ἀλλὰ
578 1704 686 1759 τῶν
717 1701 1060 1773 χωλευόντων
1090 1699 1160 1753 τά
1213 1699 1360 1768 πάθη
1406 1697 1761 1768 διηγούμενος
1803 1698 1974 1761 οὕτως

401 1790 582 1858 ἔλεγεν
603 1805 617 1818 ·
659 1788 752 1852 Ὡς
781 1783 1002 1854 ἀγαθὸς
1031 1787 1063 1837 ό
1097 1782 1241 1848 Θεὸς
1267 1781 1348 1848 τῷ
1398 1781 1636 1850 Ἰσραὴλ
1670 1791 1690 1811 ⁸
1722 1781 1845 1847 τοῖς
1875 1783 1974 1835 εὐ-

400 1877 531 1929 θέσι
553 1871 626 1940 τῇ
647 1869 893 1938 καρδίᾳί
928 1866 1109 1938 Ἔμοῦ
1143 1866 1212 1920 δὲ
1233 1865 1392 1933 παρὰ
1410 1865 1628 1935 μικρὸν
1647 1866 1978 1932 ἐσαλεύθη·

401 1974 522 2011 σαν
550 1959 600 2010 οὶ
625 1953 826 2019 πόδες,
855 1951 992 2019 παρ’
1027 1951 1234 2019 ὀλίγον
1264 1949 1518 2019 ἐξεχύθη
1554 1947 1625 2001 τὰ
1649 1947 1977 2018 διαϐήματά

401 2056 551 2110 μουο
596 2039 658 2091 06
693 2038 823 2106 περὶ
866 2034 1044 2088 ποδῶν
1082 2033 1257 2101 λέγων
1297 2033 1390 2086 καὶ
1422 2031 1804 2102 διαδημάτων,
1840 2031 1976 2084 ἀλλά

403 2125 531 2196 περὶ
567 2121 840 2191 λογισμῶν
869 2118 1230 2190 χωλευόντων.
1273 2117 1383 2170 Καὶ
1416 2116 1513 2186 τὴν
1548 2115 1723 2168 αἰτίαν
1761 2116 1973 2184 ἐπάγει,

411 2209 586 2276 λέγων
604 2221 616 2234 ·
670 2205 800 2258 Ὀτι
830 2202 1108 2268 ἐζήλωσα
1133 2199 1233 2252 ἐπὶ
1262 2198 1386 2265 τοῖς
1415 2199 1679 2267 ἀνόμοις,
1697 2199 1941 2252 τουτέστι
1961 2239 1975 2263 ,

403 2293 529 2354 τοὺς
553 2288 862 2361 βαρϐάρους
889 2284 1306 2352 εὐδοκιμοῦντας
1329 2281 1491 2353 ὁρῶν,
1517 2282 1585 2336 τὰ
1616 2283 1671 2336 δὲ
1710 2283 1978 2336 Ἰουδαίων

403 2370 866 2441 τεταπεινωμένα.
888 2369 998 2422 Καὶ
1035 2368 1089 2420 τί
1117 2367 1216 2437 τῆς
1263 2365 1491 2435 χωλείας
1529 2366 1676 2434 λέγει
1709 2366 1768 2419 τὸ
1805 2361 1977 2429 εἶδος;

403 2457 515 2514 Καὶ
548 2453 720 2511 εἷπον
737 2455 785 2495 δ’
819 2457 954 2520 Ἀρα
981 2452 1242 2522 ματαίως
1261 2449 1580 2504 ἐδικαίωσα
1598 2450 1712 2518 τὴν
1731 2449 1980 2518 καρδίαν

403 2560 541 2613 μου,
571 2541 669 2594 καί
701 2537 1004 2606 ἐνιψάμην
1028 2537 1098 2588 ἐν
1116 2531 1326 2598 ἀθώοις
1346 2533 1452 2600 τὰς
1472 2533 1674 2603 χεῖράς
1707 2551 1844 2603 μου.
1869 2534 1979 2613 καὶ

404 2611 569 2679 πόθεν
588 2620 814 2676 τοιαῦτα
839 2618 1086 2690 προήχθη
1121 2617 1317 2679 εἰπεῖν,
1350 2616 1499 2685 λέγει
1520 2634 1534 2648 ο
1570 2618 1696 2670 Ὅτι
1723 2615 1851 2670 ίδοὺ
1873 2611 1976 2671 οὗ-

403 2729 492 2766 τοι
524 2712 578 2763 οἱ
619 2705 952 2777 ἁμαρτωλοί
991 2705 1092 2758 καὶ
1121 2703 1518 2772 εὐθηνοῦντες
1545 2704 1632 2768 εὶς
1655 2700 1763 2754 τὸν
1794 2699 1980 2754 αἰῶνα

406 2791 710 2861 κατέσχον
745 2789 1034 2843 πλούτου.
1066 2785 1199 2841 Εἶτα
1236 2788 1338 2854 ὅρα
1370 2785 1486 2849 πῶς
1518 2784 1710 2838 ἑαυτὸν
1745 2785 1980 2838 ἀνακτᾶ-

405 2894 515 2930 ται·
547 2878 616 2929 EI
645 2875 890 2942 ἔλεγον,
922 2870 1283 2940 διηγήσομαι
1313 2869 1493 2924 οὕτω·
1545 2868 1724 2922 Τοῦτο
1773 2869 1979 2935 κόπος,

411 2960 598 3030 φησὶν,
630 2957 804 3010 ἐστίν
842 2953 1098 3008 ἐνώπιόν
1121 2971 1261 3022 μου,
1295 2952 1405 3017 ἕως
1428 2947 1498 3006 οὗ
1523 2950 1774 3006 είσέλθω
1800 2955 1886 3019 είς
1913 2953 1980 3008 τὸ

408 3039 801 3110 άτιαστήριον
843 3036 950 3091 τοῦ
993 3037 1171 3096 Θεοῦ,
1205 3035 1302 3090 καὶ
1341 3034 1509 3089 συνῶ
1529 3037 1616 3100 εις
1646 3035 1719 3088 τὰ
1752 3036 1984 3106 ἔσχατα

405 3123 622 3180 αὐτῶν.
647 3125 710 3174 Ὃ
730 3121 786 3175 δὲ
810 3121 975 3188 λέγει,
999 3118 1234 3173 τοιοῦτόν
1253 3119 1398 3170 ἐστιν
1419 3134 1434 3149 ο
1474 3116 1702 3170 Ἐκοπού
1710 3135 1838 3188 μην,
1859 3120 1983 3172 ἐτα-

407 3207 799 3279 λαιπωρούμην
823 3207 878 3257 ἐν
903 3206 1015 3267 τοῖς
1043 3203 1339 3273 λογισμοῖς.
1361 3201 1612 3255 Τοιοῦτον
1639 3202 1748 3273 γάρ
1784 3203 1813 3255 6
1838 3202 1984 3271 λογι-

411 3292 567 3362 σμός.
605 3284 737 3342 Εἶτα
763 3286 1119 3357 ἐλογιζόμην,
1156 3288 1238 3340 ὅτι
1269 3287 1502 3357 πρᾶγμα
1537 3285 1793 3338 ἐπίπονον
1823 3285 1982 3342 ποιῶ.

409 3372 594 3428 Ταῦτα
619 3371 924 3441 ἀναζητῶν,
945 3369 1095 3422 οὐδὲν
1116 3369 1414 3440 δυνήσομαι
1441 3368 1625 3438 σαφῶς
1644 3367 1862 3435 εἰδέναι,
1880 3369 1985 3433 ἕως

409 3459 476 3513 ἂν
503 3455 760 3512 ἀπολάϐω
797 3451 1052 3524 πατρίδα.
1501 3483 1506 3488 ι

493 3559 653 3630 Ὁρᾷς
690 3559 811 3610 ὅσον
867 3553 1036 3608 κακόν
1073 3555 1190 3606 ἐστι
1236 3552 1516 3622 λογισμοῖς
1555 3552 1870 3624 ἐπιτρέπειν
1919 3553 1986 3606 τὰ

411 3643 709 3716 πράγματα
738 3640 838 3710 τῆς
873 3637 1128 3700 πίστεως,
1170 3637 1267 3690 καὶ
1311 3637 1385 3708 μὴ
1418 3639 1482 3707 τῇ
1520 3637 1739 3700 πίστει;
1772 3639 1834 3690 Et
1878 3637 1986 3708 γὰρ

409 3728 617 3788 ἐκεῖνος
642 3719 710 3794 ἦν
731 3719 992 3792 πεπηγὼς
1007 3722 1064 3773 ἐν
1087 3723 1154 3791 τῇ
1179 3721 1377 3782 πίστει.
1399 3721 1501 3775 οὐκ
1523 3721 1588 3774 ἂν
1608 3721 1778 3774 ταῦτα
1799 3721 1989 3792 ἐφθέγ-

413 3810 561 3875 ξατο,
603 3807 703 3860 οὐκ
731 3806 797 3859 ἂν
816 3803 965 3876 [312]
989 3802 1313 3874 ἐθορυϐήθη,
1339 3804 1438 3856 οὐκ
1469 3803 1534 3856 ἂν
1563 3803 1856 3874 ἐταράχθη,
1887 3805 1986 3857 οὐκ

414 3892 483 3947 ἂν
513 3889 876 3960 ἐσαλεύθησαν
918 3889 968 3941 οἱ
1014 3887 1172 3949 πόδες
1198 3885 1385 3948 αὑτοῦ,
1417 3886 1517 3939 οὐκ
1550 3886 1616 3939 ἂν
1649 3887 1776 3955 παρ’
1807 3888 1986 3955 ὀλίγον

413 3974 641 4045 ἐξεχύθη
666 3972 734 4026 τὰ
770 3971 1078 4042 διαδήματα
1118 3969 1302 4023 αὐτοῦ.
1354 3969 1493 4024 Ἀλλ’
1524 3971 1623 4040 οὐχ
1650 3973 1678 4024 6
1700 3973 1988 4042 Προφήτης

414 4061 606 4125 οὕτως,
644 4058 756 4112 ἀλλ’
789 4057 882 4110 ἐπὶ
907 4057 1005 4125 τῆς
1037 4056 1240 4126 πέτρας
1267 4054 1510 4126 έστηκὼς
1539 4056 1637 4108 οὐκ
1660 4055 1986 4124 ἐθορυϐεῖτο,

413 4147 516 4199 οὐκ
562 4143 914 4214 ἐταράττετο,
956 4139 1069 4192 ἀλλ’
1113 4137 1255 4208 ὁρῶν
1304 4139 1371 4192 τὰ
1421 4139 1519 4208 μὲν
1554 4139 1663 4191 τῶν
1723 4139 1990 4192 Ἰουδαίων

416 4231 558 4283 οὕτω
577 4227 914 4296 διακείμενα,
947 4222 1014 4276 τά
1043 4222 1098 4276 δέ
1128 4223 1235 4274 τῶν
1271 4222 1560 4293 βαρϐάρων
1587 4223 1865 4286 ἐναντίως,
1900 4222 1991 4276 καὶ

417 4313 546 4383 περὶ
568 4311 670 4381 τῆς
699 4307 956 4362 ἐπανόδου
982 4307 1212 4376 λαμπρᾷ
1235 4309 1300 4375 τῇ
1342 4309 1492 4377 φωνῇ
1523 4306 1619 4360 καὶ
1651 4306 1993 4377 πεπληροφο-

421 4395 635 4467 ρημένῃ
661 4392 867 4463 διανοίᾳ
892 4391 1154 4461 ἐκήρυττε
1186 4389 1423 4460 συνεχῶς
1445 4390 1539 4443 καὶ
1568 4391 1625 4442 ἐν
1647 4389 1860 4453 πολλοῖς
1881 4394 1992 4454 τοῖς

418 4480 651 4549 ψαλμοῖς
670 4516 685 4539 ,
712 4476 806 4529 καὶ
850 4474 1055 4544 σφόδρα
1097 4473 1319 4544 ἐθάρρει
1338 4513 1353 4536 ,
1385 4472 1507 4526 οὔτε
1539 4476 1602 4544 τῇ
1633 4473 1859 4544 δυνάμει
1887 4474 1993 4528 τῶν

423 4563 711 4634 βαρϐάρων
741 4559 1042 4630 προσέχων,
1070 4555 1194 4610 οὔτε
1223 4560 1288 4627 τῇ
1320 4557 1564 4628 εὐτελείᾳ
1589 4561 1654 4628 τῇ
1692 4559 1955 4629 Ἰουδαϊκῇ
1975 4599 1990 4622 ,

418 4645 557 4701 ἀλλὰ
580 4647 646 4716 τῇ
683 4642 907 4711 δυνάμει
935 4651 958 4678 ε
1000 4638 1094 4692 τοῦ
1126 4638 1300 4693 ταῦτα
1333 4641 1800 4711 ἐπαγγειλαμένου
1833 4641 1990 4694 Θεοῦ.

419 4729 512 4782 Διό
568 4742 768 4796 φησιν’
821 4724 1212 4783 Ἐπίστευσα,
1263 4723 1356 4776 διὸ
1401 4723 1714 4792 ἐλάλησαο
1771 4725 1886 4794 ἐγὼ
1927 4725 1996 4779 δὲ

419 4808 822 4875 ἐταπεινώθην
853 4805 1108 4875 σφόδρα.
1137 4806 1362 4876 ’Έτερος
1393 4825 1577 4878 φησιν,
1618 4807 1762 4875 Ἐγὼ
1790 4806 1996 4877 μέντοι

417 4891 730 4958 ἐκακώθην
757 4889 1012 4959 σφόδρα,
1066 4888 1213 4956 Ἐγὼ
1239 4889 1308 4941 δὲ
1338 4885 1476 4942 εἶπα
1504 4891 1573 4943 ἐν
1604 4889 1679 4958 τῇ
1709 4891 1995 4944 ἐκστάσει

412 4995 557 5044 μου,
584 4973 707 5040 Πᾶς
740 4975 1044 5041 ἅνθρωπος
1067 4973 1359 5040 ψεύστης.
1392 4974 1646 5043 Ἕτεροςο
1680 4975 1788 5028 Καὶ
1825 4971 1996 5029 εἶπον

418 5058 759 5126 ἀδημονῶν,
789 5055 915 5123 Πᾶς
949 5057 1257 5124 ἅνθρωπος
1286 5057 1684 5124 διαψεύδεται.
1720 5057 1996 5112 Ἐντεῦθεν
2039 5095 2044 5100 -

419 5143 584 5196 πάλιν
615 5143 682 5196 τὰ
709 5143 808 5212 τῆς
837 5141 1072 5204 πίστεως
1101 5140 1327 5211 λαμπρά
1357 5142 1650 5208 δείκνυται,
1681 5143 1764 5196 ὅτι
1791 5145 1914 5198 οὐδὲ
1935 5145 1996 5198 τὸ

484 5311 511 5340 ⁸
538 5307 616 5356 Sic
633 5307 773 5357 LXX.
802 5304 901 5356 Alii
923 5305 1009 5354 τοῦ
1044 5305 1250 5368 Ἰσραήλ.

483 5371 510 5410 ιο
527 5369 582 5418 In
600 5369 818 5420 editione
843 5369 1055 5416 Romana
1083 5369 1260 5423 legitur
1279 5367 1358 5414 καὶ
1379 5367 1502 5414 εἶπα.

486 5435 508 5462 ⁸
535 5432 685 5480 Savil.
735 5431 953 5492 εύστιςορία.Δ
987 5430 1172 5492 δράλὶιι
1211 5431 1431 5492 margine
1467 5426 1639 5492 scribit
1677 5446 1751 5492 79.
1806 5431 1994 5492 δυνάμει

424 5493 643 5553 Utraque
669 5494 815 5540 Ieclio
833 5488 1053 5554 quadrat.
1071 5553 1075 5554 ν
1093 5490 1244 5538 Paulo
1268 5497 1386 5554 post
1422 5488 1572 5554 lectio
1595 5488 1880 5554 iiIaélEtspé;
1903 5488 1992 5554 φη-

424 5573 518 5610 σιν,
552 5551 676 5614 Ἐγὼ
701 5551 861 5608 μέντοι
900 5553 1145 5608 ἐκακώεην
1187 5551 1386 5614 σφόδρα,
1424 5551 1662 5614 deeratin
1691 5551 1881 5614 Μοτὸιη
1906 5551 1992 5601 Sed

423 5612 634 5666 habetur
656 5617 703 5663 in
732 5616 842 5662 θεν.
886 5622 1062 5673 estque
1091 5612 1384 5668 Symmachi.
1411 5619 1462 5658 ιιι.
1504 5612 1731 5660 videasin
1761 5613 1996 5673 Hexapiis

423 5678 698 5726 nostris.ex
731 5676 998 5732 liuseb.,et
1015 5686 1074 5722 ex
1097 5688 1184 5722 ms.
1206 5675 1325 5734 Heg.
1343 5674 1510 5734 Lectio
1536 5676 1654 5722 item
1667 5677 1995 5732 sequensma‘i

401 5739 558 5798 ,εἶπον
576 5739 953 5798 ἀδημονῶν,ριρ.
980 5749 1058 5784 ρει
1084 5733 1379 5796 Symmachi,
1405 5743 1455 5784 ut
1473 5734 1654 5784 ibidem
1687 5735 1902 5784 refertur
1929 5750 1994 5785 ex

425 5797 738 5850 Theodoreto
763 5807 816 5846 et
838 5812 899 5847 ex
925 5811 1036 5845 mss.

747 5910 1017 5970 [Ἀτιιοι.
1066 5906 1181 5968 Gn.
1229 5905 1358 5966 LV.

1456 357 1818 417 EXPOSITIO
1846 356 1916 412 IN
1957 351 2294 410 ΡεΑιιιυιι
2335 351 2497 409 CXV.

3536 347 3641 406 526

2078 471 2308 541 μέγεθος
2333 470 2434 540 τῆς
2461 471 2744 540 συμφορᾶς
2771 468 2851 530 εἰς
2881 465 3186 532 ἀπόγνωσιν
3212 459 3373 516 αὐτὸν
3401 460 3643 517 ἐνέϐαλε.

2076 556 2329 610 Τοιοῦτον
2353 555 2463 626 γὰρ
2497 555 2531 625 ὴ
2558 553 2742 615 πίστις
2766 567 2778 579 °
2813 551 2934 622 ίερά
2963 548 3047 611 τίς
3073 548 3219 600 ἐστιν
3247 545 3483 616 ἄγκυρα,
3509 545 3634 599 πάν-

2069 640 2226 693 τοθεν
2251 638 2517 709 ἀνέχουσα
2543 635 2644 707 τὴν
2665 634 2892 705 ἔχουσαν
2926 632 3094 701 αὐτὴν
3121 630 3377 689 διάνοιαν,
3404 629 3496 682 καὶ
3523 627 3647 682 τότε

2077 723 2308 794 μάλιστα
2327 720 2707 778 διαδείκνυται,
2727 719 2855 770 ὅταν
2881 717 2945 769 ἐκ
2968 715 3076 766 τῶν
3098 712 3316 783 ἀπόρων
3331 709 3358 750 (ι
3382 709 3648 782 ἀναπείθῃ

2071 807 2162 860 τὸν
2195 807 2385 877 ἔχοντα
2418 803 2588 873 αὐτὴν
2635 801 2878 874 χρηστὰς
2921 798 3208 867 ἀναμένειν
3243 795 3461 859 ἐλπίδας
3485 835 3499 857 ,
3538 795 3649 848 τῶν

2073 887 2348 958 λογισμῶν
2385 885 2723 940 ἐκϐάλλουσα
2751 884 2840 936 τὸν
2872 881 3121 953 θόρυϐον.
3152 880 3328 950 Ὅπερ
3361 879 3454 931 καὶ
3487 877 3651 939 αὐτὸς

2072 973 2248 1045 δηλῶν
2295 971 2479 1038 ἔλεγεν
2499 987 2513 1000 ·
2567 967 2716 1038 Ἐγὼ
2755 967 2824 1020 δὲ
2854 963 3162 1030 ἐκακώθην
3192 961 3456 1031 σφόδρα.
3486 960 3646 1030 φησί·

2073 1057 2376 1116 τουτέστιν,
2418 1051 2760 1123 Ἐκακώθην,
2791 1051 2906 1104 ἀλλ’
2938 1049 3039 1102 οὐκ
3077 1047 3355 1115 ἀπέγνων,
3386 1045 3508 1098 οὑδέ
3558 1047 3653 1098 άνο

2075 1141 2289 1194 έπεσον.
2322 1136 2456 1192 Εἶτα
2491 1137 2704 1198 δεικνὺς
2727 1175 2741 1197 ,
2773 1135 2854 1188 ὅτι
2880 1133 2977 1201 οὐχ
3015 1129 3202 1192 ἁπλῶς
3235 1128 3488 1196 ἐκακώθη
3513 1168 3528 1192 ,
3557 1127 3653 1181 καὶ

2074 1225 2172 1293 τὴν
2213 1223 2462 1277 ἐπίτασιν
2495 1219 2817 1293 προστίθησι
2853 1217 3027 1284 λέγων
3052 1234 3064 1247 ·
3110 1213 3255 1283 Ἐγὼ
3291 1211 3358 1265 δὲ
3382 1208 3553 1266 εἶπον
3582 1211 3655 1264 ἐν

2074 1308 2150 1378 τῇ
2177 1306 2461 1362 ἐκστάσει
2493 1323 2631 1376 μου,
2660 1301 2784 1369 Πᾶς
2816 1301 3126 1369 ἄνθρωπος
3152 1297 3449 1366 ψεύστης.

2147 1392 2212 1445 Τί
2245 1395 2413 1454 ἐστιν,
2452 1391 2546 1443 Ἐν
2573 1387 2648 1456 τῇ
2673 1385 2957 1441 ἐκστάσει
2986 1400 3142 1453 μου;
3175 1383 3263 1434 Ἐν
3290 1382 3354 1451 τῇ
3381 1380 3480 1433 ὑπε
3492 1377 3651 1448 ρϐολῇ

2074 1476 2174 1546 τῆς
2231 1474 2518 1545 συμφορᾶς
2543 1516 2557 1537 ,
2590 1471 2785 1540 φησὶν,
2827 1470 2886 1522 ἐν
2936 1466 3013 1538 τῷ
3055 1464 3272 1537 μεγέθει
3308 1480 3417 1516 των
3447 1461 3651 1546 κακῶν.

2077 1545 2342 1621 Τοσοῦτος
2374 1558 2484 1628 γὰρ
2520 1554 2751 1626 ἐπῆλθεν
2781 1554 2913 1625 ἡμῖν
2941 1548 3244 1620 πειρασμδ,
3268 1588 3283 1611 ,
3318 1546 3396 1608 ὡς
3428 1546 3521 1598 καὶ
3548 1545 3654 1597 εκ-

2079 1660 2267 1697 στασιν
2310 1641 2406 1695 καὶ
2445 1638 2614 1711 κάρον
2653 1637 2905 1691 ἐνθεῖναι.
2946 1635 3243 1688 ’Έκστασιν
3279 1631 3388 1702 γὰρ
3423 1628 3654 1682 ἐνταῦθα

2076 1729 2176 1796 τὴν
2214 1723 2570 1792 ἀναισθησίαν
2598 1721 2695 1792 τὴν
2722 1723 2786 1774 ἐκ
2818 1719 2925 1773 τῶν
2955 1718 3140 1772 κακῶν
3162 1715 3452 1786 γινομένην
3483 1713 3651 1796 λέγειΣ

2091 1791 2244 1862 Ἐπεὶ
2270 1808 2364 1861 καὶ
2390 1791 2486 1860 ἐπὶ
2509 1805 2604 1859 τοῦ
2641 1791 2826 1874 Ἀδὰμ.
2855 1804 2982 1855 ὅταν
3001 1800 3155 1871 λέγῃ,
3175 1800 3256 1852 ὅτι
3282 1797 3544 1852 ἐπέϐαλεν
3566 1791 3655 1846 ἐπ’

2079 1892 2241 1946 αὐτὸν
2273 1891 2549 1952 ἔκστασιν,
2582 1886 2936 1957 ἀναισθησίαν
2963 1883 3086 1936 τινὰ
3109 1882 3274 1951 λέγει.
3297 1882 3405 1934 Καὶ
3426 1879 3534 1948 γὰρ
3563 1877 3656 1930 ἐκ-

2073 1977 2268 2037 ’στασις
2303 1974 2518 2042 λέγεται
2543 1972 2605 2025 τὸ
2642 1969 2744 2034 ἔξω
2783 1967 2945 2022 αὐτοῦ
2984 1965 3255 2036 γενέσθαι.
3297 1961 3658 2030 Ἐπεϐέϐλητο

2081 2061 2139 2113 δὲ
2175 2056 2324 2127 αὐτῷ
2373 2057 2518 2120 τότε,
2563 2054 2706 2108 ὥστε
2757 2054 2829 2124 μὴ
2875 2050 3225 2108 αἰσθάνεσθαι
3272 2049 3371 2118 τῆς
3419 2047 3656 2116 πλευρᾶς

2079 2140 2512 2212 ἀφαιρουμένης,
2580 2138 2715 2209 μηδὲ
2750 2136 2984 2204 ἀλγῆσαι
3035 2134 3112 2204 τῷ
3157 2132 3452 2202 γενομένῳ.
3502 2129 3659 2184 υῦτω

2079 2225 2330 2279 κλέπτων
2365 2225 2394 2277 ὁ
2441 2222 2573 2284 Θεὸς
2614 2221 2714 2289 τῆς
2749 2221 2940 2288 ὀδύνης
2983 2217 3082 2288 τὴν
3126 2217 3409 2286 αἴσθησιν,
3448 2214 3534 2266 ἴνα
3582 2213 3658 2284 μὴ

2085 2309 2289 2377 μισήσῃ
2313 2307 2373 2359 τὸ
2401 2305 2460 2369 ἐξ
2485 2304 2649 2358 αὐτοῦ
2681 2303 2996 2374 γινόμενον,
3030 2303 3124 2354 an
3156 2299 3434 2368 ἀλγήσας,
3463 2295 3659 2348 ἐπέϐα-

2081 2391 2171 2444 λεν
2198 2401 2221 2429 ε
2249 2391 2335 2443 ἐπ’
2364 2389 2526 2442 αὑτὸν
2552 2387 2829 2440 ἔκστασιν.
2860 2387 2970 2439 Καὶ
3005 2380 3238 2454 ἀλλαχοῦ
3271 2382 3449 2444 πάλιν,
3485 2382 3662 2434 Ἐπε-

2081 2489 2196 2527 σεν
2238 2474 2329 2526 ἐπ’
2363 2471 2586 2538 αὐτοὺς
2633 2471 2960 2534 ἔκστασις,
2997 2469 3148 2539 φησί.
3191 2469 3374 2536 Κάρον
3405 2465 3527 2518 τινὰ
3565 2466 3662 2518 καὶ

2082 2558 2199 2610 ἐκεῖ
2218 2555 2386 2626 δηλοῖ,
2423 2555 2515 2608 καὶ
2547 2554 2606 2607 τὸ
2636 2553 2740 2620 ἐξω
2763 2553 3066 2624 αἰσθήσεως
3090 2551 3362 2620 γενέσθαι.
3394 2550 3502 2602 Καὶ
3533 2565 3661 2601 παν-

2081 2639 2248 2710 ταχοῦ
2286 2641 2319 2709 ἠ
2353 2637 2610 2700 ἔκστασις
2630 2636 2789 2689 τοῦτο
2815 2635 3067 2706 ἐμφαίνει
3097 2635 3140 2686 ί.
3177 2633 3386 2686 Γίνεται
3412 2632 3468 2686 δέ
3509 2632 3542 2702 ἢ
3567 2631 3659 2685 τοῦ

2081 2720 2220 2775 Θεοῦ
2251 2720 2645 2792 ἐργαζομένου,
2672 2719 2704 2788 ἢ
2725 2719 2824 2788 τῆς
2847 2717 3150 2789 ὑπερϐολῆς
3169 2717 3276 2770 τῶν
3291 2715 3478 2770 κακῶν
3495 2715 3660 2784 κάρον

2085 2807 2438 2875 ἐμποιούσης.
2456 2799 2578 2856 Οἷδε
2595 2803 2702 2873 γὰρ
2720 2803 2814 2856 καὶ
2835 2819 2897 2854 συ
2907 2800 3090 2874 μφορά
3110 2803 3280 2854 ποιεῖν
3294 2801 3544 2853 ἔκστασιν
3567 2797 3661 2852 καὶ

2084 2888 2274 2961 κάρον.
2317 2885 2577 2940 Ἐνταῦθα
2601 2881 2694 2939 οὖν
2717 2885 2971 2938 ἔκστασιν
3004 2885 3173 2952 λέγει,
3207 2884 3267 2936 τὸ
3302 2881 3526 2953 μέγεθος
3558 2880 3664 2933 τῶν

2085 2971 2272 3027 κακῶν
2290 2970 2398 3024 τῶν
2421 2969 2841 3040 κατειληφότων.
2863 2969 2926 3021 Τί
2941 2968 2998 3021 δέ
3015 2969 3166 3020 ἐστιν
3193 2967 3222 3019 ὅ
3250 2964 3533 3035 φησι,Πᾶς
3553 2963 3664 3016 ἁν-

2083 3062 2318 3124 θρωπος
2334 3055 2629 3122 ψεύστης
2645 3049 2794 3123 [515]
2812 3051 2997 3115 Οὐδεὶς
3023 3046 3114 3104 οὖν
3135 3049 3359 3120 ἀληθήςς
3391 3048 3513 3110 Πῶς
3529 3043 3620 3101 οὖν
3636 3049 3664 3100 6

2099 3139 2217 3194 Ἰὼϐ
2243 3139 2654 3208 ἀναγέγραπται
2688 3136 3032 3202 Ἀνθρωπος
3061 3136 3369 3200 ἀληθινὸς,
3415 3132 3665 3201 δίκαιος,

2086 3221 2460 3287 θεοσεϐής;Τί
2474 3219 2530 3272 δέ
2544 3220 2638 3272 καὶ
2651 3235 2716 3270 πε
2724 3218 2778 3291 ρὶ
2789 3216 2893 3271 τῶν
2910 3218 3202 3290 προφητῶν
3214 3216 3336 3288 ἐροῦ
3346 3232 3465 3286 μενς
3481 3216 3542 3268 Et
3557 3215 3664 3286 γὰρ

2087 3308 2180 3360 καὶ
2205 3307 2401 3359 ἐκεῖνοι
2429 3302 2679 3373 ψεῦσται,
2709 3301 2804 3356 καὶ
2827 3302 3123 3372 ἐψεύσαντο
3141 3302 3176 3356 ἃ
3198 3303 3471 3372 εἰρήκασι,
3489 3300 3664 3354 πάντα

2086 3392 2326 3462 οἴχεται.
2353 3390 2419 3443 Τί
2462 3387 2519 3442 δὲ
2548 3389 2576 3441 6
2609 3387 2891 3459 Ἀϐραάμ;
2939 3387 2994 3440 τί
3021 3387 3079 3440 δὲ
3105 3388 3154 3440 ot
3191 3387 3388 3440 δίκαιοι
3432 3384 3662 3450 πάντες,

2097 3475 2261 3544 Ὁρᾷς
2307 3473 2430 3526 ὅσον
2465 3471 2584 3525 ἐστὶ
2607 3472 2778 3525 κακὸν
2803 3472 2902 3541 τὴν
2935 3470 3078 3537 λέξιν
3105 3469 3293 3534 ἁπλῶς
3321 3467 3665 3538 ἐκδέχεσθαι,

2088 3560 2185 3610 καὶ
2219 3556 2293 3628 μὴ
2318 3555 2387 3609 τὰ
2403 3557 2652 3626 νοήματα
2678 3556 3063 3625 περισκοπεῖνς
3088 3552 3154 3605 Τί
3165 3548 3260 3606 οὖν
3283 3553 3430 3605 ἐστιν
3460 3553 3488 3604 6
3513 3568 3666 3622 φησι,

2087 3641 2214 3707 Πᾶς
2244 3639 2556 3708 ἄνθρωπος
2594 3639 2904 3707 ψεύστης;
2942 3640 3007 3692 Ὅ
3043 3636 3277 3706 ἀλλαχοῦ
3312 3652 3506 3705 φησιν,
3541 3637 3668 3689 Ἀν-

2090 3727 2319 3792 θρωπος
2347 3721 2688 3790 ματαιότητι
2713 3720 3001 3790 ὡμοιώθη.
3035 3721 3102 3773 Ὀ
3137 3720 3230 3775 καὶ
3255 3721 3340 3774 ’έτε
3351 3737 3440 3791 ρος
3465 3721 3666 3790 προφή.

2088 3824 2190 3877 της
2219 3802 2370 3859 εἷπε’
2398 3803 2573 3859 Πᾶσα
2597 3803 2752 3872 σὰρξ
2785 3806 3016 3873 χόρτος,
3047 3803 3143 3856 καί
3186 3802 3354 3858 πᾶσα
3392 3802 3542 3866 δόξα
3561 3804 3669 3857 ἀν-

2091 3889 2326 3958 θρώπου
2351 3889 2432 3954 ὡς
2454 3886 2637 3953 ἄνθος
2665 3889 2915 3956 χόρτουο
2955 3887 3260 3948 τουτέστιν,
3292 3884 3670 3938 εὐτελέστατον

2092 3974 2326 4060 πρᾷγμα
2345 4012 2361 4037 ,
2388 3970 2703 4042 παραρρέον
2727 4009 2743 4032 ,
2792 3971 2922 4041 σκιᾷ
2952 3968 3130 4032 ἐοικὸς
3153 4009 3168 4033 ,
3195 3968 3433 4038 ὀνείρατι
3455 4007 3468 4031 ,
3500 3967 3675 4060 είκόνξ

2091 4055 2215 4110 τινί.

2163 4137 2226 4190 6'.
2259 4136 2368 4190 Καὶ
2399 4137 2486 4189 ἵνα
2520 4135 2721 4207 μάθῃς.
2755 4136 2838 4188 ὅτι
2881 4135 2979 4205 οὐχ
3008 4134 3192 4196 ἁπλῶς
3231 4134 3464 4198 εἰκάζων
3496 4132 3673 4186 ταῦτα

2092 4224 2256 4293 λέγω,
2288 4224 2474 4294 ἐτερος
2501 4224 2845 4295 ἑρμηνευτὴς
2875 4219 3017 4288 εἷπε,
3057 4223 3428 4291 Διάψευσμα,
3457 4223 3554 4274 καὶ
3575 4221 3671 4275 ἄλ-

2095 4309 2206 4372 λος,
2241 4307 2652 4376 Διαψεύδεται,
2694 4307 2790 4361 καὶ
2827 4309 3038 4378 ἕτερος,
3076 4307 3389 4362 Ἐκλείπει.
3435 4307 3573 4360 Πολὺ
3614 4305 3672 4359 δέ

2093 4391 2253 4445 τοῦτο
2283 4390 2490 4445 ἐκείνου
2521 4391 2797 4461 διέστηκε.
2841 4391 2914 4443 Τὸ
2947 4391 3047 4460 μὲν
3099 4391 3208 4462 γάρ
3241 4389 3531 4458 ψεύδεσθαι
3575 4406 3674 4442 κα-

2096 4477 2222 4539 κίας
2246 4475 2363 4528 ἐστὶ
2390 4474 2491 4544 τῆς
2521 4473 2663 4528 κατά
2687 4473 2866 4545 ψυχήν
2888 4491 2900 4504 ·
2929 4475 2990 4528 τὸ
3013 4473 3071 4526 δὲ
3101 4473 3372 4527 ἐκλείπειν
3405 4475 3499 4526 καὶ
3519 4474 3674 4544 διαρ·

2099 4560 2233 4629 ῥεῖν,
2272 4557 2369 4610 καὶ
2400 4559 2771 4629 παραρρεῖ-ιϐ,
2807 4557 2900 4610 καὶ
2932 4557 3064 4630 ὄναρ
3097 4553 3235 4610 εἶναι
3272 4559 3366 4610 καὶ
3386 4556 3544 4620 ἄνθος
3581 4556 3676 4610 καὶ

2100 4641 2280 4704 σκιὰν,
2305 4641 2403 4712 τῆς
2430 4641 2573 4694 κατὰ
2607 4641 2767 4708 φύσιν
2805 4640 3094 4704 εὐτελείας.
3126 4641 3334 4694 Ταὺτὸν
3367 4641 3476 4711 γὰρ
3507 4640 3673 4708 λέγει,

2095 4724 2170 4787 ὡς
2202 4725 2331 4778 ὅταν
2377 4727 2507 4798 εἴπῃ
2533 4741 2548 4756 ·
2595 4724 2744 4795 Ἐγὼ
2769 4724 2836 4778 δέ
2862 4727 2978 4794 ειμι
3015 4723 3091 4794 τῆ
3132 4725 3230 4778 καὶ
3267 4723 3531 4790 σποδός·
3584 4723 3677 4778 καὶ

2098 4809 2280 4873 πάλιν,
2329 4809 2390 4861 Τί
2435 4810 2946 4877 ὺπερηςρανεύεται
2999 4808 3074 4878 γῆ
3126 4809 3223 4862 καί
3273 4807 3536 4874 σποδός;
3581 4809 3676 4861 καὶ

2098 4892 2289 4956 πάλιν,
2341 4892 2417 4956 ὡς
2460 4893 2588 4945 ὅταν
2637 4891 2771 4964 λέγῃ
2807 4886 2960 4956 οὗτος
2995 4894 3024 4945 6
3059 4895 3370 4963 προφήτης.
3413 4893 3473 4946 Τί
3503 4891 3678 4944 ἐστιν

2097 4974 2439 5042 ἅνθρωπος,
2484 4975 2571 5028 ὅτι
2615 4975 2916 5043 ἐμνήσθης
2970 4976 3199 5040 abun);
3251 4973 3526 5044 πανταχοῦ
3577 4974 3675 5042 τῆς

2098 5059 2315 5127 φύσεως
2356 5061 2418 5112 τὸ
2447 5060 2662 5124 εὐτελὲς
2708 5061 2903 5132 δηλῶν,
2939 5062 3002 5115 τὸ
3035 5061 3343 5131 οἰδαμινόν.
3402 5059 3511 5114 Καὶ
3565 5057 3674 5128 γὰρ

2100 5143 2192 5195 ἐπὶ
2221 5143 2388 5214 ληῖων
2419 5143 2650 5214 λέγομεν
2671 5159 2686 5173 ο
2709 5143 2784 5197 Τὰ
2832 5143 2960 5215 λήῖα
3009 5144 3352 5215 διεψεύσατο,
3382 5146 3679 5210 τουτέστιν,

2139 5305 2184 5380 ,ιι
2210 5306 2330 5380 Reg.
2362 5307 2417 5353 ἐκ
2438 5307 2533 5354 τῶν
2555 5307 2836 5380 ἀπορρήτων
2870 5311 2951 5380 καὶ
2969 5310 3193 5380 ἀτεθξρῳνὲ
3209 5309 3387 5380 verum
3406 5309 3502 5380 τῶν
3523 5305 3673 5367 ἀποῤ·

2105 5368 2350 5442 ῥήτωνθξιὶε
2371 5381 2466 5442 πιοιι
2489 5368 2729 5442 ρυδόι-οὲο
2751 5371 3001 5442 ρχὶειίιηο.
3028 5368 3454 5442 Ιῦἱά.8δνί1ἱιιῖ;ιι1
3485 5379 3670 5422 vocem.

2129 5429 2342 5494 ναπείθῃ,
2363 5431 2566 5494 alteram
2591 5438 2726 5478 uolat
2749 5429 2796 5480 in
2820 5435 3060 5494 margine,
3093 5445 3272 5492 nempe
3294 5432 3447 5492 πείθῃ.

2164 5503 2186 5528 ο
2213 5491 2428 5552 alteram
2453 5493 2718 5540 lectionem
2763 5499 2899 5542 notat
2926 5489 2986 5542 in
3009 5489 3160 5552 marg.
3185 5489 3540 5550 δονὶιηιιιὶιηρο
3561 5489 3671 5538 ἔδει

2095 5552 2192 5614 λεν.
2216 5549 2340 5598 infra
2373 5553 2459 5606 ἔξω
2502 5555 2784 5610 αἰσθήσεως,
2827 5556 2971 5610 alius,
3013 5549 3266 5602 referente
3305 5553 3362 5614 ad
3401 5549 3674 5614 marginem

2096 5613 2271 5678 cortem
2296 5614 2466 5664 Savil..
2492 5615 2580 5669 ἔξω
2599 5617 2797 5670 ἑαυτῶν,
2819 5618 2865 5664 id
2888 5618 3018 5678 quod
3041 5618 3215 5665 eodem
3237 5613 3414 5664 recidit

2165 5674 2184 5710 ί
2219 5675 2339 5733 Reg.
2376 5683 2422 5722 et
2449 5689 2614 5736 margo
2638 5679 2786 5725 Savil.
2812 5674 2963 5733 δηλοῖ.

2101 5737 2569 5858 ΐεὲοιῇῗὲυτῑαραρρεῐν
2594 5737 2729 5787 deest
2760 5741 2806 5787 in
2830 5740 2982 5790 Sanl.
2999 5741 3096 5791 Sed
3120 5741 3168 5788 in
3181 5739 3400 5796 margine
3422 5736 3482 5787 ab
3503 5735 3678 5786 eodem

3165 5906 3240 5967 20
