4112 6342
356 432 461 491 ἶὩδ

355 564 473 602 mus
502 564 515 601 :
547 545 827 601 Ententitre
852 554 977 600 sunt
1002 554 1232 616 segetes,
1264 545 1367 602 hoc
1391 555 1493 612 est,
1522 562 1672 617 spem
1696 555 1935 600 nostram

354 639 681 704 fefellerunt,
712 652 812 692 nec
843 646 900 693 ut
928 638 1297 708 sperabamus,
1333 639 1570 694 tulerunt
1600 656 1617 695 :
1649 647 1722 703 et,
1754 641 1941 693 Annus

356 740 441 784 est
460 730 768 793 ementitus,
797 729 900 784 hoc
919 745 1104 784 rursus
1128 729 1509 799 signiﬁcantes.
1536 731 1797 797 Quoniam
1814 744 1943 801 ergo

357 823 519 876 homo
569 838 657 877 res
704 830 789 876 est
834 823 972 886 vilis,
1023 831 1182 892 atque
1212 823 1348 878 adeo
1388 823 1588 889 nihili;
1622 826 1722 878 hac
1765 832 1942 878 autem

358 914 694 983 philosophia
746 916 983 969 solemus
1038 916 1111 970 uti
1163 917 1394 972 maxime
1437 917 1493 972 in
1540 918 1862 982 calamitate,
1894 926 1949 971 et

354 1021 512 1072 quam
538 1006 608 1058 sit
637 1002 847 1058 inﬁrma
876 1016 1059 1059 natura
1090 1006 1431 1061 considerare
1460 1023 1476 1065 ;
1507 1007 1629 1063 ideo
1658 1009 1773 1078 ipse
1811 1024 1947 1078 quo-

354 1111 460 1167 que
503 1112 623 1151 cum
668 1107 810 1151 esset
849 1098 1010 1151 animi
1038 1098 1248 1161 anxius,
1278 1109 1333 1152 et
1382 1098 1590 1153 videret
1618 1099 1765 1167 argui
1794 1108 1941 1153 natu-

357 1204 469 1241 ram
503 1230 519 1253 ,
566 1198 619 1242 et
644 1204 800 1257 quam
831 1190 950 1243 vilis
976 1199 1118 1244 esset
1146 1200 1195 1244 et
1229 1189 1381 1244 nihili
1408 1192 1553 1245 omni
1582 1206 1646 1245 ex
1678 1200 1835 1262 parte
1863 1206 1942 1244 0s-

357 1282 542 1346 tendit,
578 1282 775 1345 Omnis,
814 1282 1001 1352 inquit,
1038 1283 1186 1336 homo
1219 1283 1438 1337 mendax
1464 1300 1483 1336 :
1511 1282 1611 1337 hoc
1638 1293 1739 1347 est,
1773 1283 1944 1336 llomo

356 1372 507 1426 nihili
555 1382 657 1427 est.
706 1372 964 1440 Quocirca
1011 1374 1121 1443 ipse
1146 1390 1355 1444 quoque
1396 1374 1521 1428 alibi
1548 1375 1757 1428 diccbat
1787 1390 1803 1428 :
1843 1373 1942 1426 Ve-

354 1478 636 1519 rumtamen
676 1467 729 1518 in
770 1467 991 1536 imagine
1040 1473 1313 1534 pertransit
1356 1467 1505 1519 homo
1537 1465 1707 1537 (Psal.
1740 1466 1827 1520 38.
1861 1465 1944 1535 7).

356 1558 408 1612 3.
441 1557 576 1624 Quid
603 1558 872 1611 retribuam
910 1558 1131 1611 Domino
1160 1575 1253 1628 pro
1292 1560 1522 1612 omnibus
1561 1575 1675 1627 qua:
1716 1558 1946 1612 retribuit

355 1653 482 1705 mihi
508 1653 535 1705 .’
563 1649 698 1706 Vide
741 1652 1012 1721 quomodo
1053 1652 1285 1707 ostendit
1326 1668 1575 1723 maguum
1622 1652 1943 1709 beneﬁcium

360 1759 469 1799 non
495 1744 642 1798 exiis
662 1745 834 1799 solum
859 1761 978 1815 qua:
1006 1743 1142 1800 facta
1171 1755 1314 1810 sunt,
1337 1746 1431 1801 sed
1448 1746 1608 1800 etiam
1631 1761 1695 1799 ex
1718 1760 1784 1800 eo
1804 1745 1946 1814 quod

357 1836 496 1891 facta
547 1837 652 1892 sint
693 1837 745 1891 in
789 1852 912 1890 eum
955 1838 1047 1908 qui
1089 1848 1230 1892 esset
1259 1837 1544 1907 ejusmodi,
1575 1837 1695 1892 aliis
1729 1837 1947 1907 quidem

359 1930 559 1995 verbis,
606 1930 699 1985 sed
740 1930 930 1985 eodem
973 1946 1135 1985 sensu
1180 1946 1244 1986 ea
1290 1945 1533 1992 narrans,
1564 1946 1683 1999 quae
1726 1938 1849 1984 sunt
1892 1929 1946 1985 in

356 2022 590 2080 Psalmo.
620 2023 1078 2090 Quemadmodum
1110 2024 1252 2078 enim
1282 2024 1389 2078 illic
1413 2023 1622 2077 dicebat
1661 2038 1678 2079 :
1711 2022 1846 2090 Quid
1868 2032 1946 2077 est.

358 2115 510 2169 homo
532 2115 667 2186 quod
698 2132 886 2169 memor
917 2132 967 2168 es
987 2118 1120 2185 ejus,
1147 2126 1234 2167 aut
1260 2114 1400 2183 [ilius
1438 2114 1676 2180 hominis,
1705 2115 1947 2183 quoniam

356 2209 528 2262 visitas
552 2226 663 2262 eum
686 2207 862 2279 (Psal.
895 2208 949 2263 8.
983 2208 1068 2278 5)?
1099 2209 1168 2261 ita
1203 2207 1287 2261 hic
1315 2206 1496 2261 etiam.

426 2299 679 2365 Beneﬁcia
700 2312 752 2354 ut
776 2300 1127 2371 duplicentur;
1147 2299 1398 2370 quomodo
1434 2314 1531 2352 vox
1551 2339 1568 2363 ,
1604 2297 1844 2361 calicem.
1868 2298 1951 2352 in-

356 2392 627 2462 telligenda
653 2392 751 2456 sit,
780 2392 833 2445 in
861 2408 1005 2445 versu
1030 2391 1271 2460 sequenti.
1294 2419 1365 2431 —-
1388 2390 1538 2444 Tunc
1565 2400 1742 2443 autem
1767 2398 1947 2444 osten-

357 2484 554 2540 duntur
571 2484 802 2555 duplicia
830 2498 952 2538 esse
981 2483 1263 2548 beneﬁcia.
1287 2482 1500 2551 quando
1526 2490 1581 2537 et
1609 2488 1799 2537 natura
1824 2498 1942 2536 ma-
1973 2491 1987 2506 '

356 2590 458 2643 gna
503 2586 648 2639 sunt,
690 2583 747 2630 et
768 2573 983 2645 quando
1009 2573 1355 2629 conferuntur
1384 2574 1437 2628 in
1468 2588 1591 2628 eum
1633 2572 1724 2644 qui
1761 2583 1844 2627 est
1871 2573 1944 2627 ni-

298 2660 309 2670 ’
358 2666 447 2720 bili
480 2682 498 2723 ;
524 2668 664 2737 quod
693 2667 906 2738 quidem
937 2666 1253 2722 beneﬁcium
1281 2675 1337 2721 et
1368 2666 1591 2736 gratiam
1632 2666 1944 2736 ampliﬁcat.

358 2758 470 2811 Iloc
512 2757 684 2825 ipsum
714 2757 896 2812 volens
938 2756 1239 2821 ostendere,
1289 2756 1416 2811 dicit
1444 2772 1459 2811 :
1492 2756 1628 2823 Quid
1669 2758 1946 2811 retribuam

355 2847 620 2901 Domino?
645 2846 947 2918 signiﬁcans
994 2846 1167 2917 ipsum
1203 2846 1471 2901 hominem
1496 2888 1513 2913 ,
1557 2847 1646 2917 qui
1692 2856 1775 2903 est
1796 2862 1947 2901 men-

356 2938 590 3006 dacium,
630 2939 717 3009 qui
748 2949 832 2993 est
854 2937 975 2992 vilis
999 2946 1159 3008 atque
1182 2936 1318 2991 adeo
1345 2935 1517 3003 nihili,
1540 2936 1758 3008 dignum
1798 2946 1943 2993 tanta

355 3030 627 3084 censuisse
652 3030 842 3099 gratia.
876 3028 984 3082 Pro
1012 3026 1244 3083 omnibus
1269 3043 1382 3098 qua
1399 3028 1630 3083 retribuit
1661 3028 1806 3082 mihi.
1828 3028 1943 3085 Hoc

355 3131 436 3175 est
473 3120 608 3190 grati
633 3120 814 3184 animi,
848 3119 1093 3184 circuire,
1123 3129 1179 3175 et
1208 3134 1304 3189 pro
1328 3120 1392 3174 iis
1420 3135 1537 3190 quae
1560 3120 1766 3190 accepit
1791 3120 1946 3176 bene-

355 3211 491 3265 ﬁciis
528 3226 769 3281 quaerere
802 3211 1122 3265 benefactori
1162 3211 1393 3280 aliquam
1435 3212 1638 3267 referre
1665 3212 1892 3281 gratiam
1923 3228 1937 3267 :

354 3314 410 3357 et
436 3317 560 3355 cum
587 3302 762 3356 omnia
793 3304 1112 3369 exsolverit,
1144 3313 1332 3372 putare
1359 3317 1419 3358 se
1446 3303 1577 3357 nihil
1607 3302 1755 3358 dare.
1785 3303 1938 3370 Quod

353 3411 474 3450 cum
503 3410 568 3449 ex
604 3395 966 3451 retributionis
997 3396 1259 3465 principio
1287 3395 1678 3450 subindicasset
1705 3437 1723 3462 ,
1753 3411 1941 3464 proce-

354 3489 486 3543 dens
516 3486 771 3557 signiﬁcat
801 3501 861 3541 se
898 3487 947 3541 id
973 3487 1369 3541 exsoluturum.
1399 3486 1644 3542 Ostendit
1677 3488 1819 3541 enim
1846 3488 1945 3540 du-

357 3581 546 3650 plicem
578 3580 870 3650 gratiarum
895 3580 1181 3644 actionem,
1224 3589 1279 3634 et
1310 3580 1453 3649 quod
1483 3594 1545 3634 ea
1571 3580 1681 3644 dct,
1712 3596 1830 3650 qua:
1856 3596 1944 3649 po-

357 3685 477 3736 test,
512 3673 729 3742 etquod
773 3688 892 3728 cum
923 3688 985 3727 ea
1011 3671 1121 3736 det,
1149 3688 1209 3727 se
1240 3672 1371 3726 nihil
1411 3671 1628 3742 dignum
1658 3672 1787 3727 dare
1824 3673 1942 3727 exi-

354 3767 554 3819 stimet.
576 3766 709 3833 Quid
733 3773 813 3818 est
837 3780 963 3835 ergo
989 3765 1126 3834 quod
1155 3773 1235 3819 est
1258 3765 1514 3819 daturus?
1541 3764 1674 3818 Audi
1704 3780 1823 3819 eum
1851 3764 1939 3819 di-

355 3869 594 3924 centem;
626 3858 1049 3928 subjuugitenitn
1078 3859 1162 3912 τι.
1189 3856 1409 3913 Calicem
1424 3858 1941 3926 salutarisaccipiam,

355 3961 400 4004 et
426 3967 606 4003 nomen
625 3949 828 4004 Domini
846 3950 1104 4004 invocabo.
1128 3950 1226 4017 Qui
1248 3951 1388 4021 quod
1410 3951 1608 4005 dictum
1628 3960 1710 4005 est
1729 3959 1946 4005 sumunt

354 4044 670 4113 anagogice,
698 4044 883 4097 dicunt
913 4058 1033 4098 esse
1068 4045 1501 4099 communionem
1543 4044 1942 4115 mysteriorum.

356 4136 465 4190 Nos
480 4148 654 4190 autem
673 4135 947 4190 historiam
965 4145 1269 4205 sequentes,
1290 4136 1515 4191 dicimus
1526 4152 1645 4190 eum
1662 4136 1749 4191 hic
1765 4136 1943 4195 dicere

356 4228 604 4282 libamina
649 4238 702 4281 ct
731 4227 1008 4291 sacriﬁcia,
1035 4237 1090 4282 et
1112 4228 1339 4297 hymnos
1368 4228 1657 4296 gratiarum
1690 4227 1936 4281 actionis.

359 4321 524 4374 Erunt
544 4321 737 4389 quippe
767 4320 1056 4389 antiquitus
1088 4319 1305 4374 diversa
1333 4320 1591 4373 sacriﬁcia
1616 4336 1628 4372 :
1659 4329 1775 4374 erat
1796 4320 1937 4373 enim

356 4411 675 4465 sacriﬁcium
725 4411 913 4474 laudis,
955 4425 1051 4480 pro
1085 4411 1337 4480 peccatis,
1373 4410 1703 4474 holocausta,
1740 4424 1833 4478 pro
1860 4426 1945 4461 sa-

357 4502 483 4565 lute,
524 4513 576 4555 et
600 4502 838 4570 paciﬁca,
872 4511 922 4555 et
949 4502 1098 4570 plura
1122 4502 1246 4555 alia.
1280 4501 1391 4555 lloc
1417 4510 1499 4556 est
1528 4516 1658 4570 ergo
1684 4500 1826 4570 quod
1856 4500 1940 4551 di-

358 4594 429 4645 cit
466 4609 479 4644 :
520 4592 633 4647 Non
683 4608 893 4662 possum
942 4592 1154 4661 quidem
1200 4591 1339 4662 qttod
1379 4591 1594 4660 dignum
1638 4601 1721 4647 est
1750 4593 1942 4661 persol-

359 4701 504 4751 vere,
537 4687 686 4739 solvo
722 4698 897 4740 autem
944 4686 1084 4754 quod
1113 4701 1346 4755 possunt.
1380 4684 1610 4738 Ollcratn
1648 4685 1790 4737 enim
1835 4685 1942 4738 Deo

356 4779 676 4834 sacriﬁcium
722 4778 1013 4847 gratiarum
1065 4778 1310 4839 actionis,
1348 4788 1401 4831 et
1430 4777 1617 4831 salutis
1646 4792 1767 4832 eunt
1795 4791 1943 4830 com-

358 4869 727 4926 monefaciam.
758 4871 814 4925 5.
850 4869 977 4923 Vota
994 4887 1101 4925 mea
1127 4869 1346 4924 Domino
1365 4870 1574 4923 reddam
1603 4887 1775 4923 coram
1804 4870 1944 4923 omni

359 4963 546 5031 populo
569 4962 696 5031 ejus.
736 4961 865 5014 Vota
899 4961 982 5015 hic
1003 4960 1131 5015 dicit
1156 4962 1415 5030 promissa
1441 4971 1490 5014 el
1513 4961 1940 5028 pollicitationes.

361 5057 413 5108 lu
442 5056 523 5107 his
542 5054 682 5107 enim
712 5056 963 5108 aerumnis
976 5055 1041 5109 ad
1069 5054 1231 5107 Deum
1258 5053 1612 5124 confugiebat.
1640 5065 1693 5108 et
1718 5070 1777 5107 se
1795 5054 1943 5107 debi-

360 5155 528 5199 torem
560 5147 605 5200 ei
631 5146 984 5200 constituebat
1012 5188 1026 5209 ,
1058 5144 1317 5215 pollicens
1344 5146 1384 5198 si
1414 5160 1473 5199 ea
1504 5146 1640 5198 mala
1663 5145 1939 5214 cﬁugerct,

358 5250 419 5289 se
453 5235 567 5289 haec
604 5237 968 5291 exsoluturum
997 5253 1116 5291 esse
1161 5237 1445 5292 sacriﬁcia.
1483 5237 1742 5303 Quoniam
1792 5254 1941 5307 ergo,

360 5330 552 5397 inquit,
578 5329 807 5384 COSSaVil
840 5330 1135 5393 calamitas,
1174 5328 1300 5382 Vota
1340 5346 1449 5382 mea
1476 5329 1686 5382 reddam
1728 5329 1943 5383 Domino

358 5436 527 5473 coram
548 5421 685 5473 omni
701 5423 888 5490 populo
905 5422 1029 5487 ejus.
1051 5420 1103 5475 6.
1131 5418 1360 5472 Pretiosa
1377 5421 1426 5471 in
1450 5430 1715 5489 conspectu
1739 5419 1945 5474 Domini

360 5526 495 5562 mors
520 5521 809 5563 sanctorum
850 5527 979 5579 ejus.
1010 5512 1180 5573 Alius,
1217 5508 1480 5562 Honorata
1508 5526 1677 5562 coram
1707 5509 1939 5563 Domino.

358 5601 613 5666 Quaenam
653 5612 736 5655 est
771 5590 1108 5655 autcmlncc
1130 5602 1525 5670 consequentia,
1550 5610 1603 5655 et
1627 5602 1751 5672 quid
1786 5601 1946 5655 habet

359 5691 501 5758 quod
540 5708 661 5747 cum
701 5694 965 5762 prioribus
1002 5693 1329 5747 conveniat?
1367 5693 1422 5748 Si
1473 5694 1592 5763 quis
1623 5693 1675 5748 id
1702 5707 1945 5749 accurate

360 5783 765 5859 exnminavcrit,
810 5786 1093 5840 maximam
1121 5786 1361 5841 inveniet
1390 5787 1778 5855 cognationem.
1808 5786 1944 5855 Quia

361 5874 507 5930 enim
550 5875 777 5944 dixerat,
821 5877 955 5945 Quid
1000 5878 1271 5935 retribuam
1318 5876 1535 5933 Domino
1577 5896 1673 5949 pro
1714 5881 1943 5936 omnibus

1485 429 1843 487 EXPOSITIO
1884 428 1947 482 ΙΝ
1988 429 2308 488 PSALMUM
2344 432 2504 489 CXV.

2942 486 2945 491 λ
3532 442 3641 497 32ϋ

2047 562 2162 615 qua:
2182 549 2407 603 retribuit
2428 550 2552 604 mihi
2568 551 2593 604 ἱ)
2618 554 2905 608 Ostentlcns
2932 553 3048 623 ejus
3074 555 3352 621 beneﬁcia,
3381 557 3636 623 dicitnon

2048 637 2221 691 solum
2250 640 2435 703 vitam,
2464 640 2557 695 sed
2588 642 2747 695 etiam
2780 654 3005 699 mortem
3040 656 3346 703 sanctorum
3378 649 3487 705 Deo
3513 666 3637 709 esse

2048 743 2212 794 cum,
2251 743 2356 784 non
2391 745 2508 783 eam
2535 733 2706 786 solum
2751 749 2870 801 qua:
2905 736 3019 805 lege
3048 747 3253 792 natura:
3279 739 3513 808 advenit,
3539 745 3635 799 sed

2048 821 2207 873 etiam
2248 837 2369 891 qua:
2410 822 2527 891 ejus
2572 824 2845 880 voluntate
2883 829 3186 898 suscipitur.
3242 832 3433 889 Annon
3480 836 3634 892 audis

2050 913 2269 968 Paulum
2295 915 2561 971 dicentem
2594 934 2606 970 :
2639 916 2705 971 1n
2733 935 2885 973 carne
2918 931 3085 976 autem
3111 940 3330 991 manere,
3360 929 3520 999 magis
3548 948 3636 985 ne-

2050 1007 2322 1060 cessarium
2341 1018 2543 1079 propter
2560 1024 2665 1076 vos,
2691 1021 2737 1064 et
2762 1028 2817 1065 eo
2836 1012 3017 1081 fretus,
3046 1017 3149 1069 scio
3169 1018 3304 1086 quod
3333 1022 3561 1085 manebo,
3586 1032 3633 1077 et

2050 1097 2347 1166 permanebo
2386 1115 2489 1151 una
2526 1099 2776 1154 vobiscum
2808 1101 3028 1174 (Philip.
3077 1107 3123 1159 1.
3148 1105 3238 1161 21.
3262 1108 3374 1179 25).
3402 1111 3466 1165 Et
3505 1111 3631 1183 quid

2052 1188 2260 1241 miraris
2288 1188 2330 1242 si
2360 1204 2523 1255 mors,
2548 1206 2669 1244 cum
2708 1208 2807 1247 nec
2832 1195 3107 1264 generatio
3137 1198 3515 1255 nonnullorum
3536 1218 3631 1257 tta-

2052 1287 2181 1331 tura:
2210 1278 2324 1347 lege
2350 1290 2559 1347 peracta
2585 1281 2671 1343 sit,
2699 1283 3149 1352 quemadmodum
3176 1290 3445 1357 generatio
3470 1290 3632 1348 lsaaci

2049 1378 2101 1422 et
2126 1371 2399 1439 generatio
2436 1373 2698 1427 Samuelis
2741 1372 2892 1445 (Gen.
2936 1391 2984 1428 c.
3010 1375 3100 1429 97.
3130 1386 3177 1431 et
3222 1394 3269 1431 ε.
3292 1380 3393 1445 18;
3426 1382 3474 1436 1.
3504 1382 3634 1454 Reg.

2050 1459 2103 1514 5.
2124 1461 2214 1529 ‘20)
2241 1460 2264 1514 ?
2307 1461 2567 1529 Quocirca
2606 1481 2705 1520 nec
2725 1468 2899 1521 carnis
2939 1467 3152 1536 quidem
3182 1485 3275 1524 eos
3297 1483 3449 1527 vocat
3473 1472 3632 1540 ﬁlios,

2050 1551 2145 1605 sed
2190 1553 2328 1607 ﬁlios
2368 1554 2735 1623 promissionis
2771 1556 2948 1627 (Rom.
2973 1557 3024 1612 9.
3056 1559 3136 1626 8).
3163 1560 3239 1615 ita
3272 1563 3433 1617 etiam
3457 1546 3645 1620 Moses

2050 1658 2155 1695 non
2185 1654 2267 1697 est
2291 1644 2612 1714 simpliciter
2645 1658 2698 1701 et
2727 1648 2969 1704 absolute
3009 1659 3250 1706 mortuus
3279 1653 3513 1721 (Deuter.
3541 1657 3632 1713 '59..

2056 1732 2145 1787 49.
2178 1732 2292 1806 50);
2320 1736 2414 1790 sed
2440 1752 2562 1791 cum
2584 1737 2722 1791 Deus
2738 1737 2984 1807 jussisset
3012 1757 3026 1793 :
3054 1757 3227 1812 neque
3254 1744 3517 1813 Joannes,
3540 1748 3636 1804 scd

2048 1840 2169 1881 cum
2200 1828 2314 1897 ipse
2346 1830 2697 1898 permisisset.
2729 1833 2886 1901 Atqui
2915 1832 3014 1889 fuit
3056 1850 3265 1892 merces
3292 1840 3592 1895 meretricis
3617 1858 3633 1907 ;

2050 1915 2149 1971 fuit
2180 1925 2357 1974 tamen
2394 1920 2565 1976 nihilo
2592 1922 2768 1977 secius
2796 1922 3077 1981 honorata.
3107 1926 3221 1982 Hoc
3250 1928 3422 2001 ipsum
3452 1942 3635 1987 autem

2049 2018 2131 2063 est
2154 2008 2492 2076 admirabile,
2514 2011 2657 2081 quod
2683 2013 2769 2068 vel
2796 2015 2873 2069 sic
2900 2027 3141 2072 mortuus
3164 2017 3459 2075 honoratus
3485 2021 3586 2077 fuit
3614 2040 3631 2088 ;

2048 2102 2309 2170 siquidem
2338 2120 2433 2173 pro
2463 2105 2685 2161 veritate
2707 2108 2864 2161 vitam
2906 2106 3110 2176 ﬁnivit,
3144 2119 3395 2182 tantoque
3426 2114 3637 2172 habitus

2051 2204 2135 2247 est
2163 2195 2212 2248 in
2259 2195 2481 2260 honore.
2514 2210 2569 2252 ut
2590 2200 2703 2269 ipse
2728 2202 2887 2256 etiam
2911 2204 3002 2272 qui
3022 2185 3151 2259 cuni
3171 2206 3531 2274 interfecerat,
3557 2209 3638 2279 ip—

2049 2302 2166 2345 sum
2198 2289 2428 2344 timeret.
2456 2290 2610 2358 Quod
2635 2305 2812 2348 autem
2848 2298 3080 2363 timeret,
3108 2300 3231 2354 audi
3257 2300 3381 2369 qttid
3412 2318 3633 2374 evangeo

2049 2378 2168 2434 lista
2191 2381 2331 2436 dicat
2377 2382 2445 2438 de
2486 2384 2696 2441 l'lerode
2721 2405 2735 2441 :
2759 2387 2969 2443 Dicebat
2993 2390 3150 2457 enim,
3175 2394 3312 2459 quod
3332 2395 3439 2464 ipse
3475 2413 3637 2450 resur-

2047 2472 2177 2524 rexit
2206 2489 2238 2525 a
2268 2474 2499 2539 mortuis,
2537 2486 2583 2529 et
2623 2489 2889 2548 propterea
2909 2481 3114 2537 virtutes
3146 2498 3421 2551 operantur
3442 2487 3496 2540 in
3522 2488 3634 2558 ipso

2049 2561 2237 2631 (Marc.
2271 2564 2322 2618 6.
2360 2565 2471 2634 14).
2499 2565 2628 2622 Vide
2648 2571 2917 2638 quomodo
2934 2572 3092 2626 etiam
3116 2574 3168 2628 in
3193 2576 3324 2630 Abel
3354 2589 3471 2631 erat
3492 2594 3635 2633 mors

2049 2655 2281 2735 pretiosa
2324 2664 2378 2710 et
2420 2657 2703 2717 honorata.
2745 2661 2841 2716 Ubi
2866 2672 2936 2717 est
2965 2666 3090 2719 Abel
3124 2670 3283 2737 frater
3325 2680 3439 2724 tuus
3465 2672 3490 2724 ?
3530 2671 3637 2727 Vox

2046 2746 2307 2814 sanguinis
2327 2750 2504 2817 [ratiis
2529 2752 2600 2805 tui
2634 2753 2819 2807 clamat
2839 2755 2907 2807 ad
2932 2772 3010 2810 me
3038 2756 3190 2829 (Gen.
3219 2760 3271 2815 4.
3297 2760 3350 2815 9.
3378 2762 3489 2835 10).

2119 2838 2173 2889 5.
2205 2839 2454 2909 Sepulcra
2482 2853 2762 2914 martyrum
2789 2846 3122 2903 honorabilia.
3145 2881 3217 2891 —
3238 2851 3368 2909 Vide
3393 2856 3551 2910 etiam
3578 2858 3632 2913 in

2046 2924 2251 2985 Lazaro
2271 2972 2286 2997 ,
2318 2934 2584 3002 quomodo
2614 2946 2733 3004 post
2762 2937 2878 3007 ejus
2907 2950 3135 2997 mortem
3162 2945 3339 3015 angeli
3370 2962 3490 3001 eum
3540 2948 3635 3004 de-

2050 3021 2316 3078 ducebant
2342 3023 2507 3097 (Luc.
2537 3027 2622 3081 16.
2647 3027 2774 3101 29.).
2806 3030 3177 3103 Contemplare
3204 3038 3362 3091 etiam
3391 3040 3636 3097 civitates

2047 3112 2114 3167 ad
2144 3124 2436 3187 martyrum
2482 3119 2727 3189 sepulcra
2770 3137 3180 3193 concurrentes,
3212 3138 3266 3183 et
3291 3132 3513 3200 populos
3542 3149 3635 3189 eo-

2046 3220 2163 3261 rum
2205 3224 2387 3263 amore
2416 3207 2792 3267 inﬂammatos.
2838 3214 2951 3271 Hoc
2989 3227 3073 3272 est
3116 3234 3245 3291 ergo
3285 3222 3426 3291 quod
3463 3223 3629 3281 dicit:

2049 3296 2189 3351 Dens
2214 3314 2457 3368 magnam
2483 3302 2894 3360 sollicitudinem
2921 3317 2968 3361 et
2992 3324 3172 3363 curam
3198 3313 3336 3381 gerit
3356 3314 3437 3369 vel
3462 3313 3635 3385 ipsius

2050 3390 2238 3443 mortis
2266 3404 2596 3448 sanctorum.
2634 3395 2813 3466 Neque
2838 3398 2979 3452 enim
3008 3402 3503 3475 quomodocumque
3531 3422 3632 3464 nec

2048 3479 2266 3536 fortuito
2288 3485 2602 3546 moriuntur.
2628 3487 2721 3542 sed
2745 3489 2958 3558 quando
2979 3492 3093 3561 ipse
3120 3493 3170 3548 id
3193 3510 3257 3549 ex
3285 3512 3396 3551 sua:
3415 3498 3631 3570 dispen-

2048 3574 2270 3628 sationis
2297 3577 2520 3629 consilio
2552 3580 2870 3647 permiserit.
2902 3582 2968 3636 Et
2998 3583 3117 3638 ideo
3144 3585 3356 3642 dicebat
3375 3630 3390 3654 ,
3421 3587 3487 3643 In
3510 3606 3632 3645 con-

2046 3678 2219 3735 spectu
2248 3664 2456 3723 Domini
2474 3713 2489 3736 ,
2536 3670 2636 3726 hoc
2664 3675 2846 3729 volens
2888 3678 3169 3734 ostendere
3188 3720 3202 3744 ,
3236 3681 3287 3735 7.
3323 3682 3366 3735 0
3394 3681 3630 3749 Domine.

2047 3776 2138 3830 ego
2164 3777 2332 3815 servus
2360 3773 2472 3817 tuas
2492 3806 2505 3829 ,
2549 3782 2637 3835 ego
2667 3784 2833 3821 servus
2861 3780 2977 3823 tuus
2997 3812 3011 3835 ,
3043 3781 3090 3824 et
3119 3772 3256 3841 ﬁlius
3281 3775 3482 3829 ancillae
3509 3785 3625 3831 tute.

2046 3852 2163 3908 Non
2188 3855 2313 3909 dicit
2334 3872 2673 3913 communem
2698 3862 3029 3926 servitutem,
3061 3864 3154 3918 sed
3181 3880 3295 3919 eam
3322 3882 3439 3936 quin
3462 3869 3631 3922 oritur

2048 3963 2111 4019 ex
2146 3964 2335 4018 magno
2362 3965 2544 4005 amore
2575 3961 2627 4005 et
2657 3952 2963 4019 allectione,
2998 3972 3189 4026 magno
3219 3959 3463 4014 incensus
3490 3961 3632 4016 desi-

2049 4039 2221 4107 derio,
2250 4043 2388 4111 quod
2417 4053 2498 4098 est
2526 4060 2721 4100 corona
2754 4049 2981 4100 maxima
2999 4088 3014 4114 ,
3042 4058 3093 4103 et
3120 4052 3309 4120 quovis
3333 4051 3631 4109 diademate

2050 4134 2369 4202 prwclarius.
2406 4137 2662 4203 Quocirca
2697 4139 2833 4193 Deus
2858 4155 3070 4209 quoque
3096 4141 3147 4195 id
3178 4144 3349 4211 posuit
3386 4158 3483 4213 pro
3522 4160 3632 4198 ma-

2048 4224 2188 4276 xima
2219 4225 2373 4281 laude
2397 4266 2411 4289 ,
2455 4227 2640 4281 dicens
2660 4269 2675 4293 ,
2714 4228 2878 4282 Moses
2918 4246 3087 4284 servus
3117 4248 3254 4285 meus
3284 4244 3508 4287 mortuus
3537 4245 3629 4288 est.

2047 4313 2116 4376 Et
2143 4318 2279 4385 ﬁlius
2308 4320 2509 4372 ancilla:
2538 4332 2638 4373 tua:
2665 4318 2852 4393 (Josue
2897 4324 2947 4376 1.
2970 4322 3061 4392 9.).
3096 4325 3209 4379 lloc
3236 4339 3346 4389 est,
3380 4329 3420 4379 A
3452 4328 3631 4381 multis

2047 4419 2190 4463 retro
2230 4411 2474 4475 saeculis,
2514 4426 2542 4463 a
2589 4420 2828 4480 tempore
2858 4413 3118 4482 majorum
3159 4430 3397 4469 meorum
3436 4416 3631 4471 addicti

2047 4514 2231 4554 sumus
2276 4510 2379 4554 tua:
2422 4503 2680 4555 servituti.
2730 4503 2883 4569 Quod
2928 4494 3087 4559 etiam
3123 4504 3316 4561 Paulus
3362 4509 3537 4576 posuit
3579 4512 3630 4562 in

2047 4591 2329 4646 Timotheo
2358 4608 2453 4661 pro
2479 4596 2709 4647 maximo
2736 4606 3083 4656 ornamento,
3114 4595 3296 4650 dicens
3328 4616 3339 4651 :
3369 4597 3626 4651 Recorda-

2047 4685 2235 4738 tionem
2261 4685 2447 4739 habens
2472 4686 2592 4754 ﬁdei
2616 4702 2730 4758 qua:
2757 4698 2830 4740 est
2854 4689 2905 4741 in
2933 4698 2979 4741 te
3005 4706 3104 4741 non
3134 4690 3268 4754 ﬁcta.
3299 4706 3412 4757 qua:
3434 4691 3635 4745 habita-

2046 4776 2114 4828 vit
2145 4776 2360 4843 primum
2404 4776 2454 4829 in
2486 4776 2612 4843 gavia
2653 4792 2739 4829 tua
2776 4776 2974 4843 Laide,
3016 4789 3062 4833 et
3103 4790 3262 4832 matre
3298 4790 3387 4833 tua
3417 4780 3630 4835 Eunice.

2052 4867 2358 4920 Persuasum
2387 4878 2555 4921 autem
2598 4868 2754 4921 habeo
2780 4870 2913 4938 quod
2940 4879 2985 4923 et
3018 4870 3076 4921 in
3107 4880 3182 4934 te,
3226 4880 3271 4924 et
3298 4872 3431 4939 quod
3459 4874 3521 4924 ab
3549 4874 3633 4926 in-

2050 4961 2211 5031 fantia
2250 4960 2469 5013 didicisti
2516 4978 2684 5014 sacras
2730 4960 2900 5014 literas
2926 4964 2943 5031 (
2959 4961 3010 5015 9.
3036 4961 3171 5016 Tim.
3196 4965 3247 5017 1.
3273 4964 3328 5018 5.
3354 4974 3399 5017 et
3419 4965 3473 5020 '5.
3503 4965 3570 5019 15
3590 4964 3630 5034 ).

2052 5051 2118 5104 Ει
2154 5066 2338 5105 rursus
2366 5051 2433 5105 de
2474 5052 2649 5121 seipso
2678 5066 2693 5102 :
2725 5050 2970 5105 chrwus
3009 5070 3071 5107 ex
3105 5052 3330 5107 Hebra’is
3357 5054 3373 5122 (
3401 5054 3630 5124 Philipp.

2050 5144 2101 5197 '5.
2132 5143 2165 5196 5
2184 5146 2224 5211 ).
2257 5144 2324 5197 Et
2352 5158 2556 5208 rursus,
2589 5142 2791 5198 Hebraei
2816 5156 2929 5197 sunt
2948 5187 2962 5209 ,
2992 5155 3037 5198 et
3062 5162 3152 5215 ego
3176 5161 3194 5198 :
3220 5144 3472 5200 Israelita:
3496 5156 3629 5213 sunt,

2048 5245 2096 5288 et
2125 5252 2214 5306 ego
2247 5236 2321 5305 (9..
2348 5235 2467 5288 Cor.
2496 5239 2578 5289 ll.
2607 5235 2735 5307 9.9.).
2767 5238 3007 5305 Amplius
3036 5238 3176 5291 enim
3200 5237 3446 5307 quiddam
3475 5238 3634 5291 habeo

2049 5328 2195 5394 bant,
2218 5345 2375 5398 qttam
2402 5330 2671 5400 proselyti,
2698 5330 2785 5397 qui
2810 5346 2838 5382 a
2862 5330 2971 5384 suis
2993 5331 3283 5397 majoribus
3306 5330 3437 5384 tales
3460 5340 3635 5385 erant.

2052 5425 2118 5479 Et
2148 5424 2267 5478 idco
2295 5423 2379 5477 hic
2404 5440 2612 5493 quoque
2640 5424 2766 5478 dicit
2790 5443 2803 5477 ε
2832 5424 2895 5477 Et
2925 5424 3064 5492 ﬁlius
3092 5424 3291 5476 ancilla?
3317 5434 3434 5479 tum.

2123 5513 2255 5569 Sunt
2293 5514 2421 5567 bona
2448 5524 2495 5567 et
2537 5513 2671 5566 ntala
2701 5514 2941 5578 vincula;
2979 5526 3150 5585 gratus
3191 5514 3389 5567 animus
3419 5515 3635 5567 maxime

2051 5606 2158 5661 Deo
2183 5608 2438 5675 placet.—
2465 5605 2714 5676 Dirupisti
2753 5606 2952 5660 vincula
2998 5622 3127 5659 mea.
3168 5605 3281 5660 Non
3302 5606 3453 5669 dixit,
3494 5604 3638 5661 Con-

1993 5747 1998 5751 .
2049 5700 2283 5764 cussisti,
2313 5699 2427 5763 sed,
2455 5698 2703 5768 Dirupisti
2722 5742 2738 5767 ,
2767 5701 3071 5776 signiﬁcans
3095 5715 3159 5755 ea
3189 5700 3258 5754 ita
3288 5699 3447 5754 etiam
3476 5698 3634 5766 facta,

2051 5801 2110 5844 ttt
2134 5798 2315 5845 essent
2339 5791 2562 5845 inutilia.
2586 5790 2805 5845 Vincula
2834 5800 3009 5847 autem
3040 5790 3127 5847 hic
3150 5791 3276 5846 dicit
3301 5790 3634 5857 alﬂiCtioues,

2055 5883 2393 5949 tentatioucs,
2425 5881 2680 5953 pericula.
2711 5881 2804 5936 Est
2828 5883 2967 5937 enim
2998 5883 3194 5939 bonum
3215 5881 3503 5951 vinculum,
3529 5897 3636 5955 quo
