4112 6342
459 404 561 460 3‘27

461 517 694 590 optabile
717 524 802 573 est
829 515 1108 586 adstringi,
1138 527 1196 571 ut
1225 517 1435 587 quando
1459 517 1609 585 dicit,
1640 515 1705 571 In
1732 517 1928 571 vinculo
1957 519 2037 572 di-

459 610 685 664 lectionis
717 607 945 682 (Ephes.
971 609 1025 664 4.
1054 607 1124 682 5)
1153 627 1166 664 :
1193 619 1281 673 et,
1328 608 1475 674 Quod
1504 620 1576 663 est
1601 610 1854 664 vinculum
1879 615 2046 683 perfe-

458 702 639 756 ctionis
665 699 883 773 (Coloss.
912 701 966 756 5.
999 700 1108 772 14).
1142 701 1234 758 Est
1262 701 1422 756 etiam
1453 702 1723 757 vinculum
1763 703 1885 757 huic
1910 719 2044 758 con-

460 795 712 860 trarium,
744 803 798 847 nt
827 793 1039 864 quando
1064 793 1225 858 dicit,
1265 791 1469 848 Catenis
1499 805 1817 863 peccatorum
1840 813 2044 850 suorum

457 885 800 956 unusquisque
843 885 1178 956 adstringitur
1210 884 1408 956 (Prov.
1450 885 1504 941 5.
1541 885 1673 957 22).
1721 886 1774 941 Id
1807 887 2046 943 Christus

457 991 668 1047 quoque
694 977 942 1044 innuetts,
965 976 1184 1031 Abte/ta:
1206 985 1390 1041 autem,
1422 976 1708 1047 inquiebat.
1734 977 1892 1047 filiam
1913 979 2045 1032 hanc

456 1084 488 1120 a
516 1077 696 1122 satana
735 1068 942 1138 ligatam
985 1083 1087 1121 non
1133 1066 1390 1139 oportebat
1429 1069 1558 1122 solvi
1587 1067 1747 1140 (Luc.
1780 1071 1866 1126 I5.
1899 1068 2040 1142 I6);

459 1165 516 1213 et
547 1158 710 1216 Isaias
738 1158 804 1214 de
827 1157 1040 1214 Christo
1063 1200 1080 1226 ,
1113 1156 1246 1212 Dedi
1271 1169 1318 1212 te
1343 1160 1396 1213 in
1423 1169 1769 1214 testamentum
1797 1162 2042 1232 gentium,

457 1254 702 1307 dicentem
730 1253 792 1305 iis
820 1252 907 1322 qui
930 1260 1045 1306 sunt
1069 1251 1122 1306 in
1147 1251 1378 1314 vinculis,
1413 1251 1729 1323 Egredimini
1758 1251 1922 1324 (lsai.
1950 1253 2039 1308 49.

454 1345 508 1401 8.
542 1344 635 1411 9).
687 1343 815 1400 “(PC
856 1358 984 1415 ergo
1012 1345 1220 1399 vincula
1272 1345 1506 1415 dirupit,
1557 1360 1666 1400 non
1711 1347 1909 1400 solvit:
1944 1345 2046 1402 hoc

453 1436 595 1490 enim
623 1445 704 1492 est
737 1436 828 1491 illo
853 1437 1105 1506 amplius.
1149 1436 1302 1504 Quod
1350 1440 1394 1492 si
1440 1438 1561 1508 quis
1587 1438 1747 1493 etiam
1775 1439 1900 1493 velit
1931 1438 2044 1494 hzrc

453 1541 667 1581 sumere
693 1526 1012 1598 anagogice,
1044 1527 1227 1582 dicens
1257 1527 1373 1582 hrcc
1412 1543 1531 1583 esse
1560 1528 1768 1583 vincula
1799 1538 2046 1598 peccato—

455 1631 594 1682 rum,
618 1625 673 1672 et
693 1626 859 1671 totum
881 1625 1116 1672 veterem
1140 1616 1434 1682 hominem,
1459 1617 1676 1672 minimc
1696 1619 2040 1674 aberraverit.

459 1707 555 1763 Est
584 1707 725 1763 aliud
754 1723 964 1778 quoque
987 1708 1254 1763 vinculum
1286 1707 1720 1778 pulcherrimum,
1745 1709 1884 1779 quod
1910 1709 2046 1764 Pau-

454 1802 536 1856 lus
560 1817 773 1871 semper
799 1801 1178 1857 circumferens
1202 1800 1414 1856 dicebat
1441 1819 1454 1854 :
1481 1799 1679 1857 Paulus
1700 1803 1893 1856 uinctus
1912 1801 2040 1858 Iesu

453 1896 640 1950 Christi
677 1893 906 1968 (Epltes.
937 1895 990 1950 '5.
1024 1895 1075 1949 I.
1109 1905 1154 1949 et
1183 1893 1236 1950 6.
1264 1893 1391 1965 20).
1435 1894 1504 1948 Et
1543 1911 1728 1949 rursus
1751 1936 1766 1959 ,
1811 1893 1915 1949 Pro
1943 1911 2042 1966 quo

453 1988 604 2041 etiam
631 1987 826 2040 vinctus
852 2002 964 2040 sum
990 1986 1043 2039 in
1071 1995 1252 2039 catena
1282 1982 1429 2056 (Act.
1458 1983 1550 2040 28.
1573 1983 1644 2039 2O
1733 1983 1786 2040 8.
1818 1983 1927 2039 Tibi
1953 2002 2042 2038 sa-

453 2078 693 2148 criﬁcabo
723 2077 1155 2134 hostiamJaudis.
1197 2076 1332 2133 Vide
1359 2076 1627 2148 quomodo
1666 2077 1944 2147 superius,
1989 2087 2044 2134 et

456 2167 709 2235 inferius,
737 2178 791 2222 et
816 2169 1015 2240 ubique
1053 2168 1284 2224 exsitlvit
1325 2167 1565 2223 eamdem
1596 2169 1707 2224 Deo
1733 2170 2042 2225 retributio-

457 2273 579 2315 nem
610 2275 624 2314 :
656 2260 901 2329 superius
929 2259 1113 2314 dicens
1131 2301 1144 2323 .
1174 2257 1393 2314 Calicem
1418 2259 1656 2314 salutaris
1683 2261 1932 2331 accipiam
1951 2302 1966 2328 ,
1996 2275 2043 2317 et

454 2367 634 2404 nomen
678 2349 886 2405 Domini
909 2350 1192 2415 invocabo;
1219 2349 1334 2416 hic,
1366 2349 1479 2404 Tibi
1506 2351 1802 2421 sacriﬁcabo
1827 2351 2044 2408 hostiam

454 2443 655 2508 laudis,
702 2442 806 2499 hoc
831 2452 912 2498 est
936 2485 950 2506 ,
997 2441 1208 2498 Gratias
1235 2458 1420 2512 agam,
1453 2441 1729 2498 Laudabo.
1763 2443 1828 2498 Et
1863 2461 2044 2500 nomen

453 2535 659 2588 Domini
687 2533 946 2589 invocabo.
983 2533 1140 2589 Vides
1168 2533 1435 2605 quomodo
1463 2545 1547 2590 est
1575 2535 1893 2592 sacriﬁcium
1926 2537 2042 2592 Iau-

453 2628 578 2682 dis?
611 2627 661 2683 9.
696 2625 826 2682 Vota
851 2643 963 2682 mea
984 2625 1203 2682 Domino
1233 2627 1446 2682 reddam
1471 2627 1524 2682 in
1565 2639 1838 2699 conspectu
1880 2630 2045 2684 omnis

454 2721 631 2790 populi
658 2723 770 2790 ejus
789 2761 806 2788 ,
838 2720 925 2776 10.
958 2720 1011 2774 in
1037 2721 1180 2775 atriis
1206 2720 1385 2775 domus
1408 2719 1654 2786 Domini,
1696 2723 1748 2776 in
1777 2722 1940 2776 medio
1970 2723 2045 2777 tui

449 2809 757 2866 Jerusalem.
789 2811 900 2866 Hoc
927 2819 1104 2866 autem
1134 2809 1392 2876 faciebat,
1427 2827 1531 2867 non
1559 2821 1617 2866 ut
1641 2827 1700 2868 se
1726 2822 2038 2880 ostentaret,

448 2916 548 2958 nec
577 2910 634 2956 ut
658 2901 883 2972 gloriam
909 2911 1168 2972 captaret,
1195 2902 1287 2957 sed
1318 2919 1506 2957 omnes
1531 2902 1598 2958 ad
1626 2919 1779 2960 suam
1809 2905 2040 2959 invitans

449 2995 797 3051 imitationem
819 3037 834 3059 ,
866 3003 921 3051 et
947 2995 1129 3051 volens
1169 3010 1266 3051 eos
1294 2995 1491 3051 habere
1532 2997 1710 3053 socios
1745 2999 2034 3069 gratiarum

447 3092 692 3146 actionis.
720 3090 872 3159 Quod
898 3090 1112 3161 quidem
1145 3089 1342 3145 faciunt
1372 3104 1560 3146 omnes
1584 3092 1775 3158 sancti,
1805 3107 1908 3145 non
1940 3091 2038 3146 ho-

449 3181 620 3237 mines
648 3183 852 3248 solum,
885 3180 980 3236 sed
1021 3181 1179 3236 etiam
1213 3197 1424 3235 onmem
1455 3190 1755 3236 creaturam
1778 3223 1793 3245 ,
1827 3183 2039 3252 quando

448 3273 692 3329 beneﬁcii
721 3273 919 3342 aliquid
949 3274 1274 3343 acceperint,
1315 3281 1568 3328 vocantes
1595 3273 1660 3329 ad
1693 3274 1861 3329 laudis
1889 3290 2037 3330 com-

447 3365 772 3420 munionem.
803 3364 945 3418 Nihil
977 3375 1059 3420 est
1087 3365 1231 3420 enim
1253 3406 1268 3430 ,
1296 3365 1437 3436 quod
1471 3365 1609 3420 Deus
1635 3367 1836 3436 majore
1862 3367 2039 3424 studio

447 3455 846 3524 complectatur,
876 3469 1032 3526 quam
1059 3471 1178 3511 esse
1202 3465 1433 3525 gratum,
1462 3471 1566 3510 non
1591 3459 1763 3513 solum
1792 3459 1845 3513 in
1873 3460 2038 3515 rebus

447 3549 728 3613 secundis,
760 3547 853 3603 sed
889 3547 1049 3602 etiam
1080 3547 1133 3602 in
1181 3548 1439 3603 adversis.
1489 3548 1600 3605 Hoc
1638 3558 1723 3605 est
1770 3551 2034 3620 pra-cipue

450 3640 658 3706 hostia,
691 3639 793 3694 hoc
820 3640 1052 3695 maxima
1099 3639 1318 3694 oblatio.
1362 3640 1442 3696 Ita
1485 3641 1587 3696 Job
1628 3643 2032 3713 praedicabatur,

446 3735 516 3789 ita
540 3733 752 3797 Paulus,
778 3733 847 3788 ita
869 3732 1032 3789 Jacob
1057 3750 1070 3788 :
1096 3732 1168 3788 ita
1195 3734 1555 3806 unusquisque
1572 3735 1862 3806 justorum,
1890 3739 2034 3808 pium

445 3842 599 3880 suum
625 3835 678 3880 et
701 3835 908 3896 gratum
937 3825 990 3880 in
1020 3825 1186 3880 Deum
1225 3827 1459 3881 animum
1488 3828 1719 3884 maxime
1746 3830 1798 3884 itt
1829 3841 2036 3901 tempo-

444 3933 562 3974 rum
585 3917 895 3973 difﬁcultate
916 3916 1222 3972 ostendens.
1253 3917 1486 3988 Idipsum
1513 3933 1610 3974 nos
1635 3935 1848 3990 quoque
1875 3921 2034 3975 facia-

447 4027 586 4076 mus.
610 4020 666 4068 et
685 4011 880 4080 gratias
902 4019 1160 4080 perpetuo
1181 4025 1339 4081 agere
1362 4026 1786 4081 perseveremus,
1815 4022 1872 4068 ut
1893 4013 2032 4068 bona

443 4106 609 4164 etiam
635 4112 831 4162 arterna
871 4117 1302 4173 consequamur:
1333 4119 1452 4173 qua:
1477 4103 1634 4160 detur
1673 4105 1826 4161 nobis
1852 4107 2031 4162 omni-

446 4201 543 4256 bus
565 4200 837 4270 consequi,
859 4198 1026 4269 gratia
1053 4208 1107 4253 et
1128 4197 1454 4268 benignitate
1477 4197 1688 4254 Domini
1717 4201 1882 4255 nostri
1903 4199 2029 4257 Jesu

445 4294 678 4361 Christi,
706 4293 789 4348 cui
819 4293 988 4363 gloria
1015 4300 1070 4346 et
1097 4290 1378 4361 imperium
1400 4332 1415 4357 ,
1445 4307 1586 4346 nunc
1623 4299 1680 4346 et
1706 4306 1947 4362 semper,
1976 4300 2032 4349 et

444 4386 499 4440 in
528 4384 723 4440 siccata
752 4384 1094 4441 saeculorum.
1123 4383 1318 4438 Amen.

910 4514 974 4570 IN
1014 4513 1332 4571 PSALMUM
1381 4511 1561 4568 CXVI.

445 4630 494 4684 1.
526 4627 754 4681 Laudate
778 4623 1053 4679 Dominum
1072 4665 1086 4687 ,
1113 4641 1284 4678 omnes
1307 4633 1476 4695 gentes
1499 4665 1516 4688 ,
1545 4625 1749 4679 laudate
1774 4641 1888 4678 eum
1913 4641 2026 4678 om.

513 4735 602 4774 nes
647 4717 842 4788 populi.
885 4716 939 4770 2.
985 4715 1236 4782 Quoniam
1281 4714 1596 4782 conﬁrmata.
1628 4725 1700 4769 est
1740 4732 1892 4785 super
1935 4733 2026 4771 nos

515 4811 860 4866 misericordia
885 4810 996 4879 ejus
1013 4851 1028 4876 ,
1068 4819 1115 4862 et
1143 4809 1324 4862 veritas
1351 4806 1559 4862 Domini
1590 4819 1756 4863 manet
1784 4810 1839 4863 in
1874 4819 2024 4864 reter-

509 4922 648 4961 num.

513 5016 693 5071 Cuivis
725 5015 925 5069 clarum
966 5023 1080 5080 est,
1125 5013 1239 5068 haec
1267 5029 1383 5084 qua:
1423 5013 1560 5068 dicta
1598 5022 1721 5068 sunt
1747 5029 1866 5069 esse
1899 5031 2019 5084 pro-

441 5109 672 5179 phetiam
702 5106 957 5160 Ecclesite
986 5104 1352 5170 credentium,
1383 5114 1437 5160 et
1462 5104 1861 5175 praedictionem
1891 5123 2024 5176 pra:-

436 5201 718 5255 dicatio-nis
766 5213 883 5268 quae
926 5197 1230 5252 universum
1279 5197 1465 5251 orbem
1515 5205 1673 5250 terra:
1720 5199 2016 5266 occupavit.

436 5291 618 5362 Neque
645 5291 785 5344 enitn
815 5304 969 5342 unam
991 5328 1006 5355 ,
1040 5288 1172 5342 duas
1201 5297 1289 5341 aut
1318 5298 1426 5342 tres
1451 5288 1785 5341 solummodo
1813 5301 2016 5356 gentes,

437 5384 534 5440 sed
561 5393 777 5448 terram,
807 5392 862 5437 et
885 5382 1192 5437 universum
1224 5396 1368 5435 mare
1394 5389 1546 5435 vocat
1574 5380 1837 5435 Psalmus.
1868 5381 2018 5448 Quod

434 5477 593 5532 etiam
640 5475 855 5540 evenit,
885 5473 1095 5544 quando
1133 5472 1330 5528 Christi
1367 5471 1623 5526 adventus
1666 5472 2013 5541 resplenduit.

437 5567 641 5626 Deinde
687 5567 816 5623 dicit
843 5567 1002 5622 etiam
1042 5579 1255 5618 causam
1299 5563 1521 5630 salutis,
1555 5579 1648 5618 eos
1694 5579 1883 5634 nempe
1913 5579 2015 5618 non

440 5675 499 5717 ex
534 5661 766 5732 propriis
803 5655 989 5724 'factis,
1022 5673 1123 5713 nec
1161 5673 1227 5713 ex
1256 5658 1360 5712 vita
1383 5699 1398 5724 ,
1429 5671 1529 5712 nec
1556 5673 1619 5711 ex
1667 5656 1853 5711 ﬁducia
1874 5697 1889 5722 ,
1922 5656 2015 5712 sed

435 5766 501 5806 ex
544 5751 655 5806 sola
695 5749 788 5804 Dei
821 5748 1106 5803 clementia
1149 5758 1388 5804 servatos
1434 5762 1574 5803 esse.
1603 5743 1917 5814 Conﬁrmata
1944 5757 2016 5801 est

436 5843 578 5905 enim
604 5883 620 5910 ,
664 5841 854 5909 inquit,
898 5856 1048 5914 super
1071 5857 1163 5897 nos
1208 5841 1550 5898 misericordia
1590 5841 1700 5912 ejus
1728 5881 1743 5894 .
1789 5838 1888 5896 hoc
1911 5850 2015 5905 est,

1160 400 1218 458 S.
1255 397 1530 477 JOANNIS
1564 400 2037 460 CIIRYSOSTUMI
2075 402 2392 460 ARCHIEP.
2429 399 2964 458 CONSTANTINOP.

3634 389 3748 462 323'

2155 531 2336 572 coacta
2367 528 2450 572 est
2477 527 2530 572 et
2554 517 2772 584 coaluit,
2805 517 3062 587 ﬁrmaque
3093 532 3155 571 ac
3181 516 3345 572 solida
3378 515 3512 574 farta
3541 531 3656 584 est,
3684 533 3739 576 et

2157 620 2304 678 petra
2334 609 2594 664 stabilior.
2639 609 3027 664 Incretnentum
3052 611 3195 664 enim
3225 609 3462 679 quotidie
3495 612 3735 680 suscipit.

2155 699 2222 755 Et
2247 702 2429 755 veritas
2467 702 2577 769 ejus
2615 709 2782 754 manet
2823 700 2876 753 in
2906 709 3168 755 veternum.
3195 699 3346 755 Tunc
3372 701 3513 754 enim
3544 703 3741 756 veritas

2155 793 2384 848 maxime
2409 792 2757 864 resplenduit.
2799 792 2923 846 Ideo
2961 804 3135 847 autem
3181 792 3258 845 sic
3291 793 3458 862 dixit,
3485 794 3737 862 quoniam

2153 895 2332 940 vetera
2387 885 2473 938 illa
2519 893 2670 938 erant
2713 894 2868 955 typus
2891 892 2946 938 et
2982 885 3165 953 ﬁgura.
3214 884 3324 936 I'Ioc
3360 884 3531 954 ipsum
3574 883 3739 955 signi-

2153 978 2323 1032 ﬁcans
2348 992 2560 1047 quoqtte
2589 975 2936 1045 evangelista,
2967 976 3177 1031 dit'ebaf.
3209 993 3222 1030 :
3260 976 3367 1030 Lex
3390 994 3480 1046 per
3506 976 3737 1048 Magsem

2151 1070 2274 1123 data
2301 1079 2396 1135 est,
2429 1069 2595 1139 gratia
2619 1077 2663 1122 et
2701 1069 2884 1123 ueritas
2911 1086 2998 1139 per
3022 1067 3196 1122 Iesum
3225 1067 3480 1124 Christum
3505 1073 3641 1143 facta
3664 1079 3738 1125 est

2153 1161 2331 1235 (Joan.
2369 1163 2419 1216 1.
2450 1160 2562 1230 17).

2610 1293 2679 1351 ΙΝ
2718 1293 3036 1351 PSALMUM
3074 1293 3281 1351 CXVII.

2151 1412 2206 1466 1.
2228 1410 2550 1482 Conﬁtemini
2575 1410 2799 1466 Domino
2822 1414 3060 1482 quoniam
3086 1413 3264 1481 bonus,
3287 1415 3526 1485 quoniam
3551 1415 3604 1468 in
3635 1431 3734 1470 see-

2592 1505 2763 1559 culum
2789 1507 3136 1560 misericordia
3165 1508 3293 1577 ejus.

2222 1615 2273 1669 1.
2318 1613 2525 1669 Dictum
2554 1615 2769 1686 quidem
2803 1617 2996 1672 Psalmi
3027 1618 3168 1688 quod
3208 1620 3483 1675 consuevit
3512 1623 3737 1692 populus

2151 1706 2434 1762 succinere
2465 1710 2563 1779 (a),
2592 1708 2693 1762 hoc
2717 1717 2800 1762 est
2825 1726 2838 1762 :
2869 1707 2995 1763 Haec
3020 1719 3092 1763 est
3115 1709 3222 1763 dies
3243 1726 3395 1781 quam
3421 1711 3534 1782 fecit
3562 1711 3736 1767 Domi.

2148 1812 2264 1860 nus,
2292 1799 2597 1853 exsullemus
2629 1809 2676 1854 et
2714 1800 2941 1853 leuentur
2967 1800 3019 1853 in
3049 1816 3107 1854 ea
3135 1801 3314 1870 :quod
3343 1809 3399 1857 et
3425 1805 3618 1858 multos
3646 1821 3727 1859 ex-

2149 1888 2312 1955 citat,
2356 1900 2409 1944 et
2441 1891 2543 1946 hoc
2579 1893 2811 1947 maxime
2838 1894 2976 1948 solet
3018 1892 3246 1963 populus
3279 1893 3372 1947 illo
3401 1895 3656 1964 Spirituali
3683 1903 3740 1950 et

2149 1981 2347 2036 ccclesti
2394 1981 2529 2037 festo
2570 1984 2866 2040 succinere.
2913 1982 3019 2039 Nos
3045 1995 3220 2039 autem
3243 2025 3258 2051 ,
3290 1985 3332 2040 si
3360 2000 3455 2040 vos
3481 1986 3636 2040 vultis
3661 2028 3675 2050 ,
3711 1997 3742 2035 a

2148 2073 2321 2143 capite
2352 2083 2406 2128 et
2431 2075 2500 2128 ab
2528 2075 2678 2129 initio
2703 2085 2870 2131 totum
2903 2076 3172 2131 Psalmum
3203 2092 3602 2148 persequamur,
3631 2095 3732 2133 non

2149 2179 2177 2216 a
2211 2180 2366 2219 versu
2396 2166 2482 2234 qui
2516 2167 2840 2227 suecinitur.
2885 2167 2977 2222 sed
3008 2167 3078 2222 ab
3104 2168 3218 2238 ipso
3262 2169 3482 2224 exordio
3520 2171 3736 2240 exposi-

2149 2255 2348 2310 tionem
2395 2258 2724 2314 inchoantes.
2774 2259 2995 2314 Versum
3026 2263 3167 2315 euim
3200 2261 3382 2316 Patres
3427 2264 3630 2323 nostri.
3680 2273 3733 2318 ut

2148 2350 2237 2420 qui
2268 2359 2410 2405 esset
2435 2366 2678 2417 sonorus,
2709 2361 2764 2407 et
2788 2353 3012 2408 sublime
3038 2354 3249 2424 aliquod
3273 2354 3466 2424 dogma
3497 2356 3736 2411 contine-

2111 2432 2264 2506 'ret,
2311 2443 2563 2513 populum
2609 2444 2888 2499 suecinere
2933 2454 3265 2510 sanxerunt,
3306 2447 3736 2516 quandoquidem

2150 2539 2318 2586 totum
2347 2533 2615 2588 Psalmum
2647 2533 2955 2604 ignorabat,
2985 2543 3043 2589 ut
3066 2533 3150 2589 vel
3178 2533 3302 2589 hinc
3326 2535 3610 2605 perfectam
3635 2536 3734 2591 do-

2147 2626 2372 2680 ctrinam
2414 2627 2736 2696 acciperent.
2787 2625 2951 2682 Nobis
2995 2636 3172 2682 autem
3218 2642 3439 2683 necesse
3482 2637 3566 2684 est
3605 2643 3731 2685 eum

2147 2725 2317 2773 totum
2363 2719 2646 2789 persequi,
2676 2720 2775 2775 etsi
2804 2735 2923 2788 qua:
2952 2729 3075 2774 sunt
3106 2720 3158 2774 in
3188 2721 3365 2775 medio
3393 2720 3529 2790 ejus,
3557 2722 3732 2775 maxi-

2145 2823 2288 2864 mam
2323 2809 2552 2865 habeant
2589 2812 2942 2880 prophetiam.
2974 2811 3072 2866 Hic
3097 2810 3238 2866 enim
3265 2811 3464 2866 dictum
3491 2821 3608 2868 est:
3632 2811 3732 2865 La-

2146 2902 2317 2973 pidem
2342 2919 2489 2974 quem
2513 2902 2902 2974 reprobarerunt
2931 2903 3260 2973 aediﬁcantes,
3289 2903 3370 2957 hic
3393 2903 3560 2973 factus
3587 2915 3658 2958 est
3682 2905 3733 2958 in

2143 3005 2296 3064 caput
2324 2995 2500 3068 anguli
2527 2995 2611 3064 (υ.
2644 2993 2774 3067 22).
2815 2995 2966 3064 Quod
2994 2995 3208 3066 quidem
3237 2993 3483 3050 Christus
3520 3010 3732 3066 quoque

2143 3087 2277 3142 dixit
2297 3087 2493 3142 Judzeis
2517 3087 2738 3159 (Matth.
2762 3088 2852 3142 2i.
2876 3088 2947 3143 42
2963 3088 3001 3158 ),
3030 3088 3189 3158 paulo
3214 3087 3428 3158 quidem
3455 3089 3736 3142 obscurius

2144 3180 2342 3250 (adhuc
2370 3180 2512 3235 enim
2541 3181 2616 3234 ira
2661 3180 2970 3246 fervebant,
3011 3181 3126 3251 ipse
3164 3189 3340 3234 autem
3371 3195 3488 3235 eam
3523 3180 3733 3235 nolebat

2141 3273 2439 3329 accendere
2470 3291 2484 3328 :
2513 3271 2778 3328 Calamam
2803 3274 2945 3328 enint
2973 3273 3241 3325 contritum
3283 3287 3385 3326 non
3419 3273 3730 3342 confringet,

2143 3377 2188 3421 et
2219 3368 2379 3422 linum
2406 3368 2662 3439 fumigans
2689 3383 2790 3420 non
2816 3366 3096 3435 ercstinguet
3128 3363 3288 3437 [Isai.
3315 3364 3405 3420 42.
3435 3363 3499 3437 3]
3520 3364 3568 3435 ),
3599 3365 3730 3420 dixit

2144 3466 2341 3512 tamen.
2373 3456 2758 3529 Aggrediamnr
2778 3471 2905 3526 ergo
2928 3455 3194 3510 Psalmum
3216 3454 3282 3509 ab
3305 3456 3419 3524 ipso
3445 3458 3726 3525 prommin,

2141 3549 2296 3603 sicuti
2318 3548 2428 3618 jam
2455 3548 2702 3602 diximus.
2733 3546 2884 3613 Quod
2911 3555 2992 3602 est
3033 3562 3160 3617 ergo
3202 3547 3560 3616 prooemium?
3597 3546 3730 3602 Con-

2140 3641 2354 3709 ﬁtemini
2378 3639 2618 3707 Domino,
2650 3640 2887 3710 quoniam
2913 3639 3072 3692 bonus
3091 3681 3106 3706 ,
3131 3639 3369 3709 quoniam
3400 3640 3453 3693 in
3487 3641 3729 3694 steculum

2140 3733 2486 3787 misericordia
2510 3734 2639 3803 ejus.
2669 3733 2798 3786 Nam
2827 3747 2947 3787 cum
2977 3740 3156 3787 mente
3183 3732 3433 3802 agitasset
3471 3734 3726 3802 propheta

2139 3823 2287 3880 orbis
2332 3833 2489 3879 terra:
2529 3822 2882 3888 beneﬁcium,
2924 3831 2980 3878 et
3020 3837 3307 3891 perennem
3347 3822 3725 3893 benignitatem

2137 3933 2202 3975 ac
2226 3917 2564 3975 clementiam
2595 3931 2752 3987 quam
2799 3915 2854 3969 in
2898 3914 3144 3969 omnibus
3187 3914 3417 3969 ostendit
3447 3915 3723 3982 Dominus,

2140 4019 2298 4065 vocat
2327 4008 2487 4064 simul
2528 4022 2718 4063 omnes
2743 4005 2809 4060 ad
2851 4005 3082 4075 agendas
3110 4005 3304 4074 gratias
3327 4046 3342 4071 ,
3372 4006 3604 4060 maximo
3632 4023 3724 4061 ca-

2139 4104 2250 4174 pite
2295 4103 2555 4158 bonorum
2597 4101 2712 4170 ejus
2756 4101 2808 4153 in
2855 4098 3034 4154 medio
3079 4099 3268 4168 posito.
3317 4097 3372 4152 2.
3405 4097 3554 4152 Dicat
3591 4115 3725 4153 nunc

2136 4198 2318 4251 domus
2349 4197 2514 4252 Israel
2538 4238 2552 4260 ,
2595 4197 2834 4268 quoniam
2874 4195 3034 4251 bonus
3059 4237 3072 4261 ,
3118 4196 3358 4265 quoniam
3389 4195 3442 4249 in
3481 4196 3724 4250 steculum

2135 4291 2478 4345 misericordia
2507 4291 2636 4360 ejus.
2668 4289 2806 4356 Quid
2836 4287 3011 4343 dicis?
3039 4285 3235 4341 Domus
3261 4285 3446 4352 Israel,
3478 4303 3596 4354 qum
3623 4301 3715 4340 ca-

2134 4383 2403 4454 ptivitatcs
2427 4395 2676 4452 perpessa
2709 4391 2790 4434 est
2820 4379 3254 4456 innumerabiles,
3277 4393 3394 4448 qua:
3421 4395 3470 4430 tn
3491 4377 3722 4448 Aigypto

2134 4475 2372 4538 servivit,
2406 4487 2526 4544 qua:
2552 4474 2604 4526 in
2632 4473 2778 4526 orbis
2809 4480 3068 4525 terrarum
3100 4480 3338 4524 extrema
3362 4469 3585 4524 abducta
3615 4478 3716 4535 est,

2133 4585 2251 4638 qua:
2277 4567 2330 4622 in
2357 4565 2638 4620 Palmstina
2667 4563 2814 4618 mille
2853 4563 3098 4617 toleravit
3139 4561 3496 4616 alllictiones?
3539 4562 3714 4629 Certe,

2132 4662 2323 4731 inquit.
2356 4661 2394 4714 Ii
2422 4661 2562 4714 enim
2595 4667 2718 4712 sunt
2745 4657 2862 4727 ejus
2887 4655 3148 4710 bonorum
3175 4655 3361 4726 optimi
3392 4664 3576 4721 testes,
3607 4671 3718 4708 nta-

2125 4753 2350 4824 joraque
2376 4761 2430 4806 et
2455 4751 2709 4820 ampliora
2739 4755 3062 4819 acceperunt
3087 4762 3242 4817 quam
3273 4746 3385 4801 alii.
3412 4746 3715 4813 Quinetiam

2129 4849 2232 4904 hoc
2262 4849 2433 4919 ipsum
2461 4844 2600 4916 quod
2633 4842 2772 4912 passi
2815 4851 2967 4907 sunt,
3001 4851 3084 4896 est
3125 4847 3495 4910 argumentum
3538 4839 3716 4910 magni

2128 4944 2391 5000 beneﬁcii.
2419 4942 2475 4997 Si
2495 4941 2614 5011 quis
2634 4948 2811 4994 autem
2831 4937 3115 5007 diligenter
3129 4933 3533 4997 examinaverit,
3553 4933 3713 4988 etiam

2127 5053 2225 5110 pro
2260 5033 2455 5091 Christi
2484 5031 2713 5086 adventu
2753 5039 3167 5085 consentaneum
3197 5035 3281 5082 est
3321 5039 3415 5081 eos
3453 5025 3713 5080 maximas

2127 5145 2286 5201 agere
2311 5127 2528 5198 gratias.
2559 5125 2668 5179 Etsi
2698 5123 2839 5178 enim
2865 5121 3087 5176 adversa
3115 5119 3253 5190 passi
3280 5125 3424 5183 sunt,
3454 5115 3507 5172 id
3533 5125 3710 5172 tamen

2126 5240 2232 5280 non
2263 5223 2331 5278 ab
2356 5237 2420 5276 eo
2447 5220 2538 5290 qui
2565 5219 2740 5284 venit,
2778 5215 2873 5272 sed
2903 5215 2969 5269 ab
2999 5229 3183 5269 eorum
3223 5211 3560 5282 improbitate
3589 5224 3712 5279 pro-

2126 5319 2322 5374 fectum
2349 5325 2448 5371 est.
2483 5315 2602 5385 Ipse
2629 5311 2770 5366 enim
2801 5307 2869 5363 ad
2896 5321 2990 5363 eos
3019 5304 3296 5372 veniebat,
3326 5312 3381 5358 et
3404 5301 3711 5372 frequenter

2123 5410 2334 5467 dicebat
2366 5424 2378 5460 :
2419 5404 2544 5459 Non
2571 5404 2753 5457 missus
2796 5416 2908 5454 sum
2946 5397 3042 5451 nisi
3079 5396 3148 5449 ad
3175 5411 3288 5449 oves
3315 5409 3430 5465 qua
3458 5393 3711 5463 perieruvt

2125 5506 2304 5559 domus
2335 5498 2500 5556 Israel
2526 5495 2741 5568 (Matth.
2767 5493 2855 5549 15.
2881 5490 2988 5560 24)
3014 5507 3028 5558 ;
3057 5497 3112 5546 et
3136 5486 3411 5559 discipulis
3442 5503 3458 5540 :
3483 5483 3550 5539 In
3576 5483 3711 5538 viam

2197 5657 2268 5720 la)
2294 5653 2530 5720 Quid_sit_.
2556 5652 2800 5720 psalmum
2826 5663 3072 5720 surcnte're
3105 5649 3456 5720 (ergo-penem),
3484 5645 3700 5720 diximus

2135 5707 2280 5781 supra
2305 5707 2357 5768 in
2399 5707 2584 5765 Monito
2608 5715 2666 5761 ad
2695 5716 2821 5761 Psal.
2852 5713 2923 5760 11.
2953 5707 3119 5781 Igitur
3136 5707 3452 5781 hicA'versus,
3493 5707 3596 5781 [nec
3627 5712 3701 5781 est

2135 5769 2258 5839 dies,
2304 5787 2422 5839 etc.,
2461 5783 2570 5826 erat
2605 5787 2906 5839 responsum,
2947 5769 3079 5837 quod
3132 5776 3243 5834 post
3285 5769 3512 5834 singulos
3550 5769 3704 5830 hujus

2138 5843 2314 5892 Psalmi
2341 5838 2514 5890 versus
2537 5838 2876 5899 repetebatur.
