4090 6338
453 373 572 431 1329

451 489 542 542 ,τὰ
559 487 823 556 πρόϐατα
836 487 911 538 τὰ
923 484 1280 538 ἀπολωλότα
1296 482 1465 536 οἵκου
1495 481 1739 550 Ἰσραήλ
1754 497 1767 511 ·
1792 481 1887 534 καὶ
1908 477 2040 550 πρὶς

467 575 567 647 τὴν
592 571 928 628 Χαναναίαν·
965 569 1118 643 1518]
1148 573 1268 625 Οὐκ
1300 571 1434 624 ἐστι
1467 572 1658 623 καλὸν
1691 569 1898 623 λαϐεῖν
1934 565 2042 620 τὸν

465 663 650 730 ἄρτον
679 658 796 714 τῶν
828 659 1075 723 τέκνων,
1107 658 1206 713 καὶ
1241 658 1450 712 δοῦναι
1483 658 1671 711 αὑτὸν
1697 656 1822 722 τοῖς
1859 670 2042 709 κυνα-

461 749 634 818 ρίοις.
684 747 794 802 Kal
843 747 952 818 γὰρ
1001 747 1178 800 πάντα
1215 747 1386 799 ἐποίει
1447 747 1542 799 καὶ
1596 742 2043 812 ἐπραγματεύετο

468 837 608 906 ὑπὲρ
637 838 733 906 τῆς
753 836 976 888 ἐκείνων
1006 834 1298 904 σωτηρίας.
1333 835 1396 886 El
1429 833 1486 886 δέ
1521 833 1727 898 ἀνάξιοι
1765 832 1865 901 τῆς
1886 831 2044 902 εύερ-

466 923 658 994 γεσίας
699 923 996 993 ἐφάνησαν,
1035 924 1153 984 ταῖς
1193 920 1398 974 ἑαυτῶν
1435 919 1834 988 λογιζέσθωσαν
1866 935 2045 988 παρα-

472 1008 710 1082 νομὶαξ,
737 1009 835 1064 καὶ
866 1011 932 1080 τῇ
967 1009 1066 1078 τῆς
1088 1007 1479 1078 ἀγνωμοσύνης
1507 1006 1801 1078 ὑπερϐολῇ.

541 1097 775 1152 Εἰπάτω
805 1095 881 1164 δὴ
920 1092 1084 1162 οἶκος
1119 1095 1361 1163 Ἀαρὼν,
1411 1096 1502 1148 ὅτι
1546 1094 1802 1164 ἀγαθὸς,
1841 1093 1930 1146 ὅτι
1960 1094 2046 1158 είς

467 1183 576 1235 τὸν
600 1181 785 1235 αἰῶνα
803 1181 869 1236 τὸ
895 1181 1067 1248 ἕλεος
1095 1182 1303 1236 αὐτοῦ.
1341 1180 1602 1235 Ἐνταῦθα
1627 1179 2046 1252 κεχωρισμένως

469 1269 595 1333 τοὺς
622 1269 802 1340 ἱερέας
836 1269 914 1332 είς
935 1267 1207 1338 ὑμνῳδίαν
1228 1267 1400 1330 καλεῖ,
1430 1269 1642 1331 δεικνὺς
1671 1268 1770 1338 ὅση
1790 1269 1874 1329 τίς
1901 1268 2047 1318 ἐστιν

471 1356 814 1426 ὑπερέχουσα
846 1358 879 1426 ἡ
911 1353 1198 1426 ἱερωσύνη.
1234 1355 1346 1408 Kal
1373 1355 1478 1427 γὰρ
1508 1356 1616 1424 ὅσῳ
1653 1354 1869 1424 μείζους
1908 1349 2049 1423 ἦσαν

469 1438 615 1497 οῦτοι
636 1442 744 1495 τῶν
768 1442 960 1508 ἄλλων,
991 1441 1228 1513 τοσούτῳ
1253 1443 1346 1496 καὶ
1374 1443 1617 1504 πλείονος
1647 1441 1923 1514 ἀπήλαυον
1949 1441 2049 1511 τῆς

471 1529 635 1600 τιμῆς
666 1527 815 1599 παρά
844 1527 936 1580 τοῦ
971 1527 1138 1590 Θεοῦ,
1168 1530 1226 1581 οὑ
1262 1528 1418 1599 μόνον
1449 1529 1588 1582 κατὰ
1621 1529 1712 1582 τδν
1750 1528 1851 1598 τῆς
1894 1529 2052 1598 ἱερω-

473 1616 638 1685 σύνης
656 1615 835 1684 λόγον,
858 1614 996 1668 ἀλλὰ
1020 1616 1114 1669 καὶ
1138 1615 1280 1669 κατὰ
1303 1616 1368 1668 τὰ
1397 1616 1534 1668 ἄλλα
1570 1617 1765 1670 πάντα.
1801 1616 1912 1669 Kal
1942 1614 2050 1685 γὰρ

471 1705 632 1772 ⁴ἡνίκα
662 1703 771 1773 πῦρ
801 1703 1129 1774 κατηνέχθη,
1158 1702 1224 1755 δι’
1264 1703 1462 1766 αὐτοὺς
1496 1702 1823 1773 κατηνέχθη,
1855 1702 1947 1756 καὶ
1977 1700 2050 1771 γῆ

472 1792 694 1863 ἠνοίχθη
721 1831 734 1852 ,
778 1791 868 1844 καὶ
919 1791 1112 1862 ῥάϐδος
1158 1790 1488 1861 ἐϐλάστησε,
1533 1792 1628 1844 καὶ
1678 1790 1849 1861 μυρία
1889 1790 2050 1860 ’έτερα

472 1880 659 1947 γέγονε
690 1880 756 1932 δι’
789 1879 984 1942 αὐτοὺς
1004 1891 1052 1938 ιι,
1089 1878 1286 1948 μᾶλλον
1309 1878 1365 1930 δὲ
1397 1879 1534 1948 ὑπὲρ
1561 1879 1740 1931 αὐτῶν
1774 1876 2048 1948 θαύματα.

473 1966 830 2021 Είπάτωσαν
852 1965 928 2032 δὴ
950 1963 1173 2031 πάντες
1193 1968 1244 2019 οι
1265 1967 1621 2034 φοϐούμενοι
1645 1965 1754 2018 τὸν
1777 1964 1944 2024 Θεὸν,
1963 1963 2051 2016 ὅτι

475 2052 715 2121 ἀγαθὸς,
741 2051 828 2106 ὅτι
852 2053 938 2116 εἰς
957 2051 1066 2105 τόν
1085 2049 1270 2105 αίῶνα
1294 2050 1360 2104 τὸ
1385 2053 1556 2118 ἕλεος
1576 2052 1782 2106 αὐτοῦ.
1804 2052 2053 2106 Μάλιστα

473 2142 584 2211 γὰρ
606 2135 754 2194 οὗτοί
790 2141 927 2192 εἰσιν
954 2140 1004 2192 οἱ
1044 2139 1331 2210 δυνάμενοι
1361 2139 1459 2210 τὴν
1488 2139 1894 2211 φιλανθρωπίαν
1925 2141 2053 2192 ἰδεῖν

475 2229 575 2298 τὴν
611 2226 799 2289 αὑτοῦ,
825 2227 921 2280 καὶ
945 2227 1032 2279 διὰ
1062 2228 1277 2280 πάντων
1304 2225 1401 2297 τὴν
1434 2228 1746 2298 ἀγαθότητα
1777 2244 2056 2296 καταμαν-

481 2314 685 2367 θάνειν.
722 2313 785 2366 Τί
819 2313 875 2366 δέ
919 2315 1103 2378 ἐστιν,
1137 2315 1266 2367 Ὅτι
1301 2315 1390 2380 εὶς
1432 2314 1539 2367 τὸν
1565 2314 1753 2369 αἰῶνα
1787 2317 1854 2368 τὸ
1881 2316 2055 2380 ἕλεος

461 2401 702 2465 .αὐτοῦ;
733 2401 1007 2470 Διηνεκὲς,
1036 2401 1220 2471 φησὶν,
1250 2401 1311 2454 οὐ
1339 2400 1782 2472 διακοπτόμενον,
1804 2401 1939 2455 ἀλλὰ
1965 2401 2055 2454 διὰ

480 2491 696 2544 πάντων
731 2489 946 2560 λάμπον
973 2491 1066 2544 καὶ
1103 2489 1559 2562 διαδεικνύμενον.
1587 2490 1650 2544 Εί
1673 2491 1731 2545 δὲ
1760 2491 1835 2563 μὴ
1871 2490 2056 2544 πολλοὶ

456 2579 759 2648 βλέπουσι,
784 2577 872 2631 διὰ
897 2577 995 2649 τὴν
1021 2576 1304 2632 ἀσθένειαν
1323 2579 1432 2631 τῶν
1454 2578 1673 2633 οίκείων
1701 2579 1763 2632 οὑ
1800 2578 2056 2650 βλέπουσι

479 2664 780 2736 λογισμῶν.
815 2665 965 2717 Ἐπεὶ
985 2667 1078 2718 καὶ
1104 2665 1196 2717 τὸν
1226 2665 1374 2735 ἥλιον
1404 2666 1457 2718 οἱ
1481 2664 1578 2729 τὰς
1598 2665 1750 2735 δψεις
1776 2665 2056 2731 νοσοῦντες

479 2752 568 2806 διὰ
588 2752 746 2804 τοῦτο
783 2750 1016 2821 μάλιστα
1047 2749 1144 2820 οὑχ
1167 2751 1397 2820 ὁρῶσιν
1433 2751 1622 2824 ὥσπερ
1646 2753 1767 2806 οὐδὲ
1803 2755 1850 2806 οἱ
1883 2753 2059 2822 ὑγιαί-

480 2857 662 2904 νοντες
702 2842 791 2893 ἀεὶ
817 2840 1070 2893 δύνανται
1111 2839 1249 2910 πρὸς
1287 2840 1450 2894 αὑτὸν
1490 2841 1792 2906 ἀτενίζειν,
1833 2842 1920 2895 διὰ
1961 2841 2058 2912 τὴν

482 2929 790 3001 ὑπερϐολὴν
827 2929 925 2996 τῆς
963 2927 1375 2998 λαμπρότητος’
1413 2928 1587 2992 οὕτως
1627 2931 1746 2983 οὐδὲ
1784 2930 1879 2983 τοῦ
1922 2925 2058 2983 Θεοῦ

486 3017 675 3085 μαθεῖν
695 3017 916 3069 δυνατὸν
949 3019 1126 3068 πᾶσαν
1148 3016 1174 3053 δ
1199 3015 1335 3085 μετὰ
1356 3016 1636 3088 ἀκριϐείας
1662 3018 1760 3086 τὴν
1783 3017 2058 3088 πρόνοιαν,

450 3117 454 3120 ’
481 3105 570 3158 διὰ
588 3103 648 3156 τὸ
678 3103 881 3174 σφόδρα
905 3102 1254 3174 ὑπερϐαίνειν
1277 3103 1385 3156 τῶν
1407 3103 1760 3175 ἀνθρωπίνων
1783 3105 2061 3175 λογισμῶν

483 3193 545 3246 τὸ
570 3191 798 3261 μέγεθος
827 3189 928 3260 τῆς
961 3190 1231 3252 συνέσεως
1259 3190 1420 3244 αὑτοῦ
1452 3191 1544 3245 καὶ
1575 3192 1674 3263 τῆς
1707 3191 1919 3261 σοφίας.

559 3279 796 3332 Ἔστιδέ
830 3277 922 3330 καὶ
952 3277 1096 3348 πάθη
1127 3276 1194 3329 τὰ
1224 3276 1393 3332 πολλὰ
1423 3278 1535 3341 τοῖς
1569 3279 1813 3350 ἀνοήτοις
1845 3281 2067 3333 ἐπισκο-

485 3365 680 3418 τοῦντα
705 3365 838 3436 πρὸς
863 3364 924 3416 τὸ
953 3364 1075 3434 μηδ’
1110 3363 1244 3428 ὅλως
1271 3365 1441 3436 αὐτὴν
1470 3365 1618 3418 ίδεῖν.
1656 3367 1880 3437 Πρῶτον
1915 3368 2012 3437 μὲν
2036 3377 2060 3406 ο

485 3451 546 3507 τ’)
596 3450 908 3523 φιλήδονον·
954 3451 1141 3522 διόπερ
1181 3452 1274 3505 καὶ
1311 3452 1379 3506 τὰ
1422 3455 1557 3506 πᾶσι
1606 3455 1750 3524 σαφῆ
1793 3455 2056 3526 παρατρέ-

487 3556 661 3610 χουσι.
689 3539 844 3592 Μετὰ
866 3536 1070 3591 τούτων
1089 3537 1338 3610 δεύτερον
1365 3541 1398 3610 ἡ
1421 3540 1572 3594 ἀνοια
1592 3541 1686 3593 καὶ
1705 3541 1765 3593 τὸ
1783 3541 2068 3613 διεστραμ-

493 3626 654 3695 μένον
682 3626 779 3698 τῆς
808 3625 1052 3698 γνώμης.
1087 3628 1210 3692 Πῶς
1231 3627 1340 3698 γὰρ
1365 3628 1466 3682 οὐκ
1493 3627 1692 3681 ἄτοπον
1725 3630 1936 3700 πατέρα
1969 3631 2068 3700 μὲν

487 3713 701 3786 δρῶντα
735 3712 1007 3767 τύπτοντα
1036 3714 1247 3768 παιδίον
1276 3714 1656 3786 ἀποδέχεσθαι,
1685 3718 1779 3769 καὶ
1805 3720 2067 3782 ἐπαινεῖν,

491 3802 777 3875 καὶταύτῃ
801 3803 1034 3874 μάλιστα
1056 3803 1266 3874 πατέρα
1285 3803 1526 3874 νομίζειν
1544 3821 1558 3833 ·
1578 3804 1712 3875 πρὸς
1731 3805 1787 3858 δὲ
1805 3806 1896 3858 τὸν
1911 3805 2065 3871 Θεὸν,

491 3892 538 3944 εἰ
560 3889 844 3962 βουληθείη
868 3892 1024 3960 δίκην
1051 3891 1352 3962 ἀπαιτῆσαι
1373 3891 1482 3944 τῶν
1501 3893 1923 3963 πεπραγμένων,
1942 3893 2070 3946 δυσ-

491 3979 759 4052 χεραίνειν
787 3983 882 4033 καί
919 3978 1140 4045 ἀλύειν;
1178 3981 1244 4033 Τί
1266 3979 1323 4032 δὲ
1349 3977 1376 4017 ἀ
1399 3981 1496 4051 τῆς
1519 3981 1847 4053 διαστροφῆς
1867 3982 2071 4054 ταύτης

493 4069 675 4138 χεῖρον
711 4067 906 4136 γένοιτ’
931 4065 1021 4129 ἂν,
1044 4067 1095 4121 οῖ
1118 4066 1212 4121 καὶ
1244 4067 1337 4120 ἐπὶ
1360 4069 1474 4132 τοῖς
1504 4069 1765 4133 ἐναντίοις
1787 4069 2072 4140 δυσχεραί-

492 4172 665 4220 νουσι,
689 4155 785 4209 νῦν
811 4156 909 4226 μὲν
931 4154 1205 4221 ἀλύοντες,
1239 4155 1323 4208 ὅτι
1354 4154 1430 4227 μὴ
1462 4157 1814 4228 ἐπεξέρχεται
1835 4174 1850 4188 ·
1883 4159 1978 4212 νῦν
2013 4158 2074 4213 δὲ

491 4242 574 4297 ἔπι
597 4242 948 4314 ἐπεξέρχεται
972 4259 987 4307 ;
1012 4243 1182 4298 Ὅταν
1212 4243 1310 4313 μὲν
1347 4243 1457 4316 γὰρ
1489 4245 1672 4298 ῖδωσιν
1702 4245 2068 4316 ἁρπάζοντας,

495 4331 590 4383 καὶ
623 4329 1080 4394 πλεονεκτοῦντάς
1113 4347 1283 4395 τινας,
1317 4330 1594 4401 βούλονται
1625 4343 1650 4372 ο
1683 4332 1840 4397 δίκας
1874 4335 2072 4401 αὐτοὺς

453 4458 460 4463 .
493 4418 696 4472 διδόναι
714 4433 730 4448 ο
764 4419 892 4472 ὅταν
917 4418 976 4472 δὲ
1015 4420 1244 4483 ἑαυτοὺς
1279 4420 1715 4493 ἁμαρτάνοντας,
1760 4422 1869 4476 οὐδ’
1901 4423 2070 4488 ὅλως·

495 4506 638 4578 ὅπερ
653 4507 770 4559 ἐστὶ
787 4506 1185 4579 διεφθαρμένης
1205 4506 1449 4578 γνώμης.
1470 4508 1664 4580 Τρίτον
1684 4509 1820 4581 πρὸς
1839 4509 2071 4581 τούτοις,

493 4595 556 4647 τὸ
597 4594 729 4666 μηδὲ
751 4595 948 4650 ειδέναι
992 4596 1209 4661 αὐτοὺς,
1237 4596 1290 4650 τί
1319 4612 1448 4650 ποτε
1481 4597 1642 4651 καλὸν
1663 4639 1676 4659 ,
1720 4599 1812 4651 καὶ
1844 4599 1897 4652 τί
1945 4618 2073 4653 ποτε

500 4681 689 4745 κακὸν,
719 4682 833 4736 ἀλλ’
865 4683 1128 4752 ἐσφάλθαι
1159 4685 1282 4756 περὶ
1313 4685 1412 4756 τὴν
1447 4684 1556 4738 τῶν
1589 4687 1926 4757 πραγμάτων
1956 4689 2077 4759 κρί-

501 4787 607 4834 σιν,
638 4770 726 4824 διὰ
742 4771 817 4825 ιτὺ
844 4771 1202 4844 φιλοπόνηρον
1236 4773 1331 4826 καὶ
1364 4773 1498 4844 πρὸς
1523 4774 1722 4827 κακίαν
1755 4775 2072 4847 ἐπιρῤεπές.

499 4858 792 4930 Τέταρτον,
816 4859 876 4912 τὸ
904 4859 1038 4929 μηδέ
1059 4858 1371 4927 λογίζεσθαι
1394 4860 1462 4913 τὰ
1483 4862 1659 4914 οἰκεῖα
1681 4862 1898 4932 ἁμαρτή
1907 4879 2073 4932 ματα.

500 4944 786 5016 Πέμπτον,
819 4945 880 4998 τὸ
911 4945 1112 5014 ἄφατον
1138 4942 1277 5000 εἶναι
1311 4948 1402 5000 καὶ
1455 4947 1589 5001 πολὺ
1635 4947 1696 5002 τὸ
1748 4949 1911 5019 μέσον
1941 4949 2076 5002 Θεοῦ

501 5035 595 5087 καὶ
637 5034 959 5108 ἀνθρώπων.
993 5035 1224 5097 Ἕκτον,
1268 5035 1327 5090 τὸ
1371 5037 1446 5107 μὴ
1497 5036 1778 5107 βούλεσθαι
1813 5039 1904 5091 τὸν
1945 5039 2078 5092 Θεὸν

501 5121 652 5194 [319]
679 5122 894 5177 ᾶπαντα
931 5121 1241 5194 ἁπανταχοῦ
1279 5123 1704 5193 ἐπιδείκνυσθαι,
1736 5125 1811 5190 ὡς
1850 5126 2081 5198 ἀρκούν-

500 5225 608 5263 των
634 5207 654 5252 ι
688 5208 783 5262 καὶ
806 5209 914 5262 τῶν
938 5209 1002 5262 ἐκ
1035 5209 1233 5281 μέρους
1255 5211 1572 5281 γινομένων.

575 5297 641 5368 β’.
660 5301 751 5352 Δεῖ
767 5296 944 5350 τοίνυν
959 5299 1016 5350 ἐν
1033 5297 1204 5351 ἅπασι
1230 5300 1326 5371 μὲν
1351 5300 1425 5370 μὴ
1449 5299 1768 5369 φιλονεικεῖν
1787 5300 2081 5370 μανθάνειν

567 5467 594 5529 _'
635 5465 786 5517 Savil.
813 5468 863 5516 in
891 5480 1047 5529 marg.
1068 5467 1128 5515 δι’
1157 5467 1330 5515 αὐτῶν.

561 5527 594 5570 b
618 5530 788 5578 Πᾶσαν
808 5529 953 5578 deest
971 5527 1022 5578 ili
1043 5531 1191 5578 Savil.

566 5593 592 5622 °
619 5591 721 5654 Μέν
743 5590 885 5654 όοβδι
908 5593 958 5654 in
1004 5589 1259 5654 Savil._qui
1285 5590 1430 5654 habet
1452 5591 1532 5638 καὶ
1551 5607 1630 5654 πρ.
1658 5591 1769 5641 Mox
1799 5591 1954 5642 Savil.
1980 5595 2082 5649 πῶς

503 5653 612 5722 γᾷιργ
635 5651 740 5722 οὐκ.
785 5651 957 5722 More}.
994 5653 1096 5708 πῶς
1111 5651 1216 5722 ,οὖν
1254 5653 1554 5722 οὖῃᾼΡςιυΙρ
1570 5651 1681 5722 P03}
1708 5669 1831 5722 ιιιιιιε
1849 5671 1875 5704 a
1899 5654 2083 5705 Savilio

507 5713 681 5762 allatus
703 5715 752 5762 in
775 5713 994 5774 margine
1015 5713 1234 5776 νομίζειν·
1255 5716 1281 5762 ό
1302 5715 1352 5762 δέ
1367 5714 1486 5770 Θεὸς
1505 5715 1543 5762 εἱ
1567 5713 1834 5776 βουληθείη.

568 5773 595 5812 (ι
620 5773 793 5821 Morel.
821 5774 865 5821 τί
886 5778 993 5821 γὰο.

700 5787 793 5821 rel.
821 5787 864 5821 τι
886 5789 993 5821 van.

570 5789 595 5812 ιι
620 5789 793 5821 morel.
821 5789 864 5821 τι
886 5789 993 5835 γαρ.

570 5835 590 5857 ⁸
611 5833 778 5883 Morel.
803 5835 1224 5896 itoéh«zo,male.

1171 364 1234 421 s.
1277 362 1563 421 Jomms
1601 357 2059 439 gnmsosrom

2166 358 2470 420 \RCHIEP.
2513 365 3064 422 CONSTANTINGﬁ

3592 358 3716 416 .330

2147 478 2240 531 τοῦ
2270 479 2404 533 Θεοῦ
2431 480 2528 552 τὴν
2556 483 2820 556 διοίκησιν
2840 483 3162 555 (ἀμηχάνοις
3185 477 3294 551 γὰρ
3313 474 3720 547 φιλονεικοῦμεν

2149 577 2470 649 πράγμασι,
2523 583 2618 636 καὶ
2653 583 2861 654 σφόδρα
2904 579 3290 651 ὑπερϐαίνουσι
3333 577 3512 630 πᾶσαν
3560 574 3722 644 φύσιν

2149 681 2415 751 κτιστήν)⁶
2437 684 2563 746 τοὺς
2585 683 2642 736 δέ
2676 683 2965 754 μέλλοντας
2991 685 3055 735 ἐκ
3091 680 3288 752 μέρους
3310 675 3479 747 αὐτὴν
3504 673 3723 738 ειδέναι»

2149 783 2256 836 τῶν
2290 784 2476 838 παθῶν
2515 785 2857 858 ἀπηλλάχθαι
2897 785 3000 857 χρὴ
3035 783 3142 837 τῶν
3170 778 3600 852 προειρημένων,
3629 778 3724 830 καὶ¹

2131 887 2301 956 ,ἡλίου
2348 887 2649 959 φανοτέραν
2694 887 2861 954 αὐτὴν
2894 886 3147 956 ὄψονται,
3181 884 3230 936 εί
3264 883 3358 935 καὶ
3405 880 3480 951 μὴ
3523 880 3726 940 πᾶσαν,

2129 987 2246 1053 ,καὶ
2283 986 2544 1056 μαθόντες
2573 987 2682 1040 ἀπὸ
2709 986 2802 1040 τοῦ
2841 986 3058 1058 μέρους,
3087 985 3180 1038 xal
3217 983 3356 1054 ὑπὲρ
3389 981 3609 1052 ἀπάσης
3635 979 3728 1031 εὐ-

2154 1086 2594 1156 χαριστήσουσιν.
2645 1087 2742 1140 Ἐκ
2795 1087 3056 1156 θλίψεως
3105 1079 3573 1151 ἑπεκαλεσάμην
3623 1080 3732 1134 τὸν

2155 1184 2389 1250 Κύριον,
2423 1185 2518 1239 καὶ
2548 1185 2854 1251 ἐπήκουσέ
2887 1203 3006 1255 μου
3043 1187 3130 1250 εἰς
3169 1180 3543 1250 πλατυσμόν.
3577 1174 3732 1240 Elia;

2154 1279 2464 1350 ἀγαθότητα
2493 1283 2587 1335 καὶ
2623 1282 3032 1354 φιλανθρωπίαν
3055 1301 3071 1350 ;
3107 1283 3219 1337 Ούκ
3243 1277 3416 1343 εἶπεν,
3441 1279 3521 1332 ὅτι
3549 1277 3729 1343 ’Ἄξιος

2157 1376 2340 1446 ἢμην·
2387 1379 2488 1432 οὑκ
2539 1375 2722 1446 εἶπεν,
2766 1381 2848 1434 ὅτι
2893 1379 3305 1451 Κατορθὼματα
3347 1377 3728 1448 ἐπεδειξάμην,

2156 1479 2291 1545 ἀλλ’,
2315 1481 2396 1535 ὅτι
2423 1482 2940 1552 Ἐπεκαλεσάμην,
2968 1483 3146 1554 μόνον,
3169 1484 3260 1536 καὶ
3279 1483 3512 1552 ἤρκεσεν
3539 1482 3572 1551 ἡ
3599 1479 3732 1550 εύχὴ

2156 1581 2315 1637 λῦσαι
2340 1582 2436 1652 τὴν
2466 1583 2772 1654 συμφορὰν,
2794 1586 2930 1656 ὅπερ
2962 1587 3056 1639 καὶ
3085 1587 3172 1639 ἐπ’
3195 1583 3506 1652 Αἰγυπτίων
3535 1583 3696 1652 φησίν
3715 1600 3732 1614 ο

2169 1681 2338 1737 Ἰδὼν
2363 1679 2528 1735 εἶδον
2552 1681 2667 1749 τὴν
2689 1683 2956 1736 κάκωσιν
2985 1683 3089 1737 τοῦ
3116 1683 3271 1736 λαοῦ
3300 1700 3439 1752 μου,
3469 1683 3565 1736 καὶ
3601 1699 3735 1735 κατ-

2157 1783 2303 1850 έϐην
2335 1782 2440 1836 τοῦ
2474 1783 2789 1846 ἐξελέσθαι
2821 1785 3060 1849 αὐτούς.
3109 1784 3223 1836 Οὐκ
3255 1778 3437 1846 εἶπεν,
3473 1783 3554 1835 ὅτι
3581 1778 3732 1834 Εἶδον

2157 1883 2255 1952 τὴν
2293 1882 2490 1952 ἀρετὴν
2529 1881 2622 1935 τοῦ
2667 1881 2797 1935 λαοῦ
2847 1900 2968 1952 μου,
3006 1881 3127 1935 οὔτε
3156 1882 3252 1954 τὴν
3299 1884 3392 1935 ἐπὶ
3438 1883 3497 1935 τὸ
3528 1882 3736 1952 βέλτιον

2162 1982 2483 2052 μεταϐολὴψ
2521 1981 2677 2043 ἀλλὰ,
2719 1983 2829 2054 Τὴν
2867 1982 3064 2052 θλίψιν,
3105 1983 3198 2035 καὶ
3224 1983 3323 2051 τῆς
3363 1984 3608 2052 κραυγῆς
3639 1981 3736 2034 αῦ-

2158 2082 2266 2136 τῶν
2299 2082 2524 2152 ἤκουσα.
2585 2081 2749 2152 Ὁρᾷς
2799 2082 3009 2152 πατέρα
3059 2081 3432 2152 εὔσπλαγχνον
3477 2082 3584 2135 ἀπὸ
3629 2081 3737 2134 τῶν

2161 2178 2456 2250 σὶιμφορῶν
2499 2179 2794 2249 βοηθοῦντα
2839 2181 2996 2250 μόνον
3021 2197 3035 2246 ;
3059 2182 3168 2234 Kal
3195 2182 3302 2252 μὴν
3325 2181 3423 2251 ούχ
3456 2179 3600 2243 ἆπας
3624 2183 3653 2233 ὁ
3682 2181 3740 2231 ἐν

2162 2280 2336 2348 θλίψει
2393 2279 2487 2332 καὶ
2549 2277 2817 2342 σώζεσθαι
2862 2279 3028 2345 ἄξιος,
3057 2280 3177 2333 οὐδὲ
3216 2280 3369 2350 παρά
3409 2279 3738 2352 ἀνθρώποις.

2163 2379 2395 2442 Πολλοὺς
2442 2379 2572 2447 γοῦν
2621 2380 2727 2434 τῶν
2767 2380 2993 2434 οἰκετῶν
3040 2381 3466 2452 μαστιζομένους
3510 2380 3742 2452 ὁρῶντες

2165 2481 2259 2533 καὶ
2283 2479 2669 2549 ὀδυνωμένους,
2699 2481 2800 2532 οὐκ
2825 2480 3070 2550 ἀνίεμεν,
3101 2481 3160 2532 τὸ
3190 2479 3299 2535 τῶν
3325 2480 3742 2551 ἁμαρτημάτων

2167 2579 2394 2649 μέγεθος
2426 2580 2730 2643 ἐννοοῦντες
2751 2597 2764 2611 ο
2794 2581 2823 2634 ὁ
2851 2579 2909 2633 δὲ
2941 2580 3074 2644 Θεὸς
3117 2580 3226 2634 ἀπὸ
3253 2582 3352 2650 τῆς
3379 2579 3609 2649 θλίψεως
3644 2580 3743 2650 μόο

2164 2696 2262 2751 νης
2301 2681 2533 2752 ἀνῆκεν·
2562 2681 2622 2734 οὐ
2669 2684 2768 2752 τῆς
2802 2681 3034 2752 θλίψεως
3060 2681 3118 2736 δέ
3152 2681 3311 2752 μόνον
3347 2682 3569 2753 ἀνῆκεν,
3609 2680 3746 2734 ἀλλὰ

2166 2783 2258 2834 καὶ
2285 2781 2468 2846 ἀδείας
2503 2781 2702 2853 πολλῆς
2729 2783 3054 2854 μετέδωκεν.
3098 2781 3438 2849 Ἐπήκουσε
3461 2783 3570 2855 γάρ
3601 2801 3743 2853 μου,

2168 2883 2351 2952 φησὶν,
2387 2885 2475 2948 εὶς
2516 2885 2896 2952 πλατυσμόν.
2937 2883 3047 2937 Kal
3075 2885 3110 2955 ἡ
3155 2883 3342 2955 θλίψις,
3363 2883 3421 2936 δὲ
3471 2883 3557 2936 διὰ
3587 2882 3746 2936 τοῦτο

2170 2979 2540 3051 συνεχωρήθη,
2582 2979 2722 3033 ὥστε
2764 2981 3183 3052 ἀκριϐεστέρους
3215 2981 3437 3050 ποιῆσαι
3474 2983 3599 3046 τοὺς
3627 2981 3741 3035 θλι-

2169 3078 2430 3150 ϐομένους
2458 3081 2550 3133 καὶ
2575 3081 3039 3150 φιλοσοφωτέρους
3058 3082 3120 3135 ..ι
3145 3081 3201 3132 '0
3220 3081 3432 3149 Κύριος
3451 3080 3577 3150 ἐμοὶ
3593 3081 3743 3150 βοηο

2170 3181 2294 3247 θός,
2316 3181 2413 3235 καὶ
2437 3185 2509 3235 οὺ
2536 3181 2949 3252 φοϐηθήσομαι
2969 3183 3025 3236 τί
3039 3182 3279 3252 ποιήσει
3288 3201 3391 3252 μοι
3413 3182 3743 3252 ἅνθρωπος.

2170 3275 2325 3344 Εἶδες
2358 3279 2560 3352 ῦψωμα
2603 3281 2871 3349 διανοίας;
2904 3277 3044 3348 εἶδες
3091 3283 3345 3356 φρόνημα
3393 3283 3563 3347 οὕτως
3606 3283 3749 3354 ὑπὲρ

2171 3381 2270 3451 τὴν
2316 3380 2666 3452 ἀνθρωπίνην
2712 3381 3000 3436 ἀναϐαῖνον
3050 3382 3367 3445 ἀσθένειαν,
3411 3383 3488 3447 ὡς
3528 3384 3747 3454 ἀπάσης

2174 3480 2448 3550 ὑπεριδεῖν
2468 3480 2566 3550 τῆς
2589 3480 2800 3550 φύσεως
2818 3498 2833 3547 ;
2853 3481 3036 3536 Ταῦτα
3057 3483 3133 3554 μὴ
3155 3483 3314 3553 μόνον
3332 3484 3748 3556 ὑποψάλλωμεν,

2181 3580 2317 3635 ἀλλὰ
2358 3581 2455 3634 καὶ
2482 3579 2569 3634 διὰ
2609 3581 2716 3634 τῶν
2748 3579 2924 3650 ἔργων
2960 3581 3374 3653 ἐπιδειξώμεθα.
3415 3584 3531 3637 Ούκ
3573 3578 3749 3648 εἶπεν,

2175 3677 2342 3734 Οὐδὲν
2369 3681 2648 3751 πείσομαι,
2681 3680 2818 3742 ἀλλ’,
2857 3682 2940 3734 Οῠ
2969 3681 3387 3751 φοϐηθήσομαι
3417 3683 3474 3736 τί
3507 3682 3750 3751 ποιήσει

2170 3799 2272 3850 μοι
2303 3780 2632 3850 ἄνθρωπος.
2663 3781 2955 3846 Τουτέστι,
3003 3782 3122 3836 Κᾶν
3159 3781 3350 3844 πάθω,
3391 3784 3451 3836 ού
3499 3782 3709 3837 δέδοικα
3734 3799 3748 3811 ⁶

2177 3882 2316 3953 ὅπερ
2347 3881 2442 3934 καὶ
2470 3883 2498 3934 ὁ
2530 3880 2742 3944 Παῦλός
2771 3897 2938 3952 φησιν
2959 3881 2989 3922 II
3011 3899 3024 3912 °
3063 3884 3134 3935 El
3157 3884 3190 3936 ό
3215 3881 3359 3948 Θεὸς
3379 3881 3531 3951 ὑπὲρ
3562 3880 3750 3949 ἡμῶν,

2177 3981 2267 4047 τίς
2288 3983 2415 4035 καθ’
2441 3979 2648 4050 ἠμῶν;
2673 3982 2782 4036 Kal
2811 3983 2916 4054 μὴν
2947 3982 3127 4054 μυρίοι
3149 3977 3286 4052 ἦσαν
3313 3983 3361 4034 οἱ
3385 3985 3504 4035 κατ’
3535 3982 3714 4036 αὐτῶν
3735 3999 3750 4014 ·

2175 4079 2291 4132 ἀλλ’
2326 4080 2479 4133 οὐδὲν
2505 4080 2700 4144 αὐτοὺς
2736 4080 2936 4151 ἠδίκει.
2971 4081 3098 4144 Πῶς
3135 4080 3243 4154 γὰρ
3280 4082 3380 4135 οὐκ
3418 4082 3654 4154 ἐσχάτης
3687 4081 3754 4136 ἂν

2176 4175 2209 4252 ᾗ
2239 4181 2255 4221 ί
2284 4180 2670 4253 μικροψυχίας,
2699 4181 2788 4233 τὸν
2815 4181 3089 4250 Δεσπότην
3119 4181 3340 4250 ἔχοντας
3361 4181 3560 4252 εὐμενῆ
3589 4181 3757 4234 δεδοι-

2179 4281 2331 4333 κέναι
2381 4281 2508 4344 τοὺς
2551 4279 2908 4346 συνδούλους;
2963 4278 3103 4332 Ἀλλ’
3140 4279 3237 4350 οὐχ
3283 4272 3436 4342 οὗτος
3484 4279 3752 4345 τοιοῦτος,

2179 4375 2294 4428 ἀλλ’
2325 4375 2594 4448 ἁνώτερος
2639 4379 2732 4431 καὶ
2773 4378 3102 4450 ὑψηλότερος
3139 4381 3311 4452 πάντη
3356 4379 3465 4434 τῶν
3499 4381 3756 4434 τοιούτων

2181 4475 2383 4546 φόϐων.
2429 4473 2598 4530 Τοῦτο
2630 4477 2695 4548 δὴ
2736 4478 2830 4532 καὶ
2860 4480 3019 4550 ἡμεῖς
3054 4478 3318 4550 ποιῶμεν,
3359 4480 3490 4550 μηδὲ
3531 4483 3760 4534 ἀποστε-

2182 4576 2365 4648 ρῶμεν
2395 4577 2492 4648 τῆς
2532 4575 2626 4630 τοῦ
2657 4577 2927 4631 Δεσπότου
2961 4578 3274 4650 συμμαχίας
3313 4580 3538 4644 ἑαυτοὺς
3568 4579 3645 4650 τῷ
3669 4581 3759 4633 δε-

2181 4677 2416 4731 δοικέναι
2446 4677 2514 4731 τὰ
2539 4677 2874 4749 ἀνθρώπινα.
2910 4679 3079 4732 Τοῦτο
3114 4679 3222 4751 γὰρ
3251 4680 3576 4750 ὑϐριζόντων
3611 4683 3759 4736 ἐστὶν

2183 4777 2262 4840 εἰς
2281 4777 2381 4848 τὴν
2402 4777 2496 4831 τοῦ
2524 4777 2658 4831 Θεοῦ
2683 4778 2953 4851 βοήθειαν.
2975 4779 3066 4833 Διὸ
3091 4780 3305 4848 λέγεται
3329 4783 3424 4836 καὶ
3451 4785 3480 4837 ὁ
3515 4783 3760 4847 Ἐζεκίας

2184 4874 2376 4927 παθεῖν
2441 4873 2586 4945 ἅπερ
2616 4874 2836 4942 ἔπαθεν,
2872 4876 3058 4948 ἐπειδὴ
3095 4877 3189 4931 τοῦ
3220 4878 3370 4948 Ιἡλίου
3406 4880 3756 4932 ἀναποδίσαν-

2183 4992 2294 5040 τος,
2340 4976 2434 5028 καὶ⁹
2465 4976 2625 5030 πάλιν
2666 4977 2965 5041 ἀναϐάντος
2996 4977 3089 5042 οὒς
3141 4980 3346 5050 κατέϐη
3391 4981 3758 5052 ἀναϐαθμοὺς.

2186 5079 2280 5133 καὶ
2309 5079 2537 5150 σημείου
2564 5080 2852 5150 γενομένου
2879 5080 3061 5134 ἱκανοῦ
3091 5082 3301 5146 πάντας
3321 5083 3588 5154 ἐκπλῆξαι
3607 5082 3758 5155 [520]
3856 5138 3861 5144 ,

2185 5179 2434 5242 ἐλθόντας
2467 5180 2592 5242 τοὺς
2637 5179 2810 5234 ταῦτα
2850 5179 3042 5252 μαθεῖν
3093 5181 3465 5254 βουλομένους,
3507 5184 3605 5238 ούκ
3652 5184 3762 5238 ἀπὸ

2256 5439 2274 5513 ί
2303 5442 2452 5513 Savi}.
2485 5444 2673 5513 astavra
2696 5446 3054 5513 διαδείκνοσθαι,
3076 5451 3138 5513 ὡς
3158 5449 3442 5513 ἀρκούντων.
3465 5449 3518 5498 In
3541 5454 3761 5512 margine

2187 5512 2352 5569 gulam
2375 5505 2454 5569 τὸν
2477 5508 2598 5569 Θεὸν
2621 5507 2862 5569 πανταχοῦ
2881 5511 2941 5556 τὰ
2952 5509 3071 5556 αύτά
3091 5505 3446 5562 ἐπιδείκνυσθαι.
3490 5515 3566 5561 Δεῖ
3587 5505 3761 5561 τοίνυν.

2191 5565 2314 5614 Infra
2339 5565 2705 5628 φλονεικοῦμεν.
2736 5565 2885 5616 δὲ’νὶι.
2911 5572 2955 5616 in
2971 5584 3121 5626 marg.
3148 5573 3480 5634 φιλονεικοῦσι.

2253 5639 2278 5677 Β
2303 5637 2418 5684 Post
2437 5638 2842 5700 φιλοσοφωτέρους
2871 5639 3005 5688 addit
3033 5641 3182 5691 δίνη.
3207 5643 3255 5691 in
3275 5658 3410 5708 marg
3453 5645 3480 5693 ὃ
3507 5643 3570 5702 δὴ
3588 5645 3671 5695 καὶ
3687 5645 3766 5707 γί-

2188 5715 2296 5748 νετα
2301 5716 2316 5742 ι
2322 5736 2333 5746 .

2254 5767 2281 5807 δ
2303 5767 2454 5816 Savil.
2482 5769 2537 5816 τὸ
2552 5768 2678 5816 αὐτὸ
2696 5769 2846 5830 λέγων
2866 5771 2981 5835 ὅπερ
3002 5772 3082 5819 καὶ
3102 5774 3128 5821 ό
3155 5772 3358 5832 Παῦλος.

2260 5837 2271 5875 i
2303 5839 2452 5887 Savil.
2479 5839 2570 5895 εἴη.
2598 5838 2721 5900 Reg.
2745 5838 2816 5898 ἧι.
