4112 6342
430 370 534 426 329

431 490 653 556 gentium
683 502 743 540 ne
771 487 991 541 abieritis
1014 502 1033 540 :
1055 487 1121 539 ite
1149 486 1316 554 potius
1353 484 1421 537 ad
1453 499 1567 538 om
1601 498 1717 554 quc
1750 482 2002 554 perierunt

432 581 610 632 domus
636 578 801 633 Israel
830 578 1047 649 (Matth.
1076 578 1162 633 10.
1190 575 1258 647 5)
1281 593 1296 641 ;
1325 584 1378 630 et
1406 575 1717 630 Chananzeze
1744 590 1758 627 :
1783 572 1905 626 Non
1931 581 2005 627 est

434 672 617 723 bonum
640 671 868 738 accipere
890 686 1068 740 panem
1097 670 1318 735 ﬁliorum
1343 678 1388 721 et
1411 667 1534 721 dare
1560 667 1764 720 canibus
1791 663 2000 736 (Matth.

433 763 529 815 t5.
548 761 662 830 26).
691 761 882 815 Omnia
913 760 1054 815 enim
1092 760 1277 829 agebat
1311 769 1365 814 et
1407 757 1721 827 procurabat
1759 771 1860 826 pro
1883 756 2001 811 illo-

432 868 545 905 rum
578 852 767 906 salute.
810 851 960 919 Quod
988 852 1031 905 si
1059 851 1155 904 visi
1186 859 1310 904 sunt
1342 849 1537 918 indigni
1569 847 1827 901 beneficio
1847 887 1865 913 ,
1893 846 2002 899 suis

434 943 723 996 sceleribus
770 942 1069 1012 imputent,
1113 949 1168 995 et
1207 954 1416 994 summo
1463 952 1559 992 suo
1606 937 1795 1006 ingrati
1841 934 2002 989 animi

429 1034 660 1086 crimini.

502 1123 785 1178 Sacerdotii
813 1122 1052 1193 dignitas.
1076 1150 1147 1160 —
1170 1121 1223 1175 5.
1276 1118 1420 1172 Dicat
1444 1118 1623 1171 domus
1663 1116 1834 1169 Aaron
1877 1129 2002 1183 quo-

430 1214 567 1266 niam
607 1213 796 1279 bonus,
825 1213 1064 1283 quoniam
1108 1211 1160 1264 in
1210 1209 1449 1264 amulum
1492 1206 1834 1261 misericordia
1872 1205 2001 1275 ejus.

431 1305 524 1359 ilic
555 1315 709 1359 Vocat
747 1305 1048 1359 sacerdotes
1092 1303 1376 1372 separatim
1415 1302 1481 1355 ad
1509 1299 1691 1354 laudes
1715 1298 2000 1363 canendas,

429 1399 715 1451 ostendens
744 1410 898 1467 quam
935 1396 1004 1449 sit
1042 1395 1311 1450 excellens
1340 1391 1712 1448 sacerdotium.
1738 1389 1868 1444 Nam
1897 1402 2006 1459 quo

428 1502 582 1544 erant
607 1488 722 1542 aliis
767 1488 998 1557 majores
1017 1527 1031 1550 ,
1061 1500 1128 1541 eo
1158 1487 1412 1553 majorem
1439 1499 1468 1537 a
1498 1484 1608 1537 Deo
1634 1482 1853 1552 gloriam
1878 1495 2006 1535 con-

429 1582 636 1650 sequuti
665 1588 805 1642 sunt,
835 1594 938 1632 non
965 1578 1136 1631 solum
1162 1576 1303 1647 quod
1328 1575 1394 1629 ad
1421 1573 1774 1629 sacerdotium
1794 1572 1999 1635 attinet,

430 1671 521 1724 sed
547 1670 705 1723 etiam
740 1669 879 1738 quod
914 1668 981 1723 ad
1004 1667 1105 1721 alia
1144 1667 1353 1720 omnia,
1388 1665 1596 1720 Etenim
1621 1662 1833 1734 quando
1870 1661 2004 1733 ignis

430 1761 691 1816 demissus
710 1770 809 1824 est,
835 1770 1050 1831 propter
1069 1774 1162 1814 eos
1184 1758 1444 1813 demissus
1462 1767 1564 1822 est,
1586 1767 1639 1810 et
1663 1766 1799 1811 terra
1824 1764 2003 1826 aperta

426 1862 531 1915 est,
564 1862 618 1906 et
639 1852 785 1922 virga
811 1851 1127 1921 germinavit
1152 1849 1304 1920 (Leu-
1323 1849 1409 1904 10.
1435 1848 1470 1901 2
1494 1864 1509 1913 ;
1543 1847 1702 1901 Nam.
1729 1847 1818 1902 l6.
1842 1847 1930 1902 52.
1957 1855 2005 1901 et

432 1945 520 1999 i7.
547 1942 659 2015 18),
686 1954 741 1998 et
762 1943 860 1997 alia
889 1943 1164 1997 innumera
1192 1949 1406 2010 propter
1430 1940 1593 2008 ipsos,
1624 1939 1729 1993 imo
1755 1952 1884 1992 vero
1908 1951 2007 2006 pro

430 2035 559 2104 ipsis
584 2033 836 2089 miracula
860 2037 1001 2093 facta
1028 2039 1173 2085 sunt.
1212 2032 1267 2086 4.
1299 2028 1485 2082 Dicant
1512 2044 1685 2082 omnes
1719 2029 1806 2097 qui
1832 2027 2005 2080 timent

430 2124 704 2178 Dominum
722 2163 738 2191 ,
770 2124 1007 2193 quoniam
1036 2124 1192 2176 bonus
1211 2162 1227 2187 ,
1255 2120 1491 2191 quoniam
1514 2120 1573 2172 in
1593 2118 1832 2173 saxulum
1857 2117 2009 2171 mise-

429 2215 651 2268 ricordia
677 2215 806 2284 ejus.
837 2214 877 2268 li
902 2214 1044 2267 enim
1071 2220 1195 2267 sunt
1219 2212 1308 2281 qui
1333 2211 1560 2265 maxime
1579 2218 1799 2279 possunt
1824 2208 2006 2263 videre

429 2308 546 2376 ejus
590 2307 967 2377 benignitatem
989 2348 1004 2371 ,
1042 2315 1096 2359 et
1123 2320 1220 2375 per
1252 2304 1428 2358 omnia
1453 2303 1660 2358 discere
1691 2302 2003 2357 bonitatem.

428 2399 563 2467 Quid
606 2410 688 2453 est
729 2410 905 2453 autem
929 2437 947 2461 ,
996 2396 1244 2464 Quoniam
1286 2400 1340 2450 in
1381 2394 1621 2449 clnculum
1662 2392 2006 2447 misericordia

428 2492 539 2560 ejus
559 2491 585 2544 ?
616 2490 896 2558 Perpetua,
925 2488 1121 2557 inquit,
1156 2504 1261 2542 non
1290 2488 1603 2556 interrupta,
1632 2485 1726 2539 sed
1751 2485 1802 2539 in
1828 2485 2003 2538 omni-

428 2580 528 2635 bus
553 2590 605 2635 et
632 2595 729 2650 per
753 2581 930 2634 omnia
957 2578 1328 2648 resplendens,
1354 2585 1409 2633 et
1434 2593 1493 2632 se
1517 2576 1821 2631 ostendens.
1852 2573 2005 2643 Quod

428 2673 474 2727 si
503 2673 652 2726 multi
683 2688 800 2726 eam
828 2688 935 2726 non
971 2681 1230 2736 cernunt,
1263 2677 1480 2740 prepter
1504 2668 1765 2723 ratiocinii
1791 2668 1873 2722 sui
1901 2668 2002 2721 im-

428 2764 771 2819 becillitatem
800 2779 903 2816 non
929 2771 1173 2817 cernunt.
1218 2760 1352 2816 Nam
1381 2760 1419 2814 ii
1443 2760 1601 2814 etiam
1631 2772 1853 2829 quorum
1878 2756 2003 2826 aegri

428 2866 554 2909 sunt
583 2855 719 2908 oculi
745 2894 760 2918 ,
802 2869 864 2909 ea
893 2855 1121 2908 maxime
1148 2852 1217 2907 de
1245 2866 1405 2907 causa
1444 2851 1608 2905 solem
1638 2864 1748 2903 non
1782 2848 1961 2903 vident
1986 2863 2003 2901 :

429 2945 875 3015 quemadmodum
915 2961 1013 3001 nec
1054 2945 1141 3015 qui
1179 2945 1294 3000 sani
1338 2951 1501 3021 sunt,
1540 2957 1756 3011 semper
1783 2948 2007 3011 possunt

430 3055 549 3093 cum
572 3039 737 3093 oculis
762 3038 976 3105 intueri,
1004 3045 1221 3108 prepter
1247 3050 1514 3091 summum
1536 3034 1909 3106 splendorem:
1932 3034 2005 3089 ila

430 3146 531 3187 nec
573 3132 815 3186 universa
858 3131 952 3185 Dei
992 3130 1321 3200 providentia
1361 3128 1595 3199 perfecte
1639 3127 1764 3182 sciri
1807 3134 2001 3197 potest,

429 3225 568 3295 quod
589 3240 801 3279 omnem
824 3224 851 3255 ι
867 3223 1150 3278 humanam
1177 3223 1435 3277 rationem
1462 3221 1616 3291 longe
1635 3228 1848 3291 superet
1867 3219 2010 3275 illius

429 3313 726 3386 prudentiae
753 3321 809 3368 et
837 3313 1110 3383 sapientiae
1138 3311 1466 3382 magnitudo.

503 3405 801 3471 Alfectiones
838 3405 1036 3459 oculum
1069 3405 1244 3458 mentis
1268 3413 1570 3459 cremantes
1608 3412 1727 3473 quot
1772 3412 1905 3457 sunt.
1934 3432 2009 3444 --

431 3495 566 3551 Sunt
580 3497 738 3551 etiam
757 3495 935 3550 multa:
951 3495 1276 3560 adeetiones,
1289 3509 1406 3565 quae
1420 3495 1595 3549 stultis
1610 3508 1751 3564 saepe
1761 3492 2009 3549 tenebras

430 3587 729 3650 offundunt,
747 3599 801 3642 et
821 3587 1056 3642 efficiunt
1082 3597 1137 3641 ut
1152 3602 1268 3642 eam
1286 3586 1503 3641 omnino
1522 3585 1699 3640 videre
1720 3593 2001 3655 nequeant.

431 3679 664 3733 Primum
705 3678 917 3749 quidem
973 3693 1125 3732 amor
1169 3676 1454 3747 voluptatis
1501 3693 1518 3729 :
1554 3675 1801 3746 quocirca
1845 3676 2009 3730 etiam

430 3784 549 3838 quae
568 3777 693 3823 sunt
711 3768 955 3823 omnibus
984 3767 1262 3824 manifesta
1289 3776 1630 3837 praetereunt.
1659 3766 1856 3822 Deinde
1884 3782 2005 3821 cum

432 3861 505 3914 iis,
522 3869 613 3917 est
632 3860 945 3930 ignorantia,
974 3869 1028 3915 et
1052 3861 1243 3915 mentis
1271 3860 1607 3930 perversitas.
1634 3860 1824 3913 Annon
1851 3859 2011 3928 igitur

430 3950 717 4005 absurdum
747 3962 848 4015 est,
879 3951 922 4004 si
948 3949 1128 4005 videas
1157 3950 1369 4020 quidem
1395 3957 1599 4018 patrem
1624 3946 2010 4003 ﬁliumverbe-

431 4051 658 4109 rantem,
688 4041 737 4097 id
768 4042 991 4111 probare
1017 4051 1071 4096 et
1097 4041 1330 4107 laudare,
1357 4050 1413 4096 et
1440 4040 1524 4095 vel
1547 4054 1613 4096 eo
1646 4041 1872 4095 maxime
1906 4056 2011 4093 no—

434 4135 577 4188 mine
605 4142 807 4203 patrem
837 4133 1140 4188 existimare
1181 4152 1197 4188 :
1240 4133 1284 4187 si
1326 4132 1465 4187 Deus
1489 4140 1665 4187 autem
1692 4131 1818 4186 velit
1846 4130 1912 4185 de
1944 4132 2010 4187 iis

430 4240 553 4294 quae
593 4224 725 4278 facta
767 4233 931 4287 sunt,
980 4237 1167 4294 pinnas
1216 4237 1447 4287 sumere,
1495 4222 1751 4292 indignari
1781 4229 1836 4276 et
1869 4237 2009 4291 aegre

436 4317 571 4370 ferre
586 4314 773 4383 ?‘Qnid
800 4324 976 4370 autem
1013 4313 1177 4385 possit
1204 4328 1325 4369 esse
1361 4313 1461 4379 hac
1487 4312 1832 4384 perversitate
1857 4311 2008 4367 dete-

434 4408 566 4473 rius,
593 4422 716 4462 cuin
745 4422 808 4462 ea
849 4422 968 4476 quae
1009 4415 1133 4461 sunt
1168 4406 1307 4460 inter
1333 4422 1393 4461 se
1420 4406 1706 4471 contraria,
1750 4420 1891 4475 aegre
1933 4404 2013 4459 fe-

437 4506 575 4559 rant,
605 4511 746 4551 nunc
785 4497 999 4567 quidem
1026 4496 1286 4561 dolentes,
1317 4495 1458 4566 quod
1483 4495 1738 4565 supplicia
1768 4511 1873 4548 non
1900 4496 2012 4548 exi-

436 4598 544 4656 gat,
577 4604 717 4642 nunc
736 4597 933 4652 autem,
961 4588 1103 4658 quod
1128 4587 1339 4659 exigat?
1362 4587 1587 4655 Quando
1614 4587 1753 4641 enim
1782 4586 2011 4641 viderint

434 4681 642 4749 aliquos
671 4680 1034 4747 rapientes,.et
1062 4680 1113 4735 in
1145 4679 1283 4734 bona
1304 4678 1527 4734 aliorum
1558 4678 1885 4744 invadentes,
1916 4694 2013 4733 vo-

438 4766 557 4823 Iunt
577 4785 670 4824 eos
692 4769 819 4824 dare
844 4784 1061 4839 pinnas;
1088 4770 1299 4839 quando
1318 4784 1446 4824 vero
1473 4769 1679 4839 seipsos
1707 4778 2007 4838 peccantes,

439 4861 655 4915 minime
685 4878 698 4915 :
725 4861 867 4928 quod
901 4860 1112 4931 quidem
1141 4870 1223 4916 est
1248 4861 1516 4931 depravati
1544 4871 1597 4915 et
1621 4861 1855 4930 corrupti
1894 4861 2014 4914 ani-.-

439 4952 784 5009 mi..Accedit
823 4952 904 5006 his
929 4953 1163 5017 tertium,
1195 4952 1333 5020 quod
1372 4952 1610 5007 nesciant
1642 4950 1769 5021 quid
1812 4952 1881 5006 sit
1923 4953 2017 5006 bo-

442 5058 590 5108 num,
620 5042 747 5112 quid
772 5042 849 5097 sit
881 5042 1098 5108 malum,
1125 5042 1219 5097 sed
1245 5042 1300 5096 in
1327 5058 1503 5098 rerum
1525 5042 1724 5111 judicio
1750 5042 2014 5106 labantur,

435 5135 582 5204 .quod
626 5135 765 5189 malo
807 5134 1158 5200 delectentur,
1190 5143 1245 5189 et
1284 5135 1399 5189 sint.
1422 5134 1675 5204 propensi
1704 5133 1773 5189 ad
1811 5134 2015 5188 vitium.

444 5229 736 5294 Quartum,
782 5226 922 5297 quod
968 5242 1186 5282 suorum
1238 5235 1572 5294 peccatorum
1615 5227 1871 5280 rationem
1913 5240 2019 5279 non

446 5319 649 5372 incnnt.
694 5318 987 5385 Quintum,
1036 5316 1177 5387 quod
1220 5326 1427 5372 vastum
1480 5317 1551 5371 sit
1595 5325 1652 5371 et
1704 5320 2020 5373 immensum

444 5408 520 5476 id,
548 5408 689 5480 quod
719 5410 859 5463 inter
886 5411 1050 5464 Deum
1080 5418 1135 5464 et
1162 5407 1412 5461 homines
1442 5406 1741 5462 intercedit.
1778 5407 2019 5473 Sextum,

445 5499 590 5570 quod
632 5515 737 5555 non
766 5500 895 5555 velit
936 5500 1076 5555 Deus
1115 5499 1291 5552 omnia
1335 5499 1532 5568 ubique
1567 5497 1868 5564 ostendere,
1899 5500 2022 5569 quia

447 5606 641 5660 nempe
668 5589 941 5646 sufﬁciunt
964 5605 1083 5660 quas
1106 5589 1239 5644 fiunt
1259 5589 1550 5660 sigillatim.

519 5684 574 5738 2.
604 5682 697 5737 Dei
718 5682 1083 5736 administratio
1100 5690 1151 5734 ut
1170 5682 1556 5753 contemplanda
1576 5690 1621 5736 et
1644 5681 2025 5753 investiganda;

438 5782 441 5787 ’
512 5800 529 5823 ⁸
565 5804 684 5861 vox,
707 5795 1064 5860 omnem,deest
1086 5796 1134 5847 in
1152 5794 1296 5854 Sari}.

1518 366 1874 424 EXPOSI'I‘IO
1909 365 1980 425 lN
2003 364 2330 426 PSALMUM
2365 369 2574 430 CXVII.

3572 380 3679 438 530

2108 479 2247 536 Deus
2270 494 2455 554 quanto
2474 485 2758 542 hominibus
2780 488 3106 555 clementior;
3125 490 3433 562 aﬁlictionem
3451 509 3543 549 cur
3562 511 3677 564 per—

2105 574 2269 626 mittat
2295 575 2453 629 Deus.
2477 606 2549 615 —
2566 577 2679 631 Non
2705 586 2913 647 oportet
2939 596 3065 651 ergo
3090 581 3306 637 nimium
3330 585 3673 648 contendere,

2106 674 2162 716 ut
2192 664 2243 717 in
2275 666 2518 721 omnibus
2555 668 2727 723 discas
2757 670 2851 726 Dei
2871 670 3375 729 administrationem
3398 674 3489 747 (de
3519 677 3676 730 rebus

2106 755 2245 807 enim
2286 755 2558 812 immensis
2580 760 2966 827 contendimus,
2996 772 3048 817 et
3071 779 3188 832 quae
3213 774 3443 820 creatam
3464 784 3674 823 omnem

2106 854 2344 899 naturam
2400 847 2555 917 longe
2598 860 2872 921 superant)
2910 869 2924 907 :
2969 868 3060 907 eos
3104 864 3279 910 autem
3325 859 3414 927 qui
3451 875 3565 913 eam
3593 863 3674 915 vel

2106 936 2279 1004 aliqua
2310 954 2372 992 ex
2402 949 2552 1008 parte
2588 949 2713 995 sunt
2758 943 3039 1011 cognituri,
3069 955 3280 1013 oportet
3323 962 3443 1003 esse
3481 949 3678 1004 liberos

2106 1025 2173 1078 ab
2199 1026 2261 1079 iis
2291 1043 2421 1096 quas
2443 1029 2553 1097 jam
2591 1029 2824 1086 diximus
2850 1032 3235 1101 affectionibus,
3287 1050 3342 1095 et
3377 1054 3494 1094 eam
3525 1041 3673 1095 vidu-

2104 1116 2236 1172 bunt
2263 1120 2375 1174 sole
2395 1121 2607 1188 clarius,
2637 1124 2760 1179 licet
2792 1141 2898 1180 non
2922 1141 3134 1183 omnem
3171 1148 3188 1186 :
3221 1139 3278 1186 et
3308 1147 3433 1186 cum
3453 1150 3571 1187 eam
3609 1151 3676 1189 ex

2106 1216 2257 1277 parte
2300 1209 2602 1277 didicerint,
2647 1228 2746 1282 pro
2788 1216 3033 1271 universa
3070 1230 3227 1289 agent
3259 1224 3474 1291 gratias.
3507 1225 3562 1279 5.
3601 1224 3678 1278 De

2107 1300 2427 1355 tribulatione
2449 1306 2672 1358 invocavi
2703 1305 2994 1375 Dominum,
3023 1320 3077 1364 et
3109 1315 3358 1367 exaudivit
3384 1332 3463 1370 me
3476 1305 3538 1371 in
3563 1320 3676 1372 lati-

2106 1391 2295 1444 tudine.
2327 1391 2517 1447 Vidisti
2554 1395 2843 1452 bonitatem
2886 1408 2939 1453 et
2966 1400 3342 1457 clementiam?
3379 1404 3494 1459 Non
3521 1406 3672 1471 dixit,

2108 1482 2265 1537 Eram
2290 1484 2512 1554 dignus:
2544 1489 2816 1553 non-dixit,
2838 1489 2949 1545 Mea
2970 1502 3113 1546 recte
3141 1492 3274 1548 facta
3294 1497 3500 1551 ostendi
3524 1515 3538 1563 ;
3559 1502 3673 1561 sed,

2106 1573 2362 1641 Inuocaui,
2385 1578 2575 1642 solum,
2605 1589 2659 1633 et
2696 1582 2822 1635 satis
2849 1581 2944 1636 fuit
2968 1584 3137 1638 oratio
3160 1601 3273 1640 mea
3303 1588 3367 1642 ad
3390 1589 3675 1644 tollendam

2106 1666 2476 1722 calamitatem.
2514 1669 2662 1735 Quod
2704 1672 2861 1725 etiam
2901 1672 3027 1728 dicit
3070 1674 3121 1728 in
3154 1675 3459 1747 Egyptiis:
3494 1677 3679 1733 Viden:

2106 1756 2209 1808 vidi
2231 1756 2540 1827 aﬂlictionem
2580 1761 2758 1830 pepuli
2798 1762 2928 1829 mei,
2964 1772 3011 1817 et
3057 1764 3289 1819 descendi
3330 1778 3386 1823 ut
3434 1770 3677 1839 eriperem

2106 1863 2195 1902 eos
2236 1846 2427 1920 (Exod.
2456 1851 2518 1905 5.
2557 1851 2635 1922 7).
2679 1852 2793 1907 Non
2839 1854 3008 1909 dixit:
3041 1856 3159 1911 Vidi
3206 1859 3451 1914 virtutem
3498 1863 3678 1931 populi

2107 1942 2232 2002 mei,
2260 1942 2342 1996 vel
2363 1941 2477 2011 ejus
2498 1946 2841 2001 mutationem
2870 1948 2937 2004 ad
2958 1950 3010 2004 id
3036 1951 3175 2020 quod
3199 1960 3283 2007 est
3308 1954 3534 2007 melius:
3559 1955 3676 2019 sed,

2106 2030 2477 2099 Afflictionem,
2502 2044 2556 2089 et
2576 2052 2757 2090 eorum
2784 2038 3070 2095 clamorem
3096 2041 3358 2097 exaudivi.
3391 2042 3565 2099 Vides-
3582 2060 3678 2114 pa-

2107 2132 2240 2178 trem
2272 2124 2553 2194 benignum
2572 2137 2624 2182 et
2645 2130 3064 2198 misericordem,
3090 2133 3370 2203 quizsolum
3395 2132 3497 2189 fert
3521 2151 3677 2205 opem

2107 2226 2324 2283 propter
2344 2218 2703 2272 calamitates?
2729 2222 2885 2290 Atqui
2914 2237 3013 2277 nec
3040 2224 3175 2294 apud
3202 2225 3443 2281 homines
3464 2228 3676 2298 quidem

2107 2308 2427 2377 quicumque
2454 2308 2723 2380 afﬂigitur,
2764 2312 2954 2382 dignus
2998 2321 3081 2368 est
3119 2317 3209 2385 qui
3243 2327 3508 2372 servetur.
3544 2319 3676 2373 Cum

2106 2397 2302 2451 inultos
2327 2399 2503 2468 itaque
2523 2400 2762 2455 videmus
2784 2402 3006 2459 famulos
3039 2403 3218 2475 ﬂagris
3244 2406 3378 2461 czedi
3401 2417 3455 2462 et
3486 2423 3673 2464 excru-

2104 2487 2254 2552 ciari,
2286 2503 2378 2543 eos
2420 2505 2525 2545 non
2571 2485 2903 2565 dimittimus,
2941 2495 3339 2552 considerantes
3378 2514 3532 2568 quam
3561 2517 3682 2569 gra-

2108 2577 2246 2633 viter
2294 2582 2562 2649 peccarint
2591 2599 2606 2636 :
2637 2581 2775 2637 Deus
2816 2593 2992 2638 autem
3039 2601 3108 2641 ex
3149 2589 3261 2643 sola
3292 2590 3579 2645 afflictione
3602 2591 3683 2646 di-

2109 2669 2287 2724 misit:
2318 2686 2489 2741 ncque
2510 2688 2577 2727 ex
2614 2671 2901 2729 afflictione
2937 2679 3300 2733 tantummodo
3323 2681 3549 2749 eripuit,
3585 2682 3678 2735 sed

2109 2774 2349 2829 magnam
2380 2762 2539 2815 etiam
2583 2765 2918 2817 securitatem
2956 2766 3228 2834 impertiit.
3276 2766 3570 2833 Exaudivit,
3601 2773 3679 2824 in-

2107 2849 2241 2918 quit,
2281 2867 2359 2903 me
2403 2851 2455 2905 in
2493 2852 2775 2906 latitudine.
2822 2854 3117 2919 Quinetiam
3162 2856 3380 2914 afflictio
3425 2857 3545 2914 ideo
3584 2859 3680 2915 fuit

2107 2955 2380 3005 concessa,
2410 2953 2467 2996 ut
2503 2958 2596 2998 eos
2625 2944 2713 3014 qui
2743 2945 3046 3014 amiguntur
3070 2948 3318 3004 meliores
3356 2950 3600 3006 redderet
3627 2963 3682 3006 et

2106 3033 2453 3101 sapientiores
2481 3034 2521 3088 ί.
2549 3034 2605 3088 6.
2648 3032 2896 3091 Dominus
2940 3036 3061 3089 mihi
3088 3038 3312 3108 adjutor,
3355 3056 3456 3093 non
3501 3041 3686 3095 timebo

2105 3125 2225 3194 quid
2243 3125 2396 3194 faciat
2421 3126 2543 3180 mihi
2574 3128 2740 3180 homo.
2777 3127 2959 3181 Vidisti
2991 3130 3181 3184 mentis
3203 3130 3573 3187 altitudinem?
3598 3134 3679 3188 vi-

2106 3217 2228 3272 disti
2250 3233 2494 3288 magnum
2521 3221 2782 3287 Spiritum,
2808 3223 2895 3291 qui
2923 3222 2990 3278 ita
3012 3239 3166 3292 supra
3188 3222 3468 3279 humanam
3488 3242 3681 3283 ascen,

2105 3306 2185 3361 dit
2211 3308 2644 3375 imbecillitatem,
2667 3320 2723 3365 ut
2744 3326 2952 3365 omnem
2981 3322 3219 3367 naturam
3247 3313 3535 3385 despiciat?
3557 3318 3687 3374 ιιωρ,

2108 3416 2214 3455 non
2239 3402 2409 3457 solum
2439 3405 2771 3458 succinamus
2803 3404 2894 3477 (a),
2938 3405 3029 3460 scd
3062 3404 3212 3461 factis
3243 3408 3400 3462 etiam
3426 3409 3691 3465 ostenda-

2107 3508 2245 3548 mus.
2278 3493 2406 3547 Non
2421 3494 2570 3560 dixit,
2596 3495 2674 3548 Nil
2705 3496 2908 3563 patiar:
2942 3497 3053 3558 sed.
3099 3496 3428 3555 Non.timebo
3454 3501 3575 3570 quid
3610 3504 3687 3573 fac.

2108 3585 2210 3637 ciat
2238 3585 2360 3638 milii
2379 3584 2548 3639 horno.
2572 3585 2681 3640 Hoc
2700 3596 2801 3650 est,
2830 3587 3045 3640 Etiamsi
3078 3590 3269 3657 patiar,
3293 3604 3401 3644 non
3429 3591 3626 3645 timebo
3658 3609 3673 3645 :

2109 3676 2161 3731 id
2186 3677 2357 3746 ipsum
2378 3677 2560 3732 dicens
2581 3677 2720 3746 quod
2749 3678 2942 3731 Paulus
2968 3697 2982 3732 :
3016 3678 3075 3732 Si
3106 3679 3241 3734 Deus
3268 3697 3361 3749 pro
3391 3680 3549 3745 nobis,
3571 3683 3683 3753 quis

2107 3780 2283 3821 contra
2305 3785 2394 3822 nos
2414 3769 2589 3839 (Rom.
2618 3767 2791 3837 8..3l)
2814 3771 2837 3823 ?
2866 3770 3023 3837 Atqui
3049 3779 3229 3824 contra
3255 3771 3399 3839 ipsos
3424 3782 3576 3827 erant
3600 3775 3691 3827 in.

2110 3859 2484 3923 numerabiles,
2515 3858 2606 3912 sed
2634 3873 2727 3912 eos
2751 3857 2881 3912 nihil
2908 3858 3226 3913 offendebat.
3243 3858 3518 3926 Quomodo
3538 3863 3686 3918 enim

2111 3964 2214 4003 non
2238 3948 2401 4003 fuerit
2419 3948 2579 4002 animi
2606 3948 2757 4003 valde
2782 3949 2955 4018 pusilli
2994 3958 3046 4003 et
3070 3948 3282 4019 objecti,
3314 3959 3370 4004 ut
3410 3953 3497 4021 qui
3526 3951 3687 4007 habet

2114 4041 2392 4104 Dominum
2423 4040 2704 4109 propitium
2733 4054 2795 4093 ac
2825 4040 3137 4094 benevolum
3156 4081 3172 4106 ,
3200 4054 3486 4097 conservos
3515 4045 3683 4113 perti»

2112 4131 2343 4186 niescat?
2371 4130 2475 4186 Sed
2514 4131 2599 4185 hic
2622 4145 2728 4185 non
2757 4138 2841 4184 est
2868 4129 3164 4199 ejusmodi;
3190 4130 3287 4186 sed
3320 4140 3406 4187 est
3435 4132 3684 4189 omnibus

2110 4224 2369 4293 ejusmodi
2392 4222 2668 4278 timoribus
2694 4222 2837 4277 omni
2880 4236 2947 4277 ex
2972 4232 3120 4292 parte
3158 4223 3419 4291 superior.
3454 4224 3563 4279 Hoc
3596 4224 3684 4294 ip-

2111 4328 2228 4367 sum
2281 4327 2379 4368 nos
2404 4327 2613 4383 quoque
2654 4311 2948 4377 faciamus,
2995 4325 3064 4367 ne
3090 4325 3189 4366 nos
3236 4312 3442 4367 Domini
3485 4314 3685 4367 auxilio

2114 4403 2400 4473 privemus,
2426 4402 2567 4472 quod
2610 4401 2836 4455 humana
2865 4400 3230 4456 formidemus.
3271 4400 3383 4457 lloc
3424 4411 3508 4458 est
3542 4405 3692 4458 enim

2114 4493 2416 4561 eorumqui
2467 4493 2569 4547 Dei
2602 4492 2855 4547 auxilium
2881 4491 3202 4546 contumelia
3237 4490 3505 4548 afﬁciunt-
3539 4493 3687 4560 Quo-

2115 4585 2254 4639 circa
2276 4583 2467 4638 dicitur
2508 4580 2763 4637 Ezechias
2808 4595 2996 4650 passus
3039 4596 3160 4636 esse
3197 4596 3316 4651 quae
3358 4596 3545 4653 passus
3582 4594 3688 4649 est,

2114 4677 2256 4749 quod
2295 4690 2419 4730 cum
2458 4676 2539 4729 sol
2580 4674 2859 4729 resiliisset
2903 4682 2957 4728 et
3001 4674 3417 4731 retrocessisseL
3438 4676 3687 4747 gradibus

2182 4811 2203 4875 ξ
2214 4815 2334 4875 post,
2345 4806 2669 4875 sapientiores,
2681 4802 2955 4854 additSavil.
2967 4805 3015 4875 in
3027 4816 3180 4866 marg.
3188 4805 3332 4875 ,quod
3340 4805 3484 4857 etiam
3493 4807 3690 4859 accidit.

2181 4871 2254 4933 (a)
2286 4863 2336 4919 tn
2350 4863 2793 4933 Ιιῲᾳμνθὼωλιωε
2811 4877 2906 4915 non
3099 4863 3416 4933 succinum,
3443 4877 3561 4933 etc.,j
3578 4884 3691 4932 gra-

2118 4925 2197 4981 vis
2214 4925 2366 4981 oritur
2386 4925 2655 4980 dimcuttas.
2678 4935 2791 4989 Nam
2824 4939 2935 4989 qua;
2957 4925 3042 4976 ille
3063 4926 3168 4989 vult
3188 4925 3414 4989 populum
3439 4925 3692 4981 succidere

2119 4992 2211 5063 hoc
2227 4993 2353 5063 loco,
2377 4993 2663 5063 suntlverba
2675 4988 2774 5063 illa,
2796 4986 3021 5063 Dominus
3040 4986 3164 5063 niiltt"
3178 4986 3390 5063 adiutor,
3406 5004 3499 5041 non
3522 4991 3695 5042 timebo

2118 5058 2235 5118 quid
2253 5050 2400 5117 faciat
2553 5053 2709 5118 homo.
2731 5051 2862 5118 Unde
2876 5050 3018 5112 sequi
3042 5050 3588 5118 videturbuncversum
3614 5067 3693 5103 es-

2120 5111 2178 5166 se
2199 5111 2486 5178 reSponsum
2518 5115 2661 5178 hujus
2683 5111 2869 5170 Psalmi,
2898 5111 2960 5160 et
2982 5120 3089 5173 post
3118 5113 3339 5178 singulos
3362 5127 3532 5178 versus
3562 5128 3589 5163 a
3611 5129 3698 5177 po-

2122 5178 2236 5242 pulo
2258 5172 2408 5242 fuisse
2430 5172 2745 5242 recitandum,
2770 5181 2824 5224 ut
2865 5172 3008 5222 antea
3031 5172 3300 5225 notavimus
3321 5178 3369 5224 in
3386 5172 3698 5242 Expositione

2124 5237 2399 5309 psalmi‘th
2428 5251 2455 5309 τί
2473 5238 2605 5309 atqui
2626 5237 2769 5309 hujus
2792 5248 2964 5309 versus
2982 5247 3267 5309 responsum
3303 5243 3423 5309 erat,
3448 5237 3562 5287 [Nec
3594 5238 3698 5287 dies

2123 5298 2268 5364 quant
2288 5300 2399 5364 fecit
2426 5298 2666 5364 portunus,
2694 5304 2788 5347 etc.
2814 5298 2932 5364 Hinc
2961 5309 3079 5345 vero
3090 5298 3313 5358 sequitur
3334 5299 3462 5364 hunc
3485 5312 3698 5364 versum.

2126 5357 2355 5413 Domitius
2375 5359 2494 5410 mihi
2509 5361 2719 5422 adjutor,
2737 5371 2832 5407 non
2854 5357 3007 5422 ﬁtisse
3026 5357 3310 5422 responsum
3334 5360 3478 5422 hujus
3500 5358 3695 5410 Psalmi:

2125 5435 2291 5483 neque
2314 5424 2444 5472 enim
2467 5418 2943 5483 hoc'chrysostomus
2962 5418 3095 5477 dicit,
3116 5418 3285 5480 neque
3308 5418 3432 5469 aliud
3456 5422 3700 5483 quidpiam

2125 5437 2191 5475 ne
2262 5437 2291 5472 θ
2314 5437 2444 5472 enim
2467 5437 2558 5471 [100
2585 5437 2943 5483 υηηδοδιυῐηιιε
2962 5437 3095 5477 (nul,
3121 5437 3285 5480 neque
3308 5437 3432 5469 auuu
3456 5437 3700 5483 qunuptam

2125 5437 2258 5553 una:
2280 5484 2543 5553 hqepossit
2583 5482 2771 5553 induci;
2804 5492 2974 5553 verpm
3011 5492 3222 5553 auguror
3253 5494 3541 5543 responsum
3565 5483 3703 5553 hujus

2128 5547 2299 5613 psalmi
2319 5541 2487 5613 fuisse,
2502 5541 2763 5613 (quodies,
2777 5542 2902 5606 quod
2928 5550 3034 5612 post
3054 5541 3274 5613 singulos
3293 5541 3465 5592 versus
3485 5556 3514 5592 a
3533 5541 3703 5613 1.9mm

2112 5604 2485 5668 .succinebatur;
2511 5604 2625 5668 illud
2644 5604 3028 5668 vero,
3050 5604 3169 5668 mihi
3190 5604 3403 5665 adjutor,
3426 5617 3519 5668 non
3534 5604 3707 5656 tintebo

2129 5672 2248 5735 quid
2271 5668 2416 5735 faciat
2439 5665 2570 5735 Amuli
2586 5666 2752 5722 homo,
2782 5667 2893 5735 quia
2926 5665 2984 5713 ad
3013 5665 3277 5735 institutum
3302 5668 3412 5715 vita:
3435 5666 3705 5735 christiana:

2131 5724 2584 5807 ὀρροιέιιιοῖεξιιηιιεη
2600 5724 3175 5807 canesceret???
3197 5724 3346 5777 τυίεεε
3368 5740 3393 5776 ³
3418 5727 3592 5791 Populo
3605 5741 3713 5779 ειη»

2138 5792 2355 5848 cinente.
2380 5796 2424 5842 Id
2447 5793 2736 5854 conjecturae
2760 5795 2941 5839 tantum
2966 5792 3069 5839 loco
3087 5792 3171 5840 sit.
