4112 6342
442 356 556 412 ιδιτ

441 484 575 540 quos
603 467 951 525 descenderat
981 468 1060 537 (4.
1103 465 1232 537 Reg.
1285 467 1380 522 20.
1421 468 1534 534 id),
1566 476 1621 520 et
1660 465 1852 518 factum
1881 471 2024 518 esset

442 563 652 631 signum
667 561 806 630 quod
827 569 1003 629 posset
1026 574 1215 614 omnes
1241 559 1640 626 obstruiefarere
1651 573 1746 612 eos
1760 561 1845 626 qui
1864 571 2025 611 vene-

442 661 581 719 rant,
607 662 659 707 ιιι
683 653 797 707 hare
813 652 1186 722 intelligerent,
1213 669 1316 706 non
1330 668 1392 705 ex
1411 651 1487 704 eis
1503 666 1619 720 quae
1637 649 1886 704 divinitus
1897 664 2023 704 eve-

444 753 650 805 nerant,
670 742 762 798 sed
785 759 852 797 ex
873 743 1032 798 rebus
1058 742 1302 796 humanis
1326 742 1492 796 voluit
1515 751 1830 811 perterrere,
1848 750 1901 794 et
1925 739 2022 794 ad-

443 833 640 890 ducere
664 835 718 889 in
747 834 1175 900 admirationem,
1206 834 1398 888 timens
1429 849 1495 887 ne
1533 833 1600 887 ab
1625 833 1706 887 eis
1743 831 2022 887 invadere-

439 936 556 990 tur;
583 925 783 982 etideo
812 926 892 980 eis
917 924 1195 980 thesauros
1242 924 1494 988 ostendit,
1539 925 1739 978 habens
1773 939 1921 993 spem
1970 925 2020 978 in

439 1016 721 1073 thesauris.
749 1018 924 1083 Quare
947 1017 1082 1070 Deus
1110 1016 1364 1081 irritatus,
1393 1014 1671 1086 Accipient,
1696 1016 1883 1085 inquit.
1914 1015 2022 1069 ha'c

433 1108 604 1162 omnia
624 1108 702 1179 (4.
743 1107 872 1179 Reg.
900 1107 990 1164 20.
1026 1108 1111 1177 17)
1148 1126 1161 1162 :
1203 1107 1301 1162 hoc
1333 1117 1435 1173 est,
1471 1123 1532 1161 ea
1560 1108 1612 1161 in
1646 1107 1835 1178 quibus
1877 1116 2018 1161 tuam

432 1217 580 1270 spem
607 1201 841 1270 reponis,
871 1202 1062 1270 quibus
1105 1199 1350 1255 confidis.
1385 1199 1546 1254 Israel
1573 1215 1783 1270 quoque
1805 1215 2021 1253 accusa.

435 1305 540 1357 tur,
570 1293 709 1362 quod
744 1294 980 1362 pecuniis
1007 1303 1058 1346 et
1087 1292 1238 1362 equis
1261 1291 1610 1346 conﬁderent.
1644 1290 1901 1359 Quocirca
1924 1305 2018 1345 eos

437 1387 681 1440 admonet
709 1385 959 1455 propheta
987 1427 1002 1451 ,
1031 1395 1088 1439 ut
1109 1401 1170 1439 ex
1203 1386 1266 1439 iis
1285 1400 1402 1455 quae
1426 1394 1549 1439 sunt
1568 1385 1829 1438 contraria
1853 1385 2016 1438 Deum

436 1479 673 1541 placent,
708 1487 762 1530 et
784 1476 956 1531 dicant
985 1496 996 1529 :
1023 1476 1190 1544 Super
1211 1493 1360 1546 equos
1377 1492 1476 1529 non
1495 1475 1816 1529 ascendemus
1845 1473 1996 1543 (Osee

435 1570 518 1624 Η.
561 1568 640 1638 4).
675 1569 814 1622 Deus
845 1576 898 1623 te
928 1568 1175 1633 honorat,
1205 1576 1259 1622 et
1279 1577 1334 1621 tu
1365 1583 1484 1621 eum
1517 1569 1852 1622 contemnis?
1879 1568 2016 1624 Deus

433 1669 484 1713 te
510 1657 755 1722 honorat,
785 1673 938 1712 suum
969 1657 1059 1712 tibi
1097 1657 1351 1711 auxilium
1375 1659 1694 1728 promittens
1725 1677 1739 1712 :
1771 1670 1822 1714 et
1860 1669 1913 1714 tu
1949 1661 2013 1714 ad

433 1751 688 1803 humanas
717 1765 838 1818 spcs
867 1747 1130 1818 confugis,
1171 1758 1224 1804 et
1263 1749 1511 1803 inanima:
1539 1750 1794 1815 materize,
1822 1766 2015 1820 nempe

433 1842 688 1912 pecuniis,
719 1842 906 1896 salutis
944 1857 1092 1911 spem
1126 1843 1459 1897 committis?
1500 1841 1616 1896 Non
1654 1844 1844 1910 quaerit
1871 1844 2011 1898 enim

427 1937 600 1990 solum
625 1950 861 2001 scrvare,
891 1933 984 1989 sed
1014 1933 1065 1987 id
1091 1934 1252 1988 etiam
1293 1933 1514 1988 honeste
1538 1933 1732 1988 facere.
1769 1934 1931 1989 Valde
1963 1945 2012 1990 te

428 2037 591 2092 autat,
632 2037 683 2081 et
733 2027 852 2082 idco
879 2035 932 2081 te
965 2027 1034 2081 ab
1067 2026 1314 2081 omnibus
1353 2025 1644 2092 abducens,
1678 2027 1880 2096 sibiipsi
1914 2027 2008 2081 ad-

425 2120 594 2188 iungit
622 2137 635 2172 :
667 2128 722 2172 et
759 2119 938 2173 omnia
965 2127 1266 2186 amputans,
1295 2116 1363 2170 ad
1390 2118 1622 2186 scipsum
1651 2118 1880 2181 adducit,
1917 2134 2010 2187 per

427 2231 486 2266 ea
514 2228 631 2282 qua:
659 2210 781 2265 facit
809 2208 1188 2280 propemodum
1219 2209 1402 2263 dicens
1431 2225 1447 2263 :
1475 2208 1530 2262 In
1561 2223 1646 2264 me
1671 2224 1818 2278 spem
1848 2209 2005 2275 habe,

426 2315 478 2357 ct
502 2318 589 2357 me
629 2313 887 2373 perpetuo
907 2301 1129 2354 observa
1156 2309 1210 2354 et
1233 2299 1468 2354 attende.
1499 2301 1549 2353 7.
1591 2299 1840 2355 Dominus
1885 2303 2010 2356 mihi

424 2397 648 2467 adjutor,
698 2405 744 2450 et
791 2409 880 2466 ego
907 2392 1180 2464 despiciam
1225 2392 1453 2446 inimicos
1502 2408 1657 2446 meos.
1702 2393 1856 2447 Vides
1883 2409 2006 2448 eum

425 2505 530 2543 non
557 2487 923 2550 ulciscentem,
945 2499 1120 2555 neque
1140 2498 1325 2554 poenas
1347 2492 1668 2550 sumentem,
1691 2484 1783 2540 sed
1806 2485 1915 2539 Deo
1939 2483 2008 2540 de

422 2581 533 2637 suis
559 2580 788 2635 inimicis
811 2578 1096 2632 vindictam
1123 2577 1504 2631 remittentem.

492 2674 624 2742 Spes
645 2674 700 2725 in
731 2671 834 2726 Deo
862 2672 989 2724 bona
1007 2687 1025 2735 ;
1045 2686 1157 2740 spes
1185 2669 1236 2722 in
1259 2669 1456 2721 homine
1477 2667 1793 2738 periculosa;
1817 2670 1869 2722 in
1897 2667 2004 2722 Do-

421 2766 557 2820 mino
600 2775 656 2818 ut
694 2761 1020 2832 sperandum.
1069 2789 1142 2801 -—
1187 2759 1240 2814 8.
1292 2757 1491 2812 Bonum
1536 2767 1607 2812 est
1654 2759 1908 2827 conﬁdere
1951 2761 2005 2813 in

423 2857 668 2920 Domino,
693 2871 844 2926 quam
873 2852 1126 2921 conﬁdere
1147 2852 1200 2904 in
1231 2851 1449 2904 homine.
1475 2850 1528 2905 9.
1569 2849 1764 2904 Bonum
1790 2859 1862 2904 est
1887 2867 2002 2920 spe-

419 2964 533 3003 rare
578 2948 632 3002 in
681 2946 916 3009 Domino,
946 2960 1097 3012 quant
1140 2959 1344 3013 sperare
1406 2943 1460 2996 in
1514 2943 1843 3013 principibus.
1887 2944 2002 2999 Non

420 3040 536 3094 haec
555 3038 681 3092 dicit
701 3052 796 3105 per
822 3035 1293 3106 comparationem,
1319 3033 1411 3088 sed
1438 3035 1712 3088 consuevit
1729 3034 2000 3105 Scriptura

419 3133 519 3186 hac
544 3130 618 3184 uti
645 3129 809 3198 ﬁgura
837 3128 889 3181 in
918 3129 983 3182 iis
1008 3128 1166 3182 etiam
1197 3141 1318 3196 qua:
1345 3139 1447 3180 non
1474 3126 1757 3182 admittunt
1779 3143 1996 3199 compa-

418 3222 700 3284 rationem,
732 3229 948 3288 propter
973 3217 1388 3272 imbecillitatem
1413 3232 1601 3272 eorum
1632 3219 1721 3288 qui
1751 3228 1876 3275 tunc
1903 3236 1998 3275 au-

417 3312 585 3366 diunt.
614 3311 730 3364 Non
759 3309 860 3363 hoc
880 3324 1007 3377 ergo
1025 3308 1153 3362 dicit
1177 3322 1513 3378 comparans,
1545 3309 1639 3365 sed
1686 3325 1746 3366 se
1783 3310 1848 3366 ad
1875 3311 1996 3366 illo-

417 3419 532 3458 rum
553 3410 763 3470 captum
787 3399 1088 3454 demittens.
1117 3398 1182 3452 Et
1213 3398 1332 3454 ideo
1351 3398 1484 3453 alius
1501 3416 1712 3471 quoque
1736 3401 1994 3472 propheta

416 3494 547 3548 dixit
574 3511 587 3547 :
619 3490 919 3545 Matedictus
947 3489 1107 3543 omnis
1128 3490 1214 3559 qui
1241 3499 1408 3558 sperat
1436 3491 1490 3544 in
1527 3491 1726 3546 homine
1747 3491 1876 3564 (Jer.
1903 3496 1991 3548 l7.

415 3586 469 3656 5)
497 3602 513 3641 :
543 3584 672 3638 nihil
700 3591 782 3637 est
803 3582 943 3637 enim
977 3597 1038 3636 ea
1065 3597 1160 3651 spe
1183 3580 1431 3649 debilius,
1454 3591 1536 3638 est
1560 3586 1752 3656 quippe
1773 3588 1856 3642 vel
1889 3589 1992 3644 tela

414 3689 622 3730 aranea:
672 3673 1021 3728 imbecillior:
1052 3673 1158 3726 imo
1202 3688 1331 3727 vero
1369 3688 1473 3728 non
1502 3686 1585 3730 est
1612 3677 1782 3731 solum
1826 3679 1993 3735 imbe-

413 3766 554 3830 cilla,
588 3765 930 3820 verumetiam
963 3764 1276 3832 periculosa.
1324 3763 1704 3821 Sciuntautem
1731 3768 1817 3838 qui
1848 3783 1992 3839 saepe

412 3857 466 3911 in
496 3856 797 3910 hominibus
820 3855 1170 3917 confiderunt,
1200 3869 1321 3908 cum
1343 3856 1534 3925 quibus
1558 3857 1716 3911 simul
1747 3868 1868 3913 sunt
1896 3860 1992 3917 de-

412 3949 602 4018 pressi.
630 3947 766 4019 Spes
795 3956 971 4001 autem
1016 3946 1068 4000 in
1103 3935 1264 4000 Deum
1313 3964 1418 4002 non
1467 3958 1550 4004 est
1597 3949 1767 4005 solum
1794 3953 1986 4021 valida,

409 4052 600 4095 verum
620 4039 780 4093 etiam
801 4046 936 4102 tuta,
957 4047 1014 4091 ut
1039 4053 1156 4107 qua:
1179 4038 1374 4092 nullam
1399 4039 1592 4094 habeat
1623 4043 1985 4099 mutatiottem.

415 4131 482 4186 Et
520 4131 640 4186 ideo
671 4131 864 4186 Paulus
890 4145 1098 4200 quoque
1123 4131 1331 4186 dicebat
1361 4148 1375 4183 :
1401 4132 1534 4202 Spes
1555 4143 1719 4189 autem
1745 4153 1846 4190 non
1871 4154 1992 4192 con-

414 4223 581 4294 fundit
613 4220 787 4294 (Rom.
821 4221 875 4276 5.
904 4221 983 4290 5).
1012 4221 1160 4276 Alius
1188 4236 1317 4276 vero
1342 4224 1573 4292 sapiens,
1604 4225 1875 4296 Respicite,
1905 4229 1988 4282 in-

408 4315 542 4382 quit,
566 4312 634 4366 ad
656 4313 890 4382 antiquas
920 4313 1281 4382 generationes,
1311 4322 1358 4367 et
1383 4314 1546 4368 uidete
1571 4317 1683 4384 quis
1718 4320 1989 4385 speraverit

405 4408 460 4459 in
482 4405 775 4470 Dominum,
816 4416 863 4459 et
887 4407 1080 4474 pudore
1119 4406 1329 4472 a/Tectus
1355 4417 1426 4462 est
1457 4408 1640 4479 (Eccli.
1672 4409 1728 4463 2.
1760 4409 1874 4484 10).
1921 4413 1990 4468 At

408 4509 528 4564 ego,
571 4495 759 4563 inquit,
805 4495 1032 4564 speravi,
1074 4506 1128 4550 et
1173 4510 1288 4550 sum
1337 4498 1540 4566 pudore
1577 4499 1814 4556 all'ectus.
1843 4502 1987 4558 Bona

405 4587 587 4652 verba,
618 4601 819 4656 quaeso,
845 4587 1021 4650 homo,
1047 4602 1113 4642 ne
1133 4586 1324 4643 divin-.e
1349 4590 1634 4660 Scriptum
1654 4593 1981 4664 obloquaris.

408 4676 628 4731 Etiamsi
656 4677 860 4747 pudore
887 4677 1106 4732 affectus
1147 4680 1239 4744 sis,
1288 4679 1340 4734 id
1390 4683 1584 4746 evenit,
1626 4684 1767 4752 quod
1799 4699 1904 4740 non
1931 4695 1987 4742 ut

403 4770 640 4840 oportuit
667 4772 988 4838 speraveris.
1033 4772 1173 4839 quod
1217 4774 1465 4835 cesseris,
1503 4777 1646 4845 quod
1691 4777 1849 4834 ﬁnem
1879 4793 1983 4834 non

403 4860 819 4930 exspectaveris,
843 4862 982 4930 quod
1006 4862 1195 4931 pusillo
1213 4863 1394 4918 animo
1419 4863 1600 4921 fueris.
1643 4866 1749 4922 Sed
1778 4884 1882 4924 non
1914 4871 1985 4926 ita

404 4951 569 5006 facias
592 4969 604 5004 :
636 4966 818 5005 verum
839 4951 1050 5021 quando
1070 4953 1265 5008 videris
1291 4970 1409 5024 qua:
1435 4967 1558 5011 sunt
1598 4959 1734 5014 mala
1758 4968 1816 5016 et
1841 4961 1984 5017 difﬁ-

403 5043 523 5098 cilia
550 5042 850 5108 imminere,
892 5058 960 5097 ne
1002 5045 1236 5098 animum
1280 5044 1547 5102 demittas.
1588 5048 1701 5104 Hoc
1729 5053 1870 5107 enim
1901 5056 1984 5110 vel

404 5135 632 5190 maxime
654 5143 738 5190 est
762 5149 1002 5204 sperare,
1033 5135 1244 5204 quando
1284 5136 1336 5190 in
1364 5139 1536 5194 media
1559 5141 1696 5195 mala
1727 5153 1780 5198 et
1806 5147 1983 5214 gravia

404 5225 636 5295 pericula
666 5225 827 5280 fueris
846 5225 1136 5295 conjectus,
1168 5235 1291 5280 tunc
1319 5228 1469 5298 erigi.

475 5315 528 5370 5.
561 5315 696 5383 Quid
720 5316 958 5372 barbaris
996 5316 1122 5383 illis,
1175 5316 1442 5384 Ninivitis,
1473 5320 1708 5392 inquam,
1738 5337 1852 5381 erat
1881 5329 1982 5382 mi-

401 5408 612 5463 serius?
644 5409 710 5462 Et
735 5417 908 5462 tamen
931 5422 1052 5463 cum
1083 5408 1192 5478 jam
1215 5419 1394 5464 essent
1418 5411 1534 5481 ipso
1559 5413 1745 5484 laqueo
1773 5417 1980 5481 irretiti,

401 5511 456 5557 et
501 5501 758 5557 ruituram
796 5501 1062 5556 civitatem
1103 5513 1492 5574 exSpectarent,
1541 5522 1609 5562 ne
1657 5508 1734 5564 sic
1769 5510 1983 5580 quidem

401 5588 771 5664 desperarent,
799 5593 893 5648 sed
925 5608 1186 5648 summam
1221 5596 1566 5652 ostenderunt
1594 5601 1980 5670 paenitentiam,

403 5696 457 5742 et
477 5685 766 5742 effecerunt
791 5693 849 5739 ut
889 5684 1029 5741 Deus
1059 5700 1243 5742 rursus
1278 5702 1426 5742 suam
1471 5700 1744 5748 revocaret
1770 5702 1983 5751 senten-

406 5778 552 5832 tiam.
576 5777 763 5834 Vidisti
794 5787 1002 5848 quanta)
1036 5778 1141 5834 sint
1167 5780 1277 5849 spei
1308 5781 1486 5837 vires?
1523 5783 1657 5850 Quid
1697 5801 1824 5842 vero
1863 5789 1976 5859 ipse

1143 353 1200 411 S.
1241 353 1518 410 JOANNIS
1555 350 2032 412 CHRYSOSTOMI
2071 350 2388 412 ARCHIEP.
2426 355 2961 417 CONSTANTINOP.

3605 374 3715 431 332

2137 466 2431 532 propheta?
2459 486 2636 525 annon
2681 487 2802 526 cum
2844 482 2988 529 esset
3030 474 3081 529 in
3127 487 3316 534 ventre
3349 481 3454 536 ceti
3484 481 3628 550 (Jan.
3653 487 3710 543 ἲ.

2130 552 2208 626 5),
2243 558 2424 627 templi
2451 569 2503 614 et
2531 575 2640 615 sum
2669 561 3054 635 Jerosolymam
3101 569 3418 625 reversionis
3452 574 3712 630 memine-

2133 647 2250 702 rat?
2272 647 2340 702 Et
2366 658 2419 703 tu
2448 667 2594 718 ergo,
2627 655 2867 722 quamvis
2897 655 2979 709 vel
3009 656 3075 710 ad
3105 658 3272 726 ipsam
3300 672 3525 716 mortem
3550 664 3711 721 deve.

2133 739 2298 798 neris,
2346 750 2397 794 et
2448 742 2681 812 undique
2718 745 2948 800 maxima
2995 748 3307 806 immineant
3355 756 3610 824 pericula,
3639 773 3710 812 ne

2129 828 2517 898 desperaveris.
2560 833 2738 889 Potest
2766 838 2907 891 enim
2934 838 3072 894 Deus
3093 842 3145 895 in
3174 843 3332 898 rebus
3359 847 3438 900 vel
3463 847 3709 904 difﬁcilli-

2129 921 2230 972 mis
2257 922 2453 975 exitum
2483 923 2720 980 invenire
2746 944 2760 979 :
2801 938 2853 982 et
2895 929 3015 984 ideo
3044 931 3170 987 dicit
3212 935 3426 1008 quidam
3454 941 3705 1009 sapiens:

2128 1010 2170 1062 Α
2216 1027 2362 1064 mane
2391 1029 2546 1082 usque
2580 1015 2649 1068 ad
2693 1032 2950 1085 vesperam
2994 1025 3296 1079 mutationes
3334 1031 3525 1095 multae,
3570 1042 3616 1085 et
3655 1034 3706 1087 in

2125 1113 2394 1168 conspectu
2421 1105 2532 1173 ejus
2556 1116 2674 1160 sunt
2702 1111 2873 1162 omnia
2908 1111 3084 1180 facilia
3107 1113 3294 1186 (Eccli.
3328 1119 3414 1175 18.
3447 1119 3561 1190 26).
3589 1123 3705 1180 Non

2126 1191 2302 1246 vidisti
2353 1195 2616 1250 tribunum
2645 1199 2719 1268 (τι)
2752 1201 2803 1254 in
2841 1215 3047 1258 summa
3093 1223 3267 1262 rerum
3306 1213 3456 1281 copia
3503 1214 3705 1270 fameli-

2053 1279 2059 1285 ’
2124 1301 2243 1338 cum
2269 1287 2345 1358 (4.
2373 1286 2499 1359 Reg.
2530 1289 2625 1357 7)?
2667 1308 2771 1346 non
2811 1295 2982 1349 vidisti
3022 1297 3229 1353 viduam
3263 1303 3313 1356 in
3351 1279 3494 1361 fame
3529 1309 3702 1363 almu-

2121 1376 2334 1432 dantem
2371 1380 2445 1450 (5.
2474 1379 2605 1452 Reg.
2637 1383 2768 1454 l7)?
2805 1386 3028 1454 Quando
3067 1407 3154 1446 res
3180 1394 3229 1446 iu
3262 1402 3542 1452 maximam
3573 1401 3704 1454 inei-

2119 1468 2296 1524 derint
2341 1472 2593 1540 inepiam,
2647 1485 2770 1531 tunc
2817 1489 2869 1533 tu
2916 1495 3068 1548 spera
3114 1487 3358 1542 maxime.
3387 1490 3534 1548 Tunc
3558 1497 3700 1551 enim

2121 1561 2264 1615 Deus
2287 1565 2515 1620 maxime
2557 1581 2706 1622 suam
2744 1572 2974 1626 ostendit
3019 1577 3325 1642 potentiam,
3370 1597 3470 1634 ron
3524 1601 3552 1637 a
3595 1590 3703 1655 pri-

2121 1653 2346 1715 mordio,
2375 1657 2469 1710 sed
2500 1660 2711 1726 quando
2748 1677 2834 1716 res
2883 1663 3080 1719 fuerint
3127 1668 3280 1736 plane
3315 1653 3608 1743 desperate
3634 1680 3701 1734 ab

2119 1741 2439 1801 hominibus.
2492 1749 2603 1804 Hoc
2650 1761 2732 1807 est
2777 1755 2916 1809 enim
2956 1765 3162 1827 tempus
3199 1762 3360 1818 divini
3405 1741 3603 1823 altsilii.
3635 1770 3700 1825 Et

2118 1836 2236 1890 ideo
2277 1853 2379 1894 nec
2425 1856 2617 1909 pueros
2660 1846 2854 1915 eripuit
2891 1863 2920 1900 a
2969 1850 3247 1919 principio,
3289 1857 3382 1910 sed
3423 1869 3697 1929 postquam

2115 1926 2326 1982 fuerunt
2372 1931 2422 1984 in
2454 1931 2721 1988 fornacem
2747 1939 2976 2006 conjecti
3007 1938 3169 2011 (Dan.
3211 1943 3264 1998 5.
3295 1945 3386 2013 95)
3474 1926 3571 2004 nec
3601 1952 3698 2005 Da-

2115 2018 2329 2085 uielem,
2360 2032 2642 2092 antequam
2685 2038 2828 2081 esset
2874 2030 3162 2096 immissus,
3205 2037 3298 2092 sed
3343 2050 3544 2109 septem
3577 2056 3696 2115 post

2113 2107 2300 2165 diebus
2329 2111 2486 2183 (Dan.
2536 2115 2624 2170 M.
2656 2117 2768 2189 59).
2816 2119 2922 2174 N=c
2959 2126 3172 2180 attende
3221 2107 3691 2204 rerumﬁuatur-atn,

2111 2218 2230 2272 quae
2258 2208 2554 2278 praecipites
2578 2212 2686 2281 agit
2711 2213 2762 2266 in
2789 2215 3231 2288 desiit-rationem,
3260 2225 3354 2278 sed
3384 2225 3476 2282 Dei
3507 2237 3693 2296 poten-

2114 2297 2259 2359 tiam,
2288 2313 2405 2367 qua:
2436 2317 2495 2355 ea
2517 2318 2636 2373 quae
2673 2317 2796 2360 sunt
2821 2309 3122 2379 desperata,
3152 2315 3364 2373 adducit
3410 2320 3459 2373 in
3499 2322 3693 2379 bonam

2111 2405 2278 2458 spem.
2304 2393 2415 2449 Hoc
2434 2398 2591 2451 etiam
2613 2402 2901 2458 ostendens
2933 2407 3389 2479 psalmographus,
3415 2426 3468 2468 et
3494 2432 3688 2485 quanta

2109 2484 2178 2536 sit
2208 2483 2296 2538 Dei
2322 2489 2571 2555 potentiae
2601 2489 2822 2548 facilitas
2847 2497 3026 2550 volens
3047 2511 3363 2563 monstrare.
3393 2483 3533 2574 quod
3550 2510 3688 2564 scili—

2107 2583 2192 2629 cet
2212 2591 2303 2631 eos
2329 2578 2486 2632 etiam
2513 2581 2598 2649 qui
2627 2583 2678 2636 in
2707 2586 2884 2654 gravia
2926 2589 3062 2644 mala
3103 2591 3419 2656 inciderunt,
3450 2608 3688 2665 prostra-

2108 2667 2252 2736 tique
2273 2677 2328 2724 et
2353 2672 2646 2728 conculcati
2680 2687 2824 2740 sunt,
2871 2681 3038 2747 possit
3061 2681 3308 2749 educere,
3335 2695 3390 2741 et
3433 2705 3536 2744 non
3568 2700 3686 2745 tau-

2107 2768 2218 2815 tum
2267 2776 2296 2815 a
2337 2764 2614 2835 principio,
2665 2769 2786 2824 audi
2835 2772 2959 2839 quid
3011 2775 3334 2847 subjungat:
3380 2781 3463 2836 l0.
3502 2783 3687 2841 Omnes

2103 2864 2274 2923 gentes
2312 2855 2747 2914 circumdederunt
2776 2877 2871 2918 me.
2903 2861 3089 2921 Vidisti
3129 2869 3418 2936 periculum
3463 2873 3684 2930 inevita-

2104 2945 2246 3002 bile?
2269 2947 2450 3018 Neque
2479 2950 2621 3004 enim
2645 2961 2760 3006 erat
2795 2954 2909 3009 acie
2935 2956 3341 3028 confligendum.
3380 2979 3548 3035 neque
3577 2977 3684 3021 sta-

2102 3035 2232 3091 bant
2274 3037 2474 3093 inimici
2513 3055 2544 3096 e
2568 3042 2804 3112 regione,
2831 3046 2923 3100 sed
2950 3057 3065 3104 erat
3092 3049 3434 3123 interceptus,
3463 3066 3516 3110 et
3545 3067 3680 3112 tam-

2101 3142 2258 3198 quam
2282 3144 2475 3200 sagena
2495 3132 2668 3203 aliqua
2693 3137 3069 3208 circumdatus,
3095 3156 3157 3195 ac
3187 3144 3347 3200 veluti
3368 3147 3679 3216 quibusdam

2099 3222 2300 3280 retibus
2319 3226 2755 3297 comprehensus,
2777 3245 2884 3286 non
2905 3233 2971 3288 ab
2995 3248 3120 3300 uno,
3145 3235 3348 3292 duobus
3371 3248 3463 3294 aut
3491 3241 3676 3309 tribus,

2097 3317 2192 3372 sed
2233 3317 2302 3373 ab
2345 3320 2591 3376 omnibus
2635 3323 2924 3392 gentibus:
2956 3335 3081 3381 sunt
3125 3337 3299 3384 tamen
3350 3332 3463 3386 haec
3502 3335 3682 3389 omnia

2095 3410 2304 3466 vincula
2340 3411 2609 3469 confracta
2646 3429 2676 3468 a
2705 3429 2799 3484 8pc
2828 3417 2881 3471 in
2913 3417 3100 3474 Deum.
3145 3419 3213 3474 Et
3246 3424 3451 3478 nomine
3475 3422 3680 3479 Domini

2095 3503 2236 3558 ultus
2248 3515 2365 3554 sum
2381 3503 2436 3558 in
2449 3519 2554 3560 eos.
2575 3505 2660 3562 Η.
2681 3507 3062 3566 Circumdantes
3098 3514 3533 3570 circumdederunt
3580 3534 3676 3583 me,

2095 3607 2141 3651 et
2167 3597 2368 3652 nomine
2386 3597 2592 3652 Domini
2617 3600 2754 3655 ultus
2774 3617 2884 3655 sum
2909 3605 2962 3658 in
2987 3621 3090 3660 eos.
3116 3605 3203 3660 12.
3233 3606 3679 3669 Circumdederunt

2097 3705 2176 3743 me
2203 3691 2332 3743 sicut
2355 3705 2475 3759 apes
2501 3691 2691 3760 favum,
2719 3702 2764 3746 et
2791 3707 3084 3750 exarserunt
3108 3699 3238 3751 sicut
3262 3701 3394 3770 ignis
3421 3703 3473 3756 in
3497 3705 3674 3774 spinis,

2092 3792 2140 3836 et
2163 3783 2216 3836 in
2239 3783 2440 3835 nomine
2468 3779 2672 3838 Domini
2699 3785 2834 3839 ultus
2853 3802 2963 3840 sum
2982 3790 3034 3841 in
3050 3805 3152 3844 eos.
3193 3789 3384 3847 Vidisti
3411 3795 3678 3863 quomodo

2092 3871 2344 3928 describit
2369 3887 2722 3928 aerumnarum
2749 3878 3202 3944 magnitudinem?
3229 3879 3342 3936 Non
3369 3884 3511 3938 enim
3540 3885 3673 3940 dixit

2091 3963 2446 4031 solummodo,
2473 3962 2922 4022 Circumdederunt
2951 3985 2971 4022 :
2999 3970 3110 4037 sed,
3143 3971 3290 4026 Sicut
3313 3989 3451 4044 apes,
3474 3985 3520 4029 et
3545 3977 3672 4030 sicut

2090 4056 2223 4125 ignis
2242 4057 2296 4110 in
2319 4057 2480 4127 spinis
2501 4073 2519 4110 :
2550 4073 2643 4126 per
2679 4061 2807 4128 apes
2835 4061 3046 4130 quidem
3098 4078 3339 4134 magnam
3370 4067 3530 4121 animi
3561 4069 3671 4122 ala-

2091 4149 2355 4215 critatem,
2402 4165 2494 4218 per
2525 4152 2705 4218 spinas
2733 4167 2859 4207 vero
2901 4154 3040 4209 iram.
3061 4156 3468 4225 intolerabilem,
3500 4171 3554 4215 et
3581 4163 3672 4234 qui

2091 4239 2360 4309 exStingui
2393 4255 2494 4295 non
2527 4243 2881 4309 poterat.bilis
2910 4246 3154 4301 ardorem
3185 4247 3513 4317 signiﬁcans.
3542 4251 3671 4320 Quis

2092 4330 2234 4383 enim
2255 4331 2551 4386 cohibuerit
2572 4333 2763 4403 ignem,
2789 4336 2879 4404 qui
2921 4337 2972 4390 in
2996 4337 3175 4406 spinas
3207 4339 3431 4394 incidit?
3461 4341 3565 4396 Eos
3592 4351 3670 4397 ta-

2092 4437 2235 4486 men,
2268 4421 2457 4491 inquit,
2490 4432 2594 4477 tam
2623 4426 2967 4482 vehementer
2990 4438 3042 4484 et
3071 4437 3176 4484 tam
3206 4431 3452 4486 celeriter
3478 4449 3668 4488 accen-

2089 4524 2201 4578 sos,
2232 4527 2352 4566 cum
2383 4529 2468 4568 me
2491 4515 2723 4570 medium
2779 4519 3200 4588 intercepissent,
3244 4536 3347 4576 non
3391 4524 3562 4578 solum
3593 4523 3670 4580 ef-

2089 4603 2216 4673 fugi,
2245 4604 2336 4659 sed
2366 4605 2526 4660 etiam
2557 4605 2696 4661 ultus
2722 4621 2859 4661 sum.
2888 4607 3018 4663 Vide
3049 4610 3150 4664 hoc
3177 4612 3348 4676 ipsum
3371 4612 3483 4668 fieri
3508 4616 3664 4670 etiam

2089 4695 2142 4748 in
2173 4696 2413 4749 materia.
2445 4695 2580 4767 Ignis
2603 4697 2743 4751 enim
2781 4698 2967 4753 rubum
2992 4701 3195 4768 urebat,
3230 4713 3284 4757 et
3309 4719 3483 4775 neque
3507 4705 3668 4761 rnhus

2087 4785 2498 4841 comburebatur
2520 4784 2712 4860 (Exod.
2737 4788 2818 4857 5),
2849 4805 2946 4844 nec
2985 4791 3071 4847 ille
3091 4794 3542 4863 exstinguebatur,
3571 4796 3664 4854 sed

2088 4885 2312 4946 utraque
2351 4885 2475 4932 tunc
2524 4880 2811 4934 manebant
2848 4879 3002 4935 simul
3036 4885 3437 4951 conversantia,
3472 4900 3569 4940 nec
3605 4901 3662 4942 se

2087 4968 2470 5022 consumentia.
2500 4970 2657 5038 Atqui
2686 4970 2810 5040 quid
2842 4981 2924 5025 est
2948 4973 3082 5026 rubo
3109 4974 3277 5045 magis
3303 4971 3579 5034 ﬂaccidum
3609 4991 3661 5036 et

2087 5058 2452 5113 imbecillum?
2471 5060 2593 5129 quid
2617 5070 2794 5116 autem
2825 5061 2947 5131 igne
2970 5069 3052 5118 est
3070 5063 3381 5122 ardentius?
3409 5070 3659 5125 Admira-

2087 5149 2207 5206 bilis
2243 5161 2417 5206 tamen
2462 5151 2552 5206 Dei
2602 5153 2856 5223 potentia,
2909 5170 3028 5224 quae
3070 5172 3156 5211 res
3186 5155 3309 5213 facit
3354 5162 3657 5231 Opinionem

2150 5310 2222 5371 (η)
2255 5309 2338 5358 Hic
2358 5321 2501 5371 porro
2524 5309 2744 5360 tribunus
2764 5308 2849 5359 ille
2874 5318 2968 5369 est,
3002 5323 3078 5361 cui
3115 5315 3312 5365 innixus
3339 5328 3432 5366 rex
3465 5317 3528 5367 lsi
3539 5318 3660 5369 neiis

2086 5370 2314 5440 Elimeam
2344 5370 2627 5440 prophetam
2666 5372 2812 5440 adiit2
2850 5372 2964 5421 dum
3001 5374 3308 5440 obsideretur
3342 5381 3571 5440 Samaria,
3607 5390 3658 5431 et

2085 5429 2213 5481 fame
2252 5429 2508 5481 interirent
2544 5444 2744 5494 omnes;
2781 5429 2846 5482 de
2882 5448 2980 5497 quo
3016 5435 3190 5484 dicitur
3220 5437 3267 5486 4.
3295 5445 3408 5502 Reg.
3433 5440 3481 5499 7,
3505 5442 3537 5489 2
3558 5429 3574 5490 Ξ
3599 5429 3660 5493 ...ί

2085 5505 2290 5564 ἄπαρῑῦηρ
2311 5507 2520 5564 «emam,
2535 5506 2586 5564 ιτυ
2609 5506 2648 5564 tv
2667 5505 2687 5544 δ
2909 5505 3219 5564 ιτα-οιαώσιο,ςι
3244 5503 3488 5564 respondit
3507 5502 3658 5552 tribu-

2085 5554 2277 5624 nns'cui
2297 5554 2386 5604 rex
2405 5554 2718 5624 innitebatur.
2743 5556 2969 5624 Nimirum
2999 5571 3109 5607 cum
3142 5554 3337 5611 Elisseus'
3367 5564 3658 5624 praediceret

2084 5619 2376 5688 insequente
2407 5617 2487 5665 die
2524 5615 2628 5665 fore
2657 5624 2821 5688 rerum
2853 5615 3526 5688 agimentorumqueﬂcoiiiam,
3551 5634 3657 5688 post

2085 5678 2264 5744 tantam
2301 5678 2504 5744 famem;
2527 5691 2636 5728 cum
2668 5678 2752 5727 ille
2779 5679 2994 5744 sedictis
3017 5678 3266 5744 propbeite
3285 5678 3429 5736 ﬁdem
3451 5678 3654 5737 noh'ba;

2086 5739 2209 5803 bere
2248 5739 2613 5803 testificaretur,
2647 5741 2893 5803 respondit
2928 5739 3149 5803 Eliséus,
3195 5753 3260 5796 T‘u
3295 5747 3475 5800 videbis
3507 5748 3655 5802 oculis

2087 5800 2195 5862 tuis,
2221 5808 2263 5850 et
2296 5814 2386 5852 non
2409 5801 2654 5864 gustabis;
2680 5800 2872 5866 id‘quod
2900 5807 3046 5856 etiam
3069 5800 3249 5859 evenit.
