4112 6342
341 382 443 438 551

337 503 445 554 τῶν
480 494 630 567 παρά
656 492 751 546 τοῦ
777 489 911 545 Θεοῦ
933 489 1274 570 συμϐάντων,
1299 487 1409 542 ἀλλ’
1434 486 1540 540 ἀπὸ
1564 486 1673 538 τῶν
1699 484 1904 557 ἀνθρω-

341 597 513 648 πίνων
565 589 903 659 καταπλῆξαι
959 586 1245 647 ἐϐούλετο,
1284 583 1536 646 δεδοικὼς
1588 582 1764 636 αὐτῶν
1814 580 1914 652 τὴν

343 694 527 762 ἔφοδον
551 708 565 722 °
599 689 678 743 διὸ
718 687 808 741 καί
838 687 961 749 τοὺς
995 683 1299 755 θησαυροὺς
1331 682 1509 742 αὐτοῖς
1543 679 1829 738 ἐδείκνυεν,
1858 678 1914 728 ἐν

341 795 453 854 τοῖς
477 792 765 861 θησαυροῖς
785 787 883 847 τὰς
920 783 1137 843 ἐλπίδας
1177 780 1336 849 ἔχων.
1370 777 1460 830 Διὸ
1490 776 1552 847 ἐὴ
1581 777 1676 829 καῖ.
1717 777 1746 828 ὁ
1784 773 1916 836 Θεὸς

342 885 696 960 παροξυνθείς
729 899 890 952 φησι,
925 879 1233 948 Λήψονται
1270 874 1454 928 ταῦτα
1501 875 1722 926 πάντα·
1764 886 1918 924 τουτ-

342 989 489 1051 έστι,
532 983 667 1055 Παρ’
699 976 778 1044 οἷς
819 979 1091 1049 ἤλπισας,
1133 968 1213 1036 οἷς
1257 971 1495 1044 θαρρεῖς.
1540 969 1710 1024 Τοῦτο
1761 967 1854 1021 καὶ
1889 969 1918 1020 ὁ

356 1082 572 1154 Ἰσραὴλ
623 1077 964 1147 ἐγκαλεῖται,
999 1074 1080 1126 ὅτι
1118 1071 1184 1142 δὴ
1216 1071 1464 1140 χρήμασι
1511 1066 1776 1138 ἐθάρρουν
1825 1063 1919 1117 καὶ

345 1181 553 1242 ἵπποις.
584 1174 675 1229 Διὸ
713 1175 806 1227 καὶ
831 1171 1062 1242 παρῄνει
1090 1168 1275 1229 αὐτοῖς
1301 1167 1330 1218 ὁ
1355 1166 1658 1237 προφήτης,
1698 1164 1808 1223 τοῖς
1833 1160 1919 1213 ἐν-

345 1275 544 1337 αντίοις
569 1269 900 1339 ἐξιλεοῦσθαι
921 1268 1012 1320 τὸν
1036 1267 1188 1328 Θεὸν,
1214 1265 1307 1317 καὶ
1330 1263 1507 1332 λέγειν
1523 1279 1535 1292 ·
1569 1263 1693 1330 Ἐφ’
1715 1260 1920 1324 ἵπποις

345 1374 457 1427 οὐκ
502 1367 940 1436 ἀναθησόμεθα.
970 1360 1030 1417 Ὀ
1058 1361 1188 1424 Θεός
1219 1377 1278 1413 σε
1310 1360 1462 1429 τιμᾷ,
1502 1358 1596 1411 καὶ
1630 1359 1694 1410 σὺ
1728 1355 1920 1408 σαυτὸν

344 1470 661 1539 ἁτιμάζεις;
695 1467 723 1518 ὁ
757 1461 886 1524 Θεός
922 1478 981 1513 σε
1017 1459 1168 1530 τιμᾷ,
1199 1459 1296 1529 τὴν
1337 1457 1465 1528 παρ’
1499 1453 1663 1508 αὑτοῦ
1697 1469 1920 1522 συμμα-

345 1566 471 1637 χίαν
508 1558 958 1630 ὑπισχνούμενος,
992 1556 1086 1608 καὶ
1115 1555 1178 1607 σὺ
1219 1553 1354 1624 πρὸς
1383 1551 1726 1622 ἀνθρωπίνας
1761 1567 1922 1602 κατα-

347 1660 567 1730 φεύγεις
596 1656 834 1720 ἐλπίδας,
877 1653 971 1706 καὶ
1007 1650 1200 1721 ἀψύχῳ
1233 1649 1336 1722 ὕλῃ
1375 1652 1484 1712 τοῖς
1536 1649 1782 1719 χρήμασι
1825 1644 1922 1715 τὴν

347 1755 537 1809 ἐλπίδα
567 1770 660 1807 σου
694 1753 793 1823 τῆς
828 1749 1101 1820 σωτηρίας
1130 1746 1440 1808 πιστεύεις;
1468 1745 1542 1796 Οὐ
1576 1741 1686 1813 γάρ
1720 1742 1784 1813 δὴ
1823 1743 1925 1795 σῶ-

351 1873 440 1907 σαι
468 1852 622 1923 ζητεῖ
669 1850 848 1922 μόνον,
894 1844 1029 1900 ἀλλά
1057 1845 1151 1898 καὶ
1200 1842 1436 1908 ἐντίμως
1479 1839 1638 1893 τοῦτο
1675 1840 1918 1910 ποιῆσαι.

349 1953 563 2022 Σφόδρα
590 1966 648 2002 σε
695 1947 858 2016 φιλεῖ,
899 1943 993 1996 καὶ
1021 1941 1106 1995 διὰ
1133 1939 1290 1993 τοῦτό
1323 1955 1382 1990 σε
1421 1937 1638 1990 πάντων
1670 1936 1919 2003 ἀπάγων,

349 2050 528 2120 ἐαυτῷ
550 2045 829 2119 προσηλοῖ,
855 2043 948 2096 καὶ
971 2040 1150 2093 πάντα
1176 2036 1542 2108 περικόπτων,
1574 2035 1710 2107 πρὸς
1733 2033 1922 2087 ἐαυτὸν

349 2151 494 2216 ἄγει,
543 2141 825 2215 μονονουχὶ
869 2138 1026 2191 τοῦτο
1076 2135 1248 2204 λέγων
1279 2133 1345 2186 δι’
1379 2125 1454 2185 ὧν
1476 2133 1636 2184 ποιεῖ·
1683 2131 1770 2182 Ἐν
1799 2129 1923 2198 ἐμοὶ

350 2248 450 2308 τάς
476 2242 695 2303 ἐλπίδας
719 2239 830 2309 ἔχε,
862 2236 958 2288 καὶ
987 2235 1110 2304 ἐμοὶ
1136 2232 1369 2304 πρόσεχε
1399 2229 1682 2302 διηνεκῶς.
1709 2230 1924 2297 Κύριος

353 2345 480 2414 ἐμοὶ
512 2339 758 2409 βοηθὸς,
792 2335 952 2404 κάγὼ
980 2331 1276 2399 ἐπόψομαι
1327 2328 1470 2393 τοὺς
1498 2327 1749 2396 ἐχθρούς
1780 2343 1921 2410 μου.

361 2443 524 2514 Ὁρᾷς
545 2440 644 2492 οὐκ
664 2435 824 2490 αὐτὸν
855 2431 1214 2502 ἀμυνόμενον,
1243 2427 1363 2480 οὐδὲ
1384 2425 1756 2492 ἐπεξελθόντα,
1789 2425 1924 2478 ἀλλά

351 2541 428 2612 τῷ
457 2536 576 2607 Θεῷ
608 2530 914 2605 ἀμύνασθαι
944 2524 1377 2598 παραχωροῦντα
1412 2524 1536 2586 τοῦς
1563 2521 1817 2593 ἐχθρούςς

436 2633 674 2706 Ἀγαθὸν
707 2627 1048 2684 πεποιθέναι
1080 2624 1178 2678 ἐπὶ
1221 2625 1439 2691 Κύριον
1459 2663 1472 2686 ,
1512 2622 1548 2690 ἢ
1580 2619 1924 2675 πεποιθέναι

352 2734 445 2788 ἐπ’
489 2731 819 2798 ἄνθρωπον.
863 2721 1101 2793 Ἀγαθὸν
1150 2717 1410 2779 ἐλπίζειν
1457 2719 1553 2771 ἐπὶ
1599 2719 1848 2786 Κύριον,
1885 2716 1922 2786 ἢ

353 2831 611 2892 ἐλπίζειν
655 2827 747 2881 ἐπ’
786 2825 1097 2894 ἄρχουσιν.
1137 2820 1210 2872 Οὺ
1257 2819 1396 2871 κατά
1439 2817 1723 2888 σύγκρισιν
1755 2815 1927 2869 ταῦτα

354 2929 617 3000 προάγει.
658 2922 774 2976 ἀλλ’
804 2920 924 2981 ἔθος
967 2921 1031 2988 τῇ
1066 2917 1254 2987 Γραφῇ
1295 2914 1470 2985 τούτῳ
1505 2913 1805 2986 κεχρῆσθαι
1850 2913 1928 2984 τῷ

353 3027 540 3098 τρόπῳ
573 3023 665 3077 καὶ
702 3020 795 3074 ἐπὶ
834 3016 944 3071 τῶν
996 3014 1342 3083 ἀσυγκρίτων
1374 3012 1462 3064 διά
1500 3015 1599 3082 τὴν
1645 3010 1927 3065 ἀσθένειαν

355 3127 462 3180 τῶν
486 3124 607 3178 τότε
647 3119 975 3174 ἀκουόντων.
1001 3115 1110 3166 υύκ
1157 3112 1267 3182 ἄρα
1298 3109 1601 3181 συγκρίνων
1633 3109 1790 3163 τοῦτό
1825 3126 1930 3180 φη-

360 3240 466 3286 σιν,
494 3219 629 3274 ἀλλὰ
653 3211 1103 3282 συγκαταϐαίνων
1138 3207 1384 3269 ἐκείνοις.
1419 3205 1516 3258 Διά
1547 3206 1610 3278 δὴ
1641 3205 1798 3259 τοῦτο
1835 3207 1928 3260 καὶ

357 3320 540 3389 ἕτερος
569 3315 850 3384 προφήτης
878 3308 1088 3377 ἔλεγεν·
1138 3303 1594 3371 Ἐπικατάρατος
1623 3302 1741 3368 πᾶς
1774 3307 1806 3356 ό
1832 3303 1932 3357 ἐλ-

357 3415 535 3476 πίζων
561 3413 653 3466 ἐπ’
691 3409 1005 3476 ἄνθρωπον
1023 3422 1038 3436 ο
1073 3403 1224 3456 οὐδὲν
1255 3400 1364 3472 γὰρ
1393 3400 1598 3471 ταύτης
1625 3399 1931 3452 εὐτελέστε-

361 3529 451 3582 ρον
501 3512 600 3580 τῆς
643 3504 883 3566 ἐλπίδος·
921 3502 1014 3554 καὶ
1051 3499 1160 3569 γάρ
1197 3499 1294 3552 καὶ
1341 3497 1510 3566 αὐτῆς
1546 3497 1644 3567 τῆς
1690 3496 1932 3566 ἀράχνης

360 3605 714 3676 εὐτελεστὲρα
742 3600 888 3654 ἐστί·
914 3596 1185 3668 μᾶλλονδὲ
1215 3596 1314 3648 οὐκ
1335 3594 1566 3665 ἀσθενὴς
1592 3594 1770 3664 μόνον,
1797 3593 1933 3647 ἀλλά

361 3707 454 3759 καὶ
482 3701 809 3771 ἐπισφαλής.
848 3695 958 3750 Καὶ
985 3697 1162 3748 ίσασιν
1183 3694 1296 3746 ὅσοι
1333 3692 1590 3754 πολλάκις
1615 3691 1701 3744 ἐπ’
1720 3689 1932 3761 ἀνθρώ-

363 3820 483 3866 ποις
507 3800 900 3870 θαῤῥήσαντες,
931 3795 1114 3855 αὐτοῖς
1144 3790 1371 3852 ἐκείνοις
1392 3789 1929 3858 συγκατηνέχθησαν.

370 3903 438 3955 Ἦ
465 3901 525 3952 δὲ
553 3898 632 3960 είς
656 3895 747 3948 τὸν
770 3892 902 3946 Θεὸν
924 3891 1077 3952 ἐλπὶς
1101 3889 1201 3941 οὐκ
1234 3886 1428 3957 ἰσχυρά
1456 3887 1613 3956 μόνον
1642 3887 1777 3949 ἐστὶ,
1799 3886 1935 3940 ἀλλά

363 3998 457 4051 καὶ
489 3991 756 4062 ἀσφαλὴς,
787 3989 887 4043 οὐκ
917 3986 1117 4057 έχουσά
1147 4000 1270 4038 τινα
1303 3982 1624 4053 μεταϐολήν.
1666 3983 1758 4034 Διὸ
1783 3984 1876 4035 καὶ
1907 3986 1936 4037 ὁ

363 4091 575 4153 Παῦλος
607 4088 788 4155 ἐλεγεν
807 4101 823 4116 ο
851 4084 919 4137 Ἡ
957 4081 1026 4134 δὲ
1051 4079 1227 4145 ἐλπίς
1251 4080 1323 4132 οὐ
1352 4079 1760 4147 καταισχύνει.
1779 4079 1936 4131 ’Έτε-

368 4203 454 4258 ρος
481 4185 538 4237 δέ
576 4200 658 4246 τις
694 4180 877 4249 σοφὸς,
927 4175 1316 4245 Ἐμϐλέψατε,
1357 4174 1538 4243 φησιν,
1571 4177 1656 4239 εἰς
1685 4173 1936 4242 ἀρχαίας

365 4282 592 4354 γενεὰς,
638 4279 734 4333 καί
771 4277 945 4337 ἴδετε,
976 4275 1068 4339 τίς
1108 4271 1374 4339 ἤλπισεν
1407 4269 1504 4322 ἐπί
1550 4270 1802 4337 Κύριον,
1837 4270 1934 4322 καί

366 4376 779 4447 κατῃσχύνθη.
814 4370 951 4425 Ἀλλ’
985 4368 1124 4437 ἐγὼ,
1175 4365 1369 4436 φησὶν,
1407 4366 1631 4436 ήλπισα,
1677 4365 1770 4420 καὶ
1803 4383 1936 4418 κατ-

366 4475 657 4549 ῃσχύνθην.
678 4470 947 4538 Εὐφήμει,
968 4465 1241 4535 ἄνθρωπε,
1261 4463 1333 4533 μὴ
1353 4461 1709 4531 ἀντιφθέγγου
1731 4465 1796 4534 τῇ
1819 4461 1938 4534 θείᾳ

367 4575 578 4644 Γραφῇ·
614 4569 661 4622 εί
704 4568 794 4620 καὶ
827 4560 1204 4636 κατῃσχύνθης
1229 4572 1278 4623 ο,
1327 4561 1390 4612 ἐκ
1428 4559 1521 4612 τοῦ
1558 4559 1632 4631 μὴ
1667 4561 1740 4624 ὡς
1771 4561 1936 4632 ἐχρῆν

367 4673 616 4734 ἐλπίσαι,
667 4669 731 4719 ἐκ
763 4664 857 4718 τοῦ
897 4661 1173 4726 ἐνδοῦναι,
1211 4661 1276 4712 ἐκ
1311 4658 1404 4710 τοῦ
1444 4657 1518 4728 μὴ
1560 4659 1846 4726 ἀναμεῖναι
1878 4657 1938 4711 τὸ

366 4769 536 4832 τέλος,
575 4769 640 4819 ἐκ
670 4763 765 4816 τοῦ
805 4758 1224 4831 μικροψνδχῆσαι.
1265 4755 1424 4808 Ἀλλὰ
1458 4755 1532 4825 μὴ
1571 4754 1727 4808 τοῦτο
1759 4755 1934 4806 ποίει*

367 4865 480 4918 ἀλλ’
507 4865 634 4916 ὅταν
661 4861 775 4932 ἴδῃς
803 4858 869 4910 τὰ
893 4855 1042 4908 δεινά
1067 4852 1406 4922 ἐπικείμενα,
1442 4851 1516 4921 μὴ
1547 4850 1860 4922 καταπέσης
1885 4858 1935 4906 b,

367 4961 541 5013 Τοῦτο
567 4956 677 5026 γὰρ
706 4952 941 5026 μάλιστά
969 4952 1114 5003 ἐστιν
1138 4948 1375 5015 ἐλπίσαι,
1407 4947 1468 5002 τὸ
1501 4951 1559 5002 ἐν
1587 4947 1738 5020 μέσῳ
1771 4948 1937 5019 ἐμϐε-

369 5055 582 5127 ϐηκότα
611 5055 723 5115 τοῖς
746 5051 1001 5122 χαλεποῖς
1026 5050 1337 5123 ὀρθοῦσθαι.

437 5155 502 5221 γ’.
537 5149 602 5202 Τί
631 5147 738 5200 τῶν
761 5146 1048 5218 βαρϐάρων
1068 5147 1308 5210 ἐκείνων,
1327 5145 1433 5198 τῶν
1461 5145 1755 5200 Νινευῖτῶν
1773 5145 1940 5214 λέγω,

367 5242 698 5314 ἀθλιώτερον
737 5237 837 5312 ἦν;
871 5240 982 5294 ἀλλ’
1009 5242 1159 5310 ὅμως
1207 5242 1264 5296 ἐν
1291 5243 1426 5312 αὐτῇ
1465 5243 1696 5306 ἑστῶτες
1733 5244 1801 5312 τῇ
1837 5258 1941 5294 πα-

367 5340 497 5410 τιδι,
521 5338 675 5412 [521]
713 5340 805 5392 καῖ
839 5337 1263 5410 προσδοκῶντες,
1306 5338 1389 5391 ὅτι
1416 5341 1659 5392 πεσεῖται
1693 5341 1726 5409 ή
1763 5337 1937 5401 πόλις,

368 5437 488 5491 οὐδὲ
529 5436 701 5500 οὕτως
729 5437 1076 5505 ἀπέγνωσαν,
1110 5437 1246 5491 ἀλλά
1285 5437 1571 5507 μετάνοιαν
1603 5436 1942 5500 ἐπεδείξαντο

369 5534 467 5604 τὴν
487 5533 690 5606 ἀκριϐῆ
708 5550 722 5564 ο
743 5533 823 5588 διὸ
849 5534 942 5586 καὶ
963 5533 1056 5586 τοῦ
1087 5531 1222 5588 Θεοῦ
1246 5534 1343 5604 τήν
1366 5534 1634 5604 ἀπόφασιν
1656 5535 1736 5598 εἰς
1758 5533 1818 5588 τὸ
1841 5533 1941 5588 πά-

434 5683 461 5712 ⁶
485 5683 566 5731 Sic
590 5681 738 5732 Savll.
779 5687 944 5745 rectes
961 5681 1133 5745 Morel.
1159 5684 1199 5731 εἰ
1219 5684 1270 5731 δὲ
1309 5684 1389 5733 καὶ
1408 5699 1543 5743 κατ.,
1580 5696 1690 5745 quae
1709 5682 1943 5745 particula

370 5743 420 5794 ἐξ
445 5749 594 5792 lotam
617 5748 912 5794 sententiam
936 5743 1272 5794 labefactabat.

433 5805 461 5846 ιι
488 5806 638 5856 Savil.
665 5809 771 5854 τότε
800 5809 862 5868 μή
885 5808 1177 5868 καταπέσῃς.

1365 366 1729 425 EXPOSITIO
1768 366 1838 421 IN
1873 365 2200 424 PSALMUM
2239 369 2447 427 CXVII.

3473 367 3586 427 851

2016 481 2098 535 λιν
2121 486 2457 556 ὑποστρέψαι
2474 483 2912 557 παρεσκεύασαν.
2929 480 3080 548 Εἶδες
3098 483 3236 557 πόση
3257 485 3354 556 τῆς
3374 485 3586 553 ἐλπίδος

2015 582 2049 649 ή
2091 581 2363 652 ἰσχύς;Τί
2387 583 2444 635 δέ
2483 582 2692 644 αύτὸςό
2729 583 3046 653 προφήτης;
3085 582 3183 634 οὐκ
3217 584 3275 634 ἐν
3301 585 3368 653 τῇ
3407 583 3586 655 κοιλίᾳ

2015 676 2108 729 τοῦ
2145 679 2342 746 κήτους
2372 678 2468 741 ὢν,
2495 677 2589 730 τοῦ
2623 677 2750 730 ναοῦ
2782 679 2874 730 καὶ
2907 677 2999 747 τῆς
3029 677 3108 739 εἰς
3139 676 3205 729 τὰ
3241 672 3588 749 Ἰεροσόλυμα

2019 773 2277 826 ἐπανόδου
2325 773 2634 844 ἐμέμνητο;
2679 774 2788 825 Καὶ
2828 774 2890 826 σὺ
2925 773 3124 837 τοίνυν,
3169 771 3273 825 κᾶν
3305 775 3385 836 είς
3426 772 3587 826 αὐτὸν

2017 868 2192 939 ἐμϐᾔς
2219 869 2309 922 τὸν
2339 868 2585 932 θάνατον,
2604 870 2696 920 καὶ
2725 868 2990 921 τοσούτων
3013 867 3390 939 ἐπικρεμασθῇ
3415 866 3592 921 κινδύ-

2018 980 2124 1016 νων
2157 963 2404 1033 μέγεθος,
2441 965 2515 1036 μὴ
2545 964 2817 1033 ἀπογνῷς.
2841 963 3073 1015 Δυνατὸν
3107 964 3213 1033 γὰρ
3245 962 3320 1033 τῷ
3352 963 3468 1033 Θεῷ
3493 964 3590 1016 καὶ

2025 1060 2085 1126 ἐξ
2123 1059 2344 1131 ἀπόρων
2376 1060 2540 1130 πόρον
2581 1061 2785 1130 εὑρεῖν.
2811 1059 2899 1110 Διὸ
2933 1058 3027 1110 καί
3053 1075 3136 1121 τις
3172 1059 3332 1127 σοφὸς
3371 1058 3586 1126 ἔλεγεν·

2032 1154 2164 1212 Ἀπὸ
2191 1160 2342 1222 πρωϊ
2359 1165 2378 1192 ε
2403 1154 2513 1219 ἕως
2530 1137 2647 1222 ἓψὲ
2663 1153 2986 1223 μεταϐολαὶ
3007 1154 3252 1208 πολλαί.
3271 1154 3365 1205 καὶ
3397 1153 3592 1206 πάντα

2019 1252 2232 1319 ταχινὰ
2254 1249 2510 1305 ἐνώπιον
2530 1249 2734 1304 αὐτοῦ.
2755 1251 2866 1302 υύκ
2889 1245 3026 1312 εἶδες
3051 1249 3140 1301 τὸν
3176 1266 3242 1301 πε
3253 1249 3508 1319 ριστάτην
3534 1251 3591 1300 ἐν

2021 1347 2249 1418 ἀφθονίᾳ
2279 1345 2651 1418 λιμώττοντα;
2688 1346 2787 1398 οὐκ
2829 1340 2968 1408 εἶδες
3008 1345 3106 1416 τὴν
3137 1345 3305 1414 χήραν
3339 1344 3479 1415 λιμῷ
3504 1344 3595 1396 εὖ·

2021 1443 2392 1514 θηνουμὲνην;
2426 1445 2595 1496 Ὅταν
2626 1442 2704 1504 εἰς
2725 1440 2956 1510 ἀπορίαν
2984 1440 3052 1492 τὰ.
3088 1440 3388 1511 πράγματα
3421 1439 3596 1510 ἐμπέ-

2025 1555 2112 1611 σῃ,
2140 1539 2257 1591 τότε
2295 1539 2530 1610 μάλιστα
2580 1538 2786 1600 ἔλπιζε.
2820 1538 2952 1590 Τότε
2983 1537 3092 1608 γάρ
3135 1538 3368 1608 μάλιστα
3405 1538 3434 1592 ό
3464 1535 3594 1599 Θεὸς

2022 1637 2389 1689 ἐπιδείκνυται
2428 1637 2526 1707 τὴν
2557 1635 2750 1688 ἑαυτοῦ
2778 1635 3026 1706 δύναμιν,
3051 1636 3150 1688 οὐκ
3176 1637 3239 1687 ἐκ
3273 1633 3594 1705 προοιμίων,

2022 1732 2138 1785 ἀλλ’
2165 1733 2290 1785 ὅταν
2316 1733 2382 1784 τά
2414 1735 2564 1806 παρὰ
2591 1733 2699 1784 τῶν
2730 1730 3031 1802 ἀνθρώπων
3059 1730 3408 1800 ἀπογνωσθῇ.
3428 1724 3595 1792 Οὗτος

2025 1830 2136 1900 γὰρ
2161 1829 2259 1898 τῆς
2300 1828 2394 1880 τοῦ
2425 1827 2559 1879 Θεοῦ
2609 1828 2856 1898 βοηθείας
2885 1829 2912 1879 ὁ
2947 1827 3154 1896 καιρός.
3201 1826 3299 1880 Διά
3341 1826 3405 1896 δὴ
3442 1824 3599 1878 τοῦτο

2023 1924 2145 1977 οῦτε
2182 1926 2304 1987 τοὺς
2344 1925 2535 1986 παῖδας
2574 1926 2637 1976 ἐκ
2681 1923 2975 1992 προοιμίων
3015 1921 3438 1992 ἧρπασεν,άλλά
3460 1920 3598 1991 μετά

2023 2021 2120 2090 τὴν
2157 2020 2382 2089 κάμινον
2405 2035 2418 2048 '
2456 2018 2578 2070 οῦτε
2615 2019 2705 2070 τὸν
2745 2017 2941 2087 Δανιὴλ
2963 2020 3088 2088 πρὶν
3109 2019 3140 2088 ἧ
3165 2018 3440 2087 ἐμπεσεῖν,
3463 2014 3599 2067 ἀλλά

2028 2117 2164 2186 μετά
2203 2117 2299 2178 τὰς
2338 2115 2476 2168 ἐπτά
2517 2117 2750 2187 ἡμέρας.
2771 2116 2862 2184 Μὴ
2895 2114 2959 2185 δὴ
2980 2115 3210 2184 πρόσεχε
3228 2117 3292 2183 τῇ
3316 2115 3473 2181 φύσει
3491 2112 3600 2164 τῶν

2026 2212 2365 2282 πραγμάτων
2403 2213 2480 2275 εἰς
2520 2213 2826 2279 ἀπόγνωσιν
2848 2210 3244 2281 ἐμϐαλλόντων,
3270 2209 3406 2262 ἀλλά
3423 2214 3490 2280 τῇ
3510 2211 3601 2263 δυ-

2024 2312 2185 2377 νάμει
2206 2307 2298 2360 τοῦ
2319 2307 2452 2360 Θεοῦ
2474 2311 2538 2378 τῇ
2561 2309 2627 2360 τά
2647 2307 3043 2377 ἀπεγνωσμένα
3061 2309 3141 2370 είς
3160 2306 3377 2370 ἐλπίδας
3393 2306 3602 2380 ἀγούσῃ

2026 2404 2286 2472 χρηστάς.
2309 2403 2479 2455 Τοῦτο
2497 2404 2560 2473 δὴ
2583 2401 3021 2473 καὶὸΨαλμῳδὸς
3040 2402 3272 2464 δεικνὺς,
3295 2401 3390 2454 καὶ
3429 2402 3490 2454 τὸ
3509 2401 3600 2453 εῦ-

2027 2516 2194 2568 πορον
2225 2499 2325 2570 τῆς
2357 2498 2450 2551 τοῦ
2470 2499 2604 2551 Θεοῦ
2633 2499 2915 2569 δυνάμεως
2939 2498 3286 2568 παραστῆσαι
3308 2497 3495 2562 θέλων,
3517 2500 3603 2551 ὅτι

2027 2599 2121 2650 καὶ
2158 2599 2238 2660 είς
2276 2597 2416 2650 αύτά
2433 2596 2501 2650 τά
2519 2598 2665 2650 δεινά
2686 2598 3040 2667 ἐμπεσόντας,
3063 2597 3156 2650 καὶ
3197 2597 3602 2660 καταποθέντας

2028 2692 2400 2763 ἀνιμήσασθαι
2417 2692 2659 2755 δύναται,
2682 2693 2781 2745 οὐκ
2815 2694 2878 2745 ἐκ
2912 2692 3209 2763 προοιμίων
3232 2693 3413 2763 μόνον,
3434 2691 3601 2744 ἀκου-

2030 2805 2121 2840 σον
2154 2788 2206 2840 τί
2241 2789 2485 2858 ἐπήγαγε
2507 2805 2520 2817 ·
2544 2787 2745 2840 Πάντα
2764 2789 2833 2840 τὰ
2853 2786 2996 2854 ἔθνη
3019 2786 3375 2840 ἐκύκλωσαν
3390 2803 3484 2855 με.
3511 2780 3604 2837 Εἷ-

2027 2883 2111 2946 δες
2148 2883 2414 2952 ἀφευκτον
2456 2882 2731 2948 κίνδυνον;
2771 2883 2844 2936 Οὐ
2882 2882 2990 2952 γὰρ
3010 2884 3073 2935 ἐκ
3093 2882 3450 2951 παρατάξεως
3481 2877 3546 2951 ἦν
3567 2882 3601 2951 ἡ

2031 2981 2200 3051 μάχη,
2221 2979 2339 3032 οὐδὲ
2360 2980 2418 3043 ἐξ
2438 2978 2652 3041 εὐθείας
2681 2976 2946 3039 ἑστώτων,
2969 2977 3083 3031 ἀλλ’
3103 2977 3248 3030 ἔνδον
3281 2977 3602 3046 ἀπείληπτο,

2028 3078 2121 3130 καὶ
2137 3077 2211 3139 ὡς
2232 3079 2439 3146 σαγήνῃ
2469 3075 2574 3127 τινὶ
2609 3074 3014 3145 περιεϐέϐλητο,
3037 3075 3130 3127 καὶ
3161 3073 3351 3143 ὥσπερ
3389 3073 3492 3126 ὑπὸ
3527 3073 3606 3125 δι-

2030 3171 2206 3226 κτύων
2229 3171 2519 3241 συνείχετο,
2541 3171 2638 3240 οὐχ
2658 3172 2744 3239 ὑφ’
2763 3171 2900 3233 ἐνὸς,
2922 3169 3146 3234 καὶδύο,
3165 3170 3260 3223 καὶ
3277 3170 3465 3240 τριῶν,
3489 3170 3604 3223 ἀλλ’

2029 3269 2134 3322 ὑπὸ
2153 3270 2261 3321 τῶν
2281 3269 2448 3321 ἐθνῶν
2470 3269 2724 3322 ἀπάντων
2744 3285 2757 3298 ο
2782 3268 2894 3322 ἀλλ’
2915 3270 3063 3339 ὅμως
3085 3269 3260 3322 πάντα
3282 3267 3604 3339 διερρήγνυ-

2029 3383 2090 3418 το
2109 3365 2175 3417 τά
2195 3365 2366 3435 δεσμά
2385 3364 2558 3418 ταῦτα
2576 3367 2640 3434 τῇ
2662 3367 2742 3428 εἰς
2761 3364 2892 3417 Θεὸν
2912 3364 3105 3418 ἐλπίδι.
3129 3365 3238 3418 Καὶ
3260 3362 3339 3429 τῷ
3361 3365 3606 3432 ὀνόματι

2031 3462 2251 3528 Kvplov
2271 3461 2593 3530 ἠμυνάμην
2624 3461 2863 3526 αὐτούς.
2882 3459 3323 3524 Κυκλώσαντες
3341 3460 3604 3513 ἐκύκλω-

2032 3556 2152 3611 σάν
2167 3574 2263 3625 με,
2289 3557 2388 3609 καὶ
2414 3555 2490 3620 τῷ
2515 3558 2755 3625 ὀνόματι
2784 3557 3004 3623 Κυρίου
3023 3556 3344 3626 ἠμυνάμην
3364 3557 3607 3621 αὐτούς,

2046 3652 2428 3706 Ἐκὺκλωσάν
2443 3670 2518 3722 με
2536 3654 2676 3706 ὡσεί
2692 3652 2984 3722 μέλισσαι
3008 3653 3237 3719 κηρίον,
3252 3650 3350 3704 καί
3369 3652 3611 3716 ἐξεκαύο

2033 3754 2231 3818 θησαν
2251 3750 2331 3816 ὡς
2351 3750 2468 3816 πῦρ
2490 3750 2558 3802 ἐν
2577 3750 2856 3814 ἀκάνθαις
2870 3790 2885 3814 ,
2909 3748 3006 3802 καὶ
3029 3746 3106 3812 τῷ
3126 3748 3370 3816 ὀνόματι
3385 3748 3609 3817 Κυρίου

2033 3846 2352 3916 ἠμυνάμην
2370 3848 2609 3912 αὐτούς.
2638 3841 2784 3909 Εἶδες
2807 3844 2920 3908 πῶς
2958 3845 3246 3914 διαγράφει
3279 3843 3387 3896 τῶν
3417 3843 3612 3896 δεινῶν

2033 3943 2094 3996 τὸ
2119 3942 2345 4014 μέγεθος
2365 3961 2380 4009 ;
2415 3943 2488 3994 Οὐ
2523 3944 2629 4012 γὰρ
2649 3940 2833 4003 ἁπλῶς
2853 3935 3025 4003 εἶπεν,
3044 3941 3446 4003 Ἑκύκλωσαν,
3468 3939 3608 4006 ἀλλ’,

2047 4040 2200 4093 Ὡσεὶ
2233 4040 2544 4109 μέλισσαι,
2568 4038 2666 4091 καὶ
2703 4039 2783 4103 ὼς
2819 4038 2936 4106 πῦρ
2959 4038 3028 4090 ἐν
3051 4036 3340 4101 ἀκάνθαις
3359 4053 3373 4067 ο
3402 4037 3491 4091 διὰ
3511 4037 3612 4108 μὲν

2035 4138 2143 4190 τῶν
2180 4138 2447 4208 μελισσῶν
2476 4137 2537 4189 τὸ
2571 4134 2798 4205 σφοδρὸν
2830 4134 2929 4204 τῆς
2966 4135 3294 4206 προθυμίας,
3314 4134 3401 4188 διά
3426 4135 3484 4189 δὲ
3503 4135 3614 4188 τῶν

2038 4234 2286 4288 ἀκανθῶν
2305 4233 2364 4286 τὸ
2383 4233 2650 4304 ἀφόρητον
2671 4231 2764 4284 τοῦ
2788 4231 2982 4302 θυμοῦ,
3006 4232 3102 4284 καὶ
3137 4231 3199 4285 τὸ
3230 4232 3492 4286 ἄσϐεστον
3512 4232 3612 4303 τῆς

2039 4332 2206 4400 ὀργῆς
2225 4332 2608 4400 αἰνιττόμενος.
2631 4330 2726 4391 Τίς
2746 4329 2852 4399 γὰρ
2874 4328 3056 4396 ὑφέξει
3076 4329 3188 4399 πῦρ
3215 4329 3476 4393 ἀκάνθαις
3509 4331 3610 4400 ἐμο

2040 4427 2234 4492 πεσόν;
2267 4425 2405 4479 Ἀλλ’
2422 4429 2590 4497 ὅμως,
2607 4425 2790 4496 φησὶν,
2807 4424 2946 4478 οὕτω
2967 4425 3231 4496 σφοδρῶς,
3244 4423 3386 4477 οὕτω
3404 4425 3612 4496 ταχέως

2040 4523 2375 4591 ἀναφθέντας
2414 4523 2508 4575 καὶ
2546 4523 2603 4574 ἐν
2644 4521 2793 4591 μέσῳ
2826 4521 3253 4592 περιλαϐόντας(1
3277 4522 3336 4574 ού
3362 4523 3521 4593 μόνον
3541 4522 3616 4573 δι-

2039 4619 2258 4687 έφυγον,
2283 4618 2416 4670 ἀλλά
2457 4618 2549 4670 καὶ
2589 4617 2899 4687 ἠμυνάμην.
2923 4617 3092 4669 Τοῦτο
3118 4617 3220 4686 ὅρα
3253 4618 3348 4671 καὶ
3383 4618 3477 4670 ἐπὶ
3511 4617 3613 4688 τῆς

2041 4715 2173 4787 ὕλης
2209 4716 2378 4783 αὐτῆς
2417 4716 2717 4782 γινόμενον.
2742 4714 2849 4765 Καὶ
2875 4713 2982 4784 γάρ
3017 4713 3126 4782 πῦρ
3149 4712 3310 4784 βάτον
3328 4713 3496 4779 ἔκαιε,
3517 4715 3618 4766 καὶ

2039 4811 2161 4864 οὗτε
2182 4813 2215 4882 ή
2239 4811 2396 4880 βάτος
2418 4807 2566 4880 [5'22]
2587 4809 2819 4872 ἐκαίετο,
2837 4807 2958 4861 οὔτε
2979 4810 3157 4861 ἐκεῖνο
3174 4809 3476 4872 ἐσϐέννυτο,
3497 4809 3611 4863 ἀλλ’

2039 4909 2326 4979 ἀμφότερα
2341 4907 2435 4978 ἔμε
2445 4904 2600 4978 [ι]νεν
2618 4905 2906 4976 ὁμιλοῦντα
2921 4906 3190 4978 ἀλλήλοις,
3209 4909 3302 4962 καὶ⁸
3316 4909 3415 4962 οὐκ
3429 4907 3615 4962 ἀναλι-

2041 5005 2302 5076 σκόμενα.
2331 5002 2524 5056 Καίτοι
2564 5002 2618 5055 τί
2661 5001 2989 5074 σαθρότερον
3024 5004 3217 5074 βάτου;
3255 5005 3309 5058 τί
3343 5004 3400 5057 δὲ
3441 5005 3614 5077 πυρὸς

2040 5101 2509 5173 καυστικώτερον;
2555 5099 2693 5153 Ἀλλ’
2713 5101 2860 5171 ὅμως
2881 5102 2914 5171 ἡ
2935 5099 3344 5172 θαυματουργὸς
3363 5100 3458 5155 τοῦ
3477 5100 3612 5156 Θεοῦ

2106 5364 2129 5392 ε
2157 5361 2209 5410 In
2232 5357 2456 5408 editione
2472 5358 2687 5407 Romana
2711 5357 2897 5418 legitur
2912 5357 3006 5420 ἀπὸ
3023 5357 3244 5420 πρωΐθεν,
3271 5364 3322 5406 et
3348 5358 3615 5420 posteaad

2041 5425 2193 5474 πάντα
2213 5423 2313 5471 ἐστὶ
2334 5424 2502 5483 ταχινά
2520 5422 2670 5483 ἔναντι
2705 5420 2894 5482 Κυρίου.
2922 5419 3026 5483 M0);
3052 5419 3132 5467 τὸν
3167 5419 3418 5483 τριστάτῂν
3457 5419 3609 5470 Savil.

2041 5488 2092 5535 in
2113 5498 2271 5551 marg:
2313 5481 2791 5551 τὸνπροστὰτην,εξι⁷
2824 5483 2895 5551 sie
2929 5481 3110 5542 legisse
3140 5481 3334 5551 videtur
3365 5481 3616 5551 Heqvegus

2041 5539 2316 5610 quivervlil,
2339 5539 2639 5608 prwfeclum,
2672 5541 2766 5591 elsi
2790 5539 3108 5591 certum'nun
3129 5539 3196 5591 sil.
3215 5547 3324 5590 utro
3356 5541 3501 5591 modo
3534 5545 3612 5592 le-

2039 5609 2187 5672 gerit.

2104 5683 2132 5724 d
2154 5684 2304 5733 Savil.
2329 5681 2574 5739 λαϐόντας,
2609 5682 2731 5730 etin
2756 5693 2907 5742 marg.
2932 5678 3283 5742 περιλαϐόντας.
3305 5677 3430 5742 Infra
3455 5675 3612 5742 Savil.

2041 5751 2071 5804 ἡ
2097 5747 2240 5808 βάτος
2260 5743 2689 5808 κατεκαίετοηΜυτ
2731 5740 2902 5791 Morel.
2929 5740 3032 5790 ἀλλ’
3073 5741 3202 5802 ὅμως
3221 5741 3329 5789 τότε
3352 5741 3608 5805 ἀμφότερα·

2046 5799 2195 5858 ειῖ-τ-ιι.
2230 5799 2409 5856 meiius
2431 5807 2534 5854 ἀλλ’
2551 5805 2808 5869 ἀμφότερα.
