4112 6342
509 357 629 421 553

514 478 742 546 δύναμις
761 470 1260 546 παραδοξοποιοῦσα
1277 479 1562 551 ἀμφότερα
1577 481 1728 535 είασε
1749 481 1950 552 μένειν.
1966 481 2093 533 Τοι-

515 562 671 618 οῦτον
707 560 762 614 δέ
786 576 840 613 τι
860 561 1160 633 παράδοξον
1176 563 1271 616 καὶ
1287 564 1410 618 τότε
1431 564 1731 620 συνέϐαινε.
1748 567 1838 630 Ὠς
1855 565 1966 638 πῦρ
1985 566 2094 638 γὰρ

515 645 841 716 ἐπέδραμον,
859 644 935 708 ὼς
954 643 1204 715 μέλισσαι
1228 647 1367 717 μετὰ
1386 647 1694 721 προθυμίας
1713 649 1986 714 ἐπέθεντο,
2008 649 2095 702 ἐν-

512 725 602 780 δον
625 722 771 797 εἶχον
792 726 1217 798 ἀπειλημμένον,
1241 731 1335 783 καί⁵
1352 731 1504 784 οὐδὲν
1523 733 1746 803 ποιῆσαι
1766 732 2093 802 ῖσχυσαν.Τὸ

513 811 621 882 γάρ
642 809 802 864 ὅπλον
821 810 881 863 τὸ
901 811 1212 886 ἀχείρωτον,
1236 813 1269 884 ἡ
1290 814 1574 885 συμμαχία
1594 817 1626 886 ή
1648 815 2090 887 ἀκαταμάχητος,

510 893 606 946 τοῦ
645 893 777 948 Θεοῦ
811 894 872 947 τὸ
907 895 1074 964 ὄνομα
1110 897 1316 961 πάντας
1335 899 1527 963 αὐτοὺς
1550 898 2093 971 ἀπήλασεν.Ὡσθείς

512 978 860 1047 ἀνετράπην
899 980 1005 1034 τοῦ
1040 981 1268 1046 πεσεῖν,
1291 982 1389 1036 καί
1430 984 1464 1036 ό
1501 983 1714 1050 Κύριος
1734 981 2092 1037 ἀντελᾶὄετό

508 1078 644 1132 μου.
662 1059 793 1116 Εἶπε
813 1063 874 1116 τὸ
897 1064 1123 1135 μέγεθος
1137 1065 1244 1119 τῶν
1261 1066 1463 1129 δεινῶν,
1480 1066 1586 1119 ἀπὸ
1603 1066 1695 1119 τοῦ
1714 1065 1968 1136 πλήθους,
1985 1065 2092 1120 ἀπὸ

511 1144 608 1198 τοῦ
639 1148 934 1217 σχήματος,
957 1148 1063 1201 ἀπὸ
1082 1149 1182 1218 τῆς
1203 1149 1530 1222 προθυμίας,
1551 1150 1658 1203 ἀπὸ
1674 1149 1776 1220 τῆς
1792 1150 1964 1221 ὀργῆς
1983 1149 2091 1203 τῶν

513 1230 776 1284 ἐπιόντων
799 1247 812 1261 ·
852 1232 997 1298 λέγει
1037 1235 1129 1286 καί
1168 1235 1260 1303 ἀφ’
1280 1228 1355 1288 ὧν
1387 1234 1549 1298 αὐτὸς
1568 1234 1788 1291 ἔπαθεν.
1810 1235 1964 1289 Οὕτω
1987 1252 2088 1306 μου

512 1313 853 1383 ἐπεκράτησε
873 1315 943 1368 τά
960 1315 1126 1374 δεινὰ.
1151 1317 1336 1386 φησὶν,
1358 1315 1434 1380 ὡς
1452 1317 1547 1372 καὶ
1570 1317 1766 1390 μικροῦ
1794 1319 1961 1387 ἐγγὺς
1993 1334 2089 1386 γε·

514 1396 699 1449 νέσθαι
722 1396 814 1451 τοῦ
837 1403 1020 1452 πεσεῖν
1042 1399 1134 1452 καὶ
1153 1400 1729 1471 κατενεχθῆναι.οῦτω
1748 1401 1853 1473 γὰρ
1869 1400 2089 1471 ἀνετράο

512 1497 620 1550 πην
640 1479 855 1544 ὠσθεὶς,
876 1481 951 1546 ὼς
986 1483 1200 1553 μέλλειν
1232 1485 1597 1539 καταπίπτειν
1617 1501 1629 1515 ο
1654 1485 1768 1538 ἀλλ’
1786 1487 1873 1538 ὅτε
1902 1484 2086 1539 λοιπὸν

511 1562 734 1633 ἔμελλον
773 1566 866 1619 ἐπὶ
903 1565 1032 1631 γόνυ
1071 1566 1350 1637 φέρεσθαι,
1373 1568 1468 1620 καὶ
1485 1568 1901 1623 κατακλίνεσθαι
1920 1581 1969 1632 α,
1991 1568 2084 1622 καὶ

510 1645 691 1700 πάντα
742 1648 1057 1717 ἀπέγνωστο
1092 1650 1160 1703 τὰ
1197 1649 1507 1723 ἀνθρώπινα
1529 1693 1545 1717 ,
1591 1652 1714 1705 τότε
1752 1651 1852 1722 τὴν
1890 1650 2082 1705 ἐαυτοῦ

513 1730 830 1801 συμμαχίαν
849 1732 1175 1799 ἐπεδείξατο.
1203 1734 1355 1787 [Ιοιεῖ
1383 1734 1440 1787 δέ
1474 1734 1630 1789 τοῦτο
1648 1737 1677 1788 6
1695 1734 1846 1798 Θεὸς,
1869 1735 1954 1788 ἵνα
1975 1753 2080 1806 μη-

508 1810 619 1875 δεὶς
654 1813 751 1884 τὴν
792 1815 984 1868 ἐαυτοῦ
1021 1816 1175 1881 δόξαν
1215 1817 1553 1890 νοσφίζηται.
1586 1817 1755 1871 Τοῦτο
1785 1819 1878 1872 καὶ
1914 1819 1973 1871 ἐν
2014 1821 2079 1890 τῇ

512 1897 722 1970 ἱστορίᾳ
738 1898 846 1951 τῶν
868 1899 1080 1968 Κριτῶν
1104 1902 1195 1954 ἐπὶ⁵
1211 1901 1304 1955 τοῦ
1325 1901 1530 1956 Γεδεὼν
1551 1902 1792 1971 ἐποίησε.
1809 1902 1907 1955 Διά
1926 1902 2083 1956 τοῦτο

510 1980 605 2033 καί
625 1981 718 2033 ὲπί⁵
751 1981 843 2034 τοῦ
875 1982 1137 2048 Ἐζεκίου,
1158 1986 1347 2050 νυκτὸς
1365 1984 1552 2056 οὔσης,
1573 1985 1632 2039 τὸ
1648 1986 1906 2056 τρόπαιον
1925 1985 2083 2057 ἔστη-

510 2079 621 2115 σεν.
643 2064 707 2116 Εἰ
738 2064 846 2138 γάρ
882 2065 978 2120 καὶ
1012 2067 1176 2139 μηδὲν
1206 2069 1527 2132 συντελέσας
1546 2070 1624 2132 εἰς
1641 2069 1741 2140 τὴν
1759 2069 1915 2140 νίκην
1934 2069 2079 2122 ἐκεῖ-

507 2162 598 2209 νος
617 2146 822 2201 καὶτὸν
843 2150 1092 2221 πόλεμον,
1113 2153 1261 2224 ὅμως
1293 2153 1569 2224 ἀπενοήθη
1588 2169 1603 2183 ο
1625 2154 1674 2208 εί
1705 2152 1949 2224 παρέστη
1986 2152 2083 2223 μό-

507 2246 598 2283 νον
631 2233 699 2301 τῇ
737 2233 1059 2301 παρατάξει,
1081 2237 1130 2288 εί
1165 2236 1460 2300 πίπτοντας
1480 2233 1587 2289 εἶδε
1606 2236 1731 2299 τοὺς
1749 2236 2081 2308 ἀναιρουμέ-

507 2329 651 2379 νους,
680 2315 781 2368 οὐκ
818 2314 885 2369 ἀν
930 2317 1188 2386 μειζόνως
1226 2318 1382 2371 τοῦτο
1417 2318 1652 2385 ἐπαθεν;
1697 2320 1865 2374 Ὅταν
1900 2320 2080 2374 τοίνυν

505 2398 832 2471 ἀπογνωσθῇ
856 2399 913 2466 ἐξ
932 2400 1278 2473 ἀνθρωπίνης
1294 2402 1505 2467 ἐλπίδος
1520 2403 1589 2457 τὰ
1608 2403 1926 2474 πράγματα,
1957 2404 2079 2458 τότε

507 2483 702 2550 ἐπάγει
720 2483 818 2554 τὴν
837 2484 967 2554 παρ’
988 2484 1180 2539 ἐαυτοῦ
1202 2487 1534 2558 συμμαχίαν,
1558 2487 1726 2542 Τοῦτο
1754 2491 1846 2542 καὶ
1869 2490 1961 2543 ἐπὶ
1982 2489 2078 2544 τοῦ

509 2566 700 2620 Γολιάθ
722 2568 943 2639 ἐποίησε
961 2585 972 2597 ·
996 2569 1151 2622 τοῦτο
1170 2570 1263 2624 καὶ
1283 2572 1376 2625 ἐπὶ
1395 2572 1502 2624 τῶν
1522 2573 1851 2628 ἀποστόλων.
1876 2574 1967 2628 Διὸ
1987 2576 2079 2631 καὶ

506 2652 536 2704 ὁ
574 2650 781 2726 Παῦλος
813 2653 1031 2720 ἐλεγενο
1066 2652 1413 2707 Ἀλλἀὐτοὶ
1451 2654 1521 2707 ἐν
1556 2655 1792 2723 ἑαυτοῖς
1827 2657 1892 2711 τὸ
1930 2658 2081 2713 ἀπό-

506 2751 683 2804 κρίμα
713 2734 819 2788 τοῦ
852 2733 1109 2789 θανάτου
1129 2735 1492 2806 ἐσχήκαμεν,
1515 2739 1616 2792 ἵνα
1634 2738 1714 2807 μὴ
1734 2742 2081 2809 πεποιθότες

502 2812 662 2886 ὦμεν
695 2817 785 2887 ἐφ’
817 2816 1069 2883 ἑαυτοῖς,
1104 2818 1242 2872 ἀλλ’
1273 2819 1369 2872 ἐπὶ
1406 2817 1487 2884 τῷ
1526 2819 1646 2886 Θεῷ
1681 2821 1762 2887 τῷ
1795 2822 2081 2891 ἐγείροντι

505 2900 648 2967 τοὺς
667 2902 940 2969 νεκρούς.
959 2901 1152 2970 Ἰσχύς
1166 2919 1306 2970 μου,
1327 2902 1424 2956 καὶ
1458 2903 1718 2972 ὕμνησίς
1738 2923 1859 2974 μου
1898 2907 1931 2959 ό
1965 2907 2082 2960 Κύ-

503 3000 649 3049 ριος.
672 2982 770 3037 καὶ
801 2984 1038 3052 ἐγένετό
1046 3002 1149 3054 μοι
1163 2986 1246 3051 εἰς
1268 2986 1588 3054 σωτηρίαν.
1620 2987 1764 3040 Ὠσεὶ
1784 2987 1958 3058 ἔλεγε·
1979 2987 2085 3042 Δύ-

502 3066 667 3137 ναμίς
688 3084 789 3138 μου
811 3068 972 3132 αὐτὸς
991 3070 1204 3137 ἐγένετο
1224 3070 1316 3123 καὶ
1338 3069 1576 3142 βοήθεια.
1600 3070 1664 3122 Τί
1683 3070 1739 3123 δέ
1758 3072 1904 3124 ἐστιν
1922 3071 1951 3125 ὂ
1973 3088 2079 3141 φη.

505 3151 907 3221 σιν,“)ζιινησίς
918 3168 1063 3220 μου;
1095 3152 1158 3205 Ἠ
1177 3153 1302 3218 δόξα
1324 3171 1446 3224 μου,
1466 3156 1496 3208 6
1515 3150 1663 3218 αἷνός
1685 3171 1807 3225 μου,
1829 3155 1858 3208 6
1878 3155 2082 3227 κόσμος

507 3251 633 3305 μου,
654 3237 688 3306 ή
724 3236 1051 3307 περιφάνειά
1091 3253 1212 3307 μου.
1234 3235 1311 3291 Ού
1332 3236 1441 3309 γὰρ
1458 3237 1520 3308 δὴ
1554 3237 1712 3307 μόνον
1745 3237 2079 3294 ἀπαλλάττει

504 3317 614 3372 τῶν
654 3318 934 3383 κινδύνων,
955 3318 1093 3373 ἀλλά
1125 3319 1220 3373 καὶ
1250 3319 1536 3390 λαμπροὺς
1568 3323 1714 3374 ποιεῖ
1729 3321 1824 3375 καὶ
1846 3339 2080 3394 περιφα-

504 3404 615 3464 νεῖς
637 3419 650 3433 ·
674 3404 767 3457 καὶ
801 3403 1074 3474 πανταχοῦ
1107 3402 1267 3457 τοῦτο
1298 3403 1444 3457 ἐστιν
1478 3403 1624 3465 ἰδεῖν,
1651 3404 1789 3474 μετὰ
1806 3405 1963 3476 δόξης
1979 3408 2080 3479 τὴν

506 3484 779 3556 σωτηρίαν
798 3485 1101 3555 διδομένην.
1120 3486 1228 3539 Καὶ
1246 3485 1431 3557 ἕτερον
1450 3485 1505 3538 δέ
1525 3503 1574 3539 τι
1594 3486 1683 3540 διὰ
1702 3487 1890 3542 τούτου
1911 3491 2083 3543 αἰνίτ-

504 3584 678 3622 τεται.
700 3569 857 3621 Ποῖον
875 3568 930 3622 δὲ
948 3567 1139 3633 τυῦτος
1181 3569 1302 3622 Ὅτι
1323 3567 1481 3623 τοῦτό
1518 3586 1627 3639 μοι,
1651 3572 1804 3640 φησὶ.
1827 3571 2081 3645 διηνεκὴς

504 3650 633 3723 ᾠδὴ,
656 3649 813 3704 τοῦτό
853 3668 943 3722 μοι
977 3650 1229 3723 διηνεκὴς
1268 3650 1676 3722 φωνὴ,ὀῦμνος
1713 3656 1742 3706 ὁ
1779 3656 1857 3718 εἰς
1895 3655 2077 3725 αὐτὸν,

501 3735 664 3789 τοῦτό
685 3753 774 3807 μοι
795 3734 975 3806 ἔργον,
996 3734 1259 3807 διηνεκῶς
1278 3735 1441 3789 αὑτὸν
1461 3736 1739 3807 ἀνυμνεῖν.

572 3821 636 3876 δ’.
682 3821 1050 3875 Ἀκουέτωσαν
1086 3822 1138 3873 οἰ
1182 3821 1300 3881 ταῖς
1335 3822 1650 3884 σατανικαῖς
1685 3820 1847 3892 ᾠδαῖς
1885 3838 2082 3877 κατασ-

500 3906 904 3980 ηπόμενοι,οῖαν
915 3904 1240 3977 ὑπομένουσι
1252 3902 1630 3976 βλάϐην,ποίας
1641 3906 1683 3959 δ’
1694 3905 1759 3958 ἂν
1770 3908 1860 3960 καὶ
1871 3908 2080 3979 τύχοιεν

506 3990 859 4063 συγγνώμης,
879 3990 1070 4044 τούτου
1103 3989 1367 4060 διηνεκῶς
1404 3989 1493 4042 τὸν
1527 3991 1748 4062 σωτῆρα
1780 3992 2080 4063 ἀνυμνοῦν-

500 4093 597 4141 τος
617 4077 668 4142 δ,
689 4078 885 4133 ἐκεῖνοι
924 4067 1187 4145 διηνεκῶς
1225 4077 1283 4127 ἐν
1319 4076 1440 4138 ταῖς
1476 4072 1585 4126 τῶν
1613 4074 1882 4146 δαιμόνων
1915 4077 2080 4148 ᾠδαῖς

503 4162 997 4233 ἐγκαλινδούμενοι.
1019 4159 1192 4225 Φωνὴ
1225 4158 1641 4229 ἀγαλλιάσεως
1668 4160 1766 4214 καὶ
1785 4162 2080 4230 σωτηρίας

502 4246 575 4301 ἐν
608 4245 863 4313 σκηναῖς
899 4243 1336 4297 δικαίων.”οταν
1356 4242 1465 4314 γὰρ
1482 4243 1510 4294 6
1530 4242 1662 4306 Θεὸς
1680 4243 1998 4316 κατορθώσῃ
2018 4244 2080 4298 τὸ

506 4331 637 4394 πᾶν,
657 4330 709 4382 οἰ
724 4329 824 4400 τῆς
844 4327 1002 4398 νίκης
1020 4325 1381 4389 ἀπολαύοντες
1398 4325 1666 4396 χαίρουσι,
1690 4326 1972 4398 σκιρτῶσι,
1999 4327 2079 4380 δι-

504 4413 614 4486 πλῇ
627 4411 793 4481 γαννύ
801 4428 971 4483 μενοι,
989 4409 1082 4465 καὶ
1090 4408 1169 4478 τῷ
1182 4408 1442 4479 σωθῆναι,
1455 4408 1702 4482 καὶβὲὅ]
1714 4410 1794 4481 τῷ
1804 4410 1891 4465 διὰ
1901 4410 2035 4466 Θεοῦ
2050 4422 2074 4451 ε

506 4497 769 4568 σωθῆναι.
793 4494 963 4548 Τοῦτο
999 4495 1229 4546 ποιεῖται
1264 4490 1624 4563 εὐφροσύνην,
1658 4493 1688 4544 6
1722 4494 1785 4546 τὸ
1821 4494 2078 4566 τρόπαιον

508 4582 731 4652 στήσας.
754 4576 885 4633 Εἶτα
918 4577 1131 4639 δεικνὺς
1149 4576 1239 4630 καὶ
1258 4578 1358 4647 τῆς
1378 4575 1688 4647 συμμαχίας
1706 4577 1807 4648 τῆς
1824 4578 2079 4651 τοιαύτης

504 4664 603 4738 τὴν
632 4662 907 4734 ἀφορμὴν,
926 4661 1232 4732 ἐπήγαγενο
1267 4660 1371 4714 Ἐν
1403 4661 1660 4728 σκηναῖς
1677 4659 1940 4715 δικαίων.
1965 4663 2080 4717 Οὐκ

504 4743 677 4806 εἶπεν.
693 4746 783 4799 Ἐν
802 4744 1020 4809 οἰκίαις,
1037 4742 1172 4807 ἀλλ’,
1190 4744 1292 4797 Ἐν
1309 4741 1582 4810 σκηναῖς,
1597 4743 1655 4795 τὸ
1668 4743 2078 4814 ἐσχεδιασμένον

503 4831 604 4903 τῆς
624 4831 889 4900 οἰκήσεως
905 4826 1083 4881 αὐτῶν
1106 4829 1450 4898 παραστῆσαι
1477 4826 1815 4897 βουλόμενος.
1839 4828 2074 4896 Τοιαύτη

503 4910 573 4987 ἦν
592 4915 627 4985 ἡ
650 4911 820 4983 σκηνὴ
839 4909 933 4964 τοῦ
957 4910 1222 4981 Ἀϐραὰμ,
1241 4911 1328 4963 ὅτε
1357 4909 1646 4981 ἐπανῆλθε,
1661 4910 1777 4979 τῶν¹
1788 4911 2078 4983 βαρὸάρων

507 4997 945 5070 περιγενόμενος,
964 4994 1214 5066 λαμπρὸς
1244 4995 1353 5048 ἀπὸ
1388 4994 1496 5048 τῶν
1524 4994 1967 5066 κατορθωμάτων
1985 5012 2083 5065 γε-

501 5080 695 5152 γονώς.
719 5079 954 5150 Τοιαύτη
985 5074 1054 5150 ἦν
1090 5081 1123 5150 ἡ
1160 5078 1333 5149 σκηνὴ
1362 5077 1456 5131 τοῦ
1490 5078 1725 5143 Παύλου,
1746 5080 1833 5133 ὅτε
1854 5080 2079 5151 ἐπανῄει

503 5166 613 5220 τῶν
647 5163 914 5235 δαιμόνων
948 5162 1385 5233 περιγενόμενος,
1405 5161 1502 5215 καὶ
1532 5162 1630 5233 τήν
1668 5161 1876 5234 πλάνην
1908 5181 2078 5218 κατα·-

501 5248 665 5315 λύων,
685 5248 780 5301 καὶ
806 5247 878 5301 τὰ
911 5243 1305 5316 κατορθώματα
1338 5245 1710 5315 διηγούμενος.
1748 5247 1921 5310 Δεξιὰ
1959 5252 2075 5303 Κυ-

501 5333 636 5405 ρίου
675 5331 929 5399 ὲποίησε
965 5327 1244 5398 δύναμιν,
1270 5327 1438 5391 δεξιὰ
1466 5328 1689 5396 Κυρίου
1735 5329 1942 5398 ὕψωσέ
1977 5349 2072 5402 με.

565 5438 594 5469 ³
639 5436 793 5487 Savil.
840 5435 922 5484 καὶ
959 5432 1214 5483 κλίνεσθαι’
1250 5432 1339 5481 sed
1379 5430 1430 5482 in
1462 5430 1683 5495 margine
1714 5434 2075 5486 κατακλίνεσθαι

501 5505 641 5551 uolat
670 5504 727 5548 υι
753 5500 959 5548 alteram
987 5497 1265 5545 lectionem.

565 5559 595 5602 ιι
615 5558 769 5611 Savil.
788 5559 870 5607 τὸν
894 5565 1088 5622 σωτῆρα
1112 5554 1384 5619 ὑμνοῦντος,
1409 5560 1463 5604 εἰ
1479 5554 1605 5604 infra
1628 5553 1757 5606 idem
1781 5558 2079 5618 ἄγκυλινδού-

567 5658 772 5745 Γελγιί.
799 5682 855 5745 ἴῃ
874 5695 1028 5745 marg.
1053 5679 1565 5745 alteramjeeliopeu}
1584 5679 1745 5745 οπο-τι,
1763 5682 1844 5728 καὶ
1868 5680 1953 5745 τοῦ
1975 5698 2077 5745 σω-

502 5745 657 5803 θῆναι,
676 5743 758 5795 καὶ
774 5741 860 5791 τοῦ
879 5745 959 5793 διὰ
979 5739 1122 5802 Θεοῦ,
1144 5749 1242 5793 etc.
1268 5741 1376 5792 Ibid
1436 5740 1590 5803 Savil,
1608 5739 1752 5791 τοῦτο
1771 5742 1973 5792 ποιεῖται
1997 5743 2075 5792 εύ-

783 5803 959 5857 Iorel.
983 5803 1126 5858 τοῦτο
1143 5804 1267 5856 ποιεῖ
1286 5805 1372 5863 τὴν
1394 5802 1699 5867 εὐφροσύνην.

1243 360 1304 418 S.
1342 360 1630 421 JOANNIS
1654 361 2153 421 CBBYSOSTOHI
2190 363 2507 423 ARCHIEP.
2545 364 3100 425 CONSTANTINOP.

2205 482 2344 553 Ὅρα
2382 483 2487 553 τῆς
2521 484 2904 561 ἀγαλλιάσεωῆ
2925 483 3023 556 τὴν
3054 481 3327 537 ὑπόθεσιν.
3351 480 3520 537 Τοῦτο
3546 483 3652 554 γὰρ
3672 486 3767 541 καὶ

2200 569 2294 623 νῦν
2335 569 2501 638 λέγει,
2524 571 2662 641 ὅπερ
2696 569 3003 641 ἔμπροσθεν
3034 568 3209 636 ἔλεγε,
3241 568 3453 632 δεικνὺς
3488 569 3616 623 ὅτιὸ
3635 570 3766 630 Θεὸς

2196 652 2372 707 ταῦτα
2410 653 2792 726 κατώρθωσεν.
2818 654 3001 727 Ὁρᾷς,
3036 653 3136 706 οὐκ
3174 651 3274 704 ἐνά
3298 651 3581 723 ἀπαλλαγῇ
3606 655 3768 723 μόνον

2196 735 2304 788 τῶν
2323 736 2531 802 δεινῶν,
2554 737 2689 791 ἀλλὰ
2707 738 2802 791 καὶ
2820 741 2877 791 ἐν
2900 738 3086 808 κτήσει
3107 735 3459 807 περιφανείας
3479 735 3768 808 γινομένη-ι

2198 817 2363 871 αὑτοῦ
2401 820 2500 890 τὴν
2540 820 2883 891 εὐεργεσίαν·
2939 816 3124 873 Εἰπὼν
3159 819 3296 890 γάρ’
3337 817 3509 882 Δεξιά
3545 819 3765 884 Κυρίου

2196 900 2448 969 ἐποίησε
2479 901 2755 972 δύναμιν,
2778 903 3059 974 ἐπήγαγε·
3091 900 3266 965 Δεξιὰ
3303 900 3524 970 Κυρίου
3556 900 3769 969 ὕψωσέ

2192 1001 2289 1057 με.
2315 983 2402 1037 ἴνα
2436 983 2535 1055 τήν
2568 984 2715 1055 αύτῷ
2741 996 2764 1024 ο
2784 1001 2844 1053 γε
2854 982 3258 1054 νομένηνδὸξαν
3274 981 3508 1054 δηλώσῃ.
3531 982 3604 1035 Τὸ
3622 981 3730 1053 γὰρ
3746 1022 3762 1049 ,

2198 1068 2436 1136 Ὕψωσέ
2450 1084 2548 1138 με,
2570 1068 2691 1121 ἀντί
2725 1066 2847 1135 τοῦ,
2882 1068 3150 1133 ἐδόξασεν,
3175 1065 3340 1120 ἐστίν.
3363 1067 3440 1120 Ού
3458 1067 3569 1139 γάρ
3608 1066 3771 1137 μόνον

2195 1150 2454 1214 δυνατοὺς
2475 1151 2748 1222 ἐποίησεν,
2768 1148 2902 1202 ἀλλά
2923 1150 3017 1202 καὶ
3034 1148 3294 1214 ἐνδόξους.

2268 1237 2388 1289 Οὐκ
2409 1234 2840 1315 ἀποθανοῦμαι,
2863 1233 3025 1288 ἀλλὰ
3054 1232 3323 1302 ζήσομαι,
3357 1232 3457 1286 καί
3478 1231 3763 1315 διηγήσο-

2186 1334 2295 1386 μαι
2330 1318 2403 1370 τά
2437 1317 2582 1387 ἔργα
2610 1313 2847 1385 Κυρίου.
2871 1317 2935 1368 Ol
2972 1316 3069 1387 μὲν
3091 1316 3341 1380 κίνδυνοι,
3363 1315 3515 1385 φησί,
3536 1313 3770 1368 θάνατον

2191 1399 2467 1468 ἠπείλουν·
2490 1398 2600 1467 ἐγὼ
2618 1398 2698 1464 δέ,
2720 1400 2841 1452 Οὐκ
2861 1398 3289 1467 ἀποθανοῦμαι,
3310 1397 3471 1452 ἀλλά
3491 1394 3765 1465 ζήσομαι.

2191 1483 2470 1546 Τουτέστι,
2491 1482 2711 1554 τοιαύτη
2733 1483 2766 1553 ἡ
2784 1481 2877 1534 τοῦ
2906 1481 3175 1535 Δεσπότου
3212 1480 3650 1553 παραδοξοποιία,
3679 1482 3763 1535 ὅτι

2192 1566 2288 1620 καὶ
2309 1566 2368 1631 ἐξ
2388 1566 2566 1621 αὐτῶν
2586 1567 2802 1637 ἥρπασε
2822 1564 2929 1619 τῶν
2949 1563 3215 1629 θανάτων,
3235 1567 3329 1618 καλ⁸
3348 1565 3454 1637 πρὸ
3488 1566 3587 1635 τῆς
3627 1567 3764 1619 Και-

2186 1649 2288 1718 νῆς
2321 1652 2377 1704 ἐν
2419 1652 2526 1714 τοῖς
2557 1648 2881 1722 παραδόξοις
2900 1649 3164 1713 κινδύνοις
3181 1652 3280 1720 τῆς
3299 1648 3644 1713 ἀναστάσεως
3662 1650 3761 1721 τὴν

2186 1733 2373 1787 εἰκόνα
2417 1733 3075 1805 προδιαγράφων.Ἐδωκε
3106 1732 3215 1804 γὰρ
3244 1734 3377 1805 ήμῖν
3399 1733 3493 1786 καὶ
3510 1731 3568 1799 ἐξ
3587 1732 3760 1803 ἀρχῆς

2188 1818 2502 1887 αἰνίγματα,
2515 1818 2603 1871 ὅτε
2623 1817 2714 1871 τὸν
2735 1815 2904 1888 Ἑνὼχ
2926 1816 3272 1888 μετέστησεν.
3289 1817 3351 1869 Εἰ
3368 1815 3476 1889 γὰρ
3492 1817 3759 1880 ἀπιστεῖς,

2185 1900 2267 1954 ὅτι
2300 1902 2358 1954 οὐ
2392 1902 2619 1956 δυνατὸν
2637 1903 2985 1973 διαναστῆναι
3007 1902 3029 1941 ί
3056 1900 3304 1973 σώματα,
3327 1902 3435 1955 ἀπὸ
3453 1900 3643 1954 τούτου
3665 1900 3759 1954 πίο

2188 2001 2364 2037 στευε.
2387 1983 2512 2048 Πῶς
2549 1984 2656 2055 γὰρ
2690 1986 2920 2057 ἤρκεσεν
2938 1987 3021 2048 εἰς
3038 1986 3224 2056 χρόνον
3252 1983 3505 2038 τοσοῦτον
3522 1982 3583 2037 τὸ
3603 1983 3759 2054 σῶμα

2185 2070 2359 2122 ἐκεῖνο
2375 2084 2392 2131 ;
2408 2070 2481 2122 Οὐ
2497 2068 2607 2140 γάρ
2621 2069 2769 2122 ἐστιν
2787 2067 2900 2123 ίσον
2916 2069 3092 2122 οίκίαν
3109 2067 3508 2140 διεφθαρμένην
3519 2068 3756 2139 ἀναστῆ-

2189 2168 2299 2217 σαι,
2322 2152 2418 2206 καὶ
2454 2153 2553 2222 τὴν
2592 2150 2797 2224 σαθρὰν
2833 2153 2929 2206 καὶ
2961 2151 3196 2206 παλαιὰν
3214 2148 3379 2206 οὖσαν
3397 2150 3758 2223 διακρατῆσαι

2185 2236 2279 2289 ἐπὶ
2308 2236 2498 2307 χρόνον
2533 2234 2802 2290 τοσοῦτον.
2829 2236 2945 2290 Οὐκ
2972 2237 3173 2299 ἐννοεῖς
3189 2236 3389 2288 ὅτιούκ
3404 2234 3535 2288 ὄντα
3566 2235 3762 2305 ἐποίηο

2187 2336 2310 2385 cev;
2350 2320 2558 2374 Οὐκοῦν
2585 2319 2767 2390 πολλῷ
2789 2320 2987 2391 μᾶλλον
3004 2320 3305 2391 ἀναστῆσαι
3321 2318 3761 2391 δύναται.”Εχεις

2184 2403 2281 2459 κα)⁴
2315 2403 2505 2475 ἐτέραν
2539 2405 2721 2457 εἰκόνα
2737 2404 2839 2473 τῆς
2867 2402 3234 2467 ἀναστάσεως,
3270 2401 3413 2471 λέγω
3446 2400 3546 2473 τὴν
3575 2400 3760 2456 Ἡλίου

2185 2489 2465 2559 ἁρπαγὴν,
2485 2487 2543 2551 ὃς
2577 2487 2788 2541 οὐδέπω
2827 2488 2921 2542 καὶ
2954 2488 3194 2558 τήμερον
3212 2484 3551 2556 ἐτελεύτησε.
3572 2486 3757 2541 Πάντα

2186 2570 2345 2642 ῥᾴδια
2385 2570 2478 2625 καὶ
2514 2568 2708 2622 εὔκολα
2744 2568 2823 2640 τῷ
2858 2568 2995 2639 Θεῷ.
3022 2570 3143 2622 Οὐκ
3180 2567 3565 2635 ἀδυνατήσει.
3601 2568 3755 2639 φησὶ,

2186 2652 2345 2722 παρά
2378 2651 2460 2718 τῷ
2497 2651 2620 2719 Θεῷ
2653 2651 2776 2708 πᾶν
2802 2651 2985 2722 ῥῆμα.
3009 2652 3118 2706 Καὶ
3152 2653 3181 2704 6
3211 2652 3500 2723 Προφήτης
3519 2666 3533 2681 ·
3555 2650 3757 2708 Πάντα

2186 2734 2304 2789 ὅσα
2329 2735 2650 2804 ἠθέλησεν,
2670 2735 2980 2805 ἐποίησεν.
3002 2737 3114 2807 Ούχ
3130 2737 3262 2807 δρᾷς
3298 2735 3378 2789 ὅτι
3419 2736 3511 2788 καὶ
3533 2736 3613 2788 σοὶ
3630 2733 3759 2788 δύσ-

2186 2820 2316 2874 κολα
2353 2821 2421 2873 τά
2451 2819 2546 2874 τοῦ
2579 2819 2826 2882 τέκτονος
2862 2819 3031 2892 ἔργα;
3070 2818 3209 2872 Ἀλλ’
3241 2819 3391 2890 ὅμως
3411 2820 3758 2889 παραχωρεῖς

2182 2902 2452 2976 τῇτέχνῃ.
2476 2897 2608 2956 Εἶτα
2642 2905 2709 2972 τῇ
2752 2901 2852 2973 μὲν
2887 2900 3168 2955 συνδούλου
3186 2899 3351 2973 τέχνῃ
3370 2901 3715 2971 παραχωρεῖς
3737 2915 3753 2929 ο

2183 2985 2279 3039 τοῦ
2297 2984 2354 3038 δὲ
2374 2984 2646 3039 Δεσπότου
2665 2985 2765 3057 τὴν
2786 2984 2980 3053 σοφίαν
2998 2983 3228 3048 εὐθύνας
3245 2985 3497 3048 ἀπαιτεῖς
3514 2990 3562 3045 ο,
3584 2983 3676 3036 καὶ
3692 2983 3756 3036 ού

2184 3068 2457 3141 καταδέχῃ
2494 3070 2559 3140 τῇ
2602 3069 2782 3121 πίστει
2821 3068 2880 3121 τὸ
2917 3068 3232 3138 γινόμενον;
3268 3067 3379 3121 Καὶ
3397 3066 3571 3139 πόσης
3585 3065 3758 3120 ταῦτα

2185 3152 2309 3219 ἄξια
2346 3153 2560 3217 ἀνοίας;
2603 3153 2725 3206 Οὐκ
2757 3149 3191 3219 ἀποθανοῦμαι,
3210 3149 3371 3205 ἀλλὰ
3401 3147 3668 3219 ζήσομαι.
3692 3150 3762 3203 Et

2183 3252 2264 3298 τις
2282 3235 2375 3289 καὶ
2391 3235 2533 3288 κατὰ
2550 3234 2839 3305 ἀναγωγὴν
2852 3233 3072 3288 ἐκλάὸοι
3082 3234 3142 3287 τὸ
3157 3232 3462 3305 εἰρημένον,
3475 3233 3571 3302 οὐχ
3585 3233 3760 3303 ἀμαρ-

2184 3320 2428 3388 τήσεται.
2454 3317 2514 3369 Εἰ
2547 3317 2658 3387 γὰρ
2687 3318 2780 3371 καὶ
2800 3320 2927 3387 περί
2948 3317 3045 3388 τῆς
3066 3317 3414 3379 ἀναστάσεως
3431 3314 3588 3368 τοῦτο
3606 3316 3760 3385 είρη-

2182 3418 2274 3455 ται
2305 3400 2399 3471 (τὸ
2419 3400 2547 3472 γὰρ,
2586 3402 2709 3454 Οὐκ
2729 3400 3159 3469 ἀποθανοῦμαι,
3181 3397 3467 3470 δηλοῦντός
3486 3398 3654 3461 ἐστιν,
3673 3398 3760 3452 ὅτι

2185 3485 2306 3538 οὐδὲ
2315 3486 2343 3537 6
2358 3484 2584 3547 θάνατος
2600 3483 2871 3553 θάνατος),
2884 3482 2996 3536 ἀλλ’
3012 3482 3160 3555 [524]
3173 3483 3319 3553 ὅμως
3331 3483 3425 3536 κα)⁸
3437 3481 3557 3535 καθ’
3570 3481 3657 3534 ἐτε
3662 3498 3756 3552 ρον

2183 3567 2384 3639 τρόπον
2431 3570 2640 3621 νοεῖται.
2668 3569 2789 3621 Οὐκ
2828 3565 3238 3635 ἀποθανοῦμαι
3275 3564 3416 3636 γὰρ,
3458 3564 3625 3636 φησὶ,
3663 3564 3760 3618 τὸν

2185 3651 2370 3721 ἕτερον
2392 3650 2639 3716 θάνατον,
2660 3649 2719 3704 δν
2738 3650 2832 3704 καὶ
2856 3651 2884 3702 6
2901 3648 3133 3720 Χριστὸς
3151 3648 3514 3719 αἰνιττόμενος
3536 3647 3718 3716 ἔλεγεν
3737 3662 3755 3677 δ

2197 3734 2251 3787 '0
2289 3735 2588 3788 πιστεύων
2622 3735 2709 3799 εἰς
2743 3731 2871 3802 ἐμὲ,
2906 3730 3022 3785 κᾶν
3050 3729 3341 3800 ἀποθάνῃ,
3363 3729 3601 3795 ζήσεται
3621 3746 3634 3760 ·
3656 3729 3756 3783 καί

2185 3816 2305 3884 πᾶς
2341 3821 2373 3872 ὀ
2410 3815 2523 3878 ζῶν
2556 3816 2652 3870 καὶ
2685 3816 2984 3870 πιστεύων
3010 3816 3097 3881 είς
3113 3812 3237 3884 ἐμὲ,
3267 3815 3338 3868 οὐ
3351 3812 3439 3882 μὴ
3459 3810 3755 3882 ἀποθάνῃ.

2186 3903 2297 3955 Καὶ
2344 3899 2701 3970 διηγήσομαι
2734 3898 2808 3953 τὰ
2848 3898 2992 3968 ἔργα
3030 3897 3272 3966 Κυρίου.
3311 3896 3482 3950 Τοῦτο
3523 3888 3754 3969 μάλιστα

2186 3982 2322 4054 ζωή,
2342 3983 2402 4037 τὸ
2421 3987 2518 4037 καὶ
2536 3983 2697 4037 αὐτὸν
2716 3984 2905 4045 αἰνεῖν,
2926 3980 3022 4035 καὶ
3039 3981 3120 4043 εἰς
3138 3980 3382 4043 ἅπαντας
3412 3979 3754 4049 ἐξαγγέλλειν

2183 4065 2256 4121 τὰ
2294 4066 2548 4137 θαύματα
2584 4065 2772 4120 αὐτοῦ.
2806 4066 2943 4119 Ποῖα
2980 4063 3150 4135 ἐργας
3189 4063 3310 4117 εἰπέ
3351 4080 3462 4133 μοι.
3501 4063 3683 4118 Ταῦτα
3715 4063 3752 4119 ἃ

2188 4149 2370 4223 μέλλει
2410 4149 2751 4221 διηγεῖσθαι,
2787 4148 3009 4216 ἐπάγων
3031 4164 3044 4177 ·
3086 4146 3387 4202 Παιδεύων
3433 4146 3755 4211 ἐπαίδευσέ

2177 4252 2257 4304 με
2274 4239 2307 4289 ὁ
2326 4235 2561 4303 Κύριος,
2582 4234 2680 4289 καί
2713 4232 2795 4299 τῷ
2827 4229 3060 4299 θανάτῳ
3076 4232 3148 4288 οὐ
3168 4228 3472 4300 παρέδωκέ
3483 4247 3581 4299 με.
3602 4226 3754 4294 Εἶδες

2183 4318 2284 4387 τὴν
2325 4315 2816 4388 παραδοξοποιίαν;
2855 4311 2995 4378 εἶδες
3030 4312 3091 4367 τὸ
3131 4314 3429 4385 χρήσιμον;
3470 4312 3544 4367 Ού
3563 4312 3671 4385 γὰρ
3688 4313 3752 4385 δη

2187 4400 2346 4471 μόνον
2382 4400 2462 4452 ὅτι
2505 4398 2793 4471 ἀπηλλάγη
2830 4399 3160 4470 εὐχαριστεῖ.
3184 4397 3397 4452 ἀλλ’ὅτι
3418 4397 3513 4451 καί
3532 4395 3753 4450 ἐνέπεσε

2184 4485 2343 4556 χάριν
2379 4479 2486 4537 οἶδε
2527 4484 2810 4554 μεγίστην,
2833 4483 2927 4534 καὶ
2944 4481 3092 4550 λέγει
3118 4479 3180 4533 τὸ
3211 4477 3400 4551 κέρδος
3433 4479 3527 4533 τοῦ
3560 4496 3752 4549 πειρα-

2186 4565 2345 4637 σμοῦ.
2369 4566 2528 4620 Ποῖον
2546 4565 2609 4638 δὴ
2627 4565 2784 4619 τοῦτο
2802 4582 2816 4630 ;
2840 4563 3140 4619 Παιδεύων
3156 4560 3480 4617 ἐπαίδευσέ
3494 4580 3571 4632 με
3589 4565 3621 4616 o'
3643 4562 3754 4615 Κύ-

2174 4668 2328 4720 ριος,
2351 4648 2504 4720 φησί.
2537 4648 2708 4702 Τοῦτο
2743 4647 2849 4701 τῶν
2869 4645 3126 4701 κινδύνων
3144 4645 3204 4698 τὸ
3224 4646 3509 4717 χρήσιμον,
3530 4645 3609 4698 ὅτι
3634 4643 3749 4714 βελ-

2181 4734 2332 4787 τίονα
2352 4732 2664 4803 εἰργάσατο.
2684 4726 2838 4795 Εἶδες
2857 4728 3194 4801 ἑκατέρωθεν
3210 4727 3372 4782 αὐτοῦ
3391 4728 3489 4800 τὴν
3503 4726 3752 4797 δύναμιν,

2183 4816 2280 4870 καὶ
2315 4814 2413 4887 τὴν
2451 4813 2795 4884 κηδεμονίαν,
2831 4814 2926 4866 καὶ
2959 4812 3020 4864 τὸ
3061 4813 3278 4881 ἀφεῖναι
3313 4808 3752 4881 ἐναποληφθῆναι

2181 4902 2296 4963 τοῖς
2332 4899 2524 4962 δεινοῖς
2539 4898 2589 4961 ιι,
2612 4896 2707 4951 καὶ
2724 4895 2784 4949 τὸ
2806 4895 2965 4948 πάλιν
2986 4894 3288 4960 ἀπαλλάξαι
3309 4910 3323 4958 ;
3351 4892 3434 4958 Τῷ
3451 4892 3559 4966 γὰρ
3576 4890 3755 4946 θανά-

2183 4983 2282 5050 τῷ,
2304 4985 2486 5054 φησὶν,
2507 4984 2579 5036 οὐ
2610 4979 2914 5049 παρέδωκέ
2948 4996 3044 5050 με.
3066 4980 3174 5032 Καὶ
3200 4978 3378 5042 καλῶς
3398 4974 3550 5031 εἶπεν
3570 4975 3752 5046 ἔτερος

2184 5068 2522 5140 ἑρμηνευτής
2542 5083 2553 5095 ·
2582 5066 2666 5130 Τῷ
2684 5065 2751 5117 δὲ
2769 5062 2999 5128 θανάτῳ
3017 5065 3128 5118 οὐκ
3146 5062 3329 5117 ἐδωκέ
3343 5079 3440 5132 με.
3459 5062 3547 5115 ἵνα
3579 5059 3751 5130 δηλῶ·

2244 5247 2272 5287 d
2300 5250 2365 5299 lla
2383 5248 2534 5299 Savil.
2556 5248 2623 5298 At
2643 5247 2815 5309 Morel:
2842 5247 2954 5309 ὁρᾷς
2976 5244 3049 5293 ὄτι
3071 5243 3159 5291 οῦκ
3181 5241 3248 5291 ἐν.

2244 5324 2268 5352 ε
2299 5312 2449 5362 Savil.
2474 5312 2551 5360 ἵνα
2569 5311 2654 5366 τὴν
2675 5306 2841 5357 αὐτοῦ.

2250 5373 2271 5413 ί
2300 5358 2451 5424 ἒίνῖι.
2471 5358 2553 5421 καὶ
2575 5358 2862 5427 εἷ’ἀπιστεῖς,
2886 5368 2959 5416 ὅτι
2979 5366 3053 5427 οῦ,
3073 5364 3268 5414 δυνατὸν
3303 5364 3577 5427 ἀναστῆναι.
3622 5358 3753 5412 Infra

2178 5437 2339 5504 Sajilz
2356 5434 2508 5504 οἰκίαν
2531 5431 2636 5496 [μὴ]
2665 5426 3091 5504 διεφθαρμένηνκῐιι
3112 5426 3283 5499 Mql'el.
3320 5426 3383 5488 μή
3406 5426 3566 5477 deest.

2246 5500 2272 5538 8
2296 5497 2466 5558 Morel.
2492 5490 2811 5558 προαπαιτεῖς.
2828 5490 2988 5558 ’ὃένῇ
3010 5490 3238 5558 ἀπαιτεῖς.

2240 5560 2273 5599 ιι
2298 5544 2512 5620 ἶᾸφεῖναι
2533 5544 2804 5620 περιπεσεῖν
2816 5552 2924 5620 τοῖς.
2937 5551 3102 5620 δεινιξίς
3121 5551 3242 5620 Reg.
3267 5547 3377 5620 1310!
3404 5554 3516 5620 p98!

2181 5623 2254 5678 ξαι
2428 5621 2477 5667 ill
2504 5608 2656 5685 φατε.
2677 5615 2827 5664 Savil.
2848 5615 2929 5662 καὶ
2947 5613 3104 5685 καλῶς
3123 5608 3254 5685 εἶπεν
3276 5608 3433 5685 ἕτερος
3449 5608 3746 5685 ἑριξηνςιζτής,

2181 5669 2300 5733 56‘s}
2315 5669 2408 5730 filia
2432 5669 2735 5738 verba,'que
2758 5682 3051 5737 sequunlur,
3089 5672 3158 5738 τῷ
3176 5673 3266 5734 γὰρ
3287 5669 3576 5738 numqua;
3599 5669 3749 5738 ἔδωκέ

2183 5732 2240 5809 με
2250 5744 2387 5809 ,βίοι
2406 5732 2614 5809 αιεετίυε
2628 5732 2954 5809 jnlerprétjs,‘
2966 5746 3071 5809 neu.
3086 5732 3432 5809 ςῆδνεοειοωὶ.
3448 5732 3555 5782 Sed
3581 5736 3754 5781 lenus

2185 5794 2353 5858 heiicit
2374 5805 2424 5855 in
2449 5802 2603 5853 Savil.
2628 5794 2858 5861 benedue
2879 5797 3030 5846 habet
3057 5797 3108 5844 in
3149 5794 3319 5845 Morel.
