4112 6342
343 409 457 466 555

350 530 685 594 superantes,
716 517 956 590 permisit
976 524 1028 571 ιιι
1051 525 1271 584 utraque
1293 522 1588 568 manerent.
1612 505 1921 577 Huiusmodi

351 629 563 685 quoque
591 623 716 667 tunc
752 611 940 667 accidit
964 609 1298 664 miraculum.
1329 606 1478 660 Sicut
1506 604 1638 673 ignis
1663 604 1803 657 enim
1834 615 1926 655 ac-

351 706 655 768 currebant,
687 703 823 758 sicut
851 715 978 769 apes
997 715 1116 754 cum
1154 712 1341 767 magna
1367 696 1526 750 animi
1552 695 1824 748 alacritate
1851 693 1931 746 in~

352 801 634 860 vadebant,
662 797 800 849 intus
820 795 1163 863 interceptum
1193 791 1461 848 tenebant.
1485 804 1583 843 nec
1607 787 1799 857 aliquid
1834 801 1928 855 po-

355 901 568 945 tuerunt
595 889 784 942 facere.
828 889 985 940 Arma
1011 885 1151 940 enim
1181 883 1393 946 invicta,
1425 881 1680 933 auxilium
1711 880 1932 946 inexpu-

353 981 583 1051 gnabile,
612 980 701 1032 Dei
725 994 915 1032 nomen
938 978 1079 1045 ipsos
1095 989 1279 1030 omnes
1299 972 1516 1040 expulit.
1538 973 1620 1024 15.
1649 971 1927 1038 Impulstts,

343 1092 554 1129 eversus
574 1090 685 1127 sum
712 1081 766 1124 ut
793 1071 1043 1133 caderem,
1071 1079 1114 1122 et
1142 1067 1388 1120 Dominus
1425 1066 1641 1131 suscepit
1666 1080 1763 1116 me.
1797 1063 1934 1116 Dixit

357 1167 616 1219 malorum
649 1161 1055 1231 magnitudinem
1086 1175 1114 1211 a
1155 1157 1522 1218 multitudine,
1559 1171 1588 1208 a
1633 1156 1828 1224 figura,
1867 1155 1933 1207 ab

355 1257 517 1309 animi
547 1255 836 1314 alacritate,
868 1251 936 1303 ab
981 1250 1056 1304 ira
1104 1265 1286 1303 eorum
1337 1247 1428 1317 qui
1472 1246 1726 1300 invadunt
1761 1263 1774 1297 :
1807 1245 1932 1298 dicit

353 1348 515 1402 etiam
547 1346 613 1400 ab
635 1345 697 1398 iis
725 1359 843 1413 qua:
870 1345 982 1412 ipse
1007 1357 1190 1410 passus
1212 1349 1312 1395 est.
1342 1341 1432 1402 ita,
1466 1340 1653 1408 inquit,
1682 1353 1769 1392 me
1799 1341 1933 1391 mala

356 1437 539 1491 adorta
570 1443 713 1500 sunt,
747 1443 804 1487 ut
843 1448 1027 1502 parum
1063 1430 1308 1489 abfuerit.
1337 1429 1461 1499 quin
1490 1429 1733 1482 caderem
1759 1436 1811 1480 et
1841 1427 1934 1480 de-

337 1530 621 1582 .turbarer.
655 1525 915 1595 lmpulsus
939 1525 1102 1590 enim,
1150 1523 1220 1577 ita
1264 1521 1339 1576 fui
1389 1536 1622 1584 eversus,
1655 1529 1714 1573 ut
1761 1535 1932 1575 essem

341 1621 516 1675 etiam
548 1635 804 1673 casurus:
833 1618 926 1672 sed
955 1633 1076 1671 eum
1112 1616 1222 1685 jam
1251 1631 1424 1670 essem
1464 1616 1513 1668 in
1544 1630 1716 1685 genua
1758 1615 1935 1683 lapsu-

359 1727 470 1774 rus,
499 1721 551 1765 et
579 1710 880 1774 inclinarer,
921 1718 975 1762 et
1009 1724 1188 1762 rerum
1233 1707 1582 1760 humanarum
1623 1705 1766 1758 nulla
1793 1715 1936 1758 esset

360 1817 481 1870 spes
513 1802 711 1866 relicta,
742 1811 863 1854 tunc
887 1813 1039 1852 suum
1069 1797 1302 1852 Ostendit
1324 1797 1596 1851 auxilium.
1626 1796 1736 1849 Hoc
1757 1805 1933 1849 autem

360 1892 484 1946 facit
521 1893 691 1957 Deus,
725 1907 790 1945 ne
824 1891 960 1944 ullus
997 1892 1111 1958 ejus
1141 1889 1238 1944 sibi
1281 1888 1501 1959 gloriam
1544 1888 1788 1941 vindicet.
1827 1887 1935 1942 lloc

358 1984 519 2038 etiam
551 1985 601 2036 in
627 1983 842 2036 historia
864 1981 1104 2036 Judicum
1137 1981 1259 2035 fecit
1285 1981 1336 2034 in
1365 1977 1823 2048 Gedeone(.ludic.
1854 1979 1932 2047 7).

338 2075 646 2143 .PrOptt-rca
675 2083 926 2142 regnante
951 2089 1161 2140 quoque
1189 2071 1410 2127 Ezechia
1436 2072 1609 2126 erexit
1647 2080 1800 2124 noctu
1829 2081 1936 2123 tro-

361 2180 532 2234 paeum
562 2165 640 2232 (4.
673 2163 798 2234 Reg.
826 2164 908 2218 19.
939 2163 1048 2234 55).
1073 2163 1127 2217 Si
1152 2165 1294 2216 enim
1326 2163 1416 2217 ille
1442 2177 1562 2216 cum
1593 2162 1724 2215 nihil
1750 2161 1814 2214 ad
1853 2161 1932 2214 vi-

361 2263 603 2317 ctoriam,
628 2257 760 2310 nihil
786 2256 850 2309 ad
883 2257 1075 2311 bellum
1112 2257 1439 2317 contulisset,
1470 2255 1728 2323 superbus
1757 2265 1934 2308 tamen

338 2357 416 2398 et
441 2361 692 2415 arrogans
718 2345 888 2399 factus
916 2357 994 2398 est
1027 2362 1041 2398 :
1079 2347 1121 2399 si
1150 2347 1329 2415 praelio
1359 2355 1560 2400 tantum
1591 2346 1931 2408 interfuisset,

336 2438 405 2490 si
449 2438 696 2491 cadentes
731 2437 948 2491 vidisset
986 2454 1078 2492 eos
1120 2439 1207 2508 qui
1260 2437 1724 2502 interﬁciebantur,
1755 2453 1934 2492 annon

364 2529 534 2583 hoe'ei
583 2530 750 2583 multo
777 2531 942 2598 magis
979 2530 1300 2583 accidisset?
1341 2528 1565 2596 Quando
1590 2545 1717 2598 ergo
1746 2527 1813 2582 ab
1839 2528 1936 2581 hu-

361 2637 514 2676 mana
542 2637 636 2690 spe
667 2639 752 2676 res
779 2633 899 2677 sunt
929 2623 1234 2690 deploratas,
1268 2637 1420 2676 suum
1449 2631 1573 2674 tunc
1601 2621 1754 2675 all'ert
1779 2620 1928 2674 auxi-

364 2713 514 2766 lium.
549 2713 658 2766 lloc
700 2713 824 2767 fecit
868 2715 917 2767 in
954 2713 1166 2768 Goliath
1206 2714 1283 2781 (1.
1316 2712 1442 2782 llt'g.
1478 2714 1564 2781 17)
1597 2731 1607 2762 :
1644 2711 1744 2766 hoc
1770 2712 1932 2766 etiam

361 2805 482 2858 fecit
510 2805 559 2857 in
587 2806 859 2873 apostolis.
891 2807 953 2858 Et
996 2806 1114 2858 ideo
1144 2807 1348 2860 diccbat
1373 2806 1602 2860 Paulus:
1628 2805 1732 2860 Sed
1757 2807 1854 2875 ipsi
1882 2806 1934 2859 in

359 2896 625 2963 nobisipsis
662 2912 951 2964 responsant
979 2898 1154 2950 mortis
1184 2897 1452 2950 habuimus
1482 2899 1579 2966 (α),
1604 2908 1659 2950 ιιι
1684 2915 1786 2951 non
1815 2913 1936 2950 con-

363 2988 632 3055 fiderentus
651 2989 703 3040 in
733 2987 1012 3058 nobisipsis,
1047 2991 1136 3042 sed
1165 2991 1217 3042 in
1245 2987 1354 3042 Deo
1388 2991 1476 3059 qui
1499 2991 1684 3043 excitat
1712 2999 1935 3043 mortuos

364 3077 439 3147 (9..
469 3078 591 3131 Cor.
626 3082 672 3132 1.
706 3078 785 3149 9).
812 3080 898 3133 14.
931 3078 1200 3133 Fortitudo
1239 3097 1368 3145 mea,
1398 3091 1445 3136 et
1475 3081 1586 3134 laus
1625 3098 1735 3134 mea
1760 3080 1938 3135 Domi-

362 3187 476 3229 nus.
501 3181 546 3223 et
576 3175 741 3240 factus
766 3181 836 3224 est
858 3171 983 3224 mihi
1007 3175 1059 3224 in
1096 3173 1329 3225 salutem.
1370 3173 1528 3240 Quasi
1556 3172 1777 3237 diceret,
1815 3173 1934 3228 Fuit

361 3260 489 3314 mihi
537 3261 651 3328 ipse
688 3263 852 3316 virtus
877 3271 931 3316 et
958 3263 1232 3318 auxilium.
1276 3264 1410 3332 Quid
1455 3273 1540 3319 est
1573 3273 1748 3320 autem
1793 3265 1934 3335 quod

361 3352 514 3416 dicit,
569 3353 702 3406 Laus
748 3354 896 3406 mea?
934 3353 1110 3408 Gloria
1156 3369 1308 3419 mea,
1365 3356 1755 3410 commendatio
1794 3337 1930 3423 mea,

362 3443 520 3497 decus
548 3459 746 3507 meum,
771 3460 920 3500 meus
957 3445 1227 3513 splendor.
1262 3445 1372 3499 Non
1395 3449 1564 3501 solum
1587 3449 1724 3500 enim
1749 3449 1936 3502 liberat

360 3550 390 3588 a
423 3536 685 3603 periculis,
723 3537 814 3590 sed
840 3538 1012 3590 claros
1037 3539 1196 3592 etiam
1225 3537 1348 3592 facit
1371 3550 1425 3593 et
1461 3540 1726 3606 illustres;
1755 3552 1808 3595 et
1837 3541 1937 3595 hoc

362 3629 556 3697 ubique
585 3628 746 3682 videri
777 3639 968 3698 potest,
994 3629 1110 3684 dari
1138 3648 1258 3684 cum
1286 3632 1448 3700 gloria
1475 3633 1722 3688 salutem.
1771 3633 1936 3688 Porro

360 3719 499 3772 aliud
528 3736 738 3789 quoque
775 3736 868 3790 per
892 3723 991 3776 hoc
1019 3724 1244 3777 obscure
1283 3725 1626 3794 signiﬁcatur.
1656 3727 1933 3794 Quodnam

362 3811 500 3864 hoc?
527 3813 637 3866 lloc
655 3824 755 3873 est,
785 3813 968 3882 inquit,
999 3816 1126 3868 mihi
1159 3827 1466 3885 perpetuum
1493 3818 1788 3883 canticum,
1837 3819 1938 3874 hoc

360 3911 444 3954 est
474 3903 601 3956 mihi
628 3919 730 3956 vox
773 3915 1058 3974 perpetua,
1110 3907 1338 3978 hymnus
1367 3910 1454 3980 qui
1497 3909 1564 3964 de
1607 3926 1672 3964 eo
1709 3913 1934 3979 canitur,

357 3991 465 4047 hoc
491 4005 571 4047 est
597 3995 721 4048 mihi
755 4008 1066 4065 perpetuum
1107 4015 1316 4063 munus,
1341 4017 1462 4055 eum
1489 4002 1724 4058 laudare.

429 4085 484 4139 4.
531 4087 762 4141 Audiant
807 4090 896 4158 qui
949 4091 1198 4146 samnicis
1236 4094 1455 4148 canticis
1495 4107 1932 4165 corrumpuntur,

357 4185 614 4244 quantum
642 4177 821 4234 damni
865 4178 1087 4246 faciant,
1109 4193 1360 4252 quantum
1405 4184 1511 4240 sint
1539 4186 1734 4256 indigni
1759 4188 1934 4254 venia,

361 4281 506 4329 cum,
540 4267 641 4321 isto
679 4281 1003 4326 servatorem
1036 4284 1290 4343 perpetuo
1317 4275 1596 4342 laudante,
1625 4278 1700 4333 illi
1732 4279 1784 4333 in
1827 4279 1940 4334 da:-

361 4373 578 4412 monum
605 4361 821 4415 canticis
852 4374 1106 4433 perpetuo
1125 4368 1444 4422 volutentur.
1471 4369 1558 4423 15.
1591 4369 1699 4424 Vox
1717 4371 1939 4425 exsulta-

363 4451 513 4504 tionis
542 4463 588 4505 et
616 4454 791 4508 salutis
818 4456 870 4508 in
905 4458 1236 4513 tabernaculis
1250 4460 1524 4530 justorum.
1551 4462 1772 4530 Quando
1794 4465 1934 4518 cnim

363 4560 452 4599 res
484 4547 727 4600 universa
756 4562 783 4598 a
811 4548 918 4602 Deo
940 4552 1189 4619 prmclare
1213 4561 1358 4622 gesta
1383 4553 1569 4607 fuerit:
1599 4555 1684 4624 qui
1719 4557 1935 4610 victoria

355 4635 627 4702 fruuntur,
649 4638 900 4705 gaudent,
925 4642 1205 4706 exsultant,
1224 4643 1417 4712 duplici
1444 4645 1622 4698 laztitia
1649 4645 1843 4712 allecti,
1873 4655 1928 4701 et

363 4729 503 4796 quod
533 4731 730 4784 servati
759 4742 898 4795 sunt,
920 4741 974 4787 et
991 4735 1129 4804 quod
1161 4752 1253 4804 per
1281 4738 1440 4792 Deum
1465 4741 1685 4794 servati.
1715 4739 1936 4796 Laetitize

361 4821 440 4875 eis
464 4837 620 4878 causa
662 4835 741 4880 est
789 4827 854 4892 is,
883 4829 970 4897 qui
1017 4839 1270 4898 tropaeum
1299 4837 1485 4888 erexit.
1519 4835 1718 4890 Deinde
1756 4846 1940 4890 osten-

337 4913 496 4968 .dens
523 4916 773 4986 quidnam
812 4933 935 4973 eum
957 4920 1225 4990 impulerit
1256 4924 1320 4978 ad
1352 4925 1451 4980 hoc
1485 4925 1761 4981 ferendum
1790 4929 1942 4982 auxi-

365 5007 514 5074 lium,
539 5011 829 5080 subjunxit,
865 5012 926 5068 In
955 5016 1286 5071 tabernaculis
1315 5020 1584 5088 justorum.
1624 5019 1739 5074 Non
1785 5021 1934 5087 dixit,

365 5099 422 5154 ln
471 5103 736 5172 domibus,
765 5107 857 5161 sed
877 5147 893 5173 ,
928 5105 994 5161 In
1038 5109 1367 5164 tabernaculis
1387 5152 1402 5177 ,
1430 5113 1615 5167 volens
1655 5114 1940 5170 ostendere

368 5200 782 5267 extemporalem
814 5211 1049 5270 paratam
1083 5202 1480 5258 habitationem.
1528 5206 1656 5261 Tale
1701 5217 1811 5262 erat
1858 5217 1939 5262 ta-

367 5287 710 5344 bernaculum
745 5292 992 5360 Abrahae,
1019 5294 1231 5362 quando
1263 5295 1487 5361 redibat,
1517 5299 1779 5366 superatis
1804 5300 1940 5369 regi-

371 5378 488 5444 bus,
538 5396 780 5450 maguam
823 5399 889 5437 ex
927 5384 1088 5439 rebus
1114 5387 1277 5453 gestis
1321 5387 1542 5455 gloriam
1581 5400 1940 5458 consequutus

367 5471 521 5540 (Gen.
553 5475 640 5528 H.
670 5475 781 5544 16).
807 5475 934 5531 Tale
962 5487 1078 5531 erat
1113 5477 1258 5532 Pauli
1291 5479 1707 5546 tabernaculum,
1729 5481 1940 5550 quando

366 5565 734 5620 revertebatur
761 5571 1022 5636 superatis
1043 5568 1393 5636 daemonibus,
1420 5587 1655 5626 errorem
1677 5572 1744 5626 de
1765 5574 1940 5628 medio

371 5657 592 5724 tollens,
624 5668 677 5714 et
700 5661 950 5731 praeclara
999 5661 1241 5719 referens
1295 5661 1550 5719 facinora.
1600 5663 1688 5719 16.
1721 5663 1940 5718 Dextera

429 5791 505 5860 (σε)
533 5793 618 5860 _tl_ic
649 5793 784 5847 locus
821 5797 1140 5860 explicabitur
1179 5799 1227 5849 in
1265 5797 1479 5849 Homiliis
1515 5798 1566 5847 in
1587 5796 1846 5848 secundam
1884 5799 1944 5849 ad

367 5850 654 5908 Corinthios.
679 5867 788 5911 sam
804 5863 868 5914 de
889 5850 1019 5916 illius
1039 5863 1382 5929 signiﬁcatione
1397 5863 1587 5928 quidam
1601 5860 1938 5924 digladientur.

1458 393 1818 453 EXPOSITIO
1857 392 1921 448 IN
1963 391 2279 450 PSALMUM
2309 394 2536 452 CXVII;

3507 401 3616 460 33-1

2036 506 2242 562 Domini
2261 513 2373 582 fecit
2389 513 2632 578 virtutem,
2653 514 2857 568 dextera
2883 512 3088 569 Domini
3113 515 3346 570 exultavit
3383 517 3618 572 me.Vide

2033 602 2366 656 occisionem
2389 604 2777 659 exsultationis.
2811 606 2950 660 Idem
2974 607 3113 660 enim
3138 622 3276 662 nunc
3304 607 3449 673 dicit,
3475 613 3614 678 quod

2035 703 2189 747 antea
2213 694 2442 761 diccbat,
2473 697 2760 750 ostendens
2801 697 2916 752 haec
2940 713 2969 751 a
3001 699 3109 752 Deo
3136 697 3300 753 fuisse
3337 711 3502 768 gesta.
3529 701 3616 754 Vi.

2037 785 2130 839 des
2158 802 2261 839 non
2303 789 2473 841 solmn
2510 788 2560 840 in
2593 789 2904 843 liberatione
2947 805 2974 842 a
3021 791 3203 854 malis,
3252 791 3344 844 sed
3373 793 3532 846 etiam
3563 794 3614 845 in

2037 877 2384 946 acquisitione
2414 880 2597 947 gloria:
2626 889 2680 934 et
2713 881 3012 949 splendoris
3055 883 3349 938 consistere
3373 886 3488 952 ejus
3519 884 3613 937 be-

2041 970 2331 1024 neﬁcium?
2363 971 2494 1025 Cum
2524 971 2666 1026 enim
2715 973 2935 1028 dixisset
2964 991 2978 1027 :
3017 975 3238 1030 Dextera
3279 977 3479 1030 Domini
3499 978 3617 1045 fecit

2039 1060 2294 1124 uirtutem,
2323 1063 2616 1129 Subiunxit,
2658 1062 2878 1117 Dextera
2909 1064 3118 1119 Domini
3149 1069 3388 1121 exaltavit
3427 1085 3525 1133 me,
3549 1075 3610 1121 ut

2037 1152 2346 1206 ostenderet
2395 1151 2618 1220 gloriam
2655 1170 2772 1222 quzc
2798 1154 2865 1208 ad
2903 1170 2962 1209 se
2991 1163 3327 1223 pervenerat.
3358 1155 3621 1214 Exaltarit

2048 1245 2180 1296 enim
2221 1261 2334 1307 me,
2383 1244 2680 1314 signiﬁcat,
2711 1246 2792 1300 Me
2841 1247 3004 1315 gloria
3049 1245 3242 1300 all’eeit.
3291 1246 3409 1304 Non
3443 1248 3612 1304 solum

2039 1337 2181 1390 enim
2209 1335 2336 1391 fecit
2367 1347 2628 1406 potentes,
2651 1337 2745 1392 sed
2773 1339 2930 1392 etiam
2961 1338 3134 1392 claros
3155 1349 3207 1393 et
3235 1339 3487 1394 illustres.

2116 1429 2517 1482 Rcsurrcctionis
2542 1430 2744 1499 imago;
2777 1430 3062 1483 tentationis
3090 1440 3136 1483 et
3165 1432 3506 1500 castigationis
3533 1432 3618 1485 lu-

2039 1535 2202 1572 crum.
2219 1547 2291 1559 —-
2319 1519 2406 1573 17.
2443 1518 2566 1572 Non
2609 1522 2817 1583 moriar,
2854 1521 2940 1574 sed
2958 1521 3138 1585 vivant,
3163 1531 3210 1574 et
3227 1523 3442 1576 narrabo
3463 1540 3618 1592 opera

2041 1609 2266 1663 Domini.
2321 1611 2557 1665 Pericula
2605 1611 2859 1681 quidem,
2929 1614 3130 1682 inquit,
3173 1624 3398 1668 mortem
3445 1617 3615 1668 mina-

2035 1701 2232 1755 bantur
2259 1719 2272 1754 :
2302 1716 2400 1771 ego
2427 1709 2602 1756 autem
2636 1701 2756 1754 Non
2788 1704 2996 1765 moriar,
3028 1703 3116 1757 sed
3140 1706 3323 1756 vivam.
3357 1705 3469 1759 lloc
3513 1717 3614 1770 est,

2042 1793 2170 1847 Tam
2198 1809 2388 1863 magna
2417 1804 2471 1848 et
2512 1793 2840 1849 admirabilia
2874 1795 2996 1848 fecit
3027 1797 3284 1850 Dominus
3311 1839 3324 1858 ,
3360 1807 3416 1851 ut
3443 1799 3521 1852 vel
3549 1799 3618 1852 ab

2041 1886 2154 1954 ipsa
2198 1895 2367 1939 morte
2390 1875 2642 1955 eripuerit
2668 1925 2682 1948 ,
2711 1888 2868 1940 etiam
2907 1895 3031 1940 ante
3071 1887 3273 1942 Novum
3305 1889 3618 1943 Testamen-

2041 1987 2152 2031 tum
2205 1979 2258 2030 in
2309 1979 2557 2045 periculis
2608 1979 2911 2046 Opinionem
2947 1994 3160 2034 omnem
3209 1981 3616 2048 superantibus,

2033 2073 2448 2128 resurrectionis
2499 2073 2779 2140 imaginem
2850 2072 3214 2142 praeligttt’ans.
3278 2073 3431 2127 Dedit
3475 2074 3617 2128 enim

2039 2166 2194 2220 nobis
2214 2164 2298 2218 vel
2327 2179 2356 2216 a
2386 2165 2643 2234 principio
2667 2166 2965 2233 arnigmata,
2987 2165 3202 2233 quando
3226 2165 3406 2220 Enoch
3439 2174 3617 2218 trans-

2042 2257 2160 2312 tulit
2190 2256 2209 2329 (
2238 2255 2364 2312 Gen.
2397 2257 2450 2312 5.
2481 2257 2552 2311 24
2577 2255 2618 2326 ).
2662 2255 2716 2310 Si
2746 2257 2887 2309 enim
2929 2271 3033 2310 non
3075 2256 3250 2312 credis
3293 2255 3407 2310 ﬁeri
3460 2271 3618 2325 posse

2044 2359 2100 2402 ut
2126 2364 2349 2417 corpora
2394 2355 2706 2416 resurgant,
2739 2362 2808 2400 ex
2856 2361 2920 2398 eo
2947 2347 3129 2400 crede.
3159 2346 3439 2412 Quomodo
3475 2347 3615 2400 enim

2041 2450 2188 2494 tanto
2229 2451 2471 2508 tempore
2513 2438 2803 2508 permansit
2866 2438 2994 2492 illud
3045 2437 3287 2506 corpus?
3327 2437 3442 2492 Non
3495 2446 3620 2491 sunt

2040 2535 2180 2587 enim
2208 2532 2447 2602 aequalia,
2488 2531 2702 2584 domum
2747 2548 2865 2601 qua:
2897 2530 3093 2586 interiit
3123 2540 3176 2586 et
3205 2540 3286 2585 est
3314 2531 3488 2586 diruta
3518 2546 3616 2584 ex-

2038 2627 2242 2681 citare:
2292 2633 2348 2678 et
2393 2635 2623 2680 veterem
2677 2639 2739 2678 ac
2785 2623 3135 2677 collabentem
3182 2632 3329 2677 tanto
3369 2633 3608 2692 tempore

2040 2733 2378 2773 conservare.
2414 2718 2601 2771 Annon
2630 2716 2936 2770 consideras
2965 2732 3085 2771 eum
3111 2715 3255 2770 illum
3285 2715 3496 2778 fecisse,
3521 2716 3615 2785 qu'.

2043 2826 2146 2862 non
2177 2819 2292 2862 erat
2318 2808 2341 2862 ?
2372 2807 2533 2862 Multo
2564 2807 2730 2875 magis
2759 2820 2888 2874 ergo
2915 2805 3061 2859 illum
3089 2805 3346 2858 suscitare
3373 2815 3426 2858 et
3459 2805 3615 2858 resti-

2041 2909 2193 2955 tuere
2247 2899 2458 2967 polerit.
2504 2898 2676 2953 Habes
2715 2897 2872 2951 etiam
2917 2897 3076 2950 aliam
3125 2895 3406 2966 imaginem
3440 2913 3618 2951 resuro

2039 2991 2314 3053 rcctionis,
2342 3005 2532 3058 nempe
2559 2989 2722 3043 llelim
2740 2997 2970 3057 raptum,
2995 2989 3082 3056 qui
3107 3003 3203 3041 nec
3225 2987 3276 3040 in
3305 2988 3616 3042 hodiernum

2041 3097 2208 3147 usque
2228 3082 2368 3136 diem
2389 3090 2472 3136 est
2499 3089 2738 3134 mortuus
2769 3080 2844 3147 (lt.
2877 3079 3004 3149 Reg.
3035 3079 3090 3133 2.
3124 3078 3247 3152 11).
3278 3080 3466 3133 Omnia
3495 3090 3618 3134 sunt

2039 3173 2286 3242 expedita
2317 3174 2427 3228 Deo
2451 3183 2504 3228 ct
2530 3172 2728 3228 facilia.
2759 3171 2881 3226 Non
2909 3173 3003 3226 erit
3027 3214 3043 3238 ,
3073 3173 3281 3241 inquit,
3311 3173 3619 3242 impossibile

2039 3265 2181 3332 apud
2209 3265 2369 3320 Deum
2391 3281 2537 3318 omne
2554 3263 2750 3318 uerbum
2777 3266 2793 3333 (
2821 3263 2943 3317 Luc.
2977 3265 3028 3318 1.
3068 3265 3136 3319 5³1
3168 3268 3206 3332 ).
3241 3264 3301 3318 Ει
3333 3264 3612 3334 propheta,

2044 3357 2379 3423 Quaecumque
2422 3357 2616 3418 uoluit,
2655 3358 2769 3427 fecit
2821 3355 2841 3428 (
2886 3355 3038 3410 Psal.
3073 3356 3194 3410 115.
3243 3356 3330 3410 11.
3358 3356 3394 3410 5
3419 3356 3458 3424 ).
3501 3354 3616 3410 Non

2044 3452 2196 3504 vides
2219 3450 2352 3504 fabri
2393 3465 2552 3520 opera
2589 3465 2706 3503 esse
2737 3449 2830 3502 tibi
2864 3447 3098 3501 difﬁcilia
3127 3447 3152 3500 ἲ
3191 3446 3284 3500 sed
3318 3457 3493 3500 tamen
3518 3448 3619 3500 arti

2041 3544 2208 3599 cedis.
2253 3543 2398 3598 Itane
2432 3542 2674 3598 conservi
2697 3541 2909 3612 quidem
2941 3541 3013 3594 tui
3045 3541 3145 3594 arti
3171 3555 3279 3594 non
3321 3539 3574 3594 concedis
3602 3557 3614 3591 :

2040 3649 2070 3688 a
2103 3633 2306 3690 Domini
2327 3641 2500 3687 autem
2534 3632 2790 3699 sapientia
2819 3631 3078 3684 rationem
3106 3630 3293 3699 exigis,
3325 3640 3377 3684 et
3403 3629 3452 3682 id
3477 3629 3614 3699 quod

2042 3725 2101 3780 ﬁt
2131 3725 2232 3780 ﬁde
2259 3739 2363 3778 non
2392 3723 2673 3777 admittis?
2720 3723 2940 3790 Quanta:
2987 3729 3108 3774 sunt
3154 3720 3268 3774 Inec
3305 3720 3620 3773 dementiic?

2043 3817 2165 3873 Non
2190 3819 2398 3882 moriar,
2428 3815 2516 3871 sed
2543 3816 2722 3869 vivant.
2772 3814 2828 3868 Si
2858 3815 2975 3882 quis
3023 3813 3072 3867 id
3103 3812 3246 3882 quod
3295 3811 3490 3867 dictum
3535 3821 3618 3865 est

2029 3910 2272 3964 voluerit
2320 3910 2481 3964 etiam
2511 3922 2724 3962 sumere
2760 3907 3080 3976 anagogice,
3113 3922 3217 3960 non
3246 3904 3466 3959 errabit.
3507 3902 3618 3957 Etsi

2043 4001 2145 4055 hoc
2173 4001 2316 4056 enim
2347 3999 2415 4054 de
2441 3997 2834 4054 resurrectione
2859 3997 3058 4051 dictum
3083 4007 3166 4051 est
3199 3995 3217 4065 (
3251 3996 3378 4049 illud
3431 3996 3572 4050 enim
3603 4035 3619 4058 ,

2045 4093 2167 4147 Non
2198 4092 2406 4154 moriar,
2436 4100 2518 4146 est
2553 4089 2903 4158 signiﬁcantis
2944 4097 3168 4143 mortem
3200 4102 3304 4140 non
3330 4103 3451 4143 esse
3480 4101 3623 4141 mor-

2043 4201 2148 4243 tem
2172 4185 2216 4257 ),
2247 4185 2353 4240 alio
2405 4195 2578 4238 tamen
2607 4183 2768 4238 etiam
2799 4181 2958 4235 modo
3006 4180 3336 4250 intelligitur.
3367 4177 3490 4232 Non
3513 4195 3622 4231 mo-

2041 4278 2148 4330 riar
2173 4277 2337 4340 enim,
2370 4275 2570 4345 inquit,
2594 4273 2763 4327 altera
2793 4281 2964 4326 morte
2991 4288 3004 4324 :
3032 4285 3189 4340 quam
3216 4269 3459 4325 Christus
3485 4283 3621 4339 quo-

2042 4384 2146 4438 que
2184 4368 2485 4438 signiﬁcans
2510 4407 2525 4430 ,
2573 4365 2782 4419 dicebat
2813 4379 2827 4416 :
2858 4362 2957 4429 Qui
3005 4363 3164 4415 credit
3211 4361 3262 4414 in
3302 4378 3400 4423 me,
3430 4361 3619 4430 inquit,

2033 4459 2236 4513 etiamsi
2259 4468 2485 4510 mortuus
2514 4457 2687 4525 fuerit,
2707 4455 2831 4508 uiuet
2855 4470 2874 4508 :
2898 4463 2942 4506 et
2972 4453 3133 4507 onmis
3148 4453 3233 4522 qui
3257 4454 3372 4506 uiuit
3387 4462 3434 4506 et
3463 4452 3623 4506 credit

2044 4554 2096 4607 in
2124 4570 2202 4605 me
2224 4592 2238 4614 ,
2263 4569 2362 4604 non
2396 4551 2635 4603 morietur
2660 4549 2676 4616 (
2699 4549 2852 4602 Joan.
2886 4548 2973 4602 11.
3001 4545 3094 4601 25.
3123 4545 3193 4600 26
3307 4544 3374 4599 Et
3404 4547 3620 4599 narrabo

2044 4665 2195 4719 Opera
2225 4647 2447 4700 Domini.
2481 4645 2594 4700 Hoc
2622 4654 2702 4697 est
2729 4643 2956 4697 maxime
2981 4642 3107 4706 vita,
3135 4656 3256 4695 eum
3283 4640 3500 4695 laudare
3521 4681 3536 4706 ,
3565 4649 3622 4695 et

2045 4745 2159 4810 ejus
2189 4739 2441 4794 miracula
2486 4737 2732 4790 omnibus
2760 4734 3094 4789 annuntiare.
3127 4733 3379 4801 Quaenam
3405 4734 3612 4802 opera?
3689 4720 3704 4736 ’

2043 4833 2151 4898 die,
2179 4847 2379 4901 qumso.
2411 4831 2484 4885 Ea
2508 4846 2626 4900 quae
2653 4837 2736 4884 est
2766 4838 3098 4893 narraturus,
3129 4826 3453 4896 subjungens
3477 4865 3494 4890 ,
3525 4825 3614 4881 18.

2045 4927 2304 4996 Castigans
2331 4923 2588 4993 castigavit
2618 4937 2696 4974 me
2725 4919 2992 4985 Dominus,
3024 4927 3072 4972 et
3099 4921 3248 4971 morti
3289 4934 3389 4971 non
3413 4917 3622 4971 tradidit

2049 5034 2147 5070 me.
2183 5003 2366 5069 Vidisti
2395 5030 2551 5080 quam
2580 5010 2907 5064 admirabilia
2937 5009 3164 5063 fecerit?
3193 5009 3370 5061 vidisti
3403 5023 3524 5077 qua:
3551 5023 3618 5062 ex

2045 5108 2124 5162 eis
2149 5087 2355 5176 capitur
2375 5104 2609 5159 utilitas?
2631 5103 2743 5157 Non
2770 5101 2942 5156 solum
2968 5100 3108 5154 enim
3131 5101 3238 5168 agit
3261 5102 3458 5169 gratias
3477 5100 3618 5168 quod

2047 5199 2206 5254 fuerit
2232 5198 2505 5259 liberatus,
2534 5194 2626 5249 sed
2656 5193 2816 5248 etiam
2844 5191 2982 5262 quod
3007 5191 3294 5253 ceciderit,
3328 5191 3615 5244 maximum

2047 5291 2285 5362 agnoscit
2313 5289 2627 5344 beneﬁcium
2655 5329 2669 5351 ,
2697 5295 2751 5340 ct
2775 5295 3036 5339 memorat
3057 5285 3261 5339 lucrum
3291 5283 3614 5336 tentatiouis.

2046 5385 2322 5453 Quodnam
2355 5383 2455 5437 hoc
2475 5383 2498 5436 ?
2521 5382 2782 5450 Castigans
2826 5379 3088 5448 castigavit
3129 5393 3210 5430 me
3236 5416 3252 5440 ,
3284 5377 3480 5444 inquit,
3513 5374 3623 5428 Do-

2033 5479 2232 5531 ‘minus.
2271 5475 2397 5530 Htec
2432 5483 2514 5528 est
2541 5472 2740 5526 utilitas
2765 5471 3120 5542 periculorum
3139 5510 3154 5530 ,
3187 5468 3330 5537 quod
3353 5484 3475 5520 eum
3503 5483 3620 5521 me-

2049 5571 2236 5625 liorem
2294 5569 2534 5623 fecerint.
2601 5565 2786 5619 Vidisti
2858 5564 3104 5631 utrinque
3165 5561 3282 5627 ejus
3334 5557 3621 5628 potentiam

2043 5672 2104 5718 et
2166 5659 2534 5717 curationem?
2598 5658 2663 5712 Et
2718 5654 2958 5724 permisit
3004 5661 3061 5706 ut
3120 5649 3615 5719 apprehenderetur

2049 5770 2078 5809 a
2105 5754 2280 5816 malis,
2309 5759 2365 5805 et
2391 5766 2511 5806 eum
2535 5763 2720 5803 rursus
2739 5747 2996 5801 liberavit.
3027 5741 3189 5798 Morti
3221 5740 3389 5804 enim,
3421 5739 3611 5810 inquit,

2053 5866 2153 5905 non
2219 5845 2425 5900 tradidit
2483 5857 2582 5897 me.
2637 5841 2706 5896 Et
2751 5850 2894 5898 recte
2957 5838 3092 5895 dixit
3145 5835 3282 5890 alius
3336 5831 3624 5906 interpres,
