4112 6342
499 370 604 428 855

504 482 666 537 Morti
694 491 864 537 autem
893 498 992 535 non
1019 480 1156 534 dedit
1191 497 1292 546 me,
1325 489 1384 534 ut
1425 479 1732 534 ostenderet
1757 477 1934 531 omnia
1961 491 2082 532 esse

501 575 601 628 sita
631 574 682 626 in
713 573 829 641 ejus
861 581 1140 642 potestate.
1169 571 1525 638 Quamobrem
1553 570 1816 638 duplicem
1850 569 2084 623 lucratus

507 675 588 720 est
611 666 855 729 salutem,
900 681 1092 733 nempe
1136 665 1500 718 liberationem
1529 678 1558 716 a
1610 662 1785 728 malis,
1811 670 1865 716 et
1893 661 2086 714 libera-

517 759 714 812 tionem
769 772 796 808 a
839 756 984 809 vitio.
1032 757 1290 823 Quocirca
1341 756 1552 810 diccbat
1606 755 1802 809 Paulus
1847 753 2086 808 scribens

507 847 744 903 Hebraeis
769 867 780 901 :
812 848 874 902 Si
899 858 1064 900 autem
1105 857 1249 902 extra
1277 847 1596 916 disciplinam
1633 846 1748 901 estis
1769 888 1782 909 ,
1811 845 2087 899 adulterini

499 959 620 1013 ergo
641 945 776 1009 estis,
792 957 834 997 et
857 960 956 998 non
973 944 1067 1012 lilii
1089 941 1343 1010 (Heb.12.
1364 941 1438 1012 8).
1459 942 1544 998 19.
1563 942 1764 1012 Aperite
1778 941 1901 994 mihi
1917 949 2087 1010 portas

499 1035 715 1108 iustitia:
739 1053 759 1102 ;
784 1038 1037 1106 ingressus
1062 1036 1116 1089 in
1143 1052 1227 1090 eas
1249 1033 1522 1103 conﬁtebor
1543 1033 1782 1088 Domino.
1807 1031 1874 1087 Iis
1895 1032 1982 1103 qui
2006 1047 2088 1086 ca-

459 1121 462 1123 l
503 1127 769 1196 Sligautur
792 1137 961 1197 parun
990 1127 1318 1196 aperiuntur,
1344 1127 1407 1180 iis
1429 1126 1519 1195 qui
1548 1133 1760 1195 peccata
1789 1123 2082 1193 deponunt.

581 1217 636 1272 5.
688 1217 789 1284 Qui
839 1217 1172 1286 disciplinam
1227 1217 1500 1286 suscepit,
1543 1225 1717 1284 potest
1757 1214 2088 1270 confidenter

502 1311 682 1367 dicere
715 1329 726 1362 :
759 1311 964 1382 Aperite
991 1313 1115 1366 ntihi
1138 1324 1309 1385 portas
1322 1314 1563 1385 justitiae.
1584 1314 1698 1368 lloc
1718 1314 1916 1369 dictum
1943 1319 2084 1368 enim

503 1402 822 1456 sumendum
858 1413 940 1457 est
981 1406 1302 1474 auagogice,
1352 1415 1406 1460 et
1459 1407 1710 1460 crcior-um
1749 1415 1918 1474 portae
1961 1414 2088 1459 sunt

501 1495 864 1566 intelligenda;
887 1539 902 1562 ,
932 1513 1051 1568 qua:
1103 1506 1227 1552 sunt
1271 1499 1468 1552 clausa:
1513 1499 1790 1568 improbis,
1820 1515 1938 1568 qua:
1963 1507 2088 1552 sunt

507 1587 780 1655 pulsanda:
808 1603 903 1657 per
929 1589 1199 1652 virtutem,
1233 1604 1326 1658 per
1351 1589 1743 1661 elcemosynam
1773 1631 1788 1654 ,
1819 1605 1911 1660 per
1935 1589 2090 1658 justi-

505 1677 656 1732 tiam.
689 1677 780 1731 20.
823 1677 950 1733 Haec
977 1688 1123 1750 porta
1151 1678 1354 1733 Domini
1382 1697 1400 1744 ,'
1435 1681 1564 1751 justi
1591 1681 1846 1734 intrabunt
1875 1681 1926 1734 in
1954 1698 2082 1735 eam.

507 1769 643 1825 Sunt
667 1780 830 1841 porta:
857 1773 1067 1838 mortis,
1094 1782 1223 1829 sunt
1253 1785 1417 1843 porta:
1445 1776 1687 1829 interitus
1710 1817 1726 1842 ,
1767 1786 1889 1830 sunt
1921 1787 2085 1846 porta:

506 1864 652 1928 vitzc,
702 1876 824 1919 sunt
869 1876 1037 1936 porta:
1085 1877 1248 1921 arcta:
1275 1875 1328 1922 et
1373 1878 1631 1937 angustzr.
1662 1870 1920 1938 Quoniam
1959 1886 2086 1940 ergo

503 1967 624 2011 sunt
649 1959 846 2023 multzc,
865 1959 989 2012 dicit
1021 1959 1226 2030 insigne
1241 1961 1469 2015 civitatis
1494 1962 2083 2033 Domini,subjungens:

515 2046 642 2101 lla-c
685 2060 830 2118 porta
876 2047 1103 2103 Domini.
1162 2050 1268 2106 Illa:
1309 2052 1453 2106 enim
1503 2070 1613 2107 non
1667 2065 1796 2110 sunt
1851 2056 2082 2110 Domini.

503 2140 782 2206 Quodnam
812 2151 894 2195 est
934 2153 1108 2197 autem
1152 2144 1267 2214 ejus
1311 2145 1561 2216 insigne?
1589 2149 1740 2217 Quod
1786 2149 1875 2218 qui
1922 2151 2085 2205 casti-

514 2242 742 2302 gantur,
773 2235 861 2302 qni
902 2233 1242 2305 afﬂiguntur,
1293 2253 1386 2306 per
1411 2255 1531 2294 eam
1567 2240 1956 2309 ingrediuntur.
1991 2242 2088 2298 Est

514 2324 658 2378 enim
683 2336 829 2379 arcta
857 2335 912 2380 et
932 2335 1152 2397 angusta
1184 2345 1198 2382 :
1227 2329 1271 2384 si
1302 2341 1481 2386 autem
1522 2344 1604 2386 est
1629 2344 1776 2388 arcta
1795 2375 1809 2399 ,
1837 2335 1926 2404 qui
1964 2345 2088 2390 sunt

508 2416 694 2470 amicti
716 2425 771 2471 et
813 2421 1052 2488 oppressi
1079 2461 1094 2484 ,
1127 2435 1222 2490 per
1248 2437 1365 2476 eam
1395 2423 1790 2493 ingredientur:
1824 2429 2084 2496 quemad-

512 2507 727 2561 modum
750 2524 868 2576 quze
891 2509 1034 2564 ducit
1056 2511 1120 2565 ad
1163 2511 1433 2568 interitum
1458 2556 1470 2578 ,
1507 2516 1609 2571 lata
1643 2525 1726 2571 est
1751 2525 1804 2572 et
1829 2520 2084 2588 spatiosa.

579 2597 868 2652 Gratiarum
902 2601 1032 2654 actio
1058 2604 1330 2656 maximum
1350 2607 1683 2676 sacriﬁcium;
1709 2612 1987 2680 prophetiae
1999 2628 2090 2667 cur

505 2689 797 2758 plerumque
841 2691 1106 2756 obscurat;
1146 2693 1373 2750 Christus
1409 2697 1540 2768 lapis
1585 2701 1870 2770 angularis.
1895 2732 1966 2742 —
1992 2702 2081 2758 21.

508 2778 796 2847 Conﬁtebor
820 2784 909 2837 tibi
941 2787 1177 2854 quoniam
1207 2788 1458 2842 exaudisti
1492 2807 1590 2854 me,
1641 2801 1686 2844 et
1706 2795 1870 2864 factus
1891 2811 1942 2848 es
1966 2797 2090 2849 mihi

507 2872 558 2924 in
591 2873 818 2926 salutem.
863 2875 977 2929 Non
1013 2876 1141 2932 dicit
1164 2879 1516 2946 solummodo,
1537 2880 1827 2950 Exaudisti,
1852 2886 1944 2940 sed
1966 2902 2089 2942 cum

508 2963 653 3030 prius
667 2965 978 3035 castigasset
997 2977 1053 3022 et
1073 2970 1343 3025 meliorem
1368 2972 1596 3028 fecisset.
1617 2973 1684 3028 Et
1707 2975 1826 3030 ideo
1846 2977 1952 3046 agit
1970 2993 2092 3049 gra-

511 3055 609 3108 tias
631 3096 647 3122 ,
681 3072 787 3110 non
816 3059 985 3114 solum
1019 3061 1159 3131 quod
1187 3063 1256 3116 sit
1283 3064 1563 3119 exauditus
1588 3109 1601 3130 ,
1634 3066 1728 3122 sed
1761 3067 1920 3122 etiam
1948 3071 2088 3139 quod

507 3146 667 3202 fuerit
689 3151 996 3221 castigatus.
1028 3154 1150 3208 ldeo
1177 3171 1405 3226 namque
1431 3155 1527 3211 fuit
1551 3159 1831 3216 exauditus
1855 3173 1940 3216 :et
1969 3162 2088 3216 ubi-

507 3254 612 3308 que
654 3255 899 3310 magnum
943 3252 1024 3298 est
1060 3246 1197 3313 apud
1238 3247 1407 3316 ipsum
1453 3247 1555 3304 hoc
1598 3265 1766 3319 genus
1803 3253 2088 3322 gratiarum

511 3331 752 3384 actionis.
793 3332 1246 3400 Quemadmodum
1275 3340 1416 3394 enim
1446 3341 1589 3405 dixi,
1633 3357 1730 3396 nec
1757 3343 1976 3398 cessabo
2004 3343 2088 3398 di-

511 3437 652 3486 cere,
673 3423 772 3478 hoc
789 3434 870 3478 est
887 3428 1172 3481 maximum
1191 3429 1507 3485 sacriﬁcium
1536 3443 1590 3487 et
1613 3434 1832 3489 oblatio.
1860 3434 1948 3490 22.
1981 3435 2087 3490 La.

514 3514 680 3583 pidem
702 3533 846 3586 quem
871 3519 1260 3587 reprobaverunt
1285 3522 1614 3589 aediﬁcantes,
1640 3524 1722 3578 hic
1749 3529 1913 3596 factus
1937 3536 2008 3580 est
2036 3527 2090 3580 in

511 3615 662 3676 caput
686 3607 880 3678 anguli.
904 3608 1054 3676 Quod
1079 3609 1179 3666 hoc
1211 3611 1277 3666 de
1297 3611 1509 3668 Christo
1530 3615 1728 3669 dictum
1762 3617 1851 3683 sit,
1879 3617 2091 3672 estcui-

511 3696 592 3750 vis
621 3698 972 3752 manifestum.
1007 3698 1122 3769 Ipse
1153 3701 1292 3755 enim
1322 3704 1372 3756 in
1388 3704 1684 3775 Evangeliis
1716 3705 1930 3763 adducit
1953 3707 2088 3764 hanc

516 3787 869 3856 prophetiam,
893 3790 1075 3846 dicens
1099 3810 1110 3844 -.
1145 3791 1434 3863 Numquam
1462 3795 1918 3866 legistis,Lapidem
1939 3816 2088 3868 quem

509 3876 894 3947 reprobaverunt
913 3882 1242 3950 aediﬁcantes,
1271 3885 1351 3937 hic
1379 3889 1544 3955 factus
1563 3898 1634 3939 est
1658 3889 1710 3941 in
1730 3899 1882 3957 caput
1909 3891 2086 3960 anguli

510 3969 721 4037 (Matth.
747 3974 835 4026 21.
862 3974 960 4038 42;
991 3972 1115 4028 Luc.
1143 3976 1231 4030 ΞΟ.
1270 3971 1400 4040 l7)?
1425 3977 1480 4030 Si
1510 3988 1685 4033 autem
1715 3981 1855 4049 quod
1885 3982 2083 4036 dictum

509 4072 624 4124 est,
660 4080 762 4118 non
792 4066 999 4122 videtur
1025 4067 1258 4135 pendere
1299 4083 1366 4123 ex
1406 4068 1642 4135 historia,
1674 4071 1765 4125 sed
1797 4073 1968 4127 media
2001 4075 2084 4128 in-

509 4166 743 4224 terrupta
771 4172 951 4211 rerum
980 4161 1117 4214 serie
1144 4160 1376 4228 ingressa
1406 4175 1524 4215 esse
1555 4165 1851 4232 prophetia,
1876 4181 1978 4219 non
2001 4175 2085 4222 est

510 4247 719 4311 mirum,
747 4265 844 4304 nec
867 4267 1058 4306 novum
1080 4269 1092 4304 :
1114 4254 1369 4322 siquidem
1399 4255 1664 4326 pleraeque
1691 4259 1768 4312 sic
1798 4261 2083 4314 enuntiata:

507 4346 634 4390 sunt
659 4339 710 4390 in
742 4337 918 4394 Veteri
945 4340 1284 4397 Testamento
1311 4345 1623 4413 prophetim,
1641 4349 1782 4418 quod
1812 4359 2084 4416 oporteret

508 4436 634 4482 tunc
662 4431 914 4498 temporis
943 4432 1011 4485 ita
1035 4433 1244 4504 obtegi,
1275 4443 1331 4488 ut
1361 4451 1463 4489 non
1493 4438 1650 4491 etiam
1681 4439 1779 4508 ipsi
1807 4439 1922 4494 libri
1951 4442 2082 4495 abo-

507 4517 756 4575 lerentar.
793 4520 869 4575 De
893 4522 1006 4590 ejus
1030 4524 1170 4578 enim
1198 4535 1315 4579 ortu
1343 4527 1616 4597 prophetia
1633 4530 1842 4586 videtur
1868 4534 2080 4602 quidem

508 4609 739 4676 pendere
765 4611 831 4666 ab
861 4611 1102 4678 historia,
1132 4615 1262 4670 nihil
1289 4628 1464 4672 autem
1490 4619 1646 4675 habet
1665 4637 1943 4678 commune
1961 4640 2082 4682 cum

409 4695 414 4702 ’
507 4699 616 4763 illa,
646 4709 702 4754 ut
725 4701 873 4767 illud,
905 4703 1034 4757 Ecce
1057 4707 1194 4776 virgo
1214 4707 1266 4761 in
1295 4717 1437 4762 utero
1464 4712 1730 4781 concipiet,
1761 4725 1809 4766 et
1833 4717 1993 4782 pariet
2017 4717 2080 4783 ﬁ-

508 4789 651 4850 lium,
675 4801 720 4846 et
740 4795 982 4848 vocabunt
1005 4797 1021 4828 ¹
1057 4813 1237 4852 nomen
1265 4799 1373 4863 eius
1399 4799 1702 4857 Emmanuel
1727 4802 1876 4874 (Isai.
1897 4807 1946 4859 7.
1969 4807 2080 4874 M),

506 4882 650 4951 quod
697 4893 780 4938 est
819 4885 1256 4956 interpretatum,
1302 4890 1586 4946 Nobiscum
1631 4893 1792 4949 Deus.
1838 4894 2084 4966 Lapidem

505 4991 653 5042 quem
679 4979 1066 5045 reprobaverunt
1090 4982 1399 5049 cdiﬁcantes
1428 4985 1642 5051 (Matth.
1668 4989 1717 5041 1.
1746 4987 1858 5059 25).
1887 4988 2081 5043 Edid-

503 5078 693 5124 cantes
719 5068 806 5124 hic
833 5070 960 5125 dicit
982 5071 1212 5137 Judaeos,
1244 5075 1375 5146 legis
1399 5077 1663 5141 doctores,
1693 5080 1914 5143 scribas,
1945 5080 2085 5135 Pha-

505 5160 710 5227 risaaos,
738 5162 1162 5232 quandoquidem
1189 5168 1540 5236 reprobarunt
1566 5169 1736 5238 ipsum
1755 5211 1770 5232 ,
1797 5170 2038 5227 dicentes
2065 5190 2078 5226 :

499 5250 862 5307 Samaritanus
889 5270 942 5307 es
960 5263 1014 5308 tu
1033 5293 1052 5321 ,
1075 5265 1123 5308 et
1151 5256 1455 5311 da'monium
1484 5259 1636 5312 habes
1668 5259 1841 5317 (Joan.
1869 5261 1921 5315 8.
1950 5263 2040 5331 48)
2063 5305 2077 5328 ,

502 5352 556 5398 ct
581 5358 765 5399 rursus
795 5361 808 5397 :
841 5341 940 5398 Hic
977 5362 1080 5400 non
1121 5357 1193 5401 est
1237 5364 1301 5401 ea:
1341 5347 1482 5415 Deo,
1523 5352 1613 5404 sed
1651 5351 1842 5406 seducit
1881 5354 2080 5408 turbam

501 5435 680 5507 (Joan.
710 5437 761 5492 7.
794 5438 904 5509 12).
935 5439 1033 5496 Hic
1055 5449 1231 5496 tamen
1263 5442 1576 5510 reprobatus
1602 5444 1736 5500 adeo
1764 5445 1960 5515 probus
1984 5463 2078 5516 ap-

502 5529 692 5599 paruit,
721 5539 778 5584 ut
815 5533 969 5588 ﬂeret
1009 5543 1164 5604 caput
1191 5535 1388 5605 anguli.
1421 5533 1536 5590 Non
1565 5535 1707 5590 enim
1735 5552 1908 5594 omnis
1941 5539 2076 5610 lapis

497 5631 652 5692 aptus
675 5633 758 5678 est
782 5623 850 5678 ad
879 5627 1126 5696 angulum
1148 5669 1163 5695 ,
1202 5628 1297 5683 sed
1325 5628 1412 5698 qui
1438 5637 1521 5683 est
1550 5628 1949 5699 probatissimus
1973 5676 1988 5698 ,
2017 5644 2074 5690 et

499 5723 671 5784 potest
698 5730 880 5773 mures
903 5719 1166 5775 revincire
1196 5734 1261 5777 ex
1286 5727 1510 5794 utroque
1536 5720 1720 5779 latere.
1765 5721 1917 5790 Quod
1944 5739 2070 5796 ergo

493 5853 496 5856 .
560 5818 577 5848 ¹
610 5815 771 5879 Savil.,
793 5823 841 5868 et
861 5819 1068 5872 uocatu.

1212 364 1272 422 S.
1310 363 1589 423 JOANNIS
1623 353 2104 420 CHRYSOSTOW
2141 354 2458 415 ARCHIEP.
2498 359 3032 422 CONSTANTINOP.

3673 373 3783 430 356

2192 470 2318 526 dicit
2351 477 2626 544 propheta,
2655 477 2754 532 tale
2779 489 2863 534 est
2892 497 2906 534 :
2935 479 3034 548 Qui
3055 488 3136 535 est
3163 496 3192 536 a
3215 479 3413 538 Judaeis
3440 487 3776 558 reprobatus,

2191 571 2241 616 et
2269 578 2364 632 pro
2395 566 2561 619 nihilo
2590 567 2820 632 habitus,
2844 571 3090 640 apparuit
3116 572 3252 628 adeo
3282 575 3560 642 mirabilis,
3590 589 3645 632 ut
3672 596 3779 636 non

2191 655 2363 710 solum
2393 670 2702 715 contexeret
2739 662 3020 718 :edificium
3045 705 3059 728 ,
3087 665 3180 720 sed
3206 667 3340 722 duos
3362 670 3521 724 etiam
3551 675 3781 741 parietes

2191 747 2539 818 conjungeret
2567 766 2628 805 ac
2654 753 2955 810 revinciret.
2979 756 3125 822 Quos
3149 758 3363 814 tandem
3396 761 3658 830 parietes?
3685 765 3780 822 Ju-

2191 837 2339 894 da‘os
2384 842 2608 908 scilicet,
2639 854 2694 900 et
2744 862 2837 902 eos
2888 849 2978 917 qui
3023 849 3312 906 credebant
3367 869 3434 908 ex
3483 857 3776 924 gentibus:

2191 933 2637 1003 quemadmodum
2660 937 2856 994 Paulus
2874 956 3084 1012 quoque
3103 943 3233 1000 dicit
3257 943 3411 1017 :lpse
3431 949 3562 1003 enim
3583 959 3657 1004 est
3677 968 3782 1020 pas

2192 1037 2380 1088 nostra,
2413 1029 2501 1100 qui
2524 1031 2641 1101 fecit
2664 1043 2873 1102 utraque
2897 1050 3074 1102 unum,
3093 1047 3139 1090 et
3163 1039 3294 1107 scpis
3313 1039 3459 1094 soluit
3487 1045 3776 1109 maceriam,

2192 1121 2483 1176 inimicitias
2510 1124 2562 1178 in
2587 1140 2738 1180 carne
2765 1143 2878 1188 sua,
2905 1129 3064 1197 legem
3089 1131 3462 1201 mandatorum,
3493 1151 3609 1205 ante
3629 1147 3702 1192 est
3726 1139 3781 1192 in

2192 1211 2422 1279 decretis,
2445 1216 2647 1269 abolens
2673 1233 2692 1270 .·
2711 1228 2765 1270 ut
2788 1218 2870 1287 qui
2900 1218 3002 1272 duo
3026 1231 3189 1288 erant,
3206 1235 3512 1279 construeret
3541 1229 3596 1281 in
3624 1245 3785 1282 unum

2191 1317 2372 1355 novum
2401 1305 2652 1359 hominem
2676 1305 2890 1376 (Ep/tes.
2917 1309 2972 1363 2.
3002 1310 3082 1364 14.
3111 1311 3220 1382 15).
3249 1312 3316 1368 Ει
3347 1330 3565 1371 rursus:
3585 1317 3782 1387 Super-

2191 1393 2434 1462 wdiﬁcati
2458 1411 2611 1461 super
2634 1396 3017 1466 fundamentum
3045 1404 3392 1469 apostolorum
3423 1415 3470 1460 et
3499 1409 3778 1479 propheta-

2191 1500 2322 1543 rum,
2352 1485 2463 1555 ipso
2488 1504 2684 1541 summa
2712 1492 2948 1560 angulari
2977 1492 3146 1562 lapide
3173 1493 3371 1550 Christo
3402 1497 3530 1553 Iesu
3557 1500 3782 1571 (Ephes.

2189 1573 2244 1628 2.
2277 1573 2390 1644 20).
2417 1576 2519 1630 Per
2549 1577 2649 1633 hoc
2673 1588 2850 1636 autem
2872 1582 3011 1651 quod
3040 1583 3238 1640 dictum
3260 1597 3341 1642 est
3368 1593 3599 1645 maxime
3623 1607 3784 1648 acea-

2191 1679 2374 1722 sautur
2401 1669 2569 1725 Judtci
2588 1715 2603 1740 ,
2633 1674 2772 1742 quod
2799 1689 2921 1729 cum
2951 1676 3309 1746 aedificarent,
3340 1693 3520 1752 aptum
3552 1684 3786 1754 lapidem

2191 1775 2297 1813 non
2328 1761 2702 1831 dijudicarunt,
2726 1765 2820 1820 sed
2849 1782 2969 1823 eum
2996 1770 3152 1824 etiam
3178 1781 3234 1825 ut
3260 1775 3544 1842 reprobum
3575 1778 3783 1847 rejece-

2191 1863 2333 1916 rnnt,
2365 1857 2451 1922 qui
2481 1865 2686 1924 poterat
2717 1859 2818 1914 tale
2847 1859 3126 1916 azdilicium
3156 1865 3450 1920 continere.
3485 1867 3541 1922 Si
3572 1869 3650 1923 vis
3678 1884 3777 1924 au-

2193 1954 2298 1999 tetn
2345 1947 2482 1999 scire
2524 1949 2738 2017 quinam
2783 1950 2890 2005 sint
2933 1952 2967 2005 ii
3018 1953 3124 2006 duo
3166 1956 3427 2022 parietes,
3454 1958 3578 2012 audi
3606 1958 3785 2028 ipso}

2191 2052 2400 2106 quoque
2441 2037 2712 2092 Christum
2755 2041 3018 2097 dicentem
3049 2061 3062 2097 :
3093 2045 3235 2098 Alias
3259 2047 3408 2100 etiam
3436 2066 3552 2102 oves
3582 2050 3740 2105 habeo
3760 2091 3777 2116 ,

2189 2144 2303 2197 quin
2328 2145 2428 2182 non
2461 2141 2578 2184 sunt
2615 2131 2679 2185 de
2718 2131 2813 2186 hoc
2845 2135 2963 2188 ovili
2981 2177 2996 2201 ,
3028 2146 3075 2189 et
3104 2153 3183 2190 me
3227 2138 3343 2192 illas
3370 2157 3567 2210 quoque
3601 2141 3783 2196 ducere

2191 2228 2385 2284 Oportet
2414 2236 2433 2274 :
2458 2231 2504 2275 et
2542 2222 2628 2289 ﬁet
2671 2240 2828 2277 unum
2864 2227 3023 2291 ovile,
3055 2237 3102 2282 et
3127 2244 3259 2282 unus
3285 2241 3457 2301 pastor
3484 2230 3662 2299 (Joan.
3689 2235 3776 2290 10.

2193 2313 2302 2375 16).
2331 2313 2444 2368 Hoc
2463 2314 2622 2368 etiam
2646 2316 2825 2370 multis
2849 2327 2994 2372 retro
3017 2319 3228 2374 sa'culis
3253 2330 3518 2392 tamquam
3540 2325 3589 2378 in
3614 2324 3779 2395 figura

2193 2406 2389 2461 factum
2427 2418 2530 2460 est.
2575 2408 2841 2464 Abraham
2877 2410 3017 2464 enim
3049 2411 3144 2466 fuit
3169 2423 3514 2486 utrorumque
3549 2417 3782 2486 patriar-

2191 2501 2313 2566 cita,
2342 2511 2395 2556 et
2419 2520 2602 2558 eorum
2629 2507 2718 2576 qui
2749 2507 2799 2561 in
2831 2510 3110 2579 prteputio,
3139 2519 3193 2565 et
3219 2526 3403 2567 eorum
3432 2517 3519 2582 qui
3551 2525 3698 2567 erant
3723 2513 3784 2569 in

2191 2593 2598 2651 circumcisione
2627 2615 2640 2650 :
2669 2598 2760 2652 sed
2799 2599 2923 2654 illud
2959 2603 3108 2670 quasi
3144 2602 3195 2656 in
3227 2605 3413 2673 figura,
3461 2605 3561 2658 hoc
3598 2615 3776 2660 autent

2193 2683 2245 2738 in
2295 2686 2535 2740 veritate.
2583 2687 2684 2741 llic
2728 2691 2891 2758 {actus
2919 2701 2991 2745 est
3019 2693 3071 2745 in
3094 2703 3247 2762 caput
3275 2693 3449 2763 anguli
3483 2711 3502 2748 .'
3529 2695 3628 2750 hoc
3654 2707 3736 2751 Cal.
3758 2739 3772 2759 .

2193 2787 2446 2845 uti-astute
2489 2789 2675 2848 gentes
2718 2783 3009 2850 conjunxit.
3051 2783 3143 2838 25.
3190 2785 3233 2836 Α
3283 2784 3498 2839 Domino
3527 2791 3664 2858 facta
3704 2797 3785 2840 est

2193 2869 2310 2922 ista.
2355 2871 2490 2937 Quid
2517 2881 2617 2937 est,
2645 2873 2688 2925 A
2714 2872 2933 2928 Domino
2960 2879 3096 2946 facta
3115 2886 3186 2930 est
3211 2877 3345 2932 ista?
3372 2877 3488 2932 Non
3513 2890 3626 2933 erat
3645 2919 3660 2944 ,
3692 2881 3774 2934 in-

2192 2960 2340 3030 quit,
2373 2961 2661 3018 humanum
2702 2965 2841 3035 quod
2887 2965 3081 3022 factum
3122 2979 3222 3035 est,
3251 2985 3356 3023 non
3381 2981 3497 3024 erat
3527 2972 3679 3026 unius
3708 2988 3777 3027 ex

2194 3055 2393 3118 multis,
2421 3072 2526 3111 non
2557 3067 2673 3112 erat
2695 3059 3028 3129 angelorum,
3059 3076 3165 3114 non
3193 3070 3309 3115 erat
3334 3062 3773 3134 archangelorum

2197 3146 2352 3200 talem
2384 3148 2632 3217 angulum
2661 3164 3006 3217 componere.
3047 3151 3214 3205 Nemo
3255 3167 3384 3222 ergo
3423 3154 3524 3208 hoc
3570 3157 3769 3224 potant,

2193 3253 2300 3293 non
2322 3239 2515 3308 justus,
2548 3256 2654 3294 non
2686 3242 2939 3310 propheta
2966 3285 2979 3306 ,
3010 3260 3114 3297 non
3141 3245 3378 3315 angelus,
3413 3262 3516 3299 non
3545 3247 3773 3300 archan-

2191 3331 2360 3400 gelus,
2393 3331 2484 3385 sed
2511 3332 2676 3385 solius
2696 3333 2788 3387 llei
2814 3344 2929 3386 erat
2959 3332 3058 3388 hoc
3085 3336 3396 3404 praeclarum
3431 3336 3632 3390 facinus
3658 3349 3775 3393 :est

2193 3421 2332 3474 enim
2381 3420 2496 3490 ejus
2542 3422 2834 3492 proprium.
2879 3423 3028 3477 Alius
3071 3424 3331 3494 interpres
3361 3426 3437 3496 (a)
3467 3426 3626 3487 dicit.
3660 3427 3774 3480 Hoc

2194 3514 2383 3584 factum
2407 3522 2478 3567 est
2505 3531 2537 3567 a
2564 3513 2818 3580 Domino;
2860 3515 2910 3570 id
2937 3525 3038 3583 est,
3067 3517 3166 3572 hoc
3195 3533 3328 3587 Opus
3355 3519 3688 3584 admirabile,
3720 3530 3776 3574 ct

2193 3604 2334 3674 quod
2362 3620 2575 3661 omnem
2600 3617 2816 3675 superat
2836 3609 3156 3676 opinionem,
3181 3610 3281 3664 hoc
3304 3611 3505 3665 scilicet
3525 3625 3658 3679 opus
3678 3627 3773 3665 an-

2191 3696 2318 3766 guli.
2349 3695 2413 3749 Et
2440 3707 2512 3750 est
2538 3697 2849 3752 admirabilis
2867 3700 2921 3752 in
2943 3700 3100 3754 oculis
3122 3700 3324 3754 nostris.
3353 3701 3480 3767 Quis
3499 3710 3585 3756 est
3603 3702 3772 3756 admi-

2192 3788 2408 3842 rabilis?
2441 3789 2681 3859 Angulus
2699 3791 2919 3852 scilicet,
2943 3793 3105 3846 coitio
3123 3792 3347 3846 duorum
3372 3793 3685 3862 populorum
3703 3794 3776 3848 ad

2191 3879 2461 3948 pietatem.
2499 3881 2573 3934 Ex
2602 3881 2800 3936 Judzcis
2827 3883 2969 3937 enim
2999 3884 3180 3938 multa:
3204 3883 3545 3941 crediderunt
3571 3886 3770 3957 myria-

2190 3970 2286 4025 des
2315 3989 2329 4024 :
2360 3972 2646 4040 quinetiam
2677 3973 2779 4042 ipsi
2815 3983 2967 4028 erant
3003 3975 3229 4044 apostoli
3253 3991 3317 4029 ex
3343 3975 3559 4030 ludatis.
3607 3977 3771 4033 Recte

2189 4071 2369 4116 autem
2398 4061 2559 4126 dixit,
2588 4061 2656 4115 In
2685 4064 2845 4116 oculis
2870 4065 3052 4119 nostris
3078 4080 3098 4118 :
3124 4079 3298 4135 neque
3320 4066 3462 4122 enim
3486 4065 3588 4122 hoc
3613 4068 3772 4121 mira-

2189 4155 2366 4210 culum
2389 4156 2632 4211 omuibns
2651 4166 2734 4211 est
2755 4157 3114 4213 manifestum.
3147 4158 3276 4226 Quis
3293 4159 3438 4213 enim
3461 4173 3565 4213 non
3585 4159 3770 4214 obstu-

2191 4257 2390 4316 pescat,
2434 4248 2553 4316 quis
2593 4263 2698 4302 non
2730 4249 3021 4303 admiretur
3059 4249 3201 4320 quod
3249 4249 3336 4304 ubi
3383 4251 3666 4306 cruciﬁxus
3687 4261 3772 4307 est

2189 4337 2430 4394 Christus
2451 4380 2466 4405 ,
2498 4338 2607 4394 illic
2629 4339 2872 4394 Christus
2900 4339 3150 4394 adoraair
3179 4357 3193 4392 ε
3220 4348 3277 4396 et
3294 4341 3382 4410 qui
3405 4357 3525 4396 cum
3554 4342 3767 4412 quidem

2187 4430 2583 4495 cruciﬁxerunt,
2614 4431 2920 4500 ignominia,
2949 4431 3036 4500 qui
3063 4446 3190 4486 vero
3215 4431 3460 4500 adorant,
3490 4434 3656 4505 gloria
3684 4433 3767 4487 af-

2189 4520 2471 4575 ficiuntur?
2525 4519 2840 4576 Universum
2895 4520 3036 4574 enim
3087 4521 3272 4576 orbem
3327 4531 3482 4576 terra:
3537 4524 3770 4592 pervasit

2188 4613 2430 4677 verbum,
2453 4626 2639 4666 omnes
2662 4611 2865 4667 veritati
2892 4611 3236 4682 conjungens.
3271 4613 3365 4668 Est
3384 4628 3512 4682 ergo
3539 4615 3769 4670 admira-

2188 4708 2347 4774 bilis,
2378 4709 2461 4764 vel
2509 4709 2574 4763 iis
2618 4707 2706 4778 qui
2749 4706 3248 4778 quomodocumque
3296 4707 3347 4762 id
3391 4708 3765 4772 considerant,

2189 4802 2356 4856 multo
2396 4809 2569 4855 autem
2606 4799 2772 4869 magis
2796 4810 2849 4854 et
2878 4800 3031 4869 longe
3060 4800 3358 4857 evidentius
3398 4801 3477 4856 eis
3513 4803 3602 4872 qui
3646 4819 3766 4859 cre-

2187 4894 2341 4951 dunt.
2370 4895 2436 4948 Et
2457 4895 2574 4948 ideo
2593 4893 2746 4960 dixit,
2771 4891 2836 4947 In
2863 4893 3024 4947 oculis
3051 4893 3255 4947 nostris.
3281 4893 3370 4948 24.
3399 4893 3528 4948 Ha'c
3545 4903 3619 4949 est
3663 4893 3776 4947 dies

2177 5002 2339 5056 quam
2363 4987 2477 5054 fecit
2509 4984 2787 5048 Dominus;
2815 4984 3137 5050 mallemus,
3163 4994 3208 5038 et
3229 4984 3453 5039 laetemur
3473 4986 3524 5039 in
3549 5002 3628 5039 ea.
3661 4986 3768 5041 Vo-

2187 5087 2274 5134 cat
2299 5077 2383 5132 hic
2409 5076 2571 5143 dietn,
2603 5091 2708 5130 non
2734 5076 2859 5131 solis
2879 5091 3113 5136 cursum.
3137 5075 3231 5130 sed
3262 5076 3511 5145 prmclara
3535 5075 3764 5131 facinora

2189 5180 2308 5241 qua:
2351 5171 2402 5224 in
2448 5184 2512 5223 eo
2555 5178 2702 5237 gesta
2743 5179 2887 5222 sunt.
2929 5167 3078 5224 Sicut
3107 5168 3248 5224 enim
3284 5168 3375 5238 qui
3401 5168 3540 5224 diem
3567 5172 3764 5224 malum

2188 5259 2336 5324 dicit,
2370 5273 2474 5314 non
2513 5273 2728 5313 cursum
2769 5257 2918 5324 solis,
2951 5257 3044 5314 sed
3070 5257 3206 5312 mala
3231 5273 3351 5327 quae
3376 5257 3428 5312 in
3458 5259 3573 5328 ipso
3596 5271 3720 5314 sunt
3749 5278 3763 5313 :

2187 5351 2258 5406 ita
2286 5351 2443 5406 etiam
2475 5350 2669 5405 bonum
2695 5351 2837 5405 diem
2867 5359 3018 5404 vocat
3042 5350 3295 5420 praeclara
3324 5349 3455 5405 facta
3477 5367 3596 5421 qua:
3623 5352 3674 5406 in
3699 5367 3768 5406 eo

2188 5441 2417 5497 fuerunt.
2461 5441 2612 5508 Quod
2647 5451 2823 5494 autem
2852 5439 3016 5504 dicit,
3045 5449 3125 5494 est
3154 5439 3413 5509 ejusmodi
3446 5441 3592 5498 :Res
3632 5457 3759 5512 prte-

2184 5537 2352 5592 claras
2381 5551 2500 5604 qua:
2541 5537 2590 5588 in
2630 5550 2695 5588 eo
2722 5543 2882 5600 gesta:
2921 5543 3047 5587 sunt
3090 5533 3226 5588 Dens
3272 5533 3429 5599 fecit;
3465 5544 3581 5590 erat
3620 5535 3764 5591 enim

2183 5629 2321 5684 illius
2348 5626 2512 5681 solius
2541 5638 2727 5679 manus
2755 5623 2966 5679 et‘licere
2993 5640 3112 5693 quae
3139 5624 3274 5681 facta
3299 5632 3444 5680 sunt.

2243 5759 2316 5819 (a)
2341 5765 2423 5808 HIC
2445 5769 2690 5826 interpres
2711 5765 2796 5830 est
2809 5755 2999 5830 Aquila,
3021 5770 3430 5830 quemsequutus
3449 5765 3764 5830 Hieronymus

2183 5817 2398 5870 verterat
2417 5834 2427 5867 :
2445 5834 2479 5868 ,ι
2497 5817 2692 5869 ποίιείηο
2701 5817 2881 5881 factum
2889 5826 2957 5870 est
2972 5817 3119 5871 istud.
3133 5817 3256 5871 Vide
3267 5817 3316 5870 in
3327 5820 3556 5884 Hexaplis
3571 5817 3758 5876 nostris.
