4112 6342
328 362 431 417 535

329 497 395 550 σῃ
416 479 498 531 ὅτι
518 479 575 530 ἐν
593 477 660 547 τῇ
684 473 898 546 ἐξουσίᾳ
915 473 1078 528 αὐτοῦ
1099 472 1162 528 τὸ
1181 473 1287 527 πᾶν
1316 471 1682 527 ἓκειτο.’⁸Ωστε
1719 472 1908 542 διπλῆν

329 563 588 633 ἐκέρδανε
623 561 920 631 σωτηρίαν,
941 560 1040 630 τήν
1059 575 1118 612 τε
1139 558 1247 611 τῶν
1267 558 1478 618 δεινῶν,
1499 565 1598 628 την
1618 575 1677 610 τε
1699 557 1796 626 τῆς
1818 574 1916 608 κα-

328 647 451 710 κίας
492 644 832 712 ἀπαλλαγήν.
875 643 968 696 Διὸ
1022 648 1115 696 καὶ
1157 643 1369 707 Παῦλος
1425 642 1610 710 ἔλεγεν
1643 641 1918 711 Ἑϐραίοις

329 729 560 802 γράφων
576 743 589 757 ⁸
609 731 678 783 El
698 727 765 780 δὲ
785 727 959 792 ἐκτός
976 727 1117 780 ἐστε
1135 726 1427 792 παιδείας,
1441 725 1556 794 ἄρα
1571 728 1734 780 νόθοι
1751 724 1912 789 ἐστὲ,

330 814 427 867 καὶ
466 814 581 881 οὐχ
617 811 756 865 υἱοί.
789 809 1085 875 Ἀνοίεατέ
1114 827 1217 879 μοι
1255 811 1456 875 πύλας
1485 808 1912 874 δικαιοσύνης·

329 899 622 954 εἰσελθὼν
655 899 723 950 ἐν
763 896 972 962 αὐταῖς
1009 894 1558 966 ἐξομολογήσομαι--
1581 894 1662 960 τῷ
1700 896 1914 962 Κιιρίῳ.

330 989 457 1052 Τοῖς
497 985 902 1056 παιδευομένοις
920 987 975 1038 αἱ
999 984 1164 1038 πύλαι
1184 985 1514 1054 ἀνοίγονται,
1535 987 1646 1048 τοῖς
1666 983 1918 1036 ἀποτιθε-

333 1072 518 1142 μένοις
537 1071 607 1123 τά
626 1069 846 1140 άμαρτή
855 1085 1021 1138 ματα.

401 1161 466 1207 ε’.
498 1155 559 1206 '0
582 1151 890 1215 παιδευθεὶς
925 1151 1063 1221 μετὰ
1095 1151 1408 1224 παρρησίας
1439 1149 1660 1203 δύναται
1699 1148 1874 1216 λέγειν
1899 1163 1913 1178 ·

342 1237 642 1302 Ἇνοίξατέ
686 1254 790 1306 μοι
837 1237 1040 1302 πύλας
1075 1235 1492 1302 δικαιοσύνης.
1534 1235 1642 1287 Καὶ
1681 1233 1786 1304 γὰρ
1827 1231 1920 1285 καὶ

331 1321 478 1376 κατά
513 1319 801 1390 ἀναγωγὴν
839 1318 1136 1388 ἐκληπτέον
1172 1317 1234 1370 τὺ
1268 1318 1576 1388 εἰρημένον,
1612 1317 1706 1369 καὶ
1745 1315 1919 1378 πύλας

330 1406 430 1467 τὰς
449 1403 556 1456 τῶν
575 1402 820 1474 οὐρανῶν
840 1401 1078 1472 νοητέον,
1101 1403 1157 1455 αῖ
1176 1403 1288 1464 τοῖς
1310 1403 1564 1471 πονηροῖς
1583 1401 1686 1451 εἰσι
1709 1399 1920 1451 κεκλει-

335 1486 555 1558 σμέναι,
579 1486 714 1557 πρὸς
731 1498 757 1526 ι
779 1485 845 1549 ἃς
863 1485 944 1539 δεῖ
961 1484 1177 1557 κρούειν
1196 1483 1284 1537 διὰ
1303 1483 1401 1554 τῆς
1421 1483 1640 1552 ἀρετῆς,
1681 1481 1747 1534 δι’
1769 1481 1921 1551 ἐλεη-

339 1569 599 1641 μοσύνης,
621 1568 708 1622 διὰ
726 1568 1090 1640 δικαιοσύνης.
1112 1567 1272 1634 Αὕτη
1297 1568 1334 1635 ἠ
1358 1567 1520 1634 πύλη
1541 1565 1646 1620 τοῦ
1668 1565 1886 1634 Kvplov
1902 1580 1915 1593 ·

335 1653 552 1706 δίκαιοι
580 1653 1032 1706 εἰσελεύσονται
1051 1653 1121 1704 ἐν
1137 1649 1314 1719 αὐτῇ.
1343 1649 1461 1702 Εἰσὶ
1481 1649 1644 1702 πύλαι
1666 1648 1920 1714 θανάτου,

335 1738 443 1789 είσὶ
463 1735 627 1790 πύλαι
649 1735 945 1800 ἀπωλείας,
969 1737 1076 1788 εἰσὶ
1098 1735 1264 1787 πύλαι
1287 1735 1452 1805 ζωῆς,
1475 1735 1582 1787 είσὶ
1603 1734 1769 1786 πύλαι
1800 1751 1922 1786 στε-

334 1819 426 1874 ναὶ
464 1820 560 1872 καὶ
599 1819 956 1889 τεθλιμμέναι
975 1820 1022 1871 1‘.
1046 1819 1146 1872 Διὰ
1183 1819 1244 1886 δὴ
1287 1818 1446 1871 τοῦτο
1482 1818 1669 1890 ἐπειδὴ
1711 1817 1924 1883 πολλαὶ,

335 1903 483 1972 λέγει
520 1902 581 1956 τὺ
619 1903 946 1974 παράσημον
976 1903 1076 1972 τῆς
1093 1901 1189 1955 τοῦ
1213 1901 1420 1973 Κυρίου
1443 1901 1637 1971 πύλης,
1660 1902 1882 1968 ἐπάγων
1907 1917 1920 1930 ·

335 1990 499 2057 Αὕτη
541 1989 582 2056 ἡ
622 1990 786 2056 πύλη
826 1987 933 2041 τοῦ
975 1988 1216 2055 Κυρίου.
1257 1987 1493 2040 Ἐκεῖναι
1530 1987 1638 2058 γὰρ
1673 1986 1794 2056 ούχὶ
1830 1985 1924 2038 τοῦ

338 2073 567 2142 Κυρίου.
591 2072 702 2125 Καὶ
719 2072 778 2124 τὸ
799 2071 1128 2141 παράσημον
1147 2073 1298 2123 ποῖον
1319 2071 1524 2140 αύτῆς;
1561 2071 1632 2122 Τὸ
1668 2069 1735 2122 δι’
1757 2069 1925 2138 αὐτῆς

336 2157 466 2218 τοὺς
506 2155 929 2226 παιδευομένους
948 2154 1197 2218 εἰσιέναι,
1215 2156 1343 2216 τοὺς
1363 2152 1732 2222 θλιϐομένους.
1756 2152 1924 2221 Στενὴ

339 2239 452 2312 γάρ
481 2241 597 2292 ἐστι
636 2240 728 2292 καὶ
765 2237 1127 2309 τεθλιμμένη·
1152 2239 1201 2289 εἰ
1221 2237 1276 2290 δέ
1297 2236 1652 2306 τεθλιμμένη,
1673 2237 1724 2287 οἱ
1745 2235 1923 2287 θλιϐό-

341 2339 495 2393 μενοι
530 2322 596 2375 δι’
615 2323 786 2392 αὐτῆς
826 2321 1163 2392 βαδιοῦνταιο
1185 2320 1375 2390 ὥσπερ
1411 2321 1444 2391 ἡ
1485 2319 1618 2390 πρὸς
1651 2319 1927 2372 ἀπώλειαν

341 2405 570 2460 πλατεῖα
589 2406 688 2459 καὶ
708 2405 1042 2477 εὐρύχωρος.

425 2488 970 2560 Ἐξομολογήσομαί
1005 2502 1124 2552 σοι,
1165 2487 1253 2542 ὄτι
1290 2485 1641 2554 ἐπήκουσάς
1665 2504 1806 2556 μου,
1831 2485 1930 2540 καὶ

341 2571 554 2642 ἐγένου
585 2590 704 2642 μου
746 2575 832 2638 είς
872 2571 1192 2639 σωτηρίαν.
1215 2571 1324 2640 Οὐχ
1363 2569 1546 2634 ἁπλῶς
1588 2565 1762 2636 εἶπεν,
1789 2571 1930 2624 Ἑπ-

342 2657 637 2724 ηκουσας,
660 2655 795 2710 ἀλλά
815 2655 1079 2728 πρότερον
1101 2655 1418 2719 παιδεύσας,
1445 2656 1538 2707 καὶ
1559 2655 1752 2724 βελτίω
1784 2656 1934 2726 ποιη-

347 2758 466 2803 σας.
488 2740 578 2793 Διὸ
614 2741 707 2793 καὶ
740 2739 1072 2812 εὐχαριστεῖ,
1103 2740 1200 2811 οὐχ
1239 2739 1377 2811 ὑπὲρ
1416 2733 1491 2793 ὧν
1530 2739 1794 2809 ἠκούσθη,
1817 2739 1930 2792 ἀλλ’

346 2825 488 2896 ὑπὲρ
523 2819 598 2877 ὧν
635 2823 948 2895 ἐπαιδεύθη.
971 2823 1070 2877 Διά
1090 2823 1198 2895 γὰρ
1219 2822 1375 2876 τοῦτο
1393 2822 1656 2893 ἠκούσθη,
1680 2826 1772 2875 καὶ
1794 2839 1932 2875 παν-

345 2909 516 2980 ταχοῦ
537 2909 670 2963 πολὺ
709 2910 868 2962 τοῦτο
889 2909 1020 2980 παρ’
1039 2907 1189 2978 αύτῷ
1207 2907 1266 2960 τὸ
1286 2909 1384 2978 τῆς
1404 2907 1751 2979 εὐχαριστίας
1771 2903 1928 2968 εἶδος.

349 2992 530 3064 Ὅπερ
565 2992 674 3064 γὰρ
710 2989 884 3057 εἷπον,
910 2993 1002 3044 καὶ
1038 2991 1212 3060 λέγων
1231 2992 1291 3044 ού
1315 2991 1612 3060 παύσομαι,
1634 2991 1791 3043 τοῦτο
1829 2990 1934 3060 μάο

348 3075 507 3130 λιστα
537 3075 695 3128 θυσία
721 3077 816 3129 καὶ
846 3076 1148 3148 προσφορά.
1171 3077 1353 3129 Λίθον
1383 3074 1456 3127 ὃν
1478 3074 1934 3142 ἀπεδοκίμασαν

351 3162 406 3216 οι
425 3159 900 3229 οἰκοδομοῦντες,
920 3156 1097 3226 οὗτος
1115 3159 1366 3229 ἐγενήθη
1387 3161 1474 3224 είς
1490 3157 1642 3230 [525]
1660 3156 1934 3226 κεφαλὴν

351 3247 719 3316 ’μανίας-,Ὅτι
742 3244 840 3314 μὲν
861 3247 940 3307 είς
960 3245 1192 3316 Χριστὸν
1210 3245 1271 3296 τὸ
1289 3246 1600 3314 εἰρημένον,
1630 3242 1790 3297 παντί
1831 3259 1932 3295 που

351 3329 531 3399 δῆλον.
553 3331 662 3382 Καὶ
681 3328 790 3399 γὰρ
810 3327 972 3391 αὐτὸς
991 3331 1048 3380 ἐν
1071 3330 1180 3389 τοῖς
1200 3327 1552 3395 Εὑαγγελίοις
1573 3326 1773 3396 ταύτην
1794 3343 1932 3397 παρ-

353 3411 477 3481 άγει
513 3413 613 3484 τὴν
649 3412 986 3483 προφητείαν
1018 3412 1190 3480 λέγων
1210 3429 1224 3442 ο
1267 3410 1564 3464 Οὐδέποτε
1595 3411 1892 3479 ἀνέγνωτε
1917 3450 1931 3470 ,

353 3497 537 3548 Λίθον
573 3495 644 3548 ὃν
667 3495 1121 3564 ἀπεδοκίμασαν
1161 3498 1213 3549 οὶ
1245 3493 1716 3561 οἰκοδομοῦντες,
1757 3489 1936 3558 οὗτος

353 3577 604 3648 ἐγενήθη
627 3581 713 3644 είς
731 3579 1007 3648 κεφαλὴν
1028 3580 1277 3648 γωνίας;
1300 3578 1436 3631 Εἰδέ
1460 3579 1534 3648 μὴ
1554 3578 1702 3630 δοκεῖ
1737 3577 1797 3641 ἐξ
1834 3577 1934 3630 αύ-

353 3665 453 3736 τῆς
470 3664 738 3734 ἠρτῆσθαι
758 3665 852 3734 τῆς
879 3663 1117 3732 ἱστορίας
1150 3663 1210 3716 τὸ
1243 3663 1553 3734 εἰρημένον,
1592 3661 1726 3714 ἀλλὰ
1767 3663 1936 3730 μέσην

353 3750 453 3818 τὴν
476 3747 836 3800 ἀκολουθίανο
866 3748 1169 3818 διακόψασα
1208 3749 1241 3818 ὴ
1281 3749 1583 3818 προφητεία
1623 3746 1933 3816 ἐπεισῆλθε,

357 3832 670 3902 θαυμαστὸν
708 3833 878 3895 οὐδὲν,
900 3831 1020 3885 οὐδὲ
1060 3832 1246 3885 καινόν
1269 3846 1282 3859 ⁸
1323 3831 1466 3884 οὓτω
1506 3831 1614 3902 γὰρ
1647 3834 1700 3884 αἱ
1724 3831 1938 3892 πλείους

354 3917 465 3969 τῶν
505 3917 850 3988 πῳφητειῶν
889 3916 1300 3987 ἐξεφωνήθησαν
1319 3918 1377 3969 ἐν
1397 3919 1460 3987 τῇ
1487 3915 1715 3985 Παλαιᾷ,
1751 3915 1838 3967 διὰ
1879 3913 1940 3966 τὸ

354 3999 466 4052 δεῖν
502 4001 672 4060 αὑτὰς
712 4000 1098 4064 συσκιάζεσθαι
1119 4001 1274 4063 τέως,
1298 3999 1438 4052 ὥστε
1465 4000 1540 4070 μὴ
1559 4000 1651 4051 καὶ
1671 4000 1738 4051 τα
1760 3996 1939 4067 βιϐλία

356 4083 498 4137 αὐτὰ
531 4083 930 4154 ἐξαλειφθῆναι.
950 4085 1102 4138 Ἐπεὶ
1142 4084 1234 4137 καὶ
1271 4085 1304 4154 ἡ
1350 4086 1478 4154 περὶ
1517 4083 1616 4152 τῆς
1638 4083 1939 4152 γεννήσεως

357 4169 524 4224 αὑτοῦ
541 4171 844 4241 προφητεία
863 4170 1009 4223 δοκεῖ
1030 4170 1126 4240 μὲν
1147 4169 1255 4222 ἀπὸ
1272 4171 1370 4240 τῆς
1392 4169 1629 4239 ἱστορίας
1650 4165 1938 4238 ἠρτῆσθαι,

358 4255 510 4309 ούδέν
545 4255 602 4308 δὲ
641 4254 816 4308 κοινὸν
845 4254 960 4325 ἔχει
993 4255 1127 4325 πρὸς
1157 4253 1404 4324 ἐκείνηνο
1445 4247 1555 4305 οἷον
1590 4251 1670 4314 τὸ,
1712 4249 1864 4304 Ἰδοὺ
1902 4251 1939 4318 ἠ

360 4337 656 4407 παρθένος
673 4339 744 4391 ἐν
762 4338 971 4408 γαστρί
1005 4337 1286 4406 λήψεται,
1305 4337 1401 4390 καί
1422 4334 1650 4398 τέξεται
1666 4336 1819 4398 υἱὸν,
1842 4334 1940 4386 καὶ

361 4421 732 4478 καλέσουσιά
778 4422 845 4476 τὸ
880 4421 1067 4491 ὄνομα
1100 4419 1288 4474 αὐτοῦ
1320 4417 1721 4490 Ἐμμανουήλ,
1745 4417 1778 4469 ὅ
1812 4417 1944 4470 ἐστι

356 4508 978 4579 μεθερμηνευόμενον,
1025 4506 1166 4560 Μεθ’
1193 4501 1363 4575 ἡμῶν
1389 4507 1422 4560 ό
1453 4505 1616 4570 Θεός.
1656 4501 1836 4555 Λίθον
1873 4499 1946 4552 ὃν

361 4592 817 4661 ἀπεδοκίμασαν
871 4595 927 4646 οὶ
979 4589 1455 4660 οἰκοδομοῦντες.
1511 4583 1944 4656 Οίκοδομοῦντας

363 4676 512 4748 λέγει
551 4678 676 4740 τοὺς
724 4676 1042 4741 Ἰουδαίους,
1089 4676 1216 4737 τοὺς
1256 4671 1776 4744 νομοδιδασκάλους,
1815 4671 1942 4732 τοὺς

363 4771 730 4841 γραμματεῖς,
752 4771 878 4834 τοὺς
898 4769 1244 4840 Φαρισαίους,
1266 4769 1348 4822 ὅτι
1367 4762 1764 4835 ἀπεδοκίμαζον
1784 4762 1944 4816 αύτδν

364 4853 645 4922 λέγοντες·
677 4855 1039 4922 Σαμαρείτης
1070 4853 1126 4907 ετ
1152 4852 1254 4916 σὺ,
1277 4850 1375 4904 καὶ
1411 4849 1720 4919 δαιμόνιον
1747 4846 1909 4916 ἔχεις
1927 4861 1942 4877 ·

368 4939 462 4994 καὶ
501 4939 662 4992 πάλιν
682 4954 694 4966 ο
739 4935 927 5004 Οὗτος
950 4941 1062 4992 οὐκ
1130 4937 1302 4991 ἔστιν
1333 4939 1400 4990 ἐκ
1449 4935 1558 4990 τοῦ
1592 4933 1761 4996 Θεοῦ,
1785 4930 1948 4987 ἀλλὰ

369 5021 574 5091 πλανᾷ
591 5023 696 5078 τὸν
720 5024 927 5092 ὄχλον.
947 5023 1083 5076 Ἀλλ’
1101 5023 1252 5095 ὅμως
1271 5015 1424 5085 οὗτος
1443 5024 1471 5075 0
1490 5017 1949 5090 ἀποδοκιμασθεὶς

367 5109 544 5172 οὕτως
580 5110 750 5180 ἐφάνη
790 5109 1031 5180 δόκιμος,
1052 5108 1127 5171 ὡς
1165 5107 1415 5176 γενέσθαι
1450 5106 1690 5176 κεφαλὴν
1724 5105 1945 5173 γωνίας.

371 5194 447 5248 οὐ
487 5193 595 5265 γὰρ
629 5195 772 5257 ἄπας
793 5193 938 5258 λίθος
957 5194 1035 5256 εἰς
1055 5193 1255 5262 γωνίαν
1277 5190 1596 5260 ἐπιτήδειος,
1618 5188 1730 5241 ἀλλ’
1753 5190 1780 5241 0
1800 5188 1946 5240 δοκι-

375 5281 643 5353 μώτατος,
665 5283 756 5336 καὶ
775 5277 836 5344 ἐξ
853 5279 1120 5351 ἑκατέρας
1140 5277 1378 5348 πλευρᾶς
1415 5279 1540 5340 τοὺς
1578 5275 1788 5346 τοίχους
1824 5291 1945 5328 συν-

438 5551 467 5580 ⁸
490 5548 571 5597 Sic
591 5547 746 5598 Savil.
771 5548 824 5596 In
852 5547 1023 5597 Morel.
1052 5553 1214 5596 aulem
1233 5546 1348 5609 πρός
1369 5545 1529 5594 deest.

433 5611 464 5652 δ
485 5613 719 5660 Savilium
742 5609 1008 5671 sequimur.
1040 5610 1210 5658 Morel.
1238 5605 1359 5671 ζωῆς
1383 5611 1429 5654 αἱ
1455 5606 1613 5671 στεναὶ
1629 5605 1711 5671 καὶ
1731 5606 1854 5671 τεθλ.

437 5679 458 5704 ε
485 5674 633 5723 Savil.
658 5674 780 5721 ἀλλὰ
819 5669 968 5734 μέσον
990 5674 1074 5729 τὴν
1097 5672 1232 5720 ἀκολ.
1278 5669 1405 5719 Infra
1444 5671 1490 5718 ἐν
1512 5675 1570 5733 τῇ
1597 5670 1786 5732 Παλαιᾲ
1809 5669 1952 5717 deest.

370 5740 421 5788 In
444 5736 594 5786 Savil.

438 5797 468 5840 ἀ
500 5798 650 5851 δαγίι.
677 5800 757 5848 καὶ
776 5800 1011 5854 καλέσεις.

1391 357 1762 414 EXPOSITIO
1798 357 1862 412 IN
1907 357 2240 414 PSALMUM
2282 359 2490 421 CXVII.

2023 472 2182 541 δῆσαι
2221 473 2517 544 δυνάμενος
2537 485 2582 526 ι’.
2612 477 2676 528 ’0
2712 474 2890 530 τοίνυν
2907 476 2936 529 0
2955 478 3238 549 Προφήτης
3257 479 3422 550 λέγει,
3443 484 3602 540 τοῦτο

2019 559 2188 622 ἐστιν,
2210 560 2289 612 δτι
2330 563 2358 614 0
2396 561 2853 630 ἀποδοκιμασθεὶς
2890 563 3043 635 παρά
3069 564 3178 619 τῶν
3209 567 3473 622 Ἰουδαίων
3506 573 3602 625 καὶ

2020 642 2416 713 ἐξουθενηθεὶς,
2440 644 2612 708 οὓτως
2633 646 2804 717 ἐφάνη
2827 648 3158 718 θαυμαστὸς,
3183 649 3321 704 ὥστε
3345 653 3418 724 μὴ
3442 655 3601 724 μόνον

2018 726 2308 810 οἰκοδομὴν
2352 729 2585 798 ὑφῆναι,
2627 730 2765 783 ἀλλὰ
2806 732 2898 784 καὶ
2937 732 3030 786 δύο
3075 735 3330 804 συνδῆσαι
3368 738 3599 810 τοίχους.

2019 809 2212 873 Ποίους
2249 811 2312 880 δὴ
2354 813 2566 882 τοίχους
2592 829 2605 875 ;
2636 815 2774 877 Τοὺς
2810 814 2868 879 ἐξ
2902 816 3169 870 Ἰουδαίων
3210 821 3305 873 καὶ
3335 821 3603 892 Ἑλλήνων

2020 896 2409 958 πιστεύονταςο
2457 896 2708 968 καθάπερ
2748 899 2841 950 καὶ
2873 901 2900 951 0
2939 898 3148 964 Παῦλος
3186 901 3370 968 λέγει·
3409 907 3605 973 Αὐτὸς

2019 975 2130 1047 γάρ
2151 978 2322 1031 ἐστιν
2360 981 2398 1047 ἡ
2435 982 2645 1049 εἰρήνη
2666 981 2853 1050 ἡμῶν,
2882 985 2914 1037 ὁ
2933 987 3192 1052 ποιήσας
3215 987 3284 1040 τὰ
3304 989 3604 1059 ἀμφότερα

2017 1061 2106 1125 ἐν,
2148 1063 2243 1115 καὶ
2282 1062 2350 1115 τὸ
2383 1065 2745 1133 μεσότοιχον
2779 1067 2885 1120 τοῦ
2923 1070 3194 1138 φραγμοῦ
3230 1074 3449 1139 λύσας,
3491 1075 3606 1140 τὴν

2018 1145 2243 1215 ἔχθραν
2261 1146 2331 1199 ἐν
2349 1146 2423 1215 τῇ
2445 1149 2620 1216 σαρκί
2641 1150 2846 1213 αὑτοῦ,
2870 1151 2976 1203 τὸν
2999 1153 3187 1222 νόμον
3208 1154 3324 1208 τῶν
3343 1156 3606 1211 ἐντολῶν

2017 1231 2090 1284 ἐν
2122 1231 2378 1300 δόγμασι
2413 1233 2818 1302 καταργήσας,
2847 1235 2946 1289 ἵνα
2983 1238 3125 1302 τοὺς
3163 1237 3268 1291 δύο
3303 1241 3482 1308 κτίσῃ
3521 1243 3603 1306 εις

2018 1313 2127 1367 ἕνα
2169 1313 2382 1368 καινὸν
2427 1315 2756 1383 ἄνθρωπον.
2797 1319 2906 1372 Καὶ
2944 1319 3135 1372 πάλινο
3189 1321 3610 1392 Ἐποικοδομηε

2021 1398 2224 1466 θέντες
2243 1399 2321 1465 τῷ
2341 1401 2588 1469 θεμελίῳ
2609 1399 2726 1452 τῶν
2743 1400 3102 1456 ἀποστόλων
3133 1405 3232 1458 καὶ
3264 1404 3605 1475 προφητῶν,

2021 1481 2195 1548 ὄντος
2229 1483 2654 1551 ἀκρογωνιαίου
2693 1486 2867 1538 λίθου
2902 1487 3104 1552 Ἰησοῦ
3151 1489 3422 1556 Χριστοῦ.
3447 1489 3490 1540 Τ
3492 1489 3522 1542 δ
3551 1490 3609 1544 δὲ

2021 1566 2309 1637 εἰρημένον
2333 1566 2500 1637 πολλὴ
2524 1570 2826 1639 κατηγορία
2850 1570 2955 1624 τῶν
2989 1571 3280 1631 Ἰουδαίων.
3302 1573 3383 1626 ὃτι
3404 1574 3610 1628 οἰκοδο-

2026 1649 2251 1720 μοῦντες
2284 1649 2373 1703 τὸν
2406 1650 2709 1719 ἐπιτήδειον
2749 1651 2896 1704 λίθον
2927 1654 3028 1707 οῦκ
3049 1655 3268 1726 ἔκριναν
3292 1657 3336 1719 ί,
3361 1657 3495 1712 ἀλλὰ
3515 1658 3610 1713 καὶ

2023 1733 2097 1795 ὡς
2136 1733 2389 1803 ἀδόκιμον
2424 1733 2672 1804 ἔρριψαν,
2704 1736 2958 1806 τοιαύτην
2991 1738 3286 1809 δυνάμενον
3325 1741 3611 1812 οίκοδομὴν

2024 1816 2222 1886 ὑφῆναι
2268 1819 2328 1871 EE
2358 1819 2413 1870 δὲ
2450 1820 2628 1889 βούλει
2657 1821 2782 1883 τοὺς
2801 1821 2894 1874 δύο
2914 1822 3122 1891 τοίχους
3145 1823 3354 1893 μαθεῖν,
3380 1825 3612 1878 ἄκουσον

2023 1901 2117 1952 καὶ
2136 1900 2298 1954 αὐτοῦ
2319 1901 2412 1954 τοῦ
2438 1902 2672 1972 Χριστοῦ
2694 1902 2944 1972 λέγοντος
2970 1924 2979 1932 ·
3003 1906 3110 1959 Καὶ
3149 1907 3309 1960 ἄλλα
3349 1910 3614 1974 πρόϐατα

2023 1982 2159 2049 ἔχω.
2181 1984 2217 2035 ἆ
2236 1985 2346 2036 οὐκ
2365 1985 2536 2037 ἔστιν
2564 1985 2633 2038 ἐκ
2659 1983 2770 2052 τῆς
2792 1987 2990 2053 αὐλῆς
3010 1990 3252 2055 ταύτης,
3275 1990 3611 2059 κάκεῒνάμε

2024 2065 2377 2135 δεῐάγαγεῖν
2392 2084 2405 2097 ·
2426 2069 2522 2120 καὶ
2541 2067 2856 2136 γενήσεται
2873 2070 2981 2138 μία
3001 2074 3240 2140 ποίμνη,
3260 2070 3348 2138 εἷς
3365 2073 3609 2142 ποιμήν.

2026 2149 2194 2202 Τοῦτο
2216 2150 2310 2203 καὶ
2333 2150 2536 2204 ἀνωθεν
2557 2152 2630 2214 ὡς
2653 2154 2710 2204 ἐν
2729 2153 2883 2224 τύπῳ
2903 2153 3138 2221 γέγονεν.
3161 2156 3217 2207 Ὀ
3239 2157 3348 2226 γὰρ
3363 2157 3614 2229 Ἀϐραάμ

2027 2235 2250 2302 γέγονεν
2271 2235 2547 2306 ἑκατέρων
2569 2237 2935 2308 πατριάρχης,
2958 2238 3066 2290 τῶν
3085 2256 3143 2292 τε
3166 2242 3224 2292 ἐν
3253 2242 3613 2314 ἀκροϐυστία,

2027 2319 2134 2370 τῶν
2155 2337 2212 2371 τε
2236 2321 2292 2371 ἐν
2318 2325 2584 2392 περιτομῇ
2606 2339 2618 2350 ·
2642 2321 2756 2374 ἀλλ’
2779 2325 2954 2376 ἐκεῖνο
2979 2324 3076 2394 μὲν
3094 2324 3168 2387 ὡς
3189 2327 3247 2377 ἐν
3267 2326 3442 2397 τύπῳ,
3459 2327 3616 2380 τοῦτο

2027 2401 2084 2454 δέ
2106 2405 2162 2452 ἐν
2183 2401 2426 2474 ἀληθεία.
2455 2401 2643 2470 Οὗτος
2675 2405 2928 2473 ἐγενηθη
2950 2411 3037 2472 εὶς
3057 2408 3332 2476 κεφαλὴν
3363 2411 3612 2479 γωνίας⁸

2026 2488 2291 2548 τουτέστι,
2318 2489 2603 2557 συνέδησεν
2644 2489 2878 2560 ἑκάτερα
2917 2491 2987 2543 τὰ
3025 2491 3173 2561 ἔθνη.
3199 2491 3365 2560 Παρὰ
3397 2495 3616 2562 Κυρίου

2028 2571 2266 2642 ἐγένετο
2286 2573 2456 2640 αὕτη.
2484 2573 2547 2624 'l‘E
2568 2574 2683 2626 ἐστι
2705 2589 2718 2602 ο
2740 2577 2905 2642 Παρὰ
2927 2577 3146 2642 Κυρίου
3176 2575 3409 2645 ἐγένετο
3429 2578 3618 2642 αὕτη;

2031 2659 2144 2709 υύκ
2180 2653 2246 2727 ἦν
2287 2657 2644 2730 ἀνθρώπινον,
2672 2659 2824 2728 φησὶ,
2850 2659 2911 2711 τὸ
2931 2660 3240 2729 γενόμενον,
3265 2662 3363 2713 οὐκ
3393 2656 3460 2731 ἦν
3501 2662 3617 2725 ἐνὸς

2029 2740 2136 2793 τῶν
2160 2741 2388 2802 πολλῶν,
2405 2743 2504 2794 οὐκ
2524 2738 2591 2812 ἦν
2611 2743 2877 2810 ἀγγέλων,
2897 2743 2995 2795 οὐκ
3011 2739 3077 2812 ἦν
3097 2744 3449 2814 ἀρχαγγέλων
3463 2744 3614 2817 [5'26]

2029 2824 2090 2877 τὸ
2128 2825 2383 2895 τοιαύτην
2422 2825 2613 2906 πλέξαι
2652 2826 2872 2893 γωνίαν.
2895 2824 3083 2890 Οὐδεὶς
3123 2826 3252 2893 γοῦν
3296 2828 3532 2897 ἴσχυσεν,
3556 2827 3618 2880 οὐ

2031 2907 2256 2972 δίκαιος,
2279 2909 2340 2960 ού
2385 2912 2686 2978 προφήτης.
2709 2909 2807 2960 οὐκ
2851 2909 3102 2976 ἄγγελος,
3123 2909 3223 2961 ούκ
3257 2910 3613 2977 ἀρχάγγελος,

2032 2993 2170 3046 ἀλλὰ
2211 2993 2304 3045 τοῦ
2346 2993 2480 3045 Θεοῦ
2525 2993 2585 3044 τὸ
2621 2992 2948 3062 κατόρθωμα
2986 2994 3176 3058 μόνον⁹
3221 2993 3442 3064 καὶγὰρ
3462 2993 3622 3047 τοῦτο

2037 3076 2214 3138 ίδικῶς
2250 3076 2412 3128 αὑτοῦ
2453 3075 2514 3127 τὸ
2550 3075 2864 3145 ἐργον.⁹Ἐτε
2876 3092 2963 3144 ρος
2983 3077 3038 3128 δέ
3059 3077 3397 3146 ἑρμηνευτής
3415 3093 3429 3107 ·
3455 3077 3618 3144 Παρὰ

2033 3161 2255 3230 Κυρίου
2294 3161 2529 3228 ἐγένετο
2567 3160 2762 3222 τοῦτο,
2785 3161 2954 3230 φησί’
2998 3161 3264 3222 τουτέστι,
3287 3160 3346 3212 τὸ
3378 3159 3539 3232 ἔργον
3560 3160 3617 3214 τὲ

2034 3245 2346 3316 θαυμαστὸν
2385 3245 2474 3298 καὶ
2515 3244 2838 3316 παράδοξον,
2859 3245 2919 3297 τὸ
2959 3245 3058 3315 τῆς
3102 3243 3327 3312 γωνίας.
3351 3246 3463 3300 Καὶ
3505 3245 3622 3299 ἐστι

2035 3328 2321 3400 θαυμαστὴ
2354 3331 2412 3380 ἐν
2449 3327 2744 3399 ὀφθαλμοῖς
2766 3328 2940 3398 ἡμῶν.
2965 3329 3060 3391 Τίς
3079 3328 3135 3380 δέ
3157 3330 3274 3381 ἐστι
3295 3327 3580 3400 θαυμαστή
3602 3345 3620 3395 ;

2045 3415 2108 3468 ’Π
2131 3415 2318 3482 γωνία,
2343 3416 2374 3484 ὴ
2401 3413 2615 3476 σύνοδος
2648 3413 2756 3466 τῶν
2777 3413 2868 3466 δύο
2889 3413 3056 3465 ἐθνῶν
3074 3415 3121 3475 Β,
3146 3415 3179 3483 ὴ
3221 3415 3299 3476 είς
3333 3414 3433 3482 τὴν
3468 3413 3624 3466 εὐσέ-

2035 3500 2204 3552 ϐειαν.
2231 3497 2341 3550 Καὶ
2360 3498 2468 3568 γὰρ
2486 3498 2550 3550 ἐκ
2569 3498 2676 3550 τῶν
2707 3495 2971 3550 Ἰουδαίων
2995 3495 3188 3550 πολλαὶ
3211 3497 3469 3568 μυριάδες
3503 3497 3623 3550 ἐπί-

2035 3598 2294 3634 στευσαν·
2340 3582 2435 3634 καὶ
2467 3582 2517 3633 οί
2560 3580 2846 3633 ἀπόστολοι
2867 3579 2921 3632 δὲ
2943 3580 3002 3644 ἐξ
3033 3580 3320 3633 Ἰουδαίων.
3349 3580 3546 3644 Καλῶς
3565 3580 3624 3632 δὲ

2035 3662 2212 3718 εἷπενσ
2250 3666 2352 3718 Ἐν
2387 3663 2716 3732 ὀφθαλμοῖς
2751 3661 2962 3731 ἠμῶνιι
2983 3679 2996 3693 ·
3031 3663 3091 3716 ού
3114 3663 3222 3733 γὰρ
3244 3663 3406 3716 πᾶσίν
3426 3665 3541 3716 ἐστι
3563 3663 3625 3715 τὸ

2037 3751 2220 3822 θαῦμα
2257 3749 2579 3820 κατάδηλον.
2602 3748 2697 3811 Τίς
2718 3747 2826 3818 γὰρ
2847 3749 2946 3801 οὐκ
2979 3748 3043 3801 ἂν
3077 3747 3398 3816 ἐκπλαγείη,
3419 3746 3502 3810 τίς
3523 3746 3624 3800 οὐκ

2035 3835 2100 3888 ἂν
2143 3835 2473 3904 θαυμάσειεν
2501 3873 2514 3895 ,
2563 3833 2643 3885 ὃτι
2680 3832 2806 3885 ἔνθα
2845 3829 3161 3901 ἐσταυρώθη
3196 3829 3427 3900 Χριστὸς
3453 3871 3466 3893 ,
3509 3832 3626 3883 ἐκεῖ

2038 3922 2424 3991 προσκυνεῖται
2465 3917 2732 3990 Χριστός·
2782 3917 2876 3970 καὶ
2918 3916 2968 3966 οἱ
3010 3915 3109 3986 μὲν
3133 3913 3546 3984 σταυρώσαντες
3564 3915 3624 3966 ἐν

2035 4004 2248 4075 ἀτιμίᾳ,
2272 4006 2320 4056 οί
2359 4004 2415 4056 δέ
2456 3998 2889 4072 προσκυνοῦντες
2909 4001 2966 4052 ἐν
2985 3998 3109 4068 δόξῃ
3138 4013 3152 4062 ;
3184 3998 3294 4051 Καὶ
3315 3996 3422 4068 γάρ
3442 3999 3624 4050 πᾶσαν

2036 4090 2136 4152 τὴν
2155 4087 2480 4156 οἰκουμένην
2499 4085 2787 4154 διέδραμεν
2826 4085 2854 4135 0
2894 4081 3070 4150 λόγος,
3095 4084 3380 4134 συνάπτων
3400 4084 3465 4152 τῇ
3487 4081 3624 4152 ἀλη-

2040 4172 2161 4242 θείᾳ
2202 4170 2466 4232 ἅπαντας.
2489 4171 2644 4221 Ἔστι
2687 4167 2785 4237 μὲν
2817 4163 2906 4221 οὖν
2925 4167 3146 4228 καὶτοῖς
3165 4165 3414 4218 ὁπωσοῦν
3433 4165 3622 4232 ἐξετά-

2040 4256 2194 4320 ζουσι
2229 4253 2536 4324 θαυμαστὴ,
2559 4251 2737 4322 πολλῷ
2755 4252 2811 4303 δέ
2832 4251 3219 4321 ἀκριϐέστερον
3245 4251 3338 4302 καὶ
3362 4250 3623 4318 σαφέστε-

2043 4356 2135 4410 ρον
2153 4341 2264 4401 τοῖς
2286 4337 2619 4391 πιστεύουσι.
2641 4336 2740 4388 Διά
2761 4335 2916 4388 τοῦτο
2955 4330 3105 4386 εἶπεν
3122 4348 3137 4362 ⁸
3172 4335 3266 4386 Ἐν
3295 4332 3624 4402 ὀφθαλμοῖς

2041 4420 2229 4491 ἡμῶν.
2272 4421 2433 4488 Αὕτη
2475 4422 2513 4488 η
2558 4419 2770 4488 ἡμέρα,
2834 4416 2915 4485 ἢν
2961 4417 3252 4483 εποίησεν
3293 4418 3325 4469 ό
3368 4417 3620 4482 Κύριος’

2041 4505 2560 4576 ἀγαλλιασώμεθα,
2585 4506 2679 4557 καὶ
2716 4503 3141 4572 εὐφρανθῶμεν
3161 4501 3230 4553 ὲν
3267 4497 3441 4568 αὐτῇ.
3459 4499 3628 4570 Ἡμέ-

2047 4607 2145 4660 ραν
2189 4588 2421 4642 ἐνταῦθα
2458 4589 2580 4658 οὐχὶ
2617 4591 2708 4641 τὸν
2728 4588 2928 4659 δρόμον
2947 4587 3094 4655 λέγει
3113 4586 3203 4638 τὸν
3224 4584 3467 4654 ἡλιακὸν,
3490 4583 3627 4636 ἀλλά

2043 4671 2113 4726 τὰ
2150 4670 2549 4743 κατορθώματα
2584 4671 2652 4724 τὰ
2697 4673 2752 4723 ἐν
2794 4671 2931 4742 αὐτῇ
2976 4668 3487 4740 γενόμενα.Ὢσπερ
3518 4666 3628 4735 γὰρ

2045 4759 2259 4828 ἡμέραν
2313 4755 2556 4827 πονηρὰν
2592 4755 2785 4823 λέγων,
2820 4756 2880 4808 ού
2920 4755 3014 4807 τὸν
3056 4754 3255 4824 δρόμον
3298 4750 3487 4820 λέγειί
3530 4749 3629 4804 τοῦ

2046 4841 2218 4913 ἡλίου,
2243 4839 2378 4894 ἀλλὰ
2417 4839 2486 4892 τὰ
2525 4841 2582 4892 ἐν
2620 4839 2752 4910 αὑτῇ
2794 4839 2941 4893 κακά
2959 4852 2972 4866 '
2995 4836 3137 4890 οὕτω
3157 4836 3250 4889 καὶ
3269 4835 3480 4906 ἡμέραν
3501 4835 3632 4902 ἀγα-

2046 4925 2166 4996 θὴν,
2208 4925 2276 4978 τὰ
2315 4926 2373 4977 ἐν
2413 4924 2548 4994 αὐτῇ
2591 4921 3086 4994 κατορθώματα.ὐ
3121 4921 3178 4974 δέ
3213 4920 3360 4987 λέγει
3390 4917 3630 4971 τοιοῦτόν

2047 5012 2183 5063 ἐστι·
2207 5009 2286 5061 Τὰ
2306 5008 2400 5060 τοῦ
2420 5007 2552 5061 Θεοῦ
2575 5007 2992 5078 κατορθώματα,
3013 5006 3082 5059 τὰ
3102 5007 3160 5057 ἐν
3182 5005 3318 5075 αὐτῇ
3338 5003 3628 5074 γενόμενα,

2045 5096 2074 5148 ὁ
2093 5093 2225 5158 Θεὸς
2246 5093 2469 5163 ἐποίησε
2489 5109 2501 5121 ·
2545 5092 2644 5159 τῆς
2676 5093 2788 5162 γὰρ
2825 5090 3006 5161 χειρὸς
3049 5088 3265 5158 ἐκείνης
3299 5087 3466 5158 μόνης
3482 5081 3552 5157 ἦν
3570 5083 3632 5138 τὸ

2050 5179 2266 5232 τελέσαι
2288 5178 2356 5231 τὰ
2377 5176 2740 5246 γεγενημένα.

2117 5423 2140 5448 ο
2163 5409 2242 5456 Sic
2265 5408 2414 5456 Savil.
2439 5403 2611 5453 Morel.
2633 5403 2741 5459 τοὺς
2762 5404 2915 5456 λίθους
2937 5417 2986 5448 σ.
3011 5401 3053 5448 δ.
3075 5400 3154 5446 καὶ
3179 5397 3287 5452 τοὺς
3302 5395 3506 5457 τοίχους.

2116 5472 2137 5510 ΐ
2166 5473 2284 5532 Reg.
2312 5479 2359 5517 el
2386 5481 2539 5532 marg.
2561 5464 2717 5532 Savil.
2741 5466 2828 5513 οὐκ
2849 5466 3064 5524 ᾐδεισαν.

2115 5538 2139 5574 Β
2165 5531 2314 5582 Saﬁl.
2339 5534 2434 5579 τῶν
2459 5531 2541 5578 δύο
2561 5531 2705 5577 λαῶν.

2114 5596 2141 5634 Ιι
2165 5578 2436 5661 Herius»
2460 5592 2579 5661 Reg.
2617 5590 2751 5638 addit
2767 5589 2826 5661 ού
2852 5587 2939 5661 γάρ
2968 5585 3069 5659 ἐστι
3088 5579 3321 5661 τὸυθαῦμζιξ
3331 5578 3627 5661 -κατῇηξονέ

2052 5661 2152 5708 Sed
2169 5642 2400 5706 :Qar'iII'in
2424 5642 2645 5714 margine
2682 5642 2940 5714 ιηρῑὶυςόύ
2975 5648 3064 5709 γὰρ
3097 5644 3244 5713 πᾷσίν
3265 5644 3451 5714 ﬁcta-1'0
3477 5642 3630 5714 θαῦμα

2051 5702 2334 5778 κατάδηλον.
2357 5702 2480 5766 Haec
2503 5702 2651 5763 V'Erba
2679 5702 3120 5778 prwtermigluniur
3147 5705 3335 5778 iunedil:
3361 5702 3538 5752 Morel.

2057 5766 2251 5831 ἶ’Ὗέίἒὲ
2274 5766 2422 5831 εει-ιι.
2441 5817 2456 5842 ,
2480 5779 2606 5840 λέγει
2631 5766 2888 5838 perperam
2909 5773 3083 5820 deeraL
3107 5771 3154 5817 in
3182 5766 3353 5817 Morel.
