4112 6342
297 363 402 422 357

371 482 424 533 6.
456 478 592 546 Quid
618 478 777 549 igitur
803 485 975 545 potest
1001 490 1121 530 cum
1158 475 1257 529 hoc
1289 474 1376 529 dic
1410 473 1675 537 conferri,
1707 474 1757 526 in
1784 487 1891 541 quo

299 573 388 627 die
415 588 537 626 cum
566 570 867 624 hominibus
894 570 1027 624 facta
1063 578 1145 623 est
1176 568 1536 622 reconciliatio
1555 607 1567 627 .
1600 576 1654 621 et
1678 566 1888 620 diutur-

300 679 428 717 nnut
458 663 652 717 bellant
683 659 787 714 fuit
809 660 1149 728 diremptum,
1174 670 1228 712 et
1250 668 1389 713 terra
1416 659 1603 712 etclam
1626 658 1815 719 eVasit,
1838 664 1894 711 et

301 756 548 809 homines
574 764 712 807 terra
740 751 959 821 indigni,
981 753 1074 806 visi
1104 760 1228 805 sunt
1257 766 1419 820 regno
1438 751 1603 820 digni,
1623 760 1676 805 et
1697 758 1893 804 nostra:

299 858 509 902 natura:
539 848 782 917 primitim
812 861 973 915 super
996 845 1153 899 cados
1181 845 1402 898 sublata).
1429 853 1571 899 sunt.
1597 855 1649 897 et
1678 854 1894 913 apertus

302 950 385 993 est
418 939 714 1008 paradisus.
755 947 805 990 et
844 947 1072 990 veterem
1109 937 1327 1003 patriam
1355 936 1688 1003 recepimus.
1722 945 1775 989 et
1800 950 1895 988 ex-

306 1039 554 1097 punctum
574 1039 653 1082 est
670 1027 1027 1091 maledictum,
1047 1037 1101 1081 et
1122 1027 1385 1080 sublatum
1420 1039 1713 1095 peccatum,
1732 1036 1785 1080 et
1806 1028 1892 1094 qui

305 1136 402 1190 per
432 1120 598 1190 legem
626 1120 788 1189 puniti
810 1117 1037 1181 fuerant,
1056 1119 1170 1171 sine
1198 1118 1311 1187 lege
1332 1119 1555 1171 salutem
1580 1117 1892 1186 consequuti

305 1220 464 1274 sunt,
502 1221 555 1262 et
586 1220 690 1263 tota
721 1220 861 1264 terra
900 1219 955 1262 et
985 1224 1132 1262 mare
1165 1224 1320 1261 smim
1345 1208 1555 1277 agnovit
1588 1208 1889 1271 Dominum,

306 1311 359 1354 et
388 1300 489 1354 alia
515 1300 653 1354 facta
681 1310 804 1353 sunt
830 1299 1259 1363 innumerabilia,
1293 1314 1411 1368 qua:
1456 1314 1559 1351 nou
1610 1313 1893 1366 possumus

306 1392 550 1446 oratione
589 1390 875 1460 persequi?
922 1391 1179 1456 Quocirca
1217 1405 1336 1443 cum
1372 1388 1484 1444 lnec
1509 1389 1686 1443 omnia
1718 1404 1895 1445 meme

306 1488 558 1556 agitasset
603 1484 857 1554 propheta
884 1524 900 1547 ,
938 1486 1115 1537 omnia
1148 1484 1257 1538 Deo
1283 1482 1573 1548 adscribit,
1607 1482 1895 1537 ostendens

308 1596 424 1648 quae
447 1587 589 1645 gesta
619 1585 771 1641 sunt,
800 1592 829 1629 a
861 1576 966 1629 Deo
995 1574 1131 1629 facta
1159 1590 1298 1628 esse.

374 1730 604 1781 Gaudere
639 1730 781 1780 bouis
820 1742 919 1778 non
960 1740 1113 1794 parva
1148 1725 1323 1776 virtus.
1367 1753 1441 1763 —
1485 1722 1806 1777 Exsultemus
1840 1728 1886 1774 et

304 1823 527 1875 la’temur
554 1820 606 1871 in
631 1837 708 1871 ea.
744 1818 1001 1872 Laetitiam
1054 1818 1137 1869 hic
1202 1817 1328 1869 dicit
1356 1816 1684 1884 spintualem
1709 1857 1721 1876 ,
1750 1814 1887 1869 13³ιί-

304 1916 435 1968 tiam
463 1913 676 1977 mentis,
709 1912 942 1965 laztitiatn
972 1910 1155 1964 animi.
1193 1909 1518 1963 Exsultentus
1542 1950 1557 1973 ,
1590 1920 1634 1961 et
1664 1910 1891 1962 la'temur

302 2007 357 2059 in
394 2023 475 2070 ea,
506 2004 646 2073 quod
691 2014 832 2056 tanta
881 2004 1033 2055 nobis
1068 2003 1203 2055 bona
1236 2003 1541 2070 obtigerint.
1588 2002 1794 2055 Etenim
1824 2017 1891 2055 nc

306 2097 408 2152 hoc
436 2096 647 2166 quidem
679 2106 758 2147 est
788 2111 946 2162 parva
974 2095 1162 2158 virtus,
1186 2094 1415 2163 gaudere
1447 2094 1619 2150 bonis.
1655 2094 1888 2159 exsilire,

305 2190 499 2259 gaudio
527 2188 665 2242 afﬁci
692 2229 706 2252 ,
741 2188 832 2241 Dei
870 2188 1123 2241 lu-ncﬁcia
1149 2204 1270 2241 cum
1302 2187 1569 2255 voluptate
1598 2187 1889 2256 suscipere.

306 2283 397 2337 9.5.
431 2279 475 2336 0
514 2281 759 2347 Domine,
789 2281 982 2333 salvum
1008 2281 1092 2349 [ac
1112 2322 1125 2343 ,
1159 2281 1358 2333 obsecro
1387 2296 1404 2333 :
1434 2296 1462 2332 ο
1500 2279 1713 2333 Domine
1733 2321 1747 2344 ,
1777 2280 1894 2332 bene

308 2391 605 2444 prosperare
629 2416 641 2435 ,
675 2375 897 2427 obsecro.
937 2372 1194 2439 Quoniam
1223 2372 1431 2426 videbat
1458 2372 1601 2425 orbis
1630 2384 1783 2426 terra:
1807 2387 1894 2426 res

307 2465 569 2520 ειιειιιιάςιε
589 2506 604 2528 ,
638 2480 921 2532 rerumque
952 2465 1319 2526 mutationem,
1349 2472 1403 2518 et
1452 2464 1501 2516 in
1547 2464 1734 2517 melius
1761 2479 1893 2517 cou-

310 2560 606 2611 versionem
656 2573 668 2609 :
709 2556 770 2609 iis
808 2557 895 2624 qui
944 2556 1021 2609 eis
1068 2556 1309 2609 fruuntur
1354 2555 1658 2622 gratulans,
1699 2554 1830 2610 dixit
1877 2573 1892 2609 :

314 2650 357 2703 υ
394 2648 645 2711 Domine,
684 2665 857 2710 serva,
902 2648 1139 2713 obsecro;
1182 2665 1211 2701 ο
1241 2647 1487 2713 Domine,
1527 2649 1648 2702 bene
1687 2665 1895 2717 prospe-

310 2759 456 2807 rare,
487 2744 706 2794 obsecro.
749 2742 859 2795 lloc
897 2751 980 2796 est
1003 2783 1019 2806 ,
1051 2743 1317 2796 Conserva
1359 2757 1452 2795 eos
1483 2742 1570 2810 qui
1603 2740 1848 2795 fruuntur
1879 2760 1893 2796 :

308 2844 364 2889 et
421 2843 478 2887 ut
528 2835 847 2903 impleantur
896 2843 949 2888 et
996 2834 1162 2904 gratia
1220 2834 1411 2903 dignos
1465 2835 1661 2888 fructus
1713 2842 1895 2888 osten-

306 2926 460 2991 daut,
500 2926 662 2980 redde
694 2928 773 2980 eis
801 2928 935 2979 viam
963 2927 1191 2991 facilem,
1224 2935 1282 2979 ut
1319 2936 1597 2996 postquam
1625 2928 1897 2997 asseqnuti

313 3018 526 3084 faterint,
557 3034 584 3071 a
616 3020 808 3073 talibus
841 3021 994 3075 bonis
1016 3038 1120 3074 non
1145 3022 1372 3087 amplius
1400 3022 1769 3076 excidant.26.
1799 3021 1899 3075 Be-

310 3111 539 3163 nedictus
557 3111 644 3180 qui
671 3112 798 3164 venit
830 3112 879 3164 in
906 3113 1108 3164 nomine
1133 3110 1359 3166 Domini.
1398 3111 1585 3166 Nostra
1616 3114 1757 3167 enim
1792 3128 1896 3167 non

311 3204 611 3257 consistunt
636 3200 686 3255 in
708 3202 771 3255 iis
798 3212 997 3256 tantum
1024 3220 1141 3272 qua:
1166 3204 1297 3257 facta
1320 3213 1459 3264 sunt,
1486 3204 1577 3258 sed
1601 3203 1901 3275 procedunt

312 3294 376 3346 ad
407 3294 509 3345 alia
536 3294 755 3359 majora,
789 3296 1256 3357 resurrecﬁoncm,
1281 3310 1523 3363 regnum,
1550 3295 1896 3350 hereditatem

312 3397 432 3436 cunt
460 3382 674 3437 Christo
699 3402 711 3437 :
733 3402 848 3453 qna-
870 3386 1045 3438 omnia
1070 3387 1250 3439 volens
1280 3388 1583 3448 ostendere,
1604 3388 1895 3457 subjunxit,

317 3474 614 3528 Benedictus
640 3478 725 3545 qui
747 3477 876 3529 venit
904 3478 954 3531 in
978 3480 1179 3531 nomine
1201 3477 1422 3532 Domini.
1455 3480 1563 3534 Hoc
1586 3481 1744 3534 etiam
1769 3481 1901 3534 dixit

312 3567 556 3621 Christus
580 3568 781 3621 ,Ιιιώιείε
814 3586 826 3621 :
863 3571 1037 3629 Amen,
1065 3587 1211 3623 amen
1237 3572 1349 3625 dico
1373 3570 1507 3625 vobis
1534 3588 1552 3625 :
1582 3589 1683 3625 non
1714 3590 1792 3625 me
1820 3575 1898 3626 vi-

314 3660 360 3709 di
376 3658 488 3711 bilis
511 3661 667 3712 donec
693 3660 891 3720 dicatis,
913 3660 1214 3715 Benedictus
1240 3666 1324 3732 qui
1351 3664 1477 3716 venit
1498 3666 1548 3716 in
1572 3664 1771 3717 nomine
1786 3664 1897 3717 Do-

315 3751 437 3802 mini
459 3749 670 3822 (.ilatth.
692 3751 913 3821 25.58).
937 3753 1196 3817 Quoniam
1218 3755 1359 3807 enim
1388 3770 1532 3823 smpc
1556 3754 1894 3824 objiciehant,

314 3851 367 3893 et
396 3842 443 3893 id
468 3856 661 3910 susque
682 3843 854 3911 deque
881 3844 1190 3909 miscebant,
1212 3847 1348 3914 quod
1374 3864 1476 3899 non
1499 3860 1642 3901 esset
1668 3864 1731 3902 ex
1766 3848 1896 3911 Deo,

313 3933 453 4003 quod
493 3945 637 3989 esset
673 3936 760 3989 Dei
801 3936 967 3990 ho~tis
1001 3956 1013 3991 :
1044 3938 1170 3991 dicit
1194 3940 1292 4003 eis,
1323 3941 1427 3995 \‘os
1456 3940 1581 3994 mihi
1616 3940 1796 3997 feretis
1822 3951 1900 3997 te-

313 4026 620 4080 stimoitium
648 4030 786 4096 quod
817 4046 919 4083 nott
948 4046 1063 4083 sum
1096 4032 1185 4084 Dei
1220 4032 1400 4093 hostis,
1426 4036 1635 4101 quando
1663 4036 1899 4090 videritis

317 4116 614 4170 uenientem
663 4119 713 4171 in
765 4120 1008 4185 nubibus,
1041 4133 1093 4175 et
1127 4123 1259 4176 hanc
1290 4125 1575 4178 cmiseritis
1606 4143 1788 4181 νυοί-ιιι
1817 4128 1898 4183 di-

313 4218 496 4260 centes
516 4250 530 4273 ,
558 4207 859 4264 Benedictus
880 4213 964 4278 qui
988 4213 1117 4265 venit
1154 4214 1205 4265 in
1246 4215 1444 4267 nomine
1478 4215 1681 4270 Domini
1700 4258 1713 4279 ,
1748 4219 1899 4272 bonis

315 4300 493 4354 verbis
519 4312 571 4355 et
599 4303 752 4357 laude
784 4306 952 4373 plenis
975 4306 1041 4358 ah
1067 4308 1208 4360 omni
1238 4308 1547 4365 defensione
1578 4313 1782 4381 seipsos
1807 4330 1899 4367 ex-

313 4394 609 4449 clu-lentes.
645 4396 835 4451 Eorum
865 4400 1006 4453 enim
1038 4416 1157 4469 quze
1185 4413 1308 4454 time
1337 4404 1457 4455 ﬁent
1484 4405 1744 4460 evidentia
1775 4407 1895 4461 efﬁ-

312 4488 435 4549 ciet,
466 4499 520 4541 ut
546 4506 660 4542 eam
695 4506 875 4545 Vocem
904 4494 1180 4555 emittant,
1222 4496 1375 4549 simul
1419 4506 1470 4548 et
1516 4497 1816 4565 laudantes,
1843 4510 1901 4557 et

312 4594 527 4646 gravem
579 4581 630 4633 in
678 4581 883 4649 seipSos
910 4588 1299 4638 accusationem
1334 4587 1687 4644 instituentes.
1731 4592 1896 4646 Bene-

313 4673 532 4726 diximus
558 4674 693 4727 vobis
728 4677 790 4729 de
829 4677 978 4730 domo
1013 4677 1231 4732 Domini.
1262 4680 1352 4733 27.
1384 4680 1523 4735 Dens
1551 4683 1821 4751 Dominus,
1851 4696 1897 4740 et

311 4764 481 4817 illuxit
521 4766 681 4819 nobis.
726 4768 857 4821 Dicit
897 4784 1109 4824 onmem
1159 4773 1405 4840 populum
1453 4775 1694 4843 ﬁdelem,
1723 4778 1894 4848 quiin

312 4856 473 4909 domo
503 4855 709 4910 Domini
737 4859 960 4928 adt-plus
990 4872 1069 4915 est
1101 4862 1543 4919 benedictionem.
1592 4868 1896 4926 Ccrnuntttr

311 4948 453 5000 enim
497 4948 689 5014 ubique
731 4952 1033 5019 propheta),
1063 4954 1245 5010 beatos
1275 4956 1513 5012 dicentes
1540 4974 1630 5013 eos
1658 4962 1744 5029 qui
1773 4971 1897 5016 sunt

311 5039 584 5092 credituri.
611 5040 719 5108 Qua
742 5043 808 5097 de
828 5060 983 5098 causa
1014 5046 1373 5110 heuedixistis,
1399 5060 1451 5104 et
1476 5052 1737 5105 undeuam
1770 5056 1894 5106 lu-a-

312 5129 515 5182 titodo?
545 5132 801 5198 Quoniam
838 5136 975 5190 Deus
1002 5141 1243 5207 apparuit
1267 5141 1435 5193 nobis.
1457 5142 1705 5211 Apparuit
1729 5145 1891 5209 enim,

311 5222 499 5290 inquit,
530 5226 692 5293 gratia
725 5226 817 5279 Diri
840 5228 1097 5291 salutaris,
1125 5233 1360 5285 erudiens
1396 5250 1486 5287 nos
1508 5277 1522 5299 ,
1560 5246 1613 5288 ut
1651 5236 1894 5308 abneguta

311 5316 567 5383 impietate
595 5328 641 5370 et
668 5321 937 5373 mundanis
974 5322 1232 5377 desideriis
1256 5367 1269 5388 ,
1308 5325 1556 5389 modeste,
1577 5329 1719 5396 juste
1742 5340 1786 5382 et
1817 5332 1896 5399 pie

311 5411 555 5473 vivamus,
578 5423 917 5481 exspectantes
942 5415 1134 5467 beatam
1162 5433 1302 5485 spent
1323 5427 1368 5469 et
1395 5419 1759 5484 apparitionem
1782 5440 1895 5475 ma-

309 5510 398 5580 gni
427 5509 521 5563 Dei
545 5520 591 5565 et
629 5512 909 5567 Servatoris
948 5514 1105 5566 nostri
1127 5512 1249 5567 Jesn
1275 5513 1460 5569 Christi
1514 5515 1531 5585 (
1564 5514 1662 5568 Tit.
1706 5517 1763 5572 2.
1796 5519 1894 5572 ll-

311 5602 421 5674 15).
449 5603 867 5660 lm-arnationem
891 5622 1016 5676 ergo
1037 5606 1123 5659 hic
1143 5604 1435 5661 admiratur
1458 5612 1735 5676 propheta,
1757 5612 1894 5679 quod

298 5712 431 5749 cum
464 5698 602 5751 Deus
631 5708 789 5762 esset,
821 5710 875 5752 et
902 5698 1176 5765 Doiiiinus,
1201 5708 1254 5753 et
1282 5699 1422 5753 illius
1447 5701 1776 5766 substantiae,
1805 5719 1898 5770 ap-

310 5790 566 5857 paruerit.
608 5790 748 5845 Dixit
784 5799 960 5845 autcm
1005 5790 1412 5860 apparitionem,
1448 5792 1624 5846 carnis
1650 5792 1897 5848 humanm

308 5881 738 5952 susceptionem,
784 5882 1097 5954 virginalem
1146 5883 1350 5940 scilicet
1389 5892 1599 5941 uterum
1644 5886 1891 5955 subiisse,

1433 354 1795 414 EXPOSITIO
1834 353 1898 412 IN
1938 354 2259 412 PSALMIJM
2298 357 2479 413 CXIX.

3480 365 3586 421 353

2001 474 2268 528 hominem
2299 474 2496 530 factum
2523 492 2661 542 esse,
2690 487 2743 533 et
2770 490 3031 535 versatum
3062 495 3183 537 esse
3208 497 3328 539 cum
3356 484 3589 541 liontini-

2003 566 2120 619 bus.
2163 568 2227 620 Et
2256 567 2374 621 ideo
2403 567 2540 622 dixit
2573 589 2586 625 :
2610 569 2964 625 Benedixiuius
2991 572 3160 637 vobis,
3190 574 3328 642 quod
3359 576 3463 631 tals
3490 576 3588 631 duo

2001 675 2126 712 num
2166 661 2285 715 sitis
2320 662 2656 731 consequuti.
2689 663 2801 718 Hoc
2824 665 2982 718 etiam
3011 663 3254 721 Christus
3280 667 3588 737 signiﬁcans

1997 753 2209 807 dicebat
2240 772 2253 808 :
2288 755 2440 808 .llulti
2476 757 2733 825 propheta:
2761 768 2806 810 et
2826 759 2954 830 justi
2979 760 3385 815 desideraverunt
3420 762 3586 818 videre

1998 863 2112 912 qua:
2132 848 2323 913 videtis,
2343 859 2390 902 et
2418 866 2515 901 non
2532 851 2778 912 viderunt,
2795 864 2839 903 et
2860 854 3037 905 audire
3060 870 3172 923 qute
3190 855 3397 922 auditis,
3419 866 3466 910 et
3484 873 3583 910 non

1997 938 2265 991 audierunt
2300 939 2511 1006 (Matth.
2542 942 2631 996 l3.
2661 944 2770 1012 l7).
2818 942 3112 998 Conslitnite
3148 946 3281 999 diem
3312 944 3586 1001 solemnem

1999 1028 2050 1079 iu
2079 1031 2364 1095 condensis,
2395 1049 2551 1097 usque
2589 1033 2657 1085 ad
2700 1050 2857 1087 cornu
2894 1036 3091 1088 altaris.
3135 1037 3286 1091 Alius
3327 1037 3587 1107 interpres

1999 1123 2073 1175 ait
2104 1140 2113 1174 :
2144 1122 2390 1193 Colligate
2416 1125 2468 1178 in
2494 1126 2674 1179 celebri
2702 1136 2940 1193 conventu
2962 1128 3233 1181 condensa.
3269 1130 3436 1197 Alius,
3468 1131 3588 1185 Atlio

1999 1224 2112 1281 gnte
2140 1217 2322 1285 festum
2347 1218 2398 1269 in
2422 1217 2705 1287 pinguibw.
2739 1221 2776 1272 Α
2819 1218 3092 1287 prophetia
3122 1236 3307 1274 rursus
3336 1222 3493 1276 rediit
3520 1223 3584 1276 ad

2000 1306 2289 1360 hismriam.
2349 1309 2459 1361 lloe
2496 1321 2577 1362 est
2613 1312 2957 1378 autemquod
2987 1310 3152 1364 dicit:
3188 1310 3401 1365 Festum
3427 1314 3585 1382 agite,

2002 1398 2303 1468 frequentes
2324 1404 2624 1456 convenite.
2650 1402 2785 1469 Quid
2808 1414 2889 1456 est
2910 1413 3109 1469 autem,
3138 1402 3435 1458 Coustituite
3458 1406 3588 1459 diem

1998 1494 2272 1546 solemnem
2293 1494 2343 1547 in
2365 1495 2667 1548 condensis?
2697 1494 2765 1551 Ut
2787 1496 2894 1548 vult
2912 1495 3123 1565 quidem
3148 1511 3284 1551 unus
3306 1497 3586 1565 interpres.

2000 1583 2301 1651 Sacri/iane
2327 1584 2622 1655 splendidus
2648 1586 2857 1641 hostias.
2885 1586 2957 1643 Ut
2983 1588 3119 1643 alius
3150 1596 3349 1652 autem,
3379 1586 3590 1643 Coronis

1998 1686 2045 1728 et
2070 1677 2224 1729 ramis
2244 1679 2486 1747 templum
2512 1679 2694 1749 cingite
2720 1678 2816 1750 (a).
2846 1679 3167 1735 Hebraicum
3197 1686 3374 1735 autem
3408 1680 3476 1734 ita
3506 1680 3589 1735 di-

1999 1767 2093 1829 cit,
2126 1768 2289 1823 Esrou
2323 1785 2390 1839 ag
2426 1770 2558 1823 baud
2597 1771 2831 1824 oththim.
2882 1772 3006 1827 Sive
3046 1770 3149 1827 hoc
3188 1786 3315 1843 ergo
3357 1772 3444 1835 sit,
3473 1772 3590 1828 sive

2000 1859 2155 1923 illud,
2182 1860 2441 1930 signiﬁcat
2469 1864 2682 1923 festum.
2725 1872 2780 1917 et
2822 1863 2960 1917 dietn
3006 1863 3209 1929 lzetum,
3241 1876 3293 1917 et
3320 1864 3585 1919 celebrem

2000 1961 2344 2006 conventum.
2392 1954 2434 2006 Α
2479 1953 2843 2022 Spiritualibus
2881 1956 3022 2009 enim
3070 1956 3363 2010 orationem
3407 1970 3590 2010 rursus

2001 2043 2241 2098 traduxit
2263 2042 2328 2097 ad
2356 2045 2591 2109 sensilia,
2619 2055 2672 2099 et
2697 2046 2940 2100 meminit
2966 2047 3176 2099 illorum
3205 2047 3425 2101 reditus.

2073 2135 2249 2189 Gratia
2272 2135 2378 2189 Deo
2406 2138 2604 2207 agenda
2640 2138 2790 2190 etiam
2815 2139 2924 2192 sine
2960 2139 3230 2206 beneﬁciis.
3248 2168 3318 2178 —
3339 2140 3428 2193 28.
3453 2138 3590 2193 Deus

2001 2243 2140 2280 meus
2160 2244 2210 2281 es
2233 2239 2308 2292 tu,
2338 2238 2385 2280 et
2414 2229 2689 2296 conﬁtebor
2711 2229 2802 2283 tibi
2832 2243 2853 2282 .'
2877 2228 3014 2283 Deus
3042 2246 3180 2282 meus
3209 2246 3259 2283 es
3284 2240 3357 2295 tn,
3377 2240 3424 2283 et
3448 2232 3589 2284 exal-

2001 2316 2117 2370 tabo
2142 2328 2207 2372 te.
2240 2318 2526 2387 Conﬁtebor
2554 2319 2642 2372 tibi
2667 2320 2904 2389 quoniam
2933 2320 3183 2373 exaudisti
3212 2337 3290 2373 me
3309 2361 3325 2384 ,
3351 2331 3396 2373 et
3426 2323 3589 2392 factus

2002 2428 2056 2464 es
2083 2413 2207 2465 mihi
2254 2412 2306 2464 in
2347 2412 2580 2465 salutem.
2624 2412 2720 2465 llic
2747 2413 2975 2467 ostendit
3004 2414 3161 2467 etiam
3193 2415 3392 2484 absque
3422 2416 3586 2468 bene-

2004 2504 2139 2558 liciis
2170 2504 2276 2558 Deo
2297 2518 2416 2557 esse
2442 2502 2675 2573 agendas
2700 2506 2898 2573 gratias
2917 2545 2931 2567 ,
2962 2514 3016 2559 et
3040 2517 3259 2574 propter
3287 2506 3386 2558 hoc
3417 2507 3585 2574 ipsum

2000 2610 2123 2651 esse
2142 2596 2306 2665 gloria
2324 2604 2380 2649 et
2398 2595 2597 2650 honore
2618 2594 2975 2661 afﬁciendum,
2997 2608 3211 2665 propter
3234 2597 3585 2663 majestatem,

2004 2700 2221 2758 propter
2241 2687 2611 2753 substantiam,
2633 2698 2849 2758 propter
2867 2689 3091 2758 gloriam
3114 2691 3452 2745 inell‘abilem.
3478 2690 3589 2745 Hoc

2000 2783 2148 2837 enim
2196 2782 2458 2852 signiﬁcat
2478 2824 2493 2847 ,
2533 2793 2812 2851 postquam
2841 2784 2977 2837 dixit
3006 2785 3257 2839 beneﬁcia
3286 2787 3475 2854 quibus
3504 2795 3588 2841 εει

2002 2874 2241 2940 allectus,
2279 2875 2359 2929 sic
2396 2876 2736 2946 subit-ingens.
2791 2876 2929 2931 Dicit
2966 2876 3107 2931 cnim
3142 2895 3155 2929 :
3187 2879 3355 2931 Etiam
3387 2879 3588 2947 absque

2003 2965 2087 3020 his
2117 2981 2266 3036 agam
2292 2967 2523 3037 gratias,
2556 2976 2610 3021 et
2633 2968 2963 3033 conﬁtebor,
2997 2970 3138 3039 quod
3173 2970 3328 3023 talem
3362 2971 3585 3025 habeam

2007 3059 2312 3124 Dominum,
2344 3059 2480 3113 adeo
2509 3060 2695 3126 altum,
2725 3059 2859 3113 adeo
2888 3077 3154 3129 magnum.
3182 3071 3236 3115 et
3259 3063 3345 3130 qui
3384 3078 3481 3117 nec
3509 3068 3587 3114 vi-

2002 3150 2138 3213 deri,
2169 3165 2265 3204 nec
2291 3150 2669 3219 comprehendi
2713 3160 2905 3219 potest.
2948 3151 3077 3204 Illud
3115 3154 3277 3215 enim,
3312 3152 3584 3217 Exaltabo,

2002 3242 2606 3312 signiticatglorilicabo.
2636 3242 2724 3297 29.
2749 3242 3068 3311 Con/itemini
3098 3243 3329 3307 Domino,
3349 3238 3586 3315 quoniam

2001 3335 2182 3399 bonus,
2204 3337 2442 3402 quoniam
2461 3338 2514 3390 in
2530 3338 2768 3391 sarculum
2787 3338 3128 3391 misericordia
3155 3339 3283 3407 ejus.
3318 3338 3430 3392 Non
3462 3340 3589 3394 satis

2006 3428 2163 3482 habet
2205 3428 2345 3497 quod
2391 3428 2503 3497 ipse
2554 3428 2657 3483 hoc
2698 3429 2854 3483 uﬁ'ert
2891 3429 3233 3495 sacrilicium,
3264 3431 3356 3485 sed
3396 3432 3589 3487 multos

2002 3524 2161 3577 etiam
2190 3532 2377 3585 vocat,
2409 3533 2464 3576 ut
2488 3523 2596 3577 sint
2625 3524 2754 3577 socii
2786 3538 2837 3576 et
2868 3526 3149 3593 participes
3178 3525 3345 3579 laudis
3377 3536 3430 3579 et
3464 3542 3557 3597 gra

2003 3616 2194 3667 tiarum
2222 3614 2449 3668 actionis
2479 3633 2491 3669 :
2525 3624 2580 3668 ct
2622 3614 2718 3668 Dei
2766 3615 3141 3684 benignitatem
3172 3617 3443 3685 pra-dicat,
3473 3618 3586 3686 ejus

2004 3708 2410 3776 perpetuitatem
2426 3717 2480 3762 et
2502 3708 2912 3777 magnitudinem
2934 3708 3127 3778 ubique
3141 3710 3434 3764 celebrans.
3453 3711 3585 3762 Cum

2004 3800 2119 3855 hmc
2148 3816 2276 3869 ergo
2305 3817 2402 3855 nos
2428 3816 2637 3871 quoque
2668 3802 2925 3867 sciamus,
2956 3817 3362 3872 permaneamus
3391 3804 3588 3871 gratias

2003 3902 2260 3961 perpetuo
2299 3903 2518 3963 agentes
2556 3893 2782 3963 benigno
2813 3894 2938 3956 Deo,
2975 3907 3027 3948 et
3069 3894 3171 3948 hoc
3212 3895 3259 3948 ei
3302 3894 3588 3949 oﬁirramu's

2002 3985 2340 4047 sacriﬁcium,
2378 3995 2435 4040 ut
2464 3986 2599 4040 bona
2629 3988 2788 4041 etiam
2818 3986 2989 4040 futura
3016 4003 3432 4057 consequamur,
3459 4002 3585 4057 gra-

2005 4076 2072 4130 tia
2097 4085 2149 4130 et
2175 4076 2495 4146 benignitate
2518 4077 2724 4131 Domini
2750 4078 2913 4131 nostri
2936 4078 3059 4131 Jesn
3082 4076 3275 4132 Christi
3299 4094 3312 4130 :
3335 4093 3455 4132 cum
3481 4092 3587 4147 quo

2004 4167 2142 4221 Patri
2165 4167 2230 4220 sit
2254 4167 2415 4237 gloria
2437 4168 2592 4220 simul
2613 4183 2734 4221 cum
2755 4176 2939 4222 sancto
2964 4167 3183 4237 Spiritu,
3205 4184 3343 4223 nunc
3367 4180 3422 4224 et
3446 4184 3589 4224 sem-

2002 4275 2115 4328 per,
2145 4267 2197 4312 et
2226 4258 2277 4312 in
2304 4259 2497 4313 szecula
2524 4260 2864 4314 smculorum.
2896 4261 3085 4314 Amen.

2485 4372 2551 4426 IN
2586 4372 2904 4428 PSALMUM
2935 4372 3120 4428 CXIX.

2036 4464 2298 4519 Canticum
2324 4466 2594 4538 graduum.
2630 4468 2778 4520 Alius
2806 4468 3067 4532 interpres
3094 4467 3257 4536 dicit,
3287 4468 3549 4525 Canticum

2560 4565 2908 4613 ascensionum
2944 4558 3039 4631 (ό).

2001 4654 2051 4709 1.
2073 4653 2149 4707 Ad
2165 4651 2439 4706 Dominum
2466 4668 2576 4705 cum
2604 4650 2873 4705 tribularer
2888 4650 3120 4715 clamavi,
3141 4662 3185 4707 et
3206 4656 3459 4709 exaudivit
3488 4672 3582 4711 me.

2074 4771 2124 4821 1.
2156 4765 2416 4820 Graduum
2443 4766 2691 4818 canticum
2718 4773 2849 4817 unde
2875 4766 3084 4819 dictum.
3107 4798 3177 4807 -—
3208 4768 3443 4821 Aliorum
3473 4771 3589 4839 qui-

1999 4858 2119 4912 dem
2154 4857 2488 4912 Psalmorum
2524 4857 2883 4924 unusquisque
2909 4860 3171 4925 propriam
3206 4857 3363 4913 habet
3394 4860 3586 4915 inscri-

2001 4953 2232 5020 ptionem
2256 4992 2269 5013 ,
2308 4950 2393 5004 hic
2421 4961 2594 5005 autem
2628 4950 2804 5003 multis
2834 4951 2990 5005 simul
3027 4954 3327 5019 conjunctis
3354 4972 3455 5010 una
3491 4957 3588 5011 im-

2002 5045 2170 5113 posita
2199 5052 2280 5097 est
2309 5043 2593 5113 appellatio
2647 5040 2914 5095 Canticum
2943 5043 3217 5113 graduum,
3239 5046 3342 5111 vel,
3368 5059 3425 5101 ut
3451 5048 3586 5105 alius

2000 5137 2137 5189 dixit
2190 5136 2490 5203 interpres,
2536 5134 2915 5188 Ascensionnm.
2968 5135 3219 5191 Nonnulli
3264 5147 3443 5193 autem
3490 5157 3586 5195 eos

2000 5232 2157 5283 etiam
2186 5232 2375 5299 gradus
2395 5228 2681 5297 appellant.
2714 5228 2780 5282 Et
2802 5243 3029 5298 quanam
3058 5229 3126 5284 de
3154 5244 3333 5297 causa,
3352 5231 3579 5302 inquies.

2061 5344 2134 5405 (a)
2159 5351 2241 5392 Hae
2260 5343 2693 5405 interpretationes
2713 5344 2894 5405 quinta;
2918 5342 3132 5395 fortasse.
3154 5352 3206 5395 et
3227 5352 3385 5397 sexta:
3409 5347 3584 5398 Edltio-

1998 5403 2268 5455 numsunt.
2292 5403 2416 5453 Vide
2441 5405 2489 5452 in
2513 5403 2741 5466 Hexaplis
2762 5405 2850 5453 hoc
2874 5404 2994 5454 loco.

2062 5475 2130 5533 (ὸ)
2173 5474 2480 5540 contulimus
2523 5486 2632 5520 cum
2674 5473 2851 5540 Codice
2893 5473 3011 5532 Reg.
3248 5472 3352 5540 qui_
3372 5471 3570 5540 mendis

1996 5543 2170 5585 scatet.
2233 5536 2481 5596 lnterpres
2521 5548 2636 5582 vero
2690 5534 2817 5593 apud
2861 5546 3010 5595 quem
3056 5534 3278 5596 legitur,
3318 5534 3569 5596 Canticum

1995 5596 2329 5663 ascensionum
2356 5593 2970 5663 (ᾠδὴ-τῶκί-ἀγαϐἀσεών).
3007 5604 3082 5663 est
3110 5593 3387 5663 'l‘heodotio
3413 5594 3568 5663 :hvide
3606 5658 3610 5663 ⁴

1998 5656 2046 5706 in
2074 5657 2311 5718 Hexaplis
2345 5656 2542 5707 nostris.
2588 5658 2742 5718 Hujus
2785 5656 2931 5717 porro
2975 5662 3029 5704 et
3062 5661 3385 5718 sequentium
3428 5656 3571 5705 Psal-

1996 5734 2187 5787 φοι-ψη
2224 5718 2576 5787 interpretatio
2625 5717 2791 5767 Latina
2833 5718 3046 5787 habetur
3075 5717 3565 5787 ii_i_’tlo_dic_e’quodam

1995 5780 2343 5839 Ottoboniauo,
2366 5780 2510 5835 cuius
2534 5781 2637 5829 haec
2672 5788 2886 5829 estnota
2918 5781 2969 5827 ll.
3013 5780 3065 5840 γ.
3095 5780 3169 5827 48.
3202 5780 3564 5840 lncipitau'em

1994 5843 2100 5907 sic:
2133 5845 2248 5907 Cum
2272 5840 2554 5907 cwterifere
2574 5840 2753 5907 singuli
2781 5840 2965 5893 Psalmt
2985 5838 3203 5906 singulas
3222 5838 3334 5891 suis
3353 5842 3571 5893 seoer

1996 5903 2197 5955 habeant
2226 5902 2579 5968 inscriptiones,
2605 5902 2701 5955 etc.
