4112 6342
529 345 635 410 ⁸559

529 471 602 525 ita
631 477 750 524 sunt
780 464 1069 539 appellati?
1102 463 1156 518 Si
1184 461 1458 516 historiam
1487 457 1699 528 quidem
1727 467 1957 526 spectes,
1979 469 2113 525 quo-

528 563 672 618 niam
700 562 986 628 loquontur
1006 557 1075 612 de
1101 555 1274 611 reditu
1297 569 1361 608 ex
1391 551 1684 623 Babylone,
1715 561 1764 605 et
1789 547 2114 618 captivitatis

527 668 648 721 qua:
697 651 804 706 illic
847 650 943 704 fuit
991 647 1313 702 mentionem
1353 643 1550 697 Laciunt
1577 659 1593 695 :
1625 641 1717 694 sed
1745 641 1788 693 si
1817 654 1909 692 eos
1935 651 2116 692 sumas

526 743 834 812 anagogice,
875 739 1017 812 quod
1045 739 1108 793 ad
1147 739 1282 790 viam
1316 736 1524 790 virtutis
1565 733 1870 789 deducant:
1899 731 2114 800 quidam

527 835 671 888 enim
713 848 806 886 eos
845 831 914 885 ita
955 836 1297 898 acceperunt.
1343 826 1474 881 Nam
1504 827 1586 878 via
1629 841 1746 895 qua:
1776 840 1840 878 eo
1867 820 2111 883 deducit,

526 932 612 978 est
635 921 824 977 similis
852 921 1121 990 gradibus,
1147 921 1318 972 virum
1349 919 1542 971 virtute
1567 927 1619 969 et
1646 915 1900 984 sapientia
1925 911 2115 982 prtedi-

530 1027 639 1071 tum
680 1017 932 1086 paulatim
977 1014 1210 1068 eveliens
1251 1021 1306 1066 et
1345 1011 1650 1072 sustollens,
1678 1018 1878 1062 etcum
1916 1007 1966 1060 in
1999 1005 2114 1074 ipso

527 1109 660 1163 cado
687 1119 944 1161 statuens.
975 1106 1073 1158 Alii
1109 1114 1286 1156 autem
1313 1102 1494 1156 dicunt
1525 1116 1620 1169 per
1645 1100 1759 1152 haec
1789 1095 2110 1151 subindieari

532 1199 726 1253 scalam
759 1196 922 1251 Jacob
945 1237 960 1259 ,
1001 1211 1118 1264 qtttc
1159 1193 1256 1262 ipsi
1287 1202 1498 1245 ostensa
1529 1199 1609 1244 est
1636 1189 1702 1243 ad
1731 1188 1917 1242 cadum
1947 1201 2113 1254 usque

527 1291 854 1359 pertingens.
889 1289 960 1342 lta
988 1289 1145 1340 etiam
1168 1286 1416 1356 gradibus
1444 1295 1496 1339 et
1523 1283 1679 1336 scalis
1704 1281 1974 1348 subjectis,
1999 1281 2118 1332 loca

527 1384 592 1438 ad
620 1399 738 1454 quae
766 1398 871 1436 non
897 1391 1033 1450 patet
1056 1381 1247 1439 aditus,
1271 1385 1325 1430 et
1344 1394 1460 1446 quze
1484 1384 1607 1428 sunt
1631 1374 1940 1435 excelsiora,
1964 1371 2114 1424 adire

529 1485 770 1546 possunt.
799 1476 1058 1542 Quoniam
1077 1482 1251 1527 autem
1276 1486 1368 1524 eos
1389 1470 1476 1539 qui
1499 1467 1812 1529 ascendunt,
1835 1475 2112 1535 postquam

529 1570 584 1623 in
605 1569 766 1622 altum
788 1570 960 1622 evecti
991 1567 1203 1630 fuerint,
1225 1565 1454 1633 caligare
1479 1576 1695 1615 necesse
1714 1567 1813 1625 est,
1836 1567 2111 1628 propterea

533 1675 638 1714 non
682 1674 777 1714 eos
817 1659 987 1712 solum
1013 1657 1104 1726 qui
1134 1655 1461 1717 ascendunt,
1493 1651 1587 1707 sed
1615 1668 1708 1705 eus
1739 1651 1899 1704 etiam
1929 1648 2014 1718 qui
2045 1647 2110 1700 ad

529 1751 701 1817 ipsum
728 1765 983 1803 cacumen
1016 1756 1388 1818 pervenerunt,
1413 1755 1629 1813 accepta
1655 1745 1899 1797 cautione
1919 1741 2114 1794 eonlir-

529 1843 661 1896 mari
691 1850 918 1911 oportet.
952 1841 1065 1896 Una
1107 1849 1191 1894 est
1230 1848 1406 1892 autem
1446 1837 1737 1898 securitas,
1767 1833 1977 1903 quando
2009 1848 2112 1885 non

527 1942 780 2002 quantum
808 1933 1146 1987 ascendimus
1175 1931 1583 2000 respexerimus,
1615 1930 1684 1983 ita
1711 1937 1768 1982 ut
1791 1927 2033 1996 superba)
2059 1937 2114 1981 et

529 2025 683 2078 elatae
731 2025 922 2078 mentis
965 2023 1252 2077 evadamus
1282 2039 1295 2076 :
1323 2021 1414 2076 sed
1453 2029 1705 2090 quantum
1734 2026 1900 2073 restat
1921 2033 2111 2072 ascen-

529 2115 783 2178 dendum,
814 2113 1106 2182 consliicati
1153 2114 1406 2167 fuerimus
1430 2155 1444 2175 ,
1476 2121 1532 2166 et
1564 2112 1630 2164 ad
1670 2110 1798 2164 illud
1829 2109 2114 2163 tetenderi-

531 2222 667 2260 mus.
699 2206 850 2272 Quod
881 2207 1042 2260 etiam
1070 2206 1263 2259 Paulus
1290 2203 1613 2272 significans,
1638 2201 1848 2256 dicebat
1876 2219 1887 2254 :
1921 2199 2114 2252 Eorum

529 2314 643 2368 qua:
662 2308 794 2351 retro
819 2308 933 2350 sunt
959 2297 1319 2357 obliviscentes,
1351 2295 1417 2346 ad
1447 2293 1699 2346 anteriora
1722 2301 1887 2345 autem
1909 2308 1998 2344 uos
2021 2306 2111 2344 ea:-

534 2389 784 2443 tendentes
824 2393 840 2456 (
867 2389 1099 2458 Philipp.
1127 2389 1178 2442 5.
1207 2389 1275 2442 l5
1296 2387 1335 2456 ).
1382 2386 1450 2440 Et
1473 2395 1556 2440 est
1587 2385 1700 2439 hzce
1727 2385 1943 2454 quidem
1978 2385 2115 2438 ratio

531 2496 798 2551 anagoges
823 2499 835 2532 :
865 2495 964 2533 nos
987 2490 1163 2533 autem
1193 2478 1465 2545 deinceps,
1489 2476 1534 2530 si
1559 2476 1815 2538 videatur,
1839 2475 2114 2528 veniamus

531 2573 598 2625 ad
623 2573 790 2626 histor
811 2588 918 2637 am,
949 2581 1003 2625 et
1034 2571 1304 2625 videamus
1343 2585 1436 2623 cos
1470 2570 1558 2639 qui
1604 2571 1816 2622 fuerunt
1851 2569 2058 2622 liberati
2083 2584 2113 2622 a

533 2667 859 2735 Captivitate.
890 2664 1168 2734 QuOniodo
1197 2664 1356 2733 igitur
1381 2680 1408 2715 a
1431 2662 1737 2730 captivitate
1769 2661 1973 2715 liberati
2003 2661 2116 2715 fue-

530 2759 696 2813 runt?
725 2758 1000 2812 Desiderio
1026 2757 1478 2828 Jerosolymorutu
1511 2756 1527 2786 ⁸
1562 2772 1574 2808 :
1602 2771 1721 2808 cum
1745 2763 1930 2809 contra
1963 2755 1994 2807 ii
2026 2755 2112 2824 qui

533 2866 639 2904 non
671 2852 782 2920 pari
811 2851 988 2906 studio
1011 2859 1164 2905 erant
1186 2850 1380 2913 allecti,
1406 2865 1472 2904 ex
1498 2849 1590 2902 Dei
1612 2850 1778 2918 gratia
1800 2848 1930 2904 nihil
1959 2848 2116 2903 lucri-

535 2939 776 3006 fecerint,
807 2940 898 2994 sed
927 2941 978 2994 in
1007 2950 1256 3010 perpetua
1285 2939 1542 2994 servitute
1569 2939 1684 2993 dies
1711 2953 1835 2993 suos
1865 2938 2113 2996 obierint.

533 3046 668 3100 quos
700 3047 797 3086 nos
823 3032 980 3086 etiam
1008 3031 1051 3086 si
1085 3032 1350 3085 imitemur
1374 3071 1390 3097 ,
1421 3030 1650 3099 idipsum
1682 3030 1883 3098 passuri
1911 3044 2114 3083 sumus.

534 3124 587 3178 Si
614 3124 754 3178 enim
783 3140 965 3178 amore
991 3125 1280 3178 czelestium
1302 3166 1316 3190 ,
1345 3131 1396 3177 et
1422 3123 1686 3178 desiderio
1712 3124 1938 3178 caelestis
1965 3122 2119 3177 Jeru-

535 3207 700 3269 salem
744 3231 850 3268 non
886 3225 1180 3281 teneamur,
1209 3215 1303 3270 sed
1342 3215 1386 3268 si
1433 3215 1676 3283 przesenti
1705 3214 1824 3268 vita:
1862 3224 2118 3283 perpetuo

535 3304 856 3369 luereamus,
881 3305 931 3358 iu
953 3320 1108 3360 coeno
1129 3305 1461 3360 szecularium
1483 3321 1731 3360 curarum
1756 3305 1993 3370 volutati,
2013 3321 2118 3359 non

538 3397 829 3464 poterimus
861 3397 1080 3465 patriam
1111 3399 1371 3465 recipere.

607 3485 898 3556 Aﬁlictionis
941 3488 1174 3552 lucrum;
1203 3487 1401 3558 afﬂictio
1435 3487 1706 3541 maximam
1749 3487 2121 3540 excusationem

541 3577 706 3630 habet.
764 3606 838 3617 --
876 3576 956 3630 Ad
999 3577 1272 3631 Dominum
1309 3594 1424 3631 cum
1469 3577 1734 3631 tribularer
1777 3576 1989 3630 clamavi
2013 3617 2028 3642 ,
2073 3583 2120 3628 et

535 3667 790 3722 exaudiuit
829 3684 924 3721 me.
967 3667 1155 3722 Vidisti
1206 3668 1410 3722 lucrum
1449 3667 1791 3722 alllictionis?
1820 3668 1996 3722 vidisti
2028 3682 2119 3721 ce-

538 3758 802 3816 leritatem
842 3760 1175 3815 elementite?
1215 3760 1439 3814 Lucrum
1476 3759 1800 3826 afﬂictionis,
1845 3759 1986 3830 quod
2029 3773 2121 3813 eos

538 3851 605 3906 ad
639 3867 798 3921 puras
821 3865 1008 3922 preces
1036 3850 1331 3906 fundendas
1359 3850 1672 3905 adduxerit:
1703 3849 1998 3904 clementiae
2029 3865 2120 3904 cc-

540 3943 824 4010 leritatem,
853 3942 995 4014 quod
1025 3944 1336 3997 vocantibus
1363 3944 1441 3997 eis
1465 3943 1642 3998 statim
1669 3943 1912 3997 annuerit
1939 3961 1950 3994 :
1980 3941 2120 4011 quod

540 4036 700 4091 etiam
734 4036 877 4106 prius
913 4035 1036 4091 fecit
1078 4035 1144 4090 iis
1186 4035 1274 4105 qui
1326 4044 1477 4091 erant
1505 4037 1557 4088 in
1585 4033 1838 4106 Egypto.
1892 4033 1960 4088 Et
2004 4035 2123 4089 ideo

540 4130 703 4192 dicit,
743 4127 928 4182 Videas
952 4128 1056 4182 uidi
1081 4127 1394 4200 aﬂlictionem
1432 4128 1609 4199 populi
1646 4128 1774 4193 mei,
1804 4136 1846 4181 et
1887 4127 2124 4195 gemitum

541 4239 715 4278 eorum
751 4223 951 4288 audivi,
995 4232 1040 4276 et
1083 4222 1316 4274 descendi
1345 4231 1398 4274 ut
1440 4238 1522 4274 eos
1562 4221 1802 4290 eriperem
1833 4217 2022 4288 (Exod.
2066 4219 2119 4272 5.

544 4314 599 4367 7.
631 4314 711 4383 8).
747 4313 809 4366 Et
837 4321 893 4366 ιιι
923 4327 1071 4379 ergo,
1103 4327 1136 4365 ο
1164 4311 1377 4374 dilecte,
1405 4309 1617 4380 quando
1643 4325 1702 4365 es
1731 4309 1782 4363 in
1814 4307 2122 4374 afﬂictione,

543 4419 612 4458 ne
640 4403 891 4473 desperes
911 4443 927 4470 ,
960 4417 1059 4457 nec
1090 4401 1300 4456 labores
1327 4401 1647 4470 indiligentia
1672 4441 1688 4467 ,
1714 4398 1807 4454 sed
1838 4410 1958 4453 tunc
1987 4409 2124 4452 tem-

547 4493 689 4562 poris
720 4494 947 4547 maxime
973 4493 1206 4547 excitare
1233 4510 1243 4544 :
1273 4502 1395 4546 sunt
1417 4493 1558 4546 enim
1584 4500 1709 4545 tunc
1729 4505 1915 4560 preces
1946 4491 2123 4559 purio-

547 4600 663 4652 rcs,
693 4595 745 4637 et
775 4586 942 4653 major
965 4593 1049 4640 est
1079 4585 1167 4638 Di-i
1194 4584 1246 4637 in
1279 4593 1329 4638 te
1356 4583 1722 4638 benevolentia
1748 4600 1761 4636 :
1792 4593 1844 4636 et
1874 4590 2128 4652 perpetuo

549 4679 616 4730 ita
647 4677 812 4737 vivas,
848 4684 900 4729 ut
940 4675 1009 4729 sit
1040 4675 1130 4728 tibi
1161 4675 1264 4727 vita
1296 4675 1555 4727 laboriosa
1578 4714 1592 4738 ,
1620 4674 1794 4728 sciens
1822 4687 2008 4727 omnes
2036 4673 2127 4742 qui

547 4770 632 4838 pie
671 4769 854 4820 volunt
899 4769 1074 4821 vivere
1118 4767 1168 4820 in
1211 4767 1424 4821 Christo
1468 4766 1611 4830 Jesu,
1663 4767 2126 4836 persequutionem

549 4877 830 4932 passuros,
862 4870 915 4915 et
955 4877 1046 4930 per
1085 4861 1278 4915 multas
1307 4859 1618 4914 al'llietiones
1648 4867 1895 4929 oportere
1925 4875 2022 4913 nos
2052 4861 2130 4913 in-

550 4965 692 5008 trare
717 4955 768 5008 in
802 4971 1019 5024 regnum
1045 4954 1137 5007 Dei
1170 4955 1243 5015 (9..
1275 4952 1410 5006 Tim.
1435 4954 1486 5007 5.
1519 4952 1618 5017 12;
1650 4954 1760 5005 Act.
1795 4953 1879 5006 14.
1910 4951 2023 5021 21).
2054 4951 2131 5006 Ne

551 5048 764 5102 mollem
810 5062 937 5115 ergo
965 5046 1126 5099 vitam
1171 5059 1220 5100 et
1249 5046 1556 5100 dissolutam
1596 5045 1847 5099 dilexeris
1869 5087 1882 5108 ,
1925 5060 2024 5099 nec
2049 5047 2129 5098 via

551 5141 653 5196 lata
685 5140 817 5195 velis
838 5139 1037 5209 ingredi
1066 5139 1085 5198 (
1104 5154 1165 5192 ea
1189 5140 1327 5191 enim
1359 5155 1460 5192 non
1486 5139 1628 5191 ducit
1658 5138 1708 5191 in
1735 5137 1921 5191 czelum
1948 5137 1965 5206 )
1993 5179 2009 5202 ,
2039 5135 2131 5191 sed

551 5243 696 5287 arcta
739 5239 792 5285 et
839 5239 1078 5298 angusta.
1121 5229 1175 5283 Si
1224 5241 1399 5283 autem
1449 5230 1723 5297 pervenire
1765 5229 1829 5282 ad
1875 5243 2132 5298 supernas

553 5323 858 5376 mansiones
911 5321 1058 5381 velis.
1111 5320 1230 5390 fuge
1269 5322 1584 5390 voluptates,
1633 5331 1906 5374 externam
1951 5321 2130 5374 saeculi

555 5431 800 5483 pompam
831 5431 893 5467 ac
928 5415 1159 5483 speciem
1199 5415 1472 5472 eoncnlca,
1505 5428 1652 5482 opes,
1690 5413 1910 5482 gloriam
1940 5420 1994 5465 et
2039 5429 2129 5480 po-

557 5507 772 5563 teutiam
805 5505 1044 5575 neglige:
1076 5513 1435 5573 paupertatem
1463 5514 1636 5556 autem
1661 5545 1674 5566 ,
1709 5505 1898 5555 mentis
1929 5505 2134 5557 contri-

555 5599 776 5662 tiouem,
800 5595 1293 5665 confessionemque
1315 5605 1364 5649 et
1392 5596 1740 5665 lacrymarum
1769 5593 1965 5648 fontem
1994 5604 2132 5660 tene,

553 5698 607 5744 et
631 5688 809 5743 omnia
833 5703 952 5758 qua:
983 5695 1205 5756 possunt
1229 5685 1515 5739 conciliare
1540 5685 1761 5738 salutem
1793 5698 2132 5752 persequere.

620 5791 637 5820 ⁸
672 5786 762 5838 Alii
787 5787 984 5848 addunt,
1009 5794 1139 5838 teste
1163 5785 1331 5836 Savilio
1357 5787 1404 5834 in
1429 5787 1665 5848 margine,
1693 5785 2018 5848 metropoteos.

1238 346 1297 402 S.
1335 341 1614 400 .IOANNIS
1650 335 2129 397 CllRYSOSTOMl
2171 332 2486 390 ARCillEP.
2529 332 3064 389 CUNSTANTINOP.

3701 335 3807 390 540

2228 449 2301 502 Ea
2332 449 2472 503 enim
2515 457 2568 502 et
2614 448 2860 502 tutiorem
2899 447 3126 502 reddunt
3169 461 3290 500 eum
3321 447 3410 516 qui
3451 448 3705 518 possidet.
3750 461 3806 504 et

2225 558 2413 612 preces
2441 541 2669 595 reddunt
2704 541 3059 594 sublintiores.
3091 540 3144 594 Si
3178 541 3401 609 teipsum
3431 541 3501 594 ita
3527 557 3806 610 compara-

2221 634 2361 686 veris
2382 673 2396 695 ,
2425 640 2479 684 ct
2505 631 2666 684 Deum
2693 645 2814 684 cum
2847 631 2945 683 liae
2974 639 3150 684 mente
3183 630 3478 696 vocaveris,
3510 639 3561 685 te
3587 635 3806 687 omnino

2219 723 2484 776 exaudiet.
2514 721 2580 774 Et
2610 722 2728 775 ideo
2755 721 2884 775 dixit
2916 721 3171 790 propheta
3193 765 3207 786 ,
3234 721 3362 776 Cum
3391 723 3656 777 tribularer
3693 725 3805 778 cla-

2221 816 2385 878 mavi,
2417 826 2460 867 et
2491 814 2745 868 exaudivit
2786 830 2884 879 me,
2933 823 2989 867 ut
3029 814 3201 868 discas
3253 815 3504 882 paulatim
3549 829 3807 870 conscen-

2218 903 2347 959 dere
2366 945 2380 964 .
2408 915 2490 966 ct,
2527 913 2581 957 tit
2611 905 2678 958 ita
2705 904 2875 958 dicam
2902 945 2916 966 ,
2947 905 3113 957 alatas
3141 905 3471 972 precationes
3499 903 3673 959 facere
3691 947 3706 968 ,
3741 922 3809 960 ne

2218 999 2461 1063 angoris,
2491 1011 2588 1051 nec
2616 1012 2755 1065 :l‘gre
2775 994 2916 1050 feras
2949 997 3000 1048 in
3028 995 3404 1050 afflictionibus
3426 1037 3442 1061 ,
3474 996 3568 1050 sed
3611 997 3806 1050 utilita-

2219 1095 2326 1140 tem
2355 1104 2418 1141 ex
2446 1089 2524 1140 eis
2552 1087 2832 1156 percipias.
2877 1085 2930 1141 Si
2961 1088 3102 1140 enim
3135 1085 3358 1138 Elisams
3398 1085 3652 1154 propheta
3683 1103 3804 1140 cum

2219 1189 2363 1232 esset
2394 1178 2571 1241 homo,
2607 1193 2710 1230 non
2743 1177 2980 1245 permisit
3011 1185 3065 1228 ut
3093 1175 3384 1243 discipulus
3415 1177 3710 1230 venientem
3739 1175 3806 1230 ad

2218 1285 2278 1322 se
2323 1269 2598 1322 mulierem
2645 1269 2971 1331 extruderet,
3014 1267 3230 1320 dicens:
3270 1265 3483 1320 Dimitte
3525 1285 3658 1332 eam,
3689 1270 3806 1338 quia

2219 1377 2430 1414 incerare
2455 1371 2526 1413 est
2564 1358 2747 1424 a/I'ecta
2784 1359 2955 1411 anima
2986 1359 3095 1427 ejus
3123 1358 3201 1428 (4.
3230 1358 3355 1428 Reg.
3400 1360 3454 1413 4.
3495 1357 3587 1429 27)
3615 1376 3626 1410 :
3673 1361 3804 1412 nihil

2218 1451 2360 1504 aliud
2388 1467 2433 1502 vi
2457 1449 2571 1503 lens
2601 1465 2662 1502 ex
2690 1463 2755 1503 eo
2783 1448 3086 1513 ostendere,
3117 1448 3219 1502 nisi
3240 1447 3382 1518 quod
3408 1450 3804 1502 eXcusatiouetu

2218 1554 2274 1600 et
2309 1541 2670 1595 defensionem
2712 1541 2994 1593 maximam
3039 1538 3292 1602 haberet,
3331 1555 3524 1608 nempe
3565 1541 3807 1598 afflictio-

2221 1645 2340 1683 nem
2367 1647 2380 1683 :
2413 1631 2578 1685 multo
2602 1630 2775 1683 minus
2804 1631 2942 1684 Deus
2970 1638 3020 1684 te
3061 1630 3315 1697 repellet,
3345 1631 3387 1682 si
3419 1646 3537 1683 cum
3585 1633 3719 1683 tristi
3752 1640 3806 1684 et

2220 1723 2373 1774 auxia
2399 1722 2573 1774 anima
2596 1721 2658 1773 ad
2683 1735 2802 1774 eum
2827 1720 3069 1774 accedas.
3099 1719 3165 1772 Et
3192 1719 3309 1773 ideo
3331 1719 3574 1774 Christus
3597 1737 3806 1789 quoque.

2219 1828 2313 1867 eos
2356 1814 2538 1867 beatos
2568 1813 2892 1882 pronuntiat,
2922 1813 3009 1880 qui
3037 1813 3238 1882 lugent,
3272 1819 3325 1866 et
3365 1814 3586 1866 miseros
3612 1813 3697 1882 qui
3731 1815 3804 1866 ri-

2219 1904 2348 1958 dent
2374 1902 2524 1973 (Luc.
2550 1904 2603 1957 6.
2634 1903 2748 1973 25).
2775 1903 3030 1968 Quocirca
3057 1903 3405 1956 beatitudiues
3433 1904 3554 1957 hinc
3580 1919 3806 1958 exorsus

2219 2009 2296 2050 est
2317 1995 2411 2068 (a),
2428 1996 2608 2048 dicens
2633 2012 2648 2050 :
2667 1994 2806 2048 Beati
2829 1997 2912 2064 qui
2928 1995 3094 2064 lugent
3113 1993 3321 2064 (illattli.
3342 1994 3395 2047 5.
3411 1994 3487 2063 5).
3505 1993 3558 2048 Si
3579 1996 3655 2046 vis
3677 2011 3804 2064 ergo

2222 2090 2318 2142 hos
2343 2088 2537 2158 gradus
2565 2087 2878 2152 ascendere,
2901 2087 3039 2157 quod
3068 2097 3150 2141 est
3180 2087 3230 2140 in
3264 2089 3363 2139 vita
3397 2088 3554 2140 molle
3578 2101 3803 2140 enerva-

2222 2192 2438 2250 tumque
2479 2189 2533 2234 et
2573 2180 2887 2232 dissolutum
2939 2193 3138 2242 reseca,
3189 2187 3243 2231 et
3292 2177 3550 2231 laboriosa
3594 2178 3800 2231 vivendi

2221 2258 2426 2328 ratione
2453 2282 2503 2326 te
2543 2273 2709 2342 ipsum
2744 2271 2979 2340 astringe
3007 2280 3061 2323 et
3097 2272 3349 2324 contine:
3383 2285 3410 2323 a
3441 2271 3665 2323 terrenis
3706 2287 3800 2323 uc-

2220 2365 2376 2434 gotiis
2413 2362 2638 2418 abstine.
2689 2361 2786 2416 Hic
2823 2371 2906 2416 est
2940 2362 3139 2431 ptituus
3167 2376 3440 2415 ascensus.
3485 2361 3598 2414 Non
3633 2372 3804 2430 potest

2221 2456 2361 2509 enim
2387 2455 2520 2519 fieri,
2553 2471 2655 2507 non
2681 2464 2852 2523 putest
2880 2463 2934 2506 ut
2960 2452 3118 2507 simul
3147 2461 3198 2507 et
3227 2453 3424 2506 scalam
3448 2454 3800 2519 conscendas,

2221 2559 2276 2604 et
2308 2550 2358 2602 in
2391 2560 2529 2602 terra
2561 2548 2784 2602 hmreas.
3538 2539 3542 2544 ’

2292 2641 2345 2694 Ξ.
2390 2640 2549 2695 Vides
2576 2649 2771 2710 quanta
2801 2639 2868 2692 sit
2896 2638 3012 2692 caeli
3043 2637 3261 2692 altitudo
3286 2655 3298 2690 :
3329 2636 3465 2691 nosti
3495 2637 3801 2690 brevitati-tn

2221 2733 2477 2803 temporis
2509 2751 2519 2785 :
2553 2733 2657 2786 scis
2691 2747 2847 2801 quam
2876 2733 2942 2784 sit
2984 2746 3126 2783 mors
3163 2729 3382 2783 incerta.
3430 2727 3505 2782 Ne
3539 2730 3805 2782 cunctaris

2220 2841 2348 2895 ergo
2371 2866 2386 2890 ,
2417 2839 2514 2878 nec
2535 2821 2746 2876 dill'eras
2766 2863 2780 2886 ,
2809 2820 2900 2875 sed
2943 2821 3077 2873 hanc
3103 2818 3580 2889 peregrinationem
3619 2833 3803 2886 magna

2221 2919 2272 2972 vi
2300 2917 2606 2988 aggredere,
2640 2925 2696 2970 ιιι
2725 2931 2830 2969 uno
2858 2914 2946 2968 die
2975 2913 3127 2978 duos,
3163 2923 3290 2977 tres,
3323 2912 3503 2967 decem
3536 2924 3589 2966 et
3623 2913 3803 2981 viginti

2221 3010 2417 3080 gradus
2445 3007 2792 3063 conscendas.

2298 3099 2472 3154 Dolosi
2497 3099 2760 3170 fugiendi;
2785 3095 3116 3166 improbitatis
3147 3094 3468 3164 supplicium.
3505 3123 3577 3133 —
3609 3094 3664 3147 2.
3706 3093 3806 3146 Do-

2223 3193 2378 3255 mine,
2408 3189 2561 3243 libera
2589 3189 2808 3240 animam
2837 3203 2997 3240 meam
3023 3203 3052 3238 a
3083 3185 3226 3238 labiis
3252 3186 3434 3254 iniquis
3453 3224 3468 3250 ,
3501 3193 3548 3238 et
3578 3201 3608 3237 (ι
3635 3185 3806 3253 lingua

2224 3284 2415 3337 dolosa.
2452 3281 2579 3335 Vide
2607 3280 2691 3334 hic
2715 3294 2923 3348 quoque
2957 3280 3132 3332 lucere
3167 3285 3483 3344 prteceptum
3506 3275 3630 3329 illud
3649 3290 3809 3329 evan-

2222 3375 2448 3444 gelicum
2476 3391 2488 3425 :
2514 3373 2686 3437 Orate,
2711 3371 2978 3425 neintretis
2993 3372 3042 3423 in
3061 3370 3378 3423 tentationem
3397 3367 3548 3439 (Luc.
3578 3367 3666 3421 22.
3692 3367 3803 3435 46).

2225 3467 2374 3523 Nulla
2389 3469 2529 3519 en'm
2546 3475 2645 3528 est,
2660 3480 2692 3517 ο
2707 3463 2914 3521 dilecte.
2935 3463 3145 3532 gravior
3162 3461 3398 3525 teutatio,
3413 3475 3568 3528 quam
3589 3461 3637 3512 in
3659 3459 3808 3512 dolo-

2226 3573 2342 3612 sum
2373 3556 2638 3608 hominem
2670 3553 2901 3607 incidere
2927 3570 2937 3603 :
2972 3554 3014 3605 is
3043 3551 3236 3621 quippe
3262 3560 3343 3604 est
3365 3552 3451 3604 vel
3481 3552 3664 3619 quavis
3695 3548 3804 3603 fera

2228 3650 2591 3705 truculentior.
2640 3648 2712 3700 Ea
2742 3647 2880 3700 enim
2912 3645 2959 3698 id
2999 3645 3136 3714 quod
3164 3651 3247 3698 est
3272 3658 3389 3697 esse
3427 3643 3688 3697 cernitur:
3721 3641 3807 3695 hic

2227 3752 2401 3795 autem
2428 3739 2645 3794 obtentu
2688 3737 2809 3791 velo
2838 3735 3255 3790 mansuetudinis
3285 3743 3338 3787 et
3365 3734 3642 3804 probitatis
3665 3747 3808 3802 sepe

2228 3834 2373 3886 virus
2404 3831 2651 3888 occultat,
2681 3838 2854 3882 utnec
2894 3828 3046 3881 facile
3084 3825 3286 3896 possint
3317 3824 3640 3894 deprehendi
3679 3826 3808 3877 insi-

2227 3925 2347 3986 diae,
2369 3932 2422 3977 et
2450 3923 2498 3975 in
2523 3922 2825 3976 barathrum
2845 3920 2981 3972 nulla
3007 3919 3236 3972 adhibita
3258 3919 3500 3971 cautione
3528 3916 3804 3971 incidatur.

2229 4013 2564 4083 Quapropter
2591 4010 2785 4078 ubique
2811 4026 2838 4062 a
2872 4009 2980 4063 Deo
3012 4009 3109 4062 hoc
3138 4008 3348 4062 assidue
3376 4009 3623 4078 postulat,
3656 4015 3716 4061 ut
3743 4009 3806 4060 li-

2231 4107 2444 4159 bcretur
2486 4121 2513 4156 a
2560 4103 2752 4157 talibus
2801 4103 3212 4156 insidiatoribus.
3252 4100 3308 4156 Si
3354 4110 3529 4154 autem
3580 4100 3809 4172 fugiendi

2230 4207 2353 4252 sunt
2377 4195 2690 4250 fraudulcnti
2717 4205 2769 4248 et
2798 4195 3063 4257 malitiosi,
3095 4195 3263 4247 multo
3291 4193 3456 4263 magis
3475 4193 3806 4261 deceptores,

2231 4302 2282 4343 et
2312 4290 2397 4358 qui
2432 4290 2564 4341 mala
2594 4287 2835 4356 dogmata
2866 4287 3157 4355 proferunt.
3189 4287 3412 4340 Maxime
3433 4297 3607 4340 autem
3633 4289 3806 4354 iniqua

2230 4398 2292 4437 ea
2321 4383 2453 4436 labia
2493 4397 2612 4434 esse
2641 4382 2841 4434 dixeris
2863 4420 2876 4443 ,
2911 4395 3026 4448 quae
3075 4380 3126 4432 in
3169 4381 3360 4432 virtute
3389 4379 3619 4445 lmdunt,
3661 4389 3716 4433 et
3743 4379 3807 4432 ad

2231 4475 2415 4527 vitium
2442 4471 2726 4526 adducunt.
2757 4471 2819 4524 Et
2849 4470 2964 4522 ideo
2987 4471 3070 4523 hic
3093 4469 3344 4538 propheta
3373 4479 3521 4539 rogat
3543 4481 3596 4522 ut
3624 4471 3812 4523 libere-

2233 4575 2318 4619 tur
2348 4565 2484 4619 illius
2523 4565 2696 4617 anima
2723 4579 2734 4615 :
2767 4578 2832 4616 eo
2869 4564 3010 4614 enim
3054 4563 3150 4614 tela
3182 4562 3378 4630 dirigit.
3411 4565 3462 4616 5.
3503 4563 3640 4628 Quid
3667 4563 3812 4616 detur

2235 4659 2352 4722 tibi,
2397 4665 2483 4709 aut
2529 4655 2650 4726 quid
2696 4665 2980 4724 apponatur
3035 4654 3122 4706 tibi
3164 4654 3231 4705 ad
3273 4655 3494 4723 linguam
3540 4655 3811 4708 dolosam?

2235 4748 2386 4803 Alius
2425 4747 2686 4813 interpres
2713 4746 2785 4797 ait
2809 4761 2821 4797 :
2855 4745 2990 4809 Quid
3019 4743 3248 4810 pra'bebit
3274 4744 3380 4806 tibi,
3410 4755 3498 4795 aut
3526 4743 3648 4812 quid
3671 4744 3806 4812 adji.

2235 4845 2327 4896 ciet
2357 4843 2529 4912 lingua
2559 4841 2776 4894 dolosa?
2797 4840 2946 4892 Altus
2987 4851 3189 4902 autem,
3227 4838 3362 4904 Quid
3386 4839 3576 4892 dederit
3602 4841 3692 4892 tibi
3712 4879 3729 4904 ,
3765 4850 3813 4894 el

2235 4933 2357 5004 quid
2383 4932 2470 4984 tibi
2499 4932 2735 4999 adjecerit
2761 4931 2933 4998 lingua
2959 4930 3232 4982 secundum
3269 4928 3441 4982 dolum
3459 4931 3485 4983 ἲ
3523 4931 3656 4985 Nihil
3687 4946 3814 4996 ergo

2236 5025 2376 5077 aliud
2415 5023 2644 5076 ostendit
2682 5021 2822 5089 quod
2865 5021 3062 5074 dictum
3107 5031 3218 5081 est,
3267 5022 3366 5074 nisi
3416 5023 3536 5085 hoc,
3571 5038 3811 5092 magnam

2237 5130 2355 5169 c~se
2400 5113 2809 5180 improbitatem,
2859 5121 2912 5164 et
2943 5121 3133 5164 tetrum
3180 5126 3349 5180 genus
3385 5112 3516 5165 vitii.
3556 5113 3812 5178 Quocirca

2238 5206 2386 5259 vides
2422 5206 2579 5257 etiam
2613 5205 2922 5273 prophetam
2955 5206 3267 5257 irascentem
3288 5244 3301 5261 ,
3347 5218 3772 5274 (‘OllllllOlUtllun
3796 5248 3811 5269 ,

2239 5310 2288 5352 et
2317 5298 2576 5351 dicentem
2603 5315 2615 5349 :
2642 5297 2762 5368 quid
2788 5298 2930 5348 detur
2950 5297 3055 5358 tibi,
3087 5306 3172 5346 aut
3193 5295 3314 5361 quid
3333 5307 3620 5364 apponatur
3643 5297 3730 5349 tibi
3750 5298 3814 5349 ad

2242 5393 2461 5462 linguam
2503 5390 2772 5443 dolosam?
2799 5389 2947 5455 Quod
2993 5399 3168 5441 autem
3209 5387 3354 5451 dicit,
3401 5399 3482 5441 est
3516 5388 3771 5456 ejusmodi
3805 5408 3818 5440 :

2241 5485 2514 5553 Quodnam
2548 5483 2646 5536 hoc
2690 5483 2815 5536 vitio
2860 5481 3073 5549 dignum
3118 5479 3414 5533 inveniatur
3458 5482 3822 5550 Supplicium?

2304 5659 2376 5719 (a)
2401 5658 2567 5706 Nescio
2591 5655 2825 5726 eur__t_lieat
2849 5655 3212 5726 Cbrysostomus
3229 5655 3469 5726 Christum
3491 5653 3817 5726 beatitudines

2241 5717 2402 5768 orsum
2430 5733 2542 5767 esse
2577 5721 2638 5765 ab
2678 5717 2755 5765 illa
2772 5755 2785 5775 ,
2824 5717 2957 5766 neuti
2989 5719 3069 5777 qui
3095 5717 3270 5779 lugent,
3295 5730 3403 5765 cum
3430 5730 3522 5765 nec
3539 5718 3678 5779 _apud
3706 5725 3818 5766 Μαι-

2243 5784 2421 5832 thaeum
2445 5795 2536 5830 uec
2558 5781 2682 5842 apud
2705 5788 2870 5828 Lucam
2893 5780 2954 5828 sit
2977 5777 3314 5841 isthaacprima
3338 5777 3602 5828 beatitudo.
