4112 6342
429 369 529 425 3“

429 483 584 552 Quod
611 484 768 539 etiam
792 480 991 538 Judmis
1032 480 1243 537 dicebat
1265 481 1427 537 lsaias
1453 499 1465 536 :
1492 482 1626 547 Quid
1648 483 1817 536 adhuc
1839 498 2017 549 percu-

432 576 626 635 tiamini
655 576 945 648 adjicientes
974 574 1286 643 iniquitatem
1313 573 1460 642 (Isai.
1494 575 1544 629 1.
1573 573 1628 643 5)
1652 573 1675 627 ?
1698 573 1818 628 Hoc
1859 572 2020 627 etiam

382 690 397 711 κ
430 671 545 741 ipse
571 669 733 733 dicit,
768 668 907 733 Quid
933 667 1078 722 detur
1099 666 1221 731 tibi,
1249 677 1335 720 aut
1363 666 1485 735 quid
1525 675 1813 735 apponatur
1836 664 1926 718 tibi
1954 663 2022 717 ad

430 762 659 832 linguam
686 759 959 814 dolosam?
990 758 1086 813 Vel
1114 758 1216 813 hoc
1253 772 1381 827 ergo
1415 756 1588 811 dicit:
1620 757 1702 812 vel
1732 757 1890 811 etiam
1918 755 2021 810 hoc

430 852 604 923 ipsum
649 864 770 905 esse
815 848 1154 919 supplicium,
1185 856 1240 903 et
1272 856 1406 902 ante
1452 847 1737 902 vindictam
1780 846 1874 901 tibi
1902 846 2021 900 vin-

429 942 625 997 dictam
653 940 887 1011 exquiris
911 981 926 1007 ,
955 954 1022 993 ex
1049 938 1219 1008 teipse
1244 938 1429 992 vilium
1458 938 1689 1007 pariens.
1733 935 2020 991 Maximum

431 1030 573 1089 enim
604 1031 921 1102 supplicium
952 1030 1142 1084 animae
1171 1036 1255 1083 est
1281 1030 1465 1083 vitium
1486 1070 1501 1096 ,
1530 1029 1692 1083 etiam
1735 1038 2021 1099 antequam

432 1126 701 1197 puniatur.
724 1122 1007 1192 Quodnam
1043 1137 1174 1191 ergo
1219 1120 1535 1191 supplicium
1576 1120 1734 1175 fuerit
1773 1120 1863 1175 tali
1893 1121 2023 1176 vitio

431 1218 677 1287 dignum?
705 1216 800 1269 Hic
824 1213 1038 1284 quidem
1069 1213 1290 1277 nullum,
1312 1211 1405 1266 sed
1428 1213 1579 1282 plaga
1606 1227 1723 1282 (pla:
1744 1226 1772 1266 a
1805 1212 1915 1267 Deo
1944 1213 2026 1266 in-

432 1309 619 1364 fertur.
651 1306 821 1361 Homo
839 1306 981 1360 enim
1005 1320 1109 1357 non
1138 1306 1332 1373 poterit
1354 1303 1538 1374 dignas
1561 1317 1746 1371 poenas
1768 1317 1979 1356 sumere
2006 1319 2019 1355 :

433 1418 557 1457 nam
579 1415 792 1455 omnem
821 1399 1113 1453 cruciatum
1140 1406 1358 1466 superat
1385 1396 1696 1467 improbitas
1721 1414 1735 1450 :
1761 1396 1901 1451 Deus
1926 1411 2021 1449 au-

434 1505 542 1551 tem
565 1494 636 1547 illi
665 1493 872 1562 plagam
893 1491 1117 1561 inﬁiget.
1135 1491 1202 1545 Et
1228 1490 1350 1545 ideo
1376 1489 1480 1544 hoc
1508 1492 1681 1559 ipsum
1704 1489 2018 1555 ostendens,

431 1600 558 1639 mox
588 1582 901 1652 suhjnnxit:
933 1582 987 1636 4.
1016 1581 1232 1651 Sagitta:
1256 1581 1472 1650 potentis
1505 1590 1670 1635 acutte
1698 1597 1814 1634 cum
1844 1581 2020 1634 carbo-

434 1674 578 1728 nibus
607 1673 944 1727 desolatoriis.
967 1670 1203 1741 Sagittas
1229 1670 1316 1726 hic
1344 1686 1531 1725 rursus
1551 1672 1781 1741 appellat
1816 1672 2021 1741 suppli-

433 1768 533 1821 cia.
566 1766 713 1819 Alius
739 1774 914 1820 autem
940 1763 1200 1834 interpres
1220 1763 1373 1831 dixit,
1398 1763 1612 1834 Sagitta:
1632 1764 1846 1833 potentis
1863 1774 2026 1817 acuta:

433 1866 551 1911 sunt
581 1873 695 1910 cum
726 1854 1027 1909 carbonibus
1062 1855 1301 1925 aggestis.
1333 1855 1401 1909 Et
1426 1855 1595 1922 alius,
1630 1854 1755 1912 Cum
1786 1856 2022 1909 carboni-

436 1950 528 2003 bus
548 1947 858 2018 juniperinis
881 1987 895 2011 ,
919 1947 1192 2001 nominum
1222 1946 1568 2000 translatione
1589 1961 1793 2015 augens
1825 1957 2023 2001 metum

437 2040 699 2110 supplicii.
723 2038 853 2093 Nam
876 2046 931 2093 et
960 2037 1111 2103 illud,
1139 2038 1388 2109 Aggestis,
1416 2046 1471 2093 et
1499 2037 1600 2092 hoc
1624 2079 1639 2103 ,
1668 2038 1985 2106 Juniperinis
2004 2079 2020 2105 ,

438 2132 684 2186 eumdem
716 2130 877 2185 habet
923 2144 1161 2184 sensum.
1194 2129 1306 2183 Illic
1329 2129 1470 2183 enim
1500 2128 1737 2183 ostendit
1781 2131 2022 2184 multitu-

437 2222 649 2287 dinem;
678 2223 764 2277 hic
792 2231 970 2276 autem
998 2221 1301 2291 qualitatem
1326 2229 1381 2275 et
1404 2220 1792 2276 vehementiam
1816 2221 2025 2292 suppli-

440 2317 527 2372 cii.
561 2315 712 2383 Quod
740 2315 956 2385 quidem
1001 2314 1347 2383 Septuaginta
1382 2328 1591 2382 quoque
1620 2313 1979 2383 signiﬁcantes
1999 2354 2016 2381 ,

440 2413 568 2468 Cum
601 2411 899 2466 carbonibus
938 2411 1288 2478 desolatoriis,
1320 2409 1636 2476 ediderunt,
1664 2411 1763 2464 hoc
1792 2418 1873 2463 est
1895 2449 1907 2468 .
1934 2410 2026 2477 qui

440 2515 684 2573 vastant,
726 2506 984 2575 perdunt,
1030 2514 1084 2559 et
1112 2512 1449 2558 consumunt.
1496 2502 1575 2557 Ex
1604 2503 1838 2557 materiis
1882 2500 2025 2556 enim

444 2616 563 2669 qua:
588 2608 711 2654 sunt
733 2599 874 2669 apud
912 2614 1008 2652 nos
1035 2597 1321 2661 terribiles,
1355 2596 1451 2651 Dei
1483 2596 1737 2650 ultionem
1768 2593 2026 2662 efﬁngunt

444 2690 734 2761 Scriptum
759 2732 772 2755 ,
802 2690 1023 2760 sagittas
1052 2699 1105 2744 et
1132 2689 1306 2758 ignem
1332 2703 1394 2742 ea
1421 2700 1691 2742 vocantes.
1725 2687 1823 2742 llic
1847 2696 2024 2742 autem

443 2781 571 2837 mihi
600 2781 812 2837 videtur
839 2779 1173 2835 subindicare
1195 2779 1467 2834 barbaros.
1492 2779 1558 2833 Et
1586 2778 1705 2833 ideo
1730 2779 1865 2833 alius
1892 2794 2026 2847 quo-

444 2889 546 2943 que
573 2873 834 2941 interpres
860 2872 961 2925 hoc
986 2869 1308 2939 signiﬁcans,
1340 2868 1571 2931 dicebat,
1603 2866 1784 2920 Libera
1806 2868 2029 2921 animant

446 2981 657 3018 meama
682 2963 813 3017 labia
838 2961 1084 3015 mendaci.
1118 2961 1265 3015 Talia
1297 2962 1437 3016 enim
1464 2970 1589 3014 sunt
1609 2974 1791 3014 eorum
1821 2959 1980 3014 verba
2008 3001 2024 3025 ,

447 3058 578 3111 tales
604 3055 710 3110 doli
739 3063 793 3111 et
808 3055 940 3109 tales
963 3052 1201 3119 insidiae,
1230 3052 1383 3121 plena
1412 3050 1591 3105 omnia
1622 3049 1809 3105 fraude
1829 3061 1885 3106 et
1914 3068 2027 3105 ma-

446 3150 589 3203 xime
618 3147 838 3203 scelere.

519 3239 780 3310 Peregrini
798 3239 850 3292 in
872 3238 965 3291 hac
985 3238 1084 3290 vita
1104 3252 1293 3291 sumus.
1323 3266 1392 3276 —
1411 3237 1464 3292 5.
1511 3234 1610 3289 Hei
1637 3236 1782 3302 mihi,
1806 3236 1925 3306 quia
1945 3237 2028 3290 in-

445 3332 639 3386 colatus
668 3347 805 3384 meus
847 3329 1176 3401 prolongatus
1222 3338 1313 3382 est.
1358 3326 1600 3382 Habitavi
1640 3345 1753 3381 cum
1800 3330 2030 3382 taberna-

446 3426 574 3479 culis
617 3426 815 3485 Cedar.,
850 3423 1000 3477 Alius
1041 3422 1302 3491 interpres
1343 3421 1458 3474 ait:
1513 3420 1611 3474 Hei
1678 3420 1841 3485 mihi,
1910 3422 2032 3490 quia

446 3518 719 3572 incolatum
749 3516 995 3586 protraxi.
1030 3514 1196 3579 Alius,
1235 3512 1332 3567 Hei
1375 3514 1519 3580 mihi,
1556 3513 1751 3567 advena
1777 3514 1851 3583 fui
1882 3514 2030 3583 longo

450 3618 686 3677 tempore.
723 3607 782 3661 lli
809 3606 1022 3676 quidem
1063 3605 1166 3659 hoc
1193 3605 1352 3660 modo
1388 3605 1744 3659 lamentantur
1770 3604 1837 3659 de
1865 3607 2034 3676 capti-

448 3702 610 3755 vitate
650 3698 972 3769 Babylonica
997 3714 1013 3749 :
1042 3696 1238 3751 Paulus
1266 3705 1440 3750 autem
1468 3696 1534 3750 de
1571 3710 1633 3750 ea
1660 3710 1780 3764 quae
1807 3695 1895 3749 hic
1916 3698 2030 3750 lon-

448 3793 563 3861 gius
606 3790 835 3843 trahitur
881 3802 1053 3855 mora,
1082 3787 1263 3843 dicens
1300 3806 1312 3840 :
1348 3786 1546 3839 Etenim
1585 3786 1709 3838 dum
1756 3802 1930 3839 sumus
1978 3787 2030 3838 in

451 3883 542 3935 hac
584 3879 924 3943 tabernaculo,
965 3879 1338 3947 ingemiscimus
1376 3875 1575 3947 gravati
1595 3877 1671 3945 (2.
1714 3876 1829 3930 Cor.
1860 3876 1912 3930 5.
1952 3877 2028 3943 4).

455 3974 541 4040 Et,
582 3971 703 4026 Non
731 3982 896 4024 autem
920 3970 973 4023 id
996 3970 1178 4033 solum,
1213 3968 1299 4022 sed
1346 3969 1494 4021 etiam
1520 3966 1755 4020 habentes
1783 3968 1881 4036 ipsi
1930 3968 2035 4035 pri-

450 4066 618 4118 mitias
636 4064 883 4134 Spiritus,
902 4072 947 4118 et
967 4063 1065 4132 ipsi
1080 4064 1133 4116 in
1154 4063 1297 4115 nobis
1316 4062 1442 4131 ipsis
1462 4060 1834 4129 ingemiscimus
1853 4058 2028 4131 (Hom.

452 4159 505 4212 8.
532 4157 646 4229 25).
671 4159 763 4212 Est
788 4158 929 4211 enim
962 4170 1199 4227 praesens
1227 4155 1332 4209 vita
1358 4154 1637 4209 incolatus.
1670 4154 1734 4206 Ει
1754 4153 1876 4222 quid
1914 4151 2034 4205 dico

453 4251 759 4315 incolatum,
788 4265 909 4305 eum
949 4265 1036 4304 res
1074 4249 1145 4303 sit
1178 4248 1263 4303 vel
1303 4247 1531 4301 incolatu
1578 4245 1834 4300 inferior?
1882 4244 2035 4300 Unde

451 4342 696 4398 Christus
719 4342 878 4397 etiam
907 4342 1074 4411 ipsam
1113 4339 1322 4394 vocavit
1348 4338 1509 4402 viam,
1536 4338 1721 4392 dicens
1756 4356 1771 4391 :
1809 4337 2037 4406 Angusta

451 4445 522 4489 est
550 4445 717 4503 porta,
744 4442 789 4488 et
833 4444 973 4487 arcta
1016 4433 1095 4486 uia
1121 4446 1232 4501 quite
1255 4431 1394 4483 ducit
1438 4429 1507 4482 ad
1552 4430 1705 4482 vitam
1739 4427 1946 4498 (Matth.
1980 4428 2032 4481 7.

455 4526 566 4597 14).
598 4527 707 4580 Hoc
728 4526 869 4581 enim
899 4534 975 4580 est
998 4524 1237 4578 doctrina
1262 4521 1463 4592 Optima
1494 4530 1651 4591 atque
1677 4519 1811 4574 adeo
1842 4519 2031 4588 prima,

453 4619 591 4672 scire
632 4631 731 4671 nos
768 4630 889 4671 esse
933 4614 1219 4684 inquilinos
1245 4613 1297 4667 in
1322 4612 1431 4667 vita
1476 4610 1748 4681 praesenti.
1778 4610 2033 4676 Quocirca

457 4720 670 4763 veteres
698 4722 909 4777 quoque
936 4705 987 4760 id
1016 4705 1407 4760 conﬁtebantur
1438 4721 1453 4756 :
1485 4712 1539 4758 et
1576 4701 1698 4757 ideo
1724 4700 1887 4754 habiti
1912 4708 2038 4756 sunt

455 4799 507 4854 in
538 4799 767 4853 maxima
794 4797 1164 4853 admiratione.
1196 4796 1310 4850 Hoc
1331 4796 1491 4851 etiam
1512 4793 1707 4849 Paulus
1735 4792 2039 4863 signiﬁcans

454 4888 737 4945 scribendo
758 4887 970 4943 dicebat
997 4906 1009 4941 :
1041 4885 1257 4959 Pmpter
1282 4887 1412 4940 hanc
1437 4901 1644 4939 causam
1673 4901 1774 4937 non
1797 4884 2040 4938 erubescit

454 4997 536 5034 eos
562 4980 715 5044 Deus,
734 4978 872 5033 Deus
893 4995 1067 5032 eorum
1095 4979 1264 5032 vocari
1290 4976 1471 5049 (Hebr.
1498 4976 1583 5030 11.
1612 4974 1723 5045 16).
1744 4974 2039 5041 Quamnam

453 5072 523 5127 ob
552 5070 801 5126 causam?
830 5071 917 5126 dic
955 5070 1103 5123 mihi.
1135 5070 1267 5137 Quia
1298 5067 1531 5123 confessi
1558 5078 1681 5122 sunt
1706 5083 1764 5121 se
1794 5082 1913 5122 esse
1941 5065 2039 5121 ho-

455 5166 622 5235 Spites
650 5172 705 5219 et
730 5164 1040 5234 peregrinos
1070 5162 1231 5233 (Ibid.
1277 5179 1325 5215 v.
1372 5161 1484 5232 15).
1520 5161 1631 5215 lloc
1658 5170 1741 5215 est
1791 5160 1941 5215 radix
1988 5168 2045 5214 et

458 5257 857 5315 fundamentum
905 5256 1081 5311 omnis
1131 5254 1361 5309 virtutis.
1415 5254 1513 5322 Qui
1543 5253 1684 5307 enim
1718 5268 1895 5307 rerum
1925 5266 2044 5321 qnze

461 5350 544 5406 hic
590 5360 715 5406 sunt
754 5359 835 5406 est
885 5351 1101 5419 hospes,
1128 5349 1231 5404 erit
1274 5363 1452 5402 rerum
1502 5361 1850 5416 supernarum
1890 5346 2041 5400 civis.

458 5443 557 5509 Qui
588 5458 772 5496 eorum
812 5456 930 5512 quae
974 5441 1060 5495 hic
1102 5448 1226 5494 sunt
1267 5448 1351 5493 est
1400 5437 1617 5507 hOSpes,
1645 5451 1750 5492 non
1801 5437 2045 5493 lubenter

463 5532 761 5587 versabitur
791 5533 842 5586 in
873 5530 1253 5601 praesentibus:
1282 5544 1388 5583 non
1415 5527 1625 5592 domus,
1644 5541 1749 5580 non
1777 5527 2040 5596 pecuniae,

463 5637 567 5677 non
599 5622 858 5688 alimenti,
890 5636 989 5675 nec
1032 5620 1165 5675 alius
1212 5617 1470 5689 ejusmodi
1502 5632 1683 5672 curam
1729 5627 1875 5687 geret
1905 5634 1916 5668 :
1950 5615 2043 5670 sed

460 5713 906 5784 quemadmodum
936 5713 1024 5783 qui
1054 5713 1105 5766 in
1131 5711 1305 5768 aliena
1334 5710 1553 5780 regione
1582 5722 1879 5773 versantur,
1914 5708 2044 5763 nihil

465 5821 573 5862 non
594 5817 755 5880 agunt
784 5817 836 5863 et
881 5806 1168 5861 moliuntur
1198 5812 1254 5860 ut
1283 5804 1465 5875 patriae
1512 5817 1622 5859 sua:
1666 5804 2031 5870 restituantur,

1528 364 1892 422 'EXPOSITIO
1920 363 1994 420 1N
2025 364 2351 423 PSALMUM
2388 367 2578 424 CXIX.

3614 363 3723 422 δη

2131 490 2187 536 et
2210 482 2444 551 quotidie
2473 491 2662 553 urgent
2689 491 2744 539 et
2772 483 3045 550 festinant,
3078 493 3139 539 ut
3177 497 3292 538 eam
3317 497 3436 554 quae
3461 496 3557 539 eos
3596 484 3721 541 tulit

2126 573 2376 628 videant:
2410 574 2480 628 ita
2508 574 2667 629 etiam
2696 575 2787 645 qui
2816 590 3002 630 amore
3034 576 3333 630 futurorum
3362 582 3591 643 tenetur,
3619 589 3721 630 nec

2127 664 2286 719 rebus
2311 666 2663 734 praesentibus
2688 666 2928 721 adversis
2954 666 3189 721 animum
3220 665 3484 732 demittet,
3501 680 3602 720 nec
3632 680 3721 720 se-

2127 755 2316 809 cundis
2343 770 2402 809 se
2418 755 2631 823 efferet,
2652 755 2745 811 sed
2775 767 2997 827 utraque
3026 764 3421 825 praetercurret,
3441 765 3717 826 tamquam

2127 847 2216 914 qui
2233 847 2332 901 iter
2344 847 2734 918 agit.Quocirca
2752 848 3001 918 iubemur
3014 849 3173 903 etiam
3190 850 3370 904 dicere
3387 849 3436 902 in
3451 849 3714 913 oratione,

2127 940 2373 995 Adveniet
2396 957 2611 1011 regnum
2659 951 2799 994 tuum
2823 940 3033 1011 (Matth.
3067 943 3118 996 6.
3146 941 3246 1005 10;
3277 940 3405 995 Luc.
3437 942 3525 997 11.
3552 943 3636 1010 2),
3661 951 3721 995 ut

2127 1034 2269 1089 illius
2312 1033 2415 1088 diei
2462 1032 2788 1088 desiderium
2836 1043 2890 1089 et
2925 1034 3272 1104 cupiditatem
3312 1035 3491 1089 animo
3532 1044 3723 1089 nostro

2126 1135 2424 1189 versantes,
2448 1136 2503 1181 et
2542 1127 2713 1195 ipsum
2744 1142 2855 1197 prre
2894 1126 3064 1181 oculis
3108 1125 3391 1193 habentes,
3420 1141 3487 1181 ne
3531 1125 3717 1181 videa-

2127 1234 2246 1274 mus
2271 1220 2484 1289 quidem
2533 1220 2837 1289 praesentia.
2891 1218 2946 1274 Si
2978 1220 3120 1274 enim
3172 1220 3341 1275 Judtci
3385 1219 3717 1290 Jerosolyma

2126 1312 2514 1379 desiderantes,
2562 1314 2723 1368 etiam
2766 1322 3044 1382 postquam
3091 1313 3301 1368 liberati
3349 1321 3494 1378 sunt,
3520 1313 3724 1367 deﬂent

2127 1407 2394 1475 praeterita
2432 1424 2444 1458 :
2489 1421 2734 1476 quamam
2777 1407 2990 1461 dabitur
3036 1406 3190 1461 nobis
3240 1407 3429 1471 venia,
3468 1421 3717 1475 quaenam

2128 1495 2457 1566 relinquetur
2493 1496 2755 1563 defensio,
2799 1498 2842 1551 si
2874 1512 2979 1552 non
3020 1513 3267 1567 supernae
3306 1497 3604 1552 Jerusalem
3632 1506 3718 1552 te-

2128 1604 2351 1643 neamur
2379 1588 2684 1644 vehementi
2711 1588 3024 1645 desiderio?

2200 1681 2252 1735 '5.
2277 1679 2411 1734 Vide
2435 1695 2561 1749 ergo
2586 1679 2853 1749 quomodo
2883 1679 2935 1733 hi
2957 1694 3169 1749 quoque
3192 1680 3551 1735 lamentantur
3572 1677 3719 1750 quod

2128 1786 2249 1825 cum
2284 1773 2389 1826 illis
2413 1782 2713 1837 versentur,
2750 1771 3005 1839 Habitavt,
3037 1774 3296 1839 dicentes,
3328 1789 3442 1826 cum
3482 1772 3721 1827 taberna-

2127 1863 2256 1920 culis
2279 1862 2443 1919 Cedar
2469 1880 2488 1918 :
2513 1864 2728 1917 multum
2762 1865 2929 1917 incola
2966 1865 3063 1931 fuit
3089 1866 3265 1918 anima
3287 1881 3418 1918 mea.
3451 1864 3550 1919 llic
3574 1864 3718 1919 enim

2129 1972 2236 2012 non
2259 1957 2431 2012 solum
2461 1956 2839 2027 deﬁent,~quod
2868 1957 2921 2011 in
2945 1956 3116 2011 aliena
3149 1956 3410 2021 habitent,
3437 1956 3529 2010 sed
3552 1956 3716 2011 etiam

2129 2047 2271 2116 quod
2302 2063 2425 2103 cum
2452 2047 2693 2102 barbaris
2719 2056 3018 2103 versentur.
3042 2048 3192 2115 Quod
3222 2047 3434 2116 quidem
3460 2047 3549 2101 alii
3574 2062 3717 2118 quo-

2129 2156 2234 2212 que
2258 2140 2523 2196 faciebant
2544 2140 2817 2209 propheta:
2838 2139 2904 2195 de
2926 2140 3176 2210 praesenti
3206 2139 3315 2193 vita
3341 2139 3718 2200 lamentantes.

2130 2243 2183 2287 et
2209 2233 2483 2288 dicentes:
2520 2231 2618 2286 Hei
2656 2232 2818 2285 mihi!
2842 2234 2959 2301 quia
2988 2233 3136 2301 periit
3162 2232 3277 2301 pius
3305 2247 3339 2284 a
3375 2241 3529 2297 terra,
3561 2238 3610 2284 et
3633 2230 3721 2299 qui

2129 2332 2258 2377 recte
2296 2332 2415 2394 agat
2459 2339 2561 2376 non
2599 2331 2671 2377 est
2711 2323 2765 2377 in
2809 2323 3096 2377 hominibus
3141 2321 3325 2393 (Mich.
3361 2322 3414 2375 7.
3452 2321 3503 2375 1.
3535 2319 3629 2391 2);
3665 2328 3723 2374 et

2130 2414 2288 2469 etiam
2323 2414 2409 2468 hic
2437 2414 2551 2483 ipse
2571 2414 2757 2469 dicens
2802 2431 2815 2467 :
2867 2413 3028 2469 Serva
3051 2430 3150 2478 me,
3197 2413 3433 2477 Domine,
3482 2412 3722 2483 quoniam

2131 2505 2311 2575 defecit
2334 2516 2535 2559 sanctus
2563 2504 2735 2574 (Psal.
2766 2505 2855 2561 11.
2884 2504 2963 2576 2).
2992 2504 3175 2576 Neque
3200 2505 3342 2558 enim
3374 2503 3490 2559 haec
3514 2504 3617 2558 vita
3640 2513 3724 2557 est

2131 2614 2196 2651 eo
2240 2606 2441 2652 tantum
2490 2598 2775 2661 laboriosa,
2807 2599 2948 2669 quod
2980 2599 3262 2668 plurimam
3293 2598 3486 2652 habeat
3508 2597 3721 2652 vanita-

2134 2701 2262 2754 tem,
2294 2700 2349 2745 et
2368 2706 2527 2746 curas
2564 2691 2914 2762 importunus,
2945 2691 3038 2746 sed
3052 2691 3200 2761 quod
3238 2691 3396 2747 etiam
3425 2692 3624 2745 multus
3653 2691 3725 2745 sit

2132 2784 2391 2837 malorum
2418 2792 2729 2852 proventus.

2205 2873 2465 2928 Malorum
2492 2874 2799 2928 consuetudo
2851 2874 2991 2928 bonis
3045 2881 3123 2928 est
3179 2872 3576 2935 molestissima;
3618 2872 3723 2926 vita

2134 2982 2353 3036 praesens
2373 2966 2514 3021 bonis
2540 2967 2692 3036 longa
2712 2967 2928 3032 videtur,
2950 2967 3099 3020 malis
3120 2978 3288 3020 autem
3312 2964 3722 3019 brevis—Nihil

2132 3069 2215 3114 est
2244 3066 2423 3113 autem
2453 3059 2664 3128 gravius
2686 3067 2741 3113 et
2764 3057 3065 3124 molestius,
3087 3072 3243 3125 quam
3270 3071 3391 3111 cum
3421 3055 3722 3125 huiusmodi

2064 3170 2065 3173 η
2136 3149 2439 3205 hominibus
2483 3148 2806 3218 congressio.
2841 3147 3024 3216 Neque
3060 3147 3202 3202 enim
3258 3146 3435 3201 fumus
3476 3156 3529 3200 et
3555 3160 3723 3215 vapor

2134 3242 2207 3296 ita
2251 3241 2391 3296 solet
2418 3255 2643 3309 gravare
2669 3239 2875 3301 oculos,
2909 3248 2967 3293 ut
2994 3239 3356 3309 improborum
3386 3237 3720 3293 consuetudo

2134 3334 2369 3387 animum
2400 3331 2611 3386 tristitia
2637 3330 2821 3384 afﬁcit.
2854 3329 2973 3384 Non
3016 3331 3163 3386 vides
3195 3331 3480 3385 Dominum
3508 3345 3722 3400 quoque

2135 3433 2377 3482 nostrum
2403 3424 2585 3480 Jesum
2616 3422 2886 3478 Christum
2919 3423 3204 3479 ostendere
3224 3441 3379 3494 quam
3407 3426 3476 3479 sit
3500 3426 3724 3480 molesta

2134 3517 2394 3587 ejusmodi
2421 3515 2791 3572 consuetudo?
2835 3515 3061 3581 Quando
3089 3517 3232 3570 enim
3272 3516 3424 3583 dicit,
3456 3515 3726 3583 Quousque

2135 3624 2221 3662 ero
2249 3606 2541 3662 vobiscum?
2569 3623 2826 3677 quousque
2857 3610 3019 3677 feram
3042 3623 3128 3661 vos
3157 3606 3369 3676 (Matth.
3394 3609 3481 3662 17.
3510 3607 3642 3674 l7)?
3669 3606 3725 3661 id

2139 3699 2286 3763 dicit,
2322 3697 2427 3757 hoc
2451 3697 2680 3752 obscure
2709 3697 3034 3768 signiﬁcans.
3066 3697 3308 3753 Habitavi
3347 3716 3461 3753 cum
3488 3699 3728 3754 taberna-

2137 3782 2265 3836 culis
2294 3781 2477 3837 Cedar.
2507 3782 2797 3856 Barbarum
2826 3797 2993 3852 genus
3019 3791 3104 3837 est
3128 3783 3277 3848 illud,
3306 3782 3577 3837 eﬁ‘eratius
3602 3799 3723 3839 cum

2137 3873 2364 3929 subditis
2402 3874 2570 3927 instar
2619 3872 2851 3928 ferarum
2901 3889 3092 3944 agere,
3147 3882 3207 3929 ut
3246 3875 3335 3944 qui
3386 3875 3631 3931 tentoriis
3674 3885 3729 3929 et

2138 3965 2362 4036 tuguriis
2411 3972 2648 4031 utantur,
2690 3973 2744 4018 et
2785 3964 2853 4019 ad
2908 3965 3291 4021 immanitatem
3342 3966 3575 4021 ferarum
3622 3968 3729 4022 sint

2138 4056 2362 4110 redacti.
2411 4054 2519 4110 Sed
2568 4054 2651 4108 his
2698 4055 2866 4109 multo
2913 4064 3037 4110 sunt
3079 4055 3408 4112 eﬁ'eratiores
3461 4066 3723 4127 raptores,

2138 4152 2283 4205 avari
2309 4159 2362 4207 et
2379 4151 2469 4221 qui
2498 4151 2760 4222 impudice
2786 4167 2848 4207 ac
2875 4153 3157 4210 libidinose
3182 4155 3309 4209 etin
3337 4155 3542 4211 deliciis
3562 4157 3726 4211 vitam

2141 4243 2459 4313 transigunt.
2491 4242 2546 4297 9.
2578 4242 2799 4297 Multum
2841 4245 3008 4298 incola
3050 4246 3149 4314 fuit
3187 4246 3359 4299 anima
3399 4262 3533 4300 mea.
3565 4248 3727 4317 Atqui

2140 4350 2245 4389 non
2276 4335 2541 4399 multum;
2585 4334 2795 4389 fuerunt
2828 4337 2969 4389 enim
3000 4337 3172 4391 solum
3201 4338 3531 4409 septuaginta
3565 4341 3726 4393 anni:

2142 4425 2235 4479 sed
2264 4439 2371 4479 non
2411 4425 2646 4494 appellat
2674 4426 2896 4479 multum
2944 4436 3159 4495 propter
3194 4426 3603 4495 multitudinem,
3632 4428 3730 4484 sed

2142 4524 2364 4586 propter
2389 4531 2566 4571 rerum
2594 4516 2978 4571 difficultatem.
3029 4518 3138 4572 Etsi
3174 4518 3313 4572 enim
3360 4520 3429 4572 sit
3458 4521 3726 4589 exiguum.

2142 4608 2355 4663 videtur
2379 4622 2500 4662 esse
2524 4607 2748 4661 multum
2777 4608 2839 4661 iis
2867 4609 2954 4677 qui
2987 4607 3312 4679 afﬂiguntur.
3338 4608 3413 4664 lta
3443 4612 3600 4665 etiam
3632 4625 3732 4666 nos

2142 4708 2355 4769 oportet
2382 4698 2540 4763 afﬁci,
2571 4707 2625 4753 et
2651 4700 2895 4769 quamvis
2925 4699 3010 4754 hic
3042 4702 3223 4769 paucis
3243 4702 3398 4757 annis
3418 4704 3729 4769 vixerimus,

2142 4806 2237 4846 cos
2272 4802 2447 4844 tamen
2477 4790 2673 4843 multos
2700 4805 2819 4844 esse
2849 4800 3035 4860 putare
3065 4804 3282 4861 propter
3315 4791 3613 4848 futurorum
3640 4794 3734 4848 de-

2143 4882 2420 4936 siderium.
2452 4881 2577 4935 Haec
2603 4881 2722 4936 dico
2765 4898 2867 4935 non
2902 4876 3411 4955 vitam'prresentem
3440 4901 3732 4949 accusans;

2143 4973 2319 5027 absit:
2343 4988 2405 5028 ea
2433 4981 2516 5027 est
2543 4972 2683 5027 enim
2715 4988 2848 5043 opus
2876 4962 2971 5028 Dei
3000 4992 3013 5028 :
3046 4975 3139 5029 sed
3163 4976 3228 5030 ad
3261 4977 3554 5031 futurorum
3584 4992 3735 5032 amo-

2146 5082 2258 5120 rem
2304 5080 2402 5120 vos
2428 5066 2666 5120 excitans
2691 5074 2746 5121 et
2775 5067 3019 5130 incitans,
3053 5076 3107 5122 et
3136 5084 3203 5122 ne
3231 5070 3281 5122 in
3313 5068 3474 5124 rebus
3502 5085 3736 5139 praesen-

2149 5159 2287 5213 tibus
2316 5158 2561 5214 lubenter
2595 5159 2904 5225 versemini,
2935 5174 3034 5214 nec
3054 5161 3265 5230 corpori
3293 5159 3439 5215 afﬁxi
3463 5162 3614 5215 sitis:
3637 5174 3737 5215 nec

2148 5254 2219 5308 ita
2248 5251 2578 5321 aﬂiciamini,
2611 5261 2671 5308 ut
2694 5254 2936 5308 nonnulli
2968 5269 2999 5309 e
3019 5254 3178 5325 vulgo
3205 5254 3400 5323 abjecti
3430 5255 3616 5318 animi,
3644 5257 3738 5324 qni

2148 5346 2249 5401 etsi
2281 5360 2376 5415 per
2404 5346 2600 5401 multos
2628 5361 2798 5402 annos
2833 5347 3083 5411 vixerint,
3115 5362 3209 5403 eos
3253 5362 3450 5417 paucos
3489 5362 3610 5403 esse
3652 5348 3739 5402 di-

2149 5447 2297 5492 cunt.
2325 5436 2532 5505 Quibus
2569 5438 2692 5508 quid
2741 5453 2859 5494 esse
2911 5447 3085 5510 potest
3136 5455 3165 5493 a
3219 5440 3425 5495 ratione
3476 5440 3739 5496 alienius?

2149 5528 2285 5596 Quid
2305 5543 2437 5583 vero
2456 5530 2689 5585 crassius
2716 5531 2781 5585 iis
2807 5532 2895 5601 qui
2936 5530 3067 5585 cmlo
3087 5531 3385 5601 preposito,
3413 5542 3469 5588 et
3494 5533 3561 5586 iis
3585 5533 3741 5588 bonis

2149 5635 2267 5689 qua:
2292 5630 2419 5674 sunt
2450 5620 2501 5674 in
2524 5620 2695 5678 caelis.
2718 5622 2844 5686 Quae
2870 5638 2959 5675 nec
2996 5622 3171 5675 oculus
3192 5623 3334 5686 vidit,
3358 5639 3449 5677 nec
3475 5625 3617 5677 auris
3642 5640 3762 5676 ait--

2150 5712 2272 5765 dicit
2316 5713 2393 5773 (ι.
2421 5710 2539 5767 Cor.
2585 5713 2636 5767 2.
2668 5712 2747 5783 9).
2775 5729 2871 5767 ore
2920 5713 3098 5769 hiante
3140 5716 3355 5769 umbras
3399 5724 3633 5785 stupent.
3680 5728 3734 5782 et

2149 5802 2334 5857 volunt
2356 5803 2481 5860 vita:
2503 5805 2783 5875 praesentis
2812 5806 3056 5876 euripum
3089 5808 3354 5879 trajicere,
3383 5809 3433 5863 in
3464 5808 3734 5880 perpetuis
