4112 6342
363 352 468 411 διε

360 469 638 533 ﬂuctibus,
687 469 1090 540 tempestatibus
1142 478 1197 524 et
1239 469 1528 540 naufragiis
1573 470 1835 525 volutati?
1881 470 1950 526 At

360 571 468 616 non
499 560 578 616 sic
607 559 840 616 Paulus:
870 575 966 616 sea
1008 560 1298 617 festinabat
1323 571 1378 615 et
1425 561 1664 632 urgebat,
1692 570 1748 617 et
1785 575 1953 616 unum

360 654 533 708 solum
559 667 685 709 eum
712 653 996 721 retinebat,
1029 668 1224 724 nempe
1247 654 1392 707 salus
1423 652 1698 710 hominum
1726 651 1950 726 (Philip.

361 742 414 798 Ι.
440 744 558 815 25).
583 745 636 799 7.
666 744 794 799 Cum
831 745 910 799 his
941 746 1030 816 qui
1063 749 1278 800 oderunt
1309 761 1480 815 pacem
1505 761 1643 799 eram
1674 745 1952 816 paciﬁcus:

364 853 480 890 cum
503 837 744 908 loquebar
767 838 890 904 illis,
915 836 1283 908 impugnabant
1313 853 1391 890 me
1418 838 1595 906 gratis.
1614 836 1802 890 Vidisti
1819 850 1952 906 quo-

359 928 521 984 modo
550 929 786 984 ostendit
805 945 966 1000 quam
990 943 1150 999 grave
1171 929 1240 982 sit
1268 929 1376 983 illic
1401 928 1640 983 versari?
1664 927 1778 982 Non
1805 928 1948 982 enim

359 1019 515 1087 dixit,
540 1021 674 1076 Cum
697 1021 762 1077 iis
782 1023 871 1092 qui
901 1035 1005 1076 non
1033 1020 1232 1075 habent
1261 1035 1466 1090 pacem,
1493 1019 1610 1084 sed,
1629 1018 1754 1074 Cum
1782 1020 1844 1072 iis
1865 1019 1950 1090 qui

360 1113 478 1168 odio
507 1114 688 1168 habent
719 1131 893 1184 pacem
920 1130 1056 1168 eram
1106 1113 1368 1184 paciﬁcus.
1392 1111 1582 1168 Vidisti
1608 1112 1946 1167 commodum

313 1198 697 1260 'afﬂictionis?
739 1206 919 1260 vidisti
967 1207 1197 1260 fructum
1243 1204 1604 1273 captivitatis?
1654 1201 1759 1258 Sed
1807 1219 1947 1258 nunc

354 1297 474 1366 quis
501 1307 744 1352 nostrum
779 1298 881 1353 hoc
899 1297 1096 1369 poterit
1122 1297 1344 1352 dicere?
1371 1297 1512 1352 Satis
1535 1297 1676 1351 enim
1700 1296 1878 1360 fuerit,
1901 1298 1944 1352 si

356 1403 478 1442 cum
510 1387 746 1458 paciﬁcis
773 1389 942 1444 simus
973 1389 1177 1459 paciﬁci
1221 1406 1237 1443 :
1285 1387 1370 1444 hic
1413 1397 1587 1443 autem
1625 1389 1785 1442 etiam
1824 1403 1944 1442 cmn

359 1479 424 1534 iis
447 1479 538 1548 qui
564 1495 749 1549 pacem
777 1479 1008 1535 oderant
1035 1489 1152 1534 erat
1176 1478 1450 1550 paciﬁcus.

428 1570 558 1626 Belli
587 1590 648 1626 ac
675 1589 860 1644 pugna:
881 1589 1037 1627 causa
1064 1573 1342 1642 prtecipua.
1385 1569 1542 1625 Mane
1574 1571 1698 1635 ouis,
1727 1581 1774 1623 et
1799 1570 1944 1642 lupos

351 1663 650 1731 superabis;
676 1663 1008 1718 mansuetudo
1036 1663 1121 1716 ubi
1146 1664 1366 1716 maxime
1383 1661 1783 1717 ostendenda.—-
1802 1661 1942 1727 Quo-

351 1755 512 1810 modo
538 1772 667 1826 ergo
697 1773 794 1812 nos
821 1772 1035 1826 quoque
1071 1758 1125 1812 in
1148 1756 1248 1811 hac
1269 1772 1326 1812 re
1352 1765 1498 1812 recte
1523 1757 1841 1826 geremus‘l
1888 1756 1943 1812 Si

353 1855 622 1916 tamquam
645 1848 887 1919 inquilini
918 1848 1006 1902 hic
1028 1863 1338 1911 versemur;
1368 1863 1555 1903 rursus
1575 1849 1717 1902 enim
1739 1848 1944 1904 deduco

353 1938 650 1992 orationem
679 1939 745 1992 ad
777 1939 953 2008 ipsum
981 1948 1390 2009 argumentum;
1426 1940 1473 1994 si
1511 1948 1570 1994 ut
1609 1939 1866 2010 hospites,
1898 1942 1941 1996 si

353 2028 500 2083 nullo
520 2044 707 2084 eorum
731 2046 850 2100 qua:
875 2039 1000 2085 sunt
1026 2031 1308 2102 prasentia
1338 2031 1613 2086 retardati.
1635 2031 1776 2086 Nihil
1798 2033 1943 2088 enim

350 2138 502 2193 teque
529 2139 718 2194 pugnae
743 2133 799 2180 et
822 2124 947 2180 belli
978 2139 1138 2179 causa
1174 2134 1278 2192 est,
1301 2133 1359 2179 ut
1389 2139 1540 2179 amor
1572 2125 1936 2194 prmsentium,

351 2224 410 2268 ut
437 2216 516 2270 vel
557 2218 764 2287 gloriae,
794 2218 882 2274 vel
923 2218 1182 2289 pecunias,
1213 2219 1296 2273 vel
1321 2217 1633 2273 deliciarum
1659 2220 1938 2288 cupiditas.

352 2306 576 2374 Quando
596 2324 726 2363 vero
752 2310 850 2364 hos
874 2324 1062 2366 omnes
1083 2309 1237 2364 funes
1267 2308 1570 2379 praecideris
1589 2351 1604 2374 ,
1636 2319 1688 2365 et
1709 2311 1940 2367 animam

356 2399 502 2453 nullo
533 2399 722 2455 horum
752 2402 972 2457 retineri
1021 2401 1349 2472 permiseris,
1381 2410 1507 2456 tunc
1532 2402 1735 2458 videbis
1772 2404 1941 2460 unde-

353 2504 473 2542 nam
496 2489 691 2545 bellum
713 2491 872 2547 ducat
898 2493 1239 2563 principium,
1261 2502 1315 2547 et
1341 2493 1606 2549 undenam
1638 2495 1708 2548 sit
1733 2496 1942 2551 virtutis

353 2583 653 2654 iaciendum
692 2583 1116 2641 fundamentum.
1145 2586 1431 2656 Propterea
1457 2585 1610 2656 jubet
1638 2587 1796 2642 etiam
1844 2603 1940 2644 nos

351 2673 595 2731 Christus
625 2692 752 2734 oves
783 2693 904 2734 esse
952 2681 1090 2735 inter
1136 2681 1290 2750 lupos
1340 2678 1550 2749 (Matth.
1587 2679 1672 2736 to.
1715 2680 1838 2751 l6):
1874 2697 1942 2738 ne

351 2766 519 2834 dicas,
547 2769 672 2825 llaec
711 2779 766 2826 et
806 2771 894 2826 illa
942 2786 1131 2844 passus
1173 2786 1312 2840 sum,
1339 2771 1460 2827 ideo
1487 2773 1628 2828 evasi
1675 2787 1848 2829 saevus
1888 2783 1943 2830 et

350 2858 620 2916 eﬂ'eratus.
645 2861 888 2928 Etiamsi,
931 2865 1137 2935 inquit,
1183 2879 1374 2934 passus
1423 2862 1586 2918 fueris
1632 2865 1941 2921 innumera-

352 2949 496 3018 bilia,
525 2968 681 3010 mane
707 2955 844 3022 ovis,
867 2965 922 3010 et
952 2956 1020 3009 ita
1070 2955 1224 3026 lupos
1257 2955 1554 3025 superabis.
1583 2955 1681 3011 llic
1725 2967 1808 3012 est
1837 2958 1940 3012 im-

352 3042 552 3110 probus
592 3052 648 3099 et
678 3043 1007 3116 proﬂigatus,
1038 3045 1132 3102 sed
1174 3045 1338 3101 habes
1365 3056 1536 3100 tantas
1579 3047 1740 3115 vires,
1773 3056 1830 3102 ut
1855 3049 1942 3104 vel

351 3133 506 3189 malis
534 3136 779 3206 superior
803 3137 1019 3193 evadas.
1038 3137 1175 3205 Quid
1194 3146 1277 3193 est
1298 3152 1396 3192 ove
1423 3139 1789 3197 mansuetius?
1815 3140 1942 3210 quid

352 3236 481 3281 vero
511 3227 636 3298 lupo
690 3231 988 3300 agrestius?
1019 3230 1110 3286 llle
1140 3240 1312 3286 tamen
1342 3230 1411 3285 ab
1442 3231 1541 3287 hac
1569 3233 1939 3303 superabitur:

353 3318 514 3390 idque
540 3329 815 3376 ostensum
845 3333 927 3378 est
956 3323 1009 3377 in
1036 3323 1310 3392 apostolis.
1340 3321 1482 3378 Nihil
1511 3334 1594 3379 est
1618 3325 1760 3380 enim
1789 3340 1942 3380 man-

352 3412 634 3467 suetudine
665 3414 951 3482 potentius.
977 3414 1109 3469 nihil
1139 3415 1354 3470 lenitate
1385 3416 1608 3472 validius
1626 3432 1690 3472 ac
1710 3418 1939 3475 ﬁrmius.

351 3500 608 3568 Quocirca
641 3502 882 3560 Christus
907 3520 1117 3576 quoque
1138 3506 1291 3576 jubet
1317 3522 1444 3562 oves
1465 3522 1584 3564 esse
1603 3509 1743 3565 inter
1765 3510 1937 3582 lupos.

357 3592 562 3649 Deinde
604 3604 884 3666 postquam
915 3597 993 3652 sic
1023 3597 1175 3661 dixit,
1206 3604 1475 3668 tamquam
1521 3613 1628 3654 non
1675 3601 1943 3658 sufﬁceret

353 3683 472 3740 haac
517 3689 892 3757 mansuetudo,
935 3690 1069 3756 ovis,
1122 3692 1368 3760 inquam,
1421 3691 1470 3745 ei
1524 3705 1683 3761 quem
1731 3693 1844 3747 vult
1883 3709 1942 3749 se

354 3774 640 3833 ostendere
685 3779 1025 3848 discipulum,
1057 3780 1254 3850 aliquid
1299 3780 1440 3836 aliud
1484 3781 1665 3851 adjicit
1698 3802 1710 3837 :
1743 3782 1939 3854 Estote,

352 3867 544 3939 inquit,
584 3870 838 3941 simplices
879 3871 1007 3925 sicut
1051 3874 1332 3937 columbte;
1368 3872 1597 3928 duorum
1638 3885 1944 3931 mansueto-

353 3973 472 4012 rttm
502 3965 557 4014 et
584 3959 905 4029 simplicium
949 3962 1258 4016 animalium
1305 3963 1536 4018 miscens
1575 3966 1941 4021 mansuetudi-

353 4064 475 4104 nem
507 4065 522 4102 :
565 4059 763 4106 tantam
791 4066 820 4105 a
849 4052 1003 4107 nobis
1045 4053 1208 4123 exigit
1240 4053 1532 4120 lenitatem,
1561 4054 1774 4124 quando
1802 4057 1942 4113 inter

354 4157 526 4198 saevos
569 4152 626 4198 et
674 4153 916 4213 agrestes
960 4161 1257 4200 versamur.
1301 4145 1379 4201 Ne
1407 4146 1548 4202 enim
1579 4146 1797 4214 dixeris,
1849 4150 1947 4206 Est

352 4233 651 4304 improbus,
701 4252 800 4290 nec
850 4235 993 4293 ferre
1039 4253 1276 4308 possum.
1323 4237 1475 4293 Tunc
1518 4238 1664 4294 enim
1702 4242 1944 4297 maxime

352 4326 682 4381 ostendenda
710 4336 794 4383 est
818 4328 1193 4395 mansuetudo,
1223 4329 1438 4400 quando
1469 4345 1556 4387 res
1591 4331 1746 4388 nobis
1784 4332 1946 4389 fuerit

351 4433 474 4472 cum
511 4419 668 4474 saevis
696 4429 752 4474 et
778 4423 1078 4491 agrestibus
1108 4421 1433 4489 hominibus,
1461 4423 1672 4493 quando
1712 4440 1833 4480 cum
1879 4426 1944 4482 iis

353 4511 445 4580 qui
476 4519 600 4567 sunt
619 4511 689 4567 ab
715 4511 1044 4570 humanitate
1064 4515 1255 4569 alieni:
1277 4525 1405 4570 tunc
1428 4515 1544 4585 ejus
1571 4517 1738 4572 virtus
1763 4528 1944 4574 osten-

352 4602 518 4670 ditur,
551 4613 675 4661 tunc
705 4605 822 4676 ejus
847 4622 1038 4662 munus
1067 4616 1123 4663 et
1159 4607 1396 4662 ofﬁcium
1445 4607 1754 4680 fructusque
1782 4609 1944 4664 reful-

351 4705 464 4766 get.
493 4697 619 4752 Cum
647 4699 886 4769 loquebar
923 4701 1057 4764 illis,
1089 4701 1357 4773 impugnat
1369 4712 1457 4754 ant
1484 4719 1564 4755 me
1587 4703 1762 4773 gratis.
1796 4704 1944 4758 Alius

357 4799 532 4846 autem
581 4792 845 4862 interpres
869 4791 943 4866 (a)
974 4793 1120 4864 dicit,
1157 4793 1224 4848 Et
1271 4795 1472 4865 quando
1523 4796 1761 4867 loquebar
1797 4796 1940 4867 ipsis,

354 4881 625 4948 bellabant,
651 4885 733 4938 vel
764 4884 863 4940 hoc
909 4886 1233 4957 signiﬁcans,
1263 4887 1386 4940 Cum
1417 4888 1480 4941 iis
1511 4888 1596 4958 qui
1616 4889 1824 4942 oderant
1849 4907 1943 4957 pa-

354 4989 461 5026 cam
499 4990 638 5027 cram
662 4977 907 5045 paciﬁcus
939 4993 958 5030 :
998 4977 1102 5042 vel,
1139 4977 1354 5047 quando
1380 4979 1507 5046 ipsis
1541 4978 1816 5048 loquebar,
1847 4979 1945 5047 ipsi

355 5082 447 5121 me
476 5068 872 5136 cppttgnabant.
905 5068 1057 5136 Quod
1084 5080 1260 5123 autem
1292 5069 1436 5133 dicit,
1470 5069 1574 5123 tale
1596 5078 1675 5124 est
1704 5087 1717 5122 :
1749 5068 1803 5123 In
1833 5070 1946 5140 ipso

358 5169 600 5228 tempore
628 5158 898 5228 colloquii,
923 5159 1134 5230 quando
1168 5161 1418 5225 maxime,
1453 5160 1642 5230 inquit,
1671 5162 1947 5215 caritatem

355 5249 727 5313 ostendebam,
757 5250 972 5321 quando
999 5250 1158 5306 verba
1202 5251 1253 5304 in
1296 5251 1480 5321 primis
1521 5252 1689 5305 amica
1733 5252 1946 5306 emitte-

355 5343 500 5410 iiam,
532 5351 657 5398 tunc
685 5343 1064 5409 cfl‘erabantur,
1092 5352 1220 5398 tunc
1245 5343 1397 5397 dolos
1427 5343 1704 5397 struebant
1728 5353 1781 5395 et
1814 5341 1946 5397 nihil

356 5451 455 5492 eos
481 5437 765 5492 coercebat
794 5453 807 5490 :
842 5451 940 5506 ego
972 5445 1149 5491 tamen
1177 5435 1445 5505 propriam
1475 5433 1823 5489 ostendebam
1845 5435 1952 5488 vir-

415 5619 435 5652 ⁸
470 5615 628 5668 Aliam
650 5615 914 5686 lectionem
935 5616 1080 5686 amart
1117 5617 1166 5666 in
1197 5615 1422 5686 margine
1443 5612 1645 5686 savilius
1669 5629 1681 5663 :
1711 5617 1953 5686 Quantoth

350 5679 546 5743 (metu
563 5692 850 5743 persuaswn
867 5678 1164 5739 habebimus,
1183 5676 1269 5741 qui
1289 5675 1437 5727 etiam
1458 5676 1510 5726 in
1531 5677 1711 5728 amicos
1734 5675 1952 5727 hostilem

346 5739 851 5811 θετεηιτιέςιηίηιυηιῖλ
1041 5803 1090 5811 ..
1198 5739 1306 5811 ⁷.
1357 5798 1387 5811 ..

417 5804 492 5878 (α)
524 5805 652 5878 Quis.
669 5805 734 5878 sit
766 5803 1251 5878 interpretes»?
1274 5798 1431 5878 fuit?
1559 5798 1796 5878 quinae.
1822 5797 1951 5850 Αιεο·

357 5863 480 5926 ηιιίιι
497 5879 618 5917 vero
641 5866 746 5917 hac
771 5863 1112 5929 interpretatio
1132 5864 1240 5915 lere
1266 5863 1440 5914 eadem
1463 5870 1540 5913 est
1559 5875 1670 5926 qua:
1694 5868 1821 5912 LXX.

1058 355 1117 411 S.
1157 349 1435 411 JOANNIS
1471 350 1950 411 CHRYSOSTOMI
1989 351 2306 411 AllClllEl’.
2348 354 2882 413 CONSTANTINOP.

3539 364 3645 420 334

2063 479 2252 539 tutem,
2273 473 2399 528 licet
2428 473 2462 528 ii
2489 474 2560 529 ita
2589 475 2763 532 allecti
2793 485 2992 534 essent.
3025 478 3098 534 lta
3119 477 3278 534 etiam
3310 495 3408 536 nos
3432 497 3646 554 oportet

2059 560 2218 631 affici,
2249 579 2440 635 nempe
2469 567 2589 622 licet
2615 583 2714 624 nos
2749 569 2956 625 illorum
2987 581 3226 628 amantes
3254 575 3323 628 ab
3352 574 3456 630 illis
3483 577 3642 632 feria-

2058 671 2199 722 mur,
2232 656 2356 714 licet
2387 660 2538 716 nobis
2566 662 2641 716 illi
2688 663 3021 731 insidientur,
3053 681 3154 722 nos
3183 679 3360 722 nostra
3391 670 3644 729 exhibere
3725 679 3742 702 ‘

2057 756 2285 818 oportet,
2316 751 2456 807 illius
2483 753 2748 822 parabolae
2773 771 3055 822 memores,
3077 775 3195 828 quae
3221 760 3373 830 jubet
3397 778 3495 817 nos
3523 778 3644 821 esse

2057 850 2327 913 tamquam
2357 859 2485 900 oves
2513 855 2565 902 et
2589 849 2867 905 columbas
2892 851 2946 905 in
2985 850 3166 907 medio
3204 854 3476 923 luporum,
3505 866 3562 911 ιιι
3589 867 3644 913 et

2055 933 2175 991 illos
2204 937 2454 994 meliores
2480 939 2786 1006 reddamus,
2821 953 2875 997 et
2902 943 3003 1014 ipsi
3023 945 3160 1000 bona
3191 946 3422 1001 caelestia
3452 964 3645 1004 conso-

2054 1041 2278 1095 quamnr
2311 1047 2325 1083 :
2357 1045 2478 1100 qua:
2506 1030 2666 1086 detur
2709 1033 2863 1089 nobis
2891 1037 3140 1091 omnibus
3167 1040 3443 1109 consequi,
3472 1043 3640 1109 gratia

2052 1126 2106 1171 et
2138 1119 2467 1191 benignitate
2499 1123 2703 1179 Domini
2744 1127 2912 1182 nostri
2939 1127 3067 1184 Iesu
3095 1129 3313 1200 Christi,
3357 1133 3440 1187 cui
3471 1133 3640 1204 gloria

2053 1213 2104 1267 in
2132 1216 2324 1270 sarcula
2351 1218 2695 1274 saeculorum.
2721 1221 2911 1276 Amen.

2532 1352 2598 1406 ΙΝ
2637 1353 2957 1410 PSALMUM
2995 1358 3156 1413 CXX.

2087 1438 2348 1494 Canticum
2369 1443 2638 1512 graduum.
2672 1446 2840 1506 Alius.
2865 1446 3056 1504 Cantus
3084 1453 3134 1504 in
3163 1456 3477 1510 ascensiones
3501 1457 3599 1526 (a).

2053 1531 2105 1584 l.
2143 1530 2322 1586 Levavi
2353 1535 2524 1590 oculos
2551 1553 2686 1590 meos
2728 1539 2781 1592 in
2808 1551 3018 1606 montes,
3052 1544 3185 1596 unde
3211 1547 3365 1598 veniet
3390 1550 3636 1602 auxilium

2122 1641 2306 1678 meum.
2339 1627 2507 1692 Alius,
2539 1626 2670 1682 Leuo
2699 1632 2872 1686 oculos
2901 1649 3035 1687 meos
3061 1636 3112 1688 in
3147 1650 3357 1706 montes,
3390 1641 3522 1694 unde
3549 1657 3632 1696 ve-

2119 1719 2220 1773 niet
2254 1722 2502 1775 auxilium
2526 1740 2713 1778 meum.

2121 1835 2172 1888 l.
2214 1834 2348 1891 Vide
2391 1836 2660 1904 animam,
2691 1855 2811 1910 quae
2852 1842 3006 1898 malis
3049 1843 3314 1913 implicata
3359 1851 3542 1920 nequit
3577 1867 3636 1906 se

2047 1925 2326 1994 expedire,
2353 1937 2407 1982 et
2428 1928 2668 1985 invenire
2691 1933 2914 1999 exitum,
2937 1942 2992 1989 et
3011 1935 3124 1991 vult
3147 1939 3356 2008 assequi
3383 1941 3634 2005 solatium

2047 2015 2114 2070 ad
2160 2016 2324 2072 Deum
2367 2020 2680 2088 respiciens.
2725 2022 2851 2080 Haec
2898 2041 3084 2082 rursus
3125 2029 3471 2086 tentationum
3512 2046 3634 2090 sunt

2046 2109 2205 2176 bona,
2233 2127 2352 2181 qua:
2382 2112 2526 2168 illam
2555 2115 2767 2187 erigunt
2792 2126 2847 2174 et
2873 2121 3126 2189 excitant,
3157 2131 3213 2178 et
3249 2124 3314 2179 ad
3344 2140 3632 2196 supernum

2045 2201 2298 2258 auxilium
2327 2204 2677 2263 invocandum
2703 2221 2936 2278 movent,
2963 2221 3120 2284 atque
3144 2215 3211 2269 ab
3232 2220 3496 2286 omnibus,
3516 2238 3635 2292 qua!

2045 2292 2110 2348 ad
2141 2292 2279 2350 hanc
2306 2296 2468 2352 vitam
2499 2301 2788 2370 pertinent,
2839 2304 3124 2360 abducunt.
3167 2308 3220 2363 Si
3246 2311 3388 2365 enim
3424 2312 3632 2381 Judaei,

2045 2383 2138 2454 qui
2161 2386 2328 2442 crassi
2352 2397 2505 2445 erant
2532 2400 2586 2446 et
2617 2400 2774 2448 terra:
2812 2394 2976 2462 affixi,
3004 2397 3072 2452 ab
3100 2397 3385 2458 afﬂictione
3411 2405 3633 2474 captivi-

2050 2480 2173 2531 tatis
2201 2479 2337 2534 adeo
2364 2480 2489 2537 boni
2517 2485 2831 2553 evadebant,
2873 2498 2926 2543 et
2950 2490 3014 2544 ad
3043 2493 3230 2548 caelum
3278 2495 3349 2550 ita
3378 2498 3632 2568 respicie-

2047 2566 2177 2622 bant
2207 2587 2218 2622 :
2249 2571 2416 2627 multo
2437 2572 2631 2642 justius
2651 2586 2730 2631 cst
2758 2587 2813 2632 nt
2836 2595 2933 2633 nos
2954 2579 3056 2636 hoc
3081 2581 3336 2641 faciamus
3357 2587 3410 2642 in
3438 2566 3633 2645 nostris

2045 2659 2453 2730 calamitatibus,
2503 2675 2556 2719 et
2604 2667 2668 2721 ad
2721 2668 2890 2724 Deum
2934 2673 3320 2744 confugiamus,
3363 2694 3395 2732 a
3438 2681 3635 2749 quibus

2045 2748 2202 2820 longe
2249 2753 2418 2822 major
2442 2771 2602 2824 quam
2650 2758 2717 2813 ab
2743 2760 2846 2815 illis
2876 2762 3131 2832 perfectio
3158 2748 3471 2836 requiritur.
3498 2773 3630 2838 Quia

2044 2843 2188 2897 enim
2220 2844 2296 2899 illi
2321 2855 2445 2903 tunc
2469 2861 2622 2906 erant
2646 2852 2696 2906 in
2725 2854 2916 2910 mediis
2936 2855 3196 2924 hostibus,
3229 2871 3282 2916 et
3305 2879 3477 2934 neque
3501 2868 3633 2922 civi-

2045 2940 2208 2989 tatem
2241 2936 2525 3006 habebant,
2558 2957 2657 2998 nec
2685 2959 2884 3012 arcem,
2915 2964 3014 3003 nec
3043 2949 3333 3008 humanum
3359 2957 3634 3024 auxilium,

2047 3040 2149 3082 nec
2195 3030 2510 3099 pecuniam,
2557 3049 2730 3106 neque
2767 3037 2964 3109 aliquid
3011 3041 3152 3098 aliud
3205 3044 3486 3115 ejusmodi,
3538 3051 3633 3106 sed

2046 3121 2238 3190 captivi
2267 3130 2320 3178 et
2363 3127 2500 3180 servi
2533 3129 2880 3186 versabantur
2917 3132 3074 3188 simul
3121 3135 3260 3191 inter
3295 3138 3541 3196 dominos
3580 3151 3634 3197 et

2048 3210 2271 3270 hostes:
2302 3217 2659 3276 calamitatum
2682 3231 2858 3279 autem
2891 3227 3251 3296 magnitudine
3279 3233 3543 3300 oppressi,
3567 3234 3633 3289 ad

2050 3303 2301 3360 invictam
2331 3323 2546 3364 manum
2568 3313 2962 3382 confugiebant,
2996 3325 3050 3370 et
3075 3317 3142 3371 ab
3167 3317 3412 3376 humanis
3439 3323 3636 3382 deserti

2050 3395 2330 3464 praesidiis,
2366 3414 2432 3453 ex
2477 3415 2536 3454 ea
2589 3402 2701 3472 ipsa
2751 3403 3053 3462 desertione
3099 3408 3444 3476 conferebant
3482 3428 3541 3469 se
3567 3415 3634 3468 ad

2046 3487 2458 3558 philosophiam.
2507 3493 2574 3547 Et
2596 3493 2720 3550 ideo
2755 3495 3002 3553 dicebant
3029 3517 3043 3554 :
3069 3497 3255 3556 Levavi
3295 3503 3470 3558 oculos
3500 3522 3637 3559 nteos

2046 3580 2101 3666 in
2130 3591 2342 3648 montes,
2373 3583 2506 3638 unde
2523 3587 2680 3640 veniet
2714 3590 2964 3644 aus-ilium
2992 3607 3177 3646 meum.
3205 3593 3335 3660 Quae
3372 3596 3440 3650 ab
3467 3595 3638 3653 homi-

2049 3673 2203 3730 nibus
2230 3675 2460 3732 conferri
2490 3689 2728 3747 possunt,
2753 3682 2931 3737 omnia
2949 3682 3278 3754 defecerunt,
3302 3689 3480 3743 omnia
3513 3705 3635 3758 per-

2049 3765 2254 3836 ierunt,
2285 3771 2460 3825 omnia
2485 3773 2668 3841 procul
2699 3785 3038 3832 recesserunt
3067 3795 3081 3832 :
3112 3794 3237 3845 una,
3266 3781 3469 3852 inquit,
3495 3785 3636 3838 salus

2049 3857 2301 3929 deinceps
2344 3863 2527 3918 relicta
2558 3875 2662 3930 est,
2704 3882 2823 3935 qua:
2870 3868 3071 3924 scilicet
3111 3870 3331 3927 affertur
3363 3889 3390 3927 a
3423 3875 3548 3930 lteo.
3579 3877 3636 3931 2.

2050 3952 2311 4007 Auxilium
2339 3971 2503 4010 meum
2528 3973 2560 4010 a
2601 3956 2840 4026 Domino,
2871 3962 2959 4030 qui
2988 3963 3106 4033 fecit
3133 3966 3312 4018 etclam
3356 3976 3401 4019 et
3431 3977 3636 4025 (errant.

2052 4043 2240 4100 Vidisti
2270 4061 2365 4101 eos
2395 4047 2561 4102 Deum
2585 4049 2779 4119 ubique
2807 4053 3091 4120 quaerere?
3119 4070 3183 4109 ex
3205 4065 3368 4126 terra,
3391 4074 3457 4114 ex
3483 4061 3637 4125 caelo,

2050 4150 2116 4191 ex
2163 4137 2464 4204 montibus,
2497 4155 2564 4194 ex
2607 4140 2983 4199 solitudinibus
3031 4159 3152 4200 eum
3197 4147 3392 4219 ubique
3433 4151 3532 4205 sibi
3571 4153 3639 4207 ob

2051 4227 2235 4284 oculos
2264 4230 2511 4299 ponere?
2539 4230 2718 4286 vidisti
2757 4246 2942 4288 eorum
2968 4245 3205 4292 mentem
3232 4236 3347 4294 ﬁeri
3373 4241 3638 4298 excelsio-

2051 4341 2188 4393 rem,
2232 4335 2287 4381 et
2331 4341 2593 4384 summam
2643 4329 2735 4386 Dei
2787 4332 3171 4402 providentiam
3218 4336 3286 4391 ab
3327 4339 3408 4395 eis
3449 4341 3640 4412 ubique

2052 4417 2372 4487 praedicari?
2423 4419 2609 4491 Neque
2655 4422 2796 4477 enim
2846 4426 3197 4496 nequicquam
3254 4429 3358 4486 hoc
3399 4431 3636 4502 adjecit:

2055 4512 2159 4579 Qui
2191 4514 2309 4584 fecit
2354 4515 2532 4568 caelum
2558 4523 2606 4569 et
2635 4525 2854 4583 terram;
2898 4518 2989 4573 sed
3023 4519 3124 4575 hoc
3160 4519 3387 4578 obscure
3426 4524 3642 4579 ratioci-

2053 4621 2210 4674 nans,
2247 4615 2303 4662 et
2336 4607 2520 4664 dicens
2551 4625 2565 4663 :
2595 4608 2654 4665 Si
2699 4608 2825 4665 fecit
2867 4611 3059 4667 caelum
3105 4622 3157 4668 et
3206 4623 3422 4684 terram,
3469 4625 3640 4685 potest

2052 4699 2211 4753 etiam
2245 4697 2296 4752 in
2324 4699 2496 4754 aliena
2527 4701 2743 4772 regione
2769 4716 2926 4772 opem
2959 4701 3121 4771 ferre,
3149 4712 3206 4761 et
3233 4707 3449 4777 ubique,
3481 4708 3642 4763 etiam

2054 4797 2106 4851 iu
2140 4790 2362 4846 barbara
2394 4800 2556 4856 terra,
2587 4805 2800 4846 manum
2833 4793 3147 4862 adjutricem
3176 4795 3442 4865 praebere,
3468 4807 3522 4853 et
3549 4815 3643 4854 eos

2054 4885 2143 4954 qui
2171 4899 2202 4938 e
2243 4883 2411 4953 patria
2457 4882 2670 4952 expulsi
2714 4893 2838 4938 sunt
2865 4899 3203 4941 conservare.
3245 4886 3301 4940 Si
3343 4889 3484 4943 enim
3531 4887 3643 4944 haec

2053 4976 2317 5031 elementa
2367 4974 2533 5029 verbo
2579 4973 2751 5028 solum
2804 4975 3085 5044 produxit.
3134 4977 3303 5031 multo
3349 4979 3517 5048 magis
3548 4995 3642 5033 nos

2055 5065 2252 5136 poterit
2295 5065 2526 5122 liberare
2567 5079 2595 5118 a
2626 5064 2884 5120 barbaris.
2919 5065 3081 5121 Vides
3117 5067 3384 5134 quomodo
3411 5068 3616 5136 philoso

2056 5159 2287 5229 phantur
2307 5158 2396 5228 qui
2426 5157 2618 5211 minori
2640 5172 2803 5211 sensu
2823 5150 2978 5211 erant
2999 5157 3210 5226 praediti
3235 5173 3392 5226 quam
3421 5159 3642 5228 lapides.

2059 5251 2183 5305 dum
2213 5250 2265 5304 in
2294 5249 2464 5304 aliena
2497 5247 2716 5319 regione
2757 5247 3081 5303 versantur?
3107 5247 3224 5302 Non
3251 5248 3480 5319 amplius
3503 5249 3644 5304 enim

2059 5343 2260 5413 templi,
2289 5341 2381 5398 sed
2409 5341 2527 5396 CtEll
2554 5350 2606 5395 et
2625 5349 2781 5395 terra;
2808 5340 3182 5396 meminerunt.
3214 5340 3349 5396 Vide
3373 5341 3640 5409 quomodo

2059 5435 2244 5489 mundi
2270 5433 2596 5490 creationem
2621 5432 2820 5502 Deique
2847 5431 3158 5500 sapientiam
3180 5439 3233 5484 et
3263 5430 3644 5499 providentiam

2059 5527 2371 5599 prmdicaut.
2402 5525 2502 5594 Qui
2528 5525 2672 5579 enim
2697 5533 2855 5578 antea
2885 5523 3026 5592 ligno
3051 5521 3318 5589 dicebant,
3345 5521 3485 5576 Deus
3511 5539 3644 5577 meus

2060 5637 2110 5674 cs
2137 5628 2210 5683 tu,
2237 5626 2292 5673 et
2314 5617 2496 5687 lapidi,
2519 5615 2598 5670 Tu
2626 5632 2706 5670 me
2730 5615 2945 5686 genuisti
2974 5612 3106 5685 (λον.
3135 5609 3192 5666 2.
3220 5611 3338 5681 27),
3368 5627 3506 5668 nunc
3527 5613 3644 5666 uni-

2123 5733 2195 5796 (α)
2241 5738 2353 5780 Hinc
2394 5728 2542 5796 lectio
2581 5728 2905 5796 pratermissa
2944 5725 3037 5796 fuit
3071 5727 3126 5796 i_n_
3136 5722 3393 5796 Δῐίθιεψιίξ.
3422 5724 3480 5775 ad
3521 5725 3645 5796 hunc

2062 5784 2314 5845 Psalmum.
2338 5792 2452 5854 quia
2475 5793 2524 5838 in
2549 5784 3053 5854 pﬁcedentiﬁalmo
3076 5785 3168 5836 119
3185 5784 3340 5854 posita
3359 5784 3546 5850 fuerat;
3573 5795 3650 5848 est

2063 5865 2247 5918 autem,
2271 5863 2327 5906 ut
2351 5846 2562 5914 iidetur,
2580 5853 2718 5915 juxta
2741 5848 2954 5915 Aquilam
2979 5857 3030 5900 et
3052 5846 3384 5913 Symmachum
