4112 6342
449 347 556 404 345

451 459 610 520 σκιὰς
647 462 930 530 κεχήνασι,
961 466 1054 519 καὶ
1087 467 1177 519 τὸν
1210 466 1434 538 εῦριπον
1468 469 1564 522 τοῦ
1605 471 1870 542 παρόντος
1902 471 2022 524 δια-

449 545 626 614 περᾷν
660 544 942 613 βούλονται
993 547 1132 618 βίου,
1168 551 1374 620 κύμασι
1411 552 1702 622 διηνεκέσι,
1760 555 1855 608 καὶ
1909 556 2024 623 χεῖ⁴

461 626 599 694 μῶνι
633 640 680 693 α,
709 630 802 682 καὶ
830 632 1110 700 ναυαγίοις
1151 635 1656 707 ἐγκαλινδούμενοι;
1701 639 1840 692 Ἀλλ’
1874 639 1970 709 ούχ
1994 641 2023 692 6

449 709 662 774 Παῦλος
694 711 888 779 οὕτως,
925 715 1040 769 ἀλλ’
1089 716 1318 771 ἔσπευδε
1360 721 1454 772 καὶ
1501 721 1781 789 ὴπείγετο,
1822 723 1914 774 καὶ
1962 720 2020 774 ἓν

448 794 610 846 αὑτὸν
657 796 816 864 μόνον
842 802 1114 870 κατεῖχεν,
1159 803 1190 871 ἡ
1247 801 1355 855 τῶν
1407 802 1706 872 ἀνθρώπων
1757 803 2016 876 σωτηρία.

449 877 608 929 Μετὰ
625 877 740 932 τῶν
753 883 1100 948 μισούντων
1114 884 1227 946 τὴν
1242 883 1492 953 εἰρήνην
1507 885 1668 954 ἤμην
1684 888 1982 953 εἰρηνικός
1999 900 2016 915 ⁸

448 957 596 1013 ὅταν
623 960 887 1016 ἐλάλουν
905 965 1130 1032 αὐτοῖς,
1149 966 1489 1036 ἐπολέμουν
1503 985 1580 1036 με
1604 967 1850 1036 δωρεάν.
1867 965 2017 1033 Εἶδες

447 1041 566 1125 πῶς
597 1043 836 1100 δείκνυσι
857 1047 918 1100 τὸ
935 1050 1190 1120 φορτικὸν
1218 1052 1315 1122 τῆς
1335 1053 1454 1104 ἐκεῖ
1476 1052 1756 1124 διατριϐῆς
1773 1070 1788 1118 ;
1808 1054 1881 1106 Οὐ
1910 1053 2018 1125 γὰρ

445 1121 591 1189 εἶπε,
636 1128 792 1181 Μετὰ
824 1131 929 1183 τῶν
969 1133 1068 1185 οὐκ
1109 1121 1337 1203 ἐχόντων
1385 1121 1627 1206 εἰρήνην,
1663 1121 1821 1198 ἀλλὰ,
1860 1121 2018 1191 Μετά

446 1207 564 1260 τῶν
585 1213 927 1278 μισούντων
948 1214 1062 1282 τὴν
1076 1216 1323 1283 εἰρήνην
1344 1215 1839 1285 ἤμηνεὶρηνικός.
1866 1216 2017 1283 Εἶδες

446 1292 546 1362 τῆς
581 1294 810 1364 θλίψεως
839 1297 898 1350 τὸ
945 1299 1163 1369 κέρδος;
1199 1295 1338 1363 εἶδες
1376 1303 1475 1370 τῆς
1517 1303 1894 1371 αἰχμαλωσίας
1925 1303 2016 1355 τὸν

447 1379 687 1450 καρπόν;
719 1381 877 1434 Ἀλλά
907 1383 1024 1447 νῦν,
1039 1384 1123 1446 τίς
1146 1381 1302 1453 ἡμῶν
1323 1383 1609 1454 δυνήσεται
1632 1385 1788 1438 τοῦτο
1807 1386 2014 1451 εἰπείν;

459 1462 764 1539 ’Λγαπητὸν
791 1465 898 1537 γάρ
925 1466 1062 1536 μετά
1096 1466 1204 1520 τῶν
1236 1467 1525 1537 εἰρηνικῶν
1557 1468 1829 1539 εἰρηνικὸν
1853 1463 2010 1522 εἶναι·

443 1538 602 1609 οὗτος
633 1546 688 1600 δέ
726 1549 821 1602 καὶ
874 1550 1012 1615 μετά
1046 1550 1153 1604 τῶν
1194 1549 1497 1620 μισούντων
1533 1538 1633 1622 τὴν
1670 1538 1898 1624 εἰρήνην
1945 1548 2016 1625 ἦν

445 1629 741 1700 εἰρηνικός.

520 1713 643 1777 Πῶς
665 1710 759 1768 οῦν
783 1715 942 1770 τοῦτο
962 1720 1056 1772 καὶ
1086 1722 1247 1792 ἡμεῖς
1275 1721 1694 1794 κατορθώσομεν
1723 1721 1751 1762 ι)
1774 1737 1788 1786 ;
1815 1722 1912 1774 Ἂν
1939 1719 2016 1784 ὡς

446 1796 701 1867 πάροικοι
725 1799 1091 1872 διατρίϐωμεν
1109 1821 1124 1836 ο
1144 1806 1307 1859 πάλιν
1325 1807 1433 1878 γάρ
1456 1806 1546 1859 ἐπὶ
1564 1805 1664 1874 τὴν
1692 1804 1862 1876 αὐτὴν
1890 1804 2015 1857 ὑπό·

446 1881 597 1934 θεσιν
625 1881 742 1950 ἀγω
760 1884 851 1937 τὸν
870 1884 1028 1954 λόγον
1043 1905 1056 1918 ·
1079 1888 1144 1942 ἂν
1167 1888 1242 1952 ὡς
1269 1889 1428 1954 ξένοι,
1444 1889 1509 1943 ἂν
1536 1888 1722 1958 μηδενὶ
1749 1887 1852 1942 τῶν
1877 1905 2014 1955 παρ⁶

443 1964 613 2018 όντων
634 1959 782 2036 ὦμεν
817 1970 1188 2040 κατεχόμενοι.
1221 1972 1385 2025 Οὐδὲν
1410 1973 1518 2043 γάρ
1539 1970 1684 2024 οὕτω
1726 1973 1868 2023 ποιεῖ
1907 1971 2012 2040 μά-

445 2065 548 2118 χην
591 2049 688 2103 καὶ
723 2050 980 2122 πόλεμον,
1022 2054 1100 2118 ὡς
1138 2057 1167 2108 ό
1204 2055 1312 2108 τῶν
1343 2056 1628 2126 παρόντων
1660 2054 1818 2124 ἔρως,
1864 2055 1941 2117 ὡς
1976 2053 2009 2123 ἢ

444 2131 687 2204 δόξηςιῆ
729 2136 1116 2210 χρημάτων,ἢ
1166 2140 1381 2210 τρυφῆς
1412 2138 1697 2208 ἐπιθυμία.
1741 2139 1910 2191 Ὅταν
1955 2137 2013 2189 δὲ

446 2217 539 2270 καὶ
584 2217 760 2270 πάντα
797 2218 1056 2292 διακόψῃς
1091 2221 1160 2273 τὰ
1191 2223 1402 2292 σχοινία
1443 2220 1638 2287 ταῦτα,
1679 2222 1773 2274 καὶ
1825 2219 2013 2291 μηδενὶ

443 2299 646 2353 τούτων
685 2303 931 2376 περιίδῃς
961 2305 1058 2374 τὴν
1102 2305 1278 2376 ψυχὴν
1316 2305 1704 2376 κατεχομένην,
1734 2305 1856 2357 τότε
1891 2304 2012 2373 ὄψει

445 2380 610 2435 πόθεν
641 2383 670 2435 6
699 2384 932 2455 πόλεμος
960 2385 1073 2456 ἔχει
1104 2389 1203 2458 τὴν
1227 2390 1420 2460 ἀρχὴν,
1453 2388 1665 2459 πόθενή
1694 2387 1861 2458 ἀρετὴ
1879 2387 2012 2439 ὑπό-

444 2463 592 2517 θεσιν
619 2465 866 2535 λήψεται.
899 2467 997 2522 Διά
1023 2470 1180 2522 τοῦτο
1216 2471 1417 2540 μεταξὺ
1445 2471 1624 2524 λύκων
1656 2470 1904 2542 πρόϐατα
1941 2464 2015 2521 εἷο

442 2565 529 2602 ναι
552 2548 781 2616 κελεύει,
812 2551 900 2606 ἵνα
931 2551 1005 2624 μὴ
1042 2553 1224 2625 λέγῃς,
1253 2555 1334 2607 Τά
1357 2555 1448 2608 καὶ
1473 2555 1539 2607 τά
1559 2555 1781 2618 ἔπαθον,
1815 2555 1908 2608 καὶ
1924 2553 2013 2607 διὰ

443 2631 602 2685 τοῦτο
629 2633 932 2706 ἠγριώθην.
960 2637 1078 2690 Κᾶν
1103 2639 1464 2710 μυρία,φησὶ,
1493 2638 1694 2711 πάθῃς,
1723 2640 1849 2711 μένε
1876 2639 2010 2710 πρό-

444 2714 607 2769 ϐατον
657 2716 736 2779 δν,
789 2719 883 2771 καὶ
923 2719 1063 2774 οὕτω
1098 2721 1324 2794 περιέσῃ
1370 2721 1478 2775 τῶν
1519 2723 1719 2777 λύκων.
1769 2723 2009 2793 Πονηρός

441 2801 590 2855 ἐστιν
616 2805 645 2856 6
674 2804 822 2856 δεῖνα
851 2805 946 2858 καὶ
978 2805 1394 2878 διεφθαρμένος,
1427 2809 1540 2862 ἀλλ’
1567 2810 1712 2880 ἐχεις
1742 2810 2010 2878 τοσαύτην

441 2885 692 2956 δύναμιν,
712 2887 788 2951 ώς
813 2888 906 2942 καὶ
937 2890 1190 2962 πονηρῶν
1220 2893 1626 2965 περιγενέσθαι.
1649 2895 1713 2947 Τί
1738 2894 2010 2966 προϐάτου

441 2971 792 3043 ἡμερώτερον
825 2984 847 3011 ε
868 2991 883 3037 ;
908 2974 962 3026 τί
986 2973 1042 3027 δὲ
1068 2974 1233 3028 λύκου
1267 2975 1636 3048 ἀγριώτερον;
1687 2978 1824 3030 Ἀλλ’
1863 2979 2013 3048 ὅμως

441 3053 599 3107 τοῦτο
619 3055 831 3109 ἐκείνου
863 3057 1148 3127 περιέσται
1173 3075 1188 3087 ·
1221 3059 1316 3111 καὶ
1343 3057 1499 3113 τοῦτο
1531 3060 1622 3113 ἐπὶ
1645 3061 1752 3113 τῶν
1780 3061 2012 3115 ἀποστό-

441 3136 548 3190 λων
581 3137 817 3210 ἐδείχθη.
851 3138 1013 3192 Οὐδὲν
1039 3140 1148 3210 γάρ
1179 3141 1486 3211 πραότητος
1512 3143 1899 3214 δυνατώτερον,
1921 3144 2012 3196 οὺ-

441 3220 529 3272 ὁὲν
570 3222 952 3293 μακροθυμίας
981 3224 1358 3296 εὐτονώτερον.
1396 3225 1496 3278 Διά
1523 3243 1603 3280 τοι
1631 3225 1790 3280 τοῦτο
1819 3231 1847 3280 6
1874 3229 2011 3297 Χρι-

445 3302 569 3366 στος
599 3303 812 3356 κελεύει
849 3307 1096 3376 πρόϐατα
1123 3304 1261 3360 εἶναι
1299 3309 1500 3376 μεταξὺ
1534 3309 1732 3362 λύκων.
1763 3305 1895 3363 Εἶτα
1918 3309 2012 3362 οῦ-

441 3402 550 3449 τως
569 3386 762 3449 εἰπὼν,
781 3387 970 3459 ῶσπερ
993 3391 1092 3442 οὐκ
1113 3389 1391 3462 ἀρκούσης
1408 3392 1505 3462 τῆς
1527 3393 1860 3463 ἡμερότητος
1882 3393 2013 3446 ταύ-

441 3484 562 3538 της,
595 3468 696 3538 τῆς
742 3469 834 3523 τοῦ
884 3472 1155 3543 προϐάτου
1190 3473 1354 3541 λέγω,
1396 3474 1454 3527 δν
1484 3474 1730 3545 βούλεται
1768 3475 2012 3546 μαθητὴν

442 3549 634 3617 δεῖξαι,
667 3553 762 3606 καὶ
782 3553 968 3626 ἕτερόν
994 3573 1048 3608 τι
1069 3557 1424 3628 προστίθησιν
1440 3573 1454 3588 ο
1481 3559 1732 3611 Ἕσεσθε
1753 3558 2013 3627 ἀκέραιοι

443 3634 526 3702 ὡς
566 3638 628 3689 al
657 3640 1004 3706 περιστεραί
1034 3654 1046 3668 ·
1078 3639 1171 3692 δύο
1200 3639 1354 3704 ζώων
1391 3640 1614 3712 ἡμέρων
1659 3642 1752 3693 καὶ
1797 3642 2013 3710 ἀφελῶς

442 3716 803 3790 διακειμένων
848 3719 1008 3791 μίξας
1040 3721 1189 3795 [554]
1219 3725 1535 3796 πραότηταο
1568 3725 1833 3794 τοσαύτην
1867 3726 2013 3795 ἡμᾶς

445 3801 674 3857 ἀπαιτεῖ
699 3804 799 3875 τὴν
827 3805 1150 3867 ἐπιείκειαν,
1181 3808 1311 3859 ὅταν
1359 3806 1562 3878 μεταξὺ
1606 3808 1810 3878 ἀγρίων
1840 3801 2009 3878 ὦμεν.

445 3885 556 3940 Καὶ
584 3887 658 3956 μή
696 3905 784 3956 μοι
812 3886 958 3957 λέγε,
992 3889 1234 3958 Πονηρός
1267 3891 1404 3953 ἐστι,
1433 3891 1526 3942 καὶ
1559 3891 1620 3943 οὐ
1652 3889 1885 3959 δύναμαι
1916 3890 2012 3959 φέο

448 3986 584 4041 ρειν.
609 3971 744 4024 Τότε
772 3974 880 4043 γὰρ
911 3972 1147 4043 μάλιστα
1170 3973 1571 4028 ἐπιδείκνυσθαι
1594 3973 1698 4045 χρὴ
1715 3974 1814 4046 τὴν
1842 3975 2012 4045 πραό-

443 4072 605 4126 τητα,
634 4057 759 4110 ὃταν
797 4057 934 4130 πρὸς
960 4059 1185 4129 ἀγρίους
1211 4057 1445 4129 ἔχωμεν,
1489 4060 1617 4113 ὅταν
1643 4060 1779 4130 πρὸς
1803 4061 1904 4129 ἀνη
1914 4058 2013 4128 μέ-

447 4156 607 4208 ρουςο
638 4141 760 4194 τότε
792 4141 963 4213 αὐτῆς
1000 4144 1034 4213 ἡ
1071 4144 1221 4212 ἰσχὺς
1245 4143 1536 4205 δείκνυται,
1585 4143 1706 4196 τότε
1751 4143 1922 4212 αὐτῆς
1951 4143 2014 4196 τὸ

443 4223 604 4294 ἔργον
642 4226 737 4279 xu".
777 4226 838 4279 1:6
876 4226 1208 4296 κατόρθωμα
1255 4225 1350 4280 καὶ
1387 4229 1415 4280 6
1456 4228 1664 4298 καρπὸς
1691 4228 2008 4299 διαλάμπει.

446 4306 633 4360 Ὅταν
682 4306 950 4361 ἐλάλουν
997 4308 1221 4374 αὐτοῖς,
1264 4309 1601 4378 ἐπολέμουν
1641 4327 1718 4379 με
1764 4309 2007 4378 δωρεάν.

446 4388 672 4459 Ἕτερος
701 4389 758 4442 δὲ
787 4391 1126 4461 ἑρμηνευτής
1153 4408 1305 4461 φησι,
1341 4393 1448 4445 Καὶ
1479 4393 1576 4445 ὅτε
1607 4392 1871 4447 ἐλάλουν
1907 4395 2012 4450 ai)-

442 4471 587 4537 τοῖς,
628 4472 995 4542 ἐπολέμουν·
1029 4472 1060 4543 ἦ
1094 4473 1252 4526 τοῦτο
1281 4476 1667 4544 αἰνιττόμενος,
1705 4478 1866 4530 Μετὰ
1895 4475 2013 4529 τῶν

437 4557 784 4624 μισούντων
829 4555 944 4624 τὴν
985 4557 1232 4625 εἰρήνην
1275 4556 1439 4627 ἤμην
1469 4558 1785 4626 εἰρηνικὸς,
1826 4559 1880 4630 ἢ,
1930 4561 2012 4612 ὅτι

457 4639 608 4693 Ἐπεὶ
637 4637 858 4692 ἐλάλουν
891 4640 1092 4704 αὐτοῖς,
1123 4641 1275 4694 αὐτοὶ
1303 4641 1624 4712 ἐπολέμουν.
1665 4644 1730 4694 Ὀ
1753 4642 1809 4695 δὲ
1843 4643 2010 4711 λέγει,

442 4721 679 4776 τοιοῦτόν
706 4723 871 4776 ἐστιν’
903 4723 990 4775 Ἑν
1009 4723 1156 4791 αὐτῷ
1179 4723 1256 4792 τῷ
1275 4725 1451 4796 καιρῴ
1471 4727 1570 4796 τῆς
1591 4725 1897 4791 διαλέξεως,
1921 4727 2010 4780 ὅτε

447 4805 682 4876 μάλιστα
730 4805 830 4877 τὴν
861 4807 1080 4876 ἀγάπην
1128 4807 1530 4878 ἐνεδεικνύμην,
1566 4809 1750 4879 φησὶν,
1781 4810 1870 4863 ὅτε
1909 4809 2013 4880 μά-

443 4889 602 4942 λιστα
645 4891 740 4944 καὶ
775 4891 998 4960 ῥήματα
1027 4891 1216 4960 φιλικά
1266 4891 1424 4962 ἱέμην
1463 4891 1515 4956 ἀ,
1550 4891 1670 4946 τότε
1707 4891 2010 4962 ὴγρίαινον,

443 4973 566 5026 τότε
596 4973 778 5038 δόλους
811 4973 1104 5046 ἐῤῥαπτον,
1130 4975 1223 5028 καὶ
1248 4976 1398 5028 οὐδὲν
1423 4975 1602 5029 αὐτῶν
1625 4977 1846 5048 ἐκράτει
1863 4992 1874 5003 ·
1895 4975 2010 5028 ἀλλ’

443 5057 593 5126 ὅμως
620 5055 729 5126 ἐγὼ
752 5059 848 5127 τὴν
872 5058 1076 5111 οἰκείαν
1097 5057 1490 5128 ὲπεδεικνύμην
1517 5059 1740 5130 ἀρετὴν,
1761 5061 1855 5112 καὶ
1875 5060 2012 5114 ἐκεί-

445 5157 552 5192 νων
590 5140 761 5212 ταύτῃ
794 5139 1168 5211 διακειμένων.
1203 5140 1358 5194 Οὕτω
1397 5142 1488 5194 καὶ
1525 5143 1671 5212 ἡμᾶς
1708 5141 2008 5195 διακεῖσθαι

443 5222 570 5292 χρὴ.
619 5224 720 5276 κᾶν
752 5223 1005 5295 βάλλωσι,
1040 5225 1142 5277 κᾶν
1188 5225 1388 5277 παίωσι
1418 5225 1724 5294 φιλοῦντας,
1757 5225 1858 5280 κᾶν
1888 5229 2009 5280 ἐπι-

444 5306 761 5371 ϐουλεύωσι,
799 5307 865 5360 τά
912 5309 1040 5374 παρ’
1070 5307 1279 5361 ἐαυτῶν
1323 5307 1745 5374 ἐπιδείκνυσθαι,
1797 5311 2010 5380 ἐκείνης

443 5388 545 5457 τῆς
565 5391 879 5461 παραϐολῆς
905 5391 1279 5463 μεμνημένους
1299 5391 1396 5461 τῆς
1412 5391 1755 5464 κελευούσης,
1779 5393 1853 5458 ώς
1874 5396 2008 5466 πρό-

506 5528 531 5598 _‘
554 5526 791 5598 gallis.qu
807 5530 1032 5598 χειμῶσι.

441 5590 465 5663 ⁸.
499 5587 853 5663 b‘Savi‘lius‘ih
891 5587 1150 5663 lnrgiqe;
1172 5591 1520 5663 _eI?nv:x6¢.'Ti
1558 5594 1710 5643 τοίνυν
1750 5597 2008 5658 πεισόμεθα

438 5650 707 5724 ἡμξῖςὶπρὸς
725 5651 845 5724 τοὺς
858 5650 1288 5724 φίλουξτὰιέχθρῶν
1309 5654 1620 5724 διακείμενοις

505 5713 529 5780 ξ
554 5711 678 5780 Be'g:
694 5711 1064 5780 εύπειθέστερον;
1087 5711 1365 5766 Μόίδᾶγὶὶ.
1391 5711 1532 5764 τοῦτο
1556 5711 1760 5768 ἐκείνων.

499 5770 531 5814 Α
551 5770 696 5824 Saﬁl.
721 5775 963 5836 προϊέμην.

1489 351 1846 409 ΕΧΡΟΞΙΤΙΟ
1884 351 1951 408 ΙΝ
1993 349 2322 411 PSALMUM
2363 355 2526 412 CXX.

3580 361 3686 419 3M

2125 473 2263 527 ϐατα
2294 475 2386 528 καὶ
2416 475 2747 547 περιστερὰς
2776 471 2915 531 εἶναι
2945 479 3002 532 ἐν
3034 478 3184 550 μέσῳ
3217 478 3415 543 λύκων,
3449 479 3514 532 ἶν’
3546 481 3692 535 ἐκεί-

2122 573 2245 620 νους
2271 574 2329 610 τε
2354 556 2598 627 βελτίους
2622 559 3006 631 ἐργασώμεθά,
3032 562 3123 614 καὶ
3141 561 3294 616 αὐτοὶ
3320 561 3428 614 τῶν
3451 562 3508 614 ἐν
3522 563 3690 633 ούρα-

2121 642 2231 702 νοῖς
2254 639 2471 708 ἀγαθῶν
2497 651 2521 679 ο
2545 640 2946 712 ἀπολαύσωμεν
2963 660 2978 673 ο
2999 636 3074 696 ὧν
3089 643 3298 711 γένοιτο
3319 645 3528 708 πάντας
3542 648 3692 716 ἡμᾶς

2120 723 2416 793 ἐπιτυχεῖν,
2447 723 2630 795 χάριτι
2660 726 2754 778 καὶ
2781 725 3162 796 φιλανθρωπίᾳ
3183 729 3277 781 τοῦ
3307 729 3512 798 Κυρίου
3535 730 3691 800 ἡμῶν

2133 805 2308 874 Ἰησοῦ
2339 805 2600 875 Χριστοῦ,
2629 801 2672 874 ᾧ
2705 809 2738 878 ἡ
2769 807 2896 872 δόξα
2923 810 3002 872 εἰς
3026 810 3153 874 τοὺς
3198 811 3401 874 αἰῶνας
3427 813 3534 865 τῶν
3567 812 3691 865 αἰώ-

2121 904 2248 942 νων.
2296 887 2488 960 Ἀμήν.

2510 1018 2619 1070 ΕΙΣ
2656 1015 2794 1072 ΤΟΝ
2837 1019 2948 1072 ΡΚ¹
2985 1020 3301 1075 ΨΑΛΜΟΝ.

2171 1107 2310 1177 ’ῼδὴ
2356 1106 2476 1163 τῶν
2524 1107 3147 1182 ἀναϐαθμῶνηἊλλος,
3191 1107 3394 1181 *ᾼσμα
3438 1115 3526 1180 εἰς
3554 1117 3662 1182 τὰς

2735 1178 3078 1244 ἀναϐάσεις.

2117 1279 2263 1358 Ἦρα
2290 1284 2438 1358 ’τοὺς
2460 1285 2804 1358 ὀφθαλμούς
2827 1303 2947 1356 μου
2970 1289 3059 1358 εις
3083 1285 3155 1340 τὰ
3177 1288 3304 1355 ὅρη,
3333 1289 3470 1343 ὅθεν
3493 1290 3623 1357 ἥξει
3649 1291 3687 1358 ἡ

2181 1354 2436 1429 ,ϐοήθειά
2463 1372 2603 1429 μου.
2636 1354 2888 1429 Ἕτερος,
2916 1356 3067 1429 ᾼῖρω
3097 1354 3442 1429 ὀφθαλμούς
3458 1354 3578 1429 μου
3605 1354 3690 1428 εἰςῖ

2188 1373 2436 1421 ,σοηυεια
2456 1373 2603 1477 ἐιου.
2669 1373 2888 1426 ιτερος,
2916 1373 3067 1422 Αιρω
3097 1373 3316 1426 οφσανᾳ

2188 1425 2259 1477 τὰ
2293 1424 2422 1492 ὄρη,
2491 1427 2595 1478 θεν
2622 1424 2757 1492 ἣξει
2792 1424 2812 1464 ί
2845 1426 3157 1495 ήβοήθεια
3176 1444 3316 1497 μου.

2184 1538 2252 1588 u'.
2271 1533 2410 1604 Ὅρα
2426 1533 2602 1606 ψυχὴν
2619 1534 2997 1604 ἀπορουμένην
3013 1537 3106 1588 καὶ
3122 1536 3404 1608 ἀμηχανοῦ
3412 1555 3528 1604 σαν,
3540 1537 3616 1602 ὡς
3633 1539 3692 1593 ἐν

2114 1617 2227 1678 τοῖς
2252 1619 2441 1679 κακοῖς
2455 1613 2642 1678 οὖσαν,
2666 1619 2760 1670 καὶ
2777 1617 3106 1690 βουλομένην
3127 1623 3310 1688 τυχεῖν
3333 1621 3691 1693 παραμυθίας

2115 1697 2252 1768 πρὸς
2293 1699 2384 1752 τὸν
2412 1699 2546 1752 Θεὸν
2575 1699 2892 1770 ἀφορῶσαν.
2929 1698 3100 1754 Τοῦτο
3145 1703 3308 1757 πάλιν
3335 1702 3686 1775 κατόρθωμα,

2112 1780 2222 1834 τῶν
2255 1781 2606 1852 πειρασμῶν,
2656 1782 2749 1835 καὶ
2783 1783 2972 1852 κέρδος
3008 1785 3239 1856 πτεροῦν
3275 1785 3444 1856 αὐτὴν
3478 1787 3572 1838 καὶ
3612 1785 3690 1838 δι-

2113 1866 2344 1933 εγεῖρον,
2377 1866 2472 1919 καὶ
2497 1865 2597 1936 τὴν
2627 1865 2833 1918 ἄνωθεν
2856 1866 3044 1920 ποιοῦν
3071 1867 3351 1938 ἐπιζητεῖν
3375 1868 3568 1938 ῥοπὴν,
3597 1868 3692 1922 καὶ

2111 1946 2219 2000 τῶν
2249 1947 2517 2016 βιωτικῶν
2544 1949 2848 2019 ἀποτέμνον
2874 1951 3150 2004 ἁπάντων.
3181 1951 3244 2004 Εἰ
3278 1950 3388 2021 γὰρ
3423 1951 3690 2018 Ἰουδαῖοι,

2113 2034 2162 2085 οἰ
2193 2035 2388 2102 παχεῖς
2422 2033 2517 2086 καὶ
2552 2034 2616 2102 τῇ
2652 2035 2723 2103 γῇ
2769 2033 3206 2105 προσηλωμένοι,
3238 2033 3346 2086 61:6
3376 2033 3476 2103 τῆς
3513 2034 3571 2086 ἐν
3601 2035 3690 2087 αἰ-

2116 2133 2148 2184 χ
2157 2115 2408 2185 μαλωσίᾳ
2421 2115 2796 2186 ταλαιπωρίας
2815 2115 2986 2180 οὕτως
3005 2117 3246 2186 ἐγίνοντο
3276 2117 3572 2182 σπουδαῖοι,
3596 2116 3705 2169 καὶ-

2115 2199 2252 2268 πρὸς
2281 2198 2371 2250 τὸν
2401 2198 2630 2268 οὐρανὸν
2659 2198 2884 2252 ἔϐλεπον
2903 2215 2917 2229 ⁸
2953 2199 3133 2269 πολλῴ
3172 2199 3374 2270 μᾶλλον
3409 2202 3569 2270 ἡμεῖς
3608 2200 3690 2251 δί-

2115 2297 2258 2334 καιοι
2306 2281 2372 2334 ἂν
2405 2282 2595 2351 εἴημεν
2635 2281 2792 2334 τοῦτο
2831 2285 3005 2335 ποιεῖν
3044 2284 3100 2334 ἐν
3143 2286 3263 2345 ταῖς
3307 2283 3699 2354 περιστάσεσι,

2113 2365 2206 2416 καὶ
2238 2365 2373 2434 πρὸς
2405 2365 2494 2417 τὸν
2524 2364 2654 2417 Θεὸν
2688 2365 3050 2434 καταφεύγειν
3076 2408 3090 2429 ,
3122 2367 3170 2418 οἰ
3212 2363 3431 2417 πλείονα
3467 2363 3692 2418 ἐκείνων

2114 2446 2398 2518 ἀκρίϐειαν
2437 2449 2847 2518 ἀπαιτούμενοι.
2892 2447 3107 2518 Ἐπειδὴ
3138 2447 3247 2518 γὰρ
3284 2450 3482 2500 ἐκεῖνοι
3513 2447 3538 2486 ⁸
3567 2445 3690 2499 τότε

2114 2531 2172 2582 ἐν
2201 2529 2387 2598 μέσοις
2414 2525 2552 2598 ἦσαν
2589 2531 2991 2601 ἀπειλημμένοι
3031 2534 3141 2594 τοῖς
3171 2531 3474 2600 πολεμίοις,
3501 2529 3594 2582 καὶ
3627 2529 3688 2582 οὐ

2115 2614 2269 2678 πόλις
2295 2615 2479 2677 αὐτοῖς
2507 2611 2595 2684 ἦν,
2620 2616 2680 2667 οὐ
2709 2617 2902 2685 τεῖχος,
2941 2615 3002 2667 οὐ
3040 2615 3268 2685 πύργος,
3301 2616 3397 2685 οὐχ
3426 2613 3586 2676 ὅπλα,
3625 2613 3687 2664 οὐ

2117 2697 2406 2767 συμμαχία
2452 2698 2794 2767 ἀνθρωπίνη,
2823 2698 2883 2750 οὑ
2927 2699 3222 2768 χρημάτων
3252 2697 3556 2770 περιουσία,
3587 2695 3687 2748 οὐκ

2113 2781 2242 2834 ἄλλο
2279 2780 2385 2834 τῶν
2418 2780 2677 2834 τοιούτων
2717 2780 2891 2841 οὐδὲν,
2926 2781 3042 2834 ἀλλ’
3073 2781 3412 2851 αἰχμάλωτοι
3445 2781 3540 2832 καὶ
3574 2777 3691 2832 δοῦ-

2111 2864 2192 2916 λοι
2225 2859 2376 2934 [555]
2421 2863 2624 2934 μεταξὺ
2674 2863 2944 2916 δεσποτῶν
2991 2863 3124 2933 ὁμοῦ
3161 2864 3252 2916 καὶ
3285 2864 3554 2934 πολεμίων
3598 2863 3689 2915 ἁν-

2112 2948 2434 3017 εστρέφοντο
2453 2945 2510 2982 δ’
2543 2944 2620 3014 τῷ
2649 2945 2946 3015 μεγέθειδέ
2977 2945 3086 2998 τῶν
3117 2946 3408 3016 συμφορῶν
3445 2945 3692 3016 πιεζόμε-

2112 3058 2191 3094 νοι
2215 3039 2350 3110 πρὸς
2366 3039 2463 3110 τὴν
2489 3037 2700 3108 ἄμαχον
2724 3037 3028 3106 κατέφυγον
3051 3041 3227 3108 χεῖρα,
3254 3036 3468 3090 καὶτῶν
3489 3037 3583 3090 ἀνθ
3593 3054 3694 3107 ρω-

2113 3124 2281 3177 πίνων
2328 3121 2726 3192 ἐρημωθέντες,
2766 3121 2872 3172 61:6
2911 3121 3008 3190 τῆς
3057 3120 3292 3194 ἐρημίας
3344 3119 3542 3190 ταύτης
3594 3119 3690 3173 ἐπὶ

2110 3207 2172 3260 τὸ
2204 3205 2514 3274 φιλοσοφεῖν
2545 3204 2794 3275 ἤρχοντο.
2841 3203 2931 3256 Διὸ
2964 3204 3055 3256 καὶ
3087 3203 3268 3271 ἔλεγον
3290 3220 3301 3232 ·
3342 3199 3499 3270 ἾΙρα
3546 3201 3689 3267 τοὺς

2113 3289 2460 3358 ὀφθαλμούς
2495 3303 2615 3356 μου
2644 3289 2731 3352 εἰς
2773 3288 2843 3340 τὰ
2877 3287 3004 3354 ὄρη,
3051 3287 3190 3339 ὅθεν
3219 3287 3349 3354 ἥξει
3378 3288 3415 3353 ἡ
3439 3285 3689 3349 ,βοήθειά

2107 3391 2247 3443 μου.
2289 3373 2368 3426 Τά
2417 3371 2567 3442 παρά
2598 3371 2706 3424 τῶν
2739 3370 3038 3442 ἀνθρώπων
3092 3371 3268 3425 πάντα
3316 3369 3683 3438 ἐγκαταλέλει-

2113 3472 2266 3520 πται,
2297 3455 2470 3507 πάντα
2489 3454 2712 3524 φροῦδα,
2734 3455 2911 3507 πάντα
2936 3453 3197 3507 ἐκποδών·
3232 3455 3328 3524 μία
3353 3454 3537 3506 λοιπὸν
3559 3454 3691 3504 ὑπο-

2113 3538 2387 3591 λέλειπται
2437 3537 2702 3607 σωτηρία,
2759 3539 2947 3608 φησὶν,
2991 3540 3026 3607 ἡ
3070 3537 3219 3608 παρά
3267 3535 3364 3588 τοῦ
3414 3535 3572 3588 Θεοῦ.
3620 3535 3691 3588 Ἢ

2107 3618 2363 3690 ,βοήθειά
2388 3638 2508 3690 μου
2535 3622 2695 3688 παρὰ
2739 3621 2963 3688 Κυρίου
3009 3620 3116 3673 τοῦ
3167 3617 3538 3685 ποιήσαντος
3583 3619 3691 3671 τὸν

2113 3703 2373 3771 οὐρανὸν
2420 3703 2518 3757 καὶ
2561 3703 2678 3770 τὴν
2720 3703 2855 3772 γῆν.
2902 3698 3056 3764 Εἶδες
3096 3701 3186 3755 τὸν
3240 3701 3374 3755 Θεὸν
3416 3699 3690 3771 πανταχοῦ

2113 3785 2533 3856 ἐπιζητοῦνταςς
2567 3787 2676 3839 ἀπὸ
2712 3787 2810 3856 τῆς
2845 3786 2971 3855 γῆς,
3018 3785 3126 3838 ἀπὸ
3156 3785 3249 3837 τοῦ
3284 3785 3537 3855 ούρανοῦ,
3579 3785 3690 3836 ἀπὸ

2114 3871 2222 3924 τῶν
2249 3871 2410 3942 ὀρῶν,
2443 3869 2552 3924 ἀπὸ
2580 3871 2677 3940 τῆς
2709 3870 2964 3941 ἐρημίας,
2987 3868 3264 3938 πανταχοῦ
3292 3869 3452 3922 αὑτὸν
3481 3885 3689 3937 φαντα-

2116 3953 2407 4023 ζομένουςς
2473 3949 2612 4016 εἶδες
2664 3954 2840 4006 αὐτῶν
2889 3953 2985 4022 τὴν
3041 3953 3280 4005 διάνοιαν
3351 3951 3688 4022 ὑψηλοτέραν

2114 4037 2424 4107 γινομένην,
2459 4037 2552 4090 καὶ
2589 4036 2689 4107 τὴν
2727 4036 3004 4105 πανταχοῦ
3041 4035 3294 4106 πρόνοιαν
3323 4035 3488 4088 αὑτοῦ
3537 4037 3689 4088 ἐκτε-

2115 4119 2354 4190 ταμένην
2377 4118 2883 4188 ἀνακηρύττοντας;
2915 4119 2988 4171 Οὐ
3019 4119 3126 4190 γάρ
3154 4118 3336 4182 ἀπλῶς
3357 4117 3685 4190 προσέθηκε,

2121 4201 2229 4257 Τοῦ
2271 4201 2638 4267 ποιήσαντος
2665 4201 2771 4255 τὸν
2809 4202 3068 4270 οὐρανόν
3105 4203 3203 4255 καὶ
3243 4201 3357 4268 τὴν
3387 4201 3522 4270 γῆνο
3554 4199 3690 4254 ἀλλά

2117 4284 2559 4355 συλλογιζόμενος
2589 4284 2999 4354 αἰνιγματωδῶς
3034 4283 3192 4337 τοῦτο
3238 4286 3331 4337 καὶ
3370 4284 3542 4352 λέγων
3570 4301 3583 4314 ο
3625 4283 3688 4334 Εἰ

2112 4367 2203 4420 τὸν
2236 4368 2463 4438 οὐρανὸν
2509 4369 2604 4421 καὶ
2641 4369 2740 4438 τὴν
2770 4368 2870 4438 γῆν
2924 4367 3166 4436 ἐποίησε,
3218 4367 3438 4420 δύναται
3484 4365 3578 4417 καὶ
3629 4366 3687 4417 ἐν

2114 4452 2368 4523 ἀλλοτρίᾳ
2403 4450 2686 4521 βοηθῆσαι,
2718 4450 2813 4502 καὶ⁹
2863 4451 3158 4521 πανταχοῦ,
3200 4451 3296 4504 καὶ
3338 4452 3394 4502 ἐν
3428 4447 3688 4519 βαρϐάρῳ

2113 4538 2270 4605 χεῖρα
2293 4533 2497 4604 ὀρέξαι,
2532 4532 2744 4602 καὶτῆς
2769 4532 3023 4603 πατρίδος
3048 4534 3378 4595 ἐκπεσόντας
3401 4532 3683 4584 διασῶσαι.

2114 4619 2177 4669 Εἰ
2211 4615 2319 4688 γὰρ
2350 4615 2417 4668 τὰ
2453 4617 2688 4684 στοιχεῖα
2729 4615 2902 4668 ταῦτα
2932 4615 3073 4686 λόγῳ
3119 4617 3265 4686 μόνῳ
3311 4618 3326 4656 i
3367 4618 3681 4686 παρήγαγε,

2116 4697 2295 4769 πολλῷ
2324 4697 2524 4765 μᾶλλον
2560 4699 2707 4768 ἡμᾶς
2739 4697 2848 4750 τῶν
2877 4698 3168 4769 βαρϐάρων
3195 4699 3502 4762 ἀπαλλάξαι
3529 4697 3687 4766 δυνή-

2116 4799 2282 4835 σεται.
2333 4781 2493 4853 Ὁρᾷς
2517 4779 2633 4844 πῶς
2664 4781 3044 4850 φιλοσοφοῦσιν
3076 4782 3126 4833 οἱ
3161 4781 3323 4835 λίθων
3349 4781 3500 4846 δντες
3531 4783 3687 4833 ἀναι-

2115 4865 2453 4936 σθητότεροι,
2484 4863 2575 4918 ἐπὶ
2602 4863 2704 4933 τῆς
2737 4863 3024 4933 ἀλλοτρίας
3057 4862 3458 4935 διατρίϐοντεςς
3486 4863 3686 4916 Ούκέτι

2113 4947 2218 5018 γὰρ
2247 4947 2376 5002 ναοῦ
2411 4946 2739 5018 μέμνηνται,
2765 4946 2879 4999 ἀλλ’
2902 4947 2960 4998 οὐ
2971 4945 3131 5017 ρανοῦ
3147 4949 3240 5000 καὶ
3255 4947 3380 5017 γῆς.
3407 4948 3547 5018 Ὅρα
3567 4946 3698 5009 πῶς,

2115 5035 2208 5086 καὶ
2225 5033 2323 5103 τὴν
2343 5031 2706 5104 δημιουργίαν
2727 5031 3164 5104 ἀνακηρύττουσι
3194 5033 3288 5086 καὶ
3313 5031 3410 5102 τὴν
3441 5030 3633 5099 σοφίαν
3659 5027 3672 5079 i

2113 5115 2207 5169 τοῦ
2240 5116 2396 5179 Θεοῦ,
2423 5117 2518 5169 καὶ
2563 5116 2662 5185 τὴν
2697 5115 2974 5187 πρόνοιαν.
3011 5116 3072 5168 Οἱ
3109 5115 3219 5187 γὰρ
3250 5114 3354 5186 πρὸ
3385 5113 3576 5166 τούτου
3609 5112 3686 5182 τῷ

2114 5200 2255 5271 ξύλῳ
2282 5201 2553 5270 λέγοντες,
2581 5201 2725 5268 Θεός
2750 5217 2870 5270 μου
2892 5195 2952 5253 εἷ
2973 5199 3076 5267 σὺ,
3105 5199 3201 5253 καὶ
3227 5197 3305 5268 τῷ
3333 5197 3484 5267 λίθῳ,
3508 5198 3591 5250 Σύ
3608 5212 3687 5265 με

2176 5367 2199 5391 υ
2231 5354 2278 5400 lu
2306 5353 2663 5413 Μοτε1.ἁγαθῶν
2686 5353 2876 5401 deerat.

2178 5417 2194 5453 ί
2227 5414 2397 5464 Morel.
2425 5411 2658 5471 ὅθενῆξει.
2684 5416 2832 5462 SaVil.
2858 5413 2995 5462 πόθεν
3012 5414 3129 5472 ἥξει,
3163 5418 3218 5460 ul
3237 5412 3286 5460 in
3305 5411 3560 5472 Hexaplis.

2174 5479 2199 5543 β
2225 5475 2358 5543 [iung
2387 5475 2546 5543 ἐπειδῂ
2571 5476 2651 5522 καὶ
2678 5475 2865 5543 ἐκεῖνοι,
2883 5488 2986 5543 you
3006 5478 3151 5543 male:
3219 5533 3229 5543 .

2171 5540 2196 5576 h
2223 5537 2374 5585 Savil.
2399 5538 2691 5599 ἐστρέφοντο.
2708 5537 2842 5599 Albld.
2883 5537 3007 5597 Reg.
3035 5541 3100 5599 eg
3121 5535 3275 5599 Savi!._
3310 5536 3406 5582 τῶν
3428 5535 3684 5599 συμφορῶν

2107 5599 2389 5672 πιεζόμενοι,
2409 5595 2579 5672 ειέίδ
2620 5597 2741 5661 legit
2769 5595 3030 5649 Hervelis.
3061 5596 3192 5648 Edil.
3232 5595 3406 5646 λίθεοι.
3441 5595 3544 5644 τῶν
3577 5595 3689 5647 παπ

2106 5663 2303 5726 ρασμῶν
2320 5663 2610 5732 πιεζόμενοι.

2175 5722 2193 5762 ὶ
2221 5723 2370 5770 Savnl.
2398 5735 2555 5781 μονον.

2175 5787 2187 5834 1
2220 5784 2355 5834 L‘nus
2376 5782 2649 5848 φιλοσοφίαν
