4112 6342
438 332 552 390 515v

439 446 579 503 versi
604 455 752 502 ortus
781 455 938 502 terra:
966 445 1221 517 Opificent
1243 456 1554 516 agnoscunt.
1583 447 1841 500 Auxilium
1863 463 2029 501 meum

437 558 468 592 α
497 538 744 608 Domino,
775 555 883 596 non
931 540 997 596 ab
1049 541 1371 608 hominibus,
1416 555 1518 597 nec
1560 541 1627 596 ab
1655 540 1837 610 equis,
1869 555 1975 595 non
1999 555 2030 595 a

440 633 700 704 pecuniis,
750 649 851 690 nee
897 634 1126 699 aSociis,
1177 648 1278 688 nec
1318 649 1348 690 a
1395 632 1823 704 propugnaculis.
1865 632 2030 687 Auxi-

438 726 570 780 iium
614 733 856 780 nostrum
886 740 916 779 a
945 725 1168 779 Domino
1195 741 1210 792 ;
1245 725 1347 780 hoc
1383 725 1637 778 auxilium
1666 733 1749 778 est
1777 723 2026 778 invictum

437 828 491 873 ct
547 817 956 888 inexpugnabile
1003 836 1016 872 :
1061 834 1165 872 non
1219 817 1393 872 solum
1467 825 1643 871 autem
1703 816 2029 885 inexpugna-

440 910 567 977 bile,
595 909 690 966 sed
711 909 869 964 etiam
901 909 1207 979 expeditum
1230 918 1284 962 et
1310 909 1478 963 facile.
1506 907 1685 977 Neque
1709 907 1849 962 enim
1873 906 2029 975 longe

439 1013 524 1057 est
553 1001 1018 1073 proﬁciscendum,
1048 1017 1151 1055 non
1179 1010 1260 1055 est
1289 1000 1664 1056 blandiendum
1689 999 2025 1069 jattitoribus,

441 1111 550 1149 non
579 1104 707 1150 sunt
746 1093 1121 1150 consumenda:
1151 1096 1416 1164 pecuniae,
1446 1109 1552 1148 non
1591 1093 1882 1163 legationes
1909 1093 2031 1146 mit~

439 1185 635 1252 teudze,
667 1185 760 1240 sed
791 1195 965 1254 potest
1005 1185 1124 1255 quis
1168 1184 1312 1239 domi
1359 1198 1578 1238 manens
1610 1184 1712 1240 hoc
1750 1183 1815 1237 ad
1847 1198 1905 1236 se
1933 1198 2026 1236 au-

439 1279 626 1333 xilium
689 1277 992 1342 attrahere,
1040 1277 1086 1332 si
1143 1285 1348 1330 tantum
1403 1275 1637 1344 seipsum
1683 1275 2024 1344 sejungensa

441 1371 602 1425 rebus
649 1369 918 1435 humanis,
966 1368 1040 1422 illi
1069 1369 1182 1438 spei
1213 1367 1499 1428 adhaereat,
1528 1380 1782 1435 acresque
1820 1373 1873 1418 et
1903 1380 2026 1433 pcr—

439 1463 679 1533 Spieaces
705 1461 892 1516 oculos
924 1461 1134 1523 habeat,
1162 1468 1216 1514 et
1241 1459 1348 1513 alta
1377 1458 1645 1526 respiciat.

515 1556 585 1611 Os
607 1555 802 1610 honuni
821 1553 1032 1607 sublime
1050 1552 1186 1606 dedit
1211 1549 1729 1619 Deus.—Proptcrea
1756 1547 1896 1603 enim
1927 1547 2028 1601 hoc

439 1650 610 1704 solum
665 1647 858 1702 animal
907 1647 1046 1701 Deus
1094 1653 1297 1700 rectum
1341 1643 1560 1708 creavit,
1605 1650 1659 1696 et
1704 1640 1884 1696 oculos
1908 1655 2027 1694 cor-

441 1741 589 1806 poris
616 1739 691 1793 illi
721 1740 772 1793 itt
804 1738 912 1792 alto
941 1736 1154 1801 locavit,
1201 1734 1399 1790 docens
1429 1733 1587 1788 etiam
1614 1748 1644 1787 a
1673 1731 1833 1787 rebus
1857 1731 2028 1785 sensi-

441 1829 637 1885 bilibus
663 1839 910 1900 oportere
935 1827 988 1881 in
1015 1828 1179 1880 altum
1214 1827 1499 1895 reSpicere.
1545 1823 1728 1880 Solum
1755 1824 1894 1878 enim
1928 1823 2027 1877 iIOC

438 1922 636 1975 anintal
682 1931 765 1976 est
823 1921 896 1974 ita
945 1919 1232 1974 formatum
1262 1935 1276 1971 :
1306 1916 1509 1985 reliqua
1553 1925 1730 1971 autem
1779 1915 2024 1968 animalia

439 2031 603 2086 prona
630 2024 775 2080 sunt,
803 2026 855 2071 et
887 2024 1081 2070 terram
1106 2013 1355 2069 deorsum
1383 2012 1701 2083 despiciunt.
1734 2011 1828 2066 Hic
1848 2019 2024 2065 autem

440 2111 495 2163 in
521 2109 710 2164 cadum
740 2118 821 2164 est
846 2117 1079 2173 erectus,
1108 2116 1166 2162 ut
1191 2123 1310 2178 qua:
1332 2107 1443 2162 illic
1469 2115 1593 2161 sunt
1618 2105 1944 2171 consideret,
1973 2105 2024 2158 itt

438 2201 546 2256 Illis
575 2199 1004 2272 philosophetur,
1037 2199 1122 2254 illa
1151 2197 1516 2269 apprehendat
1542 2206 1596 2253 et
1622 2197 1808 2253 oculos
1833 2197 2026 2252 anima:

436 2309 589 2349 acres
630 2293 846 2350 habeat.
877 2292 1135 2360 Quocirca
1181 2291 1390 2347 dicebat
1431 2305 1642 2360 quoque
1682 2290 1896 2360 quidam
1941 2303 2028 2343 sa-

436 2387 610 2458 piens,
651 2384 910 2456 Sapientis
951 2385 1084 2440 oculi
1132 2385 1186 2439 in
1223 2385 1388 2454 capite
1425 2384 1537 2454 ejus
1576 2381 1772 2452 (Eccle.
1804 2383 1859 2436 ‘2.
1912 2380 2021 2452 M),

441 2479 546 2533 hoc
587 2487 689 2542 est.
719 2477 974 2532 liberatus
1010 2484 1094 2533 est
1119 2477 1188 2531 ab
1213 2476 1459 2531 omnibus
1500 2474 1696 2530 intimis
1721 2475 1900 2540 rebus,
1929 2489 2024 2544 per

435 2572 624 2626 ca-lum
665 2580 917 2641 vagatur,
965 2576 1019 2624 et
1062 2568 1452 2639 contemplatur
1503 2565 1769 2622 sublimia.
1810 2567 1866 2621 5.
1900 2564 2022 2620 Non

437 2666 523 2719 des
551 2665 603 2720 in
645 2665 1028 2719 commotionem
1071 2663 1250 2734 pedem
1295 2670 1458 2726 tuum,
1510 2672 1670 2727 neque
1707 2655 2018 2712 dormitabit

437 2761 523 2829 qui
547 2759 765 2814 custodit
800 2767 866 2813 te.
914 2757 1075 2812 Vides
1101 2765 1351 2827 quantam
1378 2770 1406 2808 a
1436 2754 1587 2809 nobis
1614 2752 1776 2823 exigit
1799 2752 2023 2823 diligen-

442 2853 570 2905 tiam
598 2849 652 2904 id
681 2848 822 2919 quod
851 2847 1087 2902 dicitur?
1114 2845 1244 2914 Quia
1269 2846 1410 2900 enim
1439 2843 1620 2898 auxilii
1642 2844 2018 2906 meminerunt,

436 2950 493 2996 et
522 2954 805 3011 supernam
837 2953 994 3009 opem
1039 2939 1306 3002 invocant,
1334 2935 1646 2990 adhortatur
1671 2941 1725 2989 et
1752 2933 2018 2997 consulit,

437 3034 538 3087 hoc
563 3032 946 3103 propemodum
975 3030 1160 3087 dicens
1189 3048 1201 3084 :
1232 3029 1290 3085 Si
1327 3029 1461 3084 velis
1486 3044 1604 3082 eam
1643 3028 1872 3098 assequi,
1903 3043 2022 3097 qua:

439 3136 527 3179 tua
555 3140 768 3195 quoque
790 3133 915 3178 sunt
937 3122 1204 3178 conferas.
1235 3120 1372 3189 Quid
1401 3129 1486 3176 est
1505 3130 1685 3175 autem
1712 3119 1853 3190 quod
1894 3135 2022 3174 cou-

437 3216 606 3272 suliti
632 3215 771 3271 Audi
801 3233 814 3268 :
850 3213 970 3270 Non
999 3214 1086 3268 des
1128 3214 1182 3267 in
1219 3213 1600 3267 commotionem
1631 3211 1805 3283 pedem
1832 3221 1971 3265 tuum
2001 3229 2020 3266 :

436 3309 536 3365 hoc
562 3316 665 3378 est,
688 3307 765 3363 Ne
793 3306 1080 3378 dejiciaris,
1108 3323 1175 3360 ne
1205 3305 1499 3375 prolabaris
1518 3345 1533 3370 ,
1563 3313 1616 3359 et
1647 3313 1773 3358 tunc
1798 3303 2021 3358 habebis

437 3402 604 3457 Deum
625 3414 839 3456 manum
866 3398 1211 3468 prtebentetn,
1233 3411 1332 3452 nec
1359 3405 1410 3451 te
1425 3395 1902 3466 derelinquentcm,
1926 3410 2022 3450 nec

438 3495 821 3549 demittentem.

507 3586 713 3641 Arbitrii
739 3585 897 3640 nostri
923 3584 1144 3641 libertas.
1171 3611 1244 3624 —-
1266 3583 1309 3637 A
1334 3581 1486 3636 nobis
1514 3581 1690 3650 itaque
1720 3590 1843 3635 sunt
1871 3579 2020 3648 prin-

437 3677 574 3749 cipia
618 3676 723 3749 (a),
765 3685 821 3731 et
847 3675 901 3730 id
943 3674 1104 3731 situm
1148 3685 1230 3729 est
1270 3672 1323 3727 in
1351 3681 1533 3727 nostra
1563 3680 1845 3742 potestate.
1887 3669 2021 3724 Cum

437 3784 566 3841 ergo
589 3769 644 3825 id
673 3770 730 3824 in
755 3777 939 3824 nostra
981 3773 1246 3836 potestate
1274 3764 1365 3828 sit,
1396 3763 1609 3834 quando
1635 3763 1880 3818 volumus
1916 3763 2022 3817 ali-

439 3863 564 3932 quid
609 3861 844 3932 assequi,
896 3867 1106 3930 oportet
1151 3873 1247 3912 nos
1291 3870 1501 3926 quoque.
1546 3863 1730 3910 nostra
1779 3852 2024 3910 conferre

441 3956 537 4024 (ita
561 3957 703 4011 enim
723 3952 836 4007 vult
858 3949 1016 4022 Deus)
1043 3971 1056 4006 :
1079 3966 1195 4015 quae
1215 3956 1340 4002 sunt
1366 3961 1524 4016 parva
1550 3946 1764 4015 quidem
1791 3953 1848 4000 et
1871 3945 2018 4012 vilia,

437 4063 499 4101 ea
529 4057 705 4102 tamen
735 4060 833 4101 nos
859 4050 1075 4114 oportet
1099 4039 1364 4105 conferre,
1393 4053 1500 4093 non
1527 4037 1751 4103 otiosos,
1777 4051 1877 4092 nec
1899 4035 2024 4092 dor-

439 4140 712 4204 mitantes,
737 4151 846 4194 non
867 4142 1176 4196 stertentes,
1202 4146 1302 4187 nec
1324 4131 1564 4200 supinos,
1591 4128 1686 4184 sed
1709 4137 2013 4198 operantes,

438 4241 496 4288 et
518 4229 751 4286 studium
791 4226 1110 4283 adhibentes
1134 4223 1200 4278 ad
1247 4221 1468 4277 salutem
1499 4229 1757 4275 nostram.
1799 4220 1864 4274 Et
1905 4219 2024 4275 ideo

440 4323 721 4380 undecima
749 4333 959 4391 quoque
987 4317 1117 4371 hora
1147 4314 1404 4370 conduxit
1449 4311 1664 4383 (Matth.
1691 4310 1782 4366 20.
1817 4311 1892 4381 6).
1923 4311 2025 4365 Ta-

441 4415 597 4472 metsi
628 4413 885 4484 quidnam
917 4409 1047 4464 tanti
1088 4405 1343 4462 momenti
1387 4411 1542 4460 erant
1585 4403 1716 4458 hora
1746 4401 2024 4457 undecima

444 4507 676 4566 facturi?
702 4505 762 4562 id
809 4504 1033 4567 scilicet,
1065 4510 1122 4557 ut
1161 4499 1402 4571 operatio
1443 4505 1586 4552 esset
1612 4496 1692 4551 eis
1735 4495 1946 4550 occasio
1972 4503 2026 4549 et

446 4616 606 4657 causa
635 4611 974 4654 coronarum.
1000 4593 1070 4648 Et
1115 4592 1234 4648 ideo
1257 4591 1387 4645 dicit
1419 4610 1430 4644 :
1464 4587 1587 4642 Non
1621 4588 1710 4642 des
1733 4588 1787 4642 in
1813 4603 2026 4642 commo-

446 4699 630 4750 tionem
659 4692 836 4766 pedem
863 4701 1024 4754 tuum,
1055 4704 1211 4758 neque
1255 4683 1545 4740 domitabit
1577 4682 1664 4753 qui
1699 4681 1913 4736 custodit
1957 4691 2021 4733 te.

444 4788 501 4842 Si
535 4797 620 4841 tua
651 4782 963 4856 praebueris,
996 4795 1115 4850 quae
1134 4816 1137 4818 -
1157 4785 1285 4832 sunt
1313 4777 1454 4830 illius
1480 4789 1690 4844 quoque
1715 4781 2022 4842 sequentur.

449 4881 525 4934 lix
552 4878 654 4932 hoc
694 4875 750 4933 id
791 4888 1005 4946 quoque
1051 4869 1372 4933 ostenditur,
1417 4865 1558 4938 quod
1596 4864 1801 4920 etiamsi
1845 4872 2024 4917 nostra

443 4970 762 5036 alter-amns,
817 4966 894 5020 sic
945 4973 1122 5020 tamen
1185 4961 1301 5032 ejus
1351 4973 1562 5030 quoque
1607 4971 1825 5028 egemus
1874 4955 2026 5010 auxi-

445 5061 552 5126 lio,
581 5058 719 5114 utin
762 5064 876 5112 tuto
917 5055 1106 5119 simus,
1144 5062 1200 5106 ut
1245 5063 1555 5106 maneamus
1593 5046 1731 5101 ﬁrmi
1759 5053 1813 5101 et
1840 5045 2028 5100 inuno-

443 5156 598 5210 itiles.
1117 5191 1120 5194 .

516 5248 572 5302 Ξ.
600 5245 794 5302 Pedem
830 5244 884 5297 in
908 5239 1288 5296 commotionem
1311 5235 1433 5288 dare
1459 5233 1579 5304 quid
1601 5249 1620 5297 ;
1655 5229 2027 5284 mundanorum

447 5354 617 5392 rerum
645 5334 968 5392 instabilitas.
999 5361 1071 5372 —-
1098 5328 1230 5396 Quis
1268 5335 1352 5381 est
1378 5332 1554 5380 autem
1584 5322 1674 5392 qui
1722 5321 1908 5391 pedem
1938 5319 2028 5373 dat

449 5434 504 5486 in
533 5425 986 5486 commotionem?
1024 5422 1123 5490 Qui
1154 5433 1241 5476 res
1267 5418 1433 5472 ﬁuxas
1457 5423 1511 5471 et
1533 5413 1758 5468 caducas
1786 5410 2028 5482 aggredi~

513 5565 584 5628 τα)
612 5568 854 5628 uermes
885 5559 1271 5628 (ῖιιξῐδοδιοῐηυφ
1307 5541 2027 5628 ηίοβςεειῖρεεὲξὶξιξίεέθῑεῑε-

513 5577 584 5628 (αι)
612 5577 685 5613 ue
740 5577 854 5612 utes
885 5577 1271 5622 lJlrysoswtuulu
1310 5577 1389 5600 ιιιυ
1417 5577 1813 5620 δσιιιιῌσξαδηιιιω
1845 5577 2027 5616 iuvet“.

447 5636 558 5679 nec
577 5577 820 5690 ιεειιιίὲεηι
843 5629 920 5690 est
935 5618 1254 5690 οιιτςξοξιοιεξί
1277 5610 1870 5690 "tsﬂst'ESISH‘EEEEE';.§1
1899 5618 2030 5690 25:9:

443 5675 740 5751 é‘ﬁi‘o'pim
764 5692 818 5736 et
835 5683 959 5751 vitia
978 5675 1241 5751 contulerit
1258 5715 1271 5736 ,
1297 5677 1475 5748 majora
1499 5675 2027 5751 assequtttuummllesse.

451 5727 1087 5815 st"iiité"i.é7gar7"ef§ﬁtt_'st§
1118 5727 1485 5815 ipso-principio
1523 5745 1612 5785 nos
1629 5727 1832 5780 'auxilio
1870 5727 2030 5777 divino

451 5801 822 5879 privetnrifoe
941 5804 1156 5872 pluribus
1177 5801 1306 5852 alibi.

1524 334 1882 391 EXPOSITIO
1918 334 1984 389 ΙΝ
2023 333 2340 394 PSALMUM
2375 336 2536 394 CXX.

3619 337 3722 394 346

2140 457 2246 514 tur,
2291 459 2346 504 et
2387 464 2612 521 quarum
2653 446 2804 506 basis
2829 451 3048 509 minime
3091 451 3240 507 ﬁrma
3283 459 3396 519 est,
3422 451 3719 524 cujusmodi

2136 551 2220 597 est
2242 558 2394 598 amor
2431 545 2689 614 pecuniae,
2735 545 3034 616 cujusmodi
3063 557 3145 602 est
3182 546 3505 602 desiderium
3535 563 3719 603 earum

2135 650 2313 690 rerum
2338 651 2458 706 quae
2477 637 2542 692 ad
2566 637 2704 693 hanc
2733 639 2894 694 vitam
2918 639 3184 710 pertinent
3212 658 3226 692 :
3253 649 3309 694 et
3329 639 3448 695 ideo
3475 639 3727 710 frequen-5

2137 735 2219 781 ter
2258 727 2639 782 subvertantur
2674 740 2729 784 et
2772 729 3044 795 decidunt,
3073 738 3131 786 et
3169 730 3237 786 de
3285 731 3445 786 rebus
3476 730 3722 785 maximis

2139 819 2430 888 periculum
2461 834 2604 890 strpe
2645 831 2824 876 creant
2871 821 2995 887 sibi,
3042 825 3129 893 qui
3171 824 3259 877 illa
3304 822 3596 893 possident.
3627 822 3720 878 illa

2135 912 2278 967 enim
2313 928 2603 983 numquam
2657 922 2787 969 sunt
2828 914 2980 969 ﬁrma
3032 929 3096 969 ac
3141 915 3372 980 stabilia,
3424 929 3714 985 numquam

2135 1011 2259 1058 sunt
2281 1003 2590 1067 immobilia,
2623 1004 2720 1060 sed
2749 1019 2962 1076 semper
2989 1014 3279 1070 mutantur,
3306 1004 3714 1070 transferuntur,

2134 1105 2188 1150 et
2226 1096 2393 1166 magis
2436 1112 2593 1165 quam
2622 1095 2813 1152 ﬂuctus
2857 1097 3251 1168 perturbantur,
3284 1113 3439 1166 quam
3480 1096 3718 1152 ﬂuviales

2136 1185 2292 1242 undae
2336 1186 2491 1241 citius
2537 1196 2830 1255 transeunt,
2859 1203 2924 1243 ac
2949 1188 3136 1259 quavis
3175 1204 3334 1243 arena
3375 1187 3715 1263 imbecilliora

2133 1287 2276 1343 sunt,
2304 1288 2356 1334 et
2387 1281 2554 1351 magis
2570 1281 2855 1352 perﬁuunt.
2874 1281 2927 1336 4.
2957 1281 3090 1334 Ecce
3109 1298 3208 1335 non
3234 1280 3542 1347 dormitabit,
3560 1296 3715 1351 neque

2133 1371 2347 1424 dormiet
2375 1372 2457 1442 qui
2481 1374 2695 1427 custodit
2723 1371 2910 1428 Israel.
2941 1371 2994 1427 Si
3020 1383 3087 1437 te,
3125 1373 3311 1444 inquit,
3345 1374 3417 1428 ita
3441 1389 3716 1446 compara-

2131 1465 2295 1527 veris,
2327 1464 2448 1518 Non
2475 1465 2783 1528 domitabit,
2831 1483 2988 1536 neque
3031 1467 3265 1534 dormiet,
3315 1467 3418 1522 hoc
3460 1477 3564 1532 est,
3609 1484 3712 1522 non

2131 1553 2483 1626 derelinquat,
2514 1571 2618 1610 non
2647 1558 2805 1624 sinet,
2838 1575 2940 1611 nun
2969 1557 3201 1613 dimittet
3227 1558 3425 1614 nudum
3451 1567 3506 1613 et
3528 1559 3713 1615 deser-

2135 1657 2264 1700 tum.
2301 1647 2411 1703 Hoc
2436 1659 2616 1703 autem
2648 1649 2835 1704 volens
2873 1649 3228 1716 subindicarc,
3257 1666 3366 1706 non
3394 1651 3490 1706 abs
3516 1665 3576 1706 re
3617 1665 3714 1720 po-

2132 1740 2238 1793 suit
2268 1739 2414 1805 illud,
2464 1741 2563 1808 Qui
2607 1741 2823 1797 custodit
2869 1741 3055 1796 Israel.
3086 1743 3196 1798 Hoc
3225 1751 3308 1798 est
3352 1751 3530 1798 autem
3571 1743 3713 1812 quod

2132 1831 2262 1886 dicit
2295 1851 2309 1886 :
2338 1831 2394 1886 Si
2422 1830 2524 1887 hoc
2551 1841 2634 1888 est.
2669 1832 2786 1903 ejus
2813 1841 3126 1904 perpetuum
3152 1849 3364 1902 munus,
3387 1842 3445 1888 ut
3469 1842 3546 1888 tot
3565 1843 3713 1889 retto

2129 1935 2254 1981 ante
2279 1925 2411 1981 actis
2435 1925 2664 1990 smculis,
2693 1934 2748 1982 et
2773 1942 2802 1981 a
2835 1926 2939 1980 tuis
2965 1926 3254 1996 majoribus
3282 1937 3332 1982 te
3361 1927 3413 1982 in
3447 1937 3560 1982 tuto
3588 1929 3672 1982 col
3695 1959 3708 1968 -

2134 2018 2290 2082 locet,
2319 2033 2350 2072 a
2379 2031 2476 2073 suo
2502 2031 2608 2072 non
2639 2016 2878 2072 discedet
2901 2017 3100 2083 oflicio,
3123 2027 3177 2072 et
3201 2016 3251 2072 id
3277 2017 3421 2087 quod
3437 2019 3714 2074 consuevit

2131 2109 2308 2164 facere
2353 2125 2460 2165 non
2488 2109 2722 2175 deseret,
2750 2108 2851 2162 nisi
2880 2117 2935 2163 tu
2979 2108 3190 2164 dederis
3219 2109 3273 2163 in
3299 2109 3709 2165 commotionem

2128 2201 2320 2270 pedem
2366 2210 2534 2257 tuum.
2565 2201 2748 2271 Neque
2773 2215 2904 2256 vero
2929 2201 3101 2256 solum
3131 2216 3236 2255 non
3265 2200 3494 2267 deseret,
3525 2201 3618 2255 sed
3657 2210 3710 2255 te

2129 2296 2289 2350 etiam
2317 2310 2437 2352 cum
2465 2309 2653 2365 magna
2675 2294 2959 2350 securitate
2975 2291 3246 2348 defendet:
3265 2292 3331 2346 Et
3349 2291 3470 2348 ideo
3485 2292 3707 2362 subjun-

2127 2387 2204 2458 git
2230 2387 2412 2444 dicens
2437 2409 2450 2444 :
2477 2389 2531 2442 4.
2562 2387 2812 2442 Dominus
2841 2387 3054 2441 custodit
3081 2396 3162 2451 te;
3197 2385 3442 2440 Dominus
3471 2385 3708 2458 protectio

2127 2490 2214 2534 tua
2242 2497 2393 2551 super
2417 2497 2620 2534 manum
2650 2480 2906 2534 dexteram
2935 2490 3092 2532 tuam.
3125 2480 3274 2533 Alius
3302 2479 3374 2550 (a)
3405 2489 3580 2534 autem
3612 2480 3704 2540 ait.

2127 2572 2208 2626 Ad
2231 2589 2438 2626 manum
2461 2572 2717 2627 dexteram
2739 2581 2896 2626 tuam.
2922 2571 3058 2635 Erit,
3085 2571 3268 2642 inquit,
3294 2571 3542 2626 defensor
3565 2581 3704 2637 tuus,

2126 2664 2357 2735 adjutor,
2380 2664 2683 2719 auxiliator.
2709 2663 2873 2719 Vides
2892 2663 3160 2734 quomodo
3181 2663 3266 2718 hic
3292 2679 3500 2734 quoque
3527 2672 3577 2718 te
3596 2664 3712 2718 vult

2126 2755 2179 2810 itt
2223 2771 2387 2826 opere
2433 2756 2715 2811 exerceri?
2741 2755 2788 2809 A
2833 2755 3142 2824 metaphora
3185 2765 3361 2810 autem
3393 2770 3576 2808 eorum
3618 2756 3710 2825 qui

2125 2857 2269 2902 stant
2291 2849 2344 2902 in
2369 2848 2505 2912 acie,
2534 2845 2694 2902 stabit
2721 2846 2790 2902 ad
2817 2862 3030 2900 manum
3061 2856 3200 2900 tuam
3227 2846 3523 2914 dexteram,
3550 2855 3610 2900 ut
3635 2847 3710 2902 sis

2125 2939 2570 3011 inexpugnabilis,
2615 2947 2674 2995 ut
2715 2939 2892 3010 gravis
2931 2953 2994 2992 ac
3039 2946 3306 3002 strenuus,
3353 2949 3411 2992 ut
3437 2938 3619 2994 valens
3644 2925 3710 2994 et

2127 3042 2334 3101 potens,
2355 3040 2415 3086 ut
2442 3040 2702 3101 tropaeum
2727 3031 2922 3101 erigas,
2948 3039 3004 3086 ut
3031 3030 3228 3085 referas
3250 3028 3549 3096 victoriam,
3575 3045 3710 3100 quo-

2125 3127 2267 3179 niam
2299 3125 2385 3180 illa
2417 3135 2494 3180 est
2524 3125 2774 3188 maxime,
2818 3138 2914 3193 per
2940 3137 3099 3194 quam
3125 3122 3300 3178 omnia
3334 3122 3560 3194 agimus.
3591 3122 3722 3178 Non

2124 3217 2300 3272 Solum
2326 3215 2421 3271 tibi
2453 3217 2688 3283 assistet,
2720 3222 2774 3270 et
2799 3214 2893 3270 tibi
2917 3229 3073 3285 opem
3102 3213 3256 3281 feret,
3284 3213 3380 3269 sed
3403 3216 3564 3270 etiam
3586 3229 3709 3284 pro-

2127 3317 2288 3379 teget.
2335 3307 2534 3364 lterum
2565 3307 2708 3376 dico,
2737 3322 2834 3378 per
2871 3321 2934 3362 ea
2979 3321 3100 3377 quae
3142 3316 3267 3361 sunt
3293 3305 3432 3376 apud
3463 3321 3582 3372 nos,
3613 3306 3707 3361 Dei

2124 3399 2380 3454 auxilium
2411 3401 2659 3471 exprimit
2692 3419 2706 3455 :
2735 3408 2790 3454 et
2831 3397 3081 3454 omnibus
3131 3398 3367 3453 numeris
3409 3398 3704 3454 absolutam

2043 3537 2046 3545 ,
2125 3492 2443 3558 custodiam,
2494 3500 2550 3548 et
2603 3493 2836 3547 maxime
2893 3489 3244 3560 propinquum
3275 3489 3557 3556 auxilium,
3611 3503 3707 3559 per

2125 3584 2397 3637 dexteram
2439 3591 2493 3637 et
2523 3583 2903 3652 protectionem
2931 3579 3182 3636 ostendit.
3233 3580 3286 3634 6.
3318 3579 3423 3634 Per
3467 3579 3600 3634 diem
3628 3579 3707 3634 sol

2126 3693 2225 3729 non
2272 3684 2382 3727 uret
2429 3683 2492 3736 te,
2527 3689 2682 3739 neque
2734 3671 2854 3726 luna
2897 3687 2986 3741 per
3031 3679 3244 3724 noctem.
3278 3669 3343 3724 Et
3369 3668 3473 3724 hoc
3510 3669 3704 3724 factum

2125 3777 2208 3825 est
2233 3768 2248 3798 ¹
2280 3766 2492 3838 quando
2519 3765 2719 3836 egressi
2750 3772 2874 3819 sunt
2901 3779 2966 3818 ex
2996 3760 3254 3833 Egypto,
3278 3768 3333 3815 et
3359 3758 3622 3830 degebant
3650 3760 3706 3812 in

2127 3861 2434 3918 solitudine.
2465 3859 2562 3916 Hic
2587 3867 2766 3914 autem
2793 3857 2923 3912 dicit
2947 3871 3191 3927 magnam
3220 3853 3582 3910 securitatem.
3611 3851 3708 3906 Est

2121 3937 2304 4009 autem
2321 3950 2632 4016 verisimile,
2656 3962 2748 4004 eos
2775 3949 2958 4014 etiam,
2985 3961 3105 4002 cum
3133 3954 3259 4000 tunc
3283 3943 3536 4010 redirent,
3566 3942 3709 4013 ejus-

2126 4045 2272 4101 modi
2303 4042 2516 4114 aliquod
2563 4041 2876 4097 miraculum
2921 4039 3084 4094 t‘uisse
3127 4047 3487 4108 consequutos
3527 4036 3708 4106 aliquo

2127 4140 2236 4194 alio
2288 4138 2468 4194 modo.
2497 4135 2698 4192 Volens
2737 4149 2864 4206 ergo
2904 4133 3052 4203 large
3077 4140 3134 4188 et
3160 4131 3379 4202 copiose
3421 4129 3708 4187 ostendere

2127 4233 2245 4301 ejus
2272 4228 2655 4301 providentiam
2697 4226 2837 4297 quod
2888 4240 2993 4280 non
3033 4224 3203 4280 solum
3233 4221 3426 4278 liberet
3459 4236 3490 4276 a
3529 4221 3705 4286 malis,

2130 4325 2238 4378 itno
2279 4339 2347 4378 ne
2374 4337 2438 4378 ea
2465 4321 2681 4392 quidem
2711 4320 2850 4375 sinat
2878 4316 3102 4388 perpeti,
3126 4331 3244 4387 quae
3270 4315 3444 4370 solent
3466 4313 3708 4370 accidere

2132 4415 2457 4480 hominibus,
2502 4413 2605 4468 hoc
2652 4411 2943 4483 subjunxit.
2978 4411 3072 4466 Est
3113 4409 3255 4464 enim
3285 4407 3401 4479 ejus
3445 4407 3628 4462 auxilii
3655 4417 3712 4462 et

2129 4509 2294 4566 eli'usa
2322 4506 2698 4578 suppeditatio,
2727 4514 2781 4560 et
2805 4518 2924 4574 qua:
2949 4501 3126 4557 verbis
3151 4499 3376 4571 exprimi
3404 4513 3511 4553 non
3533 4506 3711 4569 potest

2130 4602 2452 4674 benignitas,
2483 4616 2604 4671 qua:
2648 4615 2754 4652 non
2803 4604 2900 4668 pro
2939 4594 3100 4650 modo
3137 4603 3334 4648 nostra:
3379 4590 3710 4646 necessitatis

2132 4712 2286 4752 suum
2320 4694 2521 4766 praebet
2547 4691 2823 4756 auxilium,
2855 4689 2948 4744 sed
2978 4685 3498 4747 renumerationihus
3528 4691 3710 4739 nostra

2131 4804 2342 4859 quoque
2369 4786 2636 4858 postulata
2681 4792 2918 4854 superat.
2951 4782 3004 4836 7.
3033 4778 3284 4833 Dominus
3307 4777 3547 4831 custodiet
3577 4786 3624 4829 te
3647 4775 3709 4829 ab

2132 4884 2268 4938 omni
2294 4881 2426 4935 maio
2452 4896 2470 4934 :
2497 4877 2739 4934 custodiet
2759 4875 2978 4929 animam
2998 4882 3139 4928 tuam
3157 4869 3427 4924 Dominus.
3448 4869 3546 4935 Qui
3567 4869 3711 4926 enim

2134 4992 2200 5029 ne
2229 4974 2345 5032 base
2369 4969 2586 5042 quidem
2627 4981 2794 5038 parva
2838 4965 2965 5020 sinit
3009 4962 3107 5019 tibi
3134 4962 3326 5017 aﬁ‘erre
3370 4959 3667 5023 molestiam
3692 4998 3708 5022 ,

2133 5065 2226 5120 sed
2257 5077 2497 5133 eousque
2523 5059 2764 5117 extendit
2799 5072 2950 5113 suam
2980 5069 3162 5112 curam
3201 5062 3253 5108 et
3281 5049 3664 5121 providentiam
3689 5090 3708 5116 ,

2134 5159 2305 5214 multo
2347 5156 2517 5226 magis
2562 5152 2759 5209 efﬁciet
2799 5159 2858 5206 ut
2897 5149 2965 5204 ab
2995 5148 3112 5204 aliis
3137 5145 3425 5216 expugnari
3452 5155 3712 5213 nequeas.

2135 5248 2403 5321 Quidquid
2442 5245 2584 5302 enim
2634 5241 2836 5299 invadit
2872 5239 3084 5296 molesti
3121 5247 3175 5292 et
3203 5235 3402 5306 aSperi,
3431 5233 3571 5290 cedit
3614 5231 3711 5286 Dei

2137 5343 2286 5416 nutui
2321 5361 2334 5397 :
2366 5356 2484 5413 quae
2528 5338 2740 5409 quidem
2771 5351 2874 5390 non
2904 5334 3084 5388 insunt
3125 5331 3178 5384 in
3207 5328 3530 5384 hominibus.
3579 5324 3711 5380 Nam

2135 5437 2233 5492 etsi
2265 5449 2408 5504 saepe
2433 5432 2500 5486 ab
2533 5432 2635 5485 Itoc
2661 5427 2800 5483 malo
2825 5423 3146 5487 liberaverit,
3175 5421 3242 5475 ab
3264 5419 3369 5474 alio
3393 5432 3496 5471 non
3521 5415 3712 5495 potuit,

2136 5531 2217 5584 vel
2247 5529 2290 5582 si
2337 5526 2526 5598 potuit,
2568 5530 2714 5579 certe
2757 5519 2960 5583 noluit;
2993 5529 3175 5570 verum
3205 5513 3296 5566 Dei
3327 5506 3711 5574 manusqvalida

2205 5665 2221 5696 ι
2257 5658 2402 5712 savii.
2431 5674 2444 5709 :
2471 5663 2530 5708 Et
2551 5655 2676 5708 illud
2700 5665 2835 5705 omne
2854 5651 3047 5715 quando
3077 5648 3256 5708 factum
3289 5651 3357 5696 est
3382 5642 3405 5694 ?
3444 5645 3700 5708 interroga

2137 5731 2253 5781 tive,
2281 5737 2376 5772 non
2400 5719 2545 5771 male.

2205 5777 2275 5850 (a)
2311 5786 2421 5845 Quis
2445 5784 2508 5835 sit
2529 5781 2606 5834 ltic
2630 5781 2874 5840 interpres
2896 5777 3158 5837 Ignorant.
