4112 6342
386 373 492 430 347

387 501 442 544 et
460 487 814 558 omnipotens,
842 481 1212 555 quodcumque
1241 481 1521 542 invaserit,
1556 477 1838 549 proﬂigare
1866 488 1962 544 po-

395 582 538 647 terit,
565 589 619 635 et
645 589 696 634 te
724 579 950 632 liberare
975 575 1043 629 ab
1071 575 1335 629 omnibus.
1365 574 1417 628 8.
1453 571 1700 624 Dominus
1726 567 1969 622 custodiet

385 671 644 725 introitum
672 678 832 735 tuum,
864 677 912 722 et
937 668 1122 722 exitum
1162 675 1329 721 tuum.
1350 664 1499 718 Alius
1526 664 1788 730 interpres
1816 659 1963 722 dicit,

389 763 656 817 Accessum
697 771 836 815 tuum
878 758 974 832 (a).
1009 757 1196 813 Vidisti
1227 756 1343 826 ejus
1373 764 1684 825 perpetuum
1714 752 1965 806 auxilium

392 856 588 924 ubique
631 853 838 916 adesse,
884 851 1170 906 introeunti
1217 857 1272 903 et
1311 845 1571 902 exeunti?
1617 843 1751 910 Quid
1793 851 1963 912 potest

385 963 508 1002 cum
535 948 636 1001 hac
661 949 882 1000 caritate
906 943 1180 999 conferri?
1207 941 1328 1010 quid
1357 955 1476 994 cum
1527 937 1623 992 hac
1647 936 1926 992 clementia
1942 935 1971 988 ?-

386 1041 484 1096 llic
521 1040 731 1110 quidem
789 1045 934 1092 certe
978 1050 1190 1090 omnem
1236 1034 1397 1087 vitam
1445 1029 1704 1100 signiﬁcat
1736 1049 1748 1085 :
1785 1029 1838 1082 in
1885 1028 1965 1080 his

385 1132 529 1188 enim
573 1133 678 1184 vita
720 1130 964 1184 universa
1009 1126 1270 1190 consistit,
1303 1139 1495 1193 nempe
1537 1122 1590 1176 in
1628 1121 1869 1190 ingressu
1912 1127 1968 1172 et

385 1225 551 1278 exitu.
599 1223 669 1276 Et
718 1231 777 1276 ut
822 1221 873 1275 id
921 1220 1154 1288 apertius
1197 1217 1497 1287 signiﬁcet,
1541 1211 1967 1282 subjunxittEx

390 1315 486 1367 hoc
511 1330 643 1368 nunc
677 1323 724 1367 et
763 1328 918 1380 usque
952 1312 1005 1366 in
1041 1311 1299 1365 saxulum.
1346 1308 1462 1363 Non
1504 1321 1627 1371 uno,
1659 1305 1846 1376 inquit,
1875 1313 1966 1359 aut

389 1403 618 1470 duobus,
662 1411 751 1457 aut
779 1401 964 1464 tribus,
995 1410 1086 1456 aut
1125 1400 1310 1455 decem
1330 1441 1345 1466 ,
1372 1406 1464 1454 aut
1491 1397 1691 1466 viginti,
1721 1405 1812 1450 aut
1835 1409 1959 1450 cen-

388 1503 502 1548 tum
549 1493 760 1559 diebns,
789 1492 883 1549 sed
915 1502 1208 1562 perpetuo:
1238 1489 1378 1561 quod
1422 1489 1634 1560 quidem
1683 1503 1786 1541 non
1829 1488 1966 1544 inest

384 1584 726 1646 hominibus;
758 1585 851 1640 sed
892 1586 1070 1639 multa:
1111 1593 1232 1637 sunt
1276 1582 1610 1645 mutationes,
1657 1580 1964 1650 frequentes

387 1691 566 1744 casus,
594 1686 649 1732 et
685 1678 948 1731 continuae
976 1675 1361 1730 vicissitudines
1393 1695 1405 1729 :
1435 1675 1525 1744 qui
1552 1673 1707 1728 hodie
1735 1672 1960 1738 amicus,

383 1781 503 1821 cras
524 1766 768 1822 inimicus
783 1777 866 1822 est
888 1783 902 1823 :
929 1768 1016 1837 qui
1036 1765 1192 1820 hodie
1213 1764 1314 1819 fert
1335 1779 1512 1834 opem,
1533 1779 1651 1819 cras
1672 1773 1724 1818 te
1743 1763 1966 1821 deserit.

385 1857 540 1926 Smpe
563 1862 737 1912 autem
777 1873 886 1912 non
912 1857 1082 1912 solum
1109 1857 1326 1920 deserit,
1366 1855 1462 1911 sed
1492 1855 1653 1910 etiam
1672 1862 1960 1923 oppugnat,

382 1956 437 2003 et
462 1948 738 2002 insidiatur
762 1949 947 2018 quovis
975 1948 1128 2003 hoste
1150 1948 1360 2018 gravius
1393 1965 1406 2000 :
1435 1946 1528 2001 sed
1555 1961 1674 2014 qua:
1698 1945 1790 1999 Dei
1818 1953 1962 2010 sunt,

382 2046 599 2092 manent
640 2037 946 2101 immobilia,
1001 2045 1278 2109 perpetua,
1320 2035 1658 2097 immortalia,
1710 2034 1916 2088 stabilia
1943 2076 1959 2101 ,

383 2127 489 2182 ﬁne
511 2129 764 2182 carentia.
800 2128 864 2182 Ut
892 2143 952 2182 ea
982 2143 1108 2198 ergo
1132 2143 1498 2196 assequamur,
1527 2137 1706 2181 nostra
1751 2141 1961 2196 quoque

381 2218 682 2282 alferamus,
728 2227 785 2273 ut
829 2235 1016 2288 magna
1069 2221 1351 2278 securitate
1400 2219 1656 2285 fruamur,
1711 2225 1766 2272 et
1823 2217 1963 2272 bona

317 2307 320 2311 ’
381 2309 558 2362 futura
605 2308 957 2380 adipiscamur
995 2311 1046 2364 in
1073 2309 1286 2366 Christo
1308 2309 1432 2365 Jesu
1487 2310 1711 2370 Domino
1738 2317 1920 2368 nostro
1942 2349 1959 2374 ,

383 2399 466 2452 cui
507 2398 674 2470 gloria
695 2399 747 2453 in
784 2400 976 2455 saecula
997 2401 1330 2455 szcculorum.
1362 2402 1554 2459 Amen.

856 2550 923 2604 IN
951 2550 1074 2610 PSA
1083 2551 1274 2606 LMUM
1301 2551 1490 2607 CXXI.

384 2681 437 2736 1.
470 2680 692 2738 Lctatus
741 2697 851 2736 sum
877 2683 931 2737 in
959 2684 1022 2738 iis
1041 2723 1056 2746 ,
1085 2685 1175 2754 qui
1209 2684 1443 2738 dixerunt
1464 2685 1587 2738 milii
1610 2726 1632 2753 λ
1665 2685 1718 2739 in
1753 2685 1963 2740 domum

955 2772 1164 2832 Domini
1207 2775 1409 2829 ibimus.

451 2927 504 2981 1.
531 2927 601 2982 At
645 2943 784 2983 nunc
828 2929 977 2984 multi
1007 2929 1226 2984 verbum
1253 2945 1394 3001 aegre
1432 2929 1644 2987 ierunt:
1676 2939 1731 2989 et
1766 2933 1811 2988 si
1843 2933 1961 3002 quis

384 3021 452 3079 ad
477 3021 677 3077 circum
696 3059 716 3089 ,
745 3023 828 3077 vel
851 3022 920 3077 ad
947 3022 1150 3077 theatra
1178 3023 1466 3093 iniquitatis
1486 3025 1780 3081 ascendens
1799 3042 1959 3081 voca-

381 3113 554 3177 verit,
579 3112 727 3167 multi
753 3122 1075 3167 concurrunt
1099 3130 1111 3165 :
1139 3114 1235 3168 sed
1260 3114 1303 3168 si
1332 3113 1398 3168 ad
1421 3114 1638 3169 domum
1665 3117 1920 3171 orationis
1940 3156 1956 3181 ,

377 3203 531 3271 pauci
551 3211 708 3270 sunt,
751 3203 841 3273 qui
868 3219 971 3258 non
1022 3213 1353 3260 cunctentur.
1384 3205 1452 3259 At
1477 3221 1581 3260 non
1627 3207 1705 3261 sic
1746 3206 1911 3260 Judaei
1941 3227 1957 3259 :

381 3308 488 3362 quo
514 3293 637 3364 quid
669 3295 834 3362 possit
861 3309 980 3348 esse
1005 3295 1220 3364 gravius
1244 3335 1258 3358 ,
1289 3295 1501 3364 quando
1529 3297 1632 3350 illis
1683 3297 1958 3367 negligen-

381 3384 546 3446 tiores
573 3394 861 3442 cernuntur
883 3383 1207 3444 Christiani?
1247 3384 1519 3440 Undenam
1549 3395 1726 3440 autem
1759 3385 1954 3443 factum

379 3483 491 3538 eet,
520 3483 578 3528 ut
601 3473 636 3527 ii
657 3483 836 3528 essent
856 3475 1022 3530 tales?
1049 3476 1249 3530 Rursus
1271 3476 1392 3530 dico
1416 3494 1428 3529 :
1451 3491 1482 3533 a
1503 3477 1809 3547 captivitate
1835 3477 1960 3532 facti

380 3572 506 3617 sunt
528 3563 798 3618 meliores.
831 3563 964 3618 llinc
991 3565 1026 3618 ii
1057 3565 1144 3634 qui
1169 3572 1322 3619 antea
1355 3567 1681 3622 nauseabant
1701 3609 1716 3632 ,
1740 3578 1794 3623 et
1819 3577 1957 3622 tem-

381 3653 529 3726 plum
557 3653 768 3723 quidem
790 3696 806 3720 ,
835 3653 1239 3722 divinorumque
1268 3655 1599 3726 eloquiorum
1632 3658 1955 3712 auditionem

380 3746 744 3816 dimittebant,
769 3747 973 3816 seipsos
998 3757 1172 3802 autem
1195 3749 1461 3803 nmntibus
1479 3790 1494 3816 ,
1518 3749 1740 3804 saltibus
1762 3790 1775 3814 ,
1800 3750 1954 3809 colli-

380 3837 479 3892 bus
497 3879 514 3902 ,
543 3847 596 3893 et
625 3837 864 3909 plurima:
895 3837 1147 3915 impietati
1195 3838 1491 3904 dedebant,
1523 3840 1592 3894 ab
1621 3841 1759 3896 illius
1782 3843 1954 3898 cultus

381 3926 645 3988 desiderio
667 3936 970 3995 cessarunt,
1003 3937 1057 3983 et
1083 3930 1149 3984 ad
1177 3929 1312 3984 hanc
1343 3931 1744 3998 promissionem
1774 3932 1956 3988 incen-

380 4019 612 4085 duntur,
643 4022 915 4090 eriguntur
939 4063 953 4089 ,
987 4022 1322 4086 consistunt,
1369 4031 1422 4077 et
1466 4023 1644 4078 animo
1689 4024 1951 4078 lmtantur.

379 4111 636 4178 Quoniam
671 4112 812 4168 enim
833 4111 972 4168 fame
1001 4121 1055 4167 et
1097 4113 1183 4172 siti
1223 4114 1628 4178 laboraverant,
1669 4130 1771 4170 non
1815 4113 1956 4172 fame

379 4205 559 4273 panis,
585 4213 637 4259 et
657 4204 740 4259 siti
762 4220 912 4274 aqua:
931 4247 946 4270 ,
969 4205 1060 4259 sed
1081 4205 1328 4260 audiendi
1354 4207 1498 4262 verbi
1523 4208 1724 4264 Domini
1750 4209 1953 4281 (Amos.

381 4295 434 4350 8.
457 4298 517 4351 ll
539 4295 558 4368 )
583 4315 596 4350 :
628 4296 730 4351 hoc
756 4298 1014 4366 supplicio
1035 4299 1269 4367 castigati
1291 4339 1304 4362 ,
1329 4314 1448 4352 cum
1477 4301 1665 4367 majori
1690 4300 1955 4356 desiderio

381 4402 442 4445 ea
473 4388 747 4457 requirtmt
771 4401 800 4440 a
821 4388 1009 4456 quibus
1035 4389 1360 4444 exciderant.
1389 4390 1458 4448 Ita
1481 4392 1638 4446 etiam
1668 4393 1750 4447 vel
1780 4393 1954 4463 ipsum

380 4478 551 4534 solum
595 4477 1081 4545 amplectebantur,
1129 4479 1402 4544 dicentes,
1449 4479 1760 4536 Placuerunt
1802 4484 1955 4538 servis

381 4569 478 4622 tuis
499 4567 697 4632 lapides,
714 4569 822 4638 ejus
844 4609 859 4632 ,
884 4577 929 4621 et
956 4577 1100 4622 terra:
1113 4570 1225 4639 ejus
1248 4571 1609 4631 miserebantur
1631 4572 1649 4639 (
1660 4571 1801 4626 Psal.
1830 4573 1952 4627 101.

382 4658 450 4712 15
473 4657 495 4730 )
528 4675 543 4725 ;
571 4667 625 4713 et
663 4674 846 4713 rursus
871 4700 884 4722 ,
921 4659 1134 4726 Quando
1164 4662 1355 4714 veniam
1379 4671 1424 4713 et
1452 4662 1702 4732 apparebo
1731 4673 1846 4718 ante
1870 4665 1954 4733 [a-

381 4749 507 4802 ciem
528 4747 624 4802 Dei
645 4749 664 4818 (
683 4748 823 4803 Psal.
853 4750 939 4804 41.
965 4751 1018 4806 5.
1046 4761 1093 4803 et
1119 4751 1171 4804 7.
1193 4760 1241 4804 et
1265 4751 1316 4805 5.
1337 4751 1354 4818 )
1375 4751 1404 4804 ?-
1423 4761 1476 4805 et
1507 4767 1691 4806 rursus
1714 4792 1729 4815 ,
1763 4751 1953 4807 Recor-

381 4841 538 4894 dabar
560 4841 634 4896 tui
656 4842 719 4896 de
739 4851 870 4896 terra
891 4841 1133 4896 Iordanis
1152 4851 1196 4895 et
1229 4842 1539 4897 Hermoniim
1560 4861 1594 4897 a
1613 4855 1776 4898 monte
1797 4846 1957 4899 modi-

380 4946 474 4995 co;
498 4941 550 4986 et
570 4946 756 4986 rursus
777 4974 792 4998 ,
816 4931 944 4987 Haec
966 4934 1167 4986 memini
1187 4975 1201 4997 ,
1225 4945 1269 4988 et
1291 4933 1446 5000 elfudi
1466 4952 1617 5005 super
1637 4953 1713 4988 me
1737 4937 1958 4990 animam

379 5039 561 5101 meam.
595 5023 854 5091 Quidnam
885 5033 1059 5078 autem
1081 5066 1094 5087 ,
1124 5025 1208 5081 dic
1253 5025 1415 5090 mihi,
1461 5026 1784 5084 meministi?
1815 5027 1954 5092 Quo-

379 5113 516 5166 niam
542 5113 762 5174 transibo
782 5113 834 5166 in
861 5114 1025 5169 locant
1055 5116 1360 5172 tabernaculi
1381 5115 1692 5170 admirabilis
1713 5134 1866 5186 usque
1890 5120 1958 5176 ad

380 5205 585 5260 domum
609 5205 702 5261 Dei
728 5205 745 5277 (
769 5205 913 5260 Psal.
941 5208 1030 5262 4|.
1063 5207 1152 5277 5)..
1185 5209 1293 5262 lloc
1320 5219 1432 5273 est,
1458 5208 1592 5274 Quia
1629 5212 1868 5265 transibo.
1890 5212 1956 5266 ad

379 5295 602 5352 choreas
626 5312 690 5352 ac
710 5312 926 5367 magnos
946 5306 1234 5352 conventus
1257 5338 1274 5365 ,
1306 5307 1360 5352 et
1387 5299 1531 5354 illum
1565 5299 1653 5354 Dei
1678 5301 1872 5354 cultum
1896 5316 1958 5355 ac

379 5388 728 5442 ceremonias.
751 5388 806 5442 2.
833 5388 1038 5444 Stantes
1065 5397 1205 5442 erant
1232 5390 1381 5460 pedes
1407 5391 1564 5443 nostri
1588 5391 1641 5444 in
1663 5391 1806 5444 atriis
1835 5391 1953 5455 tuis,

377 5479 679 5535 Jerusalem.
693 5481 857 5546 Alius,
879 5480 1099 5536 Ltutatus
1117 5499 1231 5536 sum
1248 5499 1358 5534 cum
1375 5482 1595 5535 dicerent
1614 5483 1757 5548 mihi,
1781 5483 1848 5537 In
1869 5484 1960 5538 do—

379 5587 518 5625 mum
549 5572 751 5626 Domini
781 5574 1019 5628 uenimus.
1052 5574 1306 5628 Steterunt
1346 5575 1495 5644 pedes
1524 5577 1680 5631 nostri
1718 5577 1772 5629 in
1817 5577 1959 5630 atriis

381 5666 514 5730 mis,
545 5663 845 5720 Jerusalem.
878 5665 1065 5720 Vidisti
1102 5666 1360 5736 insignem
1389 5665 1751 5736 voluptatem?
1777 5667 1960 5726 Perin-

449 5778 523 5840 (a)
553 5776 701 5842 Cujus
722 5779 785 5829 sit
806 5777 911 5828 haec
932 5776 1269 5839 interpretatio
1291 5780 1546 5835 uescitur-

1061 367 1118 424 S.
1157 364 1433 422 JOANNIS
1461 357 1931 418 CHRYSOSTOMI
1971 355 2285 415 ARCHIEP.
2329 358 2858 418 CONSTANTINOP.

3553 367 3666 423 358\

2076 474 2143 530 de
2167 491 2229 530 ac
2255 477 2298 532 si
2321 479 2478 535 rebus
2499 481 2627 550 ipsis
2650 479 2953 537 fruerentur
2973 525 2990 546 ,
3010 483 3091 538 vel
3113 482 3185 537 ad
3205 483 3316 552 ipsa
3337 482 3497 538 verba
3523 497 3656 554 gan.

2071 568 2268 624 debant
2286 613 2300 636 ,
2347 587 2539 642 magno
2563 573 2830 631 desiderio
2865 576 3246 645 amplectentes
3273 575 3531 630 orationis
3556 576 3657 632 do-

2072 680 2217 719 mum
2245 676 2298 720 et
2325 667 2612 722 civitatem.

2145 755 2369 811 Privatio
2399 758 2641 813 bonorum
2683 776 2884 815 sensum
2919 775 3093 815 eorum
3141 760 3298 830 efﬁcit
3339 777 3488 830 quem
3535 776 3664 815 usus

2072 851 2265 921 fructus
2304 867 2404 903 non
2430 851 2683 920 efﬁciebat.
2715 882 2788 892 —
2817 851 2889 905 Ita
2917 853 3056 906 Deus
3083 867 3298 921 semper
3327 853 3500 907 facere
3527 867 3654 907 con-

2070 941 2260 995 suevit.
2304 941 2528 1008 Quando
2573 943 2714 996 enim
2745 943 2884 998 bona
2928 943 3183 998 habentes
3223 958 3326 996 non
3357 942 3654 1005 sentimus,

2069 1033 2213 1100 ejicit
2254 1049 2316 1087 ea
2344 1049 2375 1089 e
2405 1035 2598 1089 nostris
2632 1035 2906 1100 manibus,
2941 1044 2994 1088 ut
3041 1034 3089 1088 id
3120 1037 3260 1105 quod
3300 1035 3516 1090 efﬁcere
3545 1049 3650 1089 non

2071 1126 2240 1193 potuit
2259 1141 2389 1180 usus
2409 1125 2637 1191 fructus,
2667 1126 2861 1181 efﬁciat
2885 1126 3146 1196 privatio:
3175 1126 3316 1195 quod
3343 1127 3470 1196 ipsis
3492 1127 3663 1181 etiam

2070 1217 2248 1270 evenit
2297 1215 2740 1286 amplectantibus
2789 1217 3089 1280 civitatem,
3144 1226 3304 1286 atque
3355 1215 3646 1286 templum,

2067 1309 2207 1377 quod
2255 1311 2474 1378 patriam
2504 1309 2834 1379 recepissent
2865 1324 3084 1378 magnas
3124 1311 3324 1380 gratias
3348 1310 3645 1380 agentibus.

2069 1402 2123 1457 5.
2152 1399 2436 1456 Jerusalem
2463 1417 2576 1472 qua:
2603 1401 2888 1470 aediﬁcatur
2916 1410 2970 1454 ut
2997 1401 3189 1455 ciuitas.
3235 1401 3414 1465 Alius,
3448 1399 3648 1472 (Ediﬁ-

2068 1501 2233 1546 catam
2262 1501 2317 1545 ut
2341 1491 2609 1547 civitatem.
2639 1491 2736 1546 Vel
2767 1506 2896 1562 ergo
2920 1507 2986 1546 ex
3017 1491 3357 1562 Septuaginta
3387 1491 3648 1547 sententia

2069 1581 2172 1636 hoc
2198 1581 2296 1636 sibi
2324 1581 2468 1646 vult,
2492 1580 2864 1641 Ediﬁcabitur
2886 1581 3178 1636 Jerusalem
3210 1589 3269 1634 ut
3295 1581 3482 1636 civitas
3501 1620 3516 1646 ,
3542 1597 3650 1652 quo

2067 1674 2393 1745 signiﬁcatur
2414 1684 2621 1745 tempus
2643 1673 2785 1745 quod
2808 1675 3079 1744 praecessit
3097 1674 3498 1730 aediﬁcationem
3522 1689 3537 1738 ;
3564 1673 3656 1728 vela

2067 1773 2125 1819 ut
2155 1766 2268 1819 vult
2293 1765 2430 1820 alius
2454 1767 2753 1836 interpres:
2785 1766 3104 1836 Recepimus
3128 1765 3422 1822 Jerusalem
3444 1806 3460 1831 ,
3491 1763 3649 1818 Edit-

2067 1857 2270 1924 ﬁcatam
2295 1867 2348 1910 ut
2378 1858 2626 1911 civitatem
2645 1899 2660 1923 ,
2686 1873 2806 1928 quis
2829 1858 3128 1929 signiﬁcant
3147 1874 3206 1913 ea
3237 1872 3356 1929 qua:
3382 1867 3503 1928 post
3523 1873 3652 1929 capt-~

2069 1947 2325 2002 tivitatem
2345 1948 2672 2004 acciderunt.
2703 1949 2836 2016 Quia
2861 1949 3000 2004 enim
3025 1958 3149 2004 tunc
3170 1958 3285 2004 erat
3305 1950 3530 2020 maxima
3559 1963 3650 2005 so-

2067 2039 2234 2094 litudo
2254 2040 2480 2094 civitatis
2499 2081 2513 2105 ,
2536 2049 2752 2111 eratque
2782 2049 2906 2096 tunc
2931 2055 3113 2096 eversa
3136 2057 3153 2105 ;,
3176 2040 3364 2096 dirutis
3393 2040 3645 2104 turribus,

2067 2141 2120 2186 et
2158 2133 2392 2202 disjectis
2420 2133 2717 2200 moenibus,
2745 2142 2799 2189 et
2824 2133 3020 2188 veteris
3050 2133 3232 2204 patria:
3261 2133 3430 2187 solum
3459 2148 3646 2188 mane-

2066 2224 2193 2279 bant
2224 2225 2498 2295 reliquiae:
2526 2239 2648 2280 cum
2675 2225 2874 2279 reversi
2902 2235 3080 2279 essent
3102 2233 3156 2278 et
3180 2224 3430 2278 vidissent
3461 2223 3648 2279 solitu-

2065 2314 2241 2369 dinem
2265 2357 2280 2379 ,
2313 2315 2583 2386 antiquam
2613 2316 3014 2385 prosperitatem
3055 2323 3305 2369 revocant
3347 2314 3400 2369 in
3441 2329 3645 2369 memo-

2068 2409 2198 2462 riam
2224 2449 2239 2473 ,
2268 2418 2320 2463 et
2346 2408 2464 2478 ejus
2489 2417 2706 2463 narrant
2730 2406 2999 2472 encomia,
3029 2406 3319 2463 referentes
3339 2449 3354 2474 ,
3381 2405 3656 2476 quomodo

2066 2515 2127 2556 ea
2159 2501 2302 2568 prius
2332 2501 2470 2556 clara
2510 2509 2566 2559 et
2601 2500 2854 2567 illustris,
2897 2515 3014 2571 quae
3057 2499 3285 2556 habebat
3325 2499 3641 2564 ecclesiam,

2066 2593 2330 2664 principes
2350 2635 2364 2658 ,
2388 2609 2560 2664 reges,
2584 2602 2638 2648 et
2669 2592 2962 2662 pontifices,
2983 2599 3200 2662 eratque
3223 2590 3572 2660 pulcherrima
3593 2599 3647 2644 et

2067 2687 2222 2756 longe
2248 2687 2585 2742 ornatissima
2610 2727 2626 2750 ,
2657 2685 2723 2740 ad
2753 2695 2861 2739 tam
2889 2693 3095 2754 turpem
3125 2692 3180 2738 et
3206 2682 3497 2737 deformem
3525 2695 3654 2752 spe-.

2064 2778 2199 2833 ciem
2228 2778 2438 2832 redacta
2469 2778 2556 2831 sit.
2587 2777 2738 2844 Quod
2766 2786 2940 2832 autem
2972 2777 3043 2830 ita
3084 2777 3191 2841 sit,
3233 2773 3354 2828 audi
3397 2789 3517 2844 qua:
3555 2788 3645 2829 sc-

2063 2879 2295 2939 quuntur
2333 2887 2348 2923 :
2387 2868 2673 2922 Jerusalem
2703 2883 2817 2936 quat
2853 2865 3135 2935 ludiﬁcatur
3157 2874 3215 2919 ut
3261 2865 3453 2918 ciuitas.
3497 2864 3644 2920 Tunc

2063 2962 2206 3018 enim
2239 2961 2472 3016 nondum
2503 2967 2618 3016 erat
2637 2959 2840 3015 civitas.
2858 2959 3070 3016 Clarum
3093 2966 3175 3012 est
3191 2964 3369 3010 autem
3383 2957 3544 3011 etiam
3569 2971 3638 3010 ex

2064 3069 2130 3111 eo
2159 3051 2299 3122 quod
2334 3051 2632 3121 subjungit:
2657 3049 2812 3120 Cujus
2847 3049 3165 3120 participatio
3196 3046 3640 3118 ejus'inidipsum.

2066 3145 2196 3200 Dicit
2229 3145 2369 3199 enim
2400 3143 2515 3212 ejus
2533 3141 2826 3211 frequentia
2853 3149 2906 3195 et
2935 3148 3044 3193 tuta
3063 3138 3304 3201 aediﬁcia,
3327 3137 3562 3206 nihilque
3590 3137 3640 3190 in

2063 3251 2124 3292 ea
2143 3235 2308 3291 fuisse
2333 3235 2627 3299 desertum,
2645 3231 2738 3287 sed
2765 3231 2908 3285 omni
2925 3246 2992 3289 ex
3007 3238 3153 3298 parte
3171 3228 3409 3289 densam,
3437 3227 3638 3295 perfec-

2064 3336 2169 3382 tam
2199 3336 2254 3382 et
2298 3325 2606 3395 populosam
2653 3323 2811 3377 fuisse
2853 3331 2976 3375 ante
3008 3320 3389 3388 captivitatem.
3414 3317 3484 3372 Et
3523 3315 3642 3370 ideo

2062 3419 2273 3490 quidam
2305 3420 2566 3487 interpres
2593 3417 2666 3487 (a)
2703 3415 2864 3483 dicit,
2895 3413 2997 3468 hoc
3038 3412 3374 3482 signiﬁcans,
3413 3409 3644 3478 Coniun-

2062 3513 2277 3571 ctionem
2305 3511 2510 3566 habens.
2546 3509 2746 3565 Deinde
2786 3517 2905 3577 post
2925 3505 3073 3569 illud,
3105 3505 3245 3558 aliud
3274 3518 3484 3574 quoque
3512 3502 3637 3557 dicit

2061 3605 2176 3670 ejus
2189 3603 2507 3658 encomium.
2521 3603 2574 3656 4.
2598 3599 2734 3656 Illuc
2761 3601 2896 3654 enim
2917 3597 3245 3652 ascenderunt
3269 3597 3444 3663 tribus,
3467 3597 3622 3649 tribus

2064 3695 2292 3760 Domini,
2340 3693 2674 3749 testimonium
2733 3691 2898 3746 Israel
2949 3691 3017 3745 ad
3061 3689 3403 3758 conﬁtendum
3451 3689 3648 3744 nomini.

2061 3785 2289 3846 Domini.
2311 3786 2424 3841 lloc
2443 3787 2582 3842 enim
2605 3786 2834 3840 maxime
2855 3785 3140 3839 ornabatur
3162 3784 3380 3846 civitas;
3405 3797 3508 3834 non
3533 3791 3636 3834 tam

2065 3888 2280 3948 prepter
2303 3877 2719 3948 magnitudinem
2742 3885 2798 3932 et
2820 3875 3040 3930 aediﬁcia
3061 3916 3075 3941 ,
3103 3889 3260 3943 quam
3285 3871 3424 3943 quod
3452 3886 3651 3932 omnes.

2061 3972 2168 4026 illic
2187 3969 2658 4042 congregabantur,
2681 3984 2776 4024 ceu
2803 3977 3019 4025 senatus
3045 3967 3330 4022 haberetur
3346 4007 3360 4031 ,
3385 3981 3480 4022 seu
3505 3981 3637 4022 con-

2059 4063 2170 4126 cio,
2223 4077 2317 4118 sen
2359 4059 2426 4117 de
2453 4076 2514 4115 re
2539 4061 2712 4132 aliqua
2750 4055 3152 4116 deliberaretur.
3195 4058 3455 4124 Quoniam
3496 4058 3650 4117 enim,

2061 4155 2168 4210 illic
2195 4163 2311 4210 erat
2339 4153 2590 4224 templum
2613 4195 2627 4217 ,
2649 4160 2705 4207 et
2743 4166 2930 4206 omnes
2959 4152 3068 4205 illic
3095 4150 3479 4220 peragebantur
3507 4150 3640 4203 ritus

2060 4261 2124 4300 ac
2149 4247 2500 4308 ceremoniat;
2533 4244 2638 4299 illic
2663 4252 2817 4298 erant
2844 4241 3146 4296 sacerdotes
3165 4281 3180 4306 ,
3209 4249 3262 4294 et
3291 4240 3490 4294 Levita:
3509 4281 3521 4303 ,
3554 4255 3640 4294 re-

2061 4339 2148 4408 gia.
2167 4379 2182 4402 ,
2211 4336 2398 4408 adyta,
2431 4334 2684 4391 vestibula
2708 4374 2724 4400 ,
2754 4332 3008 4386 sacrificia
3029 4374 3042 4393 ,
3071 4343 3124 4386 et
3151 4331 3317 4385 altare
3341 4373 3354 4393 ,
3389 4331 3519 4384 festa
3545 4346 3637 4385 ce-

2062 4431 2340 4497 lebresque
2368 4438 2658 4482 conventus
2682 4467 2696 4489 ,
2728 4440 2910 4494 preces
2940 4435 2993 4478 et
3011 4426 3292 4478 conciones
3312 4465 3327 4488 ,
3358 4434 3432 4487 et,
3466 4430 3523 4475 ut
3549 4436 3636 4476 se-

2062 4521 2165 4575 mel
2195 4520 2400 4581 dicam,
2447 4517 2556 4578 illic
2594 4516 2916 4571 consistebat
2963 4523 3069 4569 tota
3112 4514 3280 4570 forma
3313 4513 3646 4583 rcipuhlicm;

2061 4612 2338 4681 oportebat
2385 4610 2493 4664 illic
2524 4608 2687 4662 tribus
2719 4607 2948 4660 maxime
2974 4615 3054 4660 ter
3082 4603 3133 4658 in
3163 4619 3303 4658 anno
3340 4603 3552 4671 colligi,
3586 4603 3644 4656 in.

2061 4702 2210 4761 festis
2255 4701 2479 4770 publicis
2517 4708 2570 4753 et
2609 4696 2963 4761 solemnibus,
3015 4695 3067 4748 in
3100 4693 3395 4760 Paschate,
3442 4693 3638 4748 Pente-

2059 4803 2206 4855 coste
2249 4803 2302 4848 et
2331 4791 2653 4861 Scenopegia
2674 4830 2690 4854 ,
2719 4805 2814 4844 ceu
2846 4789 2981 4844 festo
3028 4788 3508 4843 tabernaculorum.
3536 4785 3636 4840 Nc-

2061 4904 2166 4958 quc
2186 4887 2330 4944 enim
2357 4885 2545 4940 licebat
2568 4883 2715 4938 alibi.
2746 4883 2826 4937 Ad
2850 4883 2968 4954 ejus
2991 4897 3118 4952 ergo
3144 4881 3446 4937 encomium
3469 4879 3633 4934 dicit:

2063 4982 2197 5037 Illuc
2225 4983 2357 5036 enim
2385 4978 2714 5034 ascenderunt
2757 4976 2935 5036 tribus.
2960 4975 3027 5034 Et
3048 4975 3212 5038 alius,
3244 4973 3377 5028 Illuc
3403 4971 3642 5028 ascende-.

2062 5084 2182 5132 runt
2221 5082 2434 5144 sceptra.
2475 5071 2590 5127 Non
2619 5070 2753 5134 dixit
2780 5078 2955 5124 autem
3003 5066 3369 5132 solummodo,
3421 5064 3638 5131 Tribus,

2063 5171 2155 5226 sed
2177 5210 2192 5234 ,
2219 5167 2401 5222 Tribus
2422 5164 2650 5218 Domini.
2673 5164 2870 5226 Omnes
2894 5161 3065 5216 tribus
3091 5170 3243 5220 erant
3270 5159 3513 5224 Domini,
3541 5173 3639 5215 nec

2064 5273 2240 5316 tamen
2269 5262 2347 5315 eis
2390 5258 2509 5312 ideo
2539 5257 2728 5312 licebat
2756 5255 2870 5310 haec
2899 5255 2952 5308 in
2997 5269 3094 5309 sua
3138 5253 3306 5324 patria
3354 5261 3648 5324 peragere,

2064 5335 2251 5410 sedeo
2296 5353 2497 5407 honore
2534 5351 2718 5406 aﬁecta
2764 5359 2878 5404 erat
2916 5346 3255 5417 metropolis,
3298 5360 3417 5415 quae
3454 5359 3652 5402 omnes

2063 5445 2285 5516 cogebat
2308 5454 2361 5501 et
2385 5442 2681 5499 attrahebat
2705 5440 2770 5496 ad
2797 5441 3045 5510 seipsam.

2133 5537 2189 5592 2.
2228 5538 2330 5593 Cur
2355 5535 2683 5607 Jerosolymis
2703 5535 2864 5591 solum
2891 5533 3198 5602 sacriﬁcare,
3226 5545 3391 5596 orare,
3422 5527 3641 5594 εαξη·ίὲ-

2139 5786 2208 5846 (a)
2232 5786 2569 5847 Symmachus.
