4112 6342
344 353 450 409 349

340 469 517 528 cubat;
551 464 795 534 festorum
827 473 884 518 et“
922 473 1262 519 conuentuum-
1298 464 1522 530 utilitas;
1548 467 1601 520 in
1644 465 1927 521 Jerusalem

341 557 655 626 principatus
686 554 895 626 duplex,
916 556 1232 610 sacerdotum
1251 565 1298 609 et
1325 573 1594 628 regum.-
1609 557 1720 612 Hoc
1747 569 1926 614 autem

341 648 535 715 fiebat,
578 657 634 702 ut
673 647 728 702 id
771 647 850 701 eis
882 657 1025 702 esset
1068 661 1225 700 causa
1269 647 1361 702 Dei
1400 649 1744 718 cognitionis,
1787 665 1853 704 ne
1882 650 1926 704 si

339 749 743 812 quoquoversus
776 751 1112 810 vagarentur,
1151 740 1362 795 occasio
1403 749 1703 795 sumeretur
1739 742 1927 811 viaque

340 833 640 888 muniretur
657 832 721 887 ad
742 831 942 888 cultum
964 831 1386 887 simulacrorum.
1405 831 1472 885 Et
1499 831 1742 887 ideoillic
1759 832 1926 887 sacri-

340 926 524 991 ﬁcare,
554 926 660 980 illic
679 939 857 990 orare,
887 924 994 978 illic
1013 924 1318 987 convenire,
1341 923 1559 994 diesque
1584 923 1746 979 festos
1771 925 1927 994 jussit

338 1033 626 1089 peragere,
653 1018 756 1072 loci
785 1017 1041 1087 angustiis
1064 1017 1397 1071 aberrantem
1437 1032 1621 1072 eorum
1653 1027 1883 1072 mentem
1904 1015 1924 1083 ,’

338 1119 394 1164 et
418 1111 486 1164 ad
516 1109 842 1179 impietatem
871 1107 1176 1164 tendentem
1196 1149 1211 1171 ,
1237 1122 1492 1163 coercens
1511 1150 1528 1175 ,
1557 1107 1832 1163 refrenans
1869 1116 1923 1166 et

335 1201 654 1270 reprimens.
681 1198 832 1267 Quod
861 1198 1075 1269 quidem
1105 1199 1218 1268 ipse
1245 1214 1455 1268 quoque
1482 1200 1807 1269 signiﬁcans,
1835 1201 1920 1255 di-

335 1291 491 1347 cebat
517 1309 531 1346 :
561 1289 742 1344 Tribus
786 1288 1016 1354 Domini,
1046 1290 1386 1343 testimonium
1421 1288 1606 1344 Israel.
1636 1289 1773 1357 Quid
1797 1300 1879 1346 est
1901 1332 1918 1358 ,

335 1381 696 1437 Testimonium
738 1380 943 1436 Israel?
971 1381 1353 1435 Testimonium
1397 1381 1683 1435 maximum
1706 1421 1722 1447 ,
1760 1395 1919 1452 argu-

335 1486 594 1542 mentum,
621 1475 866 1547 probatio
891 1474 984 1529 Dei
1015 1475 1388 1544 providentim,
1421 1483 1477 1527 ut
1503 1474 1643 1528 nulla
1673 1475 1801 1544 ipsis
1829 1490 1919 1529 re-

334 1567 602 1638 linquatur
625 1567 897 1622 excusatio
935 1567 978 1620 si
1025 1566 1361 1632 desciscant,
1397 1566 1702 1620 si-resiliant
1724 1609 1739 1634 ,
1770 1575 1826 1621 et
1850 1567 1916 1622 ad

332 1659 614 1714 simulacra
649 1657 974 1728 confugiant.
1003 1656 1130 1726 Ejus
1159 1657 1300 1711 enim
1329 1657 1697 1727 providentur,
1723 1667 1916 1728 poten-

334 1755 440 1814 tize,
472 1750 746 1820 sapientia:
786 1749 888 1804 hoc
926 1758 1040 1804 erat
1065 1749 1436 1819 argumentum
1464 1751 1774 1805 maximum.
1805 1749 1915 1806 lllic

330 1844 470 1898 enim
507 1842 786 1914 legebatur
810 1843 899 1898 lex
925 1858 1041 1913 quae
1069 1858 1249 1898 rerum
1293 1843 1415 1897 olim
1444 1843 1695 1913 praeclare
1733 1852 1916 1915 gesta-

329 1952 447 1990 rum
470 1945 524 1990 et
545 1936 782 1990 historia:
806 1935 1110 1990 continebat
1138 1937 1516 2006 narrationem.
1539 1936 1647 1992 Illic
1666 1937 1824 1991 etiam
1844 1935 1912 1992 ad

329 2032 604 2084 caritatem
641 2028 1172 2097 constringebanlur,
1202 2027 1328 2082 dum
1369 2029 1508 2082 inter
1548 2044 1608 2084 se
1655 2027 1914 2084 haberent

327 2121 788 2176 coiisuetudinem.
818 2121 946 2189 Quae
973 2122 1114 2176 enim
1145 2121 1546 2176 celebrabantur
1575 2121 1727 2188 festa,
1751 2131 1809 2177 ut
1831 2123 1913 2177 in-

328 2223 410 2268 ter
445 2228 505 2268 se
539 2212 990 2282 congrederentur
1011 2227 1170 2268 causa
1193 2221 1344 2267 erant
1368 2253 1384 2278 ,
1411 2227 1476 2267 ac
1504 2212 1674 2282 major
1704 2222 1907 2282 metus,

326 2305 504 2360 vivida
536 2305 724 2375 pietas,
752 2313 807 2358 et
832 2305 932 2358 alia
959 2306 1096 2359 bona
1124 2305 1399 2360 innumera
1423 2321 1490 2361 ex
1513 2320 1580 2360 eo
1607 2305 1910 2375 proﬁcisce-

325 2398 520 2453 bantur
539 2439 554 2462 ,
579 2396 721 2468 quod
747 2397 906 2452 simul
938 2398 988 2452 in
1018 2397 1230 2452 civitate
1258 2398 1622 2452 convenirent.
1650 2398 1732 2452 Ad
1749 2401 1909 2468 con/i-

324 2494 530 2545 tendum
560 2492 749 2545 nomini
778 2489 1004 2544 Domini.
1036 2491 1146 2546 Hoc
1173 2499 1273 2558 est,
1302 2491 1370 2546 ad
1398 2491 1596 2562 gratias
1633 2491 1864 2562 agendas
1888 2534 1904 2560 ,

322 2587 390 2641 ad
419 2586 700 2642 colendum
725 2627 739 2652 ,
765 2585 1023 2640 orandum
1045 2625 1058 2648 ,
1087 2584 1439 2650 offerendum,
1467 2585 1868 2640 sacriﬁcandum
1887 2627 1903 2654 ,

321 2693 441 2748 qua:
477 2679 618 2746 ipsos
642 2676 905 2731 ducebant
940 2675 1004 2730 ad
1034 2676 1312 2744 pietatem,
1341 2686 1392 2732 et
1421 2691 1604 2731 eorum
1634 2678 1905 2747 religionis

320 2769 653 2839 disciplinam
682 2770 931 2824 tutiorem
957 2768 1277 2824 elliciebant.
1301 2772 1354 2825 5.
1378 2770 1512 2837 Quia
1538 2771 1644 2824 illic
1671 2771 1905 2826 sederunt

320 2863 461 2916 sedes
499 2862 550 2915 in
584 2861 867 2933 judicium,
893 2860 1036 2914 sedes
1080 2878 1231 2930 super
1279 2861 1483 2915 domum
1531 2861 1716 2915 David.
1765 2863 1904 2917 Ecce

320 2956 448 3010 dicit
475 2956 632 3009 etiam
673 2954 832 3008 aliam
859 2954 1086 3008 civitatis
1114 2954 1506 3008 excellentiam.
1538 2956 1791 3021 Quamam
1839 2972 1900 3010 ca

319 3047 442 3101 est?
467 3044 619 3112 Quod
664 3045 772 3099 illic
811 3047 880 3098 sit
925 3046 1085 3114 regia.
1118 3045 1230 3098 lloc
1266 3045 1407 3100 enim
1451 3045 1550 3100 sibi
1581 3045 1691 3099 vult
1737 3045 1897 3110 illud,

323 3136 576 3204 Quoniam
600 3136 705 3189 illic
732 3135 966 3190 sederunt
1008 3137 1148 3189 sedes
1183 3137 1238 3188 in
1269 3135 1522 3206 judicium
1542 3176 1557 3200 ,
1583 3137 1723 3189 sedes
1749 3153 1904 3205 super

318 3229 522 3283 domum
549 3227 733 3282 Dauid.
763 3229 934 3296 Alius,
963 3226 1152 3282 Domus
1181 3227 1342 3281 David
1370 3227 1470 3298 (a).
1501 3228 1612 3283 Illic
1635 3229 1776 3284 enim
1805 3228 1904 3282 du-

317 3324 437 3393 plex
485 3333 600 3377 erat
644 3322 969 3391 principatus
992 3361 1006 3386 ,
1040 3321 1374 3375 sacerdotum
1426 3329 1481 3375 et
1516 3336 1717 3391 regum,
1749 3321 1900 3390 quasi

295 3413 527 3468 'vinculo
551 3413 888 3483 conjunctus,
905 3427 1024 3467 cum
1051 3413 1210 3467 veluti
1235 3412 1458 3481 quadam
1480 3411 1675 3481 duplici
1702 3428 1900 3469 cornua

315 3512 372 3557 et
413 3503 719 3559 diademate
755 3513 1037 3559 ornaretur
1062 3502 1249 3558 civitas
1279 3519 1373 3573 per
1413 3502 1526 3558 haec
1564 3504 1762 3557 omnia.
1793 3503 1900 3560 Illic

311 3595 517 3666 judices
541 3636 557 3661 ,
583 3595 649 3650 ad
695 3591 830 3666 quos
862 3611 981 3667 quae
1018 3595 1306 3650 multorum
1335 3603 1545 3666 captum
1577 3595 1900 3665 superabant

314 3687 701 3743 referebantur.
731 3688 788 3743 Si
816 3703 917 3759 qua
948 3688 1087 3742 enim
1110 3687 1216 3742 lata
1241 3697 1385 3743 esset
1409 3689 1671 3744 sententia
1701 3688 1754 3742 in
1781 3688 1899 3742 aliis

312 3782 635 3848 civitatibus,
667 3782 735 3839 de
759 3799 862 3853 qua
893 3783 1241 3851 dubitaretur,
1271 3791 1327 3836 ut
1352 3784 1530 3838 evenit
1573 3782 1626 3837 in
1667 3783 1900 3851 appella-

313 3875 582 3942 tionibus,
610 3875 674 3929 ad
697 3875 932 3945 judicum
962 3876 1052 3945 qui
1081 3886 1232 3930 erant
1259 3874 1605 3946 Jerosolymis
1634 3875 1895 3945 Cognitio-

312 3981 458 4032 nem,
489 3965 805 4020 sententiam
833 3964 1137 4019 referebant
1165 3983 1178 4017 :
1207 3964 1317 4019 illic
1338 3973 1514 4018 autem
1539 3965 1898 4034 accipiebatur

311 4060 528 4115 solutio.
562 4058 669 4114 Sed
709 4066 863 4114 erant
897 4059 1110 4127 quidem
1158 4060 1372 4128 antiqua
1421 4056 1726 4126 bujusmodi
1755 4073 1770 4111 :
1801 4057 1898 4111 ho-

311 4152 497 4205 dierna
517 4165 646 4205 vero
664 4159 789 4205 sunt
818 4149 899 4205 his
924 4150 1092 4203 multo
1113 4149 1376 4218 graviora.
1403 4149 1500 4203 Est
1519 4149 1660 4203 enim
1689 4164 1895 4203 summa

311 4243 564 4310 solitudo,
583 4244 994 4309 ruina,eversio,
1023 4242 1385 4312 conflagratio,
1409 4256 1591 4312 paucae
1616 4241 1895 4297 domorum

311 4336 554 4406 reliquia:
576 4336 740 4391 tristis
755 4344 809 4391 et
830 4335 1146 4390 miserabilis
1167 4335 1393 4404 species,
1413 4343 1467 4390 et
1482 4350 1600 4405 qua:
1615 4335 1786 4389 solum
1811 4333 1900 4388 ha-

311 4430 404 4484 bet
431 4430 814 4486 monimentum
835 4471 851 4496 ,
869 4440 922 4485 et
947 4429 1171 4484 obscura
1192 4427 1435 4500 quazdam
1458 4428 1676 4499 vestigia
1705 4428 1896 4516 prioris

315 4522 602 4580 felicitatis.
637 4522 896 4591 Quocirca
942 4539 1046 4576 non
1091 4521 1359 4577 concludit
1401 4524 1695 4577 orationem
1737 4523 1896 4577 rebus

313 4617 526 4672 miseris
549 4623 605 4671 et
633 4614 890 4680 tristibus,
920 4613 1013 4668 sed
1043 4614 1108 4668 ad
1142 4613 1400 4668 hetiorem
1429 4628 1578 4683 spem
1609 4628 1701 4668 eos
1732 4612 1896 4668 redu-

310 4711 385 4765 cit
421 4709 623 4770 dicens,
650 4707 703 4764 6.
729 4706 924 4780 Rogate
965 4724 1076 4778 qua:
1112 4707 1180 4760 ad
1226 4723 1400 4777 pacem
1438 4715 1554 4760 sunt
1589 4705 1892 4760 Jerusalem.

311 4801 450 4871 Quid
477 4809 592 4866 est,
621 4799 818 4872 Rogate
842 4816 956 4872 qua:
982 4801 1049 4853 ad
1086 4817 1260 4870 pacem
1287 4808 1402 4854 sunt
1425 4798 1754 4855 Jerusalem?
1791 4799 1897 4854 Pro

310 4908 379 4948 eo
405 4891 547 4963 quod
571 4899 682 4958 est,
724 4891 894 4947 Petite
921 4900 975 4946 et
1009 4892 1287 4961 postulate.
1320 4891 1469 4946 Alius
1497 4889 1577 4962 (b)
1601 4898 1778 4945 autem
1812 4889 1896 4946 di-

311 4984 411 5046 cit,
435 4983 844 5053 Amplectimini,
882 4992 974 5038 aut
1013 4983 1246 5038 Salutate
1284 4981 1591 5037 Jerusalem.
1623 4982 1736 5038 Hoc
1771 4991 1892 5048 est,

312 5074 516 5144 ltogate
536 5083 596 5129 ut
614 5089 677 5129 ea
703 5074 885 5129 redeat
910 5075 963 5128 in
991 5075 1266 5143 pristinam
1290 5075 1716 5144 prosperitatem,
1749 5083 1807 5129 ut
1829 5074 1894 5128 li-

311 5165 529 5220 heretur
571 5179 601 5219 a
639 5164 792 5220 bellis
830 5165 1214 5233 frequentibus,
1241 5175 1297 5219 ut
1322 5166 1573 5236 deinceps
1612 5166 1896 5221 securitate

312 5256 538 5311 fruatur.
566 5255 656 5312 Vel
694 5257 795 5311 hoc
819 5271 945 5326 ergo
969 5255 1097 5311 dicit
1117 5300 1131 5318 .
1157 5256 1248 5311 vel
1279 5257 1533 5326 pra-dicit.
1563 5257 1758 5329 Rogato
1783 5274 1899 5328 qua:

311 5349 382 5404 ad
409 5365 582 5419 pacem
624 5358 739 5403 sunt
772 5347 1074 5404 Jerusalem.
1109 5349 1221 5404 Hoc
1247 5358 1330 5405 est
1349 5390 1364 5416 ,
1404 5349 1514 5405 Pax
1545 5349 1595 5404 ei
1624 5351 1890 5406 succedet.

374 5570 449 5633 (a)
492 5568 688 5633 Supple,
711 5568 871 5619 throni
894 5567 1063 5619 domus
1085 5567 1258 5619 David.
1284 5570 1518 5620 Hebraeus
1533 5577 1696 5620 autem
1719 5575 1898 5626 mm:

308 5666 400 5717 ἘΠ
431 5639 565 5721 πώ
597 5677 609 5712 :
643 5661 767 5712 solio
805 5661 970 5710 domui
1007 5658 1194 5718 David,
1244 5659 1324 5710 vel
1359 5662 1527 5713 domus
1572 5660 1746 5715 David.
1789 5669 1898 5715 Haec

311 5734 648 5795 niterjiretatio
669 5734 842 5782 omissa
864 5732 956 5781 fuit
979 5732 1026 5780 in
1050 5732 1278 5795 Hexaplis
1301 5736 1493 5785 nostris.

376 5794 460 5856 (lt).
482 5797 565 5846 llic
586 5803 752 5848 autem
775 5803 852 5847 est
872 5794 1194 5859 Symmachus.

1437 351 1803 409 EXPOSITIU
1836 353 1904 408 lN
1943 353 2267 413 PSALMUM
2305 358 2495 415 CXXI.

3518 367 3622 424 356

2039 468 2107 524 Et
2128 471 2442 528 abundantia
2469 475 2790 546 diligentibus
2818 487 2882 532 te.
2908 479 3056 534 Alius
3079 471 3094 545 ,
3119 481 3400 548 Quiesceat‘.
3429 481 3580 538 Alitis
3599 524 3619 547 ,

2033 559 2286 628 Prospere
2325 575 2478 634 agant
2519 567 2606 637 qui
2640 577 2687 621 te
2715 567 2950 640 diligunt.
2981 571 3078 626 llic
3117 582 3198 626 est
3227 589 3416 643 magna
3463 577 3620 644 copia

2033 655 2428 720 prosperitatis,
2460 657 2671 725 quando
2715 674 2818 713 non
2866 661 2914 714 in
2959 676 3019 716 ea
3055 663 3226 716 solum
3266 663 3401 717 bona
3437 665 3614 720 consi-

2031 752 2198 808 stunt,
2231 745 2323 799 sed
2350 748 2508 801 etiam
2537 749 2624 818 qui
2652 764 2768 805 eam
2793 751 3020 822 diligunt
3059 754 3122 808 iis
3156 755 3404 810 fruuntur
3431 775 3444 810 :
3474 757 3618 828 quod

2031 835 2242 905 quidem
2301 839 2355 892 in
2412 840 2672 912 prioribus
2717 845 3041 912 temporibus
3083 861 3236 902 secus
3291 847 3469 902 tiebat.
3511 848 3612 916 Qui

2030 940 2147 980 eam
2172 929 2312 982 enim
2335 929 2460 984 odio
2485 930 2770 996 habebant,
2790 944 2842 986 et
2859 936 3246 1005 oppugnabant,
3269 938 3300 991 ii
3325 938 3610 1008 plurimum

2029 1027 2293 1085 poterant,
2324 1029 2380 1075 et
2428 1030 2581 1076 erant
2619 1023 2738 1078 aliis
2778 1025 3054 1092 clariores,
3096 1035 3151 1080 et
3192 1042 3313 1081 cum
3364 1029 3613 1085 facilitate

2027 1117 2226 1179 tropaea
2251 1111 2544 1183 erigebant.
2577 1115 2648 1167 At
2685 1130 2825 1185 nunc
2860 1116 2898 1169 ti
2924 1116 3013 1187 qui
3043 1126 3093 1172 te
3125 1117 3379 1187 diligunt,
3412 1119 3464 1172 in
3493 1135 3610 1174 ma-

2024 1216 2126 1271 gna
2150 1205 2625 1260 eruntsecuritate.
2647 1204 2748 1272 Qui
2779 1216 2976 1272 tecum,
3006 1208 3398 1278 inquit,iisdem
3421 1221 3608 1265 tenen-

2025 1302 2111 1348 tur
2140 1296 2501 1352 munimentis.
2533 1299 2638 1354 Eos
2665 1309 2844 1354 autem
2871 1300 3105 1370 dicitqni
3132 1302 3212 1356 vel
3244 1312 3394 1356 erant
3422 1317 3608 1358 eorum

2022 1384 2215 1440 fauturi
2238 1388 2496 1456 partibus,
2529 1390 2612 1444 vel
2646 1391 2806 1445 etiam
2836 1391 2978 1459 ipsos
3009 1391 3172 1446 cives.
3203 1393 3254 1445 7.
3287 1391 3406 1446 Fiat
3431 1410 3532 1463 pax
3555 1395 3608 1447 in

2021 1478 2203 1532 virtute
2229 1489 2333 1533 tua.
2364 1481 2512 1536 Alius
2541 1481 2686 1548 dicit,
2711 1481 2777 1536 In
2798 1486 3180 1554 propugnaculo
3209 1495 3293 1540 tuo
3315 1485 3410 1558 (a).
3434 1487 3603 1551 Alius,

2020 1565 2087 1621 In
2113 1572 2303 1623 ambitu
2333 1581 2438 1626 tuo.
2467 1571 2602 1640 Quid
2635 1582 2714 1626 cst
2735 1616 2747 1637 ,
2774 1573 2840 1627 In
2861 1576 3041 1628 virtute
3063 1577 3190 1630 tua?
3217 1575 3274 1630 lit
3311 1578 3604 1632 substantia:

2021 1667 2127 1724 tua,
2157 1660 2208 1714 in
2233 1661 2296 1716 iis
2321 1662 2410 1732 qui
2440 1663 2490 1716 in
2511 1671 2562 1717 te
2589 1663 2846 1728 habitant,
2877 1665 2928 1718 in
2955 1669 3303 1737 prosperitate
3330 1678 3437 1723 tua.
3463 1670 3606 1734 Quo-

2017 1751 2158 1804 niam
2190 1753 2332 1806 enim
2361 1752 2557 1809 bellum
2588 1767 2782 1811 resest
2801 1757 3024 1812 exitiosa
3045 1801 3060 1824 ,
3093 1758 3250 1832 idque
3275 1776 3391 1816 eam
3421 1763 3600 1833 perdi-

2015 1841 2113 1906 dit,
2145 1843 2192 1896 ei
2219 1859 2402 1914 pacem
2430 1855 2694 1915 precatur.
2715 1845 2789 1900 Et
2810 1848 3122 1902 abundantia
3149 1851 3204 1904 in
3233 1853 3452 1906 turribus
3479 1854 3596 1908 tuis.

2015 1931 2164 1988 Alius
2207 1935 2352 2002 dicit,
2380 1935 2446 1990 In
2466 1938 2616 2007 regiis
2637 1939 2733 1992 tuis
2765 1939 2857 2010 (b).
2885 1940 3059 2007 Alius,
3087 1943 3410 1997 Iucunditas.
3431 1946 3596 2011 Alius,

2019 2024 2190 2089 Quies.
2226 2026 2341 2082 Non
2380 2029 2551 2084 solum
2587 2030 2728 2084 enim
2763 2031 3000 2102 prmdicit
3028 2033 3254 2089 futuram
3283 2051 3314 2090 a
3353 2036 3504 2090 malis
3533 2037 3600 2092 li-

2014 2115 2342 2178 berationem
2366 2160 2382 2187 ,
2420 2120 2511 2174 sed
2542 2122 2700 2176 etiam
2733 2122 3196 2179 innumerabilium
3227 2126 3485 2182 bonorum
3511 2142 3601 2182 ac-

2013 2209 2343 2276 cessionem,
2378 2225 2560 2280 pacem
2585 2253 2601 2279 ,
2633 2213 3032 2282 abundantiam,
3081 2216 3427 2272 fertilitatem.
3461 2219 3600 2287 Quid

2011 2299 2152 2354 enim
2177 2299 2327 2370 juvat
2363 2317 2460 2371 pax
2483 2345 2495 2364 ,
2520 2305 2732 2374 quando
2761 2306 2812 2358 in
2839 2315 3170 2376 paupertate,
3198 2307 3337 2363 fame
3363 2319 3416 2365 ct
3444 2327 3598 2366 men-

2011 2391 2226 2447 dicitate
2251 2393 2433 2447 vivunt
2451 2395 2475 2447 ?
2495 2395 2618 2465 quid
2649 2405 2823 2451 autem
2845 2397 2996 2468 juvat
3019 2399 3362 2462 abundantia,
3383 2403 3596 2471 quando

2009 2481 2205 2537 bellum
2243 2485 2477 2555 ingruit?
2514 2488 2580 2542 Et
2614 2487 2738 2541 ideo
2767 2490 2845 2544 eis
2883 2498 3104 2561 utraque
3145 2491 3259 2548 hate
3302 2493 3438 2548 bona
3479 2494 3596 2553 fore

2009 2577 2270 2644 praedicit,
2303 2587 2362 2632 ut
2389 2580 2466 2634 eis
2486 2580 2626 2634 adsit
2649 2582 2990 2650 abundantia,
3022 2596 3077 2640 et
3101 2601 3196 2656 per
3216 2601 3397 2656 pacem
3417 2603 3480 2644 ea
3509 2607 3597 2646 se-

2007 2680 2135 2721 cure
2176 2665 2434 2724 fruantur.
2467 2671 2519 2726 8.
2565 2671 2781 2742 Propter
2819 2678 3002 2743 fratres
3046 2693 3212 2742 meos,
3254 2687 3306 2731 et
3340 2681 3596 2748 proximos

2007 2772 2158 2810 meos.
2185 2758 2278 2812 Vel
2307 2759 2510 2815 vicinos
2533 2761 2680 2828 dicit,
2703 2764 2793 2833 qui
2813 2779 2996 2818 eorum
3018 2781 3145 2820 casu
3173 2766 3330 2820 lintati
3355 2767 3588 2837 fuerunt,

2006 2858 2061 2905 et
2085 2860 2231 2919 optat
2253 2862 2308 2905 ut
2331 2855 2419 2908 fiat
2445 2869 2566 2924 pax,
2592 2865 2648 2909 ut
2673 2856 2745 2909 illi
2772 2872 2981 2927 quoque
3011 2859 3392 2928 deprimantur,
3425 2872 3476 2916 et
3498 2879 3590 2917 co-

2005 2952 2266 3010 guoscant
2317 2943 2411 2998 Dei
2454 2947 2741 3014 potentiam
2773 2965 2786 3000 :
2816 2948 2898 3000 vel
2940 2949 3128 3002 fratres
3170 2965 3262 3003 eos
3306 2951 3466 3018 dicit,
3500 2955 3592 3024 qui

2003 3033 2270 3090 civitatem
2319 3035 2631 3092 inhabitant.
2667 3038 2888 3107 l’rOpter
2932 3041 3124 3094 fratres
3169 3055 3298 3110 ergo
3342 3058 3492 3098 meos
3539 3055 3594 3099 ct

2004 3128 2275 3195 proximos
2304 3143 2452 3182 meos
2481 3144 2612 3199 rogo
2655 3138 2712 3183 ut
2750 3130 2840 3184 ﬁat
2869 3145 2991 3199 pax.
3023 3141 3081 3184 ut
3122 3133 3205 3185 vel
3253 3133 3462 3189 tandem
3503 3152 3592 3193 re-

2003 3220 2202 3289 spirent
2226 3261 2242 3286 ,
2274 3229 2551 3290 postquam
2590 3221 2980 3276 calamitatibus
3007 3221 3126 3277 facti
3156 3234 3281 3278 sunt
3316 3227 3588 3284 meliores.

2001 3309 2266 3381 Loquebar
2294 3329 2467 3381 pacem
2505 3313 2566 3367 de
2601 3323 2666 3367 te.
2694 3313 2746 3368 9.
2773 3313 2990 3384 Propter
3019 3316 3223 3369 domum
3259 3316 3468 3373 Domini
3492 3319 3592 3375 Dei

2002 3405 2180 3470 nostri,
2209 3406 2412 3475 quaesivi
2440 3406 2572 3460 bona
2607 3406 2714 3460 tibi.
2745 3409 2895 3462 Alius
2923 3408 3070 3475 dicit,
3103 3408 3306 3480 Loquar
3336 3429 3510 3483 pacem
3536 3416 3588 3470 in

2003 3508 2068 3551 te.
2100 3497 2360 3566 Quoniam
2401 3500 2578 3567 dixit,
2610 3499 2832 3572 Propter
2853 3502 3034 3572 fratres
3076 3520 3211 3557 meos
3249 3513 3298 3558 et
3331 3507 3588 3574 proximos

2001 3607 2153 3654 meos,
2187 3591 2474 3646 ostendens
2513 3607 2572 3646 se
2612 3591 2714 3647 hoc
2742 3607 2847 3647 non
2877 3594 3080 3663 precari
3123 3604 3342 3664 pr0pter
3377 3596 3588 3652 illorum

2001 3683 2272 3748 meritum,
2307 3683 2400 3738 sed
2426 3691 2485 3737 ut
2509 3683 2626 3738 illos
2657 3683 2845 3752 majori
2877 3684 3140 3740 beneficio
3165 3685 3425 3754 afficeret,
3452 3689 3586 3742 sub.

1997 3773 2192 3843 jttnxit,
2226 3772 2448 3845 Pr0pter
2477 3775 2686 3828 domum
2725 3773 2824 3828 Dei
2868 3776 3047 3831 nostri.
3077 3776 3188 3832 Hoc
3223 3786 3340 3846 est,
3366 3778 3586 3850 Propte:

1999 3865 2220 3936 gloriam
2249 3865 2365 3934 ejus
2407 3874 2534 3936 opto
2569 3881 2786 3936 pacem,
2812 3873 2872 3920 ut
2910 3866 3025 3936 ejus
3066 3867 3241 3922 cultus
3281 3884 3467 3925 rursus
3505 3887 3591 3927 τε-

1999 3955 2154 4022 deat,
2183 3964 2239 4011 et
2275 3957 2516 4011 doctrina
2543 3969 2818 4026 augeatur.
2853 3957 2957 4011 Alii
2983 3958 3122 4011 enim
3158 3967 3394 4027 tempore
3422 3961 3590 4030 capti-

2000 4046 2178 4102 vitatis
2202 4048 2312 4103 nati
2339 4057 2493 4113 sunt;
2523 4047 2611 4102 alii
2637 4063 2764 4102 vero
2791 4048 3004 4102 fuerunt
3027 4058 3191 4104 testes
3220 4057 3274 4103 et
3298 4049 3589 4108 descensus

2000 4149 2056 4194 et
2082 4139 2304 4194 reditus.
2335 4139 2430 4195 Dei
2460 4149 2635 4194 autem
2657 4139 2803 4195 cultu
2831 4149 3046 4210 peracto
3074 4141 3189 4194 bmc
3212 4141 3389 4196 omnia
3416 4142 3589 4199 disce-

2000 4232 2128 4288 bant
2151 4247 2183 4287 a
2213 4231 2536 4297 senioribus,
2564 4232 2707 4286 illam
2730 4231 2855 4286 olim
2877 4245 3064 4286 eorum
3091 4230 3419 4296 felicitatem,
3443 4234 3588 4306 quod

1999 4339 2123 4379 cum
2155 4332 2230 4378 tot
2267 4323 2426 4378 rebus
2455 4321 2703 4377 secundis
2728 4332 3025 4390 uterentur,
3059 4322 3123 4378 iis
3147 4323 3464 4378 exciderint.
3495 4323 3599 4380 Vi-

1999 4413 2097 4470 des
2117 4414 2388 4485 quomodo
2415 4428 2600 4469 eorum
2630 4413 2874 4482 reprimit
2908 4415 3282 4485 arrogantiam,
3310 4430 3378 4471 ne
3404 4417 3590 4472 existi-

2000 4514 2148 4560 ment
2183 4520 2244 4560 se
2284 4505 2422 4560 bona
2451 4505 2740 4576 recepisse,
2770 4514 2827 4560 ut
2854 4505 2943 4576 qui
2972 4506 3100 4562 satis
3125 4521 3400 4576 prunarum
3428 4509 3591 4566 dede-

2000 4598 2136 4664 rint,
2163 4597 2259 4654 sed
2287 4598 2459 4652 sciant
2495 4612 2557 4653 se
2595 4606 2812 4667 propter
2837 4598 2930 4652 Dei
2963 4597 3186 4668 gloriam
3215 4599 3268 4652 in
3304 4613 3455 4654 suam
3488 4615 3584 4670 pa-

2001 4691 2157 4745 triam
2189 4703 2436 4744 reversos
2462 4703 2602 4754 esse,
2631 4696 2827 4743 etcum
2857 4687 2908 4743 id
2929 4687 3231 4755 didicerint,
3256 4700 3504 4744 maneant
3535 4691 3590 4746 in

2000 4797 2206 4837 summa
2243 4781 2550 4843 securitate.
2583 4796 2651 4836 ne
2676 4788 2958 4850 peccantes
2983 4779 3169 4835 eadem
3208 4796 3394 4838 rursus
3426 4795 3590 4852 expe-

2001 4873 2208 4929 riantur
2227 4873 2250 4927 ?

2073 4965 2291 5020 Moralis
2327 4965 2630 5020 exhortatio.
2658 4993 2732 5004 —
2760 4962 2885 5018 llaec
2910 4977 3036 5034 ergo
3081 4978 3178 5018 nos
3216 4980 3428 5035 quoque
3467 4980 3592 5022 cum

2001 5059 2232 5113 sciamus
2250 5096 2266 5124 ,
2297 5055 2526 5110 maxime
2551 5054 2768 5126 quidem
2791 5069 3009 5124 operam
3038 5054 3387 5111 adhibeamus
3415 5072 3483 5112 ne
3508 5057 3589 5112 la.

2001 5151 2191 5204 hamur
2221 5166 2233 5202 :
2265 5148 2361 5202 sed
2400 5147 2444 5203 si
2483 5149 2537 5202 in
2581 5157 2799 5218 peccata
2843 5146 3164 5217 quandoque
3203 5148 3586 5217 inciderimus,

2002 5242 2312 5296 Studeamus
2336 5239 2580 5294 celeriter
2606 5254 2904 5308 resurgere,
2927 5247 2983 5293 et
3013 5252 3120 5293 non
3162 5239 3212 5292 in
3247 5241 3422 5309 priora
3448 5241 3589 5296 reci-

2002 5335 2154 5402 dere,
2178 5350 2243 5389 ne
2268 5350 2330 5389 ea
2363 5333 2640 5387 audiamus
2668 5347 2789 5402 qua:
2823 5330 3038 5387 fuerunt
3082 5331 3222 5386 dicta
3261 5332 3586 5403 paralytico,

2002 5429 2137 5483 Ecce
2159 5445 2312 5483 sanus
2340 5431 2507 5497 factus
2533 5441 2606 5492 es,
2633 5424 2738 5479 noli
2761 5424 2979 5494 antplius
3007 5439 3230 5494 peccare,
3261 5439 3325 5477 ne
3348 5423 3470 5494 quid
3495 5425 3594 5476 de-

2067 5607 2285 5680 (a).Haec
2306 5603 2821 5680 interpretationcujus
2843 5603 2906 5680 sit
2939 5601 3188 5664 ignoratur
3212 5613 3226 5649 :
3251 5611 3472 5662 sequens
3503 5611 3590 5649 au-

2003 5663 2203 5733 tem,'in
2219 5668 2400 5733 ambitu
2421 5663 2517 5725 tuo,
2548 5674 2624 5733 est
2645 5663 2924 5733 Symmachi.
2979 5723 2991 5733 _
3015 5724 3024 5733 .

2068 5720 2141 5794 (6)
2175 5738 2281 5780 ηερε
2304 5720 2645 5792 interpretatio
2668 5720 3028 5794 estSymtnachi
3064 5723 3332 5776 secundum
3369 5721 3601 5774 Theodo-

2006 5787 2170 5849 retuin
2195 5806 2205 5842 :
2232 5787 2657 5857 canem-quorum
2677 5790 2774 5838 sint
2797 5787 3030 5838 nescitur.
3277 5811 3279 5814 ‹
