4090 6338
552 318 609 372 .‘3l
1209 313 1268 369 S.
1308 312 1588 369 .IOANNIS
1623 311 2100 369 CllRYSOSTOMI
2140 312 2459 372 ARCIIIEP.
2500 317 3038 378 CONSTANTINOP.

508 429 664 483 terius
686 425 771 480 tibi
797 426 1054 498 contingat
1083 424 1262 495 (Joan.
1296 427 1351 483 5.
1383 426 1493 498 14).
1528 426 1813 495 Propterea
1843 427 1984 480 enim
2017 426 2094 481 sic

511 522 662 586 dixit,
687 501 741 575 et
761 521 928 574 bonos
947 519 1147 575 docens
1175 528 1232 574 ut
1254 520 1503 574 virtutem
1535 534 1724 574 secure
1752 525 2092 584 conservent,

505 621 563 666 et
590 611 680 682 qui
709 610 1000 666 liberantur
1023 625 1052 664 a
1079 611 1326 679 peccatis,
1360 611 1412 664 in
1437 611 1635 680 Optima
1667 609 1959 663 mutatione
1984 624 2098 662 ma-

509 712 704 765 neant,
744 713 801 757 ut
831 718 1019 758 omnes
1058 705 1414 758 communiter
1452 704 1589 758 bona
1630 704 1861 758 caelestia
1901 719 2094 757 conse-

511 804 739 864 quantur
768 810 781 846 :
811 795 1004 854 quibus
1033 792 1188 847 detur
1215 793 1369 848 nobis
1396 793 1644 848 omnibus
1675 793 1774 848 frui
1801 835 1815 855 ,
1845 793 2012 863 gratia
2042 801 2096 847 et

514 888 834 956 benignitate
881 885 1086 940 Domini
1117 886 1281 941 nostri
1313 885 1437 940 Jesu
1469 886 1697 952 Christi,
1729 886 1812 939 cui
1843 884 2008 955 gloria
2041 892 2096 938 et

513 979 744 1047 polentia
770 978 822 1032 in
845 977 1039 1032 swcula
1068 977 1407 1032 smeulorum.
1437 978 1624 1030 Amen.

965 1109 1026 1164 IN
1065 1108 1386 1165 PSALMUM
1424 1108 1636 1163 CXXII.

545 1222 597 1276 1.
637 1222 718 1276 Ad
747 1231 792 1274 te
821 1222 978 1276 levavi
1003 1221 1171 1275 oculos
1199 1238 1352 1284 meos,
1383 1228 1467 1290 qui
1495 1220 1689 1273 habitas
1717 1221 1770 1273 in
1800 1220 1925 1274 cazlo
1951 1219 2052 1290 (a).

579 1332 742 1388 Vides
790 1333 982 1404 ubique
1029 1332 1284 1401 emulgens
1319 1333 1640 1403 captivitatis
1685 1332 1912 1386 lucrum.
1960 1331 2091 1386 Nam

509 1423 596 1492 qui
624 1423 967 1478 smeularibus
1004 1433 1157 1478 erant
1185 1423 1341 1478 rebus
1381 1423 1547 1484 affixi.
1576 1431 1630 1478 et
1662 1425 1895 1496 Assyriis
1921 1424 2090 1495 Egy-

508 1515 736 1584 ptiisque
763 1513 1018 1580 lidebant,
1054 1529 1259 1567 necnon
1289 1529 1561 1568 murorum
1591 1513 1812 1568 ambitui
1841 1525 1897 1568 et
1932 1529 2094 1584 pecu-

509 1608 716 1660 niarum
746 1606 943 1676 c0piae,
973 1605 1041 1662 ab
1088 1605 1189 1659 illis
1229 1605 1474 1660 omnibus
1508 1619 1628 1660 sese
1671 1605 1979 1669 avellentes,
2022 1605 2091 1660 ad

509 1699 756 1754 invictam
787 1713 1001 1753 manum
1028 1697 1358 1768 confugiunt,
1381 1698 1449 1752 ab
1470 1698 1558 1752 illa
1586 1712 1682 1768 ape
1713 1697 1983 1769 pendent;
2006 1708 2092 1753 at-

505 1805 610 1860 que
639 1790 847 1845 excelsa
892 1789 1134 1844 instructi
1181 1799 1358 1843 mente
1387 1829 1402 1853 ,
1435 1804 1464 1842 a
1498 1790 1726 1844 terrenis
1762 1789 1962 1854 avulsi;
1994 1805 2092 1844 nec

507 1883 758 1953 templum
784 1897 879 1952 pro
918 1898 1068 1936 more
1097 1882 1243 1936 adire
1269 1881 1508 1937 valentes
1533 1925 1547 1948 ,
1578 1883 1719 1952 quod
1761 1883 2088 1939 destructum

505 1974 715 2040 fuerat,
755 1990 786 2029 a
814 1975 945 2030 c:elo
983 1977 1146 2030 Deum
1190 1976 1401 2031 tandem
1433 1977 1698 2031 invocant.
1730 1977 1785 2032 In
1830 1980 1962 2034 cmlo
1992 1995 2088 2033 au-

507 2077 612 2120 tem
642 2066 882 2124 habitare
905 2068 1101 2122 dicitur
1127 2085 1142 2134 ;
1173 2083 1277 2122 non
1315 2069 1465 2139 quasi
1506 2070 1623 2124 loco
1657 2071 2090 2141 circumscriptus

503 2160 574 2213 sit
597 2201 612 2226 ,
641 2159 781 2214 absit
809 2179 822 2215 :
856 2161 970 2229 ipse
1004 2162 1199 2230 quippe
1240 2161 1417 2215 omnia
1465 2161 1684 2230 implet;
1715 2163 1807 2217 sed
1843 2165 1992 2233 quasi
2033 2165 2089 2220 in

503 2251 810 2304 cmlestibus
838 2250 938 2304 illis
965 2252 1314 2320 potestatibus
1335 2253 1572 2322 quiescat
1603 2262 1656 2306 et
1688 2265 1896 2307 maneat
1921 2271 1934 2318 ;
1966 2271 2086 2309 nam

503 2345 701 2398 dicitur
725 2346 882 2400 etiam
909 2345 961 2399 in
993 2345 1296 2399 hominibus
1319 2344 1556 2400 habitare
1581 2364 1594 2398 :
1623 2345 1925 2400 Inlmbitabo
1955 2348 2088 2402 cnim

501 2437 557 2490 in
601 2437 722 2503 illis,
750 2447 796 2491 et
833 2438 1152 2491 inambulabo
1183 2439 1258 2508 (2.
1283 2436 1401 2494 Cor.
1437 2439 1488 2494 6.
1521 2439 1632 2509 16).
1663 2439 1795 2494 Cum
1833 2441 1990 2509 igitur
2033 2441 2086 2496 in

501 2528 846 2584 barbarorum
874 2531 1086 2599 regione
1113 2530 1403 2601 degerent,
1431 2547 1537 2586 non
1563 2530 1815 2587 mediocri
1846 2533 2088 2591 doctrina

501 2620 688 2674 imbuti
716 2631 868 2686 sunt;
900 2636 966 2676 eo
997 2622 1137 2692 quod
1165 2623 1372 2678 scilicet
1395 2639 1424 2676 a
1449 2624 1570 2678 vita:
1591 2625 1884 2680 con'uuodis
1910 2626 2087 2681 omni-

501 2710 602 2764 bus
630 2714 946 2778 sequestrati
972 2721 1151 2767 essent
1171 2755 1185 2779 ,
1216 2713 1592 2784 diseerentque
1611 2757 1627 2782 ,
1660 2715 1851 2786 ubique
1884 2717 2047 2771 Deum
2067 2760 2084 2784 ,

499 2802 543 2856 si
575 2802 848 2858 invocetur
871 2845 886 2869 ,
919 2803 1070 2858 facile
1101 2807 1342 2872 precibus
1380 2822 1636 2861 annue-re.
1665 2807 1796 2876 Quia
1826 2809 1967 2862 enim
2006 2809 2089 2864 fu-

499 2903 671 2947 turum
699 2902 832 2960 erat,
864 2903 920 2948 ut
961 2897 1082 2951 novi
1115 2896 1235 2948 vitm
1266 2896 1487 2950 instituti
1532 2897 1708 2951 radius
1732 2900 1945 2953 demum
1980 2899 2085 2954 ori-

499 2995 685 3051 retur,
711 2984 897 3056 incipit
927 2989 1180 3056 propheta
1215 3003 1333 3058 quze
1381 2987 1555 3043 futura
1601 2999 1754 3044 erant
1799 2991 2082 3061 attingere,

499 3077 736 3131 locorum
763 3078 1184 3133 observationem
1217 3079 1414 3135 sensim
1452 3091 1504 3135 et
1551 3082 1699 3152 quasi
1734 3098 1826 3150 per
1857 3085 2082 3154 aenigma

499 3168 715 3224 solvens
745 3170 1061 3240 tollensque.
1093 3169 1147 3224 2.
1196 3168 1329 3225 Ecce
1372 3173 1502 3225 sicut
1552 3172 1687 3227 oculi
1735 3191 1991 3229 servorum
2029 3177 2084 3230 in

499 3259 730 3313 manibus
757 3260 1071 3313 dominorum
1097 3277 1338 3324 suorum;
1364 3263 1490 3316 sicut
1517 3265 1650 3318 oculi
1674 3265 1874 3320 ancillm
1901 3267 1952 3319 in
1981 3283 2085 3320 ma-

498 3351 639 3404 nibus
665 3352 882 3404 domina:
909 3368 1014 3406 sua:
1037 3368 1057 3404 :
1083 3354 1154 3405 ita
1179 3353 1312 3407 oculi
1348 3356 1504 3408 nostri
1531 3355 1599 3408 ad
1626 3355 1894 3410 Dominum
1924 3357 2082 3412 Deum

494 3451 741 3506 nostrum,
773 3441 928 3495 donec
958 3443 1250 3498 misereatur
1272 3446 1448 3499 nostri.
1481 3445 1574 3500 llic
1613 3448 1771 3501 etiam
1807 3447 1924 3503 vide
1967 3451 2082 3520 pie-

495 3540 654 3585 tatem
684 3533 944 3600 vigentem
971 3544 1021 3588 et
1046 3533 1248 3588 lirmam
1282 3553 1294 3586 :
1330 3550 1432 3587 non
1461 3536 1601 3589 enim
1624 3537 1689 3590 ad
1720 3536 1880 3592 breve
1907 3527 2079 3593 Solum

496 3633 702 3694 tempus
745 3635 979 3696 sperant,
1013 3627 1105 3680 sed
1133 3627 1332 3682 diutius
1361 3627 1506 3682 affixi
1534 3637 1588 3682 et
1622 3630 1951 3684 anhelantes.
1991 3631 2078 3685 ld-

493 3731 665 3782 eoque
691 3717 990 3784 exemplum
1033 3717 1087 3770 in
1134 3718 1364 3771 medium
1405 3719 1728 3784 attulerunt,
1763 3719 1862 3773 hoc
1906 3721 2078 3790 ipsum

489 3808 907 3873 subiudtcautes,
953 3824 1057 3863 non
1098 3809 1312 3864 aliunde
1355 3810 1453 3864 sibi
1503 3826 1651 3880 spem
1679 3812 1868 3867 adesse
1897 3813 2078 3867 auxilii

488 3908 539 3952 et
579 3901 971 3969 suppetiarum,
1003 3914 1168 3969 seque
1208 3899 1338 3954 nihil
1367 3901 1507 3955 aliud
1533 3913 1809 3970 spectare:
1841 3904 2080 3973 quando-

487 3990 703 4059 quidem
753 3989 943 4044 ancilla
987 4001 1040 4045 et
1083 4006 1270 4046 servus
1311 3991 1413 4046 hoc
1460 4008 1621 4046 unum
1669 3993 1865 4049 habent
1899 3996 2076 4050 subsi—

487 4083 630 4136 dium
653 4124 669 4144 .
696 4099 802 4154 quo
844 4085 1039 4139 victum
1070 4093 1122 4138 et
1153 4086 1400 4138 vestitum
1432 4094 1728 4158 caeteraque
1778 4091 2076 4144 necessaria

487 4181 818 4242 eoniparent,
843 4182 900 4227 ut
923 4174 989 4227 ad
1025 4172 1184 4228 heros
1221 4189 1349 4229 suos
1377 4175 1659 4244 respiciant
1685 4195 1698 4242 ;
1732 4193 1905 4248 neque
1925 4195 2075 4236 rece-

487 4267 644 4332 dunt,
673 4266 769 4321 sed
805 4275 1116 4337 exspectant
1140 4267 1312 4322 donec
1338 4268 1662 4336 acceperint,
1691 4278 1744 4323 et
1772 4285 1896 4325 cum
1927 4287 2076 4328 rece-

489 4358 697 4427 perint,
734 4358 929 4426 gratias
970 4357 1166 4411 habent
1196 4375 1210 4411 :
1240 4357 1473 4428 illudque
1519 4359 1689 4428 ipsum
1735 4361 1948 4416 assidue
1992 4361 2073 4416 fa-

486 4447 649 4501 ciunt.
680 4446 748 4502 Ut
787 4447 887 4502 hoc
920 4447 1079 4517 igitur
1119 4449 1396 4515 ostendat,
1431 4451 1574 4519 ipsos
1613 4452 1818 4506 scilicet
1855 4452 1921 4506 ad
1951 4469 2072 4507 eum

486 4539 771 4606 respicere,
802 4537 958 4607 idque
995 4538 1206 4593 assidue
1252 4549 1534 4608 praestare,
1565 4541 1872 4611 nullamque
1914 4544 2072 4598 aliam

486 4644 632 4696 spem
666 4628 895 4693 habere,
927 4629 1019 4682 sed
1061 4628 1217 4698 hujus
1244 4630 1476 4698 praesidii
1516 4632 1902 4700 exspectationi
1937 4633 2076 4690 defi-

489 4736 582 4774 xos
609 4734 759 4783 esse,
793 4729 973 4791 utpote
999 4735 1224 4791 quorum
1254 4723 1430 4775 omnia
1473 4721 1610 4776 bona
1640 4723 1778 4778 illius
1806 4724 1946 4791 sint,
1975 4739 2072 4778 an-

484 4811 659 4864 ('lllalll
687 4822 741 4866 et
770 4826 954 4865 servos
993 4811 1450 4868 commemoravit.
1483 4812 1614 4868 Vide
1655 4829 1761 4883 quo
1791 4827 1945 4883 pacto
1976 4815 2069 4881 illi,

484 4903 572 4970 qui
602 4903 744 4970 prius
775 4900 1133 4956 invitabantur
1161 4912 1217 4956 ut
1244 4901 1311 4958 ad
1337 4902 1498 4957 Deum
1525 4913 1804 4959 currerent
1828 4946 1841 4968 ,
1869 4913 1924 4960 et
1949 4919 2068 4960 cum

485 5008 679 5048 nausea
701 5001 754 5046 et
780 4991 990 5047 fastidio
1016 4993 1132 5047 lucc
1153 4993 1460 5062 audiebant,
1482 4993 1590 5064 jam
1623 4995 1920 5050 calamitate
1949 5011 2069 5051 me-

483 5085 642 5141 liores
691 5085 997 5151 evaserint;
1027 5085 1096 5138 ita
1129 5095 1183 5139 ut
1212 5085 1279 5139 ab
1309 5085 1400 5139 illo
1435 5085 1694 5141 absistere
1737 5087 1938 5152 nolint,
1973 5087 2067 5142 sed

484 5185 766 5242 maneant,
813 5177 1084 5244 serviant,
1122 5177 1505 5247 posmleutque
1542 5177 1713 5232 donec
1757 5179 2070 5233 misereatur

485 5271 740 5338 ipsorum.
771 5268 886 5324 Non
917 5270 1070 5334 dixit,
1102 5270 1280 5323 Donec
1309 5269 1609 5324 mercedem
1653 5270 1874 5335 reddat,
1897 5271 2070 5327 donec

483 5361 758 5432 prauuium
790 5361 1067 5427 retribuat,
1097 5359 1214 5425 sed,
1243 5357 1417 5413 Donec
1442 5361 1752 5414 misereatur.
1779 5360 1860 5415 Tu
1890 5361 2066 5433 igitur,

542 5497 614 5560 (a)
640 5498 794 5560 _Hujus
817 5495 984 5560 Psalnii
1011 5495 1369 5558 expositionem
1391 5507 1488 5544 non
1512 5496 1776 5560 G‘entianus
1796 5503 2064 5557 ttervetus,

481 5556 570 5607 sed
600 5556 732 5610 alius
770 5566 913 5608 vetus
950 5556 1205 5618 Inter'pres
1237 5570 1302 5606 ex
1335 5563 1498 5618 Graeco
1532 5556 1720 5606 fecerat
1753 5573 1766 5607 :
1802 5572 1972 5607 verum
2000 5556 2064 5610 ita

481 5620 838 5682 paraphrastiee
857 5654 872 5677 ,
895 5627 949 5668 ut
986 5631 1064 5667 vix
1090 5617 1385 5682 agnosceres
1414 5617 1540 5667 hanc
1578 5619 1796 5681 ipsamne
1829 5633 1891 5668 an
1925 5619 2066 5672 aliam

478 5679 748 5750 irationem
788 5682 1100 5750 interpretari
1126 5679 1359 5731 voluerit.
1387 5687 1562 5730 Novam
1587 5679 1675 5730 nos
1698 5683 2062 5746 interpretatio-

479 5753 595 5794 nem
616 5754 876 5792 οοιιειιιηίιγ
884 5754 1023 5792 unus.

2202 442 2234 482 ο
2261 427 2442 496 homo,
2465 433 2678 488 assidue
2707 449 2983 504 permane,
3006 437 3120 494 sive
3145 439 3392 510 recipias,
3421 442 3535 500 sive
3563 461 3668 502 non
3699 465 3785 506 re-

2199 522 2364 592 cipias
2389 542 2402 576 :
2432 525 2640 580 etiamsi
2676 543 2782 582 non
2817 529 3040 598 recipias
3058 571 3073 594 ,
3102 547 3171 588 ne
3197 535 3452 604 recedas,
3480 548 3535 593 et
3568 555 3786 609 prorsus

2199 615 2448 684 accipies.
2478 617 2608 672 Nam
2648 619 2692 674 si
2721 621 3014 691 principem
3034 624 3182 680 illum
3205 629 3471 685 crudelem
3501 633 3671 691 viduae
3698 651 3786 692 as-

2199 706 2423 762 siduitas
2453 709 2674 775 iullexit,
2705 727 2860 780 quam
2893 716 3101 770 veniam
3129 723 3429 790 assequaris
3455 731 3531 790 tu,
3560 727 3648 794 qui
3675 736 3780 783 tam

2199 797 2304 852 cito
2348 800 2553 863 resilis,
2586 811 2798 871 torpes,
2825 814 2878 859 et
2905 805 3087 862 delicis
3113 808 3130 880 (
3157 809 3284 865 Luc.
3316 813 3408 880 18)
3429 813 3452 865 ?
3477 814 3589 870 Non
3635 819 3784 874 vides

2198 893 2465 958 quomodo
2493 894 2702 951 ancillae
2730 913 2762 949 a
2790 903 3054 960 matronis,
3074 903 3323 971 pendent,
3356 905 3480 961 dum
3510 925 3608 964 nec
3635 929 3783 966 meu-

2200 989 2305 1036 tem
2333 999 2432 1038 nec
2457 987 2667 1040 oculum
2693 990 2797 1043 alio
2819 992 2996 1060 vagari
3020 993 3242 1050 sinunt?
3270 996 3358 1052 Sic
3385 1009 3436 1052 tu
3467 1000 3622 1055 facito
3652 1021 3666 1058 :
3694 1019 3783 1058 se-

2198 1087 2364 1141 quere
2411 1075 2578 1130 Deum
2631 1079 2824 1147 solum,
2864 1081 3090 1153 aliisque
3143 1087 3392 1142 omnibus
3443 1089 3678 1147 dimissis
3717 1110 3783 1149 ex

2198 1179 2424 1220 numero
2453 1183 2726 1225 servorum
2758 1173 2875 1242 ejus
2898 1183 3034 1240 esto,
3065 1186 3119 1231 et
3143 1193 3490 1252 quaecumque
3516 1183 3608 1239 tibi
3633 1186 3783 1240 utilia

2199 1258 2433 1325 petieris,
2469 1260 2796 1330 impetrabis.

2268 1351 2352 1406 Ex
2375 1354 2720 1410 misericordia
2760 1359 2972 1412 salutem
3003 1365 3370 1433 consequimur.
3419 1393 3489 1407 -—-
3529 1369 3582 1422 5.
3625 1368 3781 1423 Mise-

2197 1460 2305 1497 rere
2331 1445 2509 1510 nostri,
2539 1444 2772 1512 Domine,
2805 1450 3039 1505 miserere
3067 1455 3246 1517 nostri,
3277 1457 3395 1524 quia
3441 1457 3656 1512 multant
3694 1478 3780 1514 re-

2197 1535 2318 1602 pleti
2347 1552 2523 1590 sumus
2546 1538 2879 1608 despcctione.
2924 1543 2978 1596 4.
3025 1543 3247 1598 Multum
3289 1546 3478 1617 repleta
3507 1559 3580 1603 est
3606 1552 3778 1606 animo

2196 1637 2384 1682 nostra.
2416 1628 2606 1684 Vidisti
2655 1635 2944 1688 contritum
2991 1637 3262 1692 animum?
3312 1639 3390 1694 Ex
3417 1641 3780 1700 misericordia

2195 1722 2420 1776 salutem
2449 1723 2704 1794 consequi
2742 1737 2969 1797 rogant;
3016 1728 3123 1782 imo
3148 1744 3247 1784 nec
3279 1745 3346 1786 ex
3391 1732 3775 1801 misericordia,

2193 1814 2344 1883 quasi
2371 1830 2487 1869 eam
2527 1827 2833 1872 mereantur
2863 1837 2875 1872 :
2903 1817 2997 1872 sed
3029 1819 3149 1888 quia
3189 1837 3408 1892 magnas
3437 1823 3637 1879 dedere
3665 1841 3780 1896 pa:-

2194 1920 2310 1968 nas,
2360 1916 2416 1960 ut
2459 1907 2535 1961 ait
2582 1909 2761 1964 Daniel
2793 1927 2806 1964 :
2833 1908 2996 1964 Pauci
3040 1912 3162 1983 facti
3189 1930 3361 1968 sumus
3402 1933 3510 1986 pra:
3548 1920 3778 1974 omnibus

2193 1999 2421 2068 gentibus
2457 2017 2568 2070 qua:
2608 2011 2724 2055 sunt
2765 2019 2917 2073 super
2957 2005 3172 2059 terram‘
3214 2005 3372 2069 (Dan.
3413 2009 3466 2064 5.
3497 2009 3586 2080 57)
3639 2029 3652 2064 :
3700 2011 3780 2066 id-

2194 2091 2365 2159 ipsum
2399 2091 2470 2146 illi
2509 2092 2694 2148 dicunt
2729 2095 2778 2148 in
2825 2099 3129 2164 precatione
3162 2113 3276 2152 sua.
3308 2100 3611 2156 Extremam
3638 2105 3778 2173 passi

2193 2199 2378 2240 sumus
2415 2186 2708 2254 miseriam,
2737 2191 2902 2258 patria
2934 2201 2988 2245 et
3015 2191 3259 2248 libertate
3296 2193 3625 2251 excidimus:
3659 2198 3782 2252 har-

2191 2275 2445 2332 barorum
2489 2280 2652 2345 servi,
2690 2280 2740 2334 in
2787 2283 3089 2351 Opprobriis
3134 2284 3223 2338 diu
3271 2301 3562 2352 versamur,
3615 2288 3775 2357 fame,

2192 2368 2368 2423 inedia
2405 2379 2458 2425 et
2485 2371 2574 2424 siti
2609 2374 2911 2443 consumpti
2944 2392 2955 2426 :
2985 2376 3254 2444 consputi,
3291 2379 3586 2434 conculcati
3617 2396 3778 2438 omne

2193 2470 2402 2531 tempus
2447 2465 2837 2535 transegimus:
2871 2467 2992 2522 ideo
3021 2483 3181 2537 parce
3213 2478 3267 2526 et
3310 2471 3565 2529 miserere
3602 2474 3776 2530 nobis.

2190 2553 2326 2622 Quid
2351 2565 2527 2610 autem
2544 2557 2645 2611 sibi
2668 2558 2797 2622 vult,
2827 2558 3047 2613 Multum
3070 2561 3260 2630 repleta
3280 2574 3351 2617 est
3371 2565 3539 2618 anima
3562 2577 3735 2622 nostra
3750 2570 3777 2623 .’

2190 2644 2330 2716 Ipsa,
2369 2648 2556 2718 inquit,
2603 2649 2779 2704 anima
2815 2661 2992 2706 nostra
3033 2653 3205 2708 soluta
3233 2663 3334 2720 est,
3367 2656 3629 2712 labefacta
3661 2675 3776 2713 ma-

2189 2739 2464 2809 gnitudine
2492 2741 2772 2796 malorum.
2823 2742 3011 2798 Multos
3040 2745 3222 2801 videre
3251 2748 3438 2815 estqui
3469 2749 3583 2803 dire
3604 2751 3776 2806 vexati

2191 2829 2400 2885 fortiter
2439 2831 2633 2887 ferunt.
2685 2835 2754 2888 At
2798 2849 2914 2902 nos,
2962 2836 3226 2905 inquiunt,
3274 2837 3376 2893 hoc
3405 2839 3774 2908 perdidimus:

2190 2939 2331 2992 :egre
2360 2923 2581 2977 ferimus
2623 2923 2824 2988 afﬂicti,
2855 2925 3167 2996 frangimur.
3212 2928 3346 2994 Quia
3383 2931 3523 2984 etaim
3554 2931 3775 2986 honori-

2189 3011 2288 3068 bus
2316 3030 2419 3068 uon
2448 3022 2508 3069 ut
2545 3030 2639 3083 par
2667 3026 2782 3070 erat
2810 3016 2890 3071 usi
2919 3017 3150 3082 fuerant,
3172 3021 3454 3076 contrariis
3491 3036 3584 3078 eos
3614 3025 3773 3078 rebus

2188 3108 2412 3177 casdgat
2455 3108 2617 3175 Deus,
2649 3108 2790 3178 quod
2833 3109 3029 3180 ubique
3071 3109 3354 3168 facientem
3402 3113 3546 3166 illum
3592 3114 3774 3171 videre

2189 3211 2491 3266 possumus.
2525 3197 2615 3253 Sic
2648 3207 2704 3253 et
2731 3198 2999 3258 Adamum
3024 3201 3146 3270 quia
3174 3202 3402 3274 paradisi
3449 3203 3774 3261 habitatione

2187 3306 2295 3346 non
2329 3301 2472 3346 recte
2515 3307 2644 3346 usus
2684 3303 2820 3358 erat,
2851 3293 3110 3362 ejectione
3154 3297 3414 3364 correxit,
3459 3310 3510 3353 et
3553 3315 3770 3354 uxorem

2186 3399 2304 3452 qua:
2331 3399 2394 3436 ex
2427 3383 2644 3440 honoris
2670 3386 2970 3454 :rqualitate
2996 3387 3144 3456 pejor
3157 3400 3417 3454 evaserat,
3444 3392 3696 3446 servitute
3717 3401 3773 3447 ct

2186 3477 2516 3545 subiectione
2551 3478 2824 3532 meliorem
2855 3478 2999 3532 fecit.
3026 3478 3175 3549 Ipsos
3205 3497 3418 3550 quoque
3439 3481 3674 3548 Iudaeos,
3701 3484 3771 3536 li-

2185 3567 2391 3622 bertate
2429 3577 2482 3622 et
2507 3567 2752 3622 diuturna
2775 3569 2918 3623 domi
2942 3574 3225 3626 securitate
3257 3573 3306 3626 in
3337 3573 3488 3643 pejus
3512 3583 3764 3640 mutatos,

2184 3657 2433 3724 cffrenes,
2456 3670 2510 3714 et
2529 3659 2833 3725 dissolutos,
2863 3677 2956 3729 per
2975 3664 3241 3717 contraria
3261 3665 3498 3735 corrigit.
3524 3665 3587 3719 lli
3611 3682 3771 3735 porro

2185 3749 2603 3804 misericordiam
2626 3751 2880 3822 consequi
2900 3761 3168 3821 rogantes,
3198 3753 3364 3808 Deum
3388 3756 3466 3810 sic
3490 3755 3771 3827 alloquun-

2185 3849 2270 3892 tur
2299 3858 2312 3895 :
2339 3839 2557 3895 Multum
2602 3843 2794 3914 repleta
2837 3855 2910 3898 est
2956 3846 3128 3898 anima
3173 3855 3365 3900 nostra.
3419 3846 3764 3918 Opprobrium

2182 3931 2574 3997 abundantibus,
2606 3944 2652 3987 et
2682 3935 2932 4003 despectio
2975 3937 3224 4007 superbis.
3256 3937 3430 4005 Alius,
3477 3938 3656 3994 Multis
3679 3958 3768 3995 sa-

2184 4025 2307 4078 tiata
2349 4034 2422 4078 est
2451 4025 2621 4078 anima
2657 4038 2849 4092 nostra,
2883 4027 3260 4098 obloquentibus
3285 4029 3678 4097 abundantibus,
3718 4043 3764 4086 et

2181 4115 2566 4185 despicientibus
2589 4117 2836 4186 superbis.
2866 4119 3038 4185 Alius,
3073 4119 3479 4176 Subsannatioue
3518 4139 3768 4194 arrogan-

2181 4207 2325 4260 tium.
2357 4206 2530 4273 Alius,
2563 4205 2894 4277 Despectione
2917 4225 3091 4262 eorum
3125 4210 3212 4280 qui
3252 4210 3395 4266 bonis
3423 4212 3654 4284 afﬂuunt.
3700 4213 3764 4268 lli

2182 4300 2340 4371 igitur
2386 4301 2560 4356 eidem
2615 4301 2822 4357 haerent
2862 4303 3166 4358 sententias.
3203 4304 3570 4362 Calamitatem
3621 4309 3764 4363 enim

2178 4395 2459 4464 deplorant
2486 4410 2607 4449 cum
2634 4394 2817 4450 dicunt
2841 4413 2854 4452 :
2885 4395 3087 4451 Satiata
3116 4407 3189 4450 est
3216 4399 3389 4452 anima
3413 4410 3586 4454 nostra
3622 4417 3765 4470 sper-

2178 4481 2448 4551 nentibus;
2486 4486 2831 4559 Septuaginta
2871 4504 2998 4545 vero
3026 4489 3169 4545 aliud
3212 4489 3436 4547 dicunt:
3467 4492 3767 4549 Transeant

2179 4579 2294 4633 lucc
2331 4578 2397 4633 ad
2419 4578 2563 4645 illos,
2595 4587 2651 4634 et
2675 4579 2862 4634 iisdem
2892 4579 2992 4649 ipsi
3020 4581 3281 4649 fruantur,
3330 4597 3448 4652 quae
3474 4582 3594 4638 aliis
3624 4584 3764 4637 fece-

2176 4677 2320 4735 runt,
2371 4683 2664 4739 eorumque
2709 4671 2874 4725 fastus
2917 4680 2972 4724 et
3011 4681 3187 4726 tumor
3226 4671 3573 4742 deprimatur.
3611 4675 3770 4743 Quod

2177 4775 2322 4832 saepe
2351 4763 2598 4817 evenisse
2615 4763 2888 4818 videamus
2917 4781 2929 4817 :
2957 4780 3077 4818 nam
3110 4765 3160 4819 id
3189 4764 3495 4835 frequenter
3521 4767 3659 4822 solet
3677 4766 3761 4821 fa-

2175 4869 2298 4908 cere
2322 4855 2479 4920 Deus,
2513 4870 2705 4923 nempe
2733 4855 2871 4910 altos
2898 4856 3117 4924 Spiritus
3135 4865 3470 4912 assumentes
3489 4858 3766 4928 deprimit,

2175 4955 2230 4999 et
2259 4943 2470 5000 inflatos
2500 4945 2762 5009 humiliat,
2794 4957 2850 5000 ut
2891 4962 2986 5001 eos
3017 4947 3244 5001 invertat
3289 4964 3319 5000 a
3349 4948 3429 5003 via
3469 4950 3536 5003 ad
3579 4951 3760 5020 perni-

2174 5036 2311 5091 ciem
2340 5035 2562 5092 ferente.
2593 5036 2735 5091 Nihil
2760 5038 2902 5092 enim
2933 5039 3182 5107 superbia
3219 5039 3388 5109 pejus.
3429 5040 3552 5096 Ideo
3588 5051 3762 5096 tenta-

2176 5128 2348 5183 tiones
2375 5138 2431 5183 et
2455 5144 2727 5191 :crumnaz,
2756 5143 2951 5198 corpus
2980 5129 3228 5192 mortale,
3271 5141 3324 5184 et
3348 5132 3527 5185 multa:
3572 5147 3760 5200 super-

2173 5221 2447 5273 venientes
2474 5219 2806 5273 calamitates
2833 5235 2849 5274 :
2883 5218 3003 5273 ideo
3029 5219 3370 5290 aegritudines
3393 5227 3450 5275 et
3467 5221 3636 5275 morbi
3661 5239 3676 5286 ;
3705 5231 3765 5278 ut.

2174 5310 2452 5367 innumera
2478 5310 2625 5367 frena
2648 5310 3004 5367 adhibeantur
3023 5313 3213 5367 anima:
3242 5313 3567 5384 superbienti
3596 5324 3647 5368 et
3672 5325 3752 5369 tu-

2175 5421 2325 5460 more
2375 5405 2594 5460 iullatar.
2645 5405 2724 5460 Ne
2776 5405 2956 5475 itaque
2999 5404 3250 5471 turheris,
3295 5407 3507 5474 dilecte,
3549 5422 3667 5462 cum
3705 5407 3773 5462 in.

2235 5563 2261 5624 ιγ
2287 5560 2360 5611 sic
2380 5558 2560 5624 legitur
2583 5560 2632 5624 in
2653 5557 2960 5624 Savilio,_scd
2981 5558 3096 5620 quia
3115 5559 3517 5624 magnasdedere
3553 5572 3717 5622 pinnas
3742 5599 3755 5624 .

2169 5623 2342 5672 ardent
2363 5621 2462 5694 fere
2484 5621 2705 5694 dicebant
2728 5621 2868 5694 pueri
2900 5621 2957 5694 in
2984 5623 3180 5694 Assyria
3198 5621 3376 5683 captivi
3392 5657 3422 5694 ,_
3438 5641 3463 5668 ι
3479 5621 3621 5694 pauc:
3643 5623 3772 5694 [iacti

2173 5698 2352 5794 simula,
2375 5693 2517 5745 etc,»
2539 5685 2824 5747 quibusdam
2844 5683 3182 5748 praetermissis
3199 5697 3308 5748 qua:
3326 5683 3555 5748 probeat!
3576 5685 3774 5738 seriem

2172 5759 2264 5812 qua
2298 5756 2422 5796 ratu.
