4112 6342
316 331 424 389 353

311 441 608 502 tentatione
631 443 892 507 versaris;
938 440 1034 498 sed
1065 441 1338 512 prophetae
1375 437 1692 495 recordatus
1715 437 1901 493 dicen-

311 538 400 603 tis,
431 535 630 590 Bonum
652 536 777 588 mihi
811 535 930 604 quia
957 534 1234 588 Itumiliasti
1271 550 1366 595 me,
1399 542 1452 586 ut
1490 533 1682 586 discam
1698 530 1899 603 justi/i-

309 631 531 686 cationes
559 640 672 684 tuas
701 627 874 698 (Psal.
911 627 1036 683 “8.
1067 625 1179 693 7i),
1208 627 1562 682 calamitatem
1607 639 1700 693 pro
1727 639 1902 679 reme-

309 721 401 778 dio
425 721 630 790 accipe,
669 729 724 775 et
747 720 1042 774 tentatione
1073 729 1130 772 ut
1161 734 1255 789 par
1283 728 1366 773 cst
1392 728 1562 783 utere,
1590 718 1899 788 poterisque

310 808 571 880 majorem
589 812 803 881 assequi
838 810 1278 880 tranquillitatem
1304 827 1317 863 :
1349 824 1452 879 qua
1481 811 1682 864 utinam
1711 823 1901 864 onmes

309 903 456 971 .iigni
487 901 802 970 habeamur,
830 903 999 972 gratia
1041 909 1098 957 et
1137 901 1468 956 humanitate
1496 901 1704 955 Domini
1733 900 1899 955 nostri

313 994 437 1049 Jesu
465 995 683 1059 Christi,
710 996 794 1050 cui
817 995 986 1066 gloria
1015 1004 1070 1051 et
1096 995 1378 1066 imperium
1409 997 1460 1049 in
1501 995 1698 1050 saacula
1729 1011 1901 1049 δευου-

314 1090 510 1142 lorum.
536 1087 728 1142 Amen.

754 1203 822 1259 IN
859 1202 1180 1260 PSALMUM
1217 1203 1454 1259 CXXIII.

579 1316 633 1372 1.
676 1315 795 1370 Nisi
819 1317 936 1387 quia
963 1313 1216 1372 Dominus
1251 1328 1358 1371 erat
1383 1318 1434 1371 in
1464 1317 1622 1372 nobis.

383 1451 438 1511 1.
478 1452 798 1520 Captioitatis
819 1452 949 1507 bono
974 1452 1148 1508 λειάωὶ
1186 1454 1405 1508 uitarunt
1433 1453 1797 1509 idololatriam.
1827 1483 1900 1494 --

311 1544 469 1612 Quod
493 1560 638 1616 saape
665 1546 797 1613 dixi,
831 1545 934 1600 hoc
958 1561 1171 1616 quoque
1203 1561 1346 1601 nunc
1370 1547 1512 1613 dico,
1547 1562 1644 1601 nec
1673 1546 1899 1602 cessabo

315 1640 512 1704 dicere,
545 1655 794 1709 magnum
819 1654 942 1694 esse
976 1637 1203 1694 fructum
1234 1638 1572 1708 captivitatis,
1599 1649 1654 1694 et
1681 1640 1746 1694 ad
1775 1639 1898 1709 phi-

314 1731 612 1803 losophiam
650 1731 917 1786 deducere
957 1745 1112 1800 posse
1155 1745 1251 1786 eos
1293 1733 1382 1801 qui
1429 1731 1731 1786 attendunt.
1764 1732 1899 1786 Ecce

311 1823 454 1878 enim
479 1827 570 1894 qui
605 1823 673 1878 ad
713 1823 994 1878 simulacra
1041 1823 1344 1889 currebant,
1377 1823 1542 1878 Deum
1573 1832 1886 1879 contemne-

279 1914 462 2005 .lbant,
493 1923 549 1970 et
576 1916 627 1970 in
659 1915 983 1985 impietatem
1011 1915 1359 1985 impegerant.
1390 1915 1513 1985 quid
1545 1915 1732 1971 dicunt
1756 1932 1898 1973 nunc

277 2031 302 2062 οι
312 2016 433 2076 post
452 2007 808 2076 captivitatem
829 2007 852 2062 ?
876 2017 932 2062 et
955 2009 1224 2078 quomodo
1249 2008 1476 2064 salutem
1500 2025 1648 2064 suam
1679 2011 1787 2066 Deo
1807 2014 1899 2066 ad-

312 2102 584 2156 scribunt?
631 2102 930 2169 Quinetiam
980 2104 1271 2172 prophcta,
1325 2113 1589 2174 tamquam
1637 2103 1899 2176 choragus

295 2193 568 2276 'optimus,
601 2193 787 2248 eadem
832 2195 952 2248 illos
975 2195 1125 2263 jubet
1165 2195 1473 2264 frequenter
1511 2195 1708 2251 dicere.
1740 2196 1896 2251 Post-

294 2282 476 2389 S‘quam
505 2297 632 2354 ergo
663 2283 866 2353 primus
898 2284 1050 2350 dixit,
1097 2285 1204 2340 illis
1229 2301 1440 2356 quoque
1470 2287 1727 2356 praecipit,
1760 2296 1897 2342 tam-

311 2376 471 2445 ‘quam
524 2377 778 2446 magister
825 2376 1140 2447 discipulis,
1197 2385 1257 2433 ut
1307 2378 1529 2434 dicant:
1561 2377 1715 2434 Dicat
1764 2396 1898 2434 nunc

311 2467 502 2532 lsraél,
536 2468 653 2524 Nisi
683 2471 803 2541 quia
829 2471 1078 2526 Dominus
1103 2481 1211 2526 erat
1236 2474 1290 2526 in
1330 2474 1494 2537 nobis,
1519 2489 1633 2527 cum
1660 2490 1900 2545 exsurge-

313 2569 420 2613 rent
448 2560 675 2614 homines
701 2562 754 2614 in
783 2577 893 2624 nos,
927 2562 1057 2631 forte
1077 2563 1212 2617 vivos
1237 2562 1567 2633 deglutissent
1595 2581 1705 2618 nos.
1735 2565 1900 2620 Erant

309 2651 456 2705 enim
480 2651 732 2718 inermes,
764 2652 912 2719 nudi,
937 2654 1151 2722 captivi,
1183 2663 1237 2707 et
1259 2656 1418 2719 servi,
1447 2663 1502 2709 et
1527 2669 1696 2724 nuper
1718 2669 1750 2708 a
1781 2671 1897 2709 ma—

319 2745 387 2799 lis
418 2745 648 2811 liberati,
685 2745 979 2817 urbemque
1009 2747 1274 2802 habebant
1319 2763 1421 2802 non
1453 2749 1620 2802 muris
1645 2752 1895 2815 cinctam,

316 2836 428 2890 imo
455 2852 581 2891 vero
623 2852 690 2892 ne
729 2837 916 2892 urbem
947 2838 1184 2908 quidem,
1229 2849 1284 2893 et
1334 2847 1453 2909 post
1493 2840 1718 2894 reditum
1747 2850 1899 2894 erant

314 2927 495 2996 praeda
523 2928 775 2984 oumibus
814 2939 994 2999 parata
1021 2947 1035 2994 ;
1067 2929 1161 2984 sed
1201 2928 1301 2984 fuit
1345 2932 1427 2985 eis
1456 2931 1596 2985 Deus
1621 2946 1716 3001 pro
1746 2947 1900 2987 muro

315 3026 371 3072 et
398 3033 541 3074 arce.
587 3019 698 3074 Hoc
724 3021 896 3090 ipsum
945 3036 1042 3075 nos
1067 3036 1278 3091 quoque
1308 3038 1448 3077 nunc
1473 3022 1712 3077 dicamus
1737 3041 1749 3076 :
1784 3022 1899 3076 Nisi

315 3111 432 3173 quia
461 3109 708 3164 Dominus
737 3121 841 3164 erat
870 3111 924 3165 in
949 3111 1110 3178 nobis,
1139 3112 1269 3181 forte
1287 3113 1421 3166 rivos
1441 3111 1767 3182 deglutissent
1785 3129 1894 3166 nos.

316 3202 454 3270 Quid
480 3205 622 3258 enim
653 3219 759 3258 non
784 3202 996 3260 fecisset
1020 3213 1203 3259 noster
1231 3206 1476 3259 inimicus
1501 3205 1764 3272 diabolus,
1798 3205 1900 3260 nisi

317 3296 578 3352 Dominus
607 3296 794 3352 fuisset
833 3298 885 3352 in
929 3297 1122 3354 nobis?
1161 3297 1298 3353 Audi
1327 3297 1453 3367 quid
1490 3296 1735 3351 Christus
1759 3295 1903 3351 dicat

318 3388 521 3443 Simoni
553 3409 566 3444 :
599 3389 802 3457 Simon,
847 3389 1049 3457 Simon,
1076 3390 1268 3460 quoties
1298 3392 1438 3461 petiit
1467 3399 1514 3443 te
1555 3399 1759 3463 satanas
1798 3391 1900 3443 cri-

312 3481 466 3536 brare
487 3482 618 3535 sicut
644 3483 864 3536 triticum
891 3499 910 3536 :
941 3492 986 3535 et
1009 3499 1099 3554 ego
1135 3484 1274 3536 oravi
1302 3500 1394 3553 pro
1421 3493 1484 3543 te,
1519 3500 1582 3538 ne
1607 3484 1809 3553 deﬁciat
1832 3483 1901 3553 ﬁ-

318 3574 404 3627 des
429 3583 516 3626 tua
545 3573 697 3642 (Luc.
729 3573 819 3628 22.
864 3575 997 3644 5i)?
1039 3575 1136 3628 Est
1175 3575 1316 3628 enim
1359 3575 1594 3646 improba
1627 3575 1799 3630 bellua
1848 3583 1904 3629 et

319 3664 653 3730 insatiabilis,
682 3675 737 3720 et
765 3667 866 3721 nisi
897 3666 1110 3721 assidue
1137 3665 1516 3733 refrenaretur,
1551 3667 1904 3722 subvertisset

314 3767 374 3812 et
401 3757 734 3813 confudisset
759 3759 955 3813 omnia.
1008 3757 1075 3814 Si.
1107 3760 1250 3813 enim
1289 3773 1410 3813 cum
1445 3758 1497 3812 in
1547 3760 1758 3814 beatum
1800 3759 1904 3815 Job

320 3849 570 3919 pusillum
599 3851 722 3919 quid
752 3854 800 3906 ei
826 3850 925 3905 fuit
951 3851 1292 3920 permissum,
1321 3851 1436 3920 ejus
1464 3849 1680 3905 domum
1713 3851 1904 3907 evertit

317 3941 574 4006 funditus,
608 3943 725 4012 ejus
754 3957 948 4012 corpus
981 3942 1334 4008 labefactavit,
1360 3951 1559 3997 tantam
1590 3943 1903 4014 tragoediam

317 4033 591 4100 excitavit,
616 4033 890 4090 facultates
909 4035 1166 4104 corrupit,
1194 4034 1330 4088 filios
1356 4034 1554 4099 obruit,
1585 4044 1641 4088 ut
1668 4049 1700 4089 e
1737 4049 1903 4092 carne

318 4143 530 4184 vermes
555 4129 879 4185 scaturircnt
904 4127 1101 4194 effecit,
1135 4142 1353 4182 uxorem
1385 4127 1435 4181 iu
1481 4144 1602 4181 eum
1644 4127 1900 4193 incitavit,

315 4219 541 4284 amicos,
586 4219 851 4285 inimicos,
893 4217 1140 4282 famulos,
1193 4227 1253 4272 ut
1283 4218 1490 4286 probris
1517 4234 1639 4272 eum
1672 4219 1904 4273 insecta-

318 4324 527 4376 rentur,
552 4311 758 4365 induxit
787 4311 868 4365 :si
898 4325 1004 4365 non
1031 4309 1510 4366 innumerabilibus
1532 4310 1697 4364 frenis
1726 4319 1901 4365 retar-

317 4405 554 4468 daretur,
583 4403 852 4473 quomodo
879 4417 982 4457 non
1012 4417 1199 4457 omnes
1227 4402 1509 4472 perderet?
1532 4402 1790 4470 Quocirca
1817 4402 1905 4458 hic

317 4513 530 4566 quoque
557 4496 686 4550 dicit
711 4513 724 4546 :
755 4494 876 4549 Nisi
909 4497 1029 4565 quia
1061 4493 1308 4549 Dominus
1332 4495 1510 4548 eratin
1537 4495 1699 4549 nobis.
1740 4496 1906 4550 Erant

319 4589 462 4642 enim
490 4589 778 4644 admodum
805 4590 955 4658 pauci
1005 4597 1058 4643 et
1103 4592 1420 4659 contempti,
1451 4597 1505 4644 et
1533 4603 1627 4643 eos
1654 4603 1904 4644 reversos

318 4680 470 4734 multi
498 4680 902 4736 adoriebantur.

392 4764 764 4838 Prosperorum
785 4781 830 4825 et
846 4770 1182 4826 “adversorum
1209 4773 1556 4828 alternationis
1581 4773 1805 4838 utilitas;
1826 4773 1906 4827 ira

316 4861 529 4915 rationis
553 4877 766 4933 expers;
793 4863 1190 4933 perturbationes
1217 4865 1377 4918 animi
1405 4874 1460 4918 ut
1482 4869 1658 4920 sanari
1685 4867 1901 4935 possint.

317 4981 391 4995 -—
410 4953 580 5008 Porro
608 4955 663 5009 in
711 4953 812 5009 hoc
838 4969 1050 5025 quoque
1079 4957 1461 5012 ostendebatur
1486 4957 1581 5012 Dci
1618 4958 1902 5028 sapientia,

319 5045 458 5114 quod
489 5060 600 5100 non
630 5055 849 5117 repente
872 5058 928 5102 et
952 5062 1060 5102 uno
1081 5048 1240 5102 simul
1267 5058 1510 5118 tempore
1537 5049 1689 5104 daret
1712 5051 1792 5104 eis
1819 5064 1906 5106 se-

318 5137 623 5199 curitatem.
646 5139 740 5194 sed
767 5141 966 5195 sensim
991 5155 1055 5195 ac
1075 5141 1348 5210 paulatim.
1387 5142 1499 5198 Hoc
1525 5154 1702 5199 autem
1738 5145 1905 5200 facie-

317 5229 410 5285 bat
435 5246 530 5286 eos
549 5245 877 5285 conservans
906 5232 958 5286 in
983 5232 1078 5288 Dei
1106 5233 1434 5303 cognitione,
1464 5243 1519 5290 et
1545 5251 1664 5290 eam
1693 5253 1812 5307 quae
1837 5252 1904 5291 ex

319 5322 630 5393 captivitate
669 5333 784 5378 orta
809 5334 948 5392 erat,
987 5325 1380 5381 correctionem
1423 5341 1530 5382 non
1558 5328 1742 5383 sinens
1769 5345 1906 5399 pra:-

318 5416 591 5474 terfluere.
625 5419 758 5488 Quia
789 5422 933 5477 enim
972 5420 1216 5477 liberatio
1239 5435 1271 5476 a
1303 5421 1459 5475 malis
1501 5421 1638 5475 solet
1662 5421 1904 5477 homines

320 5509 535 5566 efficere
579 5513 938 5581 socordiores,
971 5513 1024 5568 in
1067 5514 1180 5582 ipsa
1223 5513 1382 5566 etiam
1413 5511 1706 5566 donatione
1735 5513 1905 5568 bono-

321 5620 442 5660 rum
475 5608 752 5675 permittit,
792 5617 850 5662 ut
878 5606 979 5676 ipsi
1015 5605 1228 5661 assidue
1268 5613 1562 5664 tententur,
1593 5613 1651 5658 ut
1693 5607 1802 5658 sint
1825 5607 1904 5660 eis

325 5700 651 5758 mutationes
701 5709 1017 5771 perpetuum
1062 5695 1409 5768 philomphire
1458 5695 1793 5750 exercitium.
1835 5694 1905 5751 Et

311 5798 450 5918 Ideo
487 5811 586 5854 nec
620 5795 864 5850 homines
908 5805 1121 5862 semper
1146 5789 1357 5844 dimittit
1389 5789 1439 5843 iu
1490 5788 1898 5856 calamitatibus,

1354 316 1717 378 EXPOSITIO
1755 315 1821 372 IN
1862 313 2186 372 PSALMUM
2223 314 2456 372 CXXIII.

3497 327 3602 386 δτςι

2009 444 2078 483 ne
2099 430 2347 489 deficiant
2372 455 2384 490 :
2412 450 2513 492 nec
2539 435 2591 492 iu
2618 438 2795 510 quiete
2821 447 2877 496 et
2902 455 3080 496 rerum
3123 440 3497 512 prosperitate,
3530 457 3597 498 ne

2009 523 2139 580 fiant
2177 528 2557 585 socordiores:
2590 531 2684 586 sed
2726 533 3180 590 vicissitudinibus
3221 551 3409 591 eorum
3455 536 3598 591 salu-

2011 625 2117 674 tem
2154 621 2342 675 variat.
2381 621 2535 677 Ferte
2575 625 2709 680 vivos
2737 626 3061 697 deglutissent
3090 645 3202 683 nos.
3255 627 3416 684 Vides
3460 645 3598 699 quo-

2008 712 2170 767 modo
2198 715 2451 780 ostendit,
2479 731 2638 784 quam
2671 718 2778 771 sint
2805 719 3086 784 immanes,
3109 721 3196 789 qui
3219 735 3280 775 se
3308 719 3598 774 invadunt?

2007 802 2142 862 Sunt
2184 807 2325 860 enim
2369 807 2612 864 homines
2659 811 2747 880 qui
2795 811 2875 866 vel
2928 810 3164 867 ferarum
3213 813 3595 868 immanitatem

2007 898 2312 962 ostendunt,
2351 900 2458 954 imo
2490 902 2655 971 magis
2679 918 2836 971 quam
2870 903 2972 958 illa:
2999 905 3226 959 szeviunt
3253 907 3304 960 in
3332 920 3598 976 congene-

2007 1003 2116 1043 res.
2146 988 2280 1044 Fera
2310 992 2453 1045 enim
2497 1007 2618 1044 cum
2652 995 2816 1048 semel
2844 993 3122 1061 invaserit,
3158 997 3226 1050 ab
3258 998 3332 1051 ira
3359 997 3586 1060 desistit,

2006 1089 2063 1135 et
2091 1081 2316 1149 recedit,
2345 1093 2436 1137 aut
2457 1085 2669 1153 repulsa
2702 1101 2807 1140 non
2837 1087 3066 1156 amplius
3086 1087 3287 1144 invadit
3314 1107 3326 1142 :
3351 1089 3596 1146 homines

2006 1180 2184 1227 autem
2212 1187 2334 1228 cum
2381 1190 2467 1229 res
2495 1177 2720 1231 cesserit
2761 1178 2919 1232 aliter
2947 1194 3106 1248 quam
3148 1179 3423 1248 putabant,
3452 1195 3598 1250 saepe

2007 1262 2262 1317 invadunt
2284 1265 2365 1319 vel
2391 1265 2532 1334 ipsas
2553 1281 2742 1322 carnes
2761 1277 2977 1338 gustare
2997 1271 3293 1338 cupientes.
3320 1270 3595 1340 Ejusmodi

2006 1369 2094 1409 res
2133 1363 2216 1410 est
2257 1355 2354 1421 ira,
2404 1358 2626 1412 rationis
2672 1375 2902 1429 expers;
2944 1362 3079 1434 adeo
3105 1360 3276 1417 fervet
3322 1371 3378 1417 et
3411 1364 3597 1419 ebullit

2006 1447 2123 1503 haec
2157 1450 2323 1504 animi
2355 1452 2705 1520 perturbatio.
2750 1453 3029 1521 Quomodo
3072 1470 3200 1526 ergo
3239 1454 3355 1510 haec
3394 1457 3595 1511 exstin-

2004 1551 2196 1611 guelur
2214 1543 2505 1613 trgritudo?
2532 1543 2589 1598 Si
2618 1559 2704 1599 res
2733 1554 2943 1600 nostras
2983 1545 3161 1600 animo
3190 1555 3518 1616 reputemus,
3549 1549 3595 1603 si

2006 1644 2235 1690 mortem
2266 1637 2691 1704 consideremus,
2724 1645 2776 1692 et
2805 1652 2900 1693 eos
2929 1638 3016 1708 qui
3044 1639 3282 1710 quotidie
3309 1643 3591 1709 recedunt,

2005 1727 2048 1779 si
2076 1735 2316 1780 naturam
2348 1736 2587 1782 nostram
2624 1729 3068 1799 contemplemur,
3118 1730 3259 1800 quod
3289 1733 3495 1787 scilicet
3519 1735 3593 1787 si-

2005 1833 2124 1872 mus
2153 1827 2292 1873 terra
2319 1827 2374 1874 et
2401 1821 2555 1874 ciuis.
2587 1820 2642 1876 Si
2668 1831 2844 1876 autem
2871 1821 3023 1877 faciei
3053 1823 3388 1892 pulchritudo
3413 1828 3594 1882 animo

2006 1918 2096 1964 tuo
2125 1910 2301 1965 adhuc
2325 1911 2568 1982 imponit,
2594 1914 2727 1968 vade
2751 1915 2818 1969 ad
2841 1924 3184 1971 monumenta
3208 1927 3265 1972 et
3293 1919 3475 1974 thecas
3496 1935 3590 1990 pa-

2004 2012 2215 2057 rentum
2265 2011 2499 2070 tuorum,
2542 2021 2606 2060 ac
2632 2005 2753 2061 vide
2781 2007 3052 2076 quomodo
3090 2019 3216 2062 sunt
3242 2012 3421 2079 positi,
3454 2021 3508 2066 et
3538 2013 3589 2065 iu

2004 2097 2278 2166 pulverem
2307 2112 2370 2152 ac
2410 2106 2604 2153 terram
2645 2100 2886 2165 resoluti,
2916 2116 3270 2172 magnamque
3302 2119 3366 2158 ex
3407 2119 3473 2160 eo
3496 2120 3590 2160 ca-

2003 2189 2119 2258 pies
2147 2189 2508 2257 occasionem,
2533 2199 2590 2244 ut
2617 2200 2668 2245 te
2694 2191 2868 2259 ipsum
2901 2195 3182 2262 rcprimas.
3213 2194 3289 2250 Ne
3314 2194 3442 2250 dicti
3473 2213 3593 2267 gra-

2002 2282 2218 2336 vitatem
2242 2281 2530 2351 improbes.
2562 2282 3020 2350 Quemadmodum
3046 2286 3188 2340 enim
3218 2287 3306 2356 qui
3337 2285 3485 2343 febre
3511 2289 3592 2342 la-

2006 2373 2213 2432 borant,
2238 2381 2519 2443 postquam
2549 2390 2579 2429 a
2601 2375 2792 2430 morbo
2823 2375 3028 2430 liberati
3061 2376 3275 2441 fuerint,
3304 2393 3440 2447 puro
3465 2394 3592 2433 aere

2004 2463 2278 2534 indigent:
2309 2467 2382 2521 ita
2411 2468 2574 2522 etiam
2605 2482 2740 2536 quos
2759 2469 2922 2522 animi
2949 2470 3379 2538 perturbationes
3407 2471 3476 2526 ad
3507 2473 3592 2526 in-

2003 2555 2205 2608 saniam
2235 2556 2473 2626 adigunt,
2504 2558 2548 2610 si
2581 2557 2646 2611 ad
2675 2570 3019 2613 monumenta
3064 2562 3409 2628 accesserint,
3443 2570 3587 2616 tatu-

2003 2665 2160 2718 quam
2207 2652 2294 2720 qui
2340 2653 2392 2705 in
2438 2651 2694 2720 prmdium
2747 2652 3156 2708 saluberrimum
3212 2656 3588 2724 pervenerint,

2005 2744 2200 2797 multas
2227 2745 2496 2813 expellant
2522 2745 2884 2814 mgritudines.
2917 2745 3126 2800 Sufficit
3151 2747 3295 2801 enim
3327 2746 3416 2800 vel
3442 2750 3590 2802 solus

2004 2851 2151 2890 urna:
2180 2849 2427 2906 aspectus
2456 2837 2521 2890 ad
2539 2853 2659 2892 eum
2690 2836 3116 2906 deprimendum,
3145 2838 3236 2908 qui
3259 2837 3413 2892 valde
3440 2853 3593 2892 arro-

2002 2943 2134 2998 gans
2163 2937 2263 2983 est.
2297 2927 2378 2983 Ab
2406 2927 2488 2982 his
2518 2928 2774 2998 deinceps
2805 2930 3106 2983 transmitte
3134 2939 3278 2983 tuam
3307 2931 3590 3000 cogitatio-

2005 3035 2128 3074 nem
2156 3018 2221 3073 ad
2252 3017 2484 3073 futurqu
2519 3020 2663 3072 illttm
2693 3019 2834 3072 diem
2860 3019 3176 3083 terribilem,
3205 3019 3271 3074 ad
3298 3021 3502 3074 futuras
3523 3021 3592 3074 de

2007 3119 2057 3165 te
2082 3111 2428 3181 qumstiones,
2474 3119 2529 3165 et
2573 3110 2874 3164 reddendas
2912 3111 3171 3176 rationes,
3203 3111 3267 3164 ad
3310 3113 3588 3182 supplicia,

2004 3218 2123 3272 qum
2159 3203 2364 3256 nttllum
2397 3201 2597 3257 habent
2637 3203 2856 3257 omnino
2889 3203 3158 3268 solatium,
3199 3202 3491 3258 ubinemo
3541 3214 3593 3258 te

2004 3295 2291 3350 defendet:
2323 3303 2378 3350 et
2409 3295 2490 3349 his
2521 3294 2767 3350 omnibus
2796 3294 2962 3348 veluti
2991 3293 3308 3364 quibusdam
3347 3295 3594 3349 cantibus

2005 3391 2131 3446 seda
2189 3401 2302 3446 tuas
2349 3391 2513 3445 animi
2569 3389 3021 3460 perturbationes.
3068 3388 3361 3444 Considera
3411 3397 3591 3442 autem

2005 3485 2166 3540 etiam
2193 3499 2262 3539 ex
2291 3484 2599 3538 hominibus
2621 3499 2716 3539 eos
2737 3485 2826 3554 qui
2870 3484 2922 3538 in
2951 3483 3058 3537 vita
3085 3483 3335 3553 praesenti
3362 3498 3427 3537 ex
3453 3482 3595 3536 divi-

2008 3579 2094 3632 tiis
2119 3577 2316 3633 redacti
2338 3587 2463 3633 sunt
2484 3579 2536 3632 in
2569 3588 2958 3647 paupertatem,
2987 3593 3052 3632 ex
3083 3577 3252 3648 gloria
3281 3577 3334 3631 in
3367 3575 3594 3647 ignomi-

2007 3671 2148 3724 niam
2179 3689 2191 3723 :
2217 3678 2272 3725 et
2307 3671 2351 3725 si
2386 3671 2518 3725 velis
2563 3671 2742 3732 irasci,
2790 3687 2896 3724 non
2929 3671 2977 3725 ei
3019 3671 3109 3739 qui
3140 3680 3222 3724 est
3263 3669 3356 3724 tibi
3395 3684 3596 3739 genere

2005 3763 2342 3833 conjunctus,
2377 3763 2472 3818 sed
2517 3762 2660 3816 malo
2707 3763 2938 3818 daemoni
2993 3763 3224 3817 irascere
3263 3761 3498 3828 :babes,
3541 3762 3596 3816 iu

2007 3871 2163 3926 quem
2199 3857 2330 3910 iram
2359 3855 2603 3910 effundas
2637 3873 2650 3910 :
2687 3855 2758 3909 illi
2806 3870 3091 3925 numquam
3120 3853 3506 3918 reconcilieris,
3541 3852 3594 3907 in

2008 3947 2155 4002 illum
2197 3948 2326 4000 iram
2375 3946 2590 4002 effunde
2627 3955 2682 4001 ct
2727 3962 3005 4012 consume,
3048 3949 3101 4000 in
3149 3945 3298 4000 illum
3331 3943 3489 4000 tende
3520 3944 3597 3997 la-

2007 4055 2223 4111 queum,
2263 4055 2549 4110 numquam
2592 4053 2772 4095 cesses
2811 4039 3068 4093 adversus
3108 4053 3230 4094 eum
3261 4038 3460 4094 bellum
3500 4055 3596 4108 ge-

2007 4147 2147 4188 rere.
2180 4133 2233 4188 5.
2285 4131 2411 4186 Cum
2439 4133 2740 4186 irasceretur
2768 4133 2915 4202 furor
2944 4146 3119 4184 eorum
3140 4133 3158 4163 ¹
3200 4131 3254 4185 in
3296 4149 3408 4196 nos,
3443 4136 3597 4205 forsi-

2009 4235 2095 4278 tan
2122 4241 2257 4294 aqua
2305 4224 2642 4278 absorbuisset
2687 4239 2799 4276 nos.
2845 4224 2899 4276 4.
2954 4221 3247 4276 Torrentem
3276 4226 3597 4293 pertransivit

2007 4321 2178 4390 anima
2245 4329 2417 4372 nostra
2464 4334 2482 4371 :
2530 4318 2743 4388 forsitan
2793 4317 3144 4386 pertransisset
3201 4318 3374 4370 anima
3423 4329 3597 4372 nostra

2007 4429 2190 4482 aquam
2229 4411 2612 4465 intolerabilem.
2653 4409 2966 4464 Torrentem
3015 4417 3068 4463 et
3112 4423 3302 4480 aquam
3342 4408 3430 4464 hic
3467 4410 3598 4466 dicit.

2009 4508 2279 4576 ingentem
2306 4505 2437 4559 iram
2475 4503 2810 4558 inimicorum
2842 4520 2856 4554 :
2887 4511 2970 4556 est
3009 4502 3152 4558 enim
3175 4517 3334 4573 aqua,
3366 4519 3486 4574 quae
3514 4507 3597 4558 iu-

2006 4596 2302 4663 composite
2325 4609 2515 4665 magna
2536 4595 2588 4649 vi
2617 4604 2673 4649 et
2692 4595 2890 4664 impetu
2921 4595 3108 4660 fertur,
3135 4607 3198 4648 ac
3222 4593 3595 4664 quodcumque

2008 4690 2056 4744 ei
2087 4688 2339 4753 occurrit,
2362 4702 2543 4743 secum
2575 4686 2756 4742 trahit.
2787 4686 2900 4740 Non
2929 4687 3102 4739 solum
3141 4695 3318 4741 autem
3347 4685 3435 4740 hic
3465 4685 3598 4742 dicit

2009 4782 2356 4850 irruptionem
2385 4780 2667 4844 malorum,
2697 4777 2792 4832 sed
2817 4779 2976 4831 etiam
3007 4778 3311 4831 transitum.

2079 4874 2133 4927 2.
2169 4875 2243 4927 Nc
2285 4873 2518 4925 animum
2551 4885 2678 4942 ergo
2711 4870 3022 4940 abjiciamus
3066 4867 3279 4940 quando
3320 4886 3418 4925 nos
3458 4873 3597 4927 mala

2009 4967 2318 5023 invaserint.
2362 4964 2596 5019 Torrens
2622 4973 2703 5018 est
2730 4963 2981 5032 quidquid
3013 4962 3224 5017 tandem
3252 4965 3353 5031 sit,
3387 4974 3467 5020 est
3495 4981 3597 5020 nu-

2009 5063 2105 5118 bes
2131 5077 2247 5133 quze
2285 5059 2666 5130 prmtercurrit.
2721 5056 2986 5126 Quidquid
3017 5057 3226 5112 molesti
3265 5057 3460 5112 dixeris
3486 5098 3502 5122 ,
3542 5057 3599 5113 id

2011 5157 2170 5210 hahet
2198 5157 2354 5208 linem
2389 5152 2680 5223 :quidquid
2725 5166 2973 5220 asperum
3015 5150 3250 5216 dixeris,
3302 5153 3354 5206 id
3383 5166 3597 5221 quoque

2010 5247 2172 5303 habet
2193 5248 2414 5301 exitum.
2447 5245 2501 5299 Si
2529 5245 2671 5299 enim
2702 5241 2861 5297 ﬁnem
2884 5258 2987 5296 non
3011 5241 3254 5307 haberet,
3283 5256 3470 5296 natura
3489 5258 3598 5297 non

2009 5339 2299 5395 sufficeret.
2340 5339 2412 5392 At
2447 5337 2780 5406 complures,
2807 5335 3036 5406 inquies,
3073 5349 3251 5388 secum
3283 5333 3464 5387 trahit.
3491 5332 3596 5387 Sed

2011 5435 2062 5488 id
2094 5448 2203 5488 non
2232 5432 2294 5487 fit
2317 5446 2384 5486 ex
2409 5430 2523 5500 ejus
2547 5429 2795 5485 violentia
2817 5471 2832 5496 ,
2861 5427 2955 5484 sed
2985 5436 3203 5498 propter
3228 5441 3326 5483 eos
3352 5426 3441 5496 qui
3470 5435 3600 5483 sunt

2012 5528 2183 5597 ignavi
2214 5535 2269 5582 et
2307 5525 2462 5580 facile
2501 5532 2926 5594 prosternuntur.
2975 5519 3054 5574 Ne
3091 5533 3221 5588 ergo
3247 5517 3593 5584 seducamur,

2012 5625 2105 5680 sed
2143 5621 2209 5678 ad
2237 5635 2299 5676 ca
2328 5635 2446 5692 qua:
2491 5619 2675 5673 intima
2714 5625 2836 5673 sunt
2878 5614 2993 5687 ejus
3021 5610 3391 5685 perveniamus
3416 5653 3432 5677 ,
3479 5611 3594 5669 loca

2075 5793 2092 5822 ¹
2129 5782 2288 5844 savii,
2315 5789 2450 5849 furor
2477 5779 2603 5851 ejus.
