4112 6342
541 377 646 436 355

541 493 661 558 eius
686 485 1107 549 consideremus,
1132 495 1336 537 sacram
1359 493 1610 534 ancoram
1637 491 1761 545 appr
1777 472 2122 534 chendamns,

541 592 599 637 ιιι
645 581 844 636 nullum
887 577 1153 649 patiamur
1194 571 1549 640 naufragium.
1601 568 1840 622 Torrens
1870 564 2016 620 enim
2044 571 2129 618 est

540 677 605 732 ad
640 685 848 744 tempus
874 670 1146 732 terribilis,
1185 676 1239 722 et
1270 680 1483 720 rursum
1513 677 1671 732 supra
1703 659 1916 714 modum
1943 655 2126 726 depri-

540 769 723 822 mitur.
773 765 918 834 Aqua
942 761 1274 816 absorbuisset
1302 773 1413 811 nos.
1468 754 1619 808 Alius
1651 750 1726 824 (a)
1751 793 1766 816 ,
1818 749 1958 803 Tunc
1997 752 2129 819 forte

540 875 686 931 aqua:
736 855 1110 911 inuuduuissent
1159 867 1249 904 nos
1301 848 1442 918 quasi
1480 856 1674 900 torrens
1726 851 2128 913 pertranseuntes

541 960 716 1006 contra
757 950 981 1002 animam
1010 956 1254 1000 nostram.
1301 941 1540 996 Forsitan
1581 937 1927 1010 pertransisset
1955 937 2128 990 anima

541 1053 716 1097 nostra
744 1057 926 1112 aquam
955 1037 1339 1092 intolerabilem.
1391 1034 1541 1088 Alius
1563 1075 1579 1098 ,
1629 1030 1772 1084 Tunc
1812 1030 2126 1084 transiissent

543 1150 693 1204 super
722 1133 946 1185 animam
976 1139 1235 1192 nostram,
1287 1135 1540 1196 tamquam
1579 1139 1757 1188 aqum,
1802 1121 2001 1192 superbi
2027 1118 2123 1192 (ὁ).

545 1222 732 1279 Vidisti
775 1231 1029 1292 quantum
1071 1221 1139 1274 sit
1179 1219 1269 1272 Dei
1301 1215 1598 1271 auvilium?
1640 1211 1909 1284 quomodo
1947 1213 1998 1265 in
2050 1219 2128 1266 tot

538 1317 696 1372 malis
723 1330 827 1368 non
855 1314 1036 1368 siverit
1065 1326 1158 1366 eos
1179 1309 1442 1378 submcrgi
1466 1308 1488 1360 ?
1517 1306 1640 1361 ideo
1670 1305 1810 1360 enim
1841 1304 1966 1358 sinit
1987 1303 2125 1356 mala

538 1422 808 1474 crescere,
840 1421 945 1460 non
974 1413 1030 1459 ut
1062 1419 1159 1458 nos
1188 1401 1449 1463 obruant,
1476 1399 1569 1453 sed
1599 1406 1656 1451 ut
1680 1396 1848 1464 magis
1879 1395 2128 1464 probatos

543 1504 808 1567 efficiant,
857 1511 910 1556 et
935 1517 1043 1554 suae
1074 1498 1324 1568 potentia:
1360 1496 1614 1565 majorem
1651 1494 1882 1562 pra-beat
1907 1492 2129 1546 demono

539 1594 872 1649 strationem.
903 1590 1172 1660 Superbos
1201 1598 1376 1643 autem
1407 1586 1494 1640 hic
1513 1584 1639 1640 dicit
1663 1585 1865 1648 hostes,
1887 1581 1975 1652 qui
1999 1595 2130 1650 quo-

541 1686 625 1740 vis
652 1692 918 1748 torrente,
949 1692 1003 1736 et
1025 1681 1213 1752 quavis
1241 1695 1376 1749 aqua
1410 1675 1725 1732 intolerabili
1760 1672 2129 1729 vehementius

545 1776 842 1839 irruentes,
888 1773 1020 1828 nihil
1049 1773 1193 1843 ipsos
1222 1771 1494 1826 ltl‘Serllni.
1546 1768 1600 1822 in
1631 1782 1789 1821 causa
1825 1775 1909 1820 est
1949 1773 2127 1820 autem

541 1861 641 1921 Dei
685 1865 990 1936 prassidium
1015 1904 1032 1930 ,
1075 1863 1288 1918 caelustc
1330 1860 1625 1914 subsidium
1650 1900 1666 1922 ,
1706 1858 1959 1912 auxilium
1986 1854 2129 1926 quod

542 1958 782 2027 superari
811 1972 915 2009 non
943 1963 1136 2024 potest.
1165 1952 1234 2007 Et
1263 1953 1382 2006 ideo
1410 1968 1528 2006 cum
1553 1951 1665 2020 ipse
1690 1949 1912 2004 dixisset
1937 1947 2130 2002 libera-

539 2050 742 2104 tionem
768 2064 798 2102 a
825 2047 977 2102 malis
1001 2086 1016 2110 ,
1045 2045 1174 2101 dicit
1195 2061 1316 2100 eum
1344 2045 1502 2099 etiam
1531 2043 1620 2113 qui
1650 2043 1892 2097 liberavit
1915 2083 1929 2106 ,
1972 2041 2130 2111 idque

543 2156 665 2196 cum
702 2154 908 2195 summa
949 2138 1065 2207 ejus
1105 2137 1280 2191 laude.
1333 2137 1389 2191 5.
1420 2133 1721 2188 Benedictus
1744 2131 2016 2197 Dominus,
2044 2131 2129 2195 qui

545 2248 647 2285 non
689 2231 828 2284 dedit
859 2246 950 2283 nos
992 2230 1044 2282 in
1065 2227 1351 2298 captionem
1376 2225 1606 2280 dentibus
1631 2240 1822 2278 eorum.
1869 2223 1922 2278 6.
1947 2223 2132 2276 Anima

542 2333 720 2378 nostra
739 2323 864 2376 sicut
898 2336 1070 2391 passer
1089 2327 1259 2390 erepta
1296 2327 1366 2372 est
1396 2317 1460 2372 de
1493 2318 1671 2387 laqueo
1701 2316 2007 2370 venantium.
2041 2313 2132 2368 Vi-

547 2417 667 2471 disri
707 2414 972 2486 quomodo
997 2428 1148 2467 suam
1187 2411 1419 2466 ostendit
1454 2410 1866 2464 imbecillitatem
1886 2450 1901 2472 ,
1933 2418 1985 2462 et
2012 2406 2133 2461 illo-

547 2521 666 2563 rum
697 2506 1022 2577 potentiam?
1053 2506 1132 2560 illi
1150 2506 1294 2560 enim
1325 2515 1573 2574 tanquam
1605 2501 1732 2557 ferae
1761 2511 1814 2556 et
1835 2502 2018 2556 leones
2035 2515 2130 2556 eos

547 2598 869 2654 invadebant
892 2639 906 2662 ,
938 2597 1106 2667 parati
1131 2597 1217 2650 vel
1239 2611 1423 2651 eorum
1453 2595 1596 2650 vesci
1628 2593 1876 2649 carnibus
1895 2633 1910 2658 ,
1939 2593 2128 2647 armati

542 2702 602 2747 et
629 2692 830 2746 viribus
853 2701 908 2747 et
937 2689 1203 2744 iracundia
1229 2704 1244 2753 ;
1288 2686 1344 2742 hi
1370 2701 1498 2742 vero
1525 2694 1677 2742 erant
1701 2687 1888 2756 quovis
1915 2699 2132 2755 passere

547 2781 942 2840 imbecilliores.
969 2778 1118 2836 Tunc
1135 2781 1276 2834 enim
1305 2779 1395 2834 Dei
1418 2779 1666 2832 miracula
1699 2777 1929 2833 maxime
1951 2784 2135 2832 osten—

547 2875 765 2940 duntur,
795 2871 1009 2944 quando
1030 2871 1120 2942 qui
1146 2880 1268 2925 sunt
1290 2869 1560 2932 imbecilli,
1587 2878 1839 2938 superant
1868 2868 2133 2937 potentio-

543 2978 657 3022 res.
688 2966 798 3022 Nec
818 2981 884 3021 eo
919 2964 1091 3019 solum
1130 2971 1283 3018 erant
1319 2960 1528 3016 insidia:
1558 2961 1916 3016 intolerabiles
1940 3002 1956 3026 ,
1988 2960 2128 3030 quod

545 3059 622 3114 illi
647 3057 862 3129 quidem
887 3064 1068 3112 essent
1095 3063 1339 3125 potentes
1365 3060 1420 3108 et
1442 3052 1707 3108 terribiles
1726 3093 1741 3117 ,
1775 3052 1852 3106 ira
1881 3051 2045 3122 pleni,
2079 3061 2132 3106 et

545 3152 628 3208 vel
654 3166 838 3206 eorum
879 3149 1128 3204 carnibus
1158 3147 1300 3203 vesci
1330 3145 1496 3216 parati
1527 3163 1540 3199 :
1571 3145 1626 3200 hi
1653 3155 1830 3202 autem
1859 3145 2128 3208 imbecilli,

544 3255 600 3300 et
628 3245 812 3315 pauci,
863 3244 953 3314 qui
997 3241 1147 3296 facile
1187 3240 1364 3296 invadi
1396 3248 1648 3310 possent:
1675 3239 1767 3294 sed
1799 3240 1959 3294 etiam
1987 3239 2128 3310 quod

547 3348 730 3396 essent
767 3338 819 3392 in
861 3335 1051 3391 mediis
1088 3335 1240 3390 malis
1280 3334 1580 3402 intercepti,
1627 3342 1680 3388 et
1710 3334 1940 3404 undique
1969 3333 2129 3388 cincti

546 3430 963 3494 difficultatibus,
986 3427 1246 3483 haberent
1266 3426 1496 3496 undique
1516 3426 1651 3481 bella
1671 3439 1765 3480 eos
1785 3425 2130 3481 circumstan-

548 3527 620 3580 tia
654 3544 668 3580 :
698 3525 792 3580 sed
821 3523 910 3594 qui
929 3532 1014 3579 est
1033 3523 1259 3577 maxima
1287 3529 1547 3592 potestate
1580 3519 1851 3589 praeditus,
1879 3530 1934 3576 et
1957 3530 2130 3590 potest

546 3617 778 3687 undique
801 3630 1138 3676 conservare.
1165 3615 1324 3669 etiam
1352 3624 1629 3684 postquam
1657 3615 1887 3684 pericula
1909 3625 1963 3670 et
1990 3615 2127 3669 mala

547 3708 1030 3771 circumsederunt;
1081 3721 1180 3761 nos
1205 3747 1221 3771 ,
1254 3707 1438 3776 inquit,
1488 3706 1734 3762 liberavit
1778 3723 1899 3762 cum
1941 3724 2128 3778 magna

547 3800 815 3856 facilitate.
867 3799 1016 3867 Quod
1044 3798 1257 3870 quidem
1287 3798 1472 3854 volens
1495 3799 1779 3855 ostendere
1799 3842 1815 3867 ,
1843 3801 1920 3856 sic
1948 3801 2084 3856 dixit
2112 3821 2126 3854 :

544 3891 727 3945 Anima
749 3900 918 3945 nostra
935 3892 1061 3944 sicut
1082 3907 1252 3960 passer
1265 3902 1434 3960 erepta
1454 3900 1524 3945 est
1539 3890 1603 3944 de
1621 3891 1798 3962 laqueo
1821 3893 2126 3949 venantium.

547 3983 598 4035 7.
632 3982 861 4054 Laqueus
885 3986 1131 4037 contritus
1154 3995 1246 4050 est,
1277 3993 1323 4038 et
1349 4002 1440 4038 nos
1463 3985 1663 4038 liberati
1687 4003 1879 4039 suntus.
1925 3987 2128 4043 Deinde

543 4077 832 4130 ostendens
857 4078 1015 4130 etiam
1046 4078 1311 4146 quomodo
1334 4119 1348 4142 ,
1378 4079 1650 4147 subjunxit
1671 4121 1686 4138 .
1717 4079 1769 4134 8.
1802 4079 2126 4144 Aditum-ium

542 4175 769 4221 nostrum
805 4168 856 4220 in
884 4169 1086 4221 nomine
1111 4167 1339 4231 Domini,
1365 4169 1450 4236 qui
1478 4169 1596 4239 fecit
1636 4170 1814 4222 malum
1843 4184 1890 4223 et
1920 4179 2125 4225 terram.

545 4257 734 4313 Vidisti
775 4259 1104 4314 auxiliatoris
1130 4259 1414 4314 virtutem?
1441 4261 1618 4315 vidisti
1652 4263 1981 4331 potentiam?
2010 4262 2127 4334 Ipsa

540 4349 705 4404 etiam
732 4349 1035 4404 insidiarum
1065 4349 1382 4405 adminicula
1404 4351 1636 4406 sustulit.

620 4443 834 4510 Quantis
871 4460 962 4496 nos
1000 4444 1205 4498 auxiliis
1262 4441 1554 4498 instruxerit
1579 4444 1716 4500 Deus
1744 4448 1980 4503 adversus
2007 4449 2126 4502 dia-

546 4534 752 4599 bolum;
779 4536 862 4604 qui
886 4535 944 4605 ﬁt
973 4537 1036 4589 ab
1072 4537 1182 4605 ipso
1219 4552 1311 4590 nos
1347 4546 1510 4590 tamen
1541 4538 1690 4592 vinci.
1718 4568 1790 4579 —
1820 4540 1930 4595 lloc
1967 4541 2123 4596 etiam

541 4627 829 4696 anagogice
858 4628 1123 4696 acceperit
1161 4627 1420 4698 quispiam
1462 4629 1530 4684 de
1566 4629 1779 4685 diabolo
1803 4674 1818 4696 ,
1865 4643 1920 4686 et
1943 4633 2010 4688 de
2035 4649 2125 4703 ge-

543 4732 674 4771 nere
704 4716 998 4772 hominum.
1029 4717 1274 4774 Ostendit
1309 4721 1506 4790 quippe
1549 4722 1818 4792 quomodo
1845 4724 2120 4792 eripuerit,

541 4823 595 4860 et
621 4822 738 4878 ejus
768 4810 1038 4863 sustulerit
1075 4809 1292 4865 insidias
1325 4830 1337 4865 :
1376 4812 1477 4867 hoc
1522 4815 1665 4868 enim
1711 4815 1904 4868 factum
1937 4824 2020 4869 est
2057 4831 2122 4872 ex

538 4913 648 4964 quo
667 4897 800 4952 dixit
823 4899 1098 4968 discipulis
1130 4919 1143 4953 :
1173 4901 1438 4957 Ambulate
1465 4921 1617 4973 super
1641 4916 1890 4974 serpentes
1914 4917 1960 4960 et
1987 4923 2125 4961 scor-

540 4987 733 5055 piones,
761 4997 806 5040 et
825 5005 976 5058 super
994 5007 1187 5043 omnem
1211 5001 1504 5061 potestatem
1524 4995 1712 5048 inimici
1729 4993 1877 5067 (Luc.
1904 4997 2120 5068 10.19).

540 5077 654 5132 Non
683 5079 823 5134 enim
859 5090 941 5134 est
967 5082 1193 5150 amplius
1215 5092 1460 5150 apertum
1487 5084 1680 5139 hellmn
1705 5129 1720 5149 ,
1749 5102 1848 5141 nec
1874 5103 1939 5141 ex
1969 5103 2123 5158 aequo

544 5179 796 5224 instructa
836 5171 977 5225 acies
1003 5189 1018 5236 ;
1061 5172 1154 5226 sed
1179 5173 1265 5228 ille
1293 5175 1506 5244 quidem
1525 5176 1668 5245 jacet
1695 5193 1891 5246 pronus
1915 5189 1969 5234 ct
2001 5195 2122 5249 pro-

537 5261 814 5324 cumbens,
847 5273 898 5316 tn
916 5274 1091 5318 autem
1123 5277 1233 5319 stas
1257 5280 1484 5331 erectus,
1507 5283 1570 5322 ex
1597 5269 1704 5322 alto
1733 5285 1854 5324 eum
1883 5271 2116 5326 feriens:

539 5355 631 5410 ille
673 5353 885 5424 quidem
933 5370 1248 5424 enervatus,
1302 5371 1354 5413 tu
1386 5375 1514 5414 vero
1541 5362 1788 5416 robustus
1817 5373 1870 5418 et
1894 5363 2117 5419 validus.

538 5447 636 5516 Q'ti
661 5447 718 5500 ﬁt
737 5463 864 5519 ergo
884 5457 941 5502 ut
965 5464 1107 5519 smpe
1135 5452 1346 5506 vincat?
1376 5452 1489 5506 [Ioc
1518 5453 1574 5506 fit
1596 5470 1659 5509 ex
1679 5465 1857 5509 nostra
1888 5455 2116 5526 ignavia,

599 5627 672 5692 (ᾳ)
704 5627 788 5677 llic
811 5628 1055 5692 interpres
1075 5631 1184 5692 quis
1203 5631 1267 5679 sit
1297 5633 1562 5692 ignoratur.

601 5688 673 5759 (ὁ)
705 5696 815 5738 Huic
839 5688 1176 5759 interpretatio
1201 5701 1278 5741 est
1302 5688 1510 5754 Aquilae,
1534 5700 1589 5743 ut
1621 5696 1669 5744 in
1693 5696 1920 5759 Hexaplis
1939 5699 2118 5751 nostris

543 5749 715 5832 videre
737 5761 828 5832 est.
859 5757 908 5803 In
931 5749 1081 5832 Silvii.
1109 5757 1291 5832 desunt
1314 5749 1394 5826 hae
1416 5749 1577 5832 voces,
1601 5749 1990 5829 tauqtunnutquw
2014 5749 2119 5832 tibi;

540 5814 601 5860 τὰ
622 5814 809 5878 ὕδατα),
831 5829 941 5877 quae
963 5824 1126 5868 tamen
1153 5818 1232 5869 hic
1256 5814 1590 5882 requiruntur.

1307 367 1365 424 S.
1403 361 1678 422 .lOANNlS
1713 354 2189 418 CllRYSOSTOMt
2226 355 2547 415 ARClllEP.
2586 357 3120 420 CONSTANTINDP.

3718 360 3822 425 $58

2235 485 2300 526 ex
2331 472 2571 528 sneordia
2602 489 2788 530 eorum
2818 476 2908 546 qui
2946 476 3242 533 dormiunt.
3283 476 3341 533 Si
3369 477 3500 534 velis
3535 480 3712 551 itaque
3739 499 3826 535 re.-

2235 563 2451 625 sisterc,
2504 581 2610 619 non
2655 567 2815 621 audet
2853 577 3024 621 tecum
3068 569 3323 623 instructa
3355 570 3468 625 acie
3505 572 3817 644 conﬂigere.

2233 653 2385 722 Quod
2415 656 2457 709 si
2484 656 2645 712 vincit
2688 657 3077 724 dormientem,
3129 660 3181 714 id
3211 675 3316 716 non
3357 663 3500 718 illius
3543 667 3819 734 potentiae,

2211 747 2328 802 used
2357 756 2458 802 tua:
2489 749 2822 804 tribuendum
2847 762 2928 806 est
2959 753 3315 822 negligentiae.
3364 756 3494 823 Quis
3521 759 3664 811 enim
3692 758 3821 813 dor-

2234 839 2486 892 mientem
2519 854 2622 894 non
2651 842 2873 909 vicerit,
2906 844 3004 896 etsi
3034 845 3102 897 sit
3133 845 3369 900 omnium
3402 847 3817 905 itnbecillimus?

2235 928 2493 998 Alligatus
2521 939 2603 984 est
2631 928 2809 997 fortis,
2861 932 3241 1002 impedimenta
3266 936 3384 1005 cjns
3407 939 3585 992 omnia
3611 941 3818 1009 direpta

2233 1029 2356 1074 sunt
2381 1061 2393 1085 ,
2419 1022 2583 1076 fracta
2608 1033 2692 1078 est
2720 1026 2976 1094 potentia,
3013 1037 3223 1096 ruptum
3248 1039 3330 1084 est
3354 1047 3415 1086 ac
3436 1032 3672 1086 dirutum
3703 1035 3822 1104 ejus

2234 1111 2624 1179 habitaculum,
2673 1113 2891 1170 frameae
2917 1117 3032 1186 ejus
3059 1119 3390 1175 defecerunt.
3444 1122 3582 1191 Quid
3624 1126 3702 1178 vis
3739 1126 3822 1180 his

2233 1207 2497 1275 amplius?
2548 1223 2649 1278 qua
2708 1207 2777 1263 de
2837 1224 2993 1265 causa
3033 1227 3154 1266 eum
3201 1213 3398 1270 times?
3439 1231 3537 1270 cur
3579 1220 3824 1272 vereris?

2231 1293 2421 1352 .lnssus
2448 1311 2507 1352 es
2534 1300 2851 1356 eoncuicare
2879 1316 3021 1369 eum,
3055 1305 3143 1373 qui
3174 1312 3256 1358 est
3277 1316 3562 1362 ettervatus
3592 1325 3605 1361 :
3635 1325 3822 1378 quam-

2232 1385 2416 1440 obrem
2437 1427 2454 1454 ,
2483 1387 2597 1455 dic,
2626 1404 2808 1458 quaeso
2829 1431 2843 1456 ,
2887 1395 3298 1449 contremiscis?
3343 1411 3437 1450 cur
3458 1400 3728 1453 cunctaris
3757 1415 3823 1454 ac

2231 1475 2479 1532 dubitas?
2533 1481 2726 1534 Annon
2773 1483 2976 1552 cogitas
3006 1484 3178 1553 qualis
3206 1487 3274 1541 sit
3301 1489 3390 1556 qui
3423 1488 3514 1542 tibi
3546 1489 3646 1544 fert
3671 1492 3824 1545 auxi-

2232 1566 2404 1622 lium?
2446 1569 2559 1624 Non
2608 1573 2779 1626 Solum
2806 1575 2946 1628 enim
2981 1574 3150 1632 hostis
3179 1587 3298 1632 tuus
3337 1581 3504 1635 factus
3539 1593 3620 1636 est
3650 1584 3819 1638 imbe-

2233 1657 2448 1713 cillior:
2481 1661 2576 1715 sed
2617 1663 2778 1717 etiam
2829 1674 2975 1718 tuum
3025 1666 3196 1736 majus
3221 1677 3303 1723 est
3331 1671 3608 1725 auxilium.
3654 1672 3820 1727 Com-

2234 1766 2416 1821 pressa
2436 1762 2518 1807 est
2543 1755 2718 1808 carnis
2739 1758 3041 1824 exsultatio,
3067 1761 3269 1829 peccati
3287 1762 3462 1818 ablata
3483 1776 3566 1820 est
3584 1769 3821 1832 sarcina,

2233 1843 2454 1912 gratiam
2481 1843 2709 1914 Spiritus
2738 1849 3022 1918 accepisti,
3051 1867 3172 1922 qua:
3211 1853 3371 1909 habet
3398 1855 3502 1910 vim
3528 1859 3813 1914 unctionis.

2236 1934 2372 1990 Nam
2393 1937 2528 2010 quod
2551 1939 2858 2008 impossibile
2882 1954 2988 1996 erat
3019 1943 3148 2015 legi,
3179 1945 3231 1999 in
3258 1963 3356 2014 quo
3379 1959 3487 2002 erat
3511 1950 3822 2006 imbecillum:

2234 2044 2326 2096 per
2353 2046 2554 2084 carnem
2574 2072 2589 2096 ,
2622 2031 2759 2086 Deus
2806 2034 2957 2088 misso
3000 2052 3091 2088 suo
3122 2035 3256 2091 Filio
3277 2039 3329 2091 in
3355 2041 3684 2097 similitudine
3707 2062 3824 2098 cur-

2233 2120 2312 2173 nis
2357 2122 2585 2190 peccati,
2632 2133 2678 2177 et
2719 2125 2781 2178 de
2827 2138 3030 2195 peccato
3076 2129 3425 2185 condemnavit
3469 2148 3723 2202 peccatum
3765 2141 3819 2192 in

2232 2227 2385 2264 carne
2404 2252 2420 2276 ,
2449 2222 2502 2265 ut
2521 2214 2826 2284 justi/iratio
2853 2217 2976 2288 legis
3006 2219 3296 2291 impleretur
3319 2223 3372 2276 in
3401 2226 3540 2278 nobis
3560 2267 3576 2292 ,
3602 2229 3686 2296 qui
3715 2247 3816 2284 non

2232 2303 2506 2356 secundum
2537 2322 2740 2360 carnem
2767 2307 3085 2365 ambulamus
3113 2311 3287 2380 (Rom.
3313 2315 3364 2370 8.
3397 2318 3448 2371 5.
3478 2318 3554 2388 1).
3586 2321 3815 2376 Carnem

2233 2392 2359 2450 fecit
2382 2396 2472 2452 tibi
2494 2399 2834 2469 morigerum,
2863 2417 3008 2456 arma
3037 2403 3131 2458 tibi
3161 2405 3399 2470 donavit,
3433 2409 3700 2466 thoracem
3728 2414 3819 2482 ju-

2234 2487 2390 2541 Stitim
2414 2530 2428 2554 ,
2458 2487 2725 2560 cingulum
2758 2491 3029 2559 veritatis,
3069 2495 3275 2564 galeam
3313 2498 3531 2564 salutis,
3574 2502 3818 2572 clypeum

2234 2576 2378 2644 ﬁdei,
2404 2579 2637 2649 gladium
2674 2583 2926 2653 Spiritus,
2954 2586 3166 2642 arrham
3195 2588 3360 2654 dedit,
3390 2607 3613 2663 corpore
3638 2610 3736 2650 suo
3766 2606 3818 2651 te

2235 2672 2420 2738 nutrit,
2438 2675 2745 2744 sanguinem
2762 2692 2916 2732 suum
2934 2677 3026 2732 tibi
3044 2679 3328 2736 bilmtidum
3349 2686 3589 2754 porrigit,
3604 2701 3815 2743 crucem

2235 2766 2329 2820 tibi
2365 2776 2635 2837 tamquam
2685 2768 2923 2825 lanceam
2968 2771 3021 2825 iu
3066 2788 3252 2828 manus
3280 2777 3494 2832 tradidit
3519 2777 3728 2850 (Ephes.
3761 2781 3813 2834 ti.

2238 2858 2322 2914 14.
2349 2860 2544 2929 seqq.),
2592 2860 2828 2916 lanceam
2871 2880 2990 2934 quae
3037 2881 3320 2936 numquam
3356 2867 3629 2926 flectitur:
3671 2873 3818 2928 illum

2234 2953 2488 3023 alligavit,
2521 2953 2664 3008 humi
2689 2955 2929 3024 projecit.
2958 2955 3071 3012 Non
3097 2957 3258 3014 habes
3279 2959 3456 3030 itaque
3471 2978 3577 3032 quo
3597 2972 3652 3018 te
3672 2965 3819 3019 dein.

2234 3065 2360 3118 ceps
2385 3048 2638 3105 defendas
2658 3093 2674 3116 ,
2701 3051 2746 3106 si
2776 3053 3004 3106 vincaris
3033 3069 3046 3107 :
3075 3062 3131 3108 et
3159 3053 3201 3107 si
3234 3053 3531 3125 proliigeris
3549 3098 3563 3120 ,
3604 3073 3706 3112 non
3738 3069 3821 3114 est

2236 3142 2326 3195 tibi
2355 3142 2528 3196 danda
2561 3144 2734 3197 venia.
2768 3143 2942 3198 Habes
2969 3143 3108 3198 enim
3143 3145 3448 3201 innumeras
3471 3149 3702 3204 victoria:
3723 3168 3819 3205 att-

2233 3247 2344 3292 sas.
2369 3233 2602 3302 Laqueus
2627 3236 2870 3290 contritus
2897 3245 2990 3302 est,
3019 3237 3206 3306 inquit,
3226 3249 3272 3292 et
3290 3255 3380 3293 nos
3400 3241 3596 3295 liberati
3618 3259 3812 3298 sumus.

2235 3326 2560 3395 Adjutorium
2588 3337 2813 3381 nostrum
2842 3328 2896 3381 in
2919 3329 3120 3382 nomine
3156 3329 3359 3384 Domini
3384 3333 3471 3399 qui
3495 3335 3612 3405 fecit
3633 3336 3817 3389 cwlunt

2233 3427 2279 3472 et
2306 3428 2510 3472 terram.
2556 3418 2713 3473 Vides
2733 3421 2944 3490 qualem
2975 3421 3139 3476 habes
3176 3421 3574 3492 Imperatorem,
3601 3428 3814 3496 qualem

2235 3510 2467 3580 Regem,
2497 3526 2617 3566 eum
2645 3512 2734 3582 qui
2764 3521 2846 3566 est
2891 3512 3121 3568 universi
3147 3511 3332 3583 Opifex
3356 3556 3369 3580 ,
3399 3530 3521 3570 eum
3561 3518 3652 3588 qui
3699 3521 3817 3573 Solo

2232 3601 2397 3656 verbo
2428 3610 2505 3656 tot
2531 3617 2753 3672 corpora
2786 3603 3064 3672 produxit,
3119 3613 3316 3659 tantam
3345 3608 3578 3673 molem,
3614 3618 3813 3664 tantam

2235 3693 2686 3765 magnitudinem?
2715 3693 2791 3750 Ne
2816 3697 3048 3748 animum
3068 3694 3315 3750 demittas
3333 3737 3348 3760 ,
3382 3697 3503 3752 forti
3528 3701 3706 3753 animo
3733 3716 3819 3753 re-

2232 3786 2410 3839 sistas.
2469 3784 2611 3839 Nihil
2687 3795 2828 3841 velat
2875 3786 3158 3856 quominus
3203 3797 3459 3858 tropaeum
3511 3798 3659 3846 tttum
3711 3803 3816 3848 stet

2231 3887 2490 3930 erectum.
2526 3875 2650 3931 [huc
2673 3894 2800 3948 ergo
2829 3893 2950 3932 cum
2973 3879 3203 3933 sciamus
3222 3921 3238 3945 ,
3266 3894 3299 3933 ο
3323 3879 3498 3934 dilecti
3518 3923 3531 3943 ,
3556 3883 3718 3936 sobrii
3744 3885 3816 3936 si-

2232 3984 2382 4035 mus,
2415 3977 2782 4024 concertemus
2806 4011 2820 4034 ,
2862 3985 2960 4024 nec
2985 3968 3313 4024 dormiamus
3336 4012 3351 4036 ,
3397 3971 3495 4026 sed
3519 3987 3638 4027 cum
3665 3989 3814 4029 arma

2230 4063 2658 4128 absterserimus,
2677 4063 2945 4133 animique
2961 4063 3811 4133 alacritatemcontirmaverinms,

2231 4157 2442 4212 hostem
2495 4156 2709 4212 assidue
2753 4156 3039 4221 feriamus,
3083 4165 3140 4210 ιιι
3163 4173 3284 4211 cum
3310 4159 3621 4227 prmclaram
3647 4159 3812 4214 victo-

2231 4249 2364 4304 riam
2384 4248 2745 4313 retuleritnus,
2764 4264 2885 4302 cum
2914 4263 3100 4318 magna
3122 4249 3292 4319 gloria
3312 4265 3532 4319 regnum
3558 4253 3811 4306 czeiorum

2229 4355 2619 4410 consequamur
2644 4357 2656 4395 :
2683 4337 2823 4410 quod
2853 4339 3006 4394 nobis
3032 4339 3189 4394 detur
3211 4341 3421 4411 assequi
3445 4343 3611 4410 gratia
3639 4351 3691 4396 et
3721 4341 3812 4394 be.

2230 4433 2487 4504 nignitate
2528 4433 2736 4487 Domini
2764 4433 2928 4486 nostri
2973 4431 3100 4486 Jesu
3141 4431 3381 4498 Christi,
3431 4433 3517 4488 cui
3561 4431 3728 4502 gloria
3756 4441 3812 4487 et

2231 4525 2508 4595 imperium
2539 4524 2591 4580 in
2621 4523 2811 4578 smcula
2842 4523 3181 4578 saeculorum.
3207 4525 3398 4578 Amen.

2667 4655 2734 4711 IN
2772 4656 3092 4712 PSALMUM
3129 4656 3362 4712 CXXIV.

2336 4772 2386 4826 1.
2425 4769 2524 4837 Qui
2551 4770 2813 4840 conﬁdunt
2837 4771 2891 4824 in
2919 4769 3135 4826 Domino
3158 4811 3172 4835 ,
3203 4770 3336 4826 sicut
3363 4787 3507 4825 mons
3533 4771 3684 4827 Sion.

2303 4887 2352 4942 1.
2383 4885 2522 4952 Quid
2549 4884 2648 4939 sibi
2675 4887 2789 4942 vult
2809 4883 3012 4941 additio
3043 4885 3169 4940 Sion
3187 4887 3214 4939 .9
3240 4901 3338 4941 cur
3363 4887 3507 4941 enim
3536 4902 3643 4942 non
3673 4887 3808 4942 dlaii

2227 4981 2501 5047 absolute,
2531 4981 2678 5038 Sicut
2705 4998 2848 5036 mons
2868 5022 2883 5046 ,
2912 4980 3006 5036 scd
3040 4981 3184 5036 illius
3210 4981 3409 5036 montis
3436 4981 3712 5036 meminit?
3741 4985 3805 5041 Ut

2226 5073 2412 5129 doceat
2444 5089 2550 5128 non
2577 5073 2774 5130 debere
2815 5088 2913 5129 nos
2945 5073 3179 5128 animum
3227 5073 3462 5143 dejicere
3491 5075 3544 5130 in
3583 5078 3804 5132 calami-

2226 5166 2458 5232 tatibus,
2502 5181 2603 5221 nec
2645 5167 2713 5222 ab
2751 5167 2814 5220 iis
2844 5166 3208 5236 pessumdari,
3238 5167 3332 5222 sed
3366 5181 3396 5220 a
3422 5183 3518 5235 spe
3558 5169 3612 5223 in
3639 5169 3802 5225 Deum

2227 5259 2554 5329 pendentes,
2578 5262 2755 5314 omnia
2785 5260 2926 5315 ferre
2949 5259 3176 5324 fortiter,
3214 5260 3384 5327 bella,
3416 5278 3617 5333 pugnas
3639 5274 3692 5319 et
3723 5275 3804 5319 tu-

2225 5352 2440 5405 multus.
2493 5350 2950 5419 Quemadmodum
2994 5353 3136 5406 enim
3182 5351 3268 5408 hic
3314 5368 3468 5408 mons
3496 5355 3588 5425 qui
3631 5355 3802 5411 fuerat

2225 5443 2544 5513 quandoque
2589 5443 2872 5509 desertus,
2917 5453 2970 5498 et
3019 5443 3247 5500 nudatus
3285 5445 3707 5512 habitatoribus,
3735 5449 3802 5503 ad

2224 5536 2454 5606 priorem
2483 5536 2713 5590 redierat
2740 5538 3166 5606 prosperitatem,
3200 5540 3362 5593 veteri
3389 5549 3530 5595 statu
3558 5552 3799 5612 recepto,

2221 5644 2344 5684 cum
2389 5629 2575 5684 incola:
2616 5629 2933 5698 rediissent,
2977 5640 3034 5687 et
3059 5631 3314 5687 miracula
3343 5649 3528 5688 rursus
3551 5635 3802 5689 ostende-

2221 5731 2406 5776 rentur
2433 5737 2448 5775 :
2477 5722 2546 5776 ita
2577 5723 2739 5776 etiam
2764 5723 2847 5777 vir
2872 5722 3056 5790 fortis,
3085 5722 3208 5778 licet
3232 5724 3299 5779 ab
3329 5725 3622 5780 innumeris
3651 5726 3799 5780 inva-

2223 5814 2377 5871 datur
2411 5815 2830 5885 calamitatibus,
2862 5831 2966 5873 non
2995 5826 3284 5874 evertetur.
3328 5815 3406 5875 Ne
3434 5833 3562 5890 ergo
3583 5834 3795 5891 quzeras
