4090 6338
392 352 496 412 357

394 470 548 546 ζήτει
593 467 726 540 βίον,
757 465 853 522 καὶ
881 464 1232 539 ἀπράγμονα,
1262 463 1360 519 καὶ
1397 460 1805 546 ἀταλαίταυρον,
1836 454 1973 546 ἀλλά

394 538 489 607 τὸν
512 538 779 615 κινδύνοις
809 549 884 622 μὴ
914 538 1390 622 παρασυρόμενον.
1427 545 1504 600 Οὐ
1535 543 1643 614 γάρ
1680 545 1829 596 ἐστιν
1859 538 1974 622 ίσον

396 636 456 689 ἐν
488 634 671 706 λιμένι
710 621 1040 704 καθήμενον,
1079 633 1174 686 καὶ
1221 630 1478 699 πελάγιον
1528 623 1823 679 σαλεύοντα
1874 621 1975 706 τὴν

395 704 594 790 τέχνην
624 715 1053 771 ἐπιδείκνυσθαι.
1090 715 1150 768 'O
1181 712 1281 785 μὲν
1300 714 1409 785 γάρ
1426 711 1602 782 νωθὴς
1622 708 1853 790 γίνεται,
1874 704 1976 760 καὶ

398 789 600 876 χαέῦνος
628 801 723 854 καὶ
739 798 926 864 ἄτονος
945 817 958 832 ·
978 800 1006 852 6
1022 798 1102 863 δὲ,
1132 796 1332 861 πολλὰς
1359 796 1457 867 μέν
1483 793 1687 864 πέτρας
1713 789 1972 876 ὑφάλους..

400 870 604 948 πολλὰς
624 884 681 938 δὲ
718 882 998 948 σπιλάδας,
1041 881 1245 945 πολλὰς
1285 880 1343 933 δὲ
1369 878 1588 947 ἀνέμων
1612 876 1752 946 βίας,
1782 874 1879 927 και
1904 870 1975 925 τὰ

398 969 534 1025 ἄλλα
561 968 628 1022 τά
676 967 785 1022 ἀπὸ
826 967 926 1038 τῆς
953 965 1225 1036 θαλάττης
1255 961 1553 1033 ὑπομείνας
1584 960 1756 1024 δεινὰ,
1794 957 1888 1011 καὶ
1916 959 1975 1010 ἐν

398 1055 532 1107 πᾶσι
548 1051 756 1115 τούτοις
770 1050 1085 1118 διενεγκὼν,
1104 1048 1458 1119 ἰσχυροτέραν
1474 1044 1667 1098 ἐαυτοῦ
1685 1041 1975 1112 καθίστησι

395 1138 497 1207 τὴν
525 1135 725 1206 ψυχήν.
759 1133 859 1188 Διά
907 1132 1016 1205 γὰρ
1062 1131 1340 1222 τοῦτο.
1374 1128 1467 1222 τὸν
1499 1127 1744 1199 παρόντα
1776 1123 1977 1222 ἐξηνέ-

401 1221 540 1292 χθης
572 1218 707 1290 βίον,
736 1218 837 1288 οὐχ
860 1217 947 1271 ἵνα
965 1218 1163 1287 ἀργῇς,
1191 1213 1298 1268 οὐδ’
1317 1212 1402 1268 ἵνα
1427 1208 1839 1274 ἀναπεπτωκὼς
1884 1208 1973 1283 ᾗς,

394 1305 505 1360 οὐδ’
525 1305 612 1357 ἶνα
631 1302 715 1373 μὴ
741 1303 954 1372 πάσχῃς
980 1299 1147 1371 μηδὲν
1169 1297 1362 1362 δεινὸν,
1381 1296 1494 1350 ἀλλ’
1520 1295 1608 1349 ἴνα
1631 1293 1816 1348 παθὼν
1836 1293 1977 1363 λαμ-

395 1387 661 1459 πρότερος
693 1383 845 1456 γένῃ.
872 1382 964 1454 Μὴ
988 1382 1053 1454 δὴ
1075 1382 1176 1454 τὴν
1205 1380 1392 1436 ἄνεσιν
1413 1378 1690 1451 ζητῶμεν,
1706 1375 1860 1459 ,μηδέ
1878 1375 1975 1459 τὸν

394 1455 606 1543 τρυφῆς
634 1455 872 1538 γέμοντα
906 1465 1040 1536 βίον.
1076 1465 1150 1518 Οὐ
1180 1466 1289 1536 γὰρ
1321 1462 1515 1535 ἀνδρὸς
1530 1457 1802 1531 γενναίου,
1836 1455 1976 1543 ἀλλά

397 1541 680 1624 σκώληκος
711 1554 745 1624 ἡ
780 1550 1066 1622 ἐπιθυμία,
1101 1548 1295 1618 ἀλόγου
1343 1545 1601 1620 μᾶλλονῆ
1632 1543 1790 1612 λόγον
1821 1541 1976 1613 έχον-

394 1656 508 1703 τος.
549 1633 867 1706 Ἀλλέύχου
897 1634 994 1705 μὲν
1025 1632 1260 1705 μάλιστα
1293 1631 1368 1703 μὴ
1396 1631 1660 1703 ἐμπεσεῖν
1683 1629 1760 1691 είς
1787 1642 1979 1698 πειρα⁹

398 1720 570 1791 σμόν·
622 1721 672 1773 εί
714 1718 772 1772 δέ
813 1734 943 1771 ποτε
989 1714 1246 1788 ἐμϐαίης,
1298 1714 1373 1785 μὴ
1412 1725 1442 1754 α
1485 1711 1839 1783 δυσχέραινε,
1897 1707 1972 1781 μὴ

397 1801 651 1875 θορυϐοῦ,
685 1801 819 1874 μηδέ
848 1798 1142 1872 ταράττον,
1191 1798 1308 1853 ἀλλ’
1333 1798 1482 1861 ὅπως
1510 1797 1692 1865 γένοιο
1722 1793 1976 1865 λαμπρό-

397 1903 582 1958 τερος,
643 1885 863 1940 ἆπαντα
898 1884 1077 1938 ποίει.
1121 1883 1239 1954 Οὐχ
1290 1884 1424 1955 ὁρᾷς
1473 1881 1582 1935 τῶν
1614 1878 1976 1951 ’στρατιωτῶν

396 1970 523 2033 τοὺς
570 1967 982 2039 ἀνδρειοτάτους
1033 1966 1154 2030 πῶς
1193 1965 1305 2037 7τῆς
1358 1964 1659 2034 σάλπιγγος
1703 1962 1976 2033 καλούσης

396 2050 537 2123 πρὸς
566 2051 637 2104 τὰ
672 2050 909 2121 τρόπαια
954 2048 1233 2119 βλέπουσι,
1284 2048 1423 2119 πρὸς
1471 2047 1573 2111 τάς
1609 2045 1787 2111 νίκας,
1836 2045 1977 2118 πρὸς

395 2135 524 2199 τοὺς
550 2135 872 2204 στεφάνους,
896 2133 1035 2204 πρὸς
1074 2132 1202 2195 τοὺς
1229 2130 1671 2202 κατωρθωκότας
1699 2129 1808 2184 τῶν
1834 2145 1974 2201 προ-

396 2218 609 2286 γόνων;
653 2216 765 2272 Καὶ
800 2217 863 2269 σὺ
891 2215 1070 2268 τοίνυν
1120 2212 1220 2285 τῆς
1262 2212 1563 2282 σάλπιγγος
1593 2210 1832 2283 ἠχούσης
1875 2211 1976 2282 τῆς

399 2298 555 2373 [549]
582 2300 985 2369 πνευματικῆς,
1020 2296 1178 2367 στῆθι
1207 2297 1420 2359 λέοντος
1440 2295 1725 2373 γινόμενος
1749 2294 1977 2366 σφοδρό-

395 2372 555 2455 τερος
572 2396 587 2410 '
622 2379 846 2452 ἔμϐηθι,
869 2379 972 2434 κᾶν
993 2380 1104 2451 πῦρ
1123 2379 1151 2419 δ
1169 2375 1341 2454 ᾖ,κᾶν
1365 2378 1604 2450 σίδηρος.
1627 2372 1752 2431 Οῖδε
1777 2376 1872 2431 καὶ
1904 2375 1977 2431 τά

400 2466 637 2536 στοιχεῖα
662 2464 789 2528 τοὺς
821 2463 988 2526 ὅντως
1012 2463 1290 2534 ἀνδρείους
1320 2461 1606 2516 αἰδεῖσθαι.
1638 2456 1762 2514 Οἶδε
1789 2459 1886 2514 καὶ
1906 2459 1977 2513 τά

399 2550 566 2621 θηρία
588 2549 714 2611 τοὺς
737 2546 879 2601 οὕτω
896 2546 1175 2615 γενναίους
1191 2545 1507 2599 δεδοικέναι.
1524 2545 1644 2599 Κᾶν
1669 2542 1774 2596 ὑπὸ
1788 2542 1974 2614 λιμοῦ,

397 2632 503 2688 κᾶν
537 2632 644 2686 ὑπὸ
687 2630 791 2701 τῆς
822 2628 1041 2699 φύσεως
1073 2628 1248 2700 αὐτῆς
1278 2626 1565 2702 ἀγριαίνῃ,
1605 2627 1826 2682 πάντων
1856 2629 1977 2683 ἐπι-

396 2714 739 2777 λανθάνεται,
768 2712 894 2765 ὅταν
925 2710 1011 2784 ίδῃ
1030 2710 1256 2777 δίκαιον,
1285 2711 1382 2765 καὶ
1411 2712 1605 2782 κρατεῖ
1623 2709 1716 2764 τοῦ
1744 2710 1971 2774 πάθους.

397 2798 623 2861 Τούτοις
656 2796 836 2850 τοίνυν
877 2795 1114 2867 φράττου
1162 2795 1275 2857 τοῖς
1321 2793 1526 2858 ὅπλοις,
1558 2794 1651 2847 καὶ
1684 2793 1822 2865 μηδὲ
1859 2793 1973 2866 πῦρ

396 2884 615 2947 δείσεις,
642 2880 747 2934 κᾶν
787 2881 868 2943 εἰς
894 2878 1125 2951 οὐρανὸν
1166 2877 1283 2949 ἴδῃς
1311 2878 1410 2950 τὴν
1448 2878 1622 2949 φλόγα
1652 2877 1975 2932 ἀναϐαίνου-

400 2984 521 3024 σαν.
550 2963 865 3037 Στρατηγὸν
889 2958 1041 3033 ἔχεις
1076 2960 1344 3030 γενναῖον,
1373 2961 1469 3014 καὶ
1520 2961 1700 3015 πάντα
1739 2961 1973 3033 δυνάμε-

399 3066 518 3112 νον,
573 3047 668 3103 καὶ
707 3045 937 3116 νεύματι
973 3044 1117 3115 μόνῳ
1146 3052 1179 3082 ὀ
1229 3043 1427 3098 λύοντα
1465 3043 1534 3098 τά
1566 3044 1735 3099 δεινά.
1787 3046 1976 3100 Πάντα

398 3127 631 3193 ἐκείνου,
656 3125 751 3180 καὶ
774 3121 1023 3194 οὐρανὸς.
1041 3122 1136 3176 καὶ
1155 3122 1251 3191 γῆ,
1280 3123 1375 3177 καὶ
1393 3122 1661 3188 θάλασσα,
1676 3122 1971 3196 καῖθηρία,

397 3211 494 3267 καὶ
541 3210 690 3282 πῦρ·
733 3208 913 3262 πάντα
956 3205 1107 3277 αύτῷ
1154 3206 1313 3278 ῥᾴδια
1346 3207 1440 3261 καὶ
1487 3208 1823 3279 μεταθεῖναι,
1879 3212 1975 3266 καὶ

400 3293 738 3367 μεταστῆσαι
766 3289 901 3364 πρὸς
923 3288 1194 3343 εὐκολίαν.
1219 3288 1393 3344 Πόθεν
1425 3286 1519 3346 οὖν
1548 3292 1819 3360 δέδοικας;
1853 3295 1975 3349 είπέ

401 3393 512 3449 μοι.
550 3373 860 3444 Ούδαμόθεν
884 3371 1127 3436 ἄλλοθεν,
1157 3372 1274 3426 ἀλλ’
1304 3373 1337 3443 ἢ
1362 3373 1470 3428 ἀπὸ
1495 3376 1727 3441 νωθείας
1763 3379 1976 3451 καὶτῆς

395 3456 605 3519 οἰκείας
654 3454 947 3525 ῥᾳθυμίας.
1000 3455 1135 3525 Ούχὶ
1167 3453 1396 3519 θάνατός
1434 3457 1549 3510 ἐστι
1588 3458 1698 3512 τῶν
1729 3459 1918 3513 κακῶν
1947 3462 1976 3514 6

397 3536 669 3608 κολοφών;
701 3534 863 3587 Ἀλλὰ
877 3534 971 3588 καὶ
983 3528 1139 3599 οὗτός
1154 3537 1271 3589 ἐστι
1290 3537 1390 3608 τῆς
1410 3538 1624 3607 φύσεως
1647 3540 1709 3594 τὺ
1730 3541 1974 3613 ὄφλημα.

399 3619 501 3674 Διά
541 3619 595 3672 τί
644 3617 721 3690 μὴ
754 3617 1121 3689 πραγματεύῃ
1165 3617 1228 3671 τὸ
1264 3620 1459 3689 χρέος;
1495 3622 1560 3674 Εἰ
1608 3623 1717 3694 γάρ
1759 3625 1973 3698 ἀνάγκη

398 3703 574 3756 ἐλθεῖν
599 3702 698 3774 τῂν
729 3700 848 3755 ὁδὸν
891 3699 1096 3772 ταύτην
1129 3701 1224 3754 καὶ
1271 3702 1467 3757 ἑκόντα
1510 3706 1607 3759 καὶ⁵
1633 3707 1854 3774 ἄκοντα,
1888 3709 1977 3764 διά

397 3789 452 3843 τί
507 3787 582 3860 μὴ
640 3786 776 3859 μετά
816 3784 1124 3856 ἐμπορίας;
1181 3785 1341 3842 Ἀλλὰ
1385 3788 1525 3859 μετά
1582 3789 1976 3865 βασανιστήρια

397 3874 461 3928 ού
488 3871 821 3942 πρόσκαιρα,
848 3868 984 3922 ἀλλά
1017 3868 1239 3941 μείζονα
1264 3869 1293 3910 ά
1320 3871 1422 3942 τῆς
1443 3872 1635 3946 ὀδύνης
1665 3878 1976 3949 παρέχοντα

396 3955 496 4028 τὴν
525 3955 743 4026 ἡδονήν.
768 3954 833 4007 Εἰ
865 3953 924 4008 δὲ
954 3953 1132 4007 ταῦτά
1167 3971 1249 4008 σοι
1269 3954 1416 4009 δοκεῖ
1451 3957 1664 4029 χαλεπά
1687 3954 1848 4023 εἶναι,
1884 3962 1976 4016 ἐν-

398 4044 589 4112 νόησον
620 4040 749 4102 τοὺς
775 4038 905 4092 ἄνευ
950 4036 1144 4109 μισθοῦ
1170 4038 1345 4110 φθορᾷ
1391 4043 1582 4114 μακρᾷ
1606 4043 1979 4116 παραδεδομέ-

397 4141 543 4189 νους,
572 4124 699 4187 τοὺς
722 4121 869 4194 λιμῷ
891 4121 1133 4193 διηνεκεῖ
1162 4122 1512 4188 παλαίοντας,
1540 4124 1667 4190 τοὺς
1692 4130 1976 4199 νοσήματα

395 4207 622 4278 ἔχοντας
648 4206 841 4262 ἀνίατα
866 4206 963 4261 καὶ
994 4206 1204 4279 μακρά,
1233 4208 1301 4262 δι’
1341 4209 1378 4263 ἀ
1411 4209 1506 4262 καὶ
1535 4210 1794 4276 πολλάκις
1818 4224 1841 4252 θ
1877 4213 1977 4285 ηὕ-

398 4289 559 4357 ξαντο
578 4287 1001 4347 καταλῦσαιτδν
1033 4288 1167 4358 βίον,
1206 4289 1392 4345 πολλοὶ
1424 4291 1482 4346 δὲ
1520 4294 1617 4347 καὶ¹
1646 4294 1741 4348 ἐπὶ
1782 4295 1975 4368 βρόχον

401 4373 497 4428 καὶ
538 4373 633 4428 ἐπὶ
679 4371 830 4443 ξίφος
859 4371 1148 4445 ὥρμησαν.
1176 4373 1267 4427 Σοὶ
1292 4374 1350 4429 δὲ
1390 4375 1619 4450 οὐρανὸς
1663 4380 1971 4453 πρόκειται,

403 4458 495 4512 καί
517 4456 586 4510 τὰ
618 4457 676 4509 ἐν
704 4458 817 4519 τοῖς
848 4455 1099 4527 οὐρανοῖς
1138 4455 1340 4526 ἀγαθά,
1373 4459 1467 4512 καὶ
1491 4460 1551 4513 οὐ
1576 4462 1844 4532 φρίττεις,
1879 4465 1977 4519 καὶ

398 4539 459 4593 ού
488 4537 732 4603 δέδοικας
758 4536 1364 4611 καταμαλακιζόμενος,
1394 4541 1493 4596 καὶ
1518 4543 1691 4600 ταῦτα
1733 4548 1975 4602 τοιοῦτον

402 4618 540 4692 ἔχων
581 4619 900 4693 σύμμαχον;
937 4621 1051 4675 Ούκ
1090 4622 1308 4688 ἀκούεις
1335 4623 1430 4679 τοῦ
1466 4626 1752 4699 Προφήτου
1788 4630 1978 4700 λέγον-

403 4706 944 4788 τος,οίπεποιθότες
961 4704 1061 4758 ἐπὶ
1080 4706 1317 4775 Κύριον,
1345 4707 1429 4775 ὡς
1447 4708 1583 4777 ὄρος
1603 4711 1756 4765 Σιών
1773 4728 1794 4777 ;
1814 4715 1979 4788 Ὄρος

399 4787 509 4859 γὰρ
536 4782 657 4840 εἷπε
687 4786 747 4842 τὸ
773 4785 1173 4859 ἀπερίτρεπτον
1202 4788 1378 4861 δηλῶν
1418 4792 1519 4862 τῆς
1556 4795 1637 4858 είς
1663 4794 1794 4849 Θεὸν
1822 4782 1979 4851 ἐλπί-

400 4870 510 4953 δος,
543 4869 605 4922 τὸ
640 4869 907 4953 πεπηγὸς,
941 4870 1002 4922 τὸ
1035 4871 1356 4942 ἀχείρωτον,
1387 4873 1450 4927 τὸ
1494 4875 1729 4947 ἄμαχον.
1768 4879 1978 4953 Ὠσπερ

399 4952 509 5023 γάρ
554 4969 638 5016 τις
680 4951 783 5005 κᾶν
830 4953 1001 5024 μυρία
1035 4955 1362 5027 προσαγάγῃ
1404 4961 1812 5031 μηχανήματα,
1853 4951 1978 5033 ὅρος

403 5035 528 5089 οὔτε
563 5036 903 5099 ἀνασπάσαι,
935 5035 1061 5090 οὔτε
1101 5038 1358 5094 σαλεύσαι
1395 5039 1716 5113 δυνήσεται·
1744 5045 1918 5111 οὕτως
1949 5050 1978 5102 6

398 5118 753 5189 προσϐάλλων
786 5118 807 5158 τ
844 5118 924 5190 τῷ
956 5119 1056 5191 τὴν
1081 5121 1273 5176 ἐλπίδα
1318 5123 1412 5177 ἐπὶ
1458 5125 1551 5178 τὸν
1597 5127 1730 5182 Θεὸν
1778 5128 1976 5200 ἔχοντι,

398 5202 585 5263 κεναῖς
625 5200 808 5256 οἴκαδε
838 5202 1183 5275 ἀναχωρήσει
1228 5207 1436 5276 χερσίν.
1466 5209 1664 5278 Ὄρους
1700 5211 1810 5281 γάρ
1843 5213 1978 5268 πολὺ

400 5283 804 5358 ἀσφαλέστερον
832 5288 866 5356 ή
896 5286 1107 5358 ἐλπὶςή
1148 5289 1241 5341 ἐπὶ
1276 5290 1368 5342 τὸν
1387 5291 1541 5348 Θεόν.
1576 5296 1659 5347 Οὐ
1679 5296 1981 5364 σαλευθή-⁹

399 5383 567 5421 σεται
594 5370 680 5433 εὶς
694 5367 802 5422 τόν
815 5366 1002 5422 αὶῶνα
1025 5372 1058 5423 ό
1075 5371 1367 5426 κατοικῶν
1389 5373 1797 5448 Ἰερουσαλήμ.
1823 5380 1980 5433 Ἔτε-

460 5459 486 5524 f’
508 5457 660 5524 _S_avil.
695 5461 733 5508 εί
754 5460 805 5524 δέ
823 5476 941 5524 ποτε
960 5460 1043 5508 καὶ
1063 5460 1286 5524 έμπέοῃς.
1312 5463 1394 5524 μή.

458 5520 486 5592 1]
512 5520 649 5592 limuls:
835 5519 947 5592 M9}
976 5519 1104 5592 υςιιιε
1121 5519 1268 5570 aliain
1290 5519 1399 5592 τους
1425 5525 1575 5592 οὕτως
1596 5528 1850 5592 ἀνδρείους.

460 5584 486 5646 (ξ
508 5582 672 5646 _Su_v_i|.
697 5581 856 5646 μόνον.
880 5581 987 5646 Mox
1011 5583 1143 5646 idem
1168 5585 1427 5646 μεταθεῖναι
1438 5588 1518 5634 καὶ
1538 5581 1728 5646 στῆσαι.

459 5641 486 5681 d
508 5643 558 5690 ln
580 5641 1095 5718 ’Morél.‘sic‘clgg§gla
1126 5641 1578 5718 lgbefaclata‘erayl:
1607 5641 1727 5718 ἄλλα
1748 5654 1866 5718 μετά
1893 5656 1981 5718 βα-

399 5705 680 5779 σανιστῄρια
699 5703 903 5777 χαλεπὰ,
924 5704 1047 5752 ἀλλὰ
1069 5705 1338 5779 πρόσκαιρα
1352 5710 1437 5779 καί
1461 5710 1667 5779 μείζοχα.
1692 5703 1805 5779 δεῖν.
1832 5703 1980 5779 ἐμπο-

399 5764 670 5840 ρξας,’ἀλ).ὰ.
681 5764 712 5811 ,ζ
723 5764 1040 5840 Τρόσκαιρον.
1050 5801 1061 5812 .
1071 5803 1083 5813 .
1103 5764 1292 5840 ᾐδονῆςξ
1302 5806 1311 5818 .
1321 5807 1333 5820 .
1350 5764 1542 5831 ϐδύνὴν.
1556 5764 1564 5767 ’
1582 5774 1735 5827 Paulo
1766 5764 1873 5840 pos't
1887 5764 1977 5830 Si-

402 5825 483 5872 ιιι.
508 5825 619 5890 ᾀνευ
640 5825 809 5890 μισθοῦ
833 5825 955 5890 φθόῃ
974 5833 1148 5890 μακρᾷ.

466 5895 490 5923 ο
516 5883 684 5929 Morel.
710 5883 936 5932 ποιῆθ’δῶ
955 5883 1035 5932 καὶ
1058 5883 1194 5940 πόλλ.

468 5939 487 5981 ί
518 5940 670 5992 Savil.
690 5944 817 5992 οὕτω
834 5947 1161 6007 προσϐάλλων.

1065 346 1124 403 S.
1163 342 1447 403 JOANNIS
1482 335 1972 399 CIIRYSOSTOMI
2004 334 2332 395 ARCHIEP.
2377 334 2924 397 CONSTANTINOP.

3542 343 3655 404 358

2080 472 2175 528 ρος
2192 456 2533 529 ἑρμηνευτής
2555 473 2738 528 φησιν,
2769 454 3222 530 Ἀπερίτρεπτον
3234 458 3322 526 είς
3336 455 3445 513 τόν
3462 458 3650 515 αίῶνα

2075 538 2428 609 οὶκούμενον
2452 538 2587 609 περὶ
2627 538 3019 610 Ἰερουσαλήμ
3039 540 3166 596 ⁶.Τί
3182 535 3651 609 οῦν;ούκέσαλευ-

2076 622 2268 692 θησαν,
2319 622 2505 693 φησὶν,
2553 623 2604 675 οἱ
2627 624 2815 688 παῖδες
2859 624 2910 677 οῖ
2957 627 3129 696 τρεῖς,
3189 626 3284 680 καὶ
3330 625 3361 679 6
3405 626 3646 696 Δανιήλς

2080 703 2293 773 Ἄπαγε
2313 720 2327 735 ⁸
2360 706 2456 776 τῆς
2469 705 2577 776 -μέν
2592 706 2701 779 γὰρ
2729 706 2983 779 πατρίδος
3013 708 3294 773 ἐξέπεσον,
3318 707 3415 762 καὶ
3445 709 3647 779 αίχμα-

2073 787 2276 841 λωσίαν
2304 788 2622 860 ὑπέστησαν
2642 828 2657 854 ,
2704 789 2863 843 σάλον
2896 790 2955 844 δὲ
2982 791 3175 845 οὐδένα
3210 791 3467 845 οὐδέποτε
3486 806 3498 819 ⁶
3534 791 3647 844 ἀλλ’

2075 873 2133 924 ἐν
2161 870 2398 942 τοσούτῳ
2427 871 2640 943 θορύϐῳ
2669 873 3030 944 πραγμάτων,
3060 875 3155 928 καὶ
3178 873 3416 944 τοσούτῳ
3455 873 3649 945 πλήθει

2075 954 2335 1024 κυμάτων
2377 955 2549 1019 ὄντες,
2579 956 2655 1019 ὼς
2696 957 2791 1009 ἐπὶ
2824 956 3030 1028 πέτρας
3074 956 3308 1020 ἑστῶτες
3345 956 3439 1010 καὶ
3472 957 3649 1027 λιμένι

2075 1038 2533 1108 προσορμίζοντες
2565 1039 2806 1111 γαληνῷ,
2831 1040 3004 1105 οὕτως
3025 1041 3178 1095 οὐδὲν
3208 1041 3443 1112 ἔπασχον
3466 1042 3646 1114 ἀηδές.

2074 1121 2168 1192 Μὴ
2207 1120 2273 1192 δὴ
2319 1121 2480 1176 σάλον
2512 1122 2667 1176 κάλει
2715 1124 2814 1195 τὴν
2857 1124 2965 1178 τῶν
2997 1124 3339 1195 πραγμάτων
3389 1127 3651 1197 περίστα-

2078 1221 2186 1259 σιν.
2217 1205 2292 1258 Οὐ
2326 1206 2435 1277 γάρ
2480 1204 2639 1260 τοῦτο
2690 1206 2879 1274 σάλος,
2925 1207 3037 1261 ἀλλ’
3074 1210 3109 1279 ή
3153 1211 3251 1279 τῆς
3285 1208 3461 1280 ψυχῆς
3496 1205 3649 1263 ἀπώ-

2076 1287 2218 1352 λεια,
2284 1290 2379 1342 καῖ
2422 1289 2483 1342 τὸ
2535 1292 2633 1363 τῆς
2686 1291 2886 1363 ἀρετῆς
2942 1293 3223 1346 ἐκπεσεῖν·
3258 1292 3394 1364 ὅπερ
3443 1294 3502 1347 ἐν
3539 1296 3652 1357 τοῖς

2077 1371 2344 1436 κινδύνοις
2373 1374 2422 1427 οἱ
2451 1374 2712 1445 νήφοντες
2741 1376 2837 1446 οὐχ
2870 1375 3254 1447 ὑπομένουσιν,
3278 1376 3395 1429 ἀλλ’
3413 1376 3652 1447 ἀσφαλε-

2079 1454 2277 1526 στέραν
2289 1457 2579 1528 κέκτηνται
2592 1458 2690 1527 τὴν
2705 1458 3019 1528 φιλοσοφίαν
3035 1458 3133 1530 τὴν
3149 1460 3376 1526 ἑαυτῶν,
3390 1461 3483 1515 καῖ
3498 1458 3648 1533 [550]

2075 1537 2441 1610 διαλάμπουσι
2484 1541 2767 1610 μειζόνως.
2809 1543 2872 1596 Et
2901 1542 2958 1596 δὲ
2986 1542 3172 1613 ,βούλει
3220 1545 3315 1599 καὶ
3338 1545 3481 1600 κατὰ
3517 1545 3648 1598 ἀνα-

2075 1621 2263 1692 γωγὴν
2291 1621 2546 1675 ἐκλαϐεῖν
2570 1624 2631 1676 τὸ
2653 1626 2960 1697 είρημένον,
2997 1628 3079 1681 ὅτι
3107 1617 3189 1681 όὺ
3212 1628 3651 1697 σαλευθήσεται

2074 1706 2163 1771 είς
2189 1706 2298 1760 τὸν
2332 1705 2519 1760 αἰῶνα
2547 1709 2580 1760 ό
2609 1708 2903 1763 κατοικῶν
2939 1704 3327 1780 Ἱερουοάἶλὴμ
3346 1751 3362 1776 ,
3410 1711 3652 1783 ὑπόγραο

2073 1787 2175 1858 ψον
2206 1788 2304 1859 τὴν
2328 1791 2447 1843 ἐκεῖ
2475 1790 2629 1862 λῆξιν
2660 1792 2760 1864 τὴν
2808 1792 2902 1846 ἐπὶ
2948 1795 3048 1865 τῆς
3098 1794 3213 1849 άνω
3245 1794 3647 1867 μητροπόλεως.

2076 1872 2141 1926 Ol
2169 1871 2279 1943 γὰρ
2307 1872 2527 1945 ἐκείνην
2575 1874 2945 1940 ἀπολαϐόντες
2977 1877 3161 1948 πάσης
3216 1876 3354 1931 είσῖν
3405 1878 3652 1949 ἀπηλλα-

2077 1954 2268 2024 γμένοι
2322 1956 2696 2029 περιστάσεως
2717 1976 2730 1990 ·
2766 1958 2866 2013 οὐκ
2898 1959 3016 2013 ἐστι
3048 1960 3229 2015 λοιπὸν
3267 1960 3477 2015 ἐκεῖτά
3522 1962 3654 2017 ὑπο-

2077 2036 2414 2103 σκελίζοντα,
2442 2041 2548 2093 οὐκ
2593 2042 2882 2113 ἐπιθυμία,
2914 2043 3035 2096 οὐδὲ
3067 2044 3281 2115 ἡδοναὶ,
3319 2043 3439 2098 οὐδὲ
3475 2045 3655 2117 ἀμαρ-

2074 2118 2197 2183 τίας
2237 2121 2585 2193 περίστασις,
2615 2123 2677 2177 οὐ
2707 2123 2852 2197 λύπη
2884 2126 2979 2180 καὶ
3025 2126 3233 2195 ἀγωνία
3258 2126 3354 2180 καὶ
3386 2126 3649 2193 κίνδυνος,

2075 2202 2212 2256 ἀλλά
2234 2203 2412 2259 πάντα
2439 2204 2611 2260 ταῦτα
2637 2208 2896 2262 ἐκποδών.
2923 2210 2951 2249 h
2987 2209 3399 2281 Ἰερουσαλὴμ,
3417 2212 3523 2281 ὄρη
3545 2213 3649 2266 κύ-

2075 2288 2201 2351 κλῳ
2216 2284 2422 2355 αὐτῆς,
2444 2286 2545 2342 καί
2562 2290 2777 2359 Κύριος
2799 2292 3002 2359 κύκλῳ
3018 2293 3125 2347 τοῦ
3147 2293 3300 2348 λαοῦ
3329 2294 3513 2348 αὐτοῦ
3532 2295 3651 2349 ἀπὸ

2073 2369 2181 2423 τοῦ
2200 2368 2317 2424 νῦν
2337 2370 2436 2425 καὶ
2468 2370 2579 2439 ἕως
2596 2372 2700 2427 τοῦ
2731 2374 2967 2442 αἰῶνος.
3009 2370 3174 2445 Λέγει
3203 2377 3302 2448 μὲν
3334 2376 3420 2431 διά
3450 2377 3651 2433 τούτων

2074 2451 2170 2534 καὶ
2199 2450 2298 2522 τὴν
2332 2452 2441 2506 ἀπὸ
2469 2454 2572 2524 τῆς
2606 2455 2809 2520 θέσεως
2845 2460 3159 2531 συμμαχίαν
3185 2462 3252 2533 τῇ
3292 2459 3444 2513 πόλει
3481 2478 3650 2534 προσ-

2073 2532 2240 2616 οῦσαν
2264 2551 2279 2565 ’
2301 2534 2417 2588 ἀλλ’
2449 2537 2550 2592 οὐκ
2575 2538 2768 2610 ἀφίησι
2794 2540 3003 2606 τούτοις
3025 2542 3268 2615 θαρρεῖν,
3296 2543 3411 2597 ἀλλ’
3433 2532 3533 2598 ἐπὶ*
3552 2545 3652 2616 τὴν

2074 2615 2287 2687 ἄμαχον
2312 2618 2504 2687 ἀνάγει
2538 2621 2811 2691 βοήθειαν,
2840 2623 2932 2677 τὸν
2956 2623 3089 2679 Θεόν

2146 2698 2212 2769 β’.
2241 2700 2305 2753 El
2363 2700 2472 2772 γὰρ
2502 2703 2595 2757 καὶ
2618 2703 2687 2758 τά
2709 2704 2808 2777 ὅρη
2842 2706 3010 2778 αὐτὴν
3033 2708 3278 2779 τειχίζει,
3314 2710 3476 2781 φησὶν
3495 2751 3509 2775 ,
3537 2710 3651 2765 ἀλλ’

2075 2781 2290 2866 ἐκείνης
2339 2782 2512 2838 δεῖται
2563 2786 2666 2857 τῆς
2709 2788 3044 2858 ἀσφαλείας·
3087 2793 3179 2845 καὶ
3222 2790 3383 2847 τοῦτο
3423 2796 3442 2836 i
3482 2793 3652 2866 αὐτὴν

2074 2863 2375 2949 ἀχείρωτον
2391 2867 2703 2949 ἐργάζεται.
2720 2870 2810 2923 Διὸ
2826 2872 2921 2924 καὶ
2934 2871 3021 2925 ἒτε
3026 2891 3119 2945 ρος
3141 2875 3478 2948 ἑρμηνευτής
3498 2863 3650 2949 φησι,

2074 2948 2293 3032 ζίύριος
2338 2949 2409 3003 δὲ
2444 2941 2580 3020 σὲερὶ
2634 2952 2742 3007 τὸν
2775 2954 2930 3009 λαὸν
2976 2941 3186 3014 αὗτοῦξ
3210 2941 3523 3026 *Τουτέστιξ

2075 3028 2332 3114 θαρρεῖτε
2382 3035 2451 3105 τῇ
2495 3034 2754 3107 περιϐολῇ
2798 3036 2911 3092 τῶν
2956 3038 3129 3109 ὀρῶν.
3190 3040 3265 3093 Τὸ
3313 3043 3423 3114 γάρ
3465 3028 3652 3098 ποιοῦν

2075 3113 2247 3186 αὐτὴν
2280 3115 2601 3190 άχείρωτον,
2640 3120 2801 3175 τοῦτό
2833 3122 3001 3188 ἐστιν,
3022 3122 3143 3176 Ὅτι
3160 3126 3270 3178 οὐκ
3295 3113 3518 3194 ἀφήσει
3539 3128 3654 3181 Κύ-

2066 3214 2202 3278 ριρς
2228 3197 2345 3268 τὴν
2369 3200 2595 3268 ῥάϐδον
2626 3199 2748 3257 τῶν
2770 3203 3133 3273 ἁμαρτωλῶν
3156 3206 3255 3260 ἐπὶ
3282 3207 3389 3262 τὸν
3423 3207 3654 3278 κλῆρον

2074 3275 2194 3336 τῶν
2231 3278 2497 3339 δικαίων.
2527 3284 2718 3340 Αἰτίαν
2761 3285 2910 3356 λέγει
2941 3288 3043 3359 τῆς
3087 3289 3179 3343 τοῦ
3227 3289 3361 3344 Θεοῦ
3402 3275 3653 3362 βοηθείας

2075 3362 2297 3448 εὔλογόν
2323 3382 2467 3430 τινα,
2508 3367 2649 3422 ὥστε
2675 3370 2769 3423 καὶ
2805 3368 3080 3443 θαρρῆσαι
3104 3372 3366 3438 ἐκείνους.
3396 3375 3560 3429 Ποίαν
3588 3375 3653 3448 δὴ

2073 3445 2310 3518 ταύτην;
2338 3450 2452 3503 Ούκ
2478 3450 2543 3504 ἀν
2576 3451 2865 3523 ἀνάσχοιτο
2885 3463 2897 3502 l
2917 3495 2930 3520 ,
2964 3455 3116 3524 φησὶ,
3145 3454 3214 3508 τά
3244 3456 3421 3524 ἀγαθά
3445 3457 3553 3511 τῶν
3583 3445 3655 3512 διξ

2076 3530 2246 3612 καίων
2277 3533 2336 3587 ἐν
2365 3536 2483 3598 ταῖς
2529 3535 2718 3607 χερσὶν
2745 3532 2885 3590 εἶναι
2924 3537 3034 3591 τῶν
3080 3539 3447 3612 ἁμαρτωλῶν.
3483 3540 3655 3597 Τοῦτο

2076 3610 2259 3681 εἶπεν,
2299 3616 2435 3686 ὁμοῦ
2478 3635 2539 3671 τε
2575 3617 2796 3690 θαρρεῖν
2825 3621 3021 3685 αὐτοὺς
3056 3610 3487 3692 παρασκευάζων
3526 3626 3658 3698 περὶ

2074 3697 2172 3766 τῆς
2203 3698 2519 3769 συμμαχίας
2566 3701 2667 3772 τῆς
2703 3702 2797 3755 τοῦ
2827 3703 2985 3768 Θεοῦ,
3015 3704 3107 3757 καὶ
3132 3705 3336 3760 πείθων
3374 3708 3557 3778 μένειν
3595 3697 3656 3763 ἐν

2075 3781 2265 3853 ἀρετῇ,
2289 3782 2419 3851 είγε
2441 3782 2716 3853 βούλοιντο
2735 3785 2998 3856 διηνεκῶς
3018 3788 3309 3844 ἀπολαύειν
3323 3790 3424 3862 τῆς
3445 3792 3654 3847 ἐκείνου

2078 3861 2349 3934 βοηθείας,
2396 3867 2491 3919 καὶ
2533 3866 2642 3921 τῶν
2682 3868 2904 3936 ἀγαθῶν
2943 3869 3051 3925 τῶν
3100 3871 3247 3926 ἰδίων
3274 3861 3415 3928 εἶναι
3452 3867 3656 3946 κύριοιῖ

2075 3947 2326 4001 Δείκνυσι
2378 3948 2484 4020 γάρ
2529 3950 2619 4003 διὰ
2650 3950 2876 4019 τούτων,
2907 3953 2987 4007 ὃτι
3025 3954 3121 4008 καὶ
3165 3957 3199 4027 ἡ
3244 3959 3439 4029 κτῆσις
3488 3960 3584 4014 καὶ¹
3618 3963 3652 4033 ἠ

2075 4030 2344 4099 ἀσφάλεια
2391 4034 2449 4085 ἐν
2492 4036 2556 4106 τῇ
2599 4034 2793 4108 γνώμη
2849 4038 3022 4091 κεῖται
3061 4041 3129 4110 τῇ
3178 4040 3378 4096 αὐτῶν.
3431 4030 3656 4099 Ῥάϐδον

2075 4113 2132 4166 δὲ
2157 4114 2496 4185 ἁμαρτωλῶν
2523 4116 2763 4171 ἐνταῦθα
2798 4117 2895 4191 τὴν
2932 4120 3207 4190 βασιλείαν
3246 4125 3342 4195 τὴν
3367 4125 3476 4179 τῶν
3501 4127 3658 4181 πολε-

2079 4195 2218 4265 μίων
2247 4195 2428 4250 καλεῖ.
2460 4200 2524 4251 "0
2555 4198 2609 4253 δὲ
2639 4200 2806 4269 λέγει,
2826 4203 3064 4257 τοιοῦτόν
3085 4207 3263 4258 ἐστιν’
3289 4208 3389 4260 οὐκ
3409 4208 3657 4275 ἀνέξεται

2076 4282 2295 4349 κρατεῖν
2311 4281 2412 4351 τῆς
2426 4280 2532 4335 τῶν
2551 4282 2775 4336 δικαίων
2795 4284 2896 4356 κλη
2906 4284 3182 4357 ρονομίας.
3200 4290 3260 4342 Εἰ
3281 4291 3391 4362 γάρ
3414 4294 3657 4362 καὶπρὸς

2076 4362 2269 4432 καιρὸν
2314 4362 2472 4416 τοῦτο
2503 4369 2824 4439 πεποίηκεν,
2852 4368 2967 4421 ἀλλ’
2996 4370 3137 4442 ὑπὲρ
3185 4372 3525 4444 διορθώσεως
3561 4376 3657 4430 καὶ

2077 4445 2359 4512 νουθεσίας
2374 4448 2466 4501 καὶ
2483 4451 2886 4523 σωφρονισμοῦ.
2905 4453 3105 4522 Ὅπως
3119 4455 3659 4527 ἂνμὴοέκτείνωσιν

2077 4532 2132 4586 οἱ
2159 4531 2376 4614 δίκαιοι
2411 4532 2482 4586 ἐν
2509 4533 2783 4604 ἀνομίαις
2805 4536 3010 4606 χεῖρας
3047 4537 3267 4595 αὐτῶν.
3285 4542 3531 4614 Ἕτερος.
3556 4545 3660 4598 Διὰ

2077 4613 2253 4697 τοῦτο
2276 4617 2388 4669 οὐκ
2407 4616 2783 4673 ἐκτείνουσιν
2793 4622 2847 4673 οἱ
2857 4618 3075 4675 δίκαιοι
3088 4624 3171 4689 εὶς
3188 4613 3444 4696 ἀνομίαν
3457 4627 3660 4697 χεῖρας

2077 4696 2298 4752 αὐτῶν.
2353 4699 2453 4753 Διά
2501 4699 2694 4763 τοῦτο’
2745 4704 2933 4773 ποῖον;
2975 4705 3076 4759 Διά
3126 4707 3189 4760 τὸ
3218 4696 3659 4781 είρημένον,γδτι

2079 4783 2483 4854 προστήσεται,
2529 4785 2612 4838 ὄτι
2670 4786 2904 4856 ἀμυνεῖ,
2960 4789 3042 4843 ὄτι
3096 4790 3515 4864 διακρούσεται,
3577 4797 3658 4852 ὅτι

2078 4865 2380 4949 ἀποστήσει
2405 4869 2533 4932 τοὺς
2561 4870 2852 4942 πολεμίους
2867 4874 2976 4928 ἀπὸ
3000 4873 3108 4928 τῶν
3139 4879 3436 4949 κτημάτων
3452 4880 3652 4937 αὐτῶν.

2088 4947 2235 5001 Ὠσεῖ
2282 4948 2435 5019 ἔλεγε
2462 4967 2476 4980 ·
2525 4951 2605 5022 τῷ
2646 4971 2706 5007 τε
2761 4957 3053 5029 πειρασμῷ
3082 4958 3111 4998 k
3156 4947 3656 5032 σωφρονισθέντες,

2077 5033 2145 5102 τῇ
2185 5049 2244 5086 τε
2292 5036 2527 5107 χορηγίᾳ
2556 5037 2663 5091 τῶν
2713 5039 2931 5109 ἀγαθῶν
2974 5043 3256 5114 γενόμενοι
3307 5045 3566 5115 βελτίους,
3602 5049 3660 5102 ἐν

2080 5116 2250 5187 ἀρετῇ
2289 5117 2686 5175 διατελέσουσιν
2720 5122 2892 5191 ὄντες,
2946 5125 3040 5178 καὶ
3090 5126 3187 5198 οὐχ
3230 5128 3457 5198 ἅψονται
3497 5148 3659 5201 πονη-

2084 5198 2204 5282 ρίας
2242 5201 2580 5275 ἑκατέρωθεν
2614 5206 3012 5277 παιδευόμενοι.
3048 5210 3210 5264 Ὥστε
3240 5212 3303 5282 δὴ
3333 5213 3395 5266 τὸ
3434 5216 3540 5268 πᾶν
3572 5198 3659 5270 διά

2079 5279 2238 5335 τοῦτο
2261 5283 2488 5353 ἐγίνετο,
2511 5286 2653 5341 ὥστε
2677 5290 2774 5361 τὴν
2801 5290 2979 5362 ψυχὴν
3012 5293 3190 5346 αὐτῶν
3219 5293 3237 5331 1
3272 5279 3478 5366 ἀμείνω
3509 5297 3661 5369 γενέ-

2083 5363 2249 5455 σθαι,
2271 5370 2337 5439 τῇ
2381 5386 2443 5455 τε
2472 5371 2735 5444 ἐπαγωγῇ
2781 5376 2890 5428 τῶν
2922 5376 3110 5446 δεινῶν
3147 5363 3554 5454 διορθουμένην,
3590 5385 3657 5455 τῇ

2079 5466 2169 5538 τεΔ
2197 5450 2337 5538 δόσει
2376 5453 2484 5538 τῶν
2516 5456 2736 5525 ἀγαθῶν
2779 5458 3193 5533 προθυμοτέραν
3228 5450 3656 5538 καθισταμένηνξ

2143 5534 2170 5614 ξ
2197 5534 2621 5614 ἕρπειςςίξοῐιοῃ]
2643 5539 2918 5614 Ξγεῃηιαοὴὶ
2944 5558 3056 5594 esse
3079 5547 3293 5614 djximgs
3324 5547 3373 5596 in
3402 5534 3655 5614 He‘xapl‘is.

2142 5590 2173 5632 h
2197 5596 2279 5646 Sic
2305 5599 2538 5666 dividitur
2574 5599 2623 5649 in
2664 5590 2784 5666 édit.
2816 5590 3660 5666 Rabiri;'67'vé?sh§2'ﬁ§

2088 5655 2407 5728 ξξερουσαλήμ
2423 5675 2517 5728 no_l_l
2552 5665 2801 5728 perlinfat
2822 5667 2881 5714 ad
2922 5655 3147 5728 primum,
3173 5655 3657 5726 siadd-666613666:

2081 5718 2237 5793 Ιίιξιιρ
2249 5718 2537 5793 ροεῐεανὶιη
2553 5718 2844 5793 προσοῦσαν
2875 5718 2964 5777 οῦκ
2987 5718 3152 5793 ἀφίησὶ
3172 5718 3247 5783 δέ.

2148 5781 2167 5846 ξ
2196 5780 2348 5846 Sa_vi1_.
2374 5785 2455 5846 καὶ
2490 5780 2760 5846 γὰρ’τοῦτο.

2153 5839 2168 5892 Ι
2324 5844 2381 5890 ἂν
2402 5839 2657 5908 ἀνάσχοιτο
2681 5846 2830 5897 Savil.
2855 5849 2910 5898 In
2934 5851 3106 5901 Morel.
3136 5856 3193 5903 ἄν
3211 5853 3533 5908 desideratur.

2154 5908 2177 5989 ξ
2200 5904 2319 5989 11:11,;
2328 5904 2904 5989 Ite~§l£Sé|Y.n,n6_-6‘é')iéysv,
2924 5914 3066 5964 τοῦτό
3086 5916 3206 5979 ἐστι,
3225 5904 3375 5984 np}:
3388 5904 3656 5989 ὲέείᾆσμιῖ..

2160 5962 2180 6006 l
2209 5962 2524 6031 δεινὶιαὺτῆς,
2545 5962 2642 6018 noh
2666 5972 2811 6022 male.
