4112 6342
373 413 466 469 557
1507 390 1862 451 EXPOSlTlO
1899 389 1963 443 IN
1993 386 2310 444 PSALMUM
2347 386 2574 442 CXXIV.

375 533 528 584 sitam
559 528 624 582 ab
652 525 898 580 omnibus
925 521 1149 591 negotiis
1175 527 1232 574 et
1258 515 1510 572 mrumnis
1536 518 1815 574 remotam,
1845 505 1942 562 sed

373 636 524 692 quam
547 618 764 672 minime
789 614 1070 671 detrahant
1086 609 1336 682 pericula.
1354 609 1453 662 Ars
1473 605 1614 660 enim
1629 617 1734 657 non
1753 599 1945 656 eodem

383 691 527 766 ttodo
555 707 878 770 ostenditur,
921 704 964 758 si
991 703 1110 774 quis
1144 701 1198 755 in
1229 708 1380 768 portu
1415 692 1632 762 sedeat,
1665 701 1721 749 et
1756 692 1798 746 si
1826 691 1946 761 quis

386 800 631 859 tndosum
661 812 808 851 mare
831 794 1170 849 transmittat.
1199 790 1291 844 llle
1318 787 1458 843 enim
1488 786 1738 856 ignavus,
1769 778 1946 835 mollis

374 903 426 948 et
449 901 732 947 enervatus
757 888 996 943 redditur
1023 903 1036 938 :
1066 884 1151 938 ltic
1172 891 1348 937 autem
1374 921 1390 946 ,
1429 877 1520 950 qui
1559 877 1753 931 multas
1787 888 1947 943 rupes

375 984 430 1038 in
455 983 587 1036 mari
613 981 855 1044 latentes,
888 976 1088 1031 multos
1125 971 1372 1042 sc0pulos
1397 1012 1411 1037 ,
1443 969 1638 1024 multos
1665 977 1944 1020 ventorum

375 1075 642 1141 impetus,
687 1079 740 1124 et
767 1069 869 1123 alia
896 1067 1055 1122 maris
1093 1063 1322 1135 pericula
1347 1059 1634 1124 sustinuit,
1668 1057 1722 1111 in
1761 1055 1950 1124 hisque

377 1168 624 1224 omnibus
649 1163 916 1227 excelluit,
945 1161 1177 1214 animum
1204 1171 1356 1212 suum
1380 1153 1671 1208 ﬁrmiorem
1699 1146 1948 1203 reddidit.

379 1262 437 1316 lu
468 1262 604 1314 hanc
628 1256 769 1312 enim
801 1256 961 1309 vitam
985 1250 1248 1308 deductus
1276 1261 1334 1302 es
1355 1287 1370 1311 ,
1401 1258 1509 1299 non
1540 1250 1599 1296 ut
1623 1241 1696 1296 sis
1726 1239 1948 1303 otiosus,

381 1368 479 1409 nec
507 1361 564 1406 ut
598 1350 672 1404 sis
698 1347 955 1418 ahjectus,
998 1357 1096 1398 nec
1121 1349 1179 1396 ut
1203 1339 1298 1395 tibi
1327 1336 1455 1392 nihil
1475 1333 1691 1389 adversi
1717 1331 1948 1395 eveniat,

383 1446 476 1501 sed
504 1453 561 1498 ut
591 1442 770 1513 gravia
815 1451 1000 1509 passus
1039 1433 1235 1490 evadas
1279 1429 1490 1485 clarior.
1533 1425 1608 1480 Nc
1635 1423 1860 1478 otiosam
1891 1434 1954 1474 ac

384 1512 698 1599 remissam,
739 1525 1196 1597 voluptatibusque
1223 1530 1278 1576 et
1311 1517 1514 1574 deliciis
1557 1516 1765 1585 plenam
1793 1512 1955 1566 vitam

385 1639 704 1698 quaeramus.
727 1622 842 1676 Non
861 1628 944 1675 est
967 1618 1107 1673 enim
1133 1615 1233 1669 viri
1260 1612 1432 1678 fortis,
1451 1608 1543 1665 sed
1568 1607 1742 1677 potius
1764 1603 1958 1660 vermis

389 1719 490 1773 hoc
517 1715 858 1778 desiderium,
890 1709 1027 1779 ejus,
1053 1709 1287 1776 inquam,
1322 1701 1495 1772 potius
1519 1699 1607 1768 qui
1631 1705 1715 1752 est
1737 1693 1958 1750 rationis

387 1821 578 1878 expers
596 1846 612 1872 ,
639 1819 797 1875 quam
826 1802 941 1870 ejus
969 1799 1058 1868 qui
1085 1805 1168 1852 est
1190 1794 1397 1850 ratione
1421 1788 1696 1861 praeditus.
1735 1784 1841 1842 Sed
1865 1798 1960 1838 ora

389 1873 602 1969 quidem
630 1873 860 1950 maxime
899 1900 957 1946 ut.
983 1905 1088 1944 non
1120 1889 1282 1942 intres
1314 1883 1367 1938 in
1394 1880 1737 1937 tentationem
1772 1893 1787 1930 :
1818 1873 1962 1946 quod

389 1993 436 2046 si
465 1992 519 2045 in
546 2003 663 2044 eam
693 1983 1006 2056 quandoque
1043 1976 1290 2034 incideris
1312 2015 1328 2042 ,
1372 1987 1439 2028 ne
1481 1984 1623 2039 aegre
1663 1967 1831 2030 feras,
1865 1977 1964 2018 nec

393 2055 727 2137 conturberis
748 2117 764 2142 ,
811 2073 904 2129 sed
930 2070 1014 2126 fac
1039 2068 1215 2125 omnia
1240 2108 1256 2134 ,
1300 2074 1356 2120 ut
1387 2062 1581 2118 evadas
1608 2058 1819 2114 clarior.
1846 2055 1962 2111 Non

395 2172 540 2226 vides
587 2169 751 2223 fortes
780 2164 975 2220 milites
999 2202 1015 2226 ,
1061 2156 1328 2231 quomodo
1362 2162 1588 2210 vocante
1617 2150 1742 2205 tuba
1765 2156 1964 2216 tropma

393 2261 724 2332 respiciunt,
765 2254 1033 2318 victorias,
1060 2263 1284 2306 coronas
1308 2255 1362 2301 et
1386 2244 1614 2315 majores
1639 2255 1763 2295 suos
1788 2237 1878 2308 qui
1905 2250 1967 2292 se

395 2326 648 2423 praiclare
689 2343 1004 2417 gesserunt?
1049 2341 1116 2395 Et
1144 2348 1199 2393 tu
1225 2350 1352 2406 ergo
1377 2349 1498 2390 cum
1525 2331 1648 2388 tuba
1675 2326 1966 2399 spiritualis

394 2421 567 2508 sonat,
589 2448 666 2496 sta
688 2440 842 2494 leone
860 2432 1146 2490 animosior
1169 2448 1182 2484 :
1202 2429 1313 2485 sive
1333 2427 1401 2482 sit
1427 2425 1581 2495 ignis,
1607 2422 1719 2479 sive
1742 2421 1964 2482 ferrum,

395 2532 692 2604 ingredere.
744 2523 1037 2585 Sciuntch
1080 2523 1190 2593 ipsa
1234 2519 1490 2575 elementa
1533 2529 1663 2576 eos,
1712 2511 1970 2585 quisunt

395 2624 560 2680 virilis
587 2620 782 2685 animi,
825 2614 1080 2672 revereri.
1121 2611 1304 2668 Solent
1345 2608 1503 2663 etiam
1550 2604 1675 2659 ferre
1720 2611 1968 2657 strenuos

397 2717 542 2770 viros
561 2713 952 2784 pertimescere.
984 2703 1233 2772 Quamvis
1255 2714 1345 2755 eas
1369 2699 1554 2762 fames,
1583 2692 1823 2765 quamvis
1853 2691 1967 2760 ipsa

396 2780 583 2860 natura
601 2801 771 2857 irritet
787 2807 840 2853 et
864 2796 1068 2860 eﬁ'eret,
1094 2793 1330 2847 omnium
1355 2787 1733 2843 obliviscuntur
1756 2780 1968 2852 quando

397 2896 592 2967 justum
628 2891 894 2953 viderint,
944 2887 1180 2954 iramque
1209 2895 1355 2936 suam
1395 2877 1661 2933 cohibent.
1719 2873 1812 2928 His
1841 2887 1970 2941 ergo

399 2987 561 3044 armis
599 2981 855 3038 tnuuiaris
875 3021 888 3044 ,
927 2985 980 3033 et
1009 2979 1185 3046 ignem
1212 2987 1317 3028 non
1349 2969 1560 3026 timebis
1579 3008 1594 3034 ,
1620 2967 1746 3022 licet
1773 2963 1971 3020 videris

402 3077 668 3131 flammam
694 3072 746 3128 in
768 3071 926 3126 caelos
953 3064 1345 3122 ascendentem.
1387 3059 1561 3114 Habes
1583 3057 1774 3112 fortem
1805 3063 1860 3109 et
1881 3067 1968 3123 ge-

401 3179 652 3221 nerosum
695 3161 884 3217 ducem
906 3199 922 3224 ,
973 3157 1063 3227 qui
1092 3155 1206 3211 solo
1234 3161 1365 3207 nutu
1411 3156 1586 3221 potest
1623 3159 1971 3218 quaecumque

401 3257 539 3312 mala
562 3262 686 3310 sunt
709 3263 761 3307 et
786 3250 964 3322 gravia
985 3247 1192 3302 tollere.
1218 3244 1360 3299 Illius
1387 3249 1511 3296 sunt
1534 3238 1730 3303 omnia,
1759 3235 1968 3302 cadum,

403 3359 575 3414 terra,
605 3359 750 3400 mare
775 3384 790 3408 ,
822 3342 946 3396 ferae
984 3346 1039 3395 et
1067 3339 1240 3408 ignis;
1284 3344 1365 3390 est
1387 3333 1436 3388 ei
1459 3331 1766 3386 facillimum
1795 3326 1972 3381 omnia

405 3440 710 3502 transferre,
727 3451 790 3490 ac
815 3435 931 3489 loco
956 3445 1170 3487 movere
1187 3431 1226 3485 ί.
1255 3426 1528 3483 Undenam
1544 3435 1692 3493 ergo,
1713 3421 1800 3476 d'lc
1820 3418 1972 3486 mihi,

403 3542 578 3588 metus
613 3540 730 3586 tuus
771 3525 969 3583 oritur?
1013 3524 1130 3579 Non
1155 3519 1365 3576 aliunde
1387 3526 1564 3582 certe,
1606 3529 1762 3586 quam
1787 3529 1852 3569 ex
1883 3521 1974 3567 tua

407 3624 613 3691 ignavia
638 3633 690 3678 et
716 3617 981 3676 socordia.
1025 3616 1208 3671 Nonne
1245 3627 1390 3668 mors
1418 3619 1502 3666 est
1541 3609 1777 3664 omnium
1811 3605 1977 3660 malo-

413 3730 530 3770 rum
558 3709 860 3782 colophon?
898 3707 1056 3778 Atqui
1091 3721 1154 3761 ea
1184 3705 1295 3774 ipsa
1321 3715 1531 3772 quoque
1554 3709 1635 3754 est
1659 3707 1859 3752 natura:
1879 3695 1973 3750 de-

409 3811 593 3863 hitum.
619 3805 725 3861 Cur
749 3819 853 3858 non
881 3801 1096 3870 satagis,
1118 3807 1178 3852 ut
1198 3796 1291 3851 tibi
1316 3811 1379 3850 ex
1409 3793 1524 3862 ejus
1550 3790 1814 3846 solutione
1833 3802 1980 3857 qua:-

408 3911 520 3954 stus
541 3894 777 3952 oriatur?
818 3891 872 3947 Si
892 3889 1047 3945 'euim
1069 3889 1169 3942 hae
1197 3886 1280 3940 via
1305 3884 1438 3938 velis
1467 3881 1604 3937 nolis
1629 3876 1979 3934 incedendum

409 4000 528 4057 est,
572 4002 666 4043 cur
699 4001 807 4040 non
844 3997 963 4038 cum
1003 3979 1192 4036 lucro?
1245 3979 1312 4032 At
1347 3977 1489 4031 enim
1516 3981 1637 4044 post
1661 3971 1839 4042 gravia
1869 3979 1978 4024 tor-

413 4089 610 4144 menta,
639 4092 743 4132 non
772 4070 1109 4142 temporaria,
1127 4066 1221 4123 sed
1239 4082 1357 4138 qua:
1373 4065 1690 4133 voluptatem
1712 4059 1983 4130 prmheant

412 4172 597 4226 dolore
645 4167 922 4236 majorem.
981 4160 1134 4228 Quod
1182 4161 1228 4213 si
1270 4158 1386 4213 haec
1431 4156 1527 4212 tibi
1571 4153 1818 4209 videntur
1861 4165 1983 4206 esse

413 4262 610 4333 gravia,
650 4256 927 4313 considera
965 4266 1057 4307 eos
1082 4251 1169 4320 qui
1199 4249 1400 4317 absque
1428 4246 1532 4301 ulla
1563 4242 1804 4299 mercede
1829 4243 1984 4312 longa

415 4353 537 4408 tabe
562 4350 833 4413 laborant,
880 4344 969 4414 qui
997 4341 1134 4396 fame
1158 4347 1430 4410 perpetua,
1461 4336 1548 4406 qui
1589 4333 1986 4389 immedicabili-

416 4443 512 4497 bus
539 4447 595 4496 et
638 4437 808 4507 longis
848 4434 1050 4490 morbis
1090 4439 1349 4484 vexantur
1371 4470 1386 4495 ,
1428 4435 1645 4497 propter
1682 4439 1814 4494 quos
1842 4438 1986 4492 saepe

419 4545 644 4589 mortem
687 4536 975 4600 optarunt:
1010 4523 1159 4578 multi
1190 4522 1348 4577 etiam
1396 4519 1450 4573 iu
1495 4531 1654 4573 enses
1696 4517 1985 4580 iri-uerunt,

419 4625 568 4681 multi
595 4624 759 4679 vitam
785 4621 973 4690 laqueo
1003 4617 1270 4671 finierunt.
1316 4612 1514 4666 Ctelum
1558 4619 1734 4664 autem
1779 4609 1870 4663 tibi
1905 4618 1989 4662 est

421 4717 770 4790 propositum,
798 4720 852 4767 et
879 4711 1013 4765 bona
1036 4724 1154 4779 qua:
1181 4712 1303 4761 sunt
1327 4705 1377 4759 in
1402 4703 1565 4767 ctelis,
1585 4710 1762 4756 etnon
1788 4699 1988 4755 vereris

419 4821 518 4862 nec
561 4801 920 4876 perhorrescis
948 4815 1066 4854 esse
1092 4796 1264 4852 mollis
1298 4805 1353 4851 et
1387 4794 1610 4864 ignavus
1631 4833 1646 4857 ,
1678 4791 1836 4860 idque
1867 4805 1988 4844 cum

419 4899 576 4953 talem
602 4895 797 4950 habeas
816 4888 1147 4962 adjutorem?
1177 4889 1367 4941 Annon
1395 4883 1544 4938 audis
1569 4880 1879 4952 prophetam
1907 4879 1992 4933 di-

419 4997 666 5044 centem:
699 4984 798 5050 Qui
827 4980 1085 5051 conﬁdunt
1116 4979 1169 5031 in
1204 4975 1450 5041 Domino,
1489 4975 1619 5028 sicut
1654 4989 1796 5025 mons
1826 4970 1990 5024 Sion?

419 5079 582 5150 Spem
607 5074 854 5131 nimirum
886 5071 1147 5143 signiﬁcat
1176 5068 1226 5122 in
1254 5068 1420 5121 Deum
1451 5065 1832 5118 immutabilem
1857 5105 1870 5127 ,
1905 5062 1993 5114 lir-

421 5183 559 5224 mam
575 5176 628 5218 et
662 5173 1014 5226 constantem,
1045 5158 1404 5214 invincibilem
1431 5166 1485 5210 et
1509 5153 1990 5224 inexpugnabilem.

419 5254 876 5328 Quemadmodum
902 5253 1044 5308 enim
1071 5249 1276 5305 etiamsi
1305 5247 1423 5318 quis
1460 5245 1872 5301 innumerabiles
1897 5244 1994 5298 ad-

421 5352 601 5408 hibeat
628 5346 933 5409 machinas,
978 5351 1210 5396 montem
1241 5355 1338 5394 nec
1378 5337 1698 5402 convellere,
1730 5352 1828 5392 nec
1854 5335 1996 5391 labe-

423 5441 623 5498 factare
672 5437 865 5510 poterit
896 5454 908 5489 :
939 5435 1010 5489 ita
1052 5435 1211 5489 etiam
1251 5432 1339 5502 qui
1371 5445 1491 5485 eum
1534 5429 1867 5501 aggreditur,
1908 5429 1998 5499 qui

422 5549 572 5604 spent
600 5533 653 5587 in
679 5531 844 5586 Deum
870 5526 1186 5591 collocavit,
1228 5532 1528 5579 revertetur
1569 5523 1783 5576 domum
1814 5521 1994 5577 vacuis

423 5623 688 5682 manibus.
731 5620 907 5675 Monte
926 5617 1067 5673 enim
1096 5616 1252 5686 longe
1289 5623 1373 5669 est
1400 5613 1562 5669 tutior
1583 5627 1706 5684 spes
1729 5613 1783 5668 in
1805 5612 1993 5668 Deum.

488 5805 505 5835 ι
529 5800 701 5863 Savi1.,
723 5799 880 5852 omnia
904 5799 1163 5862 transferre
1181 5802 1224 5852 et
1247 5801 1470 5848 statuere.

3526 382 3628 438 358

2057 501 2180 557 Non
2197 503 2578 557 commovebitur
2596 501 2646 553 in
2668 508 2907 553 internum
2928 499 3012 568 qui
3032 497 3222 551 habitat
3245 497 3295 550 in
3319 497 3350 549 J
3358 502 3625 552 erusalcm.

2053 597 2204 653 Alius
2245 598 2505 667 interpres
2543 595 2670 648 dicit
2698 612 2712 648 :
2747 592 3124 647 Immutabilem
3153 595 3205 647 in
3229 602 3506 660 (sternunt,
3541 595 3629 664 qui

2056 688 2246 741 habitat
2269 688 2404 740 circa
2428 683 2736 738 Jerusalem.
2767 683 2904 750 Quid
2925 684 3086 754 ergo?
3121 699 3224 738 non
3248 684 3522 751 commoti,
3548 685 3630 739 in-

2056 777 2188 848 quit,
2217 785 2340 831 sunt
2369 783 2479 829 tres
2505 774 2651 844 pueri
2677 784 2730 828 et
2754 773 2977 827 Daniel?
3023 773 3175 827 Absit
3203 789 3217 826 :
3251 789 3372 828 nam
3402 790 3433 828 a
3460 775 3630 844 patria

2056 868 2272 938 quidem
2298 866 2638 932 exciderunt,
2664 865 3026 937 captivitatem
3052 865 3450 929 suStinuerunt;
3483 865 3631 920 nullo

2059 970 2237 1015 tamen
2280 967 2520 1028 tempore
2560 956 2811 1012 commoti
2860 964 3027 1011 sunt:
3057 957 3152 1010 sed
3196 971 3317 1011 cum
3357 965 3538 1012 essent
3579 958 3632 1012 iu

2060 1059 2204 1105 tanta
2239 1064 2420 1105 rerum
2449 1046 2847 1118 perturbatione
2870 1087 2885 1112 ,
2918 1056 2970 1100 et
3001 1055 3142 1101 tanta
3174 1046 3426 1102 ﬂuctuum
3454 1048 3636 1102 multi-

2062 1141 2262 1207 tudine,
2291 1154 2412 1195 cum
2433 1138 2653 1210 perinde
2681 1152 2744 1193 ac
2774 1147 2936 1207 petrae
2963 1138 3299 1203 insisterent,
3331 1147 3382 1193 ct
3410 1139 3463 1192 in
3488 1149 3636 1193 trau-

2061 1232 2227 1302 quillo
2256 1239 2408 1300 portu
2437 1238 2675 1294 starent,
2707 1227 2837 1282 nihil
2872 1243 3032 1297 grave
3059 1236 3150 1281 aut
3174 1242 3422 1296 asperum
3453 1243 3637 1282 sense-

2063 1329 2206 1375 runt.
2230 1319 2650 1374 Commotionem
2678 1326 2853 1372 autem
2879 1331 2946 1369 ne
2964 1330 3119 1370 voces
3135 1331 3311 1370 rerum
3333 1331 3506 1371 casus.
3521 1315 3636 1370 Non

2064 1420 2146 1468 est
2169 1412 2310 1466 enim
2338 1411 2440 1465 hoc
2462 1408 2750 1464 commotio
2774 1450 2789 1475 ,
2820 1407 2914 1461 sed
2942 1408 3131 1462 anima:
3156 1406 3422 1472 interitus,
3454 1416 3506 1461 et
3529 1406 3640 1460 vir-

2066 1513 2232 1559 Iutcm
2258 1503 2534 1557 amisisse:
2563 1500 2702 1572 quod
2731 1500 2942 1570 quidem
2972 1513 3075 1552 non
3098 1498 3274 1552 evenit
3296 1498 3349 1552 iu
3373 1499 3640 1568 periculis,

2067 1597 2132 1651 iis
2157 1597 2246 1664 qui
2276 1602 2400 1650 sunt
2435 1593 2598 1648 sobrii
2638 1604 2692 1647 et
2731 1592 3032 1661 sapientes,
3079 1590 3188 1644 imo
3229 1604 3356 1643 vero
3402 1591 3563 1643 tutius
3591 1599 3644 1642 et

2070 1687 2273 1742 ﬁrmius
2301 1699 2452 1740 suam
2492 1683 2765 1754 possident
2796 1681 3182 1752 phi1050phiam
3209 1680 3564 1750 clarioresque
3590 1689 3644 1734 ct

2068 1778 2385 1833 illustriores
2408 1776 2656 1832 evadunt.
2696 1774 2846 1842 Quod
2874 1773 2917 1827 si
2947 1774 3025 1828 vis
3056 1771 3214 1827 etiam
3241 1773 3527 1843 auagogice
3556 1787 3646 1826 su-

2071 1885 2220 1924 mere
2255 1869 2380 1924 illud
2397 1910 2412 1934 ,
2450 1867 2564 1922 Non
2589 1865 2976 1921 commovebitur
3003 1865 3055 1918 in
3083 1873 3321 1918 ceternum
3346 1865 3432 1934 qui
3456 1864 3647 1917 habitat

2069 1965 2124 2016 in
2147 1961 2467 2025 Jerusalem,
2504 1958 2744 2014 describe
2767 1957 2858 2012 tibi
2887 1966 3084 2011 sortem
3107 1969 3351 2024 supernae
3379 1965 3646 2026 metropo-

2071 2053 2155 2109 lis.
2209 2053 2310 2120 Qui
2355 2052 2497 2106 enim
2542 2051 2684 2105 illam
2728 2057 3082 2118 receperunt,
3127 2058 3254 2102 sunt
3293 2046 3362 2101 ab
3399 2047 3649 2102 omnibus

2073 2148 2290 2202 omnino
2316 2147 2526 2201 casibus
2550 2145 2702 2200 liberi
2721 2160 2748 2198 -:
2777 2143 2914 2197 nihil
2944 2143 3051 2196 illic
3074 2140 3215 2212 quod
3253 2141 3371 2196 illos
3398 2140 3650 2210 supplan-

2075 2247 2184 2304 tet,
2212 2252 2318 2292 non
2342 2235 2676 2306 cupiditates,
2718 2249 2820 2290 nec
2845 2235 3173 2302 voluptates,
3203 2247 3303 2288 nec
3331 2233 3530 2302 peccati
3555 2247 3650 2287 oc-

2074 2333 2239 2398 casio,
2287 2345 2391 2385 non
2433 2329 2606 2394 dolor,
2639 2343 2745 2381 non
2773 2328 3012 2382 molestia
3038 2367 3052 2390 ,
3083 2341 3191 2380 non
3220 2326 3452 2395 pericula
3489 2344 3504 2380 :
3536 2326 3652 2380 haec

2075 2424 2251 2477 omnia
2273 2422 2428 2490 longe
2451 2421 2696 2474 aberunt.
2723 2418 2777 2472 2.
2806 2416 3112 2480 Jerusalem,
3145 2427 3336 2471 montes
3363 2418 3416 2470 in
3440 2418 3652 2471 circuitu

2076 2515 2184 2584 ejus
2202 2555 2217 2576 ,
2255 2522 2301 2567 et
2329 2511 2572 2565 Dominus
2600 2511 2651 2563 in
2688 2510 2900 2562 circuitu
2932 2507 3108 2578 pepuli
3131 2508 3209 2561 sui
3229 2523 3292 2561 ex
3319 2507 3413 2560 hoc
3442 2523 3573 2561 nunc
3599 2519 3652 2561 et

2076 2620 2232 2673 usque
2259 2603 2312 2656 in
2344 2601 2602 2656 steculum.
2631 2601 2732 2655 Per
2759 2599 2872 2653 haec
2898 2597 3110 2668 quidem
3140 2598 3267 2652 dicit
3292 2598 3480 2652 adesse
3501 2597 3655 2651 auxi—

2076 2694 2202 2748 lium
2228 2693 2424 2748 civitati
2448 2708 2511 2746 ex
2538 2691 2651 2761 ejus
2676 2690 2778 2744 situ
2804 2707 2816 2744 :
2849 2688 2942 2743 sed
2964 2703 3068 2742 non
3092 2688 3347 2757 permittit
3369 2697 3425 2742 ut
3444 2688 3492 2744 ei
3522 2704 3656 2744 con-

2077 2786 2225 2852 ﬁdat,
2245 2785 2338 2841 sed
2359 2801 2474 2840 eam
2495 2787 2560 2839 ad
2589 2781 2991 2853 inexpugnabile
3006 2781 3443 2853 erigitauxilium,
3465 2797 3657 2853 nempe

2078 2878 2264 2933 Deum.

2146 2971 2200 3025 2.
2233 2969 2385 3035 Etsi,
2415 2967 2613 3036 inquit,
2640 2982 2755 3022 eam
2803 2973 3011 3020 montes
3049 2965 3326 3029 muniant,
3357 2965 3444 3019 illa
3477 2973 3653 3021 tamen

2078 3061 2406 3132 protectione
2428 3059 2622 3128 indiget
2650 3075 2662 3110 :
2689 3057 2738 3112 id
2765 3057 2905 3112 enim
2931 3072 3048 3110 eam
3079 3057 3251 3111 reddit
3275 3057 3660 3127 inexpugnabi-

2077 3152 2200 3208 lem.
2221 3150 2475 3218 Quocirca
2501 3148 2633 3202 alitts
2650 3148 2725 3218 (a)
2739 3163 2945 3218 quoque
2961 3147 3088 3202 dicit
3112 3147 3391 3217 interpres,
3413 3147 3659 3203 Dominus

2078 3245 2246 3290 autem
2272 3234 2408 3287 circa
2436 3233 2679 3303 populum
2699 3248 2863 3285 suum.
2886 3230 2994 3284 Hoc
3011 3239 3110 3298 est,
3132 3247 3198 3286 ne
3214 3232 3462 3286 conﬁdite
3479 3233 3659 3286 altitu-

2078 3323 2190 3380 dini
2217 3324 2494 3379 montium.
2523 3321 2672 3388 Quod
2701 3322 2842 3377 enim
2873 3335 2990 3376 eam
3022 3321 3146 3376 facit
3174 3322 3658 3392 inexpugnabilem,

2080 3418 2184 3472 hoc
2213 3423 2313 3484 est,
2345 3413 2398 3470 5.
2435 3415 2565 3482 Quia
2590 3431 2689 3468 non
2715 3411 2956 3482 relinquet
2985 3408 3234 3467 Dominus
3259 3415 3450 3486 virgam
3480 3432 3660 3486 pecca-

2081 3519 2246 3564 torum
2286 3523 2436 3578 super
2463 3516 2641 3561 sortem
2666 3506 2946 3577 justorum.
2977 3502 3111 3559 Dicit
3145 3505 3344 3575 justam
3379 3506 3660 3577 quamdam

2083 3616 2294 3657 causam
2323 3600 2417 3654 Dei
2443 3598 2644 3665 auxilii,
2672 3607 2728 3652 ut
2754 3597 2826 3651 illi
2855 3597 3059 3666 possint
3084 3597 3370 3652 conﬁdere.
3404 3597 3660 3666 Qua-nam

2084 3705 2258 3748 autem
2280 3708 2342 3748 ea
2367 3690 2488 3747 est?
2513 3690 2630 3745 Non
2658 3690 2987 3760 permiserit,
3014 3689 3210 3760 inquit,
3241 3689 3377 3743 bona
3400 3690 3662 3758 juswrum

2085 3800 2205 3841 esse
2241 3784 2295 3839 in
2338 3781 2580 3839 manibus
2611 3791 2969 3852 peccatorum.
3003 3781 3114 3836 Hoc
3138 3795 3314 3836 autem
3342 3779 3504 3846 dixit,
3535 3798 3662 3836 sua-

2085 3875 2221 3931 dens
2262 3884 2319 3930 ut
2356 3873 2684 3930 conﬁderent
2723 3872 2789 3926 de
2830 3872 2923 3926 Dei
2966 3871 3195 3938 auxilio,
3226 3879 3279 3926 et
3308 3880 3364 3926 ut
3393 3873 3443 3926 in
3473 3871 3667 3928 virtute

2088 3969 2451 4038 persisterent,
2475 3967 2518 4020 si
2548 3965 2748 4020 vellent
2772 3965 2871 4018 frui
2901 3973 3156 4033 perpetuo
3184 3964 3320 4019 illius
3345 3965 3542 4018 auxilio
3567 4007 3581 4030 ,
3614 3975 3668 4021 et

2088 4061 2224 4115 bona
2251 4073 2344 4112 sua
2375 4057 2572 4112 habere
2598 4057 2649 4110 iu
2693 4071 2786 4110 sua
2815 4063 3091 4125 potestate.
3123 4053 3225 4109 Per
3250 4056 3364 4109 haec
3402 4057 3544 4112 enim
3575 4073 3668 4112 os-

2091 4150 2259 4204 tendit
2287 4159 2341 4203 ct
2367 4148 2780 4217 possessionem,
2809 4155 2862 4200 ct
2889 4146 3223 4200 securitatem
3253 4146 3302 4198 in
3329 4145 3498 4201 libero
3521 4149 3668 4203 arbi~

2092 4242 2196 4297 trio
2219 4257 2337 4297 esse
2362 4242 2540 4296 sitam.
2577 4239 2788 4308 Virgatu
2818 4247 2994 4291 autem
3040 4248 3375 4307 peccatorum
3404 4239 3488 4293 hic
3516 4247 3672 4295 vocat

2091 4350 2312 4405 regnum
2339 4332 2592 4387 hostium.
2623 4329 2774 4398 Quod
2803 4344 2929 4383 vero
2959 4328 3104 4390 dicit,
3129 4339 3210 4382 est
3239 4327 3500 4398 ejusmodi
3525 4347 3537 4381 :
3563 4346 3667 4385 non

2092 4427 2230 4481 siuet
2256 4433 2312 4478 ιιι
2340 4431 2555 4478 teneant
2580 4420 2927 4475 hereditatem
2950 4419 3236 4488 justorum.
3265 4418 3374 4472 Etsi
3401 4417 3542 4474 enim
3569 4419 3673 4477 huc

2094 4517 2217 4572 fecit
2235 4516 2300 4570 ad
2330 4524 2556 4583 tempus,
2591 4512 2642 4565 id
2674 4511 2797 4567 fecit
2825 4525 2921 4580 pro
2951 4512 3300 4576 correctione,
3327 4511 3672 4580 castigatione

2095 4619 2150 4664 et
2186 4607 2567 4663 admonitione.
2599 4603 2666 4659 Ut
2696 4621 2795 4657 non
2839 4603 3104 4656 extenderat
3124 4603 3256 4670 justi
3294 4604 3362 4656 ad
3389 4604 3674 4674 iniquitates

2095 4717 2274 4755 manus
2315 4715 2454 4752 suas.
2488 4696 2636 4750 Alius
2666 4696 2767 4766 (b),
2802 4693 3079 4762 Propterea
3125 4711 3225 4747 non
3256 4695 3526 4748 extendunt
3543 4696 3675 4766 justi

2096 4794 2164 4846 ad
2187 4792 2496 4862 iniquitatem
2523 4805 2701 4842 ntanus
2729 4803 2864 4840 suas.
2898 4787 3120 4854 Propter
3139 4786 3424 4854 quidnam?
3451 4787 3677 4858 PrOpter

2098 4885 2150 4939 id
2179 4883 2319 4952 quod
2349 4881 2546 4935 dictum
2574 4888 2676 4944 est,
2703 4877 2968 4940 deleudet,
3004 4877 3305 4942 ulciscetur,
3342 4878 3519 4931 hostes
3549 4893 3676 4946 pro-

2100 4973 2582 5043 pulsabit,eosque
2630 4968 2850 5038 repellet
2887 4966 2953 5020 ab
2996 4983 3178 5020 eorum
3226 4969 3671 5036 possessionibus.

2100 5063 2259 5132 Quasi
2287 5061 2516 5122 diceret,
2545 5059 2792 5128 Castigati
2834 5059 3121 5111 tentatione
3144 5099 3158 5123 ,
3185 5067 3237 5112 et
3265 5058 3522 5113 honorum
3546 5075 3679 5126 sup-

2102 5154 2424 5225 peditatione
2443 5151 2615 5208 effecti
2644 5152 2890 5206 meliores
2909 5191 2923 5215 ,
2951 5151 3363 5218 perseverabunt
3393 5151 3442 5204 iu
3467 5152 3694 5214 virtute,

2103 5255 2157 5302 et
2184 5249 2428 5316 utrinque
2473 5245 2664 5300 eruditi
2695 5244 2878 5296 vitium
2921 5257 3025 5296 non
3052 5243 3330 5311 attingeut.
3365 5241 3696 5297 Universum

2105 5356 2232 5411 ergo
2259 5347 2534 5410 propterea
2561 5337 2753 5390 factum
2780 5343 2862 5390 est
2881 5376 2894 5396 ,
2925 5345 2979 5389 ut
3004 5335 3179 5388 anima
3217 5349 3400 5388 eorum
3432 5333 3684 5387 reddatur

2106 5434 2313 5496 melior.
2343 5442 2396 5486 et
2420 5431 2579 5486 rebus
2606 5430 2820 5500 quidem
2851 5427 3091 5482 adversis
3112 5426 3406 5495 corrigatur
3425 5467 3440 5492 ,
3465 5439 3686 5480 conces-

2106 5527 2180 5582 sis
2205 5533 2380 5579 autcm
2409 5522 2560 5577 bonis
2591 5521 2678 5574 fiat
2706 5519 2995 5590 promptior
3015 5527 3068 5570 et
3088 5514 3332 5570 alacrior.
3359 5519 3412 5571 4.
3433 5516 3684 5586 Bcnefac,

2174 5723 2249 5786 (a)
2282 5723 2394 5786 Quis
2417 5723 2479 5786 sit
2502 5719 2586 5786 ille
2609 5717 2734 5767 alius
2757 5719 3002 5786 interpres
3023 5713 3252 5786 nescitur.

2175 5779 2246 5849 (ὑ)
2278 5779 2359 5835 Hic
2385 5785 2529 5834 etiam
2552 5783 2796 5843 interpres
2817 5783 2924 5841 quis
2947 5779 3010 5827 sit
3031 5779 3299 5839 ignoratur.
