4112 6342
429 392 534 449 559

423 517 666 579 Domine,
699 511 860 567 bonis.
901 507 1050 564 Alius
1082 505 1161 578 (a)
1181 546 1196 572 ,
1225 503 1478 572 Beneﬁcia
1517 499 1708 570 confer.
1741 498 1806 553 Et
1855 495 2004 552 rectis

418 605 587 662 corde.
612 605 668 660 5.
697 602 1021 657 Declinantes
1041 607 1208 652 autem
1232 596 1286 650 in
1310 593 1636 665 obligationes
1656 590 1868 646 adducet
1899 589 2006 643 Do-

419 700 584 754 minus
618 712 731 751 cum
758 691 1081 764 operantibus
1103 689 1437 761 iniquitatem.
1465 684 1626 740 Vides
1665 683 1859 752 ubique
1885 681 2005 737 duci

419 809 448 848 a
483 793 635 848 nobis
664 789 870 845 initium
895 797 950 843 et
971 787 1233 842 bonorum
1261 778 1777 850 eonsequendorum,
1803 785 1859 831 et
1885 790 2004 831 sus-

421 886 652 942 tinendae
708 881 935 955 parum?
974 879 1226 946 Quamvis
1276 884 1454 930 autem
1497 889 1527 926 a
1573 871 1727 926 nobis
1769 877 2009 938 sumatur

421 977 759 1049 principium,
783 975 861 1029 sic
882 981 1056 1028 tamen
1077 971 1168 1025 Dei
1194 983 1406 1040 quoque
1419 964 1758 1035 benignitatis
1781 961 2006 1032 plurima

422 1069 513 1124 lux
541 1067 786 1137 aﬁ'ulget;
817 1063 1030 1135 profusa
1067 1061 1209 1117 enim
1240 1057 1468 1130 quadam
1494 1065 1549 1112 et
1571 1053 1888 1111 redundauti
1911 1067 2004 1108 co-

420 1163 504 1231 pia
533 1175 630 1214 nos
653 1157 817 1212 vincit
836 1151 1347 1211 remunerationihus
1366 1166 1380 1204 :
1397 1159 1452 1205 et
1471 1149 1523 1202 in
1548 1148 1777 1219 peccatis
1797 1146 2006 1218 quidem

420 1251 756 1305 moderatum
785 1246 1008 1318 imponit
1033 1244 1372 1315 supplicium,
1397 1241 1448 1296 in
1476 1249 1624 1296 recte
1649 1249 1826 1294 autem
1855 1239 2009 1292 factis

420 1345 578 1416 longe
612 1340 800 1412 majori
830 1340 1077 1396 mercede
1114 1339 1296 1393 donat.
1319 1337 1517 1393 Rectos
1543 1349 1704 1406 porro
1743 1333 1828 1387 hic
1854 1340 2010 1387 vocat

420 1438 723 1506 simplices,
757 1449 862 1490 non
904 1433 1053 1489 ﬁctos
1076 1473 1090 1498 ,
1119 1431 1210 1502 qui
1239 1430 1373 1485 nihil
1414 1427 1613 1484 habent
1638 1427 2008 1482 adumbratum

421 1545 522 1585 nec
546 1529 873 1584 simulatum.
903 1522 1031 1580 Tale
1059 1525 1201 1579 enim
1227 1521 1475 1592 estquod
1503 1531 1707 1576 rectum
1733 1529 1833 1584 est,
1867 1517 2007 1589 quod

419 1622 561 1676 Deus
583 1619 780 1688 ubique
805 1617 1036 1672 maxime
1063 1614 1307 1685 requirit.
1335 1613 1481 1668 Talis
1500 1619 1584 1667 est
1609 1611 1767 1666 etiam
1803 1610 1970 1663 virtus
1989 1649 2006 1676 ,

420 1724 614 1779 nempe
642 1708 796 1777 plana
826 1717 880 1762 et
913 1705 1182 1775 expedita,
1213 1701 1658 1774 quemadmodum
1695 1700 2010 1770 improbitas

421 1809 504 1856 est
528 1800 654 1871 quid
685 1811 1014 1868 perversum,
1045 1795 1248 1850 varium
1272 1837 1287 1861 ,
1310 1792 1528 1864 etquod
1563 1807 1670 1848 non
1699 1791 1859 1846 habet
1887 1791 2010 1845 exi-

425 1905 535 1948 tum
561 1909 575 1946 :
597 1900 651 1947 et
677 1890 727 1945 id
760 1896 932 1960 potest
958 1888 1123 1944 videri
1154 1903 1218 1942 ex
1243 1886 1402 1942 rebus
1442 1886 1589 1955 ipsis.
1621 1885 1752 1938 Nam
1783 1885 1870 1955 qui
1897 1883 2012 1938 vult

422 1983 674 2048 mentiri,
707 1992 760 2038 et
803 1981 955 2036 dolos
998 1992 1244 2044 struere,
1290 1979 1461 2049 cogita
1501 1978 1638 2048 apud
1689 1987 1740 2033 te
1783 1986 1913 2049 quot
1957 1984 2012 2034 et

422 2083 614 2145 quanta
657 2073 994 2144 aggreditur,
1019 2079 1216 2142 quanta
1254 2084 1388 2140 opus
1433 2069 1589 2124 habet
1636 2069 1925 2137 varietate,
1958 2079 2013 2125 et

422 2169 736 2238 quibusnam
757 2167 892 2221 ﬁctis
906 2164 1462 2234 orationibus,qua'nto
1483 2162 1726 2229 artiﬁcio,
1745 2172 1798 2218 et
1817 2171 2009 2232 quanta

421 2257 630 2314 dicendi
649 2258 912 2313 facultate.
928 2257 1025 2325 Qui
1042 2265 1218 2311 autem
1235 2255 1364 2310 dicit
1377 2257 1671 2320 veritatem,
1688 2269 1790 2308 non
1803 2254 2004 2320 labore,

423 2365 528 2405 non
544 2349 875 2413 difﬁcultate,
889 2364 994 2404 non
1008 2347 1362 2413 simulatione,
1377 2361 1482 2400 non
1495 2355 1628 2411 arte,
1643 2355 1732 2401 aut
1745 2346 2012 2401 machina-

423 2442 589 2508 tione,
608 2450 697 2495 aut
723 2441 830 2495 ullo
853 2441 956 2495 alio
983 2438 1240 2509 ejusmodi
1263 2438 1481 2508 indiget,
1497 2451 1617 2493 eum
1634 2452 1696 2492 ea
1713 2436 1820 2507 ipsa
1840 2452 1932 2506 per
1951 2451 2010 2493 se

422 2534 618 2588 luceat.
644 2533 1103 2602 Quemadmodum
1134 2533 1274 2588 enim
1302 2531 1558 2586 deformia
1582 2546 1801 2602 corpora
1831 2530 2010 2587 multis

421 2624 658 2679 artiﬁciis
687 2633 741 2678 et
769 2624 1144 2693 integumentis
1170 2624 1428 2694 indigent,
1454 2638 1573 2695 qum
1603 2633 1803 2678 natura:
1829 2624 2008 2678 defor-

423 2718 662 2773 mitatem
690 2726 972 2787 eontegant
1002 2734 1014 2769 :
1047 2731 1164 2787 qua:
1193 2728 1366 2771 autem
1396 2725 1584 2770 natura
1615 2715 1832 2785 pulchra
1863 2725 2006 2782 sunt,

421 2811 537 2881 ipsa
564 2826 658 2881 per
684 2825 763 2877 se,
793 2811 892 2866 etsi
920 2810 1050 2864 nihil
1075 2811 1404 2865 extrinsecus
1445 2809 1742 2877 advenerit,
1767 2810 2011 2880 reSplen-

422 2901 548 2957 dent
574 2919 587 2955 :
617 2903 687 2957 ita
717 2902 874 2955 etiam
899 2901 950 2956 in
975 2901 1195 2956 veritate
1220 2911 1274 2956 et
1315 2901 1620 2966 mendacio,
1652 2901 1703 2955 in
1734 2901 1928 2956 virtute
1957 2910 2010 2955 et

421 2993 552 3048 vitio
573 2993 809 3049 invenire
833 3005 1135 3063 possumus.
1165 2991 1317 3048 Unde
1339 2993 1540 3048 clarum
1567 3000 1670 3057 est,
1699 2993 1859 3048 etiam
1885 3001 2009 3048 ante

421 3086 736 3156 supplicium
766 3087 949 3140 vitium
982 3084 1153 3155 ipsum
1185 3085 1500 3155 supplicium
1531 3085 1785 3156 inﬂigere,
1809 3097 1864 3142 et
1886 3096 2009 3141 ante

421 3169 903 3232 remunerationem
923 3176 1166 3231 virtutem
1185 3177 1530 3232 remunerari.
1550 3177 2006 3244 Quemadmodum

421 3267 565 3322 enim
594 3268 678 3322 illa
705 3267 865 3322 habet
889 3268 940 3322 in
971 3267 1142 3336 seipsa
1168 3268 1384 3337 praemia
1414 3268 1572 3322 etiam
1597 3278 1718 3324 ante
1747 3284 2004 3323 coronas:

424 3357 496 3413 ita
522 3359 679 3412 etiam
704 3359 804 3412 hoc
833 3374 1041 3428 pmnam
1073 3358 1125 3413 in
1156 3373 1215 3414 se
1239 3359 1494 3422 continet,
1521 3370 1802 3430 antequam
1827 3361 2009 3426 punia-

424 3457 528 3503 tur.
561 3448 696 3514 Quid
726 3449 868 3504 enim
897 3449 1065 3519 possit
1100 3465 1221 3506 esse
1253 3461 1466 3522 peccato
1491 3453 1703 3521 gravius
1729 3495 1744 3519 ,
1770 3454 1909 3524 quod
1939 3453 2006 3509 ad

423 3553 636 3607 pmnam
673 3539 900 3593 attinet?
924 3540 1178 3606 Quocirca
1209 3541 1401 3596 Paulus
1425 3557 1632 3613 quoque
1661 3559 1843 3598 eorum
1868 3560 2010 3599 men-

426 3635 626 3688 tionem
681 3630 877 3686 faciens
906 3673 922 3696 ,
967 3632 1054 3702 qui
1100 3634 1457 3689 meretriciam
1504 3646 1671 3691 artem
1716 3647 2002 3704 exercent,

423 3721 609 3776 ﬂorem
637 3723 808 3777 artatis
837 3723 1156 3792 prostituunt
1177 3765 1192 3791 ,
1226 3734 1282 3781 et
1308 3736 1508 3783 natum
1544 3726 1689 3798 leges
1724 3739 2002 3799 evertunt,

423 3812 559 3868 dixit
585 3813 688 3868 hoc
713 3830 832 3870 esse
859 3817 1145 3871 maximum
1167 3821 1505 3890 supplicium,
1533 3821 1689 3876 etiam
1723 3831 2004 3892 antequam

423 3904 730 3974 puniantur.
763 3905 985 3962 Masculi
1011 3910 1173 3972 enim,
1205 3911 1403 3981 inquit,
1432 3913 1486 3968 in
1514 3915 1753 3969 masculis
1791 3917 2007 3986 turpitu-

423 3998 592 4052 dinem
621 4011 884 4070 operantcs
904 4043 919 4067 ,
943 4011 990 4056 et
1019 4002 1294 4057 mercedem
1317 4045 1331 4068 ,
1360 4021 1511 4075 quam
1539 4007 1795 4076 oportuit,
1823 4010 2008 4063 erroris

423 4089 504 4144 sui
529 4090 581 4144 in
617 4107 669 4144 se
701 4091 994 4161 recipientes
1022 4092 1200 4166 (Rom.
1231 4095 1281 4148 1.
1309 4092 1402 4167 27)
1433 4114 1446 4148 :
1477 4097 1772 4154 mercedem
1804 4101 2006 4169 peccati

425 4181 530 4246 sui,
565 4179 1025 4251 intemperantiam
1053 4193 1107 4239 et
1137 4185 1306 4254 ipsum
1335 4195 1512 4240 actum
1537 4203 1750 4243 vocans.
1780 4189 1896 4243 Pax
1919 4208 2007 4244 su-

424 4289 515 4343 per
530 4271 713 4328 Israel.
731 4274 1044 4330 Precatione
1065 4278 1324 4332 conclusit
1351 4277 1664 4334 orationem.
1686 4279 1840 4336 Tales
1863 4288 2005 4336 enim

425 4375 552 4419 sunt
579 4373 882 4421 sanctorum
913 4369 1103 4422 anima:
1129 4384 1285 4423 zeum
1317 4369 1685 4427 adhortatione
1708 4383 1762 4427 et
1785 4375 2007 4429 consilio

427 4457 684 4528 adjiciunt
709 4460 1003 4516 orationem
1025 4503 1039 4528 ,
1067 4461 1397 4519 auditoribus
1437 4465 1725 4520 maximum
1768 4467 2008 4522 introdu-

427 4557 610 4605 ecntes
635 4551 911 4607 auxilium.

497 4641 618 4697 Pax
631 4653 940 4699 sanctorum.
960 4675 1032 4687 —-
1049 4645 1240 4702 Pacem
1261 4656 1434 4703 autem
1463 4647 1550 4703 hic
1567 4649 1714 4717 dicit,
1745 4665 1846 4705 non
1871 4651 2008 4707 hanc

425 4732 595 4788 solam
618 4736 892 4803 seusilem,
909 4737 1003 4793 sed
1020 4753 1136 4794 eam
1159 4739 1338 4809 etiam,
1359 4756 1477 4811 quae
1495 4751 1573 4796 est
1598 4741 1697 4798 hac
1726 4745 2006 4814 excelsior,

426 4831 483 4879 et
504 4823 630 4880 dicit
655 4826 917 4882 undenam
944 4830 1232 4896 enascitur,
1256 4841 1477 4903 oratque
1496 4841 1554 4888 ut
1580 4834 1754 4889 anima
1781 4849 1899 4890 eum
1921 4851 2009 4892 se-

426 4914 538 4984 ipsa
577 4932 682 4971 non
721 4927 933 4973 moveat
974 4919 1290 4976 seditionem
1315 4962 1328 4988 ,
1361 4923 1821 4993 perturbationum
1845 4926 2008 4981 animi

426 5004 623 5060 bellum
653 5006 904 5062 inferens.
934 5007 1080 5064 Hanc
1109 5025 1207 5066 nos
1233 5027 1440 5084 quoque
1461 5028 1644 5083 pacem
1675 5032 2008 5088 quaeramus,

410 5106 487 5181 ,ιιι
514 5100 773 5167 promissa
799 5100 936 5155 bona
965 5103 1228 5172 possimus
1248 5107 1665 5178 asseqtti,'gratia
1691 5120 1744 5166 et
1770 5110 2009 5181 benigni-

411 5185 536 5290 μήθ
557 5188 767 5245 Domini
784 5191 950 5246 nostri
969 5191 1094 5248 Jesu
1113 5193 1324 5263 Christi,
1357 5199 1442 5254 eui
1466 5199 1632 5269 gloria
1656 5210 1708 5256 et
1729 5201 2006 5274 imperium

430 5276 479 5334 in
509 5281 704 5336 saecula
735 5283 1072 5340 saeculorum.
1105 5287 1296 5343 Amen.

489 5463 564 5530 (a)
595 5466 682 5516 Hic
703 5466 850 5518 etiam
871 5469 1118 5532 interpres
1141 5471 1250 5534 quis
1271 5474 1333 5524 sit
1355 5475 1586 5528 nescitur.

1152 392 1211 448 S.
1249 386 1527 446 JOANNlS
1559 379 2033 442 CHRYSOSTOMI
2072 379 2386 440 ARCHIEP.
2425 382 2949 447 CONSTANTINOP.
3591 390 3695 455 350

2570 502 2640 560 IN
2667 503 2994 564 PSALMUM
3022 499 3234 564 CXXV.

2111 633 2162 686 1.
2205 630 2274 686 1η
2315 635 2644 689 convertenda
2689 635 2938 692 Dominus
2985 640 3318 709 captivitatem
3373 643 3536 711 Sion,
3575 648 3696 717 [acti

2179 739 2354 779 sumus
2371 726 2498 780 sicut
2517 729 2780 782 consolati.
2805 729 2950 785 Alius
2972 736 3237 802 interpres
3254 737 3330 806 (a)
3350 735 3495 803 dicit,
3521 738 3670 803 Quen

2181 815 2247 869 do
2295 818 2594 871 converterit
2639 815 2892 874 Dominus
2934 825 3273 894 captivitatem
3297 867 3314 894 ,
3342 827 3528 882 erimus
3576 848 3693 884 cono

2179 908 2350 965 solati.

2182 1046 2235 1100 l.
2261 1045 2462 1101 Nomen
2484 1048 2799 1118 captivitatis
2823 1059 2906 1106 est
2930 1051 3143 1122 quidem
3172 1053 3222 1109 in
3253 1056 3547 1124 prolatione
3568 1061 3694 1113 sim-

2111 1137 2265 1207 plex,
2294 1137 2454 1192 habet
2479 1150 2659 1196 autem
2695 1141 2889 1196 multos
2929 1158 3136 1198 sensus.
3166 1144 3256 1200 Est
3284 1148 3426 1201 enim
3467 1159 3522 1203 et
3557 1150 3696 1205 bona

2109 1231 2420 1299 captivitas,
2444 1241 2503 1286 ut
2539 1233 2749 1303 quando
2796 1233 2924 1289 dicit
2970 1235 3200 1302 Paulus,
3229 1235 3546 1309 Captivautcs
3583 1259 3693 1295 ont-

2110 1337 2222 1376 nem
2249 1323 2556 1378 intellectura
2584 1325 2637 1378 in
2668 1325 2921 1378 Christum
2948 1325 3024 1397 (2.
3051 1327 3169 1383 Cor.
3195 1329 3278 1385 10.
3310 1331 3388 1400 5).
3418 1332 3510 1386 Est
3530 1335 3690 1399 mala,

2111 1424 2168 1468 ut
2193 1415 2403 1484 quando
2428 1415 2559 1470 dicit
2585 1434 2599 1469 :
2633 1417 2866 1488 (.‘aptivas
2891 1418 3192 1476 abducentes
3219 1423 3544 1479 mulierculas
3573 1445 3693 1481 onc-

2109 1515 2250 1559 ratas
2298 1507 2515 1576 peccatis
2541 1507 2616 1578 (2.
2643 1507 2778 1562 Tim.
2805 1510 2859 1564 5.
2887 1509 2969 1581 6).
2995 1511 3093 1566 Est
3118 1529 3237 1583 quae
3265 1514 3318 1568 in
3362 1528 3540 1572 mente
3571 1533 3693 1574 ver-

2111 1605 2275 1662 satur,
2311 1606 2368 1652 ut
2389 1598 2458 1654 de
2483 1613 2585 1669 qua
2615 1600 2760 1667 dicit,
2796 1601 3090 1658 Prwdicare
3115 1606 3325 1676 captivis
3352 1609 3693 1665 remissionem

2112 1689 2264 1759 (Isai.
2289 1692 2375 1746 tit.
2408 1692 2482 1763 l).
2511 1693 2605 1748 Est
2627 1709 2745 1764 qua:
2771 1695 2872 1751 sub
2897 1710 3113 1752 sensum
3139 1699 3296 1765 cadit,
3328 1709 3388 1756 ut
3411 1718 3529 1772 quae
3551 1703 3608 1758 ﬁt
3626 1706 3693 1760 ab

2113 1779 2371 1837 hostibus.
2395 1783 2548 1839 Prior
2569 1795 2747 1842 autem
2776 1797 2858 1842 est
2881 1791 3113 1858 gravior.
3139 1791 3237 1858 Qui
3267 1794 3408 1847 enim
3435 1807 3693 1864 ceperunt

2111 1874 2315 1943 aliquos
2335 1875 2458 1943 jure
2481 1876 2626 1944 belli,
2648 1878 2816 1948 captis
2836 1894 2980 1950 smpe
3007 1893 3250 1951 parcunt,
3267 1892 3321 1939 et
3345 1885 3390 1938 si
3417 1897 3508 1939 aut
3532 1902 3694 1957 aquaa-

2111 1966 2178 2026 ri.
2206 1975 2295 2020 aut
2320 1966 2526 2036 lignari,
2555 1978 2646 2024 aut
2669 1984 2836 2040 equos
2864 1986 3084 2037 pascere
3105 1974 3365 2042 jusserint
3387 1976 3427 2044 ³,
3459 1980 3690 2033 animam

2112 2058 2328 2113 minime
2358 2059 2626 2115 laeserint:
2655 2063 2743 2132 qui
2789 2065 2988 2132 peccati
3031 2074 3210 2121 autem
3245 2070 3483 2138 captivus
3521 2071 3692 2128 factus

2111 2157 2225 2214 est,
2255 2147 2413 2202 habet
2452 2165 2649 2204 saevum
2686 2161 2738 2206 et
2785 2154 3064 2209 barbarum
3095 2158 3399 2224 dominum,
3433 2162 3520 2229 qui
3552 2164 3692 2232 cogit

2111 2253 2232 2293 eum
2255 2239 2428 2294 facere
2448 2254 2538 2295 res
2562 2243 2911 2311 lurpissimas,
2929 2255 2983 2300 et
3001 2249 3231 2304 maxime
3252 2252 3555 2318 probrosas.
3575 2252 3688 2308 Non

2109 2329 2251 2384 enim
2278 2344 2495 2398 parcere
2517 2373 2532 2398 ,
2562 2346 2661 2387 nec
2703 2334 2941 2390 misereri
2971 2338 3116 2391 novit
3145 2337 3258 2393 lucc
3288 2342 3396 2394 vitii
3432 2345 3688 2412 tyrannis.

2110 2420 2246 2474 Audi
2287 2422 2464 2492 itaque
2492 2426 2756 2491 quomodo
2784 2440 2904 2480 cum
2939 2428 3192 2483 miserum
3220 2442 3272 2485 et
3303 2432 3564 2488 infelicem
3591 2432 3689 2489 Ju-

2111 2511 2233 2566 dam
2258 2515 2553 2583 accepisset
2578 2517 2843 2586 captivum
2865 2560 2880 2585 ,
2909 2520 3128 2576 minime
3157 2523 3203 2577 ci
3231 2529 3528 2593 pepercerit
3549 2569 3564 2589 .
3595 2528 3687 2582 sed

2109 2604 2423 2676 sacrilegum
2461 2617 2515 2661 et
2559 2608 2884 2678 proditorem
2926 2610 3369 2670 fecerit:deinde
3412 2627 3692 2687 postquam

2110 2699 2282 2754 scelus
2307 2709 2666 2772 perpetrassct
2685 2743 2699 2766 ,
2723 2718 2844 2758 eum
2868 2705 2919 2758 in
2945 2703 3208 2762 theatrum
3237 2707 3540 2764 Judzeorum
3569 2727 3690 2781 pro-

2109 2789 2357 2859 duxerit,
2382 2801 2437 2847 et
2458 2793 2778 2850 maleﬁcium
2817 2797 3139 2852 revelaverit
3160 2839 3176 2867 ,
3203 2809 3256 2852 et
3281 2815 3376 2856 nec
3403 2801 3446 2856 si
3475 2803 3684 2871 quidem

2109 2887 2453 2954 permiserit,
2486 2895 2542 2941 ut
2585 2889 2883 2957 perciperet
2916 2889 3144 2945 fructum
3187 2893 3547 2962 imitemini,
3593 2896 3685 2950 sed

2109 2988 2232 3034 ante
2275 2981 2636 3050 pmniteutiam
2676 2982 2952 3039 deduxerit
2993 2983 3059 3040 ad
3103 2986 3364 3056 laqueum.
3409 2985 3504 3043 Est
3545 2989 3686 3042 enim

2108 3084 2280 3126 saevus
2310 3081 2585 3143 tyrannus,
2620 3074 2708 3144 qui
2729 3073 2881 3145 jubet
2906 3091 3024 3146 qua:
3055 3088 3179 3132 sunt
3205 3078 3478 3148 improha,
3512 3089 3566 3135 et
3593 3096 3686 3137 eos

2107 3162 2198 3232 qui
2237 3162 2510 3231 obediunt,
2538 3166 2822 3236 ignominia
2857 3169 3036 3224 allicit.
3081 3168 3338 3238 Quocirca
3375 3187 3470 3228 vos
3512 3181 3642 3244 roga
3666 3217 3683 3242 ,

2107 3268 2318 3310 summo
2360 3256 2534 3312 studio
2577 3257 2838 3328 fugiamus
2875 3261 2990 3332 ejus
3031 3261 3352 3334 dominium,
3376 3275 3576 3322 etcum
3619 3284 3686 3323 eo

2108 3345 2404 3415 bellemus,
2435 3363 2534 3404 nec
2570 3352 2617 3404 ei
2650 3366 2902 3422 umquam
2931 3356 3368 3423 reconciliemur,
3402 3369 3453 3414 et
3479 3359 3684 3416 liberati

2109 3437 2164 3492 in
2207 3438 2448 3494 libertate
2485 3456 2910 3509 permaneamus.
2938 3442 2991 3500 Si
3020 3446 3159 3500 enim
3191 3447 3243 3502 hi
3276 3463 3305 3504 a
3335 3448 3574 3507 barbaris
3621 3451 3684 3506 li-

2108 3530 2299 3596 berati,
2329 3535 2748 3590 consolationem
2776 3544 3114 3606 acceperunt,
3139 3539 3305 3596 multo
3331 3543 3497 3612 magis
3523 3554 3683 3614 apor—

2109 3632 2184 3687 tet
2220 3640 2319 3681 nos
2353 3639 2382 3679 a
2417 3635 2634 3694 peccato
2662 3629 2912 3682 liberatos
2937 3631 3170 3700 gaudere
3197 3641 3252 3688 et
3295 3635 3563 3690 exsultare
3585 3673 3599 3700 ,
3630 3645 3684 3690 et

2108 3714 2244 3770 hanc
2291 3717 2521 3771 laetitiam
2576 3733 2894 3775 conservare
2934 3723 3284 3780 immortalem
3313 3766 3330 3793 ,
3362 3741 3468 3780 non
3505 3737 3682 3783 autem

2107 3821 2224 3861 eam
2266 3808 2575 3878 perturbare
2619 3825 2680 3865 ac
2711 3810 3039 3869 confundere
3068 3855 3082 3879 ,
3110 3814 3296 3871 eadem
3337 3818 3472 3872 mala
3499 3833 3684 3875 rursus

2106 3901 2490 3972 aggredientes.
2538 3902 2690 3957 Facti
2734 3921 2906 3960 sumus
2951 3906 3080 3961 sicut
3118 3893 3382 3964 consolati.
3434 3909 3543 3966 Hoc
3590 3911 3682 3967 alii

2107 3993 2318 4062 quidem
2346 3994 2664 4066 interpretes
2685 3995 2886 4061 dicunt,
2910 3996 3186 4069 Tamquam
3209 4001 3534 4057 somniantes.
3571 4000 3680 4058 lle-

2105 4084 2280 4140 brzeus
2303 4096 2498 4152 autem,
2519 4087 2826 4141 Chaolemim
2844 4090 2885 4142 ¹.
2909 4089 3043 4157 Quid
3069 4100 3150 4146 est
3171 4100 3368 4158 autem,
3393 4092 3648 4151 Consolati
3660 4096 3686 4150 ?

2109 4175 2312 4246 lmpleti
2331 4220 2345 4243 ,
2379 4179 2584 4247 inquit,
2615 4194 2798 4234 sumus
2822 4180 2998 4252 quiete
3020 4225 3033 4247 ,
3063 4182 3244 4238 lwtitia
3267 4226 3282 4250 ,
3312 4186 3599 4257 voluptate.
3625 4189 3679 4242 2.

2107 4265 2251 4322 Tunc
2278 4270 2522 4339 repletum
2553 4281 2623 4324 est
2660 4273 2848 4341 gaudio
2872 4289 2927 4328 os
2953 4285 3214 4340 nostrum,
3243 4285 3287 4331 et
3313 4277 3486 4349 lingua
3513 4292 3685 4333 nostra

2107 4361 2458 4415 exsultatione.
2483 4363 2534 4417 5.
2563 4359 2707 4416 Tunc
2743 4364 2908 4418 dicent
2939 4366 3069 4420 inter
3098 4377 3269 4438 gentes
3288 4411 3304 4436 ,
3336 4369 3685 4442 Magniﬁcavit

2106 4450 2356 4505 Dominus
2385 4454 2551 4522 facere
2578 4471 2690 4507 cum
2715 4456 2806 4510 eis.
2838 4461 2892 4513 4.
2932 4456 3280 4529 Magni/ienuit
3318 4460 3567 4518 Dominus
3605 4464 3686 4534 fa-

2107 4561 2216 4598 cere
2239 4545 2516 4601 uobiscum.
2555 4547 2634 4603 Ad
2664 4547 2940 4604 meliorem
2983 4553 3324 4608 mulationem
3356 4569 3460 4611 non
3498 4571 3684 4627 parum

2107 4639 2312 4692 Confert
2353 4638 2518 4693 laetari
2564 4649 2782 4710 propter
2815 4641 3180 4699 liberationem
3208 4661 3236 4698 a
3267 4647 3589 4717 captivitate.
3619 4649 3688 4705 Et

2107 4731 2227 4801 quis
2250 4774 2265 4798 ,
2293 4731 2496 4803 inquies
2516 4775 2530 4798 ,
2560 4747 2664 4788 non
2707 4744 2983 4804 propterea
3014 4736 3269 4794 laetatur?
3291 4739 3472 4796 Patres
3502 4756 3685 4798 eorum

2107 4823 2320 4892 quando
2347 4824 2551 4880 liberati
2584 4836 2710 4882 sunt
2745 4827 2813 4883 ab
2842 4827 3074 4900 Egypto
3097 4872 3112 4897 ,
3141 4841 3196 4887 et
3222 4831 3289 4887 ab
3317 4833 3404 4887 illa
3433 4837 3687 4892 servitute

2111 4915 2334 4970 traducti
2361 4916 2412 4969 in
2437 4916 2734 4971 libertatem
2757 4958 2773 4985 ,
2796 4932 2893 4989 per
2911 4935 3178 4975 summum
3207 4923 3396 4993 ingrati
3421 4925 3582 4980 animi
3606 4926 3687 4981 vi-

2111 5009 2240 5064 tium
2262 5009 2316 5063 in
2338 5008 2488 5063 bonis
2512 5008 2640 5080 ipsis
2662 5011 3083 5080 murmurabant,
3104 5013 3528 5086 indignabantur,
3549 5035 3690 5091 aegre

2111 5100 2387 5164 ferebant,
2415 5097 2594 5156 tristes
2632 5102 2940 5159 manebant.
2975 5105 3044 5158 At
3067 5122 3172 5160 non
3205 5123 3302 5161 nos
3325 5150 3340 5174 ,
3366 5107 3563 5180 inquit;
3594 5109 3687 5166 sed

2109 5192 2401 5263 gaudemus
2442 5200 2497 5247 et
2537 5193 2886 5248 exsultamus.
2915 5195 3033 5250 Jam
3062 5212 3193 5253 vero
3219 5214 3435 5254 causam
3477 5215 3690 5272 quoque

2175 5351 2194 5381 ι
2229 5349 2312 5397 Hie
2333 5349 2518 5397 variant
2540 5349 2718 5398 Μαι-ιιΗί
2761 5357 2812 5400 et
2846 5351 3000 5402 Savilii
3042 5353 3298 5403 Editiones.
3345 5355 3504 5404 Morel.
3542 5355 3685 5405 habet

2111 5416 2195 5481 aut
2215 5423 2358 5481 equos
2381 5411 2842 5481 pascerejusserint.
2869 5414 3005 5481 savii.
3029 5428 3195 5481 _vero,_
3223 5415 3410 5466 etiamsi
3443 5418 3691 5481 vectigales

2110 5472 2310 5548 fecerint
2330 5509 2342 5528 ,
2371 5479 2457 5548 aut
2471 5472 2756 5548 ,Atrilmtum‘
2775 5472 3261 5548 pendere_jusseriut.
3303 5486 3508 5548 Utraque
3549 5472 3690 5548 [cette

2329 5571 2342 5592 ,
2369 5533 2457 5582 sed
2489 5535 2622 5596 prior
2639 5574 2654 5597 ,
2679 5533 2840 5586 habita
2864 5533 3026 5588 serici'
3045 5541 3232 5589 ratione
3249 5577 3263 5594 .
3289 5533 3594 5603 przefe'renda
3617 5541 3686 5592 vi-

2201 5608 2276 5643 lll‘.

2147 5603 2388 5732 Θξηέᾖνίῐη
2424 5655 2731 5732 Choalemim.
2772 5662 3000 5711 Hebraiea
3034 5676 3127 5711 vox
3153 5670 3244 5720 est,
3283 5642 3532 5732 οηειΒι-ι),
3569 5665 3692 5718 sicut

2113 5727 2396 5777 somniantes
2425 5741 2442 5778 :
2476 5737 2528 5778 ut
2552 5731 2713 5801 habet
2745 5735 2890 5782 etiam
2922 5732 3068 5784 lectio
3105 5735 3303 5786 aliorum
3341 5727 3688 5801 interpretum.

2117 5802 2320 5850 quorum
2346 5803 2521 5839 nomen
2546 5799 2749 5842 tacetur.

2179 5855 2251 5914 (a)
2283 5854 2394 5911 Quis
2417 5854 2474 5903 sit
2500 5854 2575 5903 hic
2599 5857 2841 5918 interpres
2861 5856 3157 5920 ignoramus.
