4112 6342
408 352 511 413 361

410 479 601 541 ρομεν,
650 460 766 517 ἀλλ’
798 459 882 515 ὅτι
931 460 1024 515 καὶ
1066 461 1313 520 ἐντεῦθεν
1357 463 1560 528 πάντες
1608 462 1844 516 εἴσονται
1887 459 1983 516 τοῦ

408 546 544 602 Θεοῦ
575 546 674 618 τὴν
700 543 954 617 πρόνοιαν
981 543 1083 616 τὴν
1112 547 1242 618 περὶ
1269 547 1437 617 ἡμᾶς.
1476 545 1618 602 Τότε
1639 543 1771 617 γὰρ,
1799 543 1986 616 φησὶν,

406 631 654 701 ἐροῦσιν
681 629 751 683 ἐν
792 627 917 694 τοῖς
956 627 1589 699 ἐθνεσιν,Ἐμεγάλυνε
1632 628 1848 696 Κύριος
1879 627 1988 682 τοῦ

406 712 660 782 ποιῆσαι
697 712 828 782 μετ’
883 710 1102 768 αὐτῶν.
1162 712 1530 785 Ἕμεγάλυνε
1597 712 1812 780 Κύριος
1880 709 1988 766 τοῦ

404 796 653 865 ποιῆσαι
701 796 831 866 μεθ’
885 796 1074 865 ἡμῶν.
1129 798 1244 867 Οὐχ
1288 795 1477 861 ἁπλῶς
1520 797 1550 849 6
1593 794 1989 867 διπλασιασμὸς

405 882 693 952 πρόκειται
717 888 759 946 ⁸,
801 878 919 933 ἀλλ’
949 879 1113 934 ἕνεκα
1135 880 1228 934 τοῦ
1262 881 1502 952 ἐμφῆναι
1534 881 1634 952 τὴν
1661 881 1858 952 πολλὴν
1887 881 1989 934 αὐ-

403 965 515 1017 τῶν
552 964 619 1036 ἢν
666 963 823 1034 ἔσχον
859 964 1052 1035 χαράν.
1106 963 1181 1017 Τὸ
1230 964 1331 1035 μὲν
1358 967 1467 1036 γὰρ
1508 963 1616 1017 τῶν
1654 964 1823 1019 ἐθνῶν
1871 965 1988 1017 ἐστι

409 1048 581 1121 ῥῆμα,
610 1047 672 1101 τὸ
705 1046 762 1101 δὲ
796 1046 976 1101 αὐτῶν
1008 1047 1192 1102 πάλιν.
1219 1047 1332 1102 Καὶ
1363 1048 1485 1119 ὅρα.
1513 1048 1627 1101 Οὐκ
1657 1043 1829 1113 εἶπον,
1856 1046 1989 1101 ἔσω-

405 1148 500 1185 σεν
523 1131 670 1201 ἡμᾶς
688 1148 702 1161 ο
741 1130 886 1194 οὐδὲ,
914 1130 1226 1201 ἀπήλλαξεν
1247 1133 1396 1202 ἡμᾶς
1415 1149 1428 1162 ·
1456 1131 1592 1196 ἀλλ’,
1611 1131 1985 1203 Ἐμεγάλυνε,

402 1213 466 1266 τὸ
494 1210 796 1283 παράδοξον
828 1212 890 1266 τὸ
923 1213 1202 1285 θαύματος
1239 1214 1408 1285 γέμον
1454 1214 1543 1268 διὰ
1572 1215 1675 1285 τῆς
1714 1231 1990 1288 προσηγοο

409 1296 531 1368 ρίας
554 1295 649 1350 τοῦ
702 1295 1000 1367 μεγαλῦναι
1046 1297 1397 1368 παραστῆσαι
1432 1297 1765 1369 βουλόμενοι.
1802 1299 1985 1370 Ὁρᾷς,

405 1381 488 1434 ὅτι
514 1379 651 1450 ὅπερ
678 1377 919 1449 συνεχῶς
953 1380 982 1418 ιι
1013 1378 1219 1448 ἔλεγον,
1257 1377 1347 1432 διὰ
1383 1379 1477 1433 τοῦ
1517 1379 1704 1445 ἔθνους
1732 1380 1921 1434 τούτου
1953 1382 1986 1451 ἡ

406 1461 701 1533 οἰκουμένη
736 1461 1075 1528 ἐπαιδεύετο,
1131 1463 1226 1516 καὶ
1273 1462 1638 1533 ἀπαγομένων
1671 1463 1851 1517 αὐτῶν
1893 1463 1989 1519 καὶ

406 1543 864 1615 ἐπαναγομένων;
909 1545 974 1598 Ἦ
1025 1546 1135 1616 γὰρ
1176 1545 1361 1610 ἄνοδος
1405 1546 1527 1600 ἀντί
1572 1546 1814 1618 κήρυκος
1869 1544 1991 1615 ἐγέ-

410 1645 548 1682 νετο.
575 1627 685 1681 Καὶ
711 1625 819 1699 γὰρ
847 1626 1026 1681 αὐτῶν
1052 1630 1084 1699 ἡ
1114 1629 1271 1700 φήμη
1305 1628 1522 1700 περιῄει
1556 1628 1852 1700 πανταχοῦ,
1887 1645 1990 1683 κα-

406 1710 635 1782 τάδηλον
671 1711 808 1762 πᾶσι
837 1710 1064 1764 ποιοῦσα
1092 1711 1192 1782 τὴν
1232 1710 1325 1765 τοῦ
1370 1710 1505 1764 Θεοῦ
1546 1709 1986 1783 φιλανθρωπίαν’

406 1794 490 1847 ὅτι
529 1791 740 1864 μεγάλα
781 1793 876 1847 καὶ
913 1793 1190 1865 παράδοξα
1216 1794 1294 1858 ὡς
1334 1793 1550 1867 ἀληθῶς
1582 1789 1723 1866 ἦσαν
1751 1793 1819 1846 τά
1862 1792 1991 1866 περὶ

409 1879 607 1940 αὐτοὺς
646 1876 991 1949 γεγενημένα
1029 1877 1304 1949 θαύματα.
1336 1879 1509 1941 Αὐτὸς
1557 1877 1667 1949 γὰρ
1721 1877 1918 1942 αὐτοὺς
1962 1878 1991 1930 6

409 1961 654 2032 κατέχων
702 1958 885 2031 Κῦρος
917 1961 1151 2030 ἀφῆκεν.
1181 1960 1396 2025 οὐδενὸς
1442 1960 1726 2031 δεηθέντος
1759 1970 1808 2027 ο,
1856 1959 1992 2015 ἀλλὰ

406 2043 502 2098 τοῦ
534 2043 670 2100 Θεοῦ
703 2043 803 2114 τὴν
844 2043 1052 2099 ἐκείνου
1080 2042 1319 2099 διάνοιαν
1355 2043 1726 2116 μαλάξαντος·
1766 2044 1860 2097 καὶ
1892 2043 1993 2097 οὐκ

407 2128 620 2198 ἀφῆκεν
662 2125 873 2192 ἁπλῶς,
904 2126 1040 2181 ἀλλὰ
1087 2127 1182 2180 καὶ
1225 2127 1366 2198 μετά
1409 2127 1599 2200 δώρων
1645 2128 1741 2182 καὶ
1780 2126 1986 2195 ξενίων.

420 2210 817 2281 Ἐγενήθημεν
850 2211 1326 2280 εὐφραινόμενοι.
1344 2212 1757 2280 Ἐπίστρεψον,
1792 2212 1989 2281 Κύριε,

406 2293 527 2363 τὴν
558 2294 979 2363 αἰχμαλωσίαν
1021 2293 1212 2363 ἡμῶν,
1265 2294 1346 2360 ὡς
1395 2293 1752 2364 χειμάρρους
1800 2294 1871 2349 ἐν
1912 2293 1993 2360 τῷ

406 2379 583 2443 νότῳ.
615 2377 743 2439 Πῶς
770 2377 1073 2448 ἀρχόμενος
1096 2375 1190 2430 τοῦ
1224 2376 1462 2448 ψαλμοῦ,
1501 2378 1596 2430 Ἑν
1619 2376 1700 2442 τῷ
1728 2376 1994 2447 ἐπιστρέ-

407 2464 521 2530 ψαι
571 2460 792 2528 Κύριον
834 2458 951 2527 τὴν
980 2460 1397 2529 αἰχμαλωσίαν
1442 2460 1616 2521 Σιὼν,
1661 2456 1848 2514 εἶπενο
1907 2461 1993 2513 ἐν-

408 2544 586 2598 ταῦθα
621 2543 701 2606 δὲ,
733 2542 1179 2613 Ἐπι“στρεψον;
1221 2543 1311 2606 Ὠς
1344 2543 1473 2613 περὶ
1509 2544 1791 2615 μέλλοντος
1811 2542 1839 2583 ά
1863 2542 1992 2596 δια-

409 2627 723 2698 λεγόμενος.
778 2625 1027 2680 Μάλιστα
1084 2627 1192 2696 γὰρ
1223 2629 1251 2681 6
1296 2627 1482 2696 ἕτερος
1538 2627 1876 2699 ἑρμηνευτὴς
1913 2628 1993 2690 είς

408 2711 567 2766 τοῦτο
610 2711 758 2780 ἡμᾶς
809 2710 1093 2781 προσάγει,
1117 2711 1216 2763 οὐκ
1260 2709 1451 2772 εἰπὼν,
1493 2713 1591 2764 Ἔν
1618 2709 1697 2777 τῷ
1723 2709 1994 2778 ἐπιστρέ-

406 2796 522 2862 ψαι
547 2811 561 2824 ·
602 2792 738 2853 ἀλλ’,
771 2793 949 2846 Ὅταν
993 2793 1369 2861 ἐπιστρέψῃ·
1426 2795 1509 2848 ὅτι
1556 2793 1729 2866 ἀρχὴν
1771 2793 1892 2846 τότε
1933 2792 1995 2847 τὸ

408 2877 645 2948 πρᾶγμα
691 2875 1016 2947 ἐλάμϐανεν,
1063 2876 1159 2928 καὶ
1202 2876 1302 2929 οὐκ
1351 2877 1408 2929 ἐν
1445 2877 1748 2948 προοιμίοις
1777 2876 1840 2931 τὸ
1887 2878 1994 2931 πᾶν

408 2956 777 3029 κατωρθώθη,
828 2958 963 3012 ἀλλά
1013 2957 1208 3011 πολλαὶ
1248 2959 1536 3027 γεγόνασιν
1570 2959 1749 3012 αὐτῶν
1792 2958 1997 3014 ἀναϐά-

409 3058 527 3105 σεις
544 3057 558 3072 ⁸
590 3040 686 3094 καὶ
713 3040 822 3112 γὰρ
848 3038 1060 3112 πρώτη,
1090 3041 1184 3095 καὶ
1210 3041 1459 3113 δευτέρα,
1485 3041 1579 3094 καὶ
1602 3041 1759 3113 τρίτη
1780 3042 1991 3112 γέγονε.

484 3122 551 3194 β’.
574 3122 745 3178 Τοῦτο
763 3118 855 3177 οῦν
880 3123 1027 3178 ἐστιν
1057 3125 1231 3176 εἰπεῖν
1247 3140 1261 3155 ο
1290 3124 1323 3194 ἦ
1364 3125 1447 3179 ὅτι
1467 3123 1686 3195 εὔχεται
1705 3125 1994 3197 ὁλόκληρον

406 3206 664 3275 γενέσθαι
692 3205 790 3277 τὴν
824 3205 1169 3277 ἀπαλλαγήν.
1204 3208 1314 3261 Καὶ
1347 3208 1457 3280 γὰρ
1495 3207 1683 3262 πολλοὶ
1713 3208 1823 3262 τῶν
1861 3209 1996 3262 Ἰου-

406 3287 574 3343 δαίων
613 3289 968 3359 ἐναπομεϊναι
1018 3288 1300 3344 ἐϐούλοντο
1334 3293 1401 3362 τῇ
1453 3289 1607 3362 χώρᾳ
1654 3290 1763 3345 τῶν
1793 3291 1998 3366 βαρϐἀο

414 3388 524 3442 ρων
557 3384 577 3406 ⁸
613 3387 625 3399 ·
672 3368 752 3422 διὸ
778 3371 872 3424 καὶ
910 3371 1028 3441 μετ’
1070 3372 1373 3436 ἐπι-,τάσεως
1413 3373 1572 3427 τοῦτο
1608 3374 1861 3443 γενέσθαι
1898 3392 1997 3429 πο-

411 3453 546 3516 θῶν,
578 3454 763 3523 φησίν·
794 3454 1191 3524 Ἐπίστρεψον
1210 3456 1325 3525 τὴν
1353 3458 1771 3527 αἰχμαλωσίαν
1805 3458 1994 3529 ἡμῶν,

409 3537 492 3604 ὡς
521 3534 880 3606 χειμάρῤους
906 3536 976 3590 ἐν
1000 3535 1079 3602 τῷ
1106 3539 1291 3607 νότφο
1332 3540 1602 3605 τουτέστι,
1633 3541 1769 3611 μετὰ
1796 3541 1996 3613 πολλῆς

407 3621 511 3690 τῆς
538 3619 736 3691 ῥύμης.
778 3620 915 3691 μετὰ
955 3620 1157 3690 πολλῆς
1188 3620 1288 3690 τῆς
1330 3621 1690 3694 σφοδρότητος
1713 3622 1869 3677 ὠθῶν
1901 3625 1997 3677 και

409 3704 773 3773 κατεπείγων.
797 3703 887 3757 Διὸ
906 3703 1000 3758 καὶ
1024 3704 1108 3758 ἒτε
1119 3721 1209 3777 ρος
1229 3705 1571 3777 ἑρμηνευτὴς
1598 3705 1660 3759 τὸ
1688 3706 1820 3759 αὐτὸ
1838 3706 1998 3760 τοῦτο

408 3788 607 3859 δηλῶν,
640 3789 736 3854 Ὠς
765 3789 1139 3856 ωταρῤοιας,
1166 3784 1565 3855 εἷπεν.“Ἀλλος,
1596 3789 1694 3854 Ὠς
1724 3791 1994 3859 ὀχετούς.

413 3870 630 3933 Ἀλλος,
659 3870 756 3935 Ὠς
782 3868 1056 3940 ἀφέσεις.
1094 3873 1160 3925 Ol
1200 3872 1559 3940 σπείροντες
1590 3871 1660 3925 ἐν
1699 3871 1999 3944 δάκρυσιν

407 3954 479 4008 ἐν
513 3952 872 4021 ἀγαλλιάσει
909 3953 1194 4021 θεριοῦσι.
1232 3955 1402 4008 Τοῦτο
1454 3955 1671 4027 εἴρηται
1727 3955 1827 4027 μὲν
1870 3957 2001 4029 περὶ

409 4035 520 4090 τῶν
551 4035 841 4101 Ἰουδαίων,
876 4035 1146 4108 πολλαχοῦ
1178 4036 1223 4089 δ’
1248 4036 1315 4091 ἂν
1343 4037 1458 4109 ἔχοι
1485 4037 1670 4110 χώραν
1700 4039 1795 4092 καὶ
1832 4038 1999 4094 ἀλλα-

410 4118 509 4191 χοῦ
538 4118 811 4188 λέγεσθαι.
863 4118 1115 4174 Τοιοῦτον
1161 4120 1269 4195 γὰρ
1314 4122 1348 4191 ή
1402 4122 1570 4192 ἀρετή
1598 4136 1612 4151 ο
1655 4120 1766 4174 τῶν
1819 4120 1998 4175 πόνων

408 4202 672 4275 λαμπρὰς
698 4201 808 4273 ἔχει
835 4202 932 4267 τὰς
970 4203 1205 4274 ἀμοιϐάς
1227 4221 1240 4233 ·
1289 4204 1386 4258 καὶ
1433 4204 1516 4258 δεῖ
1548 4205 1698 4276 ἡμᾶς
1737 4204 1999 4278 πρότερον

410 4287 644 4355 κάμνειν
670 4287 765 4338 καὶ
796 4285 1285 4356 ταλαιπωρεῖσθαι,
1318 4288 1414 4340 καὶ
1443 4287 1566 4340 τότε
1590 4287 1773 4356 ζητεῖν
1792 4288 1994 4344 ἀνεσιν.

410 4368 586 4423 Τοῦτο
610 4370 720 4440 γὰρ
758 4370 1035 4440 πανταχοῦ
1063 4371 1157 4424 καὶ
1177 4373 1234 4424 ἐν
1259 4372 1372 4434 τοῖς
1412 4370 1682 4442 βιωτικοῖς
1705 4370 1997 4442 συμϐαῖνον

380 4512 383 4515 λ
413 4452 514 4507 ῐδοι
540 4470 621 4517 τις
653 4454 739 4508 ἄν.
772 4453 873 4507 Διά
912 4452 1067 4525 [554]
1105 4453 1169 4525 δὴ
1198 4452 1358 4507 τοῦτο
1386 4454 1481 4506 καὶ
1509 4453 1671 4517 αὐτὸς
1705 4455 1797 4509 ἐπὶ
1824 4455 1998 4509 ταῦτα

409 4537 503 4593 τὸν
546 4536 705 4607 λόγον
751 4537 983 4608 ἢγαγεν,
1043 4537 1136 4590 ἐπὶ
1167 4536 1370 4609 σπόρον
1412 4536 1577 4607 λέγω,
1616 4539 1711 4591 καὶ
1763 4538 1992 4610 ἀμητόν.

414 4620 626 4693 Ὥσπερ
663 4622 772 4692 γὰρ
808 4622 837 4673 6
878 4619 1116 4691 σπείρων
1150 4620 1314 4674 πόνου
1361 4620 1552 4685 δεῖται,
1593 4622 1688 4673 καὶ
1724 4622 1998 4677 ταλαιπω-

417 4705 559 4774 ρίας,
600 4704 694 4758 καὶ
723 4703 984 4774 ἱδρώτων,
1012 4703 1109 4756 καὶ
1139 4703 1405 4773 χειμῶνος
1426 4718 1440 4732 ·
1474 4701 1647 4765 οὕτως
1679 4706 1708 4757 6
1751 4704 1849 4776 τὴν
1869 4706 1999 4775 ἀρε·

411 4788 512 4858 τὴν
549 4786 766 4858 μετιών.
814 4786 979 4840 Οὐδὲν
1020 4785 1130 4856 γὰρ
1159 4784 1303 4838 οὕτω
1343 4785 1481 4857 πρὸς
1512 4787 1694 4841 ἄνεσιν
1723 4787 1996 4858 ἄχρηστον

411 4874 489 4935 ὡς
518 4870 824 4942 ἄνθρωπος.
846 4869 945 4927 Διά
976 4868 1043 4941 δὴ
1085 4867 1245 4925 τοῦτο
1274 4868 1468 4939 στενὴν
1505 4869 1599 4925 καὶ
1634 4869 1996 4940 τεθλιμμένην

412 4954 668 5024 ἐποίησεν
705 4954 822 5008 ὁδὸν
863 4952 883 4993 ι
918 4955 948 5008 ὁ
971 4953 1123 5015 Θεός.
1151 4951 1369 5005 Μᾶλλον
1390 4952 1447 5005 δὲ
1480 4952 1541 5005 οὐ
1569 4951 1641 5006 τὰ
1678 4953 1775 5023 τῆς
1797 4955 1996 5025 ἀρετῆς

416 5038 596 5109 μόνον,
615 5038 752 5092 ἁλλά
777 5040 870 5095 καὶ
887 5037 957 5091 τά
979 5036 1207 5107 βιωτικά
1230 5037 1531 5110 πράγματα
1554 5038 1785 5095 ἐπίπονα
1803 5057 1996 5092 κατεσ-

477 5187 504 5256 _‘
530 5186 671 5256 Alips
695 5188 1009 5256 πρόσκειται,
1037 5185 1193 5256 Ρειιιρ
1216 5189 1331 5235 ante
1355 5185 1509 5235 verba
1552 5186 1862 5248 ἐμεγάλυνε...
1912 5188 1995 5236 αὖ·

417 5249 516 5295 τῶν
539 5261 568 5295 e
596 5247 778 5297 Saviltb
804 5247 1039 5296 restituta
1060 5253 1192 5295 sunt.

473 5308 502 5351 Β
522 5311 734 5372 Συνεχῶς
758 5310 905 5359 deest.
923 5308 973 5357 in
998 5314 1141 5372 textu
1173 5309 1360 5372 Savilii.

477 5373 502 5402 °
528 5368 827 5427 Αιὶἱόύδενὸς
846 5370 1479 5434 παρακαλέσαντος,ούδενὸς
1501 5370 1753 5426 δεηθέντος.
1772 5368 1821 5417 In
1834 5372 1894 5419 iis
1910 5385 1996 5419 au-

411 5434 635 5495 tenmuaa
657 5431 943 5495 prmedunt
967 5431 1020 5481 ει
1044 5445 1157 5493 quae
1178 5441 1471 5492 sequuntur,
1486 5444 1657 5495 magna
1673 5439 1725 5495 οι
1745 5433 1997 5495 superﬂna

411 5493 628 5547 varielas
648 5493 943 5545 6bservalur
967 5496 1014 5543 in
1040 5508 1142 5543 uno
1160 5495 1317 5553 Regio
1350 5506 1461 5542 cum
1482 5494 1675 5540 mendis
1699 5493 1993 5542 innumeris.

476 5554 508 5596 ἀ
532 5558 681 5613 Savil.
711 5557 1012 5619 ἐπίστρεψον,
1049 5556 1211 5665 Κύερξε,
1231 5556 1374 5615 λέγει,
1395 5556 1461 5610 ὡς
1479 5554 1585 5616 περὶ
1605 5554 1870 5614 μέλλοντος.

480 5631 507 5658 ο
531 5619 682 5665 Svil.
706 5625 763 5665 τῆ
783 5619 918 5665 νώοα
934 5623 992 5665 τῆ
1019 5620 1108 5665 Βαο
1156 5618 1258 5665 ὀω.

480 5631 507 5681 9
531 5619 682 5669 Savii-
706 5625 763 5681 τῇ
783 5618 918 5681 χώρᾳ
934 5623 992 5680 τῇ
1019 5618 1258 5681 βαρϐἀρφτ

480 5677 501 5720 ί
532 5681 615 5730 Sic
635 5673 925 5729 omnre's'nis's
951 5673 1049 5737 ,ει
1077 5673 1147 5727 ita
1168 5673 1291 5739 [egit
1330 5677 1514 5739 interp.
1544 5673 1665 5739 Μοτ.
1690 5676 1998 5739 τεθλιμμένην

414 5743 638 5793 ἆκπὶλεσεν
659 5742 787 5790 ὁδόν.
811 5740 961 5790 SaVil.
1001 5737 1303 5802 τεθλιμμένην
1341 5737 1539 5787 ἐκάλεσε
1575 5738 1661 5794 τήν
1692 5738 1807 5803 πρὸς
1823 5737 1996 5802 ἀρετὴν

418 5807 645 5852 ωίιιουσαν
664 5804 799 5852 ὁδόν-

418 5807 645 5870 φίρονσαν
664 5804 800 5861 ὁδόν,

1101 349 1162 406 S.
1200 346 1484 405 JOANNIS
1519 342 2011 404 CHRYSOSTOMI
2050 342 2375 403 ARCHIEP.
2413 342 2965 402 CONSTANTINOP.

3562 345 3670 404 362

2093 461 2316 526 κεύασε,
2359 462 2455 517 καὶ
2500 459 2640 516 αὐτὰ
2665 459 2847 531 πολλῷ
2869 456 3051 513 πλέον.
3067 456 3137 513 Ὅ
3173 473 3234 512 τε
3262 455 3372 530 γὰρ
3403 456 3665 530 σπείρων,

2087 545 2118 599 ὅ
2144 562 2203 599 τε
2232 544 2551 615 οἰκοδομῶν,
2578 544 2609 598 6
2631 543 2932 614 ὁδοιπόρος,
2981 544 3011 597 6
3047 541 3367 614 δρυοτόμος,
3414 542 3443 594 6
3481 558 3665 612 χειρο-ι

2088 629 2304 701 τέχνης.
2332 631 2442 692 πᾶς
2466 628 2773 699 ἄνθρωπος,
2797 628 2847 680 εί
2880 625 3061 698 μέλλοι
3079 643 3134 679 τι
3169 623 3514 696 καρποῦσθαι
3534 625 3667 696 κρῆς

2091 729 2270 783 σιμον,
2305 712 2469 766 πόνου
2496 710 2792 765 δεῖταικαὶ
2835 707 3210 780 ταλαιπωρίας
3229 723 3243 738 ο
3291 707 3385 761 καὶ
3415 707 3668 778 καθάπερ

2089 795 2159 851 τά
2203 796 2496 868 σπέρματα
2539 795 2711 850 ὑετῶν
2737 796 2929 858 δεῖται,
2971 792 3145 856 οὓτως
3174 793 3336 863 ἡμεῖς
3376 790 3628 863 δακρύων

2091 878 2187 933 καὶ
2220 878 2470 952 καθάπερ
2501 879 2536 951 ἡ
2587 879 2663 949 γῆ
2709 876 2804 932 τοῦ
2850 876 3144 948 τέμνεσθαι
3193 874 3382 945 χρείαν
3414 873 3526 945 ἔχει
3574 876 3663 928 καὶ

2092 962 2554 1034 ἀναῤῥὴγνυσθαι,
2576 960 2719 1016 οὕτω
2743 961 2838 1017 καὶ
2859 963 2892 1032 ἡ
2916 960 3062 1032 ψυχὴ
3088 960 3207 1014 ἀντὶ
3230 958 3477 1029 δικέλλης
3498 958 3668 1012 δεῖται

2093 1045 2416 1118 πειρασμῶν
2436 1046 2532 1100 καὶ
2560 1044 2814 1116 θλίψεων,
2848 1045 2937 1100 ἵνα
2971 1045 3046 1117 μὴ
3073 1044 3215 1117 φέρῃ
3250 1043 3480 1115 βοτάνας
3512 1060 3672 1114 πονη-

2094 1129 2217 1202 ράς,
2275 1132 2363 1185 ἵνα
2410 1130 2473 1184 τὸ
2530 1129 2765 1201 σκληρὸν
2813 1127 2986 1199 αὐτῆς
3050 1127 3408 1199 μαλάττηται,
3460 1126 3547 1180 ἵνα
3595 1126 3670 1197 μὴ

2091 1219 2307 1291 σκιρτᾷ.
2335 1216 2447 1270 Καὶ
2472 1214 2585 1286 γάρ
2606 1215 2702 1269 καὶ
2725 1217 2795 1286 γῆ
2833 1212 2907 1285 μὴ
2930 1211 3271 1284 ἐργαζομένη
3311 1210 3449 1282 μετά
3468 1210 3668 1281 πολλῆς

2087 1302 2188 1371 τῆς
2210 1298 2515 1373 ἀκριϐείας,
2537 1298 2689 1353 οὐδὲν
2707 1297 2859 1367 ὑγιὲς
2881 1295 3104 1368 ἐκφέρει
3133 1298 3180 1350 Β.
3200 1297 3266 1349 Ὃ
3290 1294 3472 1348 τοίνυν
3503 1296 3669 1366 φησὶν

2089 1387 2119 1439 6
2144 1386 2457 1459 Προφήτης,
2490 1381 2649 1437 τοῦτό
2689 1383 2864 1436 ἐστιν·
2920 1382 3002 1436 ὃτι
3046 1383 3120 1453 μὴ
3168 1379 3248 1434 δεῖ
3290 1380 3450 1447 μόνον
3476 1381 3569 1432 ἐπὶ
3596 1382 3667 1451 τῇ

2090 1471 2262 1544 ἀνόδῳ
2308 1469 2542 1542 χαίρειν,
2593 1465 2732 1521 ἀλλά
2795 1465 2891 1520 καὶ
2933 1465 3026 1518 ἐπὶ
3052 1466 3118 1536 τῇ
3159 1462 3527 1535 αἰχμαλωσίᾳ,
3572 1479 3663 1515 κα·

2092 1556 2232 1629 ὑπὲρ
2256 1553 2580 1625 ἀμφοτέρων
2607 1550 2836 1624 χάριτας
2867 1547 2945 1619 τῷ
2976 1546 3095 1620 Θεῷ
3123 1546 3424 1619 ὁμολογεῖν.
3457 1548 3666 1629 Ἐκεῖνο

2094 1625 2211 1711 μὲν
2239 1637 2346 1709 γὰρ
2395 1635 2594 1707 σπόρος
2616 1650 2631 1665 °
2669 1632 2826 1687 τοῦτο
2870 1631 2925 1685 δὲ
2976 1630 3208 1703 ἀμητός.
3241 1631 3452 1701 Ὥσπερ
3481 1625 3575 1683 οὖν
3616 1630 3666 1684 οἱ

2093 1722 2426 1794 σπείροντες,
2468 1719 2623 1790 φησὶ,
2654 1718 2943 1783 πονοῦντες
2969 1716 3299 1772 ἀπολαύουσι
3328 1717 3438 1770 τῶν
3497 1733 3667 1788 προσ-

2096 1805 2232 1860 όδων
2269 1805 2411 1879 μετὰ
2449 1803 2653 1859 ταῦτα·
2699 1801 2842 1857 οὕτω
2867 1803 2962 1857 καὶ
2986 1803 3163 1874 ὑμεῖς,
3207 1799 3369 1874 ἡνίκα
3406 1802 3504 1872 μὲν
3522 1799 3665 1872 ἀπῄο

2092 1890 2370 1954 ειτε,τοί›ς
2416 1886 2740 1958 σπείροντας
2786 1885 3093 1958 ἐμιμεῖσθε,
3137 1884 3663 1957 ταλαιπωρούμενοι,

2092 1973 2418 2046 κοπτόμενοι
2450 1973 2503 2040 h,
2535 1971 2863 2043 θλιϐόμενοι,
2894 1970 2986 2025 τὸν
3022 1969 3289 2042 χειμῶνα,
3315 1971 3406 2023 τὸν
3431 1969 3667 2040 πόλεμον

2092 2058 2373 2130 φέροντες,
2401 2057 2503 2129 τὴν
2541 2054 2876 2125 συννέφειαν,
2910 2051 3004 2107 τὸν
3045 2052 3274 2123 κρυμὸν,
3316 2051 3525 2125 δάκρυα
3573 2054 3668 2106 ἐκ-

2091 2141 2325 2213 χέοντες.
2368 2141 2546 2209 ’Όπερ
2588 2138 2698 2210 γάρ
2734 2138 2851 2190 ἐστι
2894 2140 3010 2200 τοῖς
3069 2135 3379 2207 σπέρμασιν
3409 2136 3441 2189 6
3488 2136 3665 2199 ὑετὸς,

2090 2224 2250 2279 τοῦτο
2270 2227 2381 2289 τοῖς
2413 2223 2752 2293 θλιϐομένοις
2798 2219 2869 2273 τὰ
2901 2220 3134 2290 δάκρυα.
3171 2219 3311 2272 Ἀλλ’
3350 2218 3478 2283 ίδοὺ,
3513 2219 3665 2289 φησὶ,

2091 2310 2200 2364 τῶν
2249 2308 2425 2361 πόνων
2458 2306 2683 2361 ἐκείνων
2728 2303 3033 2359 ἀπελάϐετε
3078 2304 3179 2376 τὴν
3210 2303 3465 2375 ἀμοιϐήν.
3498 2303 3667 2357 Ὅταν

2091 2387 2184 2448 οὖν
2216 2391 2349 2463 λέγῃ
2369 2405 2383 2420 ·
2420 2391 2814 2459 Πορευόμενοι
2849 2388 3231 2458 ἐπορεύοντο,
3271 2386 3370 2441 καὶ
3405 2386 3665 2447 ἔκλαιον,

2086 2474 2429 2541 ,βάλλοντες
2483 2472 2560 2527 τὰ
2606 2472 2920 2543 σπέρματα
2965 2470 3188 2537 αὐτῶν,
3239 2471 3549 2540 ἐρχόμενοι
3599 2468 3669 2523 δὲ

2093 2558 2354 2626 ἥξουσιν
2389 2556 2462 2610 ἐν
2502 2555 2879 2626 ἀγαλλιάσει,
2926 2556 3201 2624 αἴροντες
3237 2554 3311 2608 τὰ
3366 2551 3670 2623 δράγματα

2091 2640 2322 2698 αὐτῶν-⁸
2365 2640 2425 2695 οὐ
2465 2641 2594 2708 περὶ
2640 2640 2786 2694 σίτου
2825 2638 3150 2708 διαλέγεται,
3196 2637 3331 2693 ἀλλά
3363 2636 3493 2709 περὶ
3531 2651 3673 2707 πραο

2093 2726 2344 2798 γμάτων,
2374 2724 2643 2778 παιδεύων
2672 2724 2763 2778 τὸν
2801 2723 3096 2796 ἀκροατὴν.
3144 2722 3219 2794 μὴ
3259 2722 3442 2776 ἀλύειν
3467 2723 3526 2775 ἐν
3548 2722 3667 2783 ταῖς

2094 2810 2357 2882 θλίψεσιν.
2376 2810 2585 2881 ’Ὥσπερ
2614 2807 2723 2878 γὰρ
2742 2811 2771 2862 6
2793 2808 3031 2881 σπείρων
3051 2806 3151 2861 οὐκ
3174 2807 3347 2873 ἀλύει,
3373 2806 3474 2860 κᾶν
3502 2805 3672 2860 πολλά

2091 2895 2161 2951 τά
2193 2892 2427 2966 φορτικά
2477 2888 2536 2966 ᾗ,
2570 2891 2787 2964 ἀφορῶν
2832 2891 2968 2960 πρὸς
3004 2891 3073 2945 τὰ
3114 2890 3241 2962 λήῖα
3271 2889 3340 2943 τὰ
3382 2889 3668 2961 κομῶντα’

2093 2980 2267 3043 οὕτως
2310 2978 2429 3032 οὐδὲ
2469 2977 2561 3031 τὸν
2607 2975 2922 3047 θλιϐόμενον
2976 2976 3347 3048 δυσχεραίνειν
3396 2976 3523 3048 χρὴ,
3567 2976 3672 3030 κᾶν

2096 3059 2337 3136 πολλὰ
2384 3060 2455 3115 τὰ
2480 3059 2723 3132 λυπηρὰ.
2780 3060 2873 3114 τὸν
2909 3059 3122 3131 ἀμητὸν
3171 3060 3533 3130 ἀναμένοντα,
3572 3059 3673 3130 τὴν

2095 3146 2357 3219 πρόσοδον
2386 3145 2484 3216 τὴν
2514 3144 2623 3199 ἀπὸ
2644 3144 2754 3219 Δτῆς
2780 3142 3010 3213 θλίψεως
3036 3142 3334 3213 γινομένην
3361 3143 3672 3197 ἐννοοῦντα.

2095 3216 2262 3285 Ταῦτ’
2300 3223 2393 3283 οὖν
2422 3229 2518 3283 καὶ
2550 3216 2713 3299 ἡμεῖς
2752 3226 2974 3294 εἰδότες,
3002 3227 3098 3281 καὶ
3132 3227 3274 3299 ὑπὲρ
3314 3226 3544 3297 θλίψεως
3577 3225 3673 3282 καὶ

2096 3313 2236 3383 ὑπὲρ
2285 3313 2521 3374 ἀνέσεως
2568 3309 2978 3380 εὐχαριστῶμεν
3010 3309 3090 3382 τῷ
3141 3311 3406 3384 Δεσπότῃ.
3458 3312 3523 3365 Εἰ
3564 3309 3673 3380 γὰρ

2095 3396 2191 3449 καὶ
2236 3393 2466 3463 διάφορα
2515 3390 2586 3445 τὰ
2629 3391 2910 3463 γινόμενα,
2964 3393 3100 3447 ἀλλά
3144 3392 3282 3464 πρὸς
3332 3392 3391 3447 ἓν
3443 3392 3672 3447 ἕκαστον

2097 3479 2243 3533 ἅπαν
2275 3480 2290 3520 ἱ
2325 3478 2477 3541 τέλος
2510 3477 2634 3547 ὁρᾷ,
2682 3475 2871 3547 ῶσπερ
2901 3478 2929 3530 6
2974 3477 3175 3548 σπόρος
3218 3477 3313 3531 καλ⁵
3356 3478 3385 3531 6
3428 3477 3668 3549 ἀμητός’

2099 3562 2193 3619 καὶ
2230 3561 2488 3631 φέρωμεν
2509 3559 2608 3623 τὰς
2636 3558 2843 3627 θλίψεις
2880 3560 3162 3627 γενναίως,
3192 3560 3285 3612 καὶ
3312 3561 3670 3631 εὐχαρίστως,

2097 3644 2192 3698 καὶ
2217 3644 2315 3708 τὰς
2345 3644 2559 3707 ἀνέσεις
2588 3643 2726 3712 μετὰ
2746 3642 3051 3712 δοξολογίας
3069 3659 3084 3673 ο
3110 3643 3251 3696 ὥστε
3284 3646 3378 3698 καὶ
3406 3645 3512 3697 τῶν
3545 3645 3674 3716 μελ-

2095 3726 2296 3781 λόντων
2341 3729 2618 3798 ἐπιτυχεῖν
2667 3725 2907 3796 ἀγαθῶν,
2946 3728 3130 3798 χάριτι
3158 3729 3252 3781 καὶ
3293 3728 3670 3799 φιλανθρωπίᾳ

2096 3810 2187 3864 τοῦ
2218 3811 2421 3883 Κυρίου
2457 3810 2616 3881 ἡμῶν
2649 3808 2822 3880 Ἰησοῦ
2862 3809 3121 3881 Χριστοῦ,
3154 3803 3198 3878 ᾧ
3240 3811 3273 3881 ἡ
3315 3810 3443 3877 δόξα
3485 3811 3580 3865 καὶ
3609 3810 3671 3864 τὸ

2096 3893 2296 3966 κράτος
2333 3895 2415 3958 είς
2444 3894 2571 3956 τοὺς
2598 3892 2797 3956 αἰῶνας
2833 3892 2941 3947 τῶν
2969 3891 3202 3947 αίώνων.
3226 3894 3416 3966 Ἀμήν.

2361 4029 2511 4104 [355]
2560 4031 2671 4085 ΕΙΣ
2714 4031 2851 4085 TON
2888 4032 3063 4100 Ρκςο
3091 4032 3418 4093 ΨΑΛΜΟΝ.

2111 4134 2246 4188 Ἐὰν
2277 4131 2363 4203 μὴ
2415 4133 2630 4201 Κύριος
2675 4131 3043 4204 οἰκοδομήσῃ
3098 4129 3287 4199 οἶκον,
3343 4136 3433 4201 εἰς
3472 4134 3673 4204 μάτην

2166 4202 2503 4275 ἐκοπίασαν
2536 4205 2600 4275 ἑοὶ
2642 4202 3120 4275 οἰκοδομοῦντες.
3155 4205 3289 4259 Ἐὰν
3331 4205 3415 4275 μὴ
3456 4202 3673 4274 Κύριος

2168 4272 2412 4345 φυλάξῃ
2466 4273 2666 4345 πόλιν,
2700 4274 2789 4345 εἰς
2827 4271 3028 4341 μάτην
3074 4271 3465 4345 ἠγρύπνὴσεν
3494 4271 3671 4345 dfva-

2168 4341 2441 4414 λάσσων.
2492 4341 2596 4407 Εἰς
2630 4342 2846 4414 μάτην
2886 4345 3028 4414 ὑμῖν
3072 4341 3203 4398 ἐστι
3237 4344 3305 4398 τὸ
3340 4341 3635 4414 ’ὀρθρίζέιν
3657 4362 3673 4380 δ

2167 4413 2466 4483 ἐγείρεσθε
2504 4412 2655 4481 μετά
2690 4412 2758 4466 τὸ
2802 4412 3120 4481 καθῆσθαι.

2168 4511 2237 4566 α’.
2253 4503 2421 4574 Οῦτος
2441 4511 2470 4563 6
2489 4509 2701 4580 ψαλμὸς
2721 4511 2801 4573 είς
2821 4510 2916 4582 τὴν
2933 4509 3265 4566 κατάστασιν
3281 4512 3388 4566 τῶν
3412 4513 3675 4585 πραγμά-

2097 4612 2204 4649 των
2226 4593 2333 4647 τῶν
2365 4593 2623 4664 μεταιτὴν
2646 4593 2902 4648 ἐπάνοδον
2933 4594 3166 4665 εἴρηται.
3195 4596 3411 4667 Ἐπειδὴ
3438 4597 3548 4666 γὰρ
3571 4598 3673 4668 τῆς

2098 4675 2477 4748 αἰχμαλωσίας
2528 4677 2954 4747 ἀπαλλαγέντες,
2999 4679 3095 4731 καὶ
3132 4678 3197 4731 ἐκ
3236 4679 3338 4749 τῆς
3394 4679 3672 4753 βαρϐάρου

2097 4761 2284 4835 χώρας
2325 4761 2728 4829 ἐπανελθόντες,
2770 4763 3013 4832 ἐρείπιον
3039 4761 3096 4835 δὲ
3134 4762 3534 4828 καταλαϐόντες
3574 4767 3673 4837 τὴν

2097 4845 2274 4909 πόλιν,
2305 4844 2402 4898 καὶ
2429 4843 2499 4898 τά
2522 4844 2677 4915 τείχη
2710 4845 2848 4916 μετά
2877 4845 2986 4899 τῶν
3007 4845 3231 4919 πύργων
3256 4849 3563 4921 ἐρριμμένα
3581 4868 3677 4921 χα-

2102 4928 2202 4998 μαὶ
2233 4926 2552 4999 ἐπεχείρουν
2581 4927 2836 4998 ἐγείρειν,
2872 4929 3058 4983 πολλοὶ
3083 4930 3139 4982 δὲ
3161 4930 3489 5002 πολλαχόθεν
3509 4934 3679 4987 ἐπιτι-

2099 5011 2316 5082 θέμενοι
2347 5008 2639 5064 διεκώλυον
2671 5009 2733 5063 τὸ
2761 5010 2940 5080 ἔργον,
2968 5011 3286 5081 φθονοῦντες
3311 5017 3378 5086 τῇ
3406 5015 3515 5068 τῶν
3546 5017 3673 5069 Ἰου-

2097 5094 2260 5149 δαίων
2300 5093 2588 5166 εύημερίᾳ,
2633 5094 2731 5149 καὶ
2770 5094 3067 5160 δεδοικότες
3112 5092 3293 5150 ἅύτῶν
3332 5098 3432 5170 τὴν
3466 5100 3676 5171 εὐπρα-

2099 5178 2226 5245 γίαν
2247 5193 2261 5208 ο
2298 5173 2419 5230 εἶτα
2447 5176 2651 5233 τούτων
2691 5178 2987 5250 γινομένων
3012 5179 3040 5231 6
3066 5180 3255 5251 χρόνος
3282 5182 3547 5253 ἐτρίϐετο,
3582 5182 3674 5235 καί¹

2099 5257 2353 5323 τοσοῦτος
2401 5258 2591 5331 ἐτρίϐη
2630 5261 2843 5331 χρόνος,
2894 5262 2970 5326 ὡς
3011 5264 3150 5334 ὑπὲρ
3178 5263 3247 5317 τὰ
3270 5265 3675 5335 τεσσαράκοντα

2100 5342 2194 5413 ἔτη
2232 5342 2577 5413 ἀναλωθῆναι
2602 5345 2661 5395 ἐν
2690 5347 2757 5415 τῇ
2795 5346 2887 5399 τοῦ
2919 5345 3045 5398 ναοῦ
3078 5348 3331 5419 οἰκοδομῇ
3354 5365 3367 5381 ν
3408 5349 3543 5419 ὅπερ
3581 5344 3676 5405 οὖν

2099 5429 2195 5481 καὶ
2229 5429 2280 5480 οἱ
2309 5428 2550 5481 Ἰουδαῖοι
2591 5428 2875 5498 δηλοῦντες
2903 5431 2919 5481 i
2960 5429 3145 5499 ἔλεγον
3162 5450 3178 5465 ·
3218 5433 3676 5505 Τεσσαράκοντα

2097 5510 2197 5563 καὶ
2234 5509 2303 5575 ἐξ
2337 5510 2539 5565 ἐτεσιν
2573 5510 2923 5582 ᾠκοδομήθη
2953 5518 2986 5568 ό
3024 5515 3171 5582 ναὸς
3198 5513 3405 5585 οὗτος·
3446 5519 3506 5573 οὐ
3546 5516 3676 5572 πεοὶ

2165 5611 2190 5675 β
2215 5612 2369 5660 Savil.
2398 5608 2542 5675 φέρει.

2161 5670 2188 5709 ιι
2210 5670 2509 5736 κρυπτόμενοι
2522 5673 2669 5736 deest
2688 5677 2740 5724 in
2767 5675 2916 5725 SaviL

2164 5744 2182 5801 ξ
2212 5738 2291 5801 δίε
2316 5734 2468 5801 ξενί-Ι.
2490 5735 2667 5801 _M0_r_el.
2697 5738 2897 5801 ἕκαστον
2920 5738 3118 5787 ἅπαντα.

2168 5797 2184 5846 1
2215 5798 2296 5846 Sic
2313 5797 2460 5848 Savil.
2490 5797 2542 5846 In
2562 5797 2734 5849 Morel.
2758 5798 3004 5857 δηλοῦντες
3022 5801 3191 5851 deest.
