4112 6342
535 373 631 431 361

534 487 706 556 gaudii
729 487 970 542 afferunt.
1000 487 1108 540 Non
1139 488 1330 550 solum,
1359 485 1543 554 inquit,
1572 485 1861 554 gaudemus
1888 490 2102 552 propter

535 578 898 633 liberationem
937 593 966 631 a
1009 577 1192 639 malis,
1221 576 1314 630 sed
1359 575 1516 629 etiam
1557 577 1677 644 quia
1724 591 1786 630 ex
1815 589 1880 629 eo
1919 590 2103 628 omnes

534 679 891 741 cognoscent,
919 686 1076 740 quam
1121 669 1285 722 nostri
1337 669 1478 722 Deus
1527 683 1704 721 curam
1755 675 1923 736 gerat.
1958 665 2102 719 Tunc

533 766 698 828 enim,
723 764 908 832 inquit,
932 763 1096 815 dicent
1125 763 1252 814 inter
1276 770 1462 830 gentes,
1486 759 1827 828 .‘llagni/icat'it
1858 757 2102 811 Dominus

535 857 699 925 facere
717 869 831 906 eum
859 855 949 907 eis.
991 852 1336 921 Magni/ienuit
1365 849 1605 904 Dominus
1633 853 1798 919 facere
1822 849 2098 903 nobiscum.

534 943 647 998 Non
678 953 875 996 temere
910 941 1154 1010 adjicitur
1183 941 1294 994 haec
1336 939 1720 1008 conduplicatio
1746 979 1760 1003 ,
1789 939 1880 992 sed
1921 947 1978 992 ut
2013 953 2102 992 os-

535 1034 813 1090 tenderent
851 1048 1094 1101 magnam
1120 1074 1134 1096 ,
1163 1048 1322 1100 quam
1351 1039 1636 1101 ceperant,
1663 1031 1918 1084 laetitiam.
1952 1029 2099 1084 Alte-

532 1143 650 1180 rum
697 1127 835 1182 enim
875 1126 1092 1180 verbum
1123 1133 1204 1178 est
1233 1124 1464 1193 gentium
1486 1163 1502 1187 ,
1527 1123 1748 1175 alterum
1779 1135 1905 1174 vero
1950 1121 2096 1189 ipso-

535 1235 676 1274 rum.
710 1218 840 1272 Vide
867 1227 1064 1270 autem.
1094 1215 1209 1270 Non
1239 1215 1503 1278 dixerunt,
1530 1212 1770 1267 Servavit
1799 1227 1897 1265 nos
1919 1251 1934 1276 ,
1966 1226 2094 1275 nec,

534 1309 798 1364 Liberavit
813 1322 928 1371 nos;
947 1307 1060 1372 sed,
1075 1304 1435 1376 Magniﬁcavit,
1453 1319 1563 1358 rem
1580 1304 1826 1372 opinione
1843 1301 2094 1370 majorem

531 1411 585 1455 et
612 1400 864 1455 miraculo
887 1400 1090 1468 plenam
1114 1414 1206 1467 per
1223 1398 1336 1452 hzec
1359 1398 1596 1452 volentes
1617 1395 1914 1450 ostendere.
1938 1393 2096 1448 Vides

531 1493 823 1563 quomodo,
855 1499 913 1546 ut
954 1478 1096 1560 saepe
1121 1490 1381 1554 dicebam,
1415 1503 1509 1558 per
1534 1490 1671 1543 hanc
1692 1497 1904 1556 gentem
1931 1486 2090 1540 doce-

531 1583 683 1636 batur
708 1583 989 1637 universus
1031 1582 1174 1636 orbis
1202 1588 1357 1634 terra:
1379 1621 1395 1645 ,
1418 1579 1542 1633 dum
1569 1587 1626 1633 et
1661 1577 2050 1633 abducerentur
2074 1617 2091 1644 ,

492 1698 495 1699 ν
529 1679 583 1728 et
611 1687 794 1727 rursus
837 1671 1235 1726 reducerentur.
1268 1669 1384 1740 Ipse
1409 1671 1551 1725 enim
1593 1669 1794 1725 reditus
1835 1667 1934 1722 fuit
1975 1669 2094 1723 loco

530 1762 805 1834 praeconis.
829 1762 1026 1817 Eorum
1048 1761 1239 1831 quippe
1265 1759 1403 1815 fama
1431 1759 1626 1830 ubique
1651 1757 1975 1828 pervolabat,
2000 1757 2094 1813 Dei

530 1857 583 1910 in
612 1871 704 1912 eos
730 1855 1104 1926 benignitatem
1152 1852 1482 1909 manifestam
1521 1851 1768 1908 omnibus
1807 1851 2047 1906 efliciens
2074 1893 2090 1917 ,

527 1964 714 2020 magna
753 1949 958 2004 scilicet
981 1957 1037 2003 et
1064 1962 1245 2002 revera
1281 1947 1425 2002 omni
1451 1947 1700 2016 opinione
1742 1945 1943 2015 majora
1971 1961 2092 2002 esse

527 2056 646 2109 qua:
665 2042 715 2095 in
740 2055 834 2095 eos
861 2039 990 2095 facta
1019 2047 1172 2095 erant
1199 2038 1471 2094 miracula.
1504 2036 1623 2107 Ipse
1641 2038 1784 2092 enim
1807 2037 1974 2106 Cyrus
2000 2037 2092 2107 qui

528 2147 620 2187 eos
644 2131 886 2197 tenebat,
910 2131 1052 2199 ipsos
1076 2129 1293 2193 dimisit,
1316 2144 1436 2184 cum
1465 2129 1640 2184 nullus
1661 2143 1782 2184 eum
1809 2137 2086 2199 rogasset,

527 2222 621 2278 sed
647 2223 785 2278 Deus
810 2229 1038 2276 mentem
1069 2221 1207 2276 illius
1234 2220 1509 2275 molliisset
1533 2237 1547 2274 :
1575 2234 1674 2275 nec
1697 2219 1866 2275 solum
1890 2234 1982 2275 eos
2005 2220 2091 2274 di-

528 2316 689 2381 misit,
714 2315 808 2370 sed
834 2315 990 2370 etiam
1014 2313 1190 2369 affecit
1219 2313 1372 2369 donis
1397 2321 1451 2368 et
1476 2313 1799 2367 muneribus.
1823 2311 1972 2366 Facti
1997 2329 2090 2367 su-

525 2426 636 2463 mus
656 2411 895 2463 (tutantes.
914 2409 967 2462 4.
985 2407 1240 2470 Converte,
1257 2406 1484 2469 Domine,
1500 2407 1828 2476 captivitatem
1846 2417 2086 2473 nostram,

525 2501 653 2553 sicut
696 2509 885 2554 torrens
929 2499 982 2552 in
1026 2508 1217 2553 austro.
1247 2497 1521 2565 Quomodo
1563 2497 1696 2551 dixit
1741 2498 1793 2551 in
1834 2497 2089 2567 principio

527 2590 720 2645 Psalmi
744 2631 758 2654 ,
804 2591 929 2644 Cum
978 2597 1276 2642 converteret
1315 2588 1568 2643 Dominus
1600 2588 1931 2659 captivitatem
1960 2588 2090 2645 :ltic

524 2689 736 2746 autem,
763 2677 1039 2734 Converte?
1074 2677 1364 2747 Tamquam
1410 2678 1476 2733 de
1521 2692 1581 2732 re
1623 2677 1795 2732 futura
1842 2678 2082 2746 loquens.

523 2771 760 2827 Maximc-
775 2772 914 2826 enim
941 2786 1038 2826 nos
1055 2769 1121 2826 ad
1152 2769 1289 2824 hunc
1311 2769 1748 2824 sensum-inducit
1766 2769 1899 2824 alius
1923 2769 2089 2823 inter-

526 2882 646 2936 pres
669 2909 683 2933 ,
714 2868 802 2938 qui
828 2868 954 2922 dixit
983 2907 999 2933 ,
1032 2882 1135 2921 non
1154 2908 1167 2931 ,
1197 2865 1322 2920 Cum
1345 2873 1644 2919 converteret
1667 2880 1686 2918 :
1705 2863 1798 2919 sed
1824 2904 1838 2928 ,
1873 2863 2087 2930 Quando

521 2961 813 3015 converterit
836 2979 856 3026 ;
883 2959 1129 3032 quoniam
1159 2974 1245 3014 res
1273 2968 1400 3013 tune
1421 2957 1739 3028 incipiebat,
1767 2965 1822 3012 et
1847 2971 1951 3010 non
1978 2964 2086 3020 tota

521 3059 664 3120 gesta
693 3050 790 3105 fuit
817 3052 868 3104 in
899 3050 1174 3120 principio,
1199 3049 1374 3103 multa:
1389 3049 1583 3119 quippe
1604 3047 1810 3102 fuerunt
1839 3046 2088 3102 transmi-

521 3143 785 3213 grationes
808 3160 822 3196 :
847 3141 945 3197 fuit
972 3144 1112 3197 enim
1138 3143 1327 3212 prima,
1351 3141 1580 3197 secunda
1607 3148 1661 3195 et
1686 3140 1864 3194 tertia.

591 3235 645 3289 Ως
673 3235 784 3290 Hoc
827 3249 954 3305 ergo
1001 3248 1280 3303 possumus
1304 3220 1480 3287 dieere
1509 3250 1522 3286 :
1551 3231 1636 3286 vel
1659 3245 1778 3286 eum
1809 3243 1964 3285 orare
1982 3268 1997 3293 ,
2025 3236 2086 3283 ut

519 3327 588 3380 sit
616 3327 817 3396 integra
844 3335 898 3380 et
921 3325 1158 3379 absoluta
1182 3324 1442 3378 liberatio.
1469 3321 1615 3376 Multi
1636 3321 1776 3376 enim
1800 3319 1967 3374 ειυάωί
1995 3333 2085 3370 vo—

520 3418 700 3473 lebant
725 3433 998 3472 remanere
1025 3416 1076 3470 in
1103 3415 1317 3485 regione
1341 3414 1684 3470 barbarorum
1710 3453 1724 3478 ,
1754 3419 1807 3468 et
1847 3410 1966 3466 ideo
1995 3425 2084 3464 ve-

521 3509 793 3562 hementer
817 3505 1122 3562 desiderans
1151 3506 1249 3560 hoc
1270 3505 1404 3570 fieri,
1422 3505 1676 3568 Converte,
1704 3503 1891 3572 inquit,
1920 3502 2083 3572 capti-

519 3601 716 3654 vitatem
751 3609 974 3653 nostram
998 3599 1127 3653 sicut
1155 3607 1346 3652 torrens
1371 3597 1426 3650 in
1449 3604 1620 3650 austro
1641 3611 1661 3649 :
1681 3593 1783 3650 hoc
1807 3603 1887 3648 est
1913 3634 1929 3660 ,
1961 3607 2080 3647 cum

520 3705 708 3760 magno
750 3689 946 3758 impetu
970 3729 986 3754 ,
1013 3704 1132 3743 cum
1176 3702 1363 3758 magna
1390 3686 1724 3741 vehementia
1766 3698 1862 3739 nos
1891 3697 2081 3754 urgens

517 3792 673 3852 atque
707 3783 949 3838 incitans.
988 3781 1241 3848 Quocirca
1285 3780 1420 3834 alius
1444 3793 1651 3849 quoque
1689 3779 1950 3846 interpres
1984 3776 2082 3830 hoc

517 3873 686 3941 ipsum
727 3871 1025 3942 signiﬁcans
1043 3913 1058 3936 ,
1081 3871 1290 3926 dicebat
1310 3912 1325 3936 ,
1351 3869 1420 3926 Ut
1452 3870 1671 3924 canales.
1693 3869 1841 3924 Alius
1863 3909 1881 3936 ,
1908 3867 1974 3922 Ut
1997 3868 2084 3921 de-

517 3964 704 4033 ﬂuxus.
751 3965 898 4018 Alius
921 4005 936 4031 ,
970 3962 1038 4019 Ut
1063 3964 1344 4018 emissiones
1394 3962 1492 4033 (a).
1523 3963 1576 4019 5.
1609 3962 1709 4028 Qui
1748 3962 1996 4016 seminam
2027 3961 2082 4015 in

516 4053 767 4124 lacrymis,
795 4053 849 4106 in
872 4053 1201 4107 exsultatione
1218 4060 1416 4106 metent.
1437 4052 1548 4107 lloc
1571 4052 1638 4107 de
1655 4051 1851 4107 Judaeis
1867 4051 2080 4122 quidem

516 4143 712 4200 dictum
748 4153 868 4210 est,
898 4152 1073 4214 potest
1099 4153 1274 4199 autem
1303 4145 1356 4199 in
1383 4145 1564 4198 multis
1591 4159 1733 4214 saepe
1762 4143 1877 4198 aliis
1905 4143 2079 4198 locum

518 4234 732 4290 habere.
761 4234 939 4290 Virtus
961 4237 1102 4292 enim
1123 4250 1209 4290 res
1233 4243 1315 4290 est
1341 4234 1617 4303 ejusmodi,
1643 4243 1700 4288 ut
1726 4250 1843 4304 qua:
1864 4247 2084 4304 magnas

517 4324 707 4382 haheat
731 4325 970 4381 laborum
998 4326 1446 4381 remunerationes
1472 4343 1485 4380 :
1509 4333 1562 4380 et
1585 4334 1794 4394 oportet
1817 4321 1912 4378 n'os
1934 4324 2081 4393 prius

517 4416 755 4472 laborare
782 4425 836 4472 et
859 4417 1018 4487 afﬂigi
1047 4458 1063 4482 ,
1093 4424 1147 4472 et
1174 4425 1297 4472 tunc
1334 4416 1494 4470 animi
1534 4416 1900 4472 remissionem
1930 4429 2080 4485 qua:-

516 4523 654 4564 rere.
685 4508 797 4562 Hoc
824 4509 966 4562 enim
991 4507 1187 4578 ubique
1213 4516 1388 4578 potest
1407 4507 1676 4562 observari
1699 4507 1751 4561 in
1779 4507 1842 4561 iis
1871 4522 1986 4576 qua)
2011 4506 2080 4560 ad

515 4616 653 4656 nunc
677 4599 839 4654 vitam
867 4599 1158 4668 pertinent.
1185 4599 1446 4665 Quocirca
1473 4599 1586 4668 ipse
1622 4613 1833 4668 quoque
1857 4597 1924 4652 ad
1966 4597 2080 4650 hmc

516 4692 731 4750 deduxit
748 4692 1056 4756 orationem,
1080 4691 1142 4744 ad
1165 4703 1476 4754 sementem,
1505 4691 1737 4759 inquam,
1759 4699 1811 4742 et
1833 4703 2079 4744 messem.

515 4782 962 4851 Quemadmodum
993 4783 1130 4838 enim
1157 4783 1244 4852 qui
1271 4783 1516 4847 seminat,
1546 4781 1742 4845 labore,
1771 4780 2076 4845 afﬂictione,

517 4874 796 4928 sudoribus
819 4915 834 4937 ,
865 4883 915 4927 et
944 4872 1114 4926 hieme
1159 4871 1354 4942 indiget
1382 4888 1397 4926 '.
1430 4872 1502 4925 ita
1528 4873 1687 4926 etiam
1715 4871 1802 4939 qui
1832 4870 2076 4923 virtutem

519 4963 863 5033 persequitur.
888 4962 1024 5016 Nihil
1056 4963 1195 5016 enim
1221 4977 1368 5031 teque
1393 4961 1554 5016 estad
1579 4961 1744 5015 otium
1769 4961 2002 5028 ineptum
2023 4969 2080 5014 ut

519 5055 696 5110 homo.
719 5055 784 5110 Et
805 5056 920 5110 ideo
942 5056 1076 5120 L‘eus
1091 5065 1286 5110 arctam
1310 5064 1363 5109 et
1388 5064 1660 5124 angustam
1684 5054 1830 5108 viam
1844 5053 2017 5114 eﬂ‘ecit
2037 5053 2073 5116 ‘,

513 5162 633 5215 qum
661 5146 803 5200 ducit
825 5147 889 5199 ad
913 5147 1171 5199 virtutem.
1197 5145 1304 5199 lmo
1329 5160 1454 5199 vero
1481 5162 1582 5199 non
1613 5145 1784 5199 solum
1811 5145 2076 5208 virtutem,

516 5236 608 5290 sed
643 5252 702 5290 ea
734 5237 889 5291 etiam
925 5252 1042 5304 qua:
1079 5236 1144 5290 ad
1185 5236 1319 5290 hanc
1346 5237 1504 5289 vitam
1528 5237 1822 5304 pertinent,
1851 5235 2080 5290 reddidit

517 5325 774 5380 laboriosa
795 5366 809 5390 ,
841 5335 999 5394 atque
1025 5325 1158 5378 adeo
1186 5326 1340 5394 longe
1366 5325 1612 5394 amplius.
1643 5326 1770 5379 Nam
1800 5328 1887 5395 qui
1916 5327 2077 5380 semi-

519 5427 629 5484 nat,
656 5419 743 5488 qui
771 5418 1014 5482 aediﬁcat,
1041 5417 1242 5482 viator,
1271 5416 1515 5485 lignator,
1547 5415 1737 5486 opifex,
1770 5425 1825 5472 et
1851 5417 2080 5486 denique

581 5615 598 5685 ξ
632 5615 897 5685 sicomnes
913 5621 1036 5675 Mss;
1055 5614 1194 5685 juxta
1207 5612 1372 5685 Morel.
1396 5621 1558 5685 autem
1580 5621 1634 5665 et
1654 5614 1794 5685 savii.
1819 5613 2078 5679 legendum

519 5681 614 5738 est,
637 5682 682 5738 et
703 5675 811 5725 ideo
837 5684 962 5738 Deus
983 5684 1167 5726 arctam
1187 5682 1232 5726 et
1253 5684 1503 5738 angustam
1524 5675 1702 5726 vocavit
1723 5676 1865 5726 viam.

582 5736 654 5800 (tt)
690 5737 870 5786 Primus
887 5737 1130 5800 interpres
1151 5745 1227 5786 est.
1247 5736 1417 5800 Aquila
1435 5777 1449 5796 ,
1474 5738 1717 5800 secundus
1749 5739 2047 5800 Symmachus
2064 5779 2076 5795 .

519 5797 698 5850 tertius
717 5807 870 5850 sextae
894 5799 1116 5850 mittimus
1137 5797 1322 5850 auctor:
1340 5799 1462 5852 Vide
1481 5799 1691 5862 Hexapla
1714 5797 1890 5850 nostra.

1575 372 1929 428 EXPOSITIO
1957 371 2018 424 IN
2058 367 2376 427 PSALMUM
2411 372 2644 430 CXXVI.

2210 483 2427 551 quilibet
2452 484 2612 541 homo
2636 528 2649 553 ,
2680 487 2725 541 si
2755 496 2836 543 est
2868 487 3063 559 aliquid
3105 490 3370 546 commodi
3399 504 3775 564 percepturus,

2173 600 2178 604 -
2208 572 2388 629 labore
2427 583 2483 629 et
2520 577 2804 633 afﬂictione
2842 594 2976 648 opus
3012 579 3212 636 habet:
3239 592 3294 637 et
3332 585 3776 654 quemadmodum

2206 668 2407 721 semina
2427 683 2560 738 Opus
2583 669 2779 725 habent
2808 673 3080 739 imbribus,
3107 675 3173 727 ita
3191 689 3288 729 nos
3307 676 3464 730 etiam
3488 676 3737 750 lacrymis
3764 701 3776 738 :

2206 769 2260 813 et
2297 761 2432 814 sicut
2460 767 2599 816 terra
2626 778 2758 831 opus
2788 763 2949 819 habet
2993 774 3048 819 ut
3075 776 3256 821 aretur
3277 778 3333 822 et
3365 770 3736 838 proscindatur
3757 814 3774 837 ,

2207 852 2276 906 ita
2305 853 2476 906 anima
2517 853 2685 910 ﬁdelis
2715 871 2815 926 pro
2851 857 3024 926 ligone
3063 857 3262 929 indiget
3308 865 3687 920 tentationibus
3722 879 3777 922 et

2203 941 2591 1012 afﬂictionibus,
2622 961 2687 1001 ne
2707 947 2962 1016 producat
2987 949 3149 1005 malas
3175 949 3386 1021 herbas,
3417 963 3473 1010 ut
3498 957 3610 1026 ejus
3640 960 3774 1013 mol-

2202 1033 2360 1089 liatur
2389 1035 2608 1092 durities
2627 1079 2641 1104 ,
2671 1053 2737 1092 ne
2771 1039 2990 1092 nimium
3020 1039 3270 1096 efferatur
3291 1052 3346 1098 et
3377 1047 3604 1102 exsiliat.
3637 1049 3770 1103 Nam

2204 1133 2342 1178 terra
2367 1139 2575 1195 quoque
2593 1125 2694 1181 nisi
2713 1127 2994 1198 diligenter
3020 1130 3238 1197 colatur,
3265 1133 3394 1189 nihil
3422 1135 3546 1190 boni
3576 1139 3772 1206 produ-

2201 1213 2292 1267 cit.
2322 1214 2434 1270 lloc
2463 1230 2592 1286 ergo
2617 1216 2746 1272 dicit
2771 1219 3026 1287 pr0pheta
3053 1237 3066 1274 :
3091 1235 3196 1276 non
3225 1237 3346 1280 esse
3382 1226 3557 1282 solum
3588 1229 3772 1284 laetan-

2199 1304 2323 1358 dum
2353 1316 2566 1374 propter
2591 1308 2838 1375 reditum,
2857 1311 2948 1365 sed
2965 1315 3122 1367 etiam
3151 1325 3366 1384 propter
3387 1320 3766 1388 captivitatem,

2199 1405 2253 1466 et
2279 1411 2377 1465 pro
2407 1398 2640 1468 utrisque
2672 1399 2780 1455 Deo
2806 1415 2923 1456 esse
2960 1403 3190 1472 agendas
3212 1407 3427 1477 gratias.
3455 1408 3590 1465 lllud
3627 1416 3768 1467 enim

2196 1497 2280 1542 est
2307 1491 2558 1545 sementis
2586 1509 2600 1545 :
2633 1491 2734 1546 hoc
2759 1508 2886 1548 vero
2924 1495 3132 1550 messis.
3167 1495 3232 1553 Ut
3258 1512 3414 1569 ergo,
3449 1501 3650 1572 inquit,
3679 1507 3769 1575 qui

2197 1579 2460 1634 seminam
2497 1580 2796 1637 laborantes
2821 1624 2835 1648 ,
2863 1582 3091 1639 fructum
3121 1595 3304 1656 postea
3335 1590 3628 1660 percipiunt
3655 1610 3668 1647 :
3697 1594 3767 1649 ita

2196 1669 2355 1724 etiam
2381 1685 2476 1724 vos
2503 1672 2712 1742 quando
2735 1675 3030 1731 recessistis
3056 1677 3290 1746 quidem,
3314 1679 3503 1736 imitati
3527 1684 3655 1739 estis
3673 1699 3768 1740 eos

2195 1759 2286 1829 qui
2313 1761 2596 1828 seminaut,
2625 1761 2825 1829 afﬂicti,
2855 1766 3080 1835 pulsati,
3112 1771 3325 1837 vexati,
3351 1771 3602 1840 hiemem,
3633 1783 3769 1831 tem-

2196 1860 2475 1921 pestatem,
2508 1853 2738 1920 bellum,
2763 1855 2968 1913 nimbos
2991 1899 3004 1922 .
3029 1861 3148 1930 gelu
3172 1870 3230 1916 et
3249 1862 3469 1933 glaciem
3493 1864 3721 1923 ferentes
3747 1911 3762 1933 ,

2196 1942 2455 2015 lacrymas
2478 1946 2821 2003 eﬂundentes.
2845 1950 2994 2017 Quod
3021 1951 3161 2006 enim
3186 1965 3308 2008 sunt
3328 1956 3526 2013 imbres
3544 1962 3763 2014 semini-

2192 2032 2312 2100 bus,
2341 2035 2442 2090 hoc
2463 2036 2706 2109 lacrymae
2736 2038 2799 2092 iis
2824 2040 2911 2109 qui
2932 2040 3258 2113 afﬂiguntur.
3277 2045 3553 2114 Sedeece,
3574 2050 3760 2120 inquit,

2192 2128 2472 2196 accepistis
2513 2144 2697 2185 eorum
2735 2130 2972 2186 laborum
3016 2138 3513 2195 remunerationem.
3541 2140 3762 2208 Quando

2192 2232 2319 2286 ergo
2334 2219 2481 2274 dicit:
2495 2221 2540 2274 6.
2554 2219 2744 2276 Euntes
2754 2222 2963 2290 ibant,et
2976 2224 3182 2294 ﬂebant,
3197 2227 3440 2284 mittentes
3449 2232 3638 2286 semina
3647 2236 3758 2298 sua,

2192 2310 2244 2364 7.
2273 2311 2516 2366 venientes
2543 2323 2710 2366 autem
2739 2315 2934 2368 venient
2973 2331 3086 2369 cum
3126 2319 3486 2386 exsultatione,
3511 2333 3762 2390 portantes

2191 2403 2474 2474 manipulus
2490 2421 2629 2463 sitos,
2659 2421 2762 2460 non
2781 2405 2907 2460 dicit
2921 2406 2989 2461 de
3003 2406 3262 2464 frumento
3279 2410 3371 2465 sed
3392 2411 3460 2466 de
3474 2413 3649 2477 rebus,
3667 2414 3764 2469 do-

2191 2508 2318 2547 cens
2341 2495 2654 2559 auditorem,
2682 2511 2787 2550 non
2811 2498 2932 2567 angi
2955 2506 3010 2552 et
3030 2514 3258 2556 moerere
3283 2501 3333 2555 in
3365 2501 3758 2559 afﬂictionibus.

2190 2583 2643 2651 Quemadmodum
2677 2588 2818 2644 enim
2844 2590 2936 2659 qui
2959 2590 3216 2657 seminat,
3245 2607 3474 2650 maerore
3507 2611 3611 2651 non
3638 2595 3758 2651 afﬁ-

2190 2676 2327 2730 citur
2348 2717 2363 2743 ,
2389 2675 2510 2731 licet
2543 2678 2648 2732 sint
2684 2678 2848 2734 multa
2877 2683 3054 2750 gravia
3076 2722 3092 2747 ,
3117 2683 3407 2752 respiciens
3437 2684 3503 2740 ad
3535 2685 3683 2741 lwtas
3707 2697 3762 2742 et

2191 2769 2516 2826 luxuriantes
2540 2781 2748 2841 segetes
2773 2790 2786 2825 :
2812 2773 2882 2826 ita
2909 2773 3072 2829 etiam
3096 2789 3216 2829 eum
3238 2777 3325 2845 qui
3353 2775 3618 2848 afﬂigitur,
3652 2795 3758 2833 non

2189 2874 2398 2934 oportet
2422 2867 2550 2936 angi.
2569 2874 2623 2921 ct
2645 2865 2936 2922 excruciari
2962 2909 2976 2932 ,
2999 2867 3206 2923 etiamsi
3227 2869 3333 2924 sint
3360 2871 3616 2938 permulta
3645 2887 3760 2926 mo-

2190 2960 2342 3026 lesta,
2369 2967 2428 3014 ut
2455 2960 2546 3029 qui
2572 2974 2801 3015 messem
2829 2967 3118 3030 exspectet,
3149 2968 3204 3015 et
3226 2960 3496 3029 copiosum
3527 2977 3758 3031 proven-

2191 3059 2322 3116 tum,
2352 3050 2441 3120 qui
2470 3065 2537 3106 ex
2563 3049 2850 3106 afﬂictione
2877 3052 3048 3106 oritur
3066 3091 3081 3117 ,
3113 3050 3435 3106 consideret.
3462 3052 3575 3106 lloc
3601 3053 3758 3122 igitur

2187 3155 2284 3195 nos
2330 3155 2539 3210 quoque
2583 3139 3012 3205 considerantes,
3035 3149 3089 3196 et
3125 3156 3222 3211 pro
3256 3140 3543 3197 afﬂictione
3583 3151 3638 3197 et
3663 3158 3758 3211 pro

2186 3231 2297 3286 otio
2338 3245 2402 3287 ac
2447 3231 2626 3303 quiete
2662 3246 2879 3302 agamus
2926 3233 3150 3288 Domino
3190 3233 3406 3303 gratias.
3449 3233 3564 3288 Etsi
3612 3235 3755 3289 enim

2186 3329 2310 3377 sunt
2336 3321 2544 3377 diversa
2572 3337 2690 3392 quae
2721 3321 2852 3377 ﬂunt
2871 3363 2886 3390 ,
2917 3338 3076 3377 unum
3119 3332 3294 3378 tamen
3328 3323 3525 3378 habent
3551 3324 3754 3394 singula

2187 3415 2344 3470 ﬁnem
2367 3415 2692 3484 propositum
2715 3456 2729 3477 ,
2751 3415 2887 3470 sicut
2907 3415 3161 3470 sementis
3180 3425 3233 3470 et
3254 3415 3444 3470 messis
3469 3433 3481 3468 :
3511 3413 3755 3471 afﬂictio-

2186 3524 2383 3578 nesquc
2413 3507 2531 3564 forti
2559 3516 2612 3563 et
2638 3522 2900 3578 generoso
2928 3508 3105 3562 animo
3127 3508 3378 3572 feramus,
3405 3516 3459 3562 et
3485 3524 3604 3562 cum
3630 3523 3756 3577 gra-

2186 3599 2375 3654 tiarum
2404 3599 2633 3665 actione;
2650 3599 2815 3654 otium
2841 3607 3018 3654 autem
3047 3608 3100 3654 et
3127 3614 3214 3670 res
3239 3597 3498 3654 secundas
3517 3614 3639 3654 cum
3660 3599 3755 3654 Dei

2183 3692 2367 3763 gloriae
2394 3689 2750 3747 celebratione
2772 3730 2788 3756 ,
2819 3699 2878 3745 ut
2904 3688 3078 3745 futura
3107 3690 3269 3746 etiam
3295 3689 3430 3745 bona
3456 3705 3750 3760 consequa-

2184 3799 2322 3846 mur,
2352 3782 2520 3852 gratia
2540 3789 2594 3837 et
2612 3780 2936 3852 benignitate
2956 3780 3165 3836 Domini
3190 3781 3356 3836 nostri
3384 3781 3510 3836 Jesu
3535 3779 3748 3848 Christi,

2184 3874 2268 3930 cui
2287 3874 2455 3945 gloria
2473 3882 2529 3930 et
2547 3873 2825 3944 imperium
2850 3872 2903 3928 in
2922 3873 3114 3928 saecula
3137 3873 3472 3929 ste-culorum.
3499 3875 3690 3929 Amen.

2611 4050 2680 4107 IN
2715 4048 3038 4108 PSALMUM
3073 4048 3313 4106 CXXVI.

2183 4238 2241 4294 l.
2279 4235 2399 4292 Nisi
2424 4235 2670 4290 Dominus
2707 4232 3025 4303 aediﬁcaverit
3057 4232 3260 4285 domum
3283 4271 3299 4297 ,
3326 4231 3385 4284 in
3399 4247 3580 4284 vanum
3606 4231 3751 4285 labo-

2253 4335 2487 4382 raverunt
2515 4325 2600 4397 qui
2623 4325 2878 4394 tediﬁcant
2903 4339 3035 4378 eam.
3078 4320 3197 4376 Nisi
3225 4320 3472 4375 Dominus
3501 4321 3751 4375 custodie-

2253 4419 2319 4471 rit
2357 4417 2642 4482 civitatem,
2697 4420 2885 4486 [rustra
2929 4413 3101 4484 vigilat
3147 4412 3234 4482 qui
3274 4411 3488 4466 custodit
3535 4429 3665 4466 eam.
3693 4412 3748 4466 2.

2263 4511 2461 4566 Vanum
2499 4516 2571 4563 est
2604 4506 2739 4560 vobis
2768 4515 2884 4559 ante
2921 4505 3082 4558 lucem
3119 4520 3361 4573 surgere;
3391 4504 3575 4574 surgite
3610 4513 3752 4573 post-

2253 4618 2403 4672 quam
2428 4598 2672 4655 sederitis.

2254 4780 2307 4833 l.
2347 4779 2444 4833 Hic
2471 4776 2711 4831 Psalmus
2751 4773 2925 4828 dictus
2962 4779 3042 4826 est
3066 4769 3134 4825 de
3161 4778 3301 4826 statu
3331 4785 3505 4825 rerum
3534 4769 3624 4839 qui
3657 4769 3753 4824 fuit

2183 4879 2305 4942 post
2331 4870 2577 4925 reditum.
2606 4867 2863 4936 Quoniam
2887 4864 3026 4920 enim
3053 4878 3083 4918 a
3111 4864 3413 4930 captivitate
3438 4863 3666 4926 liberati,
3694 4871 3747 4914 et

2184 4979 2215 5018 a
2253 4963 2479 5019 barbara
2506 4961 2723 5030 regione
2761 4958 2982 5021 reversi,
3030 4956 3256 5010 dirutam
3294 4971 3325 5010 a
3373 4970 3433 5009 se
3479 4955 3748 5009 inveniann

2183 5055 2477 5114 civitatem.
2503 5060 2558 5107 et
2593 5049 2788 5106 mmnia
2815 5047 3197 5104 cum'turribus
3217 5046 3361 5100 humi
3385 5045 3632 5115 disjecta,
3655 5059 3751 5098 co-

2185 5146 2447 5201 nabantur
2479 5143 2753 5199 excitare:
2784 5140 2934 5194 multi
2980 5147 3157 5192 autem
3206 5151 3299 5192 eos
3345 5136 3575 5205 undique
3626 5134 3752 5188 ado-

2183 5239 2382 5295 rientes
2406 5235 2758 5307 prohibebant
2784 5233 3083 5289 Judreorum
3109 5230 3343 5286 felicitati
3361 5229 3677 5294 invidentes,
3699 5237 3754 5284 et

2185 5343 2465 5399 prosperos
2491 5341 2673 5383 eorum
2707 5339 2982 5379 successus
3006 5331 3300 5377 metuentes
3331 5336 3346 5373 :
3374 5319 3567 5374 deinde
3593 5320 3644 5372 in
3669 5318 3753 5373 his

2183 5420 2435 5476 faciendis
2469 5427 2678 5487 tempus
2711 5414 3115 5480 conterebatur,
3139 5423 3193 5468 et
3232 5423 3433 5466 tantum
3461 5412 3750 5466 contritum

2183 5519 2265 5564 cst
2293 5508 2564 5578 temporis,
2597 5516 2655 5560 ut
2686 5507 2738 5560 in
2767 5502 3074 5559 aediﬁcando
3099 5502 3296 5571 templo
3320 5501 3594 5570 plusquam
3625 5517 3754 5570 quu-

2187 5602 2428 5670 draginta
2471 5599 2596 5653 anui
2635 5595 2933 5663 consumpti
2985 5595 3132 5647 sint:
3169 5593 3309 5662 quod
3349 5592 3517 5646 Judaei
3545 5607 3754 5661 quoque

2186 5697 2514 5750 declarantes
2539 5691 2784 5748 dicebant
2811 5707 2826 5744 :
2860 5687 3207 5756 Quadraginta
3235 5697 3280 5739 et
3302 5700 3390 5739 sea:
3407 5685 3555 5738 annis
3581 5685 3732 5750 aedi/i-

2190 5797 2354 5843 ratum
2379 5795 2451 5841 est
2479 5785 2717 5854 templum
2746 5783 2838 5836 hoc
2873 5780 3044 5851 (Joan.
3091 5778 3145 5834 9.
3186 5778 3292 5850 ΞΟ)
3323 5790 3339 5833 t
3372 5791 3478 5832 non
3519 5776 3757 5832 dicentes
