4112 6342
429 303 535 359 505

426 416 493 470 de
521 416 703 486 priore
719 417 1090 485 :edilicatione,
1120 433 1241 490 qua:
1268 435 1298 474 a
1328 421 1616 484 Salomone
1633 421 1772 480 facta
1797 432 1900 490 est,
1917 424 2013 480 sed

425 507 492 562 de
520 523 584 562 ea
603 553 616 572 .
643 524 764 578 qua:
793 509 930 565 facta
956 519 1036 565 est
1063 517 1341 581 postquam
1367 512 1574 568 liberati
1601 523 1724 570 sunt
1753 531 1782 570 a
1810 515 2007 571 Persis.

427 595 688 664 Quoniam
717 615 847 670 ergo
885 600 1106 654 multum
1141 611 1351 671 tempus
1395 605 1768 660 conterebatur
1799 606 1850 660 in
1881 606 2011 661 civi-

425 698 531 746 tate
559 690 759 760 templo
796 701 851 746 et
888 693 1154 750 n'ttenibus
1193 696 1527 751 exstruendis
1575 694 1737 769 (nam
1781 698 2008 754 civitatis

420 783 746 838 constructio
765 785 931 840 multo
951 786 1108 840 etiam
1139 787 1317 856 plures
1341 803 1509 852 annos
1533 793 1883 864 consumpsit)
1906 792 2002 866 (a),

423 873 624 940 docens
646 891 740 934 eos
772 893 955 932 rursus
979 877 1238 948 propheta
1264 881 1330 945 ad
1356 882 1521 937 Deum
1553 883 1857 954 confugere,
1891 885 2004 941 haec

420 968 756 1037 persequitur
775 1009 791 1034 ,
817 971 1107 1041 ostendens
1133 974 1306 1028 omnia
1336 973 1535 1036 frustra
1555 986 1606 1032 et
1647 979 2002 1062 nequidquam

421 1055 567 1121 fieri,
602 1057 702 1113 nisi
733 1059 800 1113 ad
840 1075 900 1117 se
937 1061 1177 1116 divinum
1208 1065 1464 1121 auxilium
1505 1071 1842 1124 atlraxerint.
1874 1055 2000 1126 [Non

413 1145 587 1201 solum
621 1149 763 1204 enim
804 1159 863 1205 ut
892 1151 1186 1209 liberentur
1209 1171 1240 1210 ιι
1282 1156 1608 1226 captivitate,
1633 1160 1726 1216 sed
1753 1162 1915 1217 etiam
1942 1169 2002 1222 ut

415 1237 620 1300 liberati
649 1243 842 1298 moenia
873 1245 1124 1311 excitent,
1161 1248 1274 1303 fieri
1307 1265 1411 1304 non
1443 1260 1618 1320 potest
1637 1253 1838 1324 absque
1863 1255 1998 1310 divi-

418 1345 487 1382 no
524 1332 740 1388 auxilio.
788 1334 853 1389 Et
879 1335 1006 1405 quid
1035 1337 1153 1392 dico
1174 1337 1244 1393 de
1271 1342 1439 1396 muris
1465 1343 1759 1410 excitandis
1785 1353 1840 1400 et
1865 1346 1998 1404 urbe

409 1421 762 1482 azdificanda‘l
789 1425 866 1486 Ne
897 1409 1016 1485 eam
1044 1429 1260 1500 quidem
1307 1433 1592 1502 perfectam
1616 1446 1672 1493 et
1695 1437 1994 1502 absolutam

415 1515 611 1583 poterit
631 1517 750 1587 quis
777 1520 1068 1585 custodire.
1101 1522 1146 1576 si
1173 1523 1298 1582 illud
1326 1526 1373 1580 ei
1412 1541 1518 1580 non
1549 1529 1686 1584 adsit
1713 1531 1990 1587 auxilium.

415 1607 537 1662 l|a3c
583 1617 760 1664 autem
799 1611 1044 1674 dicebat.
1073 1615 1154 1670 eis
1183 1619 1328 1672 omni
1364 1621 1571 1676 ratione
1619 1624 1873 1693 suadens,
1930 1636 1989 1683 ut

405 1714 591 1756 rursus
619 1700 684 1756 ad
717 1703 809 1758 Dei
836 1705 1090 1761 auxilium
1119 1710 1500 1780 confugerent,
1529 1730 1596 1770 ne
1625 1717 1737 1773 otio
1755 1729 1809 1774 et
1829 1719 1990 1778 rebus

407 1791 656 1846 secundis
684 1793 874 1850 fierent
917 1799 1350 1870 negligentiores.
1392 1803 1679 1876 Propterea
1718 1810 1862 1867 enim
1889 1829 1991 1875 nec

403 1882 561 1938 simul
587 1893 641 1939 et
665 1888 953 1942 acervatim
981 1890 1128 1946 dedit
1155 1893 1233 1947 eis
1259 1893 1396 1956 bona
1418 1899 1599 1954 omnia
1616 1942 1632 1966 ,
1660 1901 1756 1956 sed
1785 1906 1986 1960 sensim

402 1987 458 2030 ct
481 1979 754 2047 paulatim,
786 1995 855 2036 ne
880 1981 1041 2037 celeri
1067 1985 1380 2043 liberatione
1400 2005 1429 2042 a
1456 1991 1612 2046 malis
1637 1993 1704 2047 ad
1732 1995 1987 2065 ἰῐηρτοὺίτ

399 2077 562 2123 tatem
590 2071 864 2139 pristinam
916 2088 1275 2132 recurrerent.
1323 2079 1625 2147 Quinetiam
1672 2084 1796 2139 dum
1845 2087 1982 2144 bona

397 2158 569 2232 daret,
597 2175 692 2216 eos
719 2178 863 2232 saepe
885 2164 1228 2234 admonebat,
1259 2184 1357 2239 per
1380 2171 1726 2241 irruptionem
1749 2177 1981 2234 hostium

394 2264 581 2310 eorum
602 2253 899 2317 socordiam
921 2254 1238 2325 frequenter
1266 2261 1527 2319 excitans.
1554 2264 1708 2334 Quod
1737 2283 1865 2338 ergo
1895 2269 1982 2327 hic

393 2340 606 2406 dicitur,
638 2347 968 2413 generaliter
1007 2349 1208 2404 dictum
1243 2361 1326 2406 est
1356 2370 1369 2406 :
1399 2368 1466 2422 ex
1494 2355 1595 2411 hoc
1615 2368 1793 2414 autem
1818 2376 1978 2431 argu-

393 2441 575 2507 mento
600 2436 742 2505 cepit
760 2438 1101 2521 principium.
1127 2441 1348 2512 Oportet
1363 2448 1504 2506 enim
1523 2448 1573 2502 id
1595 2459 1780 2520 aptare
1801 2454 1974 2521 omni-

390 2529 509 2594 bus,
538 2547 643 2586 non
674 2542 730 2587 ut
757 2534 855 2604 ipsi
886 2517 1141 2592 socordes
1163 2539 1330 2594 simus
1351 2582 1365 2606 ,
1403 2550 1458 2598 et
1483 2545 1656 2614 supini
1674 2546 1970 2617 jaceamus,

387 2622 484 2676 sed
508 2632 564 2676 ut
588 2633 772 2680 nostra
793 2625 1099 2694 afferentes,
1127 2630 1217 2687 Dei
1240 2632 1459 2688 arbitrio
1485 2637 1664 2691 omnia
1698 2641 1972 2708 permitta-

387 2726 528 2778 mus,
562 2728 714 2783 aspe
751 2715 891 2770 illius
941 2719 991 2772 in
1039 2721 1288 2776 omnibus
1339 2736 1600 2794 perpetuo
1647 2730 1964 2798 pendentes.

387 2800 844 2873 Quemadmodum
876 2810 1018 2864 enim
1063 2810 1175 2875 fieri
1216 2829 1320 2867 non
1372 2825 1548 2885 potest
1577 2827 1662 2884 ut,
1691 2821 1790 2876 nisi
1829 2824 1968 2878 Deus

384 2880 540 2958 opem
566 2891 740 2960 ferat,
774 2911 860 2952 res
893 2898 959 2952 ad
992 2899 1154 2955 finem
1189 2880 1548 2972 perducantur
1577 2926 1589 2962 :
1620 2880 1722 2975 ita,
1751 2912 1794 2967 si
1825 2913 1967 2973 Deus

383 2997 540 3063 opetn
567 2984 724 3050 ferat,
753 2989 922 3044 simus
942 3003 1118 3048 autem
1145 2997 1476 3068 negligentes
1505 3012 1556 3058 et
1582 3004 1736 3058 otiosi
1763 3047 1777 3072 ,
1803 3006 1962 3063 finem

380 3059 486 3129 non
517 3078 810 3144 poterimus
852 3085 1083 3153 assequi.
1131 3085 1325 3143 Vanum
1365 3101 1438 3145 est
1465 3094 1601 3148 vobis
1642 3106 1759 3149 ante
1800 3097 1964 3158 lucem

376 3181 582 3235 surgere
608 3181 628 3222 :
654 3172 844 3240 surgite
893 3184 1156 3246 postquam
1199 3181 1448 3237 sederitis.
1498 3185 1654 3240 Alius
1696 3189 1958 3260 interpres

382 3258 486 3323 ait,
543 3260 894 3318 Tardantibus
933 3269 1002 3321 ad
1071 3270 1364 3328 sedendum.
1398 3275 1564 3345 Alius,
1597 3258 1958 3348 Di/I'ei'erttibus

372 3349 562 3411 sedere.
591 3351 742 3420 Quod
785 3364 965 3410 autem
1009 3357 1157 3425 dicit,
1195 3373 1278 3418 est
1307 3365 1568 3434 ejusmodi
1593 3385 1607 3425 :
1634 3372 1854 3432 Etiamsi
1883 3380 1956 3432 vi-

373 3438 581 3507 giletis,
610 3443 819 3500 etiamsi
855 3463 1012 3503 mane
1042 3452 1341 3508 excitemini
1367 3497 1382 3523 ,
1417 3460 1625 3516 etiamsi
1669 3479 1793 3520 sero
1820 3470 1954 3525 eatis

369 3531 630 3600 cubitum,
654 3549 816 3593 omne
845 3545 1054 3610 tempus
1084 3543 1136 3597 in
1158 3544 1340 3602 labore
1368 3558 1423 3603 et
1441 3550 1730 3614 afflictione
1756 3574 1952 3618 consu-

372 3633 601 3692 mentes,
625 3625 726 3681 nisi
751 3630 1000 3686 auxilium
1028 3633 1144 3703 ejus
1171 3643 1549 3710 assequamini,
1578 3649 1825 3717 peribunt
1849 3653 1947 3709 hu-

365 3731 523 3771 mana
544 3719 743 3787 omnia,
769 3729 826 3776 et
849 3738 915 3792 ex
940 3739 1006 3780 eo
1028 3727 1204 3794 studio
1219 3745 1280 3785 ac
1295 3732 1566 3804 diligentia
1585 3741 1726 3794 nulla
1756 3745 1952 3806 redibit

367 3809 585 3866 utilitas.
621 3812 723 3880 Qui
759 3817 1076 3874 manducatis
1113 3838 1296 3892 panem
1347 3826 1561 3884 doloris.
1618 3831 1731 3890 Hoc
1779 3837 1943 3906 dicit,

361 3902 650 3970 ostendens
678 3921 772 3961 eos
803 3908 966 3968 vitam
994 3910 1190 3982 degere
1221 3915 1544 3976 laboriosam
1583 3922 1710 3979 dum
1747 3933 1937 3987 armati

360 3992 643 4049 :edilicant.
673 3998 855 4054 Altera
893 4000 1035 4055 enim
1067 4019 1226 4063 manu
1247 4047 1262 4072 ,
1291 4007 1490 4078 inquit,
1537 4016 1828 4074 canistrum
1851 4032 1945 4076 aut

358 4085 584 4158 lapidem
616 4087 877 4157 ferebant,
905 4100 958 4146 et
981 4093 1082 4148 alia
1112 4095 1366 4165 gladium,
1392 4101 1456 4154 ad
1481 4103 1858 4164 aedificandum
1887 4122 1943 4168 et

359 4177 661 4234 bellandum
684 4183 888 4250 seipsos
913 4184 1212 4243 dividentes
1234 4229 1249 4251 ,
1276 4199 1330 4246 et
1357 4209 1457 4247 una
1478 4210 1600 4250 cum
1631 4199 1830 4270 clypeis
1855 4204 1939 4265 fe-

357 4277 536 4328 rentes
569 4270 764 4325 silices.
797 4272 929 4340 mia
957 4276 1099 4330 enim
1131 4295 1233 4334 non
1263 4292 1380 4336 erat
1411 4287 1610 4341 munita
1657 4291 1802 4356 urbs,
1841 4295 1936 4349 sed

357 4359 573 4427 nudata,
602 4361 806 4418 subitos
835 4374 1012 4421 autem
1041 4377 1095 4422 et
1131 4371 1427 4442 inopinatos
1453 4375 1681 4438 hostium
1711 4381 1938 4451 impetus

354 4446 469 4522 {ore
497 4449 719 4520 singulis
742 4452 888 4508 boris
913 4459 1318 4527 suspicabantur
1336 4503 1350 4527 ,
1382 4468 1570 4520 armati
1596 4484 1776 4525 muros
1803 4474 1935 4527 a‘di-

355 4538 604 4607 ficabant,
632 4551 687 4596 ct
711 4558 887 4610 enses,
919 4547 1110 4617 clypei,
1140 4551 1404 4622 gladiique
1431 4555 1688 4622 aderant,
1716 4570 1771 4616 et
1814 4578 1933 4632 pro-

354 4631 442 4686 cul
472 4643 626 4687 erant
666 4635 878 4704 quidam
904 4641 1285 4710 speculatores,
1316 4647 1406 4715 qui
1447 4649 1702 4705 incertam
1744 4669 1931 4710 eorum

351 4722 699 4792 irruptionem
735 4725 1121 4796 significarent,
1150 4741 1204 4787 et
1249 4735 1374 4792 tuba
1407 4751 1698 4804 canerent,
1726 4744 1769 4798 si
1796 4761 1932 4815 quos

347 4812 530 4882 procul
557 4813 905 4872 adventantes
925 4819 1183 4880 viderent.
1204 4823 1309 4880 Sed
1335 4832 1435 4882 etsi
1461 4828 1594 4898 hzec,
1629 4812 1827 4904 inquit,
1849 4837 1930 4904 fa-

347 4905 505 4960 ciatis
528 4946 544 4968 ,
572 4915 627 4960 et
659 4923 849 4976 panem
877 4909 1078 4968 doloris
1111 4917 1400 4974 comedatis
1419 4963 1433 4984 ,
1480 4925 1657 4979 omnia
1681 4968 1694 4992 ,
1726 4928 1924 5000 inquit,

344 4995 538 5054 frustra
569 5008 623 5053 et
651 5001 1005 5072 nequidquam
1035 5005 1254 5074 facietis,
1277 5010 1377 5064 nisi
1393 5017 1718 5074 attraxeritis
1742 4995 1928 5090 super;

345 5105 472 5142 num
500 5091 773 5145 auxilium.
797 5093 950 5160 Quod
981 5095 1024 5150 si
1056 5097 1126 5152 illi
1156 5111 1212 5152 ut
1240 5103 1422 5158 urbem
1441 5114 1495 5160 et
1517 5122 1697 5164 muros
1721 5114 1924 5178 excita-

341 5191 482 5245 rent,
518 5193 663 5243 tanto
713 5198 846 5253 opus
893 5185 1155 5255 habebant
1199 5207 1430 5263 superno
1482 5200 1677 5258 auxilio
1715 5207 1927 5264 :multo

344 5274 513 5346 magis
541 5290 658 5340 nos,
690 5277 780 5346 qui
808 5277 948 5338 viam
976 5295 1094 5350 quae
1125 5282 1271 5338 ducit
1297 5285 1346 5340 in
1365 5289 1549 5344 cat-lum
1577 5292 1922 5363 ingredimur.

345 5366 472 5419 Cum
519 5367 711 5423 dederit
755 5369 949 5425 dilectis
991 5371 1098 5436 suis
1138 5392 1390 5432 somnum.
1421 5382 1474 5436 3.
1515 5382 1648 5439 Ecce
1674 5387 1925 5447 hereditas

342 5457 588 5527 Domini,
652 5463 759 5517 ξιξ.
813 5461 1124 5535 Cujusmodi
1186 5480 1268 5533 est
1322 5472 1437 5528 lucc
1486 5483 1865 5550 consequentia
1899 5486 1926 5540 ?.

403 5638 670 5720 (a)l_(;la|us‘a
714 5644 995 5720 parentbesi
1041 5646 1221 5720 desunt
1258 5651 1306 5700 in
1336 5652 1550 5720 _Savilio;
1583 5659 1672 5710 sed
1696 5662 1742 5711 in
1767 5665 1923 5715 omni-

340 5697 432 5748 bus
451 5701 552 5750 aliis
575 5697 831 5767 habentur,
862 5715 915 5756 et
936 5707 996 5758 ad
1019 5697 1478 5776 scriemrquadraut.‘

1191 305 1250 362 S.
1291 306 1570 369 JOANNIS
1605 307 2078 370 CHRYSOSTOMI
2113 312 2432 380 ARClllEP.
2472 317 3004 382 CONSTANTINOP.

3601 339 3705 402 561

2121 425 2347 482 Pulchra
2389 433 2644 501 profecto,
2667 436 2823 494 valde
2851 441 3129 498 cohaerens
3157 443 3440 514 prioribus.
3468 448 3582 506 Hoc
3619 463 3703 514 est

2117 517 2260 574 enim
2293 521 2434 590 quod
2481 524 2609 580 dicit
2641 543 2654 580 :
2683 527 2740 582 Si
2787 529 2926 586 Deus
2967 547 3123 603 opem
3170 551 3272 590 non
3321 537 3475 607 ferat,
3521 545 3698 599 omnia

2114 623 2341 680 pereunt
2368 631 2382 667 :
2405 617 2618 684 quando
2654 632 2830 676 autem
2872 623 2992 689 fert,
3018 635 3142 682 tunc
3173 629 3436 698 jucundus
3475 644 3558 691 est
3606 653 3696 693 sn-

2113 717 2291 766 mnus.
2322 715 2445 762 tunc
2468 719 2550 764 est
2577 711 2764 779 otium,
2788 724 2843 769 et
2870 716 2975 772 vita
3009 733 3036 772 a
3061 721 3310 790 periculis
3331 725 3514 794 libera,
3539 739 3592 784 et
3612 745 3696 786 se-

2111 796 2335 852 curitate
2364 799 2541 869 plena.

2181 889 2236 943 2.
2276 891 2498 958 Quando
2525 911 2654 968 ergo
2682 913 2927 958 somnum
2957 905 3036 961 eis
3079 907 3285 965 dederit
3313 952 3329 974 .
3357 916 3572 983 quando
3594 933 3690 977 eos

2111 980 2357 1038 refecerit
2379 1025 2392 1047 ,
2422 990 2634 1057 quando
2663 1007 2758 1049 eos
2780 997 2872 1066 qui
2903 999 3157 1068 invadunt
3187 980 3512 1074 propulsarit
3531 1050 3549 1073 ,
3580 1027 3688 1068 non

2106 1072 2277 1128 solum
2306 1087 2430 1133 tunc
2457 1080 2793 1154 :edificabunt
2819 1090 3114 1165 civitatem,
3135 1112 3232 1151 nec
3253 1072 3368 1153 eam
3390 1101 3687 1158 solummo-

2105 1161 2176 1218 do
2214 1168 2543 1236 custodient,
2575 1175 2670 1228 sed
2713 1179 2881 1234 multo
2927 1161 3328 1255 etiam-majora
3377 1193 3682 1262 accipient:

2105 1269 2266 1315 erunt
2291 1265 2431 1318 enim
2462 1274 2644 1336 patres
2671 1271 2960 1330 multorum
3002 1276 3252 1348 filiorum,
3283 1291 3338 1338 et
3364 1285 3583 1353 pulchra
3605 1291 3685 1350 eis

2102 1355 2379 1425 augebitur
2408 1361 2640 1419 soboles.
2677 1365 2875 1423 Marce:
2913 1374 3108 1442 fructus
3146 1379 3350 1433 uentris.
3383 1381 3532 1436 Alius
3554 1383 3683 1440 dicit

2103 1444 2200 1518 (a),
2234 1448 2424 1507 Merces
2451 1453 2560 1525 ipse
2589 1455 2788 1525 fructus
2807 1463 3008 1517 ventris.
3033 1465 3166 1530 Quid
3197 1465 3296 1536 hoc
3334 1471 3448 1525 est?
3475 1472 3679 1542 Merce-

2100 1539 2244 1605 dem,
2301 1542 2496 1614 inquit,
2540 1548 2803 1619 accipient
2856 1569 3193 1612 nnmerosam
3251 1539 3526 1618 sobolem.
3560 1565 3679 1632 Etsi

2100 1632 2243 1686 enim
2269 1633 2370 1690 hoc
2405 1638 2476 1692 sit
2501 1653 2635 1710 opus
2661 1652 2865 1701 natura:
2891 1687 2907 1712 ,
2939 1650 3150 1716 quando
3175 1664 3350 1708 tamen
3389 1655 3530 1710 Deus
3573 1657 3679 1714 fert

2098 1739 2276 1793 opem,
2305 1743 2370 1783 ea
2400 1727 2605 1786 felicius
2635 1737 2893 1803 procedit.
2925 1740 3056 1796 Nam
3089 1743 3202 1811 ipsa
3236 1761 3448 1816 quoque
3477 1749 3676 1820 indiget

2096 1828 2327 1884 superno
2371 1822 2900 1898 auxilio:ernntque
2945 1831 3277 1905 Jerosolyma
3330 1840 3527 1909 populo
3563 1841 3674 1896 fre-

2095 1910 2328 1976 quentia.
2381 1911 2495 1967 Non
2521 1914 2571 1973 in
2596 1914 2680 1971 his
2700 1929 2876 1978 autem
2905 1923 3075 1978 solum
3101 1927 3359 1991 comistet
3375 1944 3562 1988 eorum
3585 1933 3669 1990 fe-

2094 1998 2286 2065 licitas,
2317 2019 2507 2075 nempe
2537 2008 2587 2062 in
2614 2009 2987 2081 tedificationc,
3015 2017 3064 2071 in
3091 2021 3354 2089 custodia,
3376 2025 3427 2079 in
3448 2026 3665 2095 sobole;

2090 2091 2183 2144 sed
2207 2091 2290 2147 bis
2311 2096 2467 2155 etiam
2491 2099 2591 2153 alia
2616 2103 2891 2160 accedent.
2913 2107 3276 2170 Etostendens
3288 2129 3528 2185 quamam
3553 2119 3666 2176 inec

2089 2190 2233 2249 sunt,
2260 2185 2528 2259 subjungit
2555 2191 2738 2249 dicens
2770 2213 2784 2250 :
2813 2199 2868 2263 4.
2911 2199 3054 2253 Sicut
3079 2205 3277 2273 sagitta:
3300 2208 3351 2260 in
3391 2225 3544 2264 manu
3570 2229 3664 2281 po-

2088 2276 2254 2344 tentis,
2283 2279 2354 2330 ita
2373 2280 2470 2348 ﬁlii
2494 2299 2832 2342 excussorum.
2853 2289 3020 2357 Alius,
3039 2294 3372 2365 Alligatorum
3389 2299 3490 2369 (b).
3513 2276 3666 2368 Quod

2083 2377 2260 2423 autem
2287 2369 2434 2437 dicit,
2465 2382 2547 2429 est
2569 2376 2827 2446 ejusmodi
2858 2395 2873 2435 :
2902 2381 3014 2436 Non
3034 2395 3191 2442 erunt
3217 2388 3388 2443 solum
3413 2392 3508 2446 tuti
3527 2393 3666 2462 intra

2082 2459 2278 2513 mtenia
2304 2471 2358 2516 et
2382 2461 2434 2515 in
2461 2465 2591 2520 urbe
2615 2470 2837 2538 munita,
2871 2487 2970 2528 nec
2996 2479 3097 2538 erit
3122 2479 3200 2532 eis
3243 2490 3441 2536 tantum
3474 2501 3661 2542 nume-

2080 2565 2202 2607 rosa
2234 2555 2444 2612 soboles
2462 2599 2477 2623 ,
2505 2559 2598 2614 sed
2625 2572 2785 2625 erunt
2815 2566 2974 2620 etiam
3017 2571 3282 2628 terribiles
3307 2575 3548 2637 hostibus
3565 2622 3582 2647 ,
3605 2590 3659 2634 et

2081 2647 2346 2706 terribiles
2373 2659 2429 2707 ut
2466 2653 2691 2722 sagittte.
2735 2655 2850 2712 Non
2878 2658 3011 2723 dixit
3046 2672 3224 2719 autem
3256 2667 3530 2736 absolute,
3556 2669 3652 2726 δας

2075 2737 2219 2812 gitti:
2242 2757 2261 2793 :
2283 2739 2400 2808 sed,
2421 2742 2634 2814 Sagitta:
2651 2746 2703 2800 in
2725 2764 2879 2803 manu
2899 2756 3197 2822 potentium.
3226 2757 3339 2812 Non
3363 2769 3487 2815 sunt
3510 2764 3658 2835 enini

2073 2829 2280 2899 sagittae
2299 2831 2429 2901 ipsa:
2449 2849 2546 2904 per
2569 2851 2629 2894 se
2649 2841 2932 2910 terribiles,
2957 2846 3050 2900 sed
3073 2857 3197 2904 tunc
3222 2853 3434 2920 quando
3467 2865 3653 2912 tenen.

2073 2931 2161 2976 tur
2187 2940 2217 2978 a
2247 2928 2468 2993 potenti,
2493 2940 2715 2986 mortem
2743 2935 3048 3000 minitantes
3076 2940 3138 2995 iis
3168 2957 3299 3012 quos
3316 2945 3645 3004 adoriuntur.

2071 3013 2146 3068 Ita
2171 3030 2297 3085 ergo
2319 3028 2476 3074 erunt
2501 3020 2554 3078 lii
2577 3024 2861 3087 terribiles.
2884 3028 3132 3099 Quinam,
3157 3034 3246 3088 hi?
3273 3034 3400 3090 Filii
3415 3054 3650 3098 excussos

2067 3122 2202 3160 rum.
2233 3109 2344 3164 lioe
2372 3121 2488 3178 est,
2539 3129 2724 3172 eorum
2750 3121 2837 3189 qui
2887 3134 3040 3177 erant
3080 3126 3204 3180 olim
3241 3127 3528 3197 imbecilli,
3556 3133 3642 3202 qui

2069 3198 2230 3254 vincti
2269 3212 2322 3256 et
2351 3204 2574 3275 alligati.
2601 3207 2814 3266 Priores
2836 3213 2978 3268 enim
3003 3231 3090 3271 res
3119 3217 3374 3273 adversas
3409 3222 3488 3275 eis
3527 3220 3638 3278 fre-

2065 3301 2291 3360 quenter
2319 3293 2373 3348 in
2416 3300 2728 3355 memoriam
2755 3304 2946 3375 redigit
2993 3306 3044 3360 in
3077 3318 3315 3378 tempore
3341 3312 3644 3392 felicitatis,

2064 3390 2122 3436 ut
2144 3393 2378 3441 mentem
2410 3404 2595 3455 eorum
2623 3394 2771 3459 omni
2795 3411 2857 3450 ex
2888 3407 3038 3466 parte
3067 3401 3339 3473 corrigat,
3364 3415 3419 3459 et
3447 3419 3542 3474 per
3574 3390 3646 3473 ea

2061 3489 2180 3543 quas
2202 3479 2342 3545 passi
2377 3490 2541 3548 sunt,
2571 3493 2624 3539 et
2650 3499 2681 3539 a
2715 3487 2907 3557 quibus
2937 3502 3060 3545 sunt
3102 3492 3342 3562 liberati,
3370 3505 3423 3550 et
3451 3512 3547 3567 per
3570 3513 3637 3554 ea

2059 3581 2180 3636 qua:
2199 3582 2614 3643 consequentur.
2643 3577 2696 3633 5.
2727 3577 2914 3644 Beatus
2939 3584 3034 3650 vir,
3059 3586 3144 3656 qui
3187 3587 3412 3663 implebit
3433 3589 3631 3646 deside-

2057 3660 2191 3713 rium
2219 3678 2367 3718 suum
2388 3683 2450 3719 ea:
2481 3668 2646 3738 ipsis;
2673 3687 2775 3724 non
2799 3677 3169 3742 confundentur
3185 3718 3201 3742 ,
3225 3696 3339 3732 cum
3367 3682 3636 3753 loquentur

2056 3750 2274 3812 inimicis
2296 3757 2402 3811 suis
2426 3758 2480 3811 in
2499 3769 2664 3829 porta.
2696 3764 2844 3820 Alius
2882 3767 3030 3834 dicit,
3054 3769 3240 3825 Beatus
3258 3815 3272 3838 ,
3301 3774 3386 3844 qui
3407 3750 3640 3846 impletis

2056 3841 2352 3910 pharetram
2377 3863 2520 3902 suam
2549 3867 2613 3904 ea:
2651 3852 2776 3922 ipsis
2810 3855 2902 3927 (c).
2936 3857 2991 3913 Id
3012 3871 3093 3915 est
3131 3877 3146 3915 :
3178 3863 3288 3918 Hoc
3313 3841 3526 3937 quoque
3549 3870 3627 3924 eis

2053 3933 2244 4002 aderit,
2271 3937 2436 3993 robur
2453 3943 2711 4012 corporis,
2744 3955 2916 4003 terror
2934 3951 3024 4022 qui
3053 3968 3156 4007 non
3185 3933 3380 4024 poterit
3401 3933 3629 4016 sustine-

2051 4023 2119 4090 ri,
2148 4027 2365 4095 pulchra
2388 4038 2443 4085 et
2461 4047 2744 4090 numerosa
2775 4039 2974 4117 proles,
3004 4045 3263 4100 securitas
3284 4089 3299 4113 ,
3339 4051 3484 4106 urbis
3510 4052 3629 4121 pul-

2049 4114 2328 4184 chritudo,
2361 4121 2580 4180 victoria
2607 4135 2661 4181 et
2695 4114 2890 4199 tropma
2928 4134 2979 4186 in
3022 4135 3198 4193 bellis.
3241 4139 3500 4217 Quocirca
3530 4159 3631 4204 eos.

2048 4225 2260 4303 quoque
2295 4213 2486 4270 beatos
2513 4220 2796 4286 praedicat,
2821 4226 2910 4292 qui
2940 4237 3064 4283 sunt
3083 4213 3460 4303 conisequuturi
3489 4236 3626 4293 hanc

2046 4285 2373 4366 fclicita‘tem.
2417 4285 2586 4364 Erunt
2611 4314 2773 4378 enim,
2810 4315 3015 4388 inquit,
3043 4285 3278 4380 armati:
3299 4325 3403 4383 Sed
3436 4345 3540 4384 non
3567 4329 3627 4387 in

2045 4393 2128 4449 his
2160 4404 2367 4454 Lamum
2390 4402 2646 4458 consistet
2692 4421 2877 4462 eorum
2913 4411 3217 4484 beatitudo,
3245 4433 3428 4474 verum
3459 4423 3620 4478 etiam

2045 4484 2096 4537 in
2124 4501 2188 4540 eo
2216 4491 2357 4557 quod
2380 4507 2485 4546 non
2509 4494 2810 4553 afﬁcientur
2834 4504 3057 4570 pudore.
3089 4507 3211 4562 Non
3248 4514 3622 4580 confundentur

2040 4576 2202 4643 enim,
2234 4577 2419 4650 inquit,
2446 4587 2650 4653 quando
2674 4590 2935 4660 loquentur
2961 4596 3180 4653 inimicis
3211 4603 3317 4655 suis
3344 4576 3396 4657 in
3443 4616 3615 4675 porta.

2040 4667 2299 4734 Quidnam
2343 4683 2427 4729 est
2467 4675 2609 4732 hoe?-
2652 4681 2936 4739 Maximum
2991 4696 3249 4758 tropaeum
3275 4735 3289 4758 ,
3349 4698 3615 4753 maximus

2039 4761 2312 4828 Splendor,
2339 4765 2637 4834 iucunditas
2663 4787 2866 4828 summa
2897 4785 2952 4830 et
2981 4777 3224 4836 felicitas.
3263 4783 3443 4856 Neque
3471 4791 3614 4848 enim

2038 4852 2116 4906 eis
2135 4866 2197 4907 ex
2207 4855 2539 4923 probrabitur
2566 4863 2708 4931 quod
2728 4865 2871 4921 Deus
2895 4855 3076 4924 curam
3103 4887 3290 4928 eorum
3316 4893 3420 4934 non
3433 4895 3608 4950 gesse-

2037 4943 2138 5012 rit,
2169 4947 2253 5000 vel
2283 4949 2422 5017 quod
2451 4951 2615 5006 Deum
2647 4955 2930 5019 habuerint
2961 4961 3284 5022 imbecillum
3310 5011 3326 5038 ,
3355 4943 3607 5044 vel'quod

2035 5045 2306 5106 potentem
2331 5041 2570 5115 quidem,
2592 5060 2774 5108 verum
2800 5051 2908 5106 suis
2929 5057 3160 5122 peccatis
3174 5041 3610 5144 depulerint—ejus

2096 5218 2500 5305 ςίρνφὶιέξξῆδξιλιζίε
2528 5225 2775 5305 interpres
2805 5231 3070 5305 ignoratur.
3106 5245 3216 5290 Hzec
3245 5244 3426 5305 quippe
3465 5250 3616 5299 maio

2031 5281 2085 5342 in
2107 5281 2330 5344 Hexaplis
2353 5288 2503 5357 posita
2524 5325 2538 5347 ,
2566 5281 2990 5369 eerhrysostomo
3005 5281 3432 5369 smn—paves:
3455 5281 3614 5361 δινέξεῖ

2032 5352 2223 5405 pretum
2249 5349 2440 5397 nomina
2461 5362 2558 5398 non
2579 5349 2764 5403 Μ’θηῖ
3109 5349 3118 5405 λ

2095 5405 2170 5482 (ὑλ
2199 5413 2326 5482 Hanc
2363 5407 2632 5482 lectionem.
2661 5428 2776 5482 esse
2806 5425 2924 5480 puto
2961 5425 3181 5482 septimae
3219 5427 3460 5480 Editionis.
3499 5439 3610 5482 Nam

2029 5467 2246 5530 Aquila),
2267 5473 2532 5577 i:y‘mmacbi
2548 5509 2561 5533 ,
2584 5467 2924 5530 1‘heodotiontis
2939 5467 3516 5549 ,‘ééi'izeﬁueﬁiiiioiiis'
3535 5467 3610 5543 ie-

2029 5532 2215 5577 ctiones
2237 5544 2262 5577 a
2303 5542 2502 5577 eruntur
2526 5538 2572 5577 in
2598 5540 2824 5577 "mantia
2857 5555 2918 5577 ιη·
2961 5547 3245 5577 κει-Μηνυυι
3301 5561 3344 5577 ,..
3501 5555 3606 5577 ειι.-,-

2029 5532 2502 5615 etioneslafferuntur
2513 5532 2575 5615 in
2598 5532 3273 5615 lienaplisex:Itieronj'ino,
3299 5532 3608 5615 ot'p‘ustjillas

2029 5592 2456 5670 omlnesbtec'quae
2478 5597 2537 5645 ad
2559 5592 2813 5670 septimam
2833 5592 3600 5670 Edltioneinii'er't‘irierervfid'etu:

2091 5653 2305 5736 (aliane
2327 5653 2665 5736 interpretatio
2683 5672 2760 5713 est
2774 5653 3601 5736 juxtaxqtiilatiitsﬁmacli‘u‘mmei

2027 5714 2418 5767 'rbeodotionetn.
2449 5714 3596 5806 hieronymusquoque‘veHi-t:‘ii§6§:

2031 5793 2327 5843 tramsuam.
3156 5793 3162 5795 ⁷
3246 5793 3277 5797 ’ἡ
3310 5802 3314 5806 ’
3354 5793 3395 5805 ”
3422 5793 3439 5821 ’“
