4112 6342
509 369 614 425 565

505 478 733 541 παίδων,
756 477 846 532 διά
890 477 1000 534 τῶν
1045 478 1246 541 ὅπλων,
1274 477 1365 533 διά
1400 479 1501 551 τῆς
1527 479 1830 551 δυνάμεως,
1860 478 1961 531 οὐκ
1992 477 2086 546 ὲγ-

508 560 945 630 καλυφθήσονται
970 561 1099 624 τοὺς
1150 561 1442 633 πολεμίους
1486 561 1740 633 ὁρῶντες,
1781 561 1917 615 ἀλλά
1945 559 2085 631 μετὰ

508 643 711 713 πολλῆς
740 644 1146 715 ἀπαντήσονται
1172 646 1271 713 τῆς
1310 644 1686 717 ἀνδρειότητος
1725 658 1774 709 ι,
1805 644 2083 698 καλλωπι-

508 726 746 795 ζόμενοι,
791 728 933 797 μέγα
962 726 1306 798 φρονοῦντες,
1330 727 1716 798 κοσμούμενοι,
1748 727 1837 782 διὰ
1866 728 2083 781 πάντων
2109 795 2112 799 _

508 809 711 863 τούτων
755 808 848 862 τοῦ
883 809 1014 862 Θεοῦ
1047 809 1146 881 τὴν
1180 811 1319 881 ὑπὲρ
1343 810 1519 863 αὐτῶν
1550 809 1832 879 ἀντίληψιν
1882 809 2086 862 ἐπιδει-

509 893 798 963 κνυμένου.
833 892 907 945 Τὸ
942 892 1052 963 γὰρ
1104 892 1398 963 κεφάλαιον
1437 893 1547 946 τῶν
1587 892 1830 962 ἀγαθῶν,
1862 892 1956 946 καὶ
1984 895 2083 962 τῆς

514 976 913 1046 μακαριότητος
939 976 972 1046 ή
1003 976 1253 1048 κορωνὶς,
1278 975 1341 1029 τὸ
1369 975 1627 1029 δύνασθαι
1669 975 1854 1029 λοιπὸν
1890 974 1985 1027 ἐπὶ
2014 976 2081 1044 τῇ

511 1059 603 1111 τοῦ
620 1058 755 1111 Θεοῦ
777 1059 1061 1130 συμμαχίᾳ
1082 1058 1527 1129 κοσμεῖσθαι.Διὸ
1540 1058 1604 1129 δὴ
1629 1057 1723 1112 καὶ
1745 1056 1980 1112 ἐνταῦθα
1992 1056 2084 1110 τὸν

512 1140 668 1207 λόγον
699 1141 985 1207 κατέλυσε,
1042 1141 1312 1195 παιδεύων
1342 1141 1587 1205 ἅπαντας
1622 1140 1729 1212 πρὸ
1768 1141 1879 1193 τῶν
1908 1139 2083 1194 ἄλλων

512 1224 766 1276 ἁπάντων
795 1226 998 1277 ἐκεῖνον
1026 1225 1115 1278 τὸν
1136 1224 1340 1295 κόσμον
1362 1224 1656 1295 ἐπιζητεῖν,
1681 1225 1775 1278 καὶ
1792 1223 1886 1275 ἐπὶ
1898 1222 2083 1292 ’τούτῳ

511 1305 916 1376 φαιδρύνεσθαι.
956 1307 1156 1360 Τοῦτον
1184 1307 1362 1360 τοίνυν
1405 1310 1497 1361 καὶ
1536 1309 1698 1377 ἡμεῖς
1728 1305 2080 1378 ζηλώσωμεν,

513 1391 601 1443 ἵνα
628 1390 735 1443 τῶν
764 1390 998 1444 αἰωνίων
1042 1390 1386 1461 ὲπιτύχωμεν
1433 1391 1460 1431 ι)
1491 1390 1733 1460 ἀγαθῶν,
1753 1390 1936 1461 χάριτι
1989 1389 2085 1444 καί

512 1472 890 1543 φιλανθρωπίᾳ
916 1472 1010 1526 τοῦ
1040 1475 1244 1544 Κυρίου
1274 1473 1433 1544 ήμῶν
1460 1474 1633 1544 Ἰησοῦ
1671 1471 1930 1545 Χριστοῦ,
1966 1472 2083 1543 μεθ’

511 1552 571 1610 οῦ
601 1556 678 1625 τῷ
720 1557 891 1626 Πατρί.
940 1558 973 1626 ἡ
1019 1555 1162 1621 δόξα,
1198 1555 1316 1627 ἅμα
1367 1555 1447 1627 τῷ
1491 1557 1631 1628 ἁγίῳ
1668 1554 1971 1627 Πνεύματι,
2003 1555 2086 1619 εἰς

511 1641 639 1704 τοὺς
670 1637 874 1701 αίῶνας
892 1637 998 1690 τῶν
1030 1637 1263 1694 αἰώνων.
1298 1638 1489 1711 Ἀμήν.

816 1739 923 1790 En:
949 1738 1086 1791 ΤοΝ
1109 1736 1258 1790 ΡΚΖ¹
1278 1739 1581 1791 ΨΑΑΜΟΝ
1608 1737 1777 1810 [558].

582 1822 869 1888 Μακάριοι
898 1820 1120 1885 πάντες
1153 1823 1207 1874 οἱ
1250 1822 1604 1890 φοϐούμενοι
1640 1820 1745 1873 τὸν
1774 1819 2011 1889 Κύριον.

582 1910 649 1958 α’.
665 1904 806 1973 Ὅρα
830 1903 991 1956 αὐτὸν
1010 1902 1255 1957 ἐντεῦθεν
1276 1904 1597 1974 ἀρχόμενον,
1624 1902 1752 1955 ἔνθα
1767 1900 2081 1972 κατέληξεν.

512 1986 726 2057 Ὥσπερ
753 1985 862 2057 γὰρ
892 1988 1009 2039 ἐκεῖ
1034 1985 1121 2039 διὰ
1137 1986 1294 2039 τοῦτο
1319 1987 1514 2049 αὐτοὺς
1536 1985 1890 2056 ὲμακάρισεν,
1912 1986 1994 2039 ὃτι
2021 1983 2085 2038 οὐ

512 2069 987 2137 καταισχύνονται,
1039 2068 1132 2122 τοῦ
1171 2069 1264 2121 τὸν
1300 2068 1431 2121 Θεὸν
1479 2080 1501 2108 ε
1556 2070 1701 2139 ἔχειν
1742 2068 1956 2139 βοηθὸν,
1989 2068 2086 2122 καὶ

517 2152 635 2222 μεθ’
656 2152 883 2205 ἑαυτῶν·
913 2150 1056 2204 οῦτω
1099 2152 1192 2204 καὶ
1227 2151 1465 2205 ἐνταῦθα
1507 2152 1759 2206 ἐντεῦθεν
1806 2152 2088 2223 προοιμιάο

513 2236 685 2301 ζεται,
718 2236 910 2304 λέγων·
939 2234 1221 2301 Μακάριοι
1263 2236 1485 2302 πάντες
1512 2240 1567 2290 οι
1596 2238 1952 2305 φοϐούμενοι
1979 2235 2086 2290 τὸν

514 2322 754 2387 Κύριον.
788 2319 896 2371 Καὶ
921 2318 1082 2372 πάλιν
1112 2319 1397 2372 καθολικὸν
1426 2322 1660 2373 ποιεῖται
1678 2320 1960 2388 τὸνλόγον,
1988 2317 2083 2374 ἀπ’

515 2404 738 2457 ἐκείνων
757 2401 935 2456 λαϐὼν
967 2401 1064 2472 τὴν
1100 2403 1292 2472 ἀρχήν.
1323 2403 1430 2456 Καὶ
1459 2402 1639 2467 καλῶς
1667 2400 1809 2468 εἷπε,
1834 2402 2082 2466 Πάντες·

516 2485 621 2538 κᾶν
650 2484 833 2549 δοῦλός
860 2484 887 2523 ά
934 2501 1018 2548 τις
1049 2481 1105 2557 ᾗ,
1143 2485 1243 2537 κᾶν
1272 2485 1558 2553 δεσπότης,
1609 2486 1710 2540 κᾶν
1740 2487 1927 2557 πένης,
1982 2483 2086 2538 κᾶν

514 2570 577 2621 τὸ
604 2568 763 2639 σῶμα
790 2567 1089 2638 ἀνάπηρος,
1134 2566 1242 2620 κᾶν
1272 2567 1541 2633 ὁστισοῦν,
1573 2569 1724 2623 οὐδὲν
1745 2570 1947 2622 τούτων
1975 2585 2085 2621 κω-

513 2651 632 2705 λύει
659 2649 719 2704 τὸ
754 2649 1099 2720 μακαρισμὸν
1121 2648 1308 2704 τοῦτον
1332 2650 1494 2721 ἔχειν,
1519 2652 1577 2704 ὃν
1612 2653 1771 2716 αὑτός
1802 2670 1953 2724 φησι.
1981 2651 2087 2703 Τὸν

517 2734 617 2807 μὲν
652 2734 761 2805 γάρ
785 2733 944 2788 ἄλλον
980 2733 1068 2787 τὸν
1113 2733 1281 2805 ψευδῆ
1319 2737 1411 2788 καί
1438 2736 1841 2807 πεπλασμένον,
1885 2737 1983 2790 καὶ
2026 2734 2087 2789 ὃν

514 2816 700 2871 πολλοί
716 2815 954 2888 ζηλοῦσι,
976 2815 1145 2869 πολλὰ
1172 2817 1492 2872 συνελθόντα
1525 2819 1676 2890 μόλις
1698 2822 1857 2873 ποιεῖ·
1893 2818 1993 2873 κᾶν
2013 2817 2087 2889 μὴ

511 2901 692 2954 πάντα
720 2899 1022 2972 συνδράμῃ,
1057 2900 1157 2953 οὐκ
1182 2900 1248 2954 ἂν
1275 2901 1483 2969 γένοιτό
1520 2920 1606 2966 τις
1637 2902 1902 2974 μακάριος
1956 2904 2087 2973 παρ’

513 2982 842 3055 ἀνθρώποις·
866 2977 977 3037 οἷόν
1002 3000 1053 3037 τι
1079 2983 1240 3050 λέγω·
1272 2985 1368 3037 ὲάν
1402 3002 1485 3049 τις
1567 2984 1838 3051 πλούσιος,
1870 2986 1972 3039 οὐκ
1991 2984 2090 3055 ἀρ-

513 3069 604 3121 κεῖ
639 3064 799 3121 τοῦτο
843 3066 991 3138 αύτῷ
1043 3068 1181 3139 πρὸς
1243 3069 1610 3139 μακαρισμὸν,
1674 3069 1812 3123 ἀλλά
1867 3069 1948 3122 δεῖ
1994 3069 2089 3123 καὶ

514 3150 726 3217 ὑγίειαν
756 3154 1056 3221 προσεῖναι.
1085 3152 1204 3205 Κᾶν
1226 3152 1337 3222 γὰρ
1367 3152 1617 3215 πλούσιος
1649 3153 1748 3223 μὲν
1767 3148 1822 3226 ᾖ,
1849 3152 1910 3206 τὸ
1930 3152 2088 3223 σῶμα

513 3232 573 3286 δὲ
602 3233 1017 3305 πεπηρωμένος,
1046 3233 1270 3304 χωλεύει
1290 3234 1358 3286 τά
1382 3235 1478 3305 τῆς
1498 3235 1897 3307 μακαριότητος
1917 3234 2086 3306 αὐτῷ,

515 3316 609 3369 καὶ
635 3314 745 3369 τῶν
775 3317 1087 3387 πενομένων
1136 3317 1283 3370 ἐστὶν
1334 3316 1681 3388 ἀθλιώτερος.
1713 3318 1904 3372 Πολλοὶ
1960 3317 2089 3386 γοῦν

516 3397 892 3464 πλουτοῦντες,
932 3400 1024 3452 καί
1051 3399 1189 3469 νόσῳ
1221 3399 1560 3464 παλαίοντες,
1588 3401 1712 3464 τοὺς
1729 3401 1816 3454 διὰ
1829 3401 1938 3453 τῶν
1967 3418 2088 3455 στε-

513 3483 712 3536 νωπῶν
738 3480 1047 3553 χωροῦντας
1074 3483 1307 3553 πένητας
1328 3484 1715 3555 μακαρίζουσι,
1747 3485 1842 3537 καὶ
1873 3484 2089 3549 ἀθλίους

516 3567 745 3629 ἑαυτοὺς
776 3561 915 3619 εἶναι
953 3565 1231 3637 νομίζουσι
1258 3567 1395 3637 μετά
1421 3567 1529 3620 τῶν
1560 3569 1767 3639 μυρίων
1792 3567 2086 3625 ταλάντων.

516 3649 685 3704 Πάλιν
715 3649 783 3703 ἂν
806 3648 1018 3720 ὑγιαίνῃ
1044 3648 1142 3717 μὲν
1162 3648 1223 3702 τὸ
1253 3649 1428 3719 σῶμα,
1455 3650 1547 3703 καὶ
1573 3651 1825 3715 πλούσιος
1854 3648 1909 3724 ᾖ,
1933 3651 2090 3725 δόξης

514 3733 574 3787 δὲ
609 3732 684 3804 μὴ
722 3730 988 3805 ἀπολαύῃ,
1014 3732 1200 3803 ἕτερον
1250 3732 1477 3802 κώλυμα
1509 3733 1689 3786 πάλιν.
1716 3735 1827 3787 Καὶ
1849 3735 1958 3806 γάρ
1985 3735 2089 3789 εἰσί

515 3831 660 3879 τινες
683 3816 939 3887 χρήματα
974 3815 1074 3886 μὲν
1116 3814 1442 3885 κεκτημένοι
1480 3814 1669 3881 πολλὰ,
1709 3817 1803 3870 καὶ
1832 3816 1893 3870 τὸ
1931 3817 2090 3889 σῶμα

516 3898 701 3963 ἀσινὲς
726 3898 960 3970 ἔχοντες,
1006 3897 1076 3952 τά
1104 3898 1161 3952 δὲ
1188 3899 1462 3971 ἀνήκεστα
1508 3900 1804 3971 πάσχοντες
1849 3900 1955 3954 ὑπὸ
1982 3902 2088 3954 τῶν

514 3986 598 4048 εἰς
625 3983 913 4055 στρατείαν
945 3982 1263 4047 τελούντων,
1294 3984 1390 4037 καί⁵
1419 3983 1737 4038 δυναστείαν
1766 3984 2088 4058 περιϐεϐλη-

516 4067 696 4139 μένων
715 4079 762 4126 ο.
787 4066 878 4139 Τῷ
898 4066 1009 4138 γάρ
1040 4067 1311 4139 μηδεμιᾶς
1332 4066 1578 4137 μετέχειν
1598 4065 1766 4138 τιμῆς
1790 4068 1883 4121 καὶ
1899 4068 2090 4122 ἀθλιω-

513 4150 705 4221 τέρους
737 4150 952 4204 πάντων
980 4151 1206 4213 ἑαυτοὺς
1224 4145 1361 4203 εἶναι
1394 4150 1724 4219 νομίζουσιν,
1749 4149 2088 4204 ὑποκύπτον-

512 4250 629 4298 τες,
652 4226 727 4286 ὧν
753 4231 1013 4297 πολλάκις
1044 4232 1261 4297 δούλους
1290 4233 1502 4304 ἔχουσιν
1533 4230 1962 4304 εὐπορωτέρους.
1979 4236 2089 4290 Πά-

514 4313 600 4369 λιν
628 4315 698 4369 ἂν
710 4314 837 4382 δόξα
876 4316 975 4387 μὲν
1000 4312 1058 4390 ᾖ,
1093 4316 1188 4370 καὶ
1210 4315 1455 4381 πλοῦτος,
1495 4316 1589 4368 καὶ
1612 4315 1792 4383 ὑγίεια
1814 4315 2084 4387 σώματος,

515 4397 785 4466 ἀσφάλεια
838 4392 881 4436 τ’
911 4398 966 4451 δὲ
1024 4399 1098 4469 μὴ
1133 4401 1305 4470 παρῇ,
1359 4397 1814 4451 ἐπιϐουλευόντων
1856 4398 2082 4470 μυρίων,

516 4478 870 4547 φθονούντων,
907 4479 1323 4551 βασκαινόντων,
1361 4482 1681 4551 μισούντων,
1721 4483 2087 4552 κατηγορούν-

515 4579 644 4626 των,
676 4564 1170 4633 συκοφαντούντων,
1198 4565 1414 4619 πάντων
1436 4563 1764 4635 ἀθλιώτερος
1789 4564 1961 4630 ἔσται,
1991 4568 2089 4620 λα-

516 4643 661 4713 γωοῦ
691 4645 803 4715 βίον
831 4647 938 4711 ζῶν
960 4649 988 4700 ὁ
1011 4645 1268 4710 τοιοῦτος,
1303 4648 1398 4700 καὶ
1440 4646 1540 4711 τὰς
1562 4646 1719 4710 σκιάς
1739 4647 2082 4714 ὑποπτεύων,

518 4729 611 4783 καὶ
650 4730 856 4795 πάντας
882 4731 1100 4803 τρέμων
1129 4731 1223 4783 καὶ
1250 4729 1521 4794 δεδοικώς.
1559 4732 1658 4785 Ἂν
1679 4730 1734 4784 δὲ
1767 4732 2084 4786 καὶτούτων

517 4812 826 4884 ἀπαλλαγῇ,
855 4813 1071 4883 φιλῆται
1106 4812 1165 4866 δὲ
1210 4814 1360 4884 παρά
1398 4814 1636 4876 πάντων,
1670 4815 1763 4868 καί⁵
1793 4816 1930 4869 κατά
1959 4817 2085 4887 ροῦν

513 4896 664 4967 αὐτῷ
717 4900 947 4969 φέρηται
984 4897 1184 4964 πάντα,
1243 4899 1337 4952 καὶ
1386 4897 1533 4963 δόξα,
1585 4898 1678 4951 καὶ
1716 4897 1963 4963 πλοῦτος,
1993 4902 2086 4954 καὶ

515 4980 802 5049 ἀσφάλεια,
830 4983 924 5034 καὶ
956 4980 1089 5052 τιμὴ
1118 4980 1273 5052 (ὅπερ
1300 4982 1582 5052 ἀμήχανον
1611 4981 1953 5053 συνδραμεῖν,
1972 4984 2084 5036 ἀλλ’

513 5058 664 5134 ὅμως
701 5063 1003 5135 κείσθωτῷ
1044 5063 1231 5135 λόγῳ),
1283 5063 1385 5117 κᾶν
1436 5064 1654 5118 ἅπαντα
1698 5064 1878 5117 τοίνυν
1916 5066 2086 5120 ταῦτα

513 5146 767 5220 ἐπιρρέῃ,
802 5147 898 5200 καὶ
934 5147 1098 5218 μηδὲν
1130 5143 1247 5221 ᾗτὸ
1280 5146 1585 5212 διακόπτον,
1619 5146 1754 5201 ἀλλά
1788 5148 1882 5201 καὶ
1903 5148 2085 5204 εὔνοια

513 5227 702 5301 δήμου,
723 5231 817 5284 καὶ
843 5230 999 5304 δόξης
1039 5232 1287 5303 μέγεθος,
1326 5231 1420 5285 καὶ
1461 5230 1756 5303 χρημάτων
1780 5232 2081 5302 περιουσία,

576 5346 605 5377 ⁸
628 5344 780 5398 Savil.
801 5355 885 5409 τῆς
904 5351 1213 5415 φαιδρότητα
1237 5355 1289 5399 et
1309 5361 1422 5398 mox
1441 5348 1805 5409 ἐνδεικνυμένου.

571 5406 602 5447 δ
625 5408 772 5459 Savil.
799 5412 1030 5467 ἐπιτυχεῖν
1060 5413 1348 5467 ἃξιωθῶμεν.

573 5428 602 5447 υ
625 5428 772 5459 aavu.
799 5428 1030 5475 επιτυχειν
1061 5428 1348 5474 αζιωυωμεν.

573 5471 600 5534 °_
624 5468 771 5534 §avil.
795 5475 865 5534 τῷ
885 5475 966 5521 τὸν
987 5474 1123 5521 Θεὸν.

570 5528 602 5571 ἀ
623 5531 773 5581 Savil.
798 5528 985 5592 πάντες,
1011 5535 1166 5591 δηλῶν
1192 5534 1263 5581 ὅτι
1283 5534 1372 5582 κᾶν
1394 5530 1577 5588 δοῦλος.

575 5595 596 5615 ⁸
616 5592 708 5642 Hic
729 5596 937 5643 multum
967 5593 1118 5644 variat
1160 5595 1390 5650 Savilius,
1432 5596 1517 5655 qui
1555 5593 1625 5655 sic
1662 5591 1843 5642 habet:
1871 5593 1964 5641 ὑπὸ
1986 5596 2083 5641 τῶν

509 5655 785 5705 δυναστείαν
801 5657 1234 5719 περιϐεϐλημένων,
1262 5657 1343 5703 καί
1360 5657 1426 5711 εἰς
1435 5654 1682 5719 στρατείαν
1700 5655 2078 5718 κατασυρόντων.

510 5715 642 5779 Ιιοοο
678 5722 848 5779 autem
892 5717 1034 5779 hujus
1073 5724 1334 5779 postrema
1370 5718 1503 5765 vocis
1527 5715 1908 5779 κατασυρόντων,
1937 5717 2081 5766 aliam

510 5777 658 5827 affert
678 5777 941 5826 Imtionem
958 5777 1019 5827 ‘in
1039 5777 1283 5840 margine,
1296 5789 1477 5839 nempe
1493 5777 1770 5826 τελούντων.

579 5837 599 5874 ί
623 5839 770 5910 Sayil.
791 5841 898 5910 haec
919 5841 1015 5888 alio
1044 5841 1195 5910 {nodo
1232 5840 1506 5910 dhaginguil,
1535 5851 1715 5910 nerppg
1741 5840 1784 5910 ἡ·
1803 5838 1955 5910 ὑγεία,
1978 5838 2078 5910 σώτ

513 5901 829 5971 μίκτος-ἀσφάλ
839 5917 929 5957 εια,
948 5898 1407 5971 ωηξιιιδιδςαινζιαέ
1424 5898 1663 5971 corporis;
1685 5898 1785 5971 Sgd
1807 5898 1984 5971 melior
2006 5906 2090 5954 est

518 5960 710 6022 Μίδαιῌί
757 5960 1106 6022 interpuuclio.
1144 5962 1270 6010 Infra
1302 5961 1399 6009 duo
1439 5974 1553 6022 mss.
1578 5961 1657 6008 καὶ
1685 5960 1857 6022 πάντα,
1899 5962 2083 6022 τρέμων

517 6022 595 6069 καὶ
618 6020 837 6080 δεδοικώς
880 6020 997 6074 [δία.
1028 6023 1197 6073 Morel.
1222 6020 1629 6083 ἀπαλλαγῇ.ὃᾶιῆ
1672 6020 1984 6077 ἀπήλλακται.

1194 363 1253 421 S.
1294 362 1585 421 JOANNIS
1609 359 2105 424 CHRYSOSTOMI
2136 359 2457 423 ARCHIEP.
2492 360 3037 420 CONSTANTINOP.

3648 365 3752 423 566

2186 476 2282 531 καί
2309 476 2559 548 σώματος
2588 480 2787 547 ὑγίεια,
2805 481 2899 533 καὶ
2924 477 3192 548 ἀσφάλεια
3210 477 3378 543 πᾶσα,
3406 478 3585 534 καὶτὸ
3604 480 3760 551 ἀχείο

2189 577 2360 632 ρωτον
2384 562 2533 633 αὐτῷ
2567 564 2854 636 συντρέχῃ,
2903 562 3181 635 μοχθηρὰν
3224 562 3483 627 πολλάκις
3522 563 3757 618 συνοικί-

2135 641 2143 651 ’
2188 660 2286 707 σας
2313 644 2490 715 ἑαυτῷ
2529 648 2779 715 γυναῖκα,
2821 647 2915 700 καὶ
2943 646 3399 717 διεστραμμένην,
3431 644 3757 718 ἀθλιώτερος

2187 727 2404 780 πάντων
2426 727 2534 780 τῶν
2581 729 2730 782 οὐδὲν
2763 728 2987 781 ἐκείνων
3018 729 3252 798 ἐχόντων
3294 728 3520 797 γίνεται.
3550 728 3676 781 Ἐὰν
3700 728 3759 783 δὲ

2187 811 2280 864 καὶ
2310 811 2448 882 αὐτὴ
2472 812 2679 883 χρηστή
2695 829 2778 875 τις
2805 808 2861 886 ᾗ,
2885 812 2977 865 καὶ
3006 813 3148 865 κατά
3175 811 3298 864 νοῦν
3323 810 3472 881 αὐτῷ
3497 811 3593 864 καὶ
3616 812 3759 865 κατά

2182 892 2411 963 γνώμην
2447 894 2739 965 συμϐαίνῃ,
2789 894 2976 948 παιδία
2999 894 3337 965 κτησάμενον
3362 893 3541 963 φαῦλα
3573 893 3762 947 ἀθλιώ-

2184 991 2343 1046 τερον
2368 975 2584 1030 πάντων
2610 973 2748 1030 εἰναι
2765 977 2975 1046 ἀνάγκη
3005 977 3094 1030 τὸν
3117 976 3374 1030 τοιοῦτον·
3407 976 3441 1046 ἢ
3475 976 3599 1046 μηδ’
3623 975 3759 1039 ὅλως

2184 1057 2530 1128 κτησάμενον
2566 1058 2781 1130 θρηνεῖν
2816 1059 2910 1113 καὶ
2947 1058 3251 1131 ὀδύρεσθαι.
3286 1057 3758 1130 Καὶ1559]ὄπου-

2184 1156 2293 1210 περ
2317 1139 2384 1193 ἂν
2413 1141 2494 1212 ίδῃ
2522 1158 2606 1205 τις
2631 1141 2740 1195 τῶν
2773 1141 3073 1212 ἀνθρώπων
3102 1143 3148 1206 5,
3185 1140 3410 1203 πολλοὺς
3430 1140 3619 1209 δψεται
3633 1140 3760 1203 τοὺς

2184 1222 2483 1295 κρημνούς.
2517 1224 2629 1277 Καὶ
2655 1223 2708 1277 τί
2740 1224 2820 1277 δεῖ
2837 1222 3002 1277 τᾶλλα
3029 1222 3205 1291 λέγειν
3221 1240 3236 1290 ;
3254 1221 3518 1285 Πολλάκις
3544 1221 3760 1290 οἰκέτης

2187 1304 2457 1377 μοχθηρὸς
2492 1306 2670 1360 πάντα
2726 1305 2990 1377 ἀνέτρεψε
3036 1306 3129 1358 καὶ
3166 1304 3410 1374 συνέχεε,
3460 1303 3555 1358 καὶ
3608 1303 3761 1358 οὐδὲν

2185 1384 2329 1440 οὕτω
2361 1385 2647 1459 σφαλερὸν,
2681 1388 2756 1452 ώς
2795 1388 2856 1440 τὸ
2893 1389 2951 1440 ὲν
2977 1388 3284 1458 ἀνθρώποις
3314 1388 3510 1456 κομᾷν.

2269 1470 2409 1524 Ἀλλ’
2449 1471 2546 1542 οὐχ
2595 1473 2624 1525 ό
2652 1472 2743 1525 τὸν
2772 1471 2905 1525 Θεὸν
2940 1471 3273 1542 φοϐούμενος
3315 1470 3574 1533 τοιοῦτος,
3624 1467 3761 1522 ἀλλά

2184 1553 2295 1606 τῶν
2320 1553 2581 1624 κυμάτων
2606 1553 3043 1625 ἀπηλλαγμένος,
3075 1556 3133 1607 ὲν
3160 1552 3370 1624 γαλήνῃ
3397 1551 3631 1623 κάθηται
3663 1550 3760 1606 καὶ

2183 1635 2386 1706 λιμένι,
2420 1635 2518 1707 τὴν
2540 1635 2708 1699 ὅντως
2744 1636 3078 1709 δρεπόμενος
3130 1637 3524 1707 μακαριότητα.
3570 1635 3669 1691 Διά
3693 1635 3758 1704 δὴ

2183 1717 2344 1772 τοῦτο
2371 1718 2549 1773 πάντα
2591 1720 2776 1773 ἐκεῖνα
2806 1720 3181 1792 παραδραμὼν
3221 1720 3251 1772 ὁ
3287 1719 3780 1791 προφήτηςτοῦτον

2187 1802 2483 1874 μακαρίζει
2532 1802 2711 1873 μόνον.
2774 1804 3013 1867 Ἐκεῖνος
3068 1802 3165 1873 μὲν
3195 1800 3304 1873 γὰρ
3333 1803 3362 1855 ό
3390 1799 3765 1872 μακαρισμὸς,

2187 1883 2255 1937 ἂν
2288 1883 2362 1955 μὴ
2406 1884 2581 1939 πάντα
2610 1884 2912 1957 συνδράμῃ,
2958 1885 3058 1938 οὐκ
3088 1885 3154 1939 ἄν
3186 1901 3317 1937 ποτε
3347 1884 3526 1953 σταίη·
3562 1879 3760 1953 μᾶλλον

2183 1965 2242 2019 δὲ
2270 1967 2363 2021 καὶ
2409 1968 2536 2021 ὅταν
2570 1966 2873 2040 συνδράμῃ,
2904 1967 3027 2020 τότε
3082 1965 3367 2019 σαλεύεται
3417 1966 3547 2036 παρ’
3579 1962 3756 2018 αὐτῶν

2185 2047 2406 2102 ἐκείνων
2427 2048 2536 2104 τῶν
2554 2049 2849 2103 τικτόντων
2869 2049 3052 2104 αὐτόν.
3070 2049 3182 2103 Καὶ
3195 2050 3304 2120 γὰρ
3319 2049 3545 2112 πλοῦτος
3555 2046 3764 2102 ἀπώλε-

2186 2147 2268 2194 σε,
2296 2132 2391 2187 καὶ
2426 2133 2563 2205 γυνὴ
2586 2133 2846 2198 πολλάκις
2870 2133 3143 2206 εῠμορφος
3188 2134 3471 2198 κατέλυσε,
3500 2133 3594 2186 καὶ
3612 2133 3757 2185 οἰκε-

2183 2213 2293 2268 τῶν
2320 2214 2476 2284 γένος
2504 2217 2805 2289 προέδωκε,
2823 2219 2919 2271 καὶ
2934 2218 3122 2281 παῖδες
3141 2217 3424 2287 γενόμενοι
3441 2215 3762 2287 πατραλοῖαι

2186 2298 2546 2371 κατέστησαν·
2597 2300 2690 2354 καὶ
2746 2301 2883 2373 ὅπερ
2935 2300 3104 2372 ἔφθην
3156 2300 3348 2366 εἰπὼν,
3403 2300 3572 2353 πολλὰ
3623 2315 3759 2353 παν-

2184 2382 2410 2451 ταχόθεν
2451 2382 2563 2454 ἔχει
2594 2382 2661 2437 τὰ
2708 2384 2951 2456 σφαλερά
2976 2384 3024 2440 h.
3062 2384 3324 2439 Ἐνταῦθα
3361 2384 3418 2438 δὲ
3455 2383 3558 2437 κᾶν
3584 2383 3765 2439 πάντας

2189 2465 2393 2539 συρρέῃ
2426 2467 2686 2522 τάναντία
2710 2506 2726 2530 ,
2759 2468 2819 2521 οὐ
2858 2468 3018 2539 μόνον
3054 2469 3204 2522 οὐδὲν
3245 2467 3627 2539 παραϐλάπτει
3665 2466 3757 2520 τὸν

2191 2549 2537 2622 μακαρισμὸν
2562 2549 2771 2615 τοῦτον,
2794 2550 2929 2604 ἀλλά
2951 2552 3045 2605 καὶ
3071 2552 3414 2622 ἰσχυρότερον
3441 2550 3605 2604 αὐτὸν
3632 2548 3762 2604 καθ-

2191 2632 2371 2701 ίστησι
2403 2632 2497 2685 καὶ
2524 2632 2916 2705 ἀνδρειότερον.
2936 2632 3055 2688 Κᾶν
3077 2635 3186 2705 γὰρ
3218 2634 3394 2696 πενία,
3418 2633 3521 2687 κᾶν
3544 2632 3760 2703 ἀτιμία,

2187 2714 2291 2768 κᾶν
2314 2715 2562 2786 πήρωσις
2603 2715 2855 2787 σώματος
2897 2713 2965 2791 ᾖ,
3020 2718 3123 2771 κᾶν
3160 2717 3416 2786 γυναικὸς
3466 2716 3763 2788 μοχθηρία,

2187 2798 2292 2851 κᾶν
2314 2798 2504 2862 παῖδες
2535 2797 2820 2870 μοχθηροὶ,
2849 2799 2953 2854 κᾶν
2983 2799 3160 2853 ὁτιοῦν
3182 2799 3366 2874 εἴπῃς,
3385 2799 3484 2869 οὐχ
3522 2801 3756 2852 ὑποσκε-

2187 2880 2321 2945 λίζει
2351 2878 2537 2933 τοῦτον
2568 2880 2660 2934 τὸν
2698 2881 3065 2954 μακαρισμὸν,
3105 2882 3225 2935 οὐδὲ
3260 2880 3650 2953 παρασαλεύει.
3680 2881 3756 2935 Οὐ

2189 2963 2298 3034 γὰρ
2316 2962 2376 3028 ἐξ
2402 2963 2623 3019 ἐκείνων
2655 2963 2768 3034 ἔχει
2797 2964 2894 3035 τὴν
2916 2964 3145 3033 γένεσιν,
3182 2965 3269 3019 ῖνα
3296 2966 3390 3019 καὶ
3419 2965 3511 3018 ὑπ’
3538 2963 3771 3018 ἐκείνων

2190 3048 2401 3120 σείηται
2429 3046 2540 3101 τῶν
2577 3048 3063 3120 παρασυρομένων,
3088 3048 3202 3102 ἀλλ’
3240 3049 3443 3104 ἄνωθεν
3472 3048 3570 3120 τὴν
3605 3047 3757 3118 ῥίζαν

2190 3132 2454 3204 κέκτηται
2472 3149 2486 3162 ·
2512 3131 2592 3186 διὸ
2622 3133 2717 3186 καὶ
2742 3134 3038 3204 ἀχείρωτος
3064 3134 3233 3205 μένει.
3257 3135 3368 3189 Καὶ
3398 3136 3447 3187 εἰ
3483 3133 3765 3205 βούλεσθε,

2189 3214 2276 3270 ἐπ’
2310 3213 2491 3269 αὐτῶν
2521 3214 2630 3269 τῶν
2667 3216 3008 3287 πραγμάτων
3050 3217 3518 3289 μεταχειρίσωμεν
3547 3215 3756 3270 τοῦτον.

2188 3298 2323 3371 Οὐχὶ
2345 3298 2531 3362 δοῦλος
2564 3294 2631 3371 ἦν
2676 3300 2904 3371 Ἰωσήφ;
2950 3300 3072 3371 οὐχὶ
3104 3301 3286 3366 ξένοςς
3328 3300 3449 3371 ούχί
3478 3300 3666 3362 ἄπολις
3689 3307 3706 3335 ι
3740 3315 3771 3363 ;,

2186 3383 2307 3454 οὐχὶ
2351 3382 2637 3455 βαρϐάρων
2678 3383 2916 3456 οἰκέτης,
2962 3385 3224 3456 πρότερον
3271 3384 3369 3455 μὲν
3402 3379 3769 3455 Σαρακηνῶν,.

2189 3463 2416 3536 ὕστερον
2448 3464 2506 3518 δὲ
2534 3465 2882 3536 ἀγριωτέρων
2916 3468 3023 3521 τῶν
3050 3467 3394 3537 Αἱγυπτίωνς
3422 3466 3543 3538 οὐχὶ
3573 3464 3759 3537 μοιχὸς

2186 3547 2497 3618 ὲνομίζετος
2546 3548 2607 3601 ού
2641 3553 3028 3621 κατηγορεῖτο;
3074 3551 3173 3604 οὐκ
3210 3552 3663 3619 ἐσυκοφαντεῖτο;
3693 3548 3760 3600 οὐ

2187 3631 2561 3703 δεσμωτήριον
2601 3630 2771 3702 ᾤκεις
2807 3633 2906 3704 οὐχ
2938 3633 3125 3688 ἀλυσιν
3174 3633 3513 3706 περιέκειτο;
3557 3632 3668 3687 Καὶ
3703 3631 3756 3685 τί

2186 3712 2389 3766 τούτων
2435 3713 2597 3766 αὑτὸν
2649 3713 2913 3784 ἕϐλαψεν;
2967 3716 3127 3770 Ἀλλά
3170 3716 3259 3770 διὰ
3311 3716 3482 3770 ταῦτα
3533 3717 3629 3787 μὲν
3662 3711 3757 3769 οὖν

2191 3796 2423 3868 μάλιστα
2456 3797 2722 3868 μακάριος
2767 3793 2855 3868 ἦν.
2888 3799 2959 3852 Τὸ
2987 3798 3095 3870 γὰρ
3123 3798 3187 3872 δὴ
3230 3798 3538 3870 θαυμαστὸν
3577 3797 3757 3867 τοῦτο,

2186 3881 2324 3950 ὅπερ
2353 3878 2522 3950 ἔφθην
2559 3878 2752 3944 εἰπὼν,
2784 3880 2865 3933 ὅτι
2896 3880 3051 3934 οὐδὲν
3083 3881 3149 3935 οὐκ
3182 3882 3340 3952 μόνον
3368 3881 3755 3953 παραϐλάπτε-

2186 3981 2277 4017 ται
2310 3963 2339 4015 ὁ
2364 3963 2707 4033 μακαρισμὸς
2739 3963 2986 4018 ἐντεῦθεν
3012 3959 3185 4030 οὗτος,
3212 3964 3348 4019 ἀλλά
3378 3966 3472 4019 καὶ
3505 3964 3756 4037 λαμπρόο

2187 4063 2346 4117 τερος
2377 4044 2471 4098 καὶ
2500 4044 2850 4118 φαιδρότερος
2877 4045 3101 4115 γίνεται.
3130 4049 3192 4102 Εἰ
3220 4047 3329 4119 γὰρ
3362 4048 3527 4120 μηδὲν
3554 4046 3756 4102 τούτων

2188 4130 2413 4194 ἔπαθεν,
2444 4130 2550 4183 οὐκ
2580 4129 2646 4182 ἂν
2676 4129 2818 4184 οὕτω
2852 4132 3120 4203 μακάριος
3147 4127 3235 4202 ἦν.

2259 4214 2323 4285 β’.
2342 4212 2528 4266 Βούλει
2544 4213 2781 4277 καὶτοὺς
2802 4214 3155 4286 σφοδρότερον
3180 4216 3237 4267 ὲν
3259 4215 3426 4286 κακία
3446 4214 3756 4288 διατρίψανρ

2187 4313 2286 4359 τας
2313 4294 2485 4356 εἴπω,
2531 4289 2652 4349 εἶτα
2684 4293 2879 4364 ἀθρόον
2922 4294 3411 4366 μεταϐαλομένους,
3446 4297 3541 4351 καὶ
3576 4300 3755 4352 πᾶσαν

2184 4378 2403 4450 ἐκείνην
2438 4377 2537 4449 τὴν
2574 4379 2775 4432 κακίαν
2804 4378 3285 4448 ἀποδυσαμένους;
3314 4379 3379 4431 Τί
3417 4380 3510 4433 τοῦ
3555 4381 3761 4454 λῃστοῦ

2188 4462 2410 4532 γέγονεν
2471 4460 2833 4533 ἀθλιώτερον;
2899 4460 3037 4515 Ἀλλ’
3092 4461 3287 4533 ἀθρόον
3345 4466 3756 4538 μακαριώτερος

2189 4545 2361 4617 ἐφάνη
2405 4545 2642 4598 πάντων.
2683 4545 2876 4598 Καίτοι
2929 4544 3153 4615 μυρίους
3200 4546 3489 4617 εἰργάσατο
3520 4549 3751 4616 φόνους·

2190 4629 2284 4681 καὶ
2321 4629 2427 4701 γάρ
2459 4627 2674 4699 σταυρῷ
2707 4627 3105 4693 κατεδικάζετο,
3140 4629 3236 4680 καί
3274 4628 3370 4699 τὴν
3395 4629 3488 4682 ἐπὶ
3527 4630 3757 4686 θάνατον

2187 4712 2369 4781 ἤγετο,
2404 4710 2497 4763 καὶ
2528 4710 2730 4774 πάντες
2769 4710 2935 4764 αὐτοῦ
2975 4711 3333 4781 κατηγόρουν,
3374 4713 3468 4764 καὶ
3506 4712 3536 4764 ό
3564 4715 3754 4784 χρόνος

2187 4794 2333 4858 ἅπας
2359 4794 2598 4848 ἀνάλωτο
2618 4803 2665 4850 1.
2699 4794 2793 4846 καὶ
2826 4794 2855 4845 ό
2882 4793 2994 4863 βίος
3034 4793 3365 4865 δεδαπάνητο
3400 4796 3458 4848 ἐν
3485 4797 3718 4869 πονηρίᾳ.
3736 4816 3750 4831 ο

2186 4878 2302 4930 ἀλλ’
2334 4877 2520 4945 ἐπειδὴ
2566 4878 2624 4929 ὲν
2652 4876 2847 4946 βραχεῖ
2871 4877 3047 4947 χρόνῳ
3068 4876 3159 4931 τὸν
3185 4877 3315 4930 Θεὸν
3350 4877 3427 4941 ώς
3454 4879 3557 4949 χρὴ
3588 4879 3755 4953 φοὸη-

2189 4962 2348 5029 θῆναι
2371 4960 2633 5030 ἐφοϐήθη,
2665 4959 2931 5030 μακάριος
2955 4960 3163 5026 γέγονε.
3189 4959 3344 5013 Οὕτω
3373 4961 3467 5014 καὶ
3490 4964 3522 5032 ή
3558 4964 3751 5034 πόρνη,

2187 5044 2389 5113 καίπερ
2417 5042 2514 5112 τὴν
2534 5042 2683 5113 ὥραν
2709 5042 3142 5112 ὲμπορευομένη,
3174 5044 3265 5095 καί
3296 5045 3458 5097 πᾶσιν
3491 5046 3572 5107 εἰς
3598 5046 3753 5117 ὓϐριν

2186 5127 2545 5197 προκειμένη,
2578 5126 2673 5179 καὶ⁵
2702 5125 2789 5178 διά
2828 5124 2983 5177 τοῦτο
3012 5126 3226 5179 πάντων
3256 5122 3390 5179 οὖσα
3423 5127 3749 5198 ἀθλιωτέρα,

2188 5211 2431 5282 μακαρία
2459 5208 2714 5279 κατέστη,
2746 5208 2837 5262 τὸν
2869 5209 3001 5261 Θεὸν
3029 5209 3105 5271 ὡς
3129 5209 3210 5262 δεῖ
3245 5210 3557 5280 φοϐηθεῖσα.
3587 5213 3753 5265 Οὐδὲν

2187 5295 2294 5364 γάρ
2326 5296 2439 5346 ἐστι
2489 5291 2675 5364 κακὸν,
2706 5291 2734 5343 ὃ
2785 5291 2858 5361 μὴ
2895 5291 3173 5346 σϐέννυσιν
3197 5295 3226 5346 ό
3254 5292 3346 5345 τοῦ
3390 5293 3523 5346 Θεοῦ
3555 5293 3715 5362 φόϐος
3735 5310 3751 5326 ·

2184 5358 2319 5431 ἀλλά
2371 5358 2621 5446 καθάπερ
2664 5374 2725 5427 τὸ
2771 5358 2882 5444 πῦρ
2924 5383 2946 5419 k
2994 5368 3104 5427 οἷον
3140 5375 3205 5427 ἂν
3248 5374 3388 5448 λάϐῃ
3429 5358 3643 5446 σίδηρον
3677 5377 3757 5428 δι-

2183 5459 2590 5531 εστραμμένον,
2626 5458 2660 5529 ἢ
2711 5458 2789 5511 ἰοῦ
2814 5456 3015 5541 πολλοῦ
3059 5458 3327 5539 γέμοντα,
3369 5456 3461 5511 καὶ
3504 5456 3757 5530 λαμπρὸν

2245 5595 2270 5634 ⁸
2292 5594 2441 5645 Savil.
2465 5596 2561 5643 τῶν
2582 5594 2893 5657 ἀνθρωπίνων.

2245 5656 2271 5721 ξι
2305 5658 2389 5721 Sit;
2411 5656 2775 5721 Morpl..,Asavil_.
2812 5662 2867 5704 et
2885 5656 3221 5721 quidamimss‘.
3247 5657 3345 5721 Αἰξί
3383 5656 3481 5721 ἔχει
3497 5657 3559 5705 τὰ
3584 5658 3753 5721 σαθρά.

2246 5717 2264 5757 i
2316 5718 2671 5783 Dixti-5019;
2725 5716 2903 5766 deerat.
2951 5716 3001 5766 in
3056 5718 3231 5767 Morel.
3298 5716 3760 5783 Μοι”ἀγριωτέρων

2178 5782 2275 5830 τῶν
2295 5778 2439 5841 deest
2462 5780 2517 5829 in
2542 5778 2696 5841 Savil.
2736 5838 2782 5841 __
2886 5839 2899 5841 _
2988 5833 2995 5841 .

2258 5852 2273 5891 l
2307 5839 2456 5890 Savil.
2477 5840 2712 5889 ἡνάλωτο.
2736 5838 2847 5888 Mox
2875 5838 3028 5890 Savi‘l.
3056 5840 3160 5889 ἀλλ’
3180 5839 3296 5889 ἐπεί.

2253 5905 2278 5941 κ
2301 5902 2449 5951 Savil.
2470 5902 2632 5964 φόϐος..
2651 5901 2874 5964 Καθάπερ
2914 5900 2996 5949 οὖν
3016 5901 3072 5949 τὸ
3101 5901 3212 5964 πῦρ.
3239 5901 3391 5951 Paulo
3413 5899 3667 5964 poslAReg.
3700 5904 3758 5950 et

2190 5964 2338 6028 Savil.
2361 5964 2447 6028 καί
2478 5962 2690 6028 φαιδρὸν,
2724 5962 2996 6028 ἀποσμήχει
3022 5964 3141 6021 μετὰ
3173 5962 3429 6028 ἀκριϐείας
3448 5962 3639 6020 ἁπάσης
3672 5974 3756 6012 και

2189 6023 2612 6088 τὴνστρεϐλότητα
2638 6023 2830 6087 ἀναιρεῖ,
2851 6023 3026 6073 eodem
3045 6036 3216 6075 sensu.
