4112 6342
372 401 473 459 365

376 508 761 585 providentiam
791 507 805 560 ἐ
836 502 930 558 sed
969 501 1022 556 in
1045 496 1290 555 omnibus
1323 491 1454 548 clari
1495 499 1548 544 et
1572 485 1739 558 gloria
1782 478 1948 553 pleni,

378 573 591 679 propter
605 601 895 662 civitatem,
919 599 1136 663 propter
1152 600 1356 649 muros,
1385 589 1601 652 propter
1627 573 1950 636 custodiam,

375 668 596 769 propter
637 693 861 754 liberos,
905 693 1122 757 propter
1159 693 1326 744 arma,
1375 683 1590 745 prepter
1621 668 1914 740 potentiam
1937 704 1954 729 ,

371 757 492 842 non
508 800 566 839 se
597 789 778 853 tegent
817 793 928 850 prae
954 774 1157 845 pudore
1184 769 1424 824 videntes
1453 763 1734 822 inimicos,
1757 757 1850 814 scd
1877 757 1956 811 eis

374 879 637 935 acerrime
658 878 960 935 occurrent,
992 865 1278 938 gloriantes
1300 901 1315 925 ,
1343 858 1443 912 sibi
1489 849 1760 925 placentes
1785 892 1799 917 ,
1842 863 1956 902 ma-

375 986 508 1042 gnos
535 973 804 1022 sumentes
833 961 1069 1033 spiritus.
1099 963 1153 1010 et
1180 953 1374 1013 ornati,
1406 962 1525 1002 cum
1559 946 1698 999 Deus
1715 957 1810 1012 per
1841 939 1955 994 haec

377 1061 554 1117 omnia
599 1054 844 1113 ostendat
891 1066 951 1105 se
999 1062 1184 1104 eorum
1233 1042 1530 1110 suscepisse
1578 1033 1951 1108 patrocinium.

375 1156 595 1210 Summa
624 1149 764 1203 enim
784 1147 1064 1206 bonorum,
1091 1147 1144 1194 et
1167 1134 1434 1192 fclicitatis
1461 1131 1669 1186 culmen
1696 1134 1774 1181 est
1802 1123 1958 1178 dein-

377 1263 501 1316 ccps
521 1287 536 1313 ,
564 1254 806 1298 ornatum
838 1248 890 1292 et
920 1238 1233 1290 instructum
1276 1243 1394 1285 esse
1422 1225 1518 1280 Dei
1546 1221 1766 1277 auxilio.
1804 1218 1867 1272 Et
1894 1232 1956 1271 ea

376 1341 444 1396 de
483 1353 641 1393 causa
671 1336 771 1389 hic
818 1333 931 1386 fiuit
971 1327 1299 1389 orationem,
1347 1321 1545 1376 docens
1596 1327 1786 1371 omnes
1833 1319 1957 1364 ante

375 1431 554 1488 omnia
591 1428 733 1482 hunc
769 1431 1011 1479 ornatum
1057 1430 1328 1488 quaerere,
1356 1421 1409 1466 ct
1441 1427 1506 1466 eo
1543 1405 1781 1479 gloriari.
1822 1404 1955 1458 Eum

379 1537 506 1592 ergo
533 1535 630 1574 nos
659 1531 868 1588 quoque
900 1522 1308 1581 persequamur,
1343 1512 1400 1557 ut
1425 1513 1622 1556 aeterna
1660 1506 1960 1561 consequa-

377 1631 497 1669 mur
522 1613 690 1676 bona,
719 1607 885 1679 gratia
915 1614 970 1658 et
1012 1599 1336 1668 benignitate
1366 1591 1576 1648 Domini
1615 1586 1782 1643 nostri
1830 1583 1957 1638 Jesu

377 1704 606 1769 Christi,
635 1675 878 1756 cuivcum
930 1695 1087 1749 Patre
1125 1701 1179 1745 et
1214 1688 1414 1758 Spiritu
1461 1691 1648 1740 sancto
1685 1677 1854 1750 gloria
1903 1675 1958 1729 in

379 1798 571 1854 swcula
595 1794 933 1850 saeculorum.
965 1789 1159 1841 Amen.

800 1926 866 1982 IN
904 1918 1225 1980 PSALMUM
1273 1913 1531 1972 CXXVII.

636 2043 689 2097 l.
729 2038 871 2093 Beati
892 2051 1061 2090 omnes
1087 2033 1174 2103 qui
1203 2031 1372 2083 timent
1401 2024 1693 2078 Dominum.

450 2161 502 2215 1.
531 2156 665 2211 Vide
705 2149 971 2224 quomodo
1015 2145 1082 2199 ab
1126 2159 1190 2198 eo
1216 2139 1419 2209 incipit,
1449 2137 1501 2191 in
1540 2149 1646 2205 quo
1670 2131 1844 2187 desiit.
1889 2127 1961 2184 Ut

380 2252 522 2308 enim
548 2249 654 2303 illic
682 2221 776 2300 eos
798 2244 979 2297 beatos
1011 2244 1287 2307 propterea
1317 2229 1553 2294 censuit,
1586 2223 1726 2296 quod
1757 2221 1960 2293 pudore

381 2358 486 2399 non
514 2337 913 2397 afficiebautur,
946 2328 1088 2399 quod
1130 2327 1298 2380 Deum
1336 2319 1604 2375 habebant
1640 2314 1956 2384 adjutorem,

379 2443 435 2489 et
459 2441 684 2487 stantem
727 2441 756 2478 a
787 2425 894 2479 suis
939 2418 1178 2490 partibus
1228 2412 1403 2486 (Psal.
1451 2409 1571 2464 1‘26.
1617 2407 1684 2476 5)
1724 2404 1838 2457 :ita
1875 2401 1960 2456 hic

380 2525 542 2582 etiam
571 2523 638 2576 ab
663 2535 728 2574 co
756 2516 963 2574 orditur
981 2553 996 2579 ,
1041 2510 1224 2565 dicens
1250 2523 1263 2558 :
1298 2503 1436 2558 Beati
1469 2516 1636 2554 omnes
1664 2498 1747 2567 qui
1790 2495 1960 2548 timent

381 2615 674 2671 Dominum.
707 2611 770 2664 Et
797 2619 1000 2665 rursus,
1023 2607 1234 2669 sumpto
1263 2596 1329 2650 ab
1351 2594 1453 2649 illis
1477 2589 1757 2662 principio,
1783 2584 1961 2654 loqui-

381 2718 467 2764 tur
493 2703 830 2777 generaliter.
853 2699 1017 2752 Recte
1045 2703 1221 2748 autem
1253 2688 1402 2754 dixit,
1431 2671 1634 2746 Omnes,
1657 2678 1960 2749 significans

382 2799 522 2872 quod
552 2799 663 2851 sive
688 2794 757 2849 sit
784 2805 992 2856 servus,
1027 2788 1137 2841 sive
1165 2781 1431 2844 dominus,
1463 2779 1578 2834 sive
1606 2788 1824 2845 pauper,
1850 2771 1962 2823 sive

382 2893 596 2949 mutilus
634 2899 892 2955 corpore,
942 2896 1003 2936 ac
1043 2879 1273 2947 denique
1313 2874 1630 2944 quicumque
1672 2867 1779 2932 sit,
1830 2862 1958 2916 nihil

383 3001 567 3043 eorum
594 2991 736 3038 velat
759 2979 1040 3052 quominus
1082 2974 1272 3029 habeat
1297 2969 1434 3023 hanc
1478 2979 1634 3036 quam
1682 2961 1795 3029 ipse
1834 2955 1962 3011 dicit

383 3079 782 3138 beatitudinem.
805 3074 978 3128 Alium
1006 3071 1146 3123 enim
1175 3065 1353 3119 fictum
1381 3069 1433 3115 et
1455 3057 1779 3115 simulatum,
1803 3063 1960 3120 quem

384 3173 532 3228 multi
564 3171 770 3224 beatum
787 3163 1093 3236 praedicant,
1114 3157 1276 3212 multa
1303 3147 1670 3208 concurrentia
1691 3143 1778 3197 vix
1801 3141 1959 3195 talem

385 3263 585 3319 faciunt
614 3277 628 3313 :
657 3269 712 3314 et
743 3256 842 3312 nisi
870 3253 1044 3309 omnia
1073 3245 1477 3307 concurrerint,
1518 3255 1626 3293 non
1655 3237 1816 3291 fuerit
1843 3233 1960 3304 quis

386 3355 571 3409 beatus
618 3349 756 3421 apud
798 3345 1078 3402 homines:
1121 3348 1180 3394 ut
1218 3336 1368 3392 verbi
1412 3333 1624 3405 gratia:
1666 3329 1710 3384 si
1749 3327 1866 3398 quis
1895 3324 1963 3379 sit

387 3447 557 3511 dives,
589 3417 692 3498 hoc
719 3440 768 3495 ei
802 3453 906 3493 nou
929 3433 1125 3492 sufficit
1152 3431 1218 3486 ad
1249 3426 1628 3485 beatitudinem
1649 3463 1664 3489 ,
1697 3422 1795 3475 nisi
1825 3417 1963 3472 adsit

388 3541 607 3594 sanitas.
639 3534 691 3590 Si
721 3533 862 3589 enim
893 3531 961 3584 sit
984 3528 1152 3592 dives,
1185 3533 1239 3579 et
1256 3535 1479 3590 corpore
1497 3517 1734 3581 mutilus,
1761 3511 1963 3568 claudi-

389 3639 474 3685 cat
502 3629 615 3699 ejus
644 3622 914 3680 beatitudo
933 3663 946 3687 ,
978 3629 1031 3675 et
1060 3625 1144 3674 est
1168 3613 1412 3670 miserior
1438 3608 1775 3680 pauperibus.
1818 3603 1964 3659 Multi

391 3730 536 3776 certe
561 3718 748 3773 divites
777 3730 898 3770 cum
928 3711 1129 3767 morbis
1150 3706 1536 3769 conﬂictantes,
1571 3713 1848 3770 pauperes,
1875 3695 1964 3765 qui

393 3811 618 3882 compita
643 3807 1006 3863 mendicantes
1029 3802 1244 3865 obeunt,
1266 3797 1444 3851 felices
1465 3809 1584 3849 esse
1603 3792 1805 3856 dicunt,
1828 3797 1882 3843 et
1908 3802 1966 3842 sc

393 3903 615 3958 miseros
643 3913 761 3954 esse
787 3896 986 3951 ducunt
1013 3907 1134 3947 cum
1172 3889 1351 3944 decies
1388 3885 1533 3940 mille
1559 3881 1787 3937 talentis.
1832 3879 1968 3932 Rur-

393 4009 484 4049 sus
509 3993 553 4048 si
583 3991 650 4046 sit
674 3989 886 4060 quidem
913 3999 1042 4039 sano
1067 3994 1290 4050 corpore
1327 3986 1380 4031 et
1406 3975 1572 4040 dives,
1595 3971 1761 4042 gloria
1791 3978 1966 4022 autem

394 4097 450 4143 et
479 4087 682 4141 honore
724 4088 934 4144 careat,
984 4088 1066 4134 est
1105 4075 1246 4139 aliud
1289 4088 1473 4128 rursus
1513 4070 1967 4139 impedimentum.

395 4183 533 4237 Sunt
562 4178 702 4232 enim
728 4173 965 4230 nonnulli
995 4170 1084 4241 qui
1126 4167 1412 4238 plurimum
1457 4161 1668 4233 quidem
1697 4157 1972 4228 possident

397 4272 636 4346 pecuniae
659 4309 674 4334 ,
707 4273 934 4335 suntque
971 4276 1196 4332 corpore
1223 4261 1464 4327 integro:
1513 4254 1605 4308 sed
1654 4252 1721 4306 ab
1755 4251 1819 4304 iis
1841 4291 1855 4313 ,
1882 4249 1972 4318 qui

398 4341 664 4436 principes
683 4368 738 4415 et
755 4357 915 4412 duces
934 4363 1075 4420 sunt,
1099 4351 1406 4423 gravissima
1427 4348 1718 4417 patiuntur.
1740 4343 1816 4396 Eo
1831 4341 1972 4396 enim

399 4457 542 4530 quod
579 4453 772 4509 nullius
813 4451 919 4505 sint
959 4447 1174 4501 honoris
1205 4443 1521 4514 participes,
1569 4437 1876 4493 existimant
1916 4448 1974 4488 se

399 4565 519 4607 esse
555 4547 790 4603 omnium
832 4540 1179 4601 miserrimos,
1212 4546 1270 4591 ut
1309 4535 1398 4605 qui
1428 4533 1492 4586 iis
1519 4538 1757 4600 parcant,
1785 4526 1976 4597 quibus

399 4657 543 4712 saepe
577 4637 776 4695 habent
813 4646 997 4688 servos
1031 4628 1421 4698 locupletiores.
1470 4623 1672 4676 Rursus
1713 4619 1759 4674 si
1801 4617 1977 4671 adsint

400 4711 613 4804 quidem
651 4727 815 4799 gloria
839 4767 853 4791 ,
894 4722 1089 4776 divitia:
1119 4731 1172 4774 et
1213 4718 1411 4772 sanitas
1433 4757 1448 4780 ,
1481 4730 1586 4769 non
1625 4711 1762 4766 adsit
1799 4719 1974 4763 autem

401 4823 660 4884 securitas
683 4862 697 4886 ,
728 4817 872 4889 quod
904 4813 1163 4870 innumeri
1202 4815 1251 4866 ei
1293 4808 1607 4864 insidientur
1628 4845 1642 4869 ,
1675 4802 1939 4858 invideant
1961 4839 1976 4866 ,

401 4915 540 4972 male
569 4913 754 4977 velint,
784 4911 954 4980 ipsum
996 4904 1221 4969 oderint,
1255 4907 1534 4966 accusent,
1569 4895 1976 4956 calumnientur,

403 5009 450 5063 is
474 5006 576 5063 erit
603 5003 837 5058 omnium
870 4997 1222 5059 miserrimus,
1251 4994 1410 5048 vitam
1433 5005 1594 5060 agens
1619 4987 1835 5058 leporis,
1866 4999 1982 5038 um-

405 5099 531 5154 bras
575 5094 778 5152 habens
817 5100 1127 5159 suspectas,
1177 5099 1467 5152 omnesque
1497 5082 1720 5135 horrens
1745 5087 1796 5132 et
1823 5077 1984 5146 perti-

406 5205 670 5248 mescens.
698 5185 854 5256 Quod
884 5185 925 5238 si
952 5184 1020 5237 ab
1048 5184 1112 5236 iis
1136 5179 1295 5234 etiam
1324 5177 1456 5230 liber
1477 5176 1786 5239 sit,amctur
1805 5179 1982 5224 autem

406 5283 474 5340 ab
493 5280 762 5343 omnibus,
789 5287 843 5331 et
863 5278 911 5330 ei
937 5274 1113 5328 omnia
1145 5268 1429 5325 succedant
1470 5281 1532 5320 ex
1564 5264 1726 5318 animi
1763 5269 1984 5316 senten-

411 5376 512 5438 tia,
537 5386 732 5441 nempe
754 5367 942 5439 gloria,
983 5366 1178 5420 divitia:
1205 5405 1220 5429 ,
1270 5359 1527 5416 securitas
1550 5399 1566 5423 ,
1617 5356 1786 5409 honor
1824 5354 1986 5423 (qua:

410 5463 590 5520 omnia
610 5461 766 5516 simul
795 5471 1115 5514 concurrere
1144 5468 1250 5507 non
1292 5455 1545 5519 possunt;
1577 5457 1750 5499 tamen
1773 5445 1841 5497 ita
1867 5457 1986 5497 esse

414 5551 719 5626 ﬁngamus),
742 5552 866 5605 licet
894 5548 1006 5601 haec
1029 5544 1204 5600 omnia
1227 5541 1468 5600 affluant,
1490 5547 1543 5592 et
1567 5535 1698 5590 nihil
1729 5534 1799 5587 sit
1819 5537 1986 5601 impc-

413 5623 654 5709 dimenti,
682 5639 777 5696 sed
797 5649 852 5695 et
879 5636 1062 5708 populi
1086 5631 1476 5696 benevolentia,
1504 5639 1557 5683 et
1580 5625 1820 5694 corporis
1841 5623 1988 5677 saui-

414 5751 518 5802 tas,
546 5747 601 5792 et
635 5734 809 5790 omnis
847 5729 1104 5786 securitas
1123 5769 1138 5788 ,
1169 5736 1226 5782 et
1252 5741 1282 5779 a
1309 5724 1452 5778 nullo
1477 5736 1632 5791 posse
1659 5718 1820 5781 vinci,
1848 5716 1897 5770 in
1926 5728 1990 5771 eo

415 5837 754 5896 concurrant,
783 5823 1024 5896 inproba
1064 5837 1205 5892 saepe
1243 5827 1296 5876 et
1326 5830 1572 5889 perversa
1621 5813 1842 5869 muliere
1885 5811 1984 5866 sibi

1463 367 1824 432 EXPOSITIO
1861 367 1925 422 IN
1955 364 2274 422 PSALMUM
2312 363 2564 423 CXXVII.

3545 357 3653 412 366

2069 477 2368 548 conjuncta,
2401 477 2575 531 evadit
2616 475 2680 530 iis
2708 473 2952 529 miserior
2973 515 2988 540 ,
3036 471 3124 544 qui
3153 480 3334 526 carent
3361 470 3444 524 his
3471 472 3642 523 omui~

2063 568 2183 622 bus.
2225 568 2374 634 Quod
2404 567 2448 622 si
2475 570 2521 620 ei
2548 582 2679 620 uxor
2702 566 2836 619 bona
2862 576 2915 620 et
2944 581 3010 618 ex
3037 564 3199 617 animi
3229 562 3489 617 sententia
3515 577 3644 615 cve-

2063 661 2221 725 ncrit,
2246 660 2288 712 si
2318 659 2484 711 malus
2504 657 2697 711 habeat
2724 657 2880 720 filios,
2907 671 3028 709 eum
3061 669 3181 708 esse
3211 654 3455 706 omnibus
3481 651 3644 704 mise-

2063 752 2261 807 riorem
2292 765 2510 804 necesse
2539 758 2622 803 est
2651 767 2663 800 :
2694 748 2832 817 quod
2858 748 2902 801 si
2925 747 3096 801 nullos
3129 746 3340 811 habeat,
3383 745 3564 813 lugere
3591 751 3646 797 et

2063 843 2362 897 lamentari.
2390 842 2624 910 Denique
2649 842 2693 894 si
2715 841 2916 910 qumvis
2943 842 3170 894 humana
3205 839 3471 908 aspexerit
3493 837 3642 907 quis-

2063 936 2225 1003 piam,
2259 934 2422 987 multa
2443 933 2644 987 videbit
2669 931 2980 1001 prteeipitia.
3027 931 3094 984 Et
3113 930 3238 1000 quid
3266 930 3366 982 alia
3396 927 3645 998 persequi

2062 1041 2196 1096 opus
2237 1026 2353 1082 est?
2410 1025 2683 1095 Improbus
2728 1039 2872 1094 saepe
2901 1022 3130 1077 famulus
3169 1021 3346 1076 omnia
3373 1020 3564 1075 evertit
3591 1028 3644 1072 et

2062 1115 2359 1185 confundit,
2391 1124 2446 1170 et
2474 1115 2602 1170 nihil
2627 1123 2708 1168 est
2735 1114 2870 1168 adeo
2897 1115 3155 1166 incertum
3181 1120 3234 1166 et
3263 1111 3543 1176 lubricum,
3587 1117 3646 1162 ut

2062 1207 2117 1262 in
2156 1206 2458 1261 hominibus
2483 1205 2722 1276 gloriari,
2752 1202 2895 1258 etde
2919 1203 2984 1256 iis
3013 1201 3309 1271 sejactare.

2133 1297 2336 1352 Timens
2358 1297 2520 1350 Deum
2549 1297 2693 1367 felix.
2717 1325 2789 1336 —
2814 1297 2881 1348 At
2922 1309 3024 1348 non
3067 1301 3150 1348 est
3176 1290 3435 1362 ejusmodi
3473 1291 3520 1346 is
3551 1290 3642 1361 qui

2070 1391 2236 1445 Deum
2267 1391 2437 1457 timet,
2468 1389 2560 1444 sed
2595 1391 2660 1442 ab
2700 1388 2786 1442 his
2827 1387 3072 1441 ﬂuctibus
3102 1387 3390 1450 liberatus,
3415 1383 3564 1438 sedet
3588 1387 3643 1438 in

2062 1494 2222 1554 portu
2250 1494 2305 1538 et
2336 1485 2388 1537 in
2418 1482 2798 1553 tranquillitate
2819 1522 2834 1547 ,
2862 1495 2984 1535 vera
3009 1489 3064 1534 et
3095 1489 3237 1534 certa
3267 1477 3448 1532 fruens
3477 1476 3642 1529 beati-

2062 1575 2265 1630 tudine.
2310 1572 2437 1629 ldeo
2479 1572 2584 1627 illis
2627 1571 2872 1625 omnibus
2911 1569 3192 1639 pneteritis
3219 1568 3473 1637 propheta
3503 1565 3643 1619 hunc

2062 1666 2236 1722 solum
2273 1665 2484 1720 beatum
2508 1663 2729 1732 judicat.
2762 1659 2857 1715 llla
2887 1661 3028 1715 enim
3060 1658 3328 1714 beatitudo
3354 1671 3640 1726 numquam

2061 1757 2219 1826 plane
2256 1755 2573 1820 constiterit,
2609 1753 2707 1807 nisi
2735 1752 2910 1805 omnia
2942 1750 3309 1805 concurrerint
3336 1765 3349 1801 :
3378 1747 3484 1802 imo
3513 1762 3642 1800 vero

2060 1847 2270 1903 etiamsi
2297 1844 2701 1910 concurrerint,
2746 1852 2870 1897 tunc
2898 1841 3243 1896 labefactatur
3288 1839 3356 1893 ab
3402 1840 3464 1894 iis
3512 1839 3641 1907 ipsis

2061 1955 2178 2009 quae
2205 1939 2350 1994 illam
2386 1937 2614 2007 pariunt.
2655 1934 2788 1989 Nam
2813 1943 2866 1988 et
2892 1933 3086 1987 divitia:
3116 1931 3406 2001 perniciem
3449 1929 3643 1984 attule-

2062 2041 2206 2098 runt,
2237 2040 2292 2085 et
2311 2045 2444 2084 uxor
2464 2043 2606 2097 smpe
2631 2027 2862 2082 formosa
2890 2025 3037 2089 obiit,
3067 2023 3247 2077 famuli
3272 2021 3636 2091 prodiderunt,

2063 2123 2154 2176 filii
2183 2122 2332 2176 fuere
2358 2119 2657 2190 parricidae,
2689 2127 2762 2183 et,
2793 2116 2977 2184 utjam
3005 2114 3130 2177 dixi,
3166 2113 3327 2166 multa
3353 2111 3512 2166 habet
3539 2127 3641 2164 un-

2063 2213 2222 2283 dique
2266 2213 2467 2266 incerta
2516 2217 2569 2264 et
2613 2208 2767 2262 valde
2815 2206 3036 2260 lubrica.
3079 2203 3176 2258 llic
3219 2212 3393 2257 autem
3431 2201 3639 2256 etiamsi

2063 2303 2242 2360 omnia
2275 2300 2539 2357 contraria
2569 2297 2876 2364 confluant,
2929 2312 3033 2351 non
3079 2293 3238 2349 modo
3281 2293 3412 2347 nihil
3443 2292 3640 2346 laedunt

2063 2397 2200 2450 hanc
2227 2393 2628 2456 beatitudinem,
2681 2390 2773 2445 sed
2817 2404 2934 2444 eam
2981 2387 3270 2442 firmiorem
3317 2384 3545 2439 reddunt
3585 2393 3642 2438 et

2062 2488 2495 2544 constantiorem.
2546 2483 2660 2538 Etsi
2700 2483 2769 2537 sit
2798 2489 3079 2552 paupertas
3105 2521 3120 2546 ,
3169 2478 3267 2532 etsi
3316 2476 3639 2546 ignominia,

2064 2580 2325 2635 mutilatio
2352 2576 2620 2646 corporis,
2652 2590 2785 2628 uxor
2828 2571 3066 2642 improba
3093 2611 3108 2635 ,
3141 2569 3382 2623 scelerati
3429 2567 3544 2632 filii,
3586 2574 3643 2620 et

2063 2673 2434 2745 quodcumque
2463 2669 2606 2723 aliud
2645 2667 2865 2732 dixeris,
2917 2665 3018 2718 hoc
3048 2662 3176 2716 nihil
3206 2660 3488 2729 deprimit,
3541 2671 3641 2710 nec

2064 2764 2344 2822 labefactat
2387 2763 2522 2816 hanc
2569 2757 2969 2813 beatitudinem.
3019 2754 3199 2824 Neque
3226 2754 3367 2806 enim
3394 2765 3547 2805 suum
3574 2764 3642 2803 ex

2063 2857 2167 2912 illis
2195 2855 2355 2909 habet
2378 2861 2551 2907 ortum
2573 2893 2588 2918 ,
2624 2860 2680 2904 ut
2703 2850 2782 2904 eis
2802 2847 3070 2902 convulsis
3117 2845 3460 2902 labefactetur
3481 2881 3498 2908 ,
3546 2840 3640 2896 scd

2064 2949 2223 3004 habet
2251 2946 2484 3001 radicem
2516 2959 2544 2997 a
2573 2942 2779 3012 superis
2807 2957 2821 2992 :
2847 2939 3090 3010 quocirca
3114 2946 3290 2990 manet
3317 2935 3643 3003 iueXpugua-

2062 3041 2204 3096 bilis.
2231 3041 2401 3107 Atque
2427 3036 2581 3101 adco,
2604 3033 2649 3088 si
2677 3033 2868 3094 velitis,
2897 3046 3016 3085 cum
3048 3029 3098 3082 in
3125 3027 3252 3098 ipsis
3278 3027 3436 3080 rebus
3457 3033 3642 3078 osten-

2064 3134 2250 3189 damus
2276 3140 2328 3185 et
2359 3137 2761 3200 pertractemus.
2808 3131 2997 3177 Anum:
3028 3130 3144 3175 erat
3183 3117 3378 3186 Joscph
3417 3115 3643 3171 servus?

2064 3240 2242 3280 annon
2287 3219 2574 3277 externus?
2615 3233 2790 3271 annon
2834 3214 3063 3270 extorris
3107 3228 3134 3265 a
3185 3211 3423 3280 patria“!
3466 3223 3644 3262 annon

2066 3329 2252 3370 servus
2281 3312 2648 3371 barbarorum,
2687 3307 2830 3377 prius
2859 3306 3264 3367 Saracenorum,
3292 3310 3475 3372 postea
3513 3298 3645 3368 ipsis

2066 3407 2437 3462 iuunaniorum
2455 3398 2863 3472 Egyptiorum?
2885 3413 3060 3451 annon
3080 3395 3478 3450 existimabatur
3496 3391 3646 3445 adul-

2069 3499 2186 3554 ter?
2228 3513 2402 3551 aunon
2447 3490 2829 3549 accusabatur?
2855 3505 3027 3544 annon
3053 3485 3326 3542 calumniis
3357 3485 3647 3554 impetcba-

2050 3591 2187 3646 'tur?
2208 3604 2384 3643 annon
2415 3585 2681 3640 habitabat
2712 3578 2766 3636 in
2797 3580 3042 3635 carcere?
3071 3592 3245 3632 annon
3268 3577 3474 3630 vinctus
3495 3583 3643 3628 teneo

2066 3683 2222 3738 batur
2251 3679 2414 3751 (Gen.
2448 3680 2536 3733 57.
2563 3687 2607 3730 et
2637 3675 2706 3731 58
2728 3673 2784 3743 )?
2829 3672 2896 3726 Et
2931 3671 3057 3741 quid
3103 3672 3288 3723 horum
3315 3683 3435 3722 eum
3473 3662 3648 3719 laesit?

2070 3778 2181 3831 lino
2201 3790 2327 3829 vero
2349 3788 2444 3843 per
2465 3772 2579 3825 lucc
2607 3776 2722 3824 erat
2745 3768 2799 3820 in
2820 3765 3003 3835 primis
3025 3763 3228 3816 beatus.
3255 3760 3365 3813 l-loc
3379 3767 3459 3812 est
3480 3756 3645 3820 enim,

2070 3873 2207 3925 sicut
2230 3868 2340 3938 jam
2365 3865 2496 3928 dixi,
2526 3860 2857 3924 admirabile,
2877 3855 3013 3927 quod
3042 3870 3145 3909 nou
3175 3853 3343 3932 solum
3373 3850 3495 3904 hinc
3518 3848 3648 3902 nihil

2071 3961 2293 4015 laedatur
2323 3955 2592 4011 beatitudo
2612 3995 2627 4019 ,
2661 3949 2756 4005 sed
2781 3949 2941 4004 etiam
2973 3928 3278 4016 praeclarior
3306 3941 3557 3996 reddatur
3596 3947 3651 3993 ct

2075 4055 2350 4111 illustrior.
2408 4051 2463 4105 Si
2506 4047 2637 4102 nihil
2682 4045 2824 4100 enim
2877 4041 2951 4096 illi
3001 4053 3186 4095 eorum
3216 4035 3516 4102 accidisset,
3545 4045 3649 4086 non

2077 4147 2262 4201 fuisset
2291 4143 2425 4197 adeo
2456 4142 2660 4195 beatus.

2147 4237 2201 4290 2.
2245 4235 2338 4290 Vis
2369 4234 2528 4288 etiam
2561 4246 2654 4285 eos
2683 4228 2854 4282 dicam
2892 4223 2980 4295 qui
3010 4223 3063 4276 in
3091 4219 3220 4274 vitio
3260 4217 3433 4273 acrius
3456 4213 3654 4286 persti-

2078 4335 2294 4394 terunt,
2325 4325 2517 4380 deinde
2545 4329 2764 4391 repente
2793 4316 2977 4371 mutati
3015 4321 3136 4366 sunt
3161 4351 3176 4376 ,
3219 4317 3274 4364 et
3321 4322 3480 4362 omne
3526 4304 3655 4359 illud

2077 4422 2263 4477 vitium
2285 4414 2590 4472 exuerunt?
2621 4410 2756 4479 Quid
2786 4408 2881 4463 fuit
2903 4407 3106 4460 latrone
3134 4398 3415 4456 miserius?
3441 4396 3544 4452 Sed
3570 4411 3657 4450 rc-

2080 4523 2240 4586 pente
2283 4510 2450 4565 evasit
2496 4507 2734 4562 omnium
2776 4500 3117 4557 beatissimus
3157 4494 3307 4568 (Luc.
3333 4491 3450 4561 25).
3499 4489 3655 4559 Atqui

2081 4605 2225 4659 mille
2251 4600 2424 4656 c:edes
2446 4601 2805 4660 fecerat;nam
2833 4600 2946 4646 erat
2975 4587 3147 4644 crucis
3163 4583 3422 4654 supplicio
3442 4581 3661 4635 damna-

2084 4705 2262 4761 tus,et
2290 4693 2355 4749 ad
2384 4699 2608 4745 mortem
2636 4687 2916 4749 adductus,
2947 4695 3134 4735 omnes
3165 4693 3285 4732 eum
3314 4673 3658 4735 accusabant,

2084 4801 2250 4848 totum
2277 4798 2483 4855 tempus
2525 4789 2639 4837 erat
2679 4784 3067 4844 comsuiuptuin
3092 4813 3107 4835 ,
3151 4779 3205 4824 et
3246 4769 3353 4822 vita
3399 4772 3662 4819 transacta

2085 4886 2251 4940 fuerat
2281 4882 2332 4935 in
2360 4879 2600 4933 scelere:
2633 4873 2726 4928 sed
2750 4868 2996 4941 quoniam
3019 4865 3208 4934 exiguo
3235 4872 3471 4929 tempore
3495 4857 3651 4912 Dcuu:

2086 4976 2158 5031 ita
2190 4983 2245 5027 ut
2270 4977 2480 5040 oportet
2508 4965 2698 5028 timuit,
2729 4962 2914 5016 beatus
2940 4959 3104 5011 factus
3133 4965 3232 5008 est.
3264 4952 3337 5005 lta
3358 4952 3516 5004 etiam
3548 4961 3656 5000 me-

2087 5067 2273 5130 retrix,
2307 5065 2430 5117 licet
2458 5060 2642 5114 forma:
2663 5064 2923 5126 quaestum
2951 5050 3148 5104 faceret
3176 5060 3229 5101 et
3262 5043 3496 5112 exposita
3525 5052 3658 5095 essu

2089 5159 2325 5215 omnium
2358 5150 2694 5208 contumelia:
2716 5189 2732 5214 ,
2761 5155 2816 5200 et
2856 5143 2975 5198 ideo
3003 5149 3146 5196 esset
3168 5138 3404 5194 omnium
3434 5131 3662 5188 miserri-

2091 5269 2199 5316 ma,
2227 5250 2380 5304 beata
2423 5242 2626 5298 exstitit
2675 5235 2885 5308 quando
2926 5235 3093 5288 Deum
3140 5241 3196 5285 ut
3242 5233 3450 5296 oportet
3496 5223 3662 5277 timuit

2093 5313 2241 5414 (Luc.
2271 5340 2349 5408 7).
2394 5335 2604 5390 Nullum
2633 5337 2716 5385 est
2739 5327 2882 5383 enim
2912 5324 3106 5379 malum
3149 5318 3288 5390 quod
3319 5331 3422 5369 non
3466 5313 3666 5366 exstin-

2092 5445 2217 5508 guat
2239 5433 2331 5488 Dei
2352 5439 2555 5484 metus:
2581 5440 2702 5480 nam
2729 5415 3170 5492 quemadmodum
3200 5411 3354 5480 ignis,
3384 5404 3659 5475 quodcum

2093 5543 2198 5598 que
2212 5525 2412 5580 ferrum
2428 5517 2633 5589 ceperit
2656 5507 3069 5573 contortum,vel
3096 5502 3333 5571 rubigine
3349 5494 3476 5552 conf
3477 5503 3668 5556 echini,

2097 5618 2150 5673 id
2178 5617 2378 5672 clarum
2399 5611 2573 5666 reddit
2596 5624 2660 5662 ac
2688 5603 2983 5678 pulchrum,
3003 5595 3322 5665 ferrugiuem
3341 5589 3670 5655 abstergens,

2163 5756 2180 5786 ι
2215 5759 2296 5800 ita:
2319 5759 2483 5802 voces,
2508 5756 2664 5794 αητιοη
2685 5737 2894 5802 extortis
2907 5750 2939 5785 a
2958 5729 3158 5797 patria?
3189 5729 3395 5781 deerant
3418 5725 3467 5774 in
3487 5718 3672 5777 δίωξις

2103 5815 2191 5869 sed
2215 5817 2265 5865 in
2281 5812 2388 5863 aliis
2411 5805 2772 5870 exemplaribus
2785 5801 3031 5862 leguntur.
