4112 6342
529 357 625 422 567

526 484 582 528 et
607 474 747 544 quod
776 473 827 530 in
855 489 920 532 eo
943 482 1058 529 erat
1083 489 1389 544 perversqu
1434 487 1489 533 et
1528 476 1798 541 inﬂexum,
1830 477 2106 550 perfectis-

526 566 905 637 sime-corrigit
937 584 951 623 :
979 568 1045 623 ita
1077 570 1237 625 etiam
1271 569 1361 624 Dei
1409 579 1581 626 metus
1608 570 1690 625 vel
1733 571 1924 641 exiguo
1965 580 2102 625 tem-

527 672 656 726 pore
687 655 812 711 facit
836 659 1035 723 omnia,
1064 669 1118 713 ct
1141 675 1233 713 eos
1263 659 1352 729 qui
1381 660 1448 715 ab
1477 663 1593 730 ipso
1616 661 1763 717 tincti
1788 669 1930 727 sunt,
1961 660 2104 716 nulla

527 761 586 801 re
618 746 847 805 humana
875 748 1044 820 frangi
1070 751 1216 808 sinit.
1268 752 1457 806 Annon
1486 761 1600 808 erat
1641 752 1881 806 infirmus
1922 752 2107 808 Timo-

527 843 682 895 tuens
698 846 721 891 τ
746 856 921 894 annon
948 842 1148 896 morbis
1175 852 1227 896 et
1250 842 1628 899 afﬂictionibus
1655 852 1913 915 perpetuo
1935 860 2101 901 vexa-

526 930 680 985 batur
708 931 784 1002 (l.
811 930 942 989 'l'im.
965 932 1020 988 5.
1046 932 1184 1003 23)?
1229 934 1366 1000 Quid
1396 950 1524 1006 ergo
1570 932 1672 990 fuit
1715 934 1807 991 illo
1848 936 2098 992 beatius?

523 1021 656 1087 Quid
687 1038 810 1077 vero
835 1064 849 1085 ,
895 1022 982 1082 dic
1004 1040 1206 1093 quaeso,
1237 1025 1376 1079 Job?
1405 1041 1580 1087 annon
1611 1025 1854 1087 redactus
1880 1034 1996 1081 erat
2031 1025 2098 1081 ad

523 1112 925 1179 paupertatem?
969 1128 1145 1174 annon
1178 1114 1244 1176 ad
1272 1114 1595 1174 orbitatem?
1614 1116 1681 1171 ad
1703 1116 1943 1187 corporis
1976 1131 2098 1187 gra-

522 1205 736 1259 vissima
760 1204 974 1268 ulcera?
999 1220 1176 1268 annon
1202 1206 1430 1274 probris,
1444 1208 1799 1276 cnntumeliis,
1820 1216 1876 1264 et
1895 1207 2099 1279 injuriis

522 1295 907 1363 appetebatur?
934 1312 1110 1352 annon
1142 1298 1280 1359 fame
1305 1308 1358 1352 et
1397 1299 1548 1354 malis
1577 1301 1824 1355 omnibus
1853 1300 2098 1363 humanis

520 1385 892 1446 cruciabatur?
932 1387 980 1441 Is
1011 1398 1183 1445 tamen
1211 1388 1305 1449 fuit
1331 1390 1567 1445 omnium
1596 1392 1949 1449 beatissimus.
1981 1392 2094 1448 Non

520 1477 691 1531 solum
712 1479 853 1534 enim
881 1480 1008 1534 nihil
1029 1480 1216 1543 horum
1238 1483 1383 1537 illum
1403 1482 1576 1554 fregit,
1597 1485 1691 1540 sed
1710 1487 1868 1541 etiam
1895 1486 2097 1545 firmio-

520 1583 632 1629 rem
678 1569 818 1624 fecit.
864 1569 1163 1641 Quinetiam
1202 1588 1321 1626 cum
1365 1573 1468 1638 illis
1509 1575 1753 1633 omnibus
1792 1591 1931 1632 uxor
1969 1592 2093 1631 cum

521 1658 815 1726 premebat,
847 1660 1052 1728 probris
1080 1661 1367 1727 insectans,
1393 1673 1446 1719 et
1471 1674 1645 1721 tamen
1670 1682 1764 1736 per
1783 1670 1897 1722 haec
1916 1668 2093 1723 omnia

518 1749 691 1803 clarus
715 1749 903 1805 evasit.
946 1751 1070 1807 llaec
1106 1768 1234 1823 ergo
1259 1754 1435 1811 omnia
1465 1757 1810 1813 considerans
1836 1758 2097 1829 propheta

512 1839 763 1895 diccbat:
794 1839 966 1909 Beati,
998 1844 1163 1912 inquit
1191 1885 1208 1913 ,
1263 1862 1432 1901 manes
1481 1850 1568 1921 qui
1594 1852 1770 1905 timent
1796 1850 2093 1921 Dominum,

513 1934 603 2004 qui
629 1934 887 1990 ambulant
915 1936 967 1991 in
992 1937 1082 1992 riis
1111 1940 1242 2010 ejus.
1287 1939 1364 1996 Ne
1389 1941 1531 1996 enim
1570 1941 1903 2000 existimares
1945 1945 2090 2002 suffl-

514 2040 639 2082 cere
677 2025 922 2083 timorem
947 2069 964 2091 ,
1013 2029 1208 2099 adjecit
1252 2031 1380 2087 illud
1418 2051 1433 2089 :
1478 2035 1581 2102 Qui
1605 2036 1867 2092 ambulant
1907 2036 1960 2092 in
1998 2040 2087 2097 uiis

510 2118 644 2186 ejus,
674 2126 955 2189 utrumque
978 2121 1293 2193 designans;
1327 2124 1430 2186 hoc
1448 2136 1550 2194 est,
1579 2127 1664 2198 qui
1692 2131 1866 2185 timent
1896 2143 1944 2187 et
1980 2148 2088 2186 am-

511 2210 707 2269 bulant.
754 2211 900 2273 llulti
927 2214 1072 2269 enim
1110 2215 1270 2272 ﬁdem
1308 2220 1595 2286 perfectam
1623 2221 1897 2286 habentes,
1928 2226 2087 2281 vitam

508 2309 690 2354 autem
715 2299 1052 2371 ﬂagitiosum,
1072 2306 1309 2361 omnium
1332 2307 1481 2365 fuere
1506 2311 1812 2374 miserrimi.
1849 2314 1928 2368 Nc
1954 2329 2086 2385 ergo

510 2387 563 2449 id
587 2390 727 2460 quod
748 2391 876 2448 dicit
901 2393 1171 2450 videretur
1187 2410 1257 2451 ex
1302 2412 1368 2452 eo
1396 2397 1564 2463 refelli
1588 2440 1605 2465 ,
1650 2400 1917 2471 subjunxit
1943 2421 1956 2458 :
1988 2405 2088 2473 Qui

509 2480 769 2541 ambulant
810 2482 864 2536 in
893 2483 986 2538 viis
1013 2485 1140 2556 ejus.
1169 2486 1421 2553 Qua-nam
1450 2497 1625 2545 autem
1669 2502 1793 2545 sunt
1819 2493 1918 2553 vim
1946 2493 2084 2565 ejus,

506 2568 609 2630 nisi
638 2569 741 2623 vita
769 2586 889 2640 qua:
930 2587 994 2628 ex
1035 2575 1229 2631 virtute
1274 2575 1604 2633 instituitur?
1643 2580 1744 2634 Per
1785 2597 1900 2636 eam
1940 2584 2084 2641 enim

508 2668 682 2731 potest
707 2658 764 2721 in
796 2660 984 2721 etclam
1012 2663 1255 2730 ascendi,
1286 2676 1340 2721 et
1378 2667 1463 2721 illa
1495 2669 1746 2737 primaria
1776 2671 1963 2726 civitas
1987 2688 2083 2743 ap-

505 2746 787 2818 prehendi,
818 2750 1033 2822 ipseque
1081 2753 1220 2809 Deus
1262 2755 1461 2824 videri,
1506 2768 1766 2829 quatenus
1811 2772 1984 2830 potest
2014 2764 2082 2819 ab

505 2837 719 2896 homine
737 2843 921 2911 aspici.
950 2844 1076 2915 Ejus
1097 2856 1272 2907 autem
1295 2850 1396 2905 viae
1421 2849 1689 2920 dicuntur,
1712 2855 1963 2924 quoniam
1985 2871 2083 2928 per

502 2944 594 2995 cas
614 2942 788 2999 potest
817 2934 867 2989 iu
897 2936 1087 2991 czelum
1113 2938 1178 2993 ad
1210 2939 1373 2995 Deum
1404 2943 1689 3011 perveniri.

574 3019 630 3073 Μ
635 3020 757 3081 ulla!
782 3039 1101 3096 exponuntur
1128 3029 1221 3083 vim
1245 3030 1323 3085 ad,
1346 3032 1523 3085 rmlum
1552 3036 1799 3104 ferentes;
1819 3051 2080 3090 numerum

498 3111 687 3172 claudit
713 3113 826 3171 laus.
851 3115 1200 3190 eleentosynat,
1230 3122 1374 3192 cujus
1403 3123 1620 3192 efﬁcacia
1645 3125 1872 3195 extmplo
1894 3124 2079 3188 Lazari

499 3202 801 3264 illustratur.
834 3236 906 3247 -—
927 3207 1044 3263 Non
1074 3209 1226 3276 dixit,
1271 3212 1363 3267 Via
1389 3255 1404 3277 ,
1433 3214 1526 3270 sed
1545 3256 1562 3283 ,
1592 3216 1705 3270 ven
1724 3257 1743 3284 ,
1785 3218 2077 3275 ostendens

496 3310 590 3357 cas
616 3310 736 3351 esse
761 3297 957 3355 multas
981 3310 1037 3355 et
1072 3300 1332 3358 diversas.
1380 3304 1663 3374 Propterea
1708 3308 1850 3363 enim
1882 3309 2076 3365 multas

496 3385 609 3449 vias
635 3388 842 3451 muniit,
872 3399 927 3444 ut
950 3405 1133 3452 earum
1159 3392 1495 3448 multitudine
1521 3394 1729 3452 facilem
1760 3397 1912 3454 nobis
1933 3398 2076 3455 face-

496 3486 575 3537 ret
604 3477 920 3548 ingressum.
964 3481 1042 3536 Ex
1071 3483 1372 3544 hominibus
1399 3487 1541 3542 enim
1579 3488 1668 3543 alii
1696 3497 1820 3545 sunt
1849 3492 2072 3562 virgini-

496 3575 602 3631 tate
634 3566 885 3632 illustres,
917 3572 1003 3626 alii
1031 3587 1157 3627 vero
1187 3589 1244 3628 se
1271 3576 1492 3631 honeste
1511 3588 1701 3647 gerunt
1728 3580 1778 3634 in
1798 3582 2074 3637 matrimo-t

493 3657 603 3715 uio.
627 3658 713 3712 alii
735 3671 994 3719 ornantur
1020 3663 1272 3727 viduitate
1299 3682 1318 3730 ξ
1349 3667 1400 3721 hi
1428 3682 1488 3724 se
1512 3671 1760 3730 omnibus
1785 3685 2067 3742 exuerunt,

492 3747 563 3809 illi
594 3749 852 3818 dimidio;
896 3754 949 3809 hi
989 3771 1085 3826 per
1121 3758 1260 3822 viam
1302 3769 1500 3815 rectam
1550 3762 1952 3835 ingrediuntur,
1997 3769 2069 3824 illi

492 3856 588 3909 per
628 3845 993 3918 pmnitentiam
1028 3864 1042 3901 :
1084 3858 1138 3904 et
1165 3849 1282 3905 ideo
1310 3852 1502 3908 multas
1532 3854 1622 3910 tibi
1662 3858 1773 3912 vias
1821 3860 2065 3929 munivit,

489 3943 548 3991 υι
569 3932 723 3991 facile
749 3937 1080 4008 iwrediaris.
1115 3940 1228 3995 Non
1259 3945 1473 4012 potuisti
1503 3955 1623 4016 post
1658 3947 1923 4005 lavacrum
1945 3967 2065 4009 ser-

487 4042 615 4084 vare
643 4044 837 4099 corpus
866 4033 1158 4089 tnnndum?
1196 4036 1266 4089 At
1303 4052 1401 4107 per
1443 4041 1804 4107 pcenitentiam
1837 4044 1888 4099 id
1915 4055 2066 4114 potes

491 4119 801 4189 extimulare,
831 4133 983 4192 potes
1012 4141 1105 4193 per
1131 4129 1401 4195 pecunias,
1427 4145 1522 4199 per
1546 4132 1967 4208 eleemosynam.
1992 4140 2064 4195 At

486 4223 594 4264 non
625 4208 789 4273 babes
831 4215 1119 4282 pecunias?
1161 4216 1264 4272 Sed
1309 4230 1462 4287 potes
1507 4221 1724 4280 visitare
1767 4236 2060 4298 a-grotum,

485 4306 639 4377 potes
657 4302 911 4359 accedere
935 4305 999 4359 ad
1027 4322 1146 4361 cum
1173 4308 1259 4377 qui
1285 4318 1365 4363 est
1394 4311 1443 4364 in
1470 4311 1712 4378 vinculis,
1743 4315 1872 4371 dare
1901 4333 2062 4387 poeu-

488 4390 592 4445 lum
626 4392 850 4463 frigidm,
873 4406 928 4451 et
956 4399 1055 4453 sub
1089 4400 1275 4458 eodem
1310 4411 1449 4465 tecto
1487 4403 1748 4475 hospitem
1781 4409 2063 4481 excutere,

485 4484 724 4551 prmbere
747 4486 881 4540 duos
905 4489 1090 4543 obolos
1109 4533 1124 4556 ,
1153 4492 1287 4545 sicut
1315 4493 1470 4548 vidua
1499 4537 1512 4560 ,
1541 4496 1890 4567 ingemiscere
1938 4519 2059 4567 pro-

483 4581 565 4631 ter
595 4588 688 4629 cos
707 4575 795 4646 qui
841 4578 1148 4649 afﬂiguntur
1182 4581 1342 4652 (an.
1371 4581 1495 4657 21).
1539 4585 1667 4645 Nam
1706 4587 1805 4642 hoc
1848 4606 2059 4661 quoque

487 4674 570 4723 est
593 4666 954 4740 eleemosyna.
984 4673 1053 4725 At
1075 4687 1134 4726 es
1169 4674 1399 4743 undique
1424 4677 1730 4748 destitutus,
1754 4688 1807 4733 et
1834 4681 2056 4739 omnino

484 4770 703 4826 pauper,
733 4766 788 4813 et
811 4773 1034 4829 corpore
1059 4762 1192 4818 adeo
1216 4763 1453 4830 infirmo,
1480 4776 1620 4824 utne
1650 4769 1822 4839 possis
1841 4772 2053 4841 quidem

479 4847 768 4905 incedere?
812 4849 935 4904 llaae
974 4852 1148 4907 omnia
1191 4854 1269 4910 fer
1293 4872 1485 4927 magno
1515 4860 1727 4926 animo,
1761 4862 1868 4916 Deo
1895 4878 2064 4931 agens

478 4940 699 5010 gratias,
732 4950 785 4995 et
813 4958 1057 5013 magnam
1089 4948 1390 5005 mercedem
1416 4952 1665 5022 accipies.
1710 4953 1841 5008 Nam
1872 4954 1924 5009 in
1953 4956 2055 5012 hoc

478 5045 688 5101 quoque
717 5048 776 5087 se
801 5033 1023 5103 pulchre
1049 5039 1216 5106 gessit
1257 5039 1509 5097 Lazarus.
1560 5043 1742 5114 Neque
1779 5046 1919 5102 enim
1958 5048 2056 5105 ulli

477 5122 586 5179 suis
615 5123 704 5180 ille
730 5127 976 5181 subvenit
1006 5131 1263 5197 pecuniis.
1314 5133 1410 5205 Qui
1442 5135 1584 5190 enim
1617 5136 1666 5189 id
1710 5138 1939 5202 fecisset,
1966 5142 2052 5195 cui

475 5213 556 5268 vel
581 5215 936 5270 necessarium
963 5216 1145 5273 deerat
1168 5221 1519 5276 alimentum?
1548 5224 1658 5278 Non
1679 5227 1951 5296 ingressus
1970 5242 2054 5283 est

471 5319 766 5359 carcerem.
797 5305 1074 5373 Quomodo
1101 5310 1241 5363 enim
1264 5313 1351 5381 qui
1381 5329 1477 5366 nec
1503 5315 1656 5386 erigi,
1687 5332 1787 5372 nec
1815 5332 1873 5372 se
1892 5319 2052 5373 susti-

475 5412 604 5451 nere
649 5400 896 5467 poterat?
939 5399 1054 5454 Non
1097 5400 1277 5456 invisit
1321 5416 1598 5476 a-grotum.
1648 5408 1745 5476 Qui
1792 5414 2051 5480 potuisset

470 5487 560 5558 qui
584 5487 778 5557 linguis
797 5502 992 5544 canum
1011 5500 1126 5545 erat
1152 5493 1433 5563 expositus
1457 5494 1606 5566 (Luc.
1632 5495 1760 5568 l6)?
1780 5498 1848 5552 Et
1873 5508 2046 5554 tamen

471 5580 630 5634 etiam
657 5579 860 5653 absque
888 5578 972 5638 his
1005 5584 1281 5654 prtemium
1311 5587 1518 5643 virtutis
1546 5589 1787 5659 arripuit,
1813 5606 1879 5647 eo
1906 5593 2046 5661 quod

470 5673 649 5727 omnia
674 5675 855 5729 tulerit
884 5689 1145 5746 generoso
1169 5677 1368 5741 animo,
1393 5693 1459 5732 eo
1482 5680 1622 5749 quod
1648 5682 1832 5737 videns
1854 5684 2046 5740 crude-

474 5759 581 5817 lem
605 5774 660 5822 et
686 5764 1028 5823 inhumanum
1051 5766 1318 5826 hominem
1340 5769 1392 5825 in
1417 5770 1617 5828 honore
1643 5771 1843 5840 haberi,
1868 5775 2045 5831 vitam-

1224 359 1280 415 ὃ.
1319 359 1598 421 ΧΟΑΝΝῘΞ
1626 356 2099 417 CURYSOSTOMI
2137 356 2452 416 ARCIIIEP.
2491 363 3023 424 CONSTANTINOP.

3686 372 3784 427 362

2213 494 2317 546 que
2341 496 2496 552 agere
2529 483 2582 539 in
2610 484 2834 548 deliciis.
2860 487 3090 557 scipsum
3122 496 3298 542 autem
3322 487 3519 544 versari
3547 489 3599 543 in
3631 492 3794 546 minis.

2212 572 2387 638 malis,
2437 589 2502 629 ne
2536 575 2757 630 verbum
2787 577 2999 647 quidem
3032 578 3338 633 indecorum
3373 580 3668 647 protulerit.
3722 579 3791 639 ΕΙ,

2207 661 2329 723 ideo
2359 663 2409 716 in
2436 664 2553 719 sinu
2586 666 2812 722 Abraha:
2838 680 3085 736 receptus
3110 677 3214 735 est,
3257 669 3353 739 qui
3384 679 3594 727 mortuo
3621 671 3785 724 nihilo

2208 761 2327 807 erat
2355 755 2542 810 melius
2566 755 2806 823 affectus,
2839 758 2932 812 sed
2960 759 3118 831 plane
3137 771 3251 813 erat
3280 761 3498 825 inutilis,
3524 761 3572 815 in
3605 760 3782 818 divitis

2206 843 2468 906 vestibulo
2495 844 2762 915 projectus
2807 864 2821 901 :
2869 855 2924 902 et
2969 863 3089 902 cum
3134 850 3459 918 patriarcha,
3492 850 3579 920 qui
3627 860 3705 906 tot
3730 860 3782 907 et

2206 941 2379 988 tantas
2411 950 2496 990 res
2524 936 2777 1004 pncclare
2799 947 3057 1008 gesserat,
3086 941 3469 1007 coronabatur,
3491 942 3666 997 victor
3692 959 3781 999 re?

2205 1026 2565 1092 nuntiabatur,
2592 1036 2648 1082 et
2671 1028 2790 1093 sinu
2821 1030 2961 1091 illius
2989 1030 3279 1096 fruebatur,
3300 1033 3399 1103 qui
3422 1049 3520 1090 nec
3543 1034 3780 1091 eleemo.‘

2203 1130 2388 1186 synam
2421 1116 2653 1183 fecerat,
2683 1135 2781 1174 nec
2814 1120 2863 1174 ei
2887 1121 2968 1175 cui
2993 1120 3183 1191 injuria
3212 1122 3371 1179 fiebat
3400 1140 3616 1181 manum
3640 1143 3779 1195 pra:-

2203 1205 2408 1271 bucrat,
2429 1225 2532 1265 non
2552 1209 2788 1281 hospites
2809 1221 3109 1281 ercet-orat,
3128 1230 3229 1276 nec
3251 1216 3449 1287 aliquid
3468 1218 3608 1274 aliud
3633 1219 3784 1289 ejusq.

2201 1302 2343 1355 modi
2373 1305 2657 1361 ostemlere
2678 1315 2944 1374 potuerat,
2966 1306 3061 1362 sed
3089 1316 3288 1363 tantum
3317 1307 3639 1370 in'omuibus
3670 1312 3789 1369 Deo.

2198 1394 2394 1461 gratias
2409 1405 2610 1465 egerat,
2632 1408 2686 1452 et
2707 1398 3013 1468 praeclaram
3031 1401 3296 1469 patientia:
3317 1416 3564 1463 coronam
3582 1405 3788 1461 retulew.

2200 1494 2299 1540 rat.
2333 1485 2515 1558 Magna
2541 1488 2681 1543 enim
2713 1505 2798 1545 res
2826 1492 3114 1561 gratiarum
3143 1491 3301 1557 actio,
3334 1493 3687 1565 pltilosOphia,
3714 1512 3778 1553 ac

2200 1576 2448 1646 patientia
2467 1579 2483 1610 ¹
2513 1595 2631 1648 qum
2662 1589 2737 1639 tot
2766 1582 2991 1635 ettanlis
3014 1583 3165 1645 malis
3182 1593 3460 1645 exercetur
3481 1604 3496 1640 :
3517 1586 3672 1656 idque
3694 1587 3774 1641 fa.-

2197 1679 2342 1721 ctum
2383 1679 2464 1722 est
2490 1670 2647 1736 longe
2678 1672 2911 1725 tuituimn
2943 1673 3252 1731 niaximum.
3290 1673 3442 1737 Unde
3485 1678 3641 1731 etiam
3673 1677 3787 1735 Job

2196 1771 2480 1815 Carnuntas
2508 1772 2587 1816 est
2620 1781 2636 1817 :
2667 1772 2990 1833 quapropter
3017 1763 3227 1820 diccbat
3271 1765 3549 1820 diabolus:
3580 1766 3783 1827 Pellene

2195 1866 2288 1921 pro
2311 1850 2466 1918 pelle,
2495 1861 2540 1906 cl
2568 1853 2737 1906 omnia
2774 1869 2888 1923 qua:
2912 1854 3061 1908 homo
3088 1854 3263 1919 habet,
3297 1855 3433 1910 dabit
3471 1872 3562 1927 pro
3601 1857 3776 1915 auium

2192 1959 2321 2011 sua;
2347 1944 2435 1998 sed
2459 1944 2670 2001 immitte
2695 1963 2900 1999 manum
2925 1956 3101 2012 luam,
3145 1957 3191 2002 et
3238 1955 3385 2019 longe
3419 1965 3621 2002 carnem
3660 1952 3782 2021 ejus

2197 2033 2351 2106 (Job.
2377 2034 2434 2101 ἢ,
2474 2037 2528 2090 4.
2561 2038 2592 2089 5
2610 2036 2652 2108 ).
2684 2036 2799 2092 Non
2829 2045 2912 2092 est
2936 2023 3075 2093 enim
3107 2054 3290 2108 parum
3318 2040 3502 2099 dolore
3528 2042 3787 2106 affecmm,

2193 2124 2463 2180 refrenare
2488 2126 2717 2181 animam
2743 2127 2809 2181 ad
2851 2128 2953 2190 hoc
2976 2169 2991 2188 .
3034 2138 3091 2184 ut
3132 2129 3263 2184 nihil
3294 2140 3497 2199 peccet.
3549 2132 3661 2187 lloc
3688 2145 3771 2194 est

2190 2230 2310 2272 cum
2353 2218 2606 2288 nmrtyrio
2645 2218 3026 2275 conferendum
3060 2234 3074 2270 :
3122 2218 3224 2275 hoc
3258 2229 3340 2275 est
3379 2220 3636 2286 bonorum
3680 2237 3769 2282 cd-

2189 2307 2408 2378 loplton.

2258 2402 2313 2456 5.
2354 2401 2421 2457 Et
2450 2411 2504 2456 tu
2532 2416 2678 2473 ergo.
2704 2418 2737 2457 ο
2764 2402 2975 2466 dilecte,
3003 2418 3119 2456 cum
3160 2411 3214 2458 te
3256 2418 3398 2473 sa'pe
3425 2406 3516 2460 vel
3547 2405 3780 2464 morbus.

2188 2493 2273 2551 vel
2300 2493 2491 2559 febres,
2520 2494 2606 2550 vel
2636 2492 2846 2549 dolores
2886 2494 3160 2557 invadunt,
3188 2505 3411 2564 cogente
3447 2505 3499 2551 te
3524 2498 3779 2563 cruciatu:

2185 2584 2363 2647 dicere
2378 2583 2576 2654 aliquid
2600 2583 2994 2654 blasphemum,
3010 2586 3053 2639 si
3079 2594 3129 2639 te
3156 2588 3456 2651 retinueris,
3480 2603 3542 2641 ac
3566 2589 3761 2658 gratias

2186 2678 2383 2747 egeris,
2418 2678 2690 2749 Deumque
2712 2677 2882 2748 gloria
2921 2686 2977 2733 ct
3002 2681 3202 2733 honore
3226 2680 3490 2746 effeceris,
3519 2681 3777 2744 eamdan

2184 2768 2483 2825 mercedem
2530 2770 2788 2840 accipies.
2826 2770 2938 2839 Qua
2982 2772 3125 2825 enim
3162 2770 3228 2826 de
3258 2788 3436 2836 causa,
3481 2771 3568 2829 dic
3609 2774 3771 2844 mihi,~

2181 2873 2384 2930 qua-so,
2415 2859 2774 2930 blasphemas,
2799 2872 2854 2916 et
2881 2875 3070 2933 aspera
3096 2862 3256 2916 verba
3296 2861 3538 2934 profers?
3569 2863 3769 2919 ldeone.

2181 2954 2359 3011 evadit
2384 2955 2474 3011 tibi
2500 2956 2657 3012 dolor
2698 2957 2902 3018 levior?
2931 2958 3132 3015 Tamen
3169 2960 3270 3016 etsi
3301 2959 3454 3019 dolor
3480 2961 3630 3017 ﬁeret
3658 2962 3759 3018 hac

2181 3049 2387 3105 ratione
2404 3048 2588 3115 levior,
2612 3066 2678 3104 ne
2697 3051 2776 3105 sic
2797 3051 3007 3120 quidem
3029 3060 3301 3122 oporteret
3316 3054 3506 3108 anima:
3534 3056 3765 3113 salutent

2179 3141 2428 3210 prodere,
2458 3140 2633 3196 habita
2654 3144 2858 3199 ratione
2874 3143 3183 3199 consolandi
3203 3146 3443 3215 corporis
3464 3165 3477 3200 :
3500 3162 3641 3201 nunc
3655 3164 3754 3200 an...

2178 3239 2285 3286 tem
2316 3246 2421 3289 non
2448 3232 2608 3289 modo
2636 3248 2744 3293 non
2784 3233 2986 3289 levatur
3028 3233 3202 3300 dolor,
3232 3235 3324 3292 sed
3352 3236 3516 3292 etiam
3544 3237 3755 3307 gravior

2177 3321 2436 3378 redditur.
2478 3323 2609 3379 Nam
2637 3339 2757 3379 cum
2782 3325 2926 3380 videt
2962 3325 3203 3384 diabolus
3246 3343 3303 3382 se
3339 3329 3571 3397 potuisse
3611 3339 3662 3384 te
3685 3330 3763 3388 ait

2175 3412 2561 3483 blasphemiam
2583 3415 2871 3482 adducere,
2900 3418 3100 3474 fornaci
3134 3419 3306 3490 ignem
3332 3422 3496 3491 magis
3517 3423 3750 3491 subiicit,

2174 3512 2229 3560 et
2271 3505 2511 3562 dolorem
2553 3509 2845 3575 succendit,
2891 3517 2950 3565 ut
2991 3509 3107 3581 ejus
3147 3510 3467 3573 desiderium
3508 3513 3763 3584 impleasx

2173 3594 2334 3666 Ergo,
2357 3598 2495 3653 sicut
2519 3597 2649 3664 dixi,
2676 3598 2898 3654 etiamsi
2927 3600 3206 3666 levaretur,
3231 3617 3336 3658 non
3357 3613 3628 3674 oporteret
3648 3604 3750 3660 hoc

2172 3687 2382 3745 facere:
2413 3691 2625 3760 quando
2659 3702 2836 3751 autem
2870 3692 3000 3747 nihil
3039 3693 3169 3748 lucri
3215 3693 3363 3760 facis,
3393 3695 3518 3767 quid
3560 3696 3755 3752 attinet

2173 3783 2396 3852 teipsum
2425 3783 2702 3840 occidere?
2728 3787 2797 3840 At
2815 3774 2919 3841 non
2945 3794 3097 3856 potes
3118 3787 3333 3842 tacere?
3361 3787 3472 3843 Deo
3495 3803 3623 3858 ergo
3648 3802 3757 3858 ags.

2167 3876 2397 3947 gratias:
2421 3877 2583 3932 Deum
2610 3877 2782 3948 gloria
2804 3887 2858 3933 et
2886 3876 3089 3939 honore
3127 3879 3301 3944 attice,
3346 3879 3436 3952 qui
3477 3889 3528 3935 te
3561 3882 3752 3949 prohat

2169 3969 2220 4022 in
2251 3968 2483 4024 fornace.
2514 3969 2620 4024 Pro
2648 3969 2974 4040 blasphemia
3015 3986 3079 4026 ex
3121 3986 3215 4026 ore
3255 3981 3344 4026 tun
3381 3971 3603 4042 prodeat
3650 3971 3743 4028 Dei

2166 4062 2353 4133 gloria.
2380 4061 2457 4118 lta
2479 4071 2532 4117 et
2560 4078 2746 4133 magna
2771 4074 2854 4118 est
2874 4079 3097 4124 merces.
3121 4075 3176 4119 et
3201 4065 3391 4119 vulnus
3412 4064 3640 4120 efficitur
3668 4065 3745 4121 Ιθε

2167 4153 2303 4209 vins’.
2337 4153 2416 4208 Ad
2443 4152 2689 4210 eumdem
2718 4169 2926 4224 quoque
2954 4155 3173 4210 modum
3197 4155 3383 4210 beatus
3405 4155 3494 4217 ille
3519 4155 3740 4225 loquens

2164 4243 2393 4305 diccbat,
2424 4243 2670 4298 Dominus
2688 4244 2850 4310 dedit,
2876 4242 3125 4297 Dominus
3151 4244 3358 4301 abstulit
3373 4243 3514 4316 (Job.
3539 4246 3592 4300 l.
3620 4244 3734 4314 2|).

2163 4334 2230 4396 Et
2260 4350 2479 4391 rursus:
2506 4335 2568 4391 Si
2595 4334 2723 4389 bona
2750 4351 2811 4389 ea:
2840 4351 2990 4388 manu
3032 4333 3238 4389 Domini
3265 4337 3569 4405 accepimus,
3603 4336 3746 4391 mala.

2163 4444 2264 4481 non
2293 4427 2641 4481 sustinebimus
2665 4424 2781 4497 (Job
2827 4426 2880 4480 2.
2912 4425 3035 4499 l0)?
3060 4426 3165 4482 Sed
3196 4427 3348 4495 mihi,
3373 4429 3599 4498 inquies,
3632 4445 3736 4490 non

2162 4518 2308 4573 dedit
2332 4533 2479 4586 opes.
2509 4518 2681 4575 Minus
2705 4527 2786 4572 est
2813 4533 2938 4588 ergo
2969 4518 3184 4575 vubtus.
3214 4518 3327 4574 Non
3355 4521 3496 4574 enim
3535 4522 3737 4589 a-quale

2161 4622 2245 4669 est
2266 4611 2451 4670 nudari
2478 4609 2688 4680 opibus,
2710 4624 2831 4672 cum
2859 4624 2949 4664 eas
2977 4610 3295 4679 possederis,
3325 4620 3379 4666 et
3406 4627 3527 4667 cum
3551 4626 3734 4665 earum

2162 4718 2447 4773 numquam
2472 4701 2765 4772 periculum
2792 4700 3002 4770 feceris,
3022 4701 3199 4759 vivere
3222 4703 3271 4758 iu
3291 4704 3489 4774 inopia.
3516 4703 3573 4758 Si
3592 4704 3734 4758 enim

2160 4794 2384 4847 aliorum
2411 4792 2586 4846 mala'
2618 4791 2880 4859 videntes,
2912 4799 2969 4848 et
2985 4808 3106 4848 cum
3127 4793 3240 4848 suis
3266 4795 3520 4848 aerumnis
3546 4793 3733 4850 confes

2160 4894 2355 4946 rentes,
2378 4883 2528 4945 multi
2553 4898 2809 4954 pauperes
2849 4897 3033 4938 eorum
3059 4885 3456 4952 comparatione
3495 4899 3589 4938 sua
3613 4899 3734 4942 esse

2156 4977 2396 5048 graviora
2425 4975 2997 5046 ex_istimant:quando
3043 4990 3102 5029 se
3144 4991 3249 5030 nou
3293 4986 3413 5031 cum
3453 4976 3592 5041 aliis,
3637 4978 3731 5032 sed

2157 5083 2277 5122 cum
2306 5067 2493 5136 seipsis
2532 5076 2866 5135 comparant,
2897 5065 3066 5134 cegita
3100 5074 3245 5121 tanto
3273 5079 3392 5120 esse
3430 5068 3730 5136 graviorem

2157 5159 2416 5221 dolorem,
2443 5167 2637 5228 quanto
2661 5157 2822 5213 efficit
2852 5157 3199 5226 experientia,
3228 5166 3285 5210 ut
3314 5157 3382 5212 sit
3405 5158 3576 5225 maior
3604 5173 3729 5212 scn-

2155 5264 2250 5304 sus
2271 5248 2595 5318 privationis.
2624 5247 2698 5302 Ita
2724 5249 2883 5303 etiam
2906 5257 2986 5302 est
3010 5248 3204 5310 levius,
3232 5247 3298 5302 ab
3328 5248 3479 5305 initio
3509 5266 3613 5304 non
3636 5249 3728 5303 ha-

2156 5341 2335 5397 buisse
2364 5341 2577 5407 liberos,
2606 5355 2762 5412 quam
2793 5340 2871 5394 eis
2900 5339 3099 5406 orbari,
3130 5354 3248 5393 cum
3281 5339 3426 5410 ipsos
3458 5339 3725 5396 habueris.

2153 5432 2268 5488 Non
2287 5442 2372 5488 est
2392 5432 2534 5488 enim
2555 5432 2751 5495 simile,
2785 5446 2889 5486 non
2931 5432 3224 5503 accepisse,
3253 5439 3307 5485 et
3326 5443 3604 5501 postquam
3635 5448 3729 5487 ae-

2152 5524 2377 5595 cepcris,
2404 5524 2481 5579 eis
2508 5537 2632 5579 esse
2653 5524 2934 5593 privatum.
2966 5521 3071 5578 Fer
3111 5537 3239 5593 ergo
3262 5537 3523 5593 generoso
3549 5524 3727 5577 animo

2217 5660 2233 5692 ¹
2272 5666 2320 5708 In
2341 5657 2479 5708 savii.
2502 5658 2582 5707 hae
2604 5670 2765 5720 voces.
2789 5670 2849 5707 ac
2870 5654 3114 5720 patientia,
3128 5656 3325 5707 desunt.

2216 5722 2237 5752 ι
2270 5721 2468 5784 savilius
2492 5727 2626 5781 putat
2645 5717 2925 5784 legendum,
2947 5718 3084 5784 bona,
3103 5725 3155 5768 et
3174 5728 3311 5784 certe
3325 5717 3508 5770 melius
3521 5720 3722 5784 quadra-

2154 5792 2232 5835 ret
2256 5796 2268 5832 :
2294 5783 2381 5833 sed
2404 5780 2560 5831 omnia
2586 5780 2879 5844 exetttplaria
2902 5781 3100 5843 habent,
3123 5781 3267 5830 uiola.
