4084 6334
446 331 554 392 369

439 448 650 514 λαϐεῖν,
673 450 767 506 καὶ
808 450 948 522 μετά
974 452 1037 506 τὸ
1061 452 1249 508 λαϐεῖν
1281 453 1671 526 ἀφαιρεθῆναι.
1686 455 1827 529 Φέρε
1848 458 2031 514 τοίνυν

442 533 514 588 τά
538 534 918 605 συμπίπτοντα
942 536 1122 591 πάντα
1142 537 1407 605 γενναίως
1425 552 1440 566 ⁸
1467 538 1627 592 τοῦτο
1646 538 1757 611 γάρ
1776 557 1859 594 σοι
1889 558 2032 613 μαρ-

444 617 630 689 τύριόν
661 620 829 672 ἐστιν.
876 616 953 674 Οὐ
972 620 1080 691 γάρ
1117 619 1210 673 τὸν
1240 620 1597 690 κελευόμενον
1628 621 1825 687 θῦσαι,
1859 624 1923 677 τὸ
1953 625 2031 696 μὴ

446 700 629 767 θῦσαι,
666 703 800 756 ἀλλά
836 702 1239 775 καταξανθῆναι
1274 705 1495 776 μᾶλλον,
1524 706 1557 777 ἦ
1588 706 1746 761 τοῦτο
1783 709 2031 778 ποιῆσαι,

447 789 595 839 ποιεῖ
622 788 919 861 μαρτύριον
958 790 1116 860 μόνον
1136 806 1149 821 ο
1179 789 1315 843 ἀλλά
1353 789 1450 842 καὶ
1481 789 1539 843 τὸ
1581 790 1684 861 τῆς
1724 791 1921 863 ὀδύνης
1951 795 2033 856 εἰς

450 870 800 942 βλασφημίαν
840 873 1176 945 ἐξαγούσης.
1224 871 1441 927 ἑλέσθαι
1502 875 1910 947 ἐγκαρτερῆσαι
1952 875 2032 947 τῷ

448 953 617 1023 πόνῳ,
644 953 736 1006 καὶ
771 955 935 1026 μηδὲν
963 956 1177 1027 ἀπηχὲς
1205 958 1402 1021 εἰπεῖν,
1441 953 1695 1028 μάρτυρα
1716 957 2029 1027 ἐργάζεται.

462 1036 615 1089 Ἐπεὶ
651 1039 744 1090 καὶ
771 1040 799 1091 6
835 1037 976 1103 Ἰὼϐ,
1008 1039 1109 1092 οὐκ
1139 1038 1326 1110 ἐπειδὴ
1356 1039 1717 1109 κελευόμενος
1737 1040 1898 1094 θῦσαι
1930 1042 2034 1094 οὐκ

450 1118 629 1185 ἔθυσε,
654 1120 742 1173 διὰ
782 1120 941 1176 τοῦτο
983 1122 1355 1193 ἐστεφανώθη,
1401 1123 1517 1177 ἀλλ’
1556 1123 1745 1195 ἐπειδὴ
1772 1124 2035 1193 γενναίως

451 1203 648 1274 ήνεγκε
676 1204 774 1269 τὰς
820 1205 1033 1272 ὀδύνας.
1076 1208 1188 1261 Καὶ
1222 1207 1434 1271 Παῦλος
1458 1208 1517 1261 δὲ
1550 1208 1802 1262 ἐντεῦθεν
1827 1209 2031 1278 ἀνεκη-

454 1284 693 1358 ρύττετο,
724 1289 836 1342 ἀπὸ
865 1290 973 1342 τῶν
997 1290 1311 1359 μαστίγων,
1348 1291 1458 1344 ἀπὸ
1486 1290 1598 1344 τῶν
1627 1290 1883 1361 θλίψεων,
1924 1290 2035 1343 ἀπὸ

448 1369 560 1424 τῶν
587 1370 763 1425 ἄλλων
788 1364 867 1426 ὧν
896 1374 1158 1445 ὑπέμεινε
1186 1375 1325 1446 μετά
1350 1374 1718 1447 εὐχαριστίας.
1752 1373 1898 1440 Τοὺς
1924 1375 2035 1427 πό-

448 1468 600 1520 νους
629 1454 749 1509 τῶν
786 1455 1032 1525 καρπῶν
1057 1475 1174 1512 σου
1206 1457 1467 1527 φάγεσαι
1486 1475 1500 1489 ·
1530 1455 1824 1526 μακάριος
1851 1452 1907 1511 εἷ
1932 1456 2036 1510 καί

449 1535 651 1604 καλῶς
680 1554 779 1593 σοι
807 1539 1000 1596 ἔσται.
1029 1541 1186 1606 Τίνος
1219 1542 1406 1595 ἕνεκεν
1435 1541 1781 1606 διπλασιάζει
1808 1541 1899 1595 τὸν
1931 1559 2038 1613 μα-

450 1621 759 1691 καρισμόν;
800 1621 1017 1694 Ἐπειδὴ
1050 1620 1192 1677 οἶδεν
1218 1623 1386 1677 αὐτοῦ
1414 1624 1476 1679 τὸ
1509 1624 1760 1695 μέγεθος,
1794 1626 2036 1697 ἐντρυφᾷ

448 1704 517 1774 τῇ
545 1703 815 1776 φαντασίᾳ
834 1704 928 1759 τοῦ
954 1707 1298 1779 πράγματος.
1326 1710 1435 1763 Καὶ
1454 1710 1505 1762 τί
1532 1711 1613 1774 τὸ,
1644 1708 1855 1776 Καλῶς
1871 1726 1890 1775 ;
1914 1710 2035 1763 εἰπέ

454 1802 566 1855 μοι.
596 1787 659 1841 Ἠ
680 1788 833 1857 γυνή
855 1804 973 1843 σου
996 1790 1266 1860 ᾶμπελος
1289 1792 1636 1860 εὐθηνοῦσα
1658 1793 1730 1847 ἐν
1750 1792 1872 1859 τοῖς
1900 1794 2035 1847 κλί-

451 1883 582 1923 τεσι
603 1868 712 1939 τῆς
740 1872 932 1939 οἰκίας
952 1889 1089 1928 σου.
1117 1874 1309 1939 Ἀλλος
1338 1875 1526 1947 φησὶν,
1551 1877 1648 1930 Ἐν
1669 1875 1793 1941 τοῖς
1811 1874 2036 1929 ἐσωτά-

451 1969 591 2019 τοις.
604 1954 815 2021 Ἄλλος,
834 1956 931 2011 Ἐν
950 1956 1071 2024 τοῖς
1085 1959 1317 2028 μηροῖς.
1342 1961 1466 2015 Υίοί
1487 1974 1605 2014 σου
1624 1973 1651 2001 ι
1677 1961 1759 2025 ὠς
1772 1962 2037 2029 νεόρυτα

450 2037 668 2092 ἐλαιῶν
687 2040 890 2104 κύκλῳ
906 2038 1015 2111 τῆς
1029 2042 1321 2112 τραπέζης
1335 2060 1472 2100 σου.
1493 2045 1647 2100 Ἰδοὺ
1667 2046 1856 2111 οὕτως
1869 2046 2041 2098 εὐλο-

331 2129 335 2133 ’
450 2123 775 2192 γηθήσεται
796 2125 1107 2195 ἅνθρωπος
1131 2131 1166 2183 ὁ
1188 2130 1559 2198 φοϐούμενος
1582 2129 1692 2183 τὸν
1708 2130 1943 2197 Κύριον.
1969 2127 2036 2181 Τί

451 2208 629 2277 λέγεις
643 2224 658 2273 ;
677 2209 795 2262 εἰπέ
814 2227 905 2280 μοι
919 2228 932 2242 ·
950 2210 1109 2267 τοῦτο
1122 2214 1151 2266 6
1170 2214 1517 2284 μακαρισμός
1531 2231 1546 2279 ;
1563 2214 1723 2268 τοῦτο
1736 2214 1798 2267 τὸ
1812 2212 2001 2283 κέρδος
2017 2230 2033 2280 ;

450 2293 631 2357 οἰκίας
656 2293 899 2365 εὐθηνία,
928 2296 1022 2349 καὶ
1047 2297 1110 2349 τὸ
1132 2297 1243 2351 τῶν
1263 2297 1478 2352 οἰκείων
1505 2296 1811 2353 ἀπολαῦσαι
1837 2298 2035 2363 πόνων,

452 2378 551 2432 καὶ
576 2379 782 2434 παίδων
810 2379 1033 2451 πλῆθος,
1062 2382 1091 2421 ι)
1112 2383 1205 2436 καὶ
1220 2384 1389 2454 γυνή;
1425 2383 1499 2436 Οὐ
1528 2382 1705 2447 τοῦτο,
1723 2382 1860 2436 ἀλλά
1880 2382 2039 2437 τοῦτο

452 2462 520 2515 ἐκ
552 2461 889 2534 περιουσίας.
914 2464 1153 2531 Ζητεῖτε
1181 2466 1290 2537 γὰρ
1312 2464 1549 2535 πρῶτον
1571 2465 1679 2535 τὴν
1709 2466 2039 2531 ,ϐασιλείαν

452 2541 573 2597 τῶν
619 2546 913 2611 οὐρανῶν,
954 2548 1049 2601 καί
1096 2550 1285 2604 ταῦτα
1326 2549 1526 2604 πάντα
1561 2549 2041 2619 προστεθήσεται

453 2627 616 2698 ὑμῖν.
654 2631 871 2703 Ἐπειδὴ
903 2628 996 2687 οὖν
1017 2633 1391 2704 ἀτελεστέροις
1421 2633 1502 2687 ἔτι
1524 2633 1818 2703 διελέγετο,
1848 2633 2038 2704 ῶσπερ

454 2713 643 2767 παιδία
668 2716 844 2787 μικρά
875 2718 984 2771 ἀπὸ
1004 2717 1113 2775 τῶν
1140 2718 1413 2787 αἰσθητῶν
1442 2719 1646 2786 ἐνάγει.
1666 2718 1777 2773 Καὶ
1801 2718 1876 2790 μὴ
1910 2718 2038 2771 θαυ-

456 2798 657 2870 μάσῃς.
696 2801 757 2852 Εἰ
787 2800 897 2872 γὰρ
931 2802 1143 2866 Παῦλος
1167 2802 1326 2855 τοῦτο
1361 2804 1507 2856 ποιεῖ
1537 2805 1595 2856 ἐν
1622 2802 1702 2873 τῷ
1737 2801 1914 2873 καιρῷ
1939 2803 2038 2872 τῆς

450 2883 721 2954 τοσαύτης
744 2883 1058 2954 φιλοσοφίας
1082 2886 1217 2956 πρὸς
1237 2886 1361 2950 τοὺς
1378 2885 1458 2939 ἔτι
1480 2886 1655 2957 χαμαὶ
1682 2886 1995 2958 βαδίζοντας
2010 2896 2034 2923 ο

452 2968 563 3023 ἀπὸ
588 2968 793 3022 τούτων
813 2969 1190 3040 διαλεγόμενος
1209 2985 1222 3000 ⁸
1246 2970 1425 3041 πολλῷ
1452 2972 1652 3042 μᾶλλον
1672 2974 1700 3025 6
1723 2973 2035 3043 Προφήτης.

454 3050 560 3107 Καὶ
590 3052 695 3107 ποῦ
730 3053 888 3107 τοῦτο
910 3055 939 3107 6
988 3054 1198 3118 Παῦλος
1235 3058 1418 3120 ποιεῑ;
1451 3054 1749 3126 Πολλαχοῦ.
1782 3057 1893 3112 Καὶ
1928 3056 2038 3127 γὰρ

454 3135 585 3188 ὅταν
612 3136 743 3208 περὶ
773 3137 1071 3208 παρθενίας
1092 3136 1429 3209 διαλέγηται,
1448 3138 1597 3191 οὐδὲν
1630 3140 1757 3209 περὶ
1781 3138 1890 3191 τῶν
1915 3138 2039 3207 μελ-

457 3215 659 3272 λόντων
684 3219 868 3276 αὐτοῖς
901 3219 1085 3289 λέγει·
1117 3220 1255 3274 ἀλλά
1301 3222 1402 3291 τὴν
1439 3220 1762 3292 ἀπαλλαγὴν
1790 3222 1898 3273 τῶν
1930 3222 2039 3274 ἀπὸ

454 3298 548 3350 τοῦ
564 3298 741 3366 γάμου
774 3300 1217 3371 προσγινομένων
1242 3302 1503 3373 λυπηρῶν
1527 3303 1687 3374 μόνον
1708 3300 1914 3374 τίθησι·
1946 3303 2042 3356 καὶ

455 3382 584 3435 ὅταν
612 3383 670 3435 δὲ
697 3383 823 3453 περὶ
849 3384 948 3453 τῆς
970 3386 1050 3448 εἰς
1077 3387 1271 3453 γονέας
1293 3389 1479 3459 τιμῆς,
1502 3388 1581 3459 τῷ
1603 3389 1751 3460 αὐτῷ
1772 3390 2042 3461 κέχρηται

455 3466 661 3536 τρόπῳ.
692 3465 833 3520 οῦτω
865 3468 1056 3535 λέγων’
1100 3471 1264 3537 "Huc
1291 3473 1457 3526 ἐστὶν
1489 3473 1710 3542 ἐντολὴ
1745 3474 1945 3543 πρώτη
1972 3476 2047 3529 ἐν

458 3548 587 3614 ταῖς
619 3548 1024 3620 ἐπαγγελίαις.
1048 3554 1143 3617 Τίς
1174 3554 1231 3608 δέ
1262 3558 1409 3609 ἐστιν
1443 3559 1477 3627 ἠ
1509 3557 1728 3626 ἐντολῆς
1763 3559 1904 3628 Τίμα
1937 3559 2045 3613 τὸν

456 3629 685 3698 πατέρα
712 3648 829 3685 σου
859 3633 957 3685 καί
988 3632 1103 3699 τὴν
1124 3634 1351 3702 μητέρα
1380 3652 1516 3696 σου.
1541 3638 1637 3690 καὶ
1666 3639 1786 3710 ἑσῃ
1818 3657 2041 3708 μακρο-

457 3714 702 3785 χρόνιος
724 3713 823 3767 ἑπί
860 3714 971 3783 τῆς
1001 3715 1132 3785 γῆς.
1169 3717 1327 3771 ’Λλλά
1368 3719 1458 3772 καὶ
1503 3720 1631 3773 ὅταν
1668 3724 1797 3791 περὶ
1831 3723 1931 3793 τῆς
1960 3726 2040 3789 εἰς

457 3799 585 3861 τοὺς
614 3798 845 3869 ἐχθροὺς
882 3797 1034 3871 ίῗιϐὃ]
1066 3798 1384 3870 φιλοσοφίας
1419 3802 1626 3875 γράφῃ,
1660 3805 1821 3858 πάλιν
1848 3806 2040 3875 αἰσθη-

455 3881 549 3934 τὸν
577 3880 790 3952 τίθησιν
821 3882 1075 3948 ἔπαθλον,
1105 3883 1310 3951 λέγων·
1344 3884 1521 3939 Τοῦτο
1554 3887 1664 3957 γὰρ
1701 3887 1908 3953 ποιῶν,
1933 3889 2041 3943 ἆν-

458 3970 679 4032 υρακας
706 3965 896 4032 πυρέμς
919 3968 1245 4033 σωρεύσεις
1265 3968 1363 4021 ἐπὶ
1384 3968 1498 4036 τὴν
1526 3970 1801 4039 κεφαλὴν
1830 3972 2037 4026 αὐτοῦ.

471 4048 611 4102 Ἀλλ’
637 4051 665 4102 6
688 4049 922 4120 Χριστὸς
947 4049 974 4088 ἀ
1006 4051 1102 4120 οὐχ
1131 4051 1309 4115 οὕτως
1333 4068 1347 4082 ·
1378 4052 1500 4106 οὐδὲ
1537 4054 1646 4125 γὰρ
1686 4054 1850 4118 αὐτὸς
1879 4047 2042 4109 ἀσθεέ

457 4132 573 4187 νέσι
591 4132 932 4201 διαλέγεται·
966 4133 1080 4185 ἀλλ’
1106 4135 1200 4187 ἐπὶ
1231 4135 1330 4205 μὲν
1373 4138 1440 4206 τῇ
1489 4136 1757 4209 παρθενίᾳ
1797 4138 1895 4211 τὴν
1941 4139 2042 4210 βα-

460 4215 665 4270 σιλείαν
713 4215 927 4287 τίθησιν
951 4256 964 4281 ,
1011 4218 1104 4271 ἐπὶ
1138 4217 1196 4270 δὲ
1237 4217 1317 4288 τῷ
1356 4221 1484 4283 τοὺς
1529 4221 1757 4292 ἐχθροὺς
1795 4224 2039 4295 ἀγαπᾷν,

455 4299 520 4353 τὸ
548 4299 805 4369 γενέσθαι
832 4300 1052 4371 ὁμοίους
1099 4301 1179 4372 τῷ
1224 4300 1363 4372 Θεῷ,
1397 4302 1474 4366 ὼς
1519 4304 1841 4375 ἀνθρώπους
1880 4308 2043 4373 ὄντας

457 4383 680 4455 ὁμοίους
707 4384 959 4452 γενέσθαι
989 4382 1088 4438 ένι.
1124 4386 1333 4457 Ὥσπερ
1361 4382 1456 4441 οὖν
1484 4388 1580 4442 καὶ
1611 4391 1669 4442 ἐν
1694 4391 1760 4461 τῇ
1806 4391 2039 4465 Παλαιᾷ,

458 4466 589 4522 ἔνθα
615 4465 703 4521 διά
733 4467 842 4520 τῶν
874 4467 1148 4537 αἰσθητῶν
1177 4469 1396 4539 ἤγοντο,
1421 4472 1546 4547 τούς
1568 4470 1877 4542 φιλοσοφεῖν
1903 4476 2041 4530 εἰδό-

458 4568 558 4616 τας
589 4550 698 4606 ἀπὸ
739 4552 850 4605 τῶν
906 4551 1168 4620 μειζόνων
1211 4553 1454 4624 ὀψόμεθα
1501 4556 1884 4626 ἐναγομένους.
1938 4558 2044 4613 Καὶ

458 4635 618 4689 τοῦτο
635 4635 810 4706 δηλῶν
830 4638 859 4689 6
881 4634 1090 4697 Παῦλος
1114 4635 1267 4705 ἔλεγε
1285 4653 1298 4666 ·
1330 4638 1494 4692 Κατὰ
1511 4641 1719 4693 πίστιν
1738 4641 2044 4697 ἀπέθανον

459 4713 624 4774 οὗτοι
645 4718 732 4787 μὴ
769 4717 1155 4788 κομισάμενοι
1184 4720 1291 4786 τὰς
1322 4721 1701 4791 ἐπαγγελίας,
1718 4724 1879 4779 ἀλλὰ
1901 4727 2044 4795 πόρ-

453 4803 645 4870 ρωθεν
667 4802 852 4867 αὐτὰς
884 4801 1114 4867 ἰδόντες
1141 4803 1239 4856 καί
1268 4803 1713 4874 ἀσπασάμενοι.
1746 4808 1822 4861 Οὐ
1863 4809 2043 4864 τοίνυν

458 4886 487 4939 6
512 4883 701 4955 μισθὸς
730 4883 839 4936 τῶν
875 4884 1221 4957 φοϐουμένων
1251 4887 1341 4939 τὸν
1369 4888 1501 4941 Θεὸν
1528 4878 1681 4954 οὗτος
1717 4892 1899 4961 μόνος,
1934 4894 2042 4947 τῶν

459 4969 725 5040 οἰκείωνή
752 4969 1073 5035 ἀπόλαυσις,
1104 4973 1197 5024 καὶ
1219 4971 1377 5043 γυνὴ,
1403 4974 1495 5026 κοιλ⁵
1519 4974 1724 5037 παῖδες.
1752 4977 1847 5028 καὶ
1876 4976 2042 5049 εὐθη-

459 5053 548 5107 νία
593 5052 808 5117 οἰκίας-
846 5053 982 5107 ἀλλά
1016 5055 1190 5108 ταῦτα
1224 5057 1321 5125 μὲν
1363 5057 1427 5109 ἐκ
1470 5057 1785 5129 περιουσίας
1835 5061 1931 5113 καὶ
1984 5064 2043 5115 ἐν

456 5136 609 5204 τάξει
666 5138 1028 5209 προσθήκηςο
1077 5138 1148 5192 τά
1195 5140 1252 5194 δὲ
1303 5141 1575 5208 κεφάλαια
1624 5144 1718 5195 καὶ
1748 5145 1960 5213 μεγάλα
1994 5158 2039 5213 ε,

458 5222 675 5294 πρῶτον
710 5222 810 5293 μὲν
845 5222 863 5261 ί
895 5225 1026 5277 αὐτὸ
1058 5224 1119 5277 τὸ
1152 5223 1435 5293 φοϐεῖσθαι
1465 5226 1555 5279 τὸν
1592 5227 1744 5292 Θεὸν,
1779 5231 1836 5281 ἐν
1864 5231 2043 5302 ἐαυτῷ

457 5304 556 5378 τὴν
576 5306 810 5378 ἀμοιϐὴν
826 5307 945 5378 ἔχον
966 5325 980 5341 ο
1013 5308 1204 5362 ἔπειτα
1227 5308 1285 5361 δὲ
1306 5310 1401 5362 καὶ
1423 5308 1494 5362 τά
1517 5311 1805 5383 ἀπόρρητα
1831 5315 2038 5383 ἐκεῖνα,

519 5400 547 5429 ⁸
570 5401 722 5451 Savil.
744 5405 789 5451 οἰ
823 5403 917 5452 υἱοί
941 5421 1050 5455 σου.

518 5460 1019 5548 Ξὲξξρξψξξςςξμ
1038 5465 1588 5548 ,εξίὶέειῖηχυχειεκεεςκ
1607 5483 1886 5548 perperam
1915 5471 2042 5522 Infra

460 5524 807 5595 ἀσθενεστέροις
832 5527 1006 5595 Μφτρι.
1026 5529 1126 5578 Alii
1150 5541 1268 5595 vago
1296 5524 1468 5595 qrhues
1487 5524 1822 5595 ἀτελέστέροις.

524 5588 548 5658 ξ
571 5585 727 5658 _S_qvil'.
742 5591 903 5658 ’χαμαί
925 5591 1196 5658 βλέποντας.
1213 5590 1367 5641 Paulo
1390 5598 1504 5653 post
1523 5594 1657 5644 idem
1676 5585 1867 5653 Παῦλος
1889 5596 2042 5657 ποιεῖ;

458 5647 549 5714 καὶ.
562 5647 792 5714 ἀλλαχοῦ.
808 5647 910 5714 Καὶ
924 5647 1031 5714 γάρ.
1390 5647 1409 5653 ’
1855 5647 1867 5653 ⁷
1994 5664 2000 5673 ·

521 5710 554 5747 d
582 5709 742 5777 ξενίῃ.
768 5709 945 5777 αὐτοῦξ
969 5709 1028 5762 Ὅ
1049 5714 1101 5763 δὲ
1119 5714 1339 5777 Χριστός.

527 5781 563 5840 ξ
579 5772 730 5840 ξανῌλ.
751 5774 985 5840 κεφάλαια
1013 5772 1214 5839 μεγάλα.

542 5827 563 5866 ί
586 5830 733 5883 Smil.
766 5827 847 5897 μὲν
872 5834 968 5884 οὖν.

1123 333 1486 394 SJOANNIS
1521 335 2015 396 CIIRYSOSTOMI
2045 338 2372 401 ARCHIEP.
2408 339 2963 400 CONSTANTINOP.

3614 345 3724 408 5'70

2140 462 2204 516 Ἅ
2237 460 2549 531 ὀφθαλμὸς
2575 460 2689 515 οὐκ
2729 453 2873 525 εῖδε,
2915 457 3013 513 καί
3043 452 3157 525 οὖς
3191 460 3304 514 οὐκ
3332 457 3587 529 ἢκουσε,
3623 465 3727 520 καὶ

2133 543 2234 597 ἐπί
2271 543 2525 612 καρδίαν
2545 541 2861 611 ἀνθρώπου
2883 543 2995 595 οὐκ
3032 541 3239 610 ἀνέϐη.
3270 544 3621 614 Εὑλογήσαι
3649 562 3729 603 σε

2137 625 2354 693 Κύριος
2383 624 2452 680 ἐκ
2478 622 2653 687 Σιὼν,
2680 622 2781 677 καὶ
2811 622 2963 689 ῑδοις
2993 621 3068 677 τὰ
3091 623 3285 693 ἀγαθά
3304 625 3721 698 Ἰερουσαλήμ.

2137 709 2387 781 Ἕτερος,
2406 707 2514 762 Καὶ
2535 707 2646 775 ὅρα
2663 706 2734 760 ἐν
2756 705 2999 776 ἀγαθοῖς
3026 705 3427 778 Ἰερουσαλήμ
3445 710 3493 762 3.
3520 710 3610 779 Ἀγ
3620 711 3725 767 aea:

2136 792 2235 865 τὴν
2264 793 2421 846 πόλιν
2449 791 2623 860 λέγει,
2659 789 2751 845 τὸν
2790 788 3017 844 πλοῦτον
3037 829 3052 853 ,
3098 791 3197 862 τὴν
3240 792 3595 864 εὐπρέπειαν,
3628 795 3727 858 τάς

2136 877 2314 940 νίκας,
2351 875 2450 937 τὰς
2489 872 2677 944 τιμὰς,
2721 871 2819 943 τὴν
2849 872 3125 945 εὐθηνίαν,
3155 874 3255 946 τὴν
3284 874 3595 947 εὐετηρίαν,
3626 875 3725 949 τὴν

2136 959 2460 1029 ἀσφάλειαν,
2490 959 2591 1029 τὴν
2620 958 2867 1028 εἰρήνην.

2207 1043 2271 1097 δ’.
2304 1042 2513 1108 Πάσας
2537 1042 2642 1107 τὰς
2671 1040 2899 1110 ἡμέρας
2923 1037 3030 1106 τῆς
3055 1037 3202 1107 ζωῆς
3239 1055 3377 1094 σου·
3416 1040 3614 1103 καλῶς
3654 1043 3721 1112 τῇ

2137 1125 2428 1199 προσθήκῃ
2453 1125 2565 1179 τῶν
2595 1124 2821 1195 ήμερῶν
2858 1124 3143 1195 κέχρηται.
3173 1124 3286 1178 Καὶ
3316 1125 3425 1197 γὰρ
3448 1125 3724 1182 καὶτοῦτο

2140 1211 2377 1282 μάλιστα
2406 1211 2634 1281 σημεῖον
2663 1204 2734 1280 ἦν
2770 1207 2866 1261 τοῦ
2894 1207 3046 1279 παρά
3080 1206 3177 1261 τοῦ
3206 1207 3340 1261 Θεοῦ
3366 1208 3397 1249 ιι
3426 1210 3601 1264 ταῦτα
3642 1210 3721 1263 δί⁴

2136 1291 2348 1360 δοσθαι,
2374 1292 2598 1363 καὶτῆς
2643 1290 2901 1364 προνοίας
2936 1288 3104 1345 αὐτοῦ
3147 1289 3376 1361 δεῖγμα,
3416 1290 3478 1345 τὸ
3512 1291 3588 1363 μὴ
3618 1290 3727 1347 πά·

2140 1393 2293 1448 σχειν
2317 1394 2370 1431 τι
2421 1374 2783 1447 ἀνθρώπινον,
2824 1373 2961 1446 μηδὲ
3009 1374 3393 1445 μεταπίπτειν,
3428 1378 3524 1430 καὶ
3560 1393 3727 1447 μετα·

2140 1460 2302 1533 ϐολήν
2334 1460 2651 1531 ὑπομένειν,
2681 1459 2821 1531 πλὴν
2862 1459 3046 1513 είποτε
3076 1458 3353 1528 ὀργισθεὶς
3381 1458 3522 1513 αὐτά
3549 1459 3725 1514 διέκο-

2137 1542 2229 1614 ψε.
2261 1543 2375 1598 Καὶ
2395 1543 2547 1609 ἴδοις
2571 1542 2745 1609 υἱοὺς
2770 1540 2892 1596 τῶν
2922 1541 3071 1596 υίῶν
3090 1558 3227 1596 σου.
3252 1543 3364 1597 Καὶ
3391 1542 3495 1613 μὴν
3516 1542 3719 1607 πολλοὶ,

2141 1627 2296 1698 φησὶ,
2321 1625 2646 1697 φοϐούμενοι
2666 1626 2757 1679 τὸν
2785 1624 2918 1678 Θεὸν
2938 1628 2996 1679 ἐν
3022 1625 3247 1696 ἀπαιδίᾳ
3273 1626 3595 1681 διετέλεσαν.
3611 1628 3723 1682 Καὶ

2137 1710 2192 1764 τί
2232 1710 2423 1769 τοῦτο;
2457 1710 2530 1763 Οὐ
2571 1710 2682 1781 γὰρ
2714 1708 2802 1763 ἐπὶ
2855 1710 2969 1773 τοῖς
3009 1707 3273 1779 παροῦσιν
3312 1708 3719 1780 ἀπεδυσάμεθα,

2140 1791 2277 1846 ἀλλά
2304 1792 2733 1864 προηγουμένως
2777 1790 2877 1864 μὲν
2915 1791 3008 1844 ἐπὶ
3050 1790 3126 1861 τῷ
3164 1791 3418 1862 ἀρέσκειν
3449 1790 3526 1862 τῷ
3564 1791 3719 1862 Θεῷ·

2138 1877 2333 1931 ἔπειτα
2356 1877 2414 1931 δέ
2449 1876 2541 1930 ἐπὶ
2587 1879 2709 1940 ταῖς
2745 1874 3065 1947 μελλούσαις
3094 1874 3294 1928 ἐλπίσι.
3325 1874 3436 1938 Καὶ
3472 1875 3593 1928 τότε
3622 1874 3720 1946 μὲν

2139 1960 2313 2014 ταῦτα
2334 1954 2403 2030 ῆν
2435 1959 2506 2013 τά
2531 1958 2772 2013 έπαθλα⁴
2805 1958 2902 2012 νῦν
2931 1958 2986 2012 δὲ
3013 1958 3240 2029 οὐρανὸς
3269 1958 3363 2011 καὶ
3384 1958 3452 2011 τά
3476 1959 3532 2012 ἐν
3558 1960 3723 2030 οὐρα-

2140 2047 2255 2108 νοῖς
2279 2043 2483 2112 ἀγαθά.
2517 2044 2580 2097 Εἰ
2604 2042 2662 2096 δέ
2694 2042 2769 2114 μὴ
2799 2041 2957 2113 ἔσχες
2979 2041 3194 2105 παῖδας,
3217 2041 3247 2093 6
3277 2039 3605 2112 φοϐούμενος
3628 2041 3721 2095 τὸν

2139 2129 2291 2197 Θεὸν,
2309 2130 2473 2184 πόθεν
2500 2127 2676 2195 οἶσθα,
2699 2131 2749 2185 εἰ
2783 2130 2856 2200 μὴ
2881 2129 2981 2199 τῆς
3006 2127 3312 2199 εὐπραγίας
3337 2126 3537 2198 ταύτης
3559 2126 3722 2198 ἕτερα

2143 2215 2365 2285 μείζονα
2387 2215 2588 2268 ἔδωκεν
2609 2232 2623 2281 ;
2646 2215 2723 2267 υύ
2748 2213 2858 2285 γὰρ
2877 2212 2959 2266 ἐνὶ
2978 2212 3167 2285 τρόπῳ
3194 2211 3401 2277 πάντας
3422 2211 3719 2283 εὐεργετεῖ,

2139 2298 2276 2352 ἀλλά
2293 2298 2589 2370 διαφόρως,
2609 2297 2864 2361 πλούσιος
2890 2295 2988 2352 ὥν.
3009 2297 3170 2350 Πόσοι
3190 2296 3385 2360 παῖδας
3406 2296 3721 2368 ἐσχηκότες,

2139 2383 2267 2444 τοὺς
2290 2382 2391 2435 οὐκ
2419 2380 2648 2452 ἔχοντας
2672 2381 3052 2453 ἐμακάρισαν;
3078 2380 3236 2435 πόσοι
3264 2378 3493 2434 πλοῦτον
3519 2379 3726 2451 κτησά-

2143 2483 2315 2537 μενοι,
2339 2465 2449 2519 τῶν
2474 2470 2723 2538 πενήτων
2751 2464 3080 2536 ἀθλιώτερον
3103 2463 3440 2529 κατέλυσαν;
3464 2461 3619 2516 πόσοι
3637 2461 3724 2516 66-

2142 2550 2239 2621 ξης
2279 2550 2727 2615 ἀπολαύσαντες,
2777 2549 3030 2619 καθάπερ
3079 2548 3325 2620 μαχαίρᾳ
3355 2545 3525 2618 ταύτῃ
3562 2560 3725 2615 περι-

2141 2635 2459 2704 επάρησαν,
2503 2634 2600 2688 καὶ
2629 2632 2697 2687 τά
2734 2633 3010 2702 ἀνήκεστα
3042 2630 3381 2697 πεπόνθασι;
3427 2629 3513 2701 Μὴ
3559 2628 3623 2699 δὴ
3654 2626 3725 2682 ea:

2142 2715 2447 2788 πράγματα
2491 2716 2681 2788 ζήτει,
2719 2715 2853 2786 μηδὲ
2895 2714 3119 2769 ἀπαίτει
3155 2712 3247 2767 τὸν
3297 2713 3430 2767 Θεὸν
3470 2710 3722 2774 εὐθύνας,

2139 2799 2275 2854 ἁλλά
2323 2801 2504 2853 πάντα
2554 2799 2688 2871 φέρε
2723 2797 2986 2868 γενναίως
3014 2797 3111 2850 καὶ
3155 2794 3295 2868 μετά
3338 2793 3723 2866 εὐχαριστίας·

2144 2882 2344 2953 μᾶλλον
2371 2884 2427 2937 δὲ
2464 2882 2658 2953 μηδενὶ
2681 2883 2791 2936 τῶν
2817 2881 3104 2952 παρόντων
3132 2879 3473 2951 προσήλωσο.
3492 2877 3590 2931 Διά
3614 2879 3725 2948 γάρ

2139 2966 2304 3020 τοῦτο
2347 2966 2605 3037 τοιαύτην
2654 2964 2983 3036 ἐκελεύσθης
3036 2963 3289 3035 εὔχεσθαι
3335 2962 3531 3035 εὐχήν,
3571 2962 3630 3014 ἐν

2145 3051 2306 3121 μόνον
2345 3050 2404 3103 ἓν
2444 3051 2653 3121 αἰτημα
2687 3048 2945 3120 αἰσθητὸν
2974 3048 3163 3113 αἰτεῖς,
3210 3048 3306 3101 καὶ
3351 3045 3512 3098 πλέον
3550 3043 3721 3099 οὐδέν.

2144 3132 2295 3205 1564]
2322 3131 2482 3186 Ἀλλά
2505 3133 2599 3187 καὶ
2629 3132 2789 3187 τοῦτο
2816 3131 2893 3203 τῷ
2930 3131 3113 3203 μέτρῳ
3144 3131 3306 3185 πάλιν
3334 3130 3541 3199 γίνεται
3568 3144 3727 3182 πνευ⁴

2145 3217 2394 3287 ματικόν.
2421 3216 2504 3269 Ta
2539 3217 2640 3287 μὲν
2670 3215 2782 3288 γὰρ
2812 3215 2948 3270 ἄλλα
2980 3214 3158 3268 πάντα
3192 3216 3324 3286 περὶ
3359 3211 3603 3285 οὐρανῶν
3628 3210 3727 3264 καὶ

2140 3299 2240 3368 τῆς
2291 3298 2409 3350 ἐκεῖ
2454 3296 2765 3367 βασιλείας,
2805 3297 2902 3350 καὶ
2936 3296 3036 3366 τῆς
3078 3293 3340 3367 ἀκριϐοῦς
3371 3295 3389 3334 ί
3419 3293 3724 3356 πολιτείας,

2142 3381 2358 3451 καὶτῆς
2383 3383 2493 3436 τῶν
2525 3381 2945 3453 ἁμαρτημάτων
2967 3379 3284 3450 ἀπαλλαγῆς
3314 3380 3446 3449 ήμῖν
3474 3379 3686 3449 εἴρηται
3706 3391 3723 3406 ⁸

2143 3466 2284 3537 ὑπὲρ
2304 3466 2359 3520 δὲ
2382 3466 2656 3537 αἰσθητῶν
2678 3466 2807 3537 μίαν
2825 3465 2971 3530 λέξιν
2992 3462 3325 3532 κελεώμεθα
3349 3462 3545 3531 λέγειν.
3560 3459 3726 3514 Ποίαν

2141 3548 2198 3601 δέ
2241 3549 2482 3621 ταύτην;
2532 3549 2643 3603 Τὸν
2675 3548 2858 3617 ἄρτον
2898 3546 3070 3617 ἡμῶν
3109 3545 3219 3601 τὸν
3267 3547 3579 3600 ἐπιούσιον
3620 3542 3728 3608 δός

2143 3631 2289 3700 ἡμῖν
2318 3632 2607 3701 σήμερον,
2633 3633 2725 3686 καὶ
2753 3631 2915 3685 πλέον
2948 3630 3101 3684 οὐδέν
3125 3626 3172 3685 i.
3209 3629 3427 3700 Ἐπειδὴ
3452 3628 3562 3700 γάρ
3591 3626 3729 3697 πρὸς

2143 3714 2334 3786 ἐτέραν
2363 3715 2547 3769 λοιπὸν
2571 3714 2886 3785 καλούμεθα
2919 3713 3176 3786 πατρίδα,
3210 3713 3303 3766 καὶ
3332 3712 3469 3783 πρὸς
3505 3710 3730 3780 μείζονα

2147 3798 2562 3869 μετεταξάμεοα
2598 3798 2767 3871 ζωὴν,
2805 3798 2901 3852 καὶ
2942 3796 3042 3861 τὰς
3069 3797 3316 3866 αἰτήσεις
3358 3792 3729 3864 καταλλήλους

2143 3881 2328 3954 ἐκείνῃ
2358 3883 2438 3935 δεῖ
2486 3882 2791 3936 ποιεῖσθαι’
2831 3880 3004 3935 ταῦτα
3048 3880 3106 3933 δὲ
3141 3878 3243 3934 κᾶν
3280 3878 3544 3952 ἐπιρρέῃ,
3587 3876 3730 3948 μετά

2145 3964 2350 4035 πολλῆς
2376 3965 2479 4036 τῆς
2512 3964 2800 4037 ἀκριϐείας
2826 3962 3231 4036 διακρούεσθαι.

2218 4049 2441 4117 Εἰρήνη
2471 4050 2570 4104 ἐπὶ
2597 4049 2706 4103 τὸν
2749 4047 3018 4118 Ἰσραήλ.
3055 4046 3271 4111 ⁸Ἄλλος,
3301 4045 3409 4100 Καὶ
3452 4044 3542 4099 ίὸε
3585 4044 3729 4112 τοὺς

2142 4132 2314 4199 υἱοὺς
2345 4131 2464 4186 τῶν
2508 4131 2658 4187 υἱῶν
2685 4149 2825 4196 σου,
2866 4131 3117 4199 εἰρήνην
3158 4128 3257 4183 ἐπί
3299 4129 3411 4182 τὸν
3461 4127 3727 4196 Ἰσραήλ.

2144 4216 2301 4270 Κατά
2331 4214 2510 4270 κοινοῦ
2549 4217 2581 4285 ή
2623 4216 2779 4286 εὐχή.
2820 4215 2992 4268 Τοῦτο
3024 4212 3135 4284 γὰρ
3167 4211 3402 4284 μάλιστα
3448 4210 3724 4277 ποθοῦσιν,

2144 4299 2240 4353 ac:
2271 4297 2468 4371 μακρῷ
2519 4297 2964 4370 τεταριχευμένοι
3005 4297 3247 4368 πολέμῳ.
3279 4296 3345 4348 Τί
3388 4294 3499 4365 γάρ
3536 4293 3731 4363 ὄφελος

2145 4383 2329 4446 αὐτοῖς
2358 4381 2467 4438 τῶν
2499 4383 2696 4446 ἄλλων,
2723 4383 2946 4453 εἰρήνης
2972 4381 3073 4435 οὐκ
3104 4379 3305 4451 οὐσης;
3334 4380 3407 4432 Τὸ
3431 4379 3610 4433 τοίνυν
3635 4396 3730 4433 κει

2146 4467 2371 4537 φάλαιον
2402 4466 2512 4520 τῶν
2565 4466 2787 4536 ἀγαθῶν
2815 4465 2924 4519 τῶν
2954 4465 3074 4519 τότε
3095 4505 3112 4529 ,
3161 4465 3256 4518 καὶ
3296 4464 3392 4534 τῆν
3427 4463 3728 4532 ἀσφάλειαν

2144 4551 2323 4605 αὐτῶν
2342 4550 2758 4620 ἐπαγγέλλεται,
2794 4549 2894 4621 τὴν
2921 4550 3164 4621 εἰρήνην,
3194 4548 3289 4601 καὶ
3313 4545 3519 4618 ταύτην
3547 4545 3728 4616 διηνε-

2144 4634 2216 4705 κῆ
2237 4650 2253 4664 ·
2280 4634 2417 4705 ὅπερ
2447 4633 2681 4704 μάλιστα
2710 4634 2810 4704 τῆς
2836 4630 2931 4685 τοῦ
2979 4631 3115 4685 Θεοῦ
3144 4630 3401 4702 προνοίας
3454 4629 3635 4701 ἔργον,
3665 4629 3731 4685 τὸ

2145 4720 2238 4773 καὶ
2262 4717 2444 4771 δοῦναι
2499 4717 2593 4770 καὶ
2644 4715 2718 4788 μὴ
2745 4716 2962 4785 ἀφεῖναι
2995 4715 3294 4769 διαπεσεῖν.
3356 4713 3575 4784 Ἐπειδὴ
3619 4712 3729 4785 γάρ

2144 4800 2282 4872 αὐτὴ
2302 4800 2411 4853 τῶν
2432 4799 2788 4871 ἀνθρωπίνων
2809 4799 2842 4869 ή
2875 4796 3037 4866 φύσις
3066 4797 3264 4870 ρευστή
3290 4796 3376 4860 τίς
3401 4798 3517 4849 ἐστι
3545 4798 3639 4849 καὶ
3663 4796 3729 4849 οὐ

2143 4883 2391 4954 διαρκὴς,
2411 4882 2627 4945 δεικνὺς
2654 4882 2736 4935 ὅτι
2767 4881 2865 4951 οὐχ
2883 4879 3070 4945 ἀπλῶς
3104 4882 3288 4945 αὐτοῖς
3321 4880 3498 4933 ἔπεισι
3530 4879 3724 4945 ταῦτα,

2144 4966 2257 5020 ἀλλ’
2282 4967 2393 5020 ἀπὸ
2433 4966 2536 5036 τῆς
2575 4964 2781 5020 ἀνωθεν
2812 4965 3004 5035 ῥοπῆς,
3026 4963 3123 5017 καὶ
3156 4964 3403 5028 νεύοντος
3429 4963 3523 5017 τοῦ
3568 4964 3723 5031 Θεοῦ,

2143 5049 2355 5116 Πάσας
2381 5050 2490 5115 τὰς
2525 5047 2752 5118 ’ἡμέρας
2782 5043 2926 5112 εἷπε,
2970 5049 3067 5102 καὶ
3093 5048 3318 5120 εἰρήνην
3364 5047 3729 5119 ἐπηγγείλατο

2142 5134 2362 5205 διαρκῆ.
2390 5135 2501 5187 Καὶ
2522 5132 2714 5202 γέγονε
2732 5132 2911 5198 τοῦτο,
2942 5131 3002 5186 τὸ
3037 5131 3169 5200 γοῦν
3193 5134 3275 5193 εἰς
3295 5130 3387 5185 τὸν
3413 5132 3547 5185 Θεὸν
3567 5126 3724 5204 ἧκον.

2146 5218 2209 5270 Εἰ
2241 5216 2297 5269 δὲ
2320 5217 2569 5288 διεκόπη,
2598 5214 2761 5270 πάλιν
2783 5214 2892 5269 ἀπὸ
2913 5216 3012 5287 τῆς
3066 5214 3290 5270 ἐκείνων
3342 5214 3605 5286 πονηρίας
3628 5216 3726 5283 γέ-

2144 5316 2268 5369 γονε
2297 5298 2601 5354 καὶτοῦτο.
2650 5298 2858 5371 Ὥσπερ
2901 5297 3009 5370 γὰρ
3046 5297 3173 5352 ὅταν
3223 5296 3422 5367 ἀπειλῇ
3476 5296 3730 5358 κολάσεις

2208 5390 2504 5466 Βλῌίοὶιιιιυε
2523 5405 2551 5439 a
2572 5390 2720 5441 Savil.
2746 5390 2797 5439 in
2816 5392 3038 5453 margine
3063 5390 3241 5439 allatus
3260 5388 3427 5451 adjicit
3450 5388 3531 5436 καὶ
3544 5388 3648 5437 τίνα
3665 5387 3732 5437 τὰ.

2144 5454 2437 5515 ἀγαθά;εἰπέ
2459 5469 2555 5525 μοι.
3206 5509 3231 5520 υ
3352 5509 3377 5519 η

2208 5514 2237 5584 ξι
2258 5514 2337 5584 με
2359 5514 2510 5584 ξενίη.
2537 5519 2696 5584 tege.
2723 5511 2896 5584 Morel:
2922 5511 2979 5584 τὸ
2999 5511 3236 5584 παρὰητου
3257 5511 3398 5584 Θεου.
3415 5572 3425 5584 ι
3532 5583 3535 5584 ν
3576 5578 3587 5584 μ
3622 5572 3638 5584 ρ
3677 5570 3701 5584 η

2188 5578 2227 5651 ,1
2257 5574 2406 5651 Savi!.
2432 5575 2691 5651 βασιλείας,
2712 5576 2819 5639 περὶ
2835 5579 2921 5632 τῆς
2956 5572 3201 5637 ἀκριϐοῦς,
3224 5578 3280 5622 ει
3313 5572 3461 5634 paulo
3483 5578 3596 5633 post
3611 5572 3728 5633 ἡμῖν

2147 5640 2359 5771 λέξεῗῶ
2371 5638 2686 5771 εορδέν
2702 5696 2847 5771 an:qu
2863 5696 3019 5771 βίη-η.
3044 5697 3098 5771 ἥρ
3133 5696 3353 5771 τυπείης
3377 5700 3434 5745 ιιι
3452 5691 3729 5771 variata}:

2153 5762 2382 5822 clioucm.
2413 5756 2534 5808 Ibid.
2558 5759 2658 5822 duo
2680 5759 2822 5822 θρίω.
2863 5759 3027 5805 λοιπὸν
3047 5753 3383 5822 ἀπελυσάμεθα
3403 5772 3543 5819 πατρ.
3583 5753 3731 5808 “In:

2157 5821 2490 5884 ἐπιδυσάμεθα,
2516 5821 2659 5877 ει,εἰο
2691 5819 2841 5871 Βαγίι.
2867 5821 2919 5869 in
2941 5832 3094 5883 marg.
3267 5819 3277 5822 ⁷
3348 5828 3356 5833 “
