4112 6342
259 415 274 424 ,.
299 361 397 419 369

300 482 486 532 cuneta
513 490 633 545 qure
659 474 939 530 accidunt:
967 471 1070 529 hoc
1090 479 1172 528 est
1191 472 1388 542 quippe
1410 471 1743 542 martyrium.
1763 468 1878 524 Non

302 567 442 620 enim
469 580 591 621 eum
620 565 707 634 qui
733 563 1034 618 sacriﬁcare
1057 562 1290 632 jubetur,
1321 577 1425 614 non
1449 560 1766 624 sacriﬁcare,
1789 559 1884 614 sed

295 659 483 724 potius
509 655 750 709 dilaniari
789 663 843 706 et
880 652 1241 708 excarniﬁcari
1263 667 1420 721 quam
1447 651 1547 705 hoc
1566 649 1761 716 facere,
1797 665 1889 703 so-

307 747 416 799 lum
447 746 572 800 facit
602 746 946 816 martyrium:
974 744 1067 799 sed
1094 745 1252 799 etiam
1298 759 1420 799 cum
1467 743 1620 798 dolor
1662 743 1888 812 impellit

308 837 375 891 ad
419 837 914 907 hlasphemandum,
946 838 1238 890 toleranter
1266 837 1443 905 potius
1472 835 1610 890 ferre
1652 835 1886 890 laborem

309 939 564 995 statuere,
590 940 641 983 et
663 930 792 983 nihil
815 929 1146 983 inhonestum
1169 929 1364 994 dicere,
1392 940 1675 1000 martyrem
1702 929 1884 984 efﬁcit.

309 1022 412 1077 Job
452 1023 592 1076 enim
635 1037 738 1075 non
784 1021 901 1075 ideo
931 1021 1028 1074 fuit
1057 1031 1362 1086 coronatus,
1408 1021 1549 1090 quod
1589 1021 1888 1074 sacriﬁcare

310 1114 485 1183 jussus
514 1129 618 1166 non
643 1112 1038 1176 sacriﬁcaverit,
1067 1112 1161 1166 sed
1192 1112 1332 1180 quod
1360 1111 1568 1166 dolores
1591 1121 1644 1166 et
1673 1112 1889 1166 calami-

313 1215 446 1260 tates
473 1205 591 1258 forti
616 1206 792 1259 animo
813 1219 1095 1274 perpessus
1116 1203 1203 1258 sit.
1228 1206 1525 1274 Quinetiam
1555 1205 1744 1260 Paulus
1763 1221 1888 1274 pro-

313 1307 494 1366 pterea
518 1299 684 1351 victor
707 1297 1039 1352 renuntiatus
1063 1308 1163 1364 est,
1186 1308 1404 1368 propter
1425 1297 1648 1367 ﬂagella,
1676 1311 1892 1368 propter

315 1390 647 1457 afﬁictiones,
677 1400 895 1460 propter
921 1390 1022 1445 alia
1048 1407 1164 1461 qua:
1192 1392 1442 1446 sustinuit
1462 1407 1580 1445 enm
1601 1396 1892 1460 gratiarum

315 1495 541 1538 actione.
569 1484 621 1536 2.
652 1483 867 1538 Labores
884 1501 1120 1538 manuum
1137 1487 1706 1554 tuarummandncabis;
1724 1491 1894 1543 beatus

315 1594 386 1640 es,
413 1585 459 1630 et
488 1576 606 1630 bene
632 1575 718 1629 tibi
748 1577 859 1630 erit.
889 1577 1001 1645 Qua
1027 1576 1095 1631 de
1124 1592 1279 1630 causa
1304 1579 1455 1631 iterat
1483 1578 1893 1634 beatitudinem?

317 1669 578 1735 Quoniam
624 1674 769 1722 novit
811 1670 924 1738 ejus
972 1670 1402 1740 magnitudinem,
1457 1672 1509 1724 in
1565 1671 1643 1726 rei
1689 1673 1893 1728 visione

317 1761 721 1830 contemplanda
742 1760 976 1830 jucunde
1004 1761 1332 1816 immoratur.
1363 1762 1430 1816 Et
1453 1764 1704 1833 quidnam
1739 1765 1890 1832 illud,

317 1853 487 1907 Bene?
513 1855 565 1909 5.
599 1851 740 1907 Uxor
763 1861 850 1905 tua
877 1853 1002 1906 sicut
1027 1854 1138 1906 vitis
1169 1853 1430 1908 abundans
1459 1855 1511 1906 in
1540 1854 1776 1908 lateribus
1801 1855 1896 1908 do-

318 1962 430 1998 mus
451 1955 563 1999 tuaz.
589 1946 756 2010 Alius,
780 1943 845 1998 In
863 1945 1218 2014 penetralibus.
1235 1946 1402 2012 Alius,
1422 1945 1487 2000 In
1509 1949 1778 2018 femoribus
1793 1949 1890 2023 (a).

321 2033 447 2088 Filii
476 2035 548 2088 tui
575 2036 698 2089 sicut
727 2036 935 2090 novella:
959 2036 1203 2090 olivarum
1227 2039 1278 2090 in
1307 2038 1521 2092 circuitu
1545 2056 1733 2094 mensa
1767 2051 1888 2098 tute.

321 2126 374 2180 4.
405 2125 537 2180 Ecce
556 2127 626 2180 sic
648 2127 962 2181 benedicetur
990 2129 1138 2181 homo
1166 2129 1252 2199 qui
1276 2132 1412 2184 timet
1439 2129 1730 2185 Dominum.
1758 2134 1893 2200 Quid

324 2217 476 2280 dicis,
505 2217 718 2287 quzuso?
747 2218 860 2272 haec
884 2227 966 2273 est
989 2217 1280 2285 beatitudo,
1316 2220 1417 2278 hoc
1441 2221 1682 2276 lucrum?
1711 2223 1896 2279 dome-

325 2307 472 2361 sticae
502 2309 687 2377 copia},
721 2317 776 2363 et
802 2309 911 2363 suis
939 2307 1038 2362 frui
1066 2309 1360 2375 laboribus,
1385 2311 1666 2367 multitudo
1702 2313 1902 2369 libero-

326 2415 465 2465 rum,
509 2409 562 2454 et
600 2400 762 2453 uxor?
804 2399 920 2454 Non
951 2400 1052 2454 hoc
1091 2400 1324 2470 quidem,
1356 2401 1447 2456 sed
1479 2401 1582 2457 hoc
1606 2419 1674 2458 ex
1700 2399 1900 2459 redun-

327 2491 471 2545 danti
500 2489 724 2560 quadam
769 2491 920 2560 cepia
971 2491 1194 2546 accedit.
1249 2490 1469 2556 Quaerite
1511 2494 1676 2560 enim,
1706 2495 1897 2564 inquit,

275 2617 280 2622 -
327 2599 535 2652 regnum
562 2582 680 2648 Dei,
709 2592 756 2637 et
785 2592 962 2637 caetera
987 2584 1288 2656 adjicientur
1321 2586 1456 2639 vobis
1490 2585 1642 2655 (Luc.
1671 2587 1757 2640 l2.
1787 2589 1898 2660 51).

326 2674 583 2740 Quoniam
615 2691 742 2744 ergo
784 2676 1087 2745 loquebatur
1132 2692 1252 2731 cum
1298 2678 1361 2732 iis
1396 2679 1482 2749 qui
1525 2689 1676 2733 erant
1720 2679 1894 2735 adhuc

330 2765 720 2830 imbecilliores,
743 2773 1006 2836 tamquam
1031 2767 1276 2836 parvulos
1299 2767 1496 2823 inducit
1515 2784 1581 2823 ex
1602 2770 1760 2825 rebus
1776 2785 1900 2825 sen-

329 2854 535 2907 silibus.
560 2853 740 2924 Neque
765 2871 890 2910 vero
913 2856 1142 2911 mireris.
1169 2857 1224 2913 Si
1249 2858 1390 2912 enim
1422 2859 1616 2912 Paulus
1645 2859 1746 2914 hoc
1775 2860 1902 2915 facit

332 2953 569 3014 tempore
598 2955 754 3000 tanta:
784 2947 1155 3017 philosophiae,
1184 2964 1302 3003 cum
1326 2950 1404 3004 eis
1438 2951 1526 3020 qui
1555 2951 1730 3006 adhuc
1756 2951 1902 3007 humi

330 3038 640 3105 repebant‘,
671 3053 735 3092 ex
779 3039 862 3093 his
887 3039 1179 3106 disserens,
1227 3042 1394 3094 multo
1425 3043 1591 3112 magis
1621 3044 1898 3114 propheta.

331 3125 429 3182 Ubi
456 3143 582 3182 vero
613 3128 664 3182 id
691 3129 814 3182 facit
830 3130 1056 3185 Paulus?
1073 3131 1246 3185 Multis
1273 3135 1324 3186 in
1354 3132 1503 3186 locis.
1523 3135 1742 3201 Quando
1760 3138 1900 3192 enim

334 3219 400 3273 de
428 3220 729 3291 virginitate
757 3222 992 3291 disserit,
1018 3225 1145 3278 nihil
1174 3226 1302 3280 dicit
1325 3225 1392 3280 de
1417 3227 1496 3282 eis
1523 3244 1640 3298 qum
1664 3229 1764 3283 illis
1780 3239 1904 3285 sunt

333 3319 609 3379 eventura,
641 3312 732 3367 sed
776 3314 923 3382 ponit
949 3323 1152 3369 tantum
1187 3315 1552 3372 liberationem
1584 3334 1612 3371 a
1641 3321 1900 3375 molestiis

332 3403 655 3456 matrimonii
686 3404 762 3474 (l.
791 3402 909 3458 Cor.
945 3405 994 3458 7.
1020 3405 1148 3476 28):
1179 3415 1286 3460 tum
1318 3407 1475 3460 etiam
1502 3409 1711 3478 quando
1735 3411 1904 3482 loqui-

333 3500 418 3546 tur
437 3492 505 3548 de
530 3493 731 3549 honore
758 3495 808 3549 in
834 3506 1096 3566 parentes,
1129 3498 1316 3552 eodem
1356 3499 1512 3553 modo
1543 3517 1668 3556 usus
1696 3512 1798 3569 est,
1833 3505 1901 3557 ita

331 3583 547 3642 dicens:
575 3585 723 3653 Quod
749 3598 820 3641 est
848 3589 1064 3656 primum
1090 3591 1380 3644 mandatum
1407 3593 1460 3644 in
1495 3595 1903 3660 promissionibus

337 3673 550 3743 (Ep/tes.
594 3677 646 3732 6.
697 3675 773 3749 2).
809 3679 958 3745 Quod
988 3689 1069 3733 est
1101 3689 1277 3734 autem
1307 3682 1646 3738 mandatum?
1690 3683 1903 3741 Honora

333 3774 522 3832 patrem
548 3776 690 3820 tuum
719 3778 765 3821 et
793 3779 1023 3836 matrem,
1049 3780 1094 3824 et
1123 3773 1220 3824 eris
1249 3771 1500 3843 longaevus
1527 3791 1677 3844 super
1697 3785 1900 3831 terram.

329 3857 627 3922 Quinetiam
668 3861 878 3930 quando
907 3863 1090 3916 scribit
1131 3863 1199 3918 de
1235 3866 1560 3922 ostendenda
1585 3869 1636 3922 in
1665 3869 1904 3926 inimicos

330 3947 685 4019 philosophia,
717 3954 908 4007 sensile
933 3968 1120 4008 rursus
1137 3957 1410 4023 praemium
1429 3960 1673 4028 proponit
1689 3960 1901 4016 dicens:

331 4037 445 4091 Hoc
457 4040 588 4092 enim
601 4041 810 4109 faciens,
826 4043 1062 4098 carbones
1082 4045 1210 4116 ignis
1225 4063 1456 4116 congeres
1471 4065 1622 4120 super
1634 4055 1904 4122 caputeius

329 4128 730 4198 (Βοηι.1“2.20;
755 4132 940 4187 Matth.
964 4134 1050 4190 19.
1081 4134 1193 4208 12).
1225 4137 1464 4192 Christus
1483 4149 1656 4195 autem
1674 4158 1778 4196 non
1796 4143 1900 4198 sic:

329 4236 498 4290 neque
524 4224 664 4277 enim
684 4239 801 4279 cum
821 4225 1093 4280 imbecillis
1109 4227 1368 4297 loquitur;
1404 4230 1497 4284 sed
1528 4231 1582 4284 in
1607 4233 1904 4302 virginitate

327 4312 538 4381 quidem
570 4316 812 4385 proponit
837 4331 1077 4387 regnum,
1107 4318 1160 4372 in
1196 4319 1436 4374 amandis
1477 4331 1652 4376 autem
1677 4323 1906 4380 inimicis

326 4404 583 4472 promittit
603 4404 714 4460 fore
728 4407 818 4460 Dei
838 4409 1057 4475 similes,
1079 4420 1330 4480 quantum
1347 4423 1564 4480 possunt
1580 4414 1820 4471 homines
1829 4434 1906 4472 es«

327 4509 384 4550 se
408 4496 496 4551 Dei
514 4497 714 4553 similes
729 4498 939 4569 (Matth.
963 4502 1016 4558 5.
1029 4503 1117 4559 44.
1134 4503 1248 4572 45).
1273 4503 1727 4570 Quemadmodum
1746 4509 1905 4564 etiam

326 4588 380 4642 in
401 4587 596 4655 Veteri,
623 4590 708 4646 ubi
734 4591 1110 4648 inducebantur
1126 4609 1220 4665 per
1239 4597 1473 4662 sensilia,
1495 4598 1787 4656 videbimus
1813 4617 1904 4657 eos

325 4681 414 4749 qui
443 4681 616 4734 sciunt
643 4683 1026 4752 phil050phari,
1061 4686 1237 4741 induci
1264 4702 1293 4740 a
1318 4688 1628 4757 majoribus.
1653 4689 1706 4744 Id
1729 4701 1902 4747 autem

329 4770 522 4824 Paulus
566 4772 869 4842 signiﬁcans
912 4775 1335 4832 dicebatzluxta
1361 4779 1513 4847 [idem
1542 4781 1763 4850 defuncti
1787 4793 1904 4838 sunt

329 4877 498 4915 omnes
527 4864 606 4917 isti
649 4882 748 4918 non
785 4869 1002 4936 acceptis
1047 4871 1475 4938 promissionibus,
1508 4875 1594 4926 sed
1627 4877 1697 4928 eis
1725 4876 1903 4945 procul

328 4953 446 5005 visis
474 4962 520 5006 et
546 4955 776 5011 salutatis
803 4957 982 5028 (llebr.
1008 4960 1097 5014 11.
1126 4960 1232 5030 15).
1262 4962 1373 5016 Non
1401 4974 1483 5018 est
1507 4979 1634 5034 ergo
1661 4965 1774 5020 hare
1794 4967 1904 5020 sola

330 5059 537 5099 merces
565 5061 748 5101 eorum
775 5049 861 5118 qui
909 5050 1072 5104 Deum
1117 5053 1323 5118 timent,
1361 5053 1458 5108 frui
1490 5057 1650 5110 rebus
1687 5057 1815 5122 suis,
1849 5065 1906 5110 ut

327 5143 452 5190 sunt
470 5151 602 5190 uxor
621 5145 678 5192 et
700 5137 875 5204 liberi,
905 5141 1083 5210 reique
1109 5141 1410 5197 domesticae
1439 5145 1787 5213 prosperitas;
1811 5147 1905 5202 sed

328 5227 442 5284 lucc
466 5229 677 5298 quidem
707 5239 830 5284 sunt
854 5247 919 5285 ex
947 5233 1444 5302 superabundantia,
1467 5243 1521 5289 et
1541 5236 1704 5290 instar
1729 5237 1907 5306 cujus-

325 5319 446 5376 dam
465 5320 825 5377 additameuti:
841 5323 1100 5394 prmeipua
1112 5333 1285 5379 autem
1303 5337 1444 5390 sunt,
1456 5328 1679 5396 primum
1692 5328 1904 5397 quidem

329 5411 430 5467 hoc
456 5413 648 5482 ipsum,
683 5413 846 5469 Deum
875 5415 1080 5481 timere,
1112 5415 1253 5485 quod
1279 5417 1330 5470 in
1361 5418 1538 5486 seipso
1561 5420 1794 5473 continet
1819 5436 1904 5474 re-

329 5503 785 5561 munerationem:
813 5503 1007 5560 deinde
1046 5521 1238 5560 arcana
1283 5506 1390 5572 illa,
1427 5506 1551 5572 Quae
1587 5507 1759 5562 oculus
1799 5526 1901 5563 non

329 5592 472 5661 vidit,
499 5610 588 5648 nec
613 5596 752 5650 auris
777 5597 988 5664 audivit,
1019 5613 1111 5652 nec
1134 5598 1188 5652 in
1212 5614 1299 5652 cor
1326 5598 1543 5654 hominis
1569 5602 1901 5655 ascenderunt

392 5731 412 5798 ξ
445 5730 605 5798 savii,
627 5746 678 5783 in
695 5738 875 5785 terram
897 5733 1238 5798 despiciebant.

391 5791 464 5855 (a)
498 5795 550 5844 tti
573 5796 868 5862 interpretes
887 5791 1078 5862 quinam
1093 5800 1192 5848 sint.
1213 5810 1406 5862 prorsus
1420 5798 1680 5862 ignoratur.

1389 356 1744 415 EXPOSITEO
1781 357 1846 420 IN
1883 354 2201 415 PSALMUM
2239 355 2493 414 CXXVII.

3481 361 3540 415 3';
3551 365 3588 416 0

1997 473 2074 538 (1.
2099 473 2216 526 Cor.
2240 474 2292 526 :2.
2323 473 2400 545 9).
2427 475 2479 529 5.
2499 473 2770 530 Benedicat
2795 476 2882 531 tibi
2905 475 3154 532 Dominus
3179 493 3244 533 ea;
3265 477 3412 542 Sion,
3437 490 3483 532 et
3509 480 3585 532 vi-

1999 567 2119 621 deas
2161 567 2294 620 bona
2321 567 2625 622 Jerusalem.
2670 569 2841 636 Alius,
2870 569 2939 624 Et
2967 570 3079 624 vide
3105 572 3158 624 in
3187 571 3330 625 bonis
3368 571 3583 625 Jerusa-

1999 655 2096 710 lem
2113 655 2207 728 (a).
2231 658 2375 712 Bona
2403 658 2532 713 dicit
2552 659 2839 726 civitatem,
2864 660 3093 725 divitias,
3118 662 3388 727 decorem,
3417 663 3579 717 victo-

1993 750 2122 814 rias,
2139 750 2391 817 honores,
2411 752 2838 822 prosperitatem,
2855 753 3198 820 fertilitatem,
3215 755 3579 821 securitatem,

1994 855 2202 910 pacem.

2064 932 2115 986 4,
2155 932 2394 986 Omnibus
2415 933 2586 987 diebus
2607 935 2722 988 vita:
2749 943 2866 988 tute.
2899 935 3128 990 Pulchre
3154 937 3312 992 etiam
3344 951 3466 990 usus
3495 945 3576 992 est

1999 1025 2298 1093 adjectione
2327 1026 2552 1080 dierum.
2584 1028 2714 1082 Erat
2741 1029 2881 1082 enim
2911 1029 3011 1084 hoc
3029 1030 3234 1098 signum
3257 1031 3571 1095 maximum,

2003 1117 2140 1184 quod
2168 1117 2281 1170 lucc
2307 1133 2335 1170 a
2364 1118 2470 1170 Ilco
2498 1118 2765 1182 darentur,
2799 1128 2850 1172 et
2879 1119 2994 1188 ejus
3040 1121 3382 1188 providentiae
3421 1136 3576 1190 argu-

2003 1216 2259 1268 mentum,
2287 1209 2428 1278 quod
2457 1208 2586 1262 nihil
2625 1210 2912 1263 humanum
2960 1220 3282 1278 paterentur,
3327 1225 3424 1265 nec
3450 1225 3575 1264 cor-

1999 1310 2236 1363 ruerent,
2267 1315 2365 1354 nec
2391 1302 2550 1354 ullam
2581 1301 2778 1355 ferrent
2808 1303 3174 1366 mutationem,
3223 1302 3320 1355 nisi
3364 1301 3574 1370 quando

1998 1393 2298 1461 indignatus
2327 1409 2388 1447 ea
2416 1394 2790 1448 intercidisset.
2819 1394 2869 1448 6.
2897 1394 2962 1448 Et
2987 1395 3154 1448 videas
3176 1395 3308 1462 ﬁlios
3330 1395 3570 1463 ﬁliorum.

1997 1485 2153 1554 Atqui
2177 1487 2344 1549 multi,
2366 1485 2589 1555 inquies,
2618 1486 2782 1540 Deutu
2805 1487 3069 1548 timentes,
3097 1487 3211 1541 sine
3239 1487 3418 1541 liberis
3435 1501 3576 1540 sem-

2000 1594 2097 1649 per
2125 1578 2291 1632 fuere.
2336 1579 2404 1633 Et
2442 1579 2566 1648 quid
2607 1579 2707 1632 hoc
2750 1579 2851 1634 sibi
2901 1580 3047 1632 vult?
3077 1579 3257 1648 Neque
3294 1580 3433 1633 enim
3478 1593 3575 1633 nos

1999 1680 2217 1739 propter
2242 1671 2521 1739 prmsentia
2550 1671 2811 1734 exuimus,
2842 1670 2934 1724 sed
2983 1671 3245 1739 praecipue
3270 1669 3483 1740 quidem
3518 1677 3571 1723 ut

1999 1762 2110 1816 Deo
2133 1760 2464 1830 placeamus;
2495 1760 2686 1815 deinde
2724 1762 2880 1814 etiam
2927 1771 3142 1831 propter
3187 1775 3308 1829 spes
3350 1761 3569 1814 futuras.

1999 1853 2172 1922 Atque
2204 1861 2328 1905 tunc
2356 1851 2569 1920 quidem
2611 1851 2726 1906 haec
2755 1861 2907 1905 erant
2937 1852 3180 1921 prmmia;
3215 1865 3354 1905 nunc
3395 1861 3572 1904 autem

1997 1943 2208 2005 cadum,
2229 1953 2284 1997 et
2307 1943 2442 1997 bona
2467 1958 2586 2012 qua:
2610 1951 2734 1996 sunt
2758 1943 2809 1997 in
2836 1943 3000 1997 caelis.
3024 1942 3174 2009 Quod
3197 1943 3241 1996 si
3261 1958 3380 1996 cum
3409 1942 3572 1996 Deum

2001 2035 2238 2100 timeres,
2268 2049 2372 2087 non
2401 2033 2627 2087 habuisti
2656 2034 2812 2099 ﬁlios,
2844 2035 2930 2103 qui
2957 2035 3062 2088 seis
3090 2032 3340 2103 numquid
3369 2032 3578 2088 dederit

2003 2125 2104 2179 alia
2153 2129 2251 2179 hac
2293 2124 2542 2179 felicitate
2589 2124 2823 2193 majora?
2868 2123 3048 2195 Neque
3077 2125 3216 2179 enim
3248 2138 3431 2178 omnes
3471 2138 3576 2177 uno

2001 2217 2162 2272 modo
2189 2217 2448 2273 beneﬁcio
2473 2210 2653 2284 afﬁcit,
2684 2217 2778 2272 sed
2803 2207 2969 2284 varie,
2993 2233 3112 2272 cum
3142 2218 3214 2272 sit
3239 2217 3406 2272 dives.
3437 2217 3574 2282 Quot

2002 2309 2213 2362 fuerunt
2233 2309 2320 2376 qui
2341 2323 2459 2361 cum
2486 2307 2620 2363 ﬁlios
2640 2306 2916 2371 haberent,
2937 2307 3240 2377 iudicarunt
3257 2322 3350 2362 eos
3375 2307 3574 2374 felices,

2001 2399 2092 2468 qui
2121 2413 2226 2452 non
2255 2397 2547 2453 baberent?
2571 2406 2699 2467 quot
2722 2399 2807 2469 qui
2825 2398 3036 2454 divitias
3061 2399 3425 2470 possidebant,
3449 2415 3575 2469 pau-

2003 2490 2217 2558 peribus
2246 2489 2494 2544 miserius
2513 2505 2577 2544 ex
2602 2491 2699 2544 hac
2724 2490 2829 2544 vita
2857 2491 3168 2545 excessere?
3196 2500 3324 2560 quot
3345 2487 3435 2561 qui
3457 2491 3574 2560 gle-

2003 2582 2133 2636 riam
2179 2581 2490 2650 consequuti
2535 2580 2762 2645 fuerant,
2814 2595 2876 2635 ea
2923 2590 3187 2650 tamquam
3231 2597 3358 2636 ense
3399 2581 3576 2650 aliquo

2003 2671 2235 2726 confossi
2280 2681 2419 2735 sunt,
2469 2681 2524 2726 et
2557 2673 2866 2742 gravissima
2909 2689 3132 2744 quaeque
3176 2674 3576 2728 sustinuerunt?

2004 2762 2082 2817 Ne
2127 2778 2334 2832 quaeras
2383 2763 2474 2816 tibi
2519 2763 2757 2818 exhiberi
2801 2766 3028 2833 negotia,
3077 2781 3227 2819 neca
3257 2766 3364 2819 Dco
3392 2781 3574 2820 eorum

2004 2871 2122 2925 qua:
2143 2856 2262 2910 facit
2288 2856 2544 2909 rationem
2575 2871 2849 2924 exposcas,
2879 2856 2972 2911 sed
3002 2856 3141 2911 feras
3170 2858 3342 2911 omnia
3372 2856 3489 2911 forti
3509 2873 3571 2910 ae

2005 2960 2265 3016 generoso
2291 2946 2490 3010 animo,
2520 2954 2572 3000 et
2599 2962 2718 3000 cum
2747 2949 3033 3017 gratiarum
3057 2950 3290 3014 actione;
3323 2950 3427 3002 imo
3451 2963 3578 3002 vero

2007 3037 2140 3092 nulli
2184 3053 2361 3091 rerum
2402 3038 2740 3106 praesentium
2771 3039 3003 3093 animum
3037 3049 3180 3093 tuum
3210 3039 3412 3109 afﬁgas.
3444 3039 3579 3094 Pro-

2008 3139 2187 3198 pterea
2219 3128 2359 3181 enim
2389 3128 2546 3182 talem
2571 3128 2752 3196 jussus
2793 3143 2852 3182 es
2891 3129 3134 3183 emittere
3177 3130 3490 3196 orationem,
3525 3131 3574 3183 iu

2007 3235 2107 3291 qua
2138 3236 2302 3274 unum
2342 3221 2510 3274 solum
2558 3222 2691 3289 petis
2735 3222 3052 3290 postulatum
3098 3224 3311 3289 sensile,
3353 3233 3407 3277 et
3446 3223 3575 3278 nihil

2007 3314 2252 3383 amplius.
2285 3312 2612 3382 Quamquam
2643 3313 2745 3368 hoc
2769 3329 2978 3385 quoque
3017 3332 3200 3370 rursus
3243 3330 3488 3371 mensura
3521 3320 3577 3371 lit

2005 3404 2262 3472 Spiritale.
2293 3404 2408 3457 Alia
2435 3404 2576 3459 enim
2607 3405 2804 3471 omnia,
2829 3405 2895 3460 de
2915 3408 3057 3460 caelis
3079 3416 3132 3461 et
3159 3407 3224 3462 de
3243 3423 3408 3478 regno
3431 3409 3572 3478 quod

2007 3495 2115 3551 illic
2142 3504 2242 3559 est,
2286 3495 2352 3549 de
2383 3494 2612 3564 perfecta
2660 3496 2780 3550 vitae
2822 3498 3169 3564 institutione,
3201 3506 3256 3552 et
3284 3499 3348 3552 de
3381 3499 3576 3553 libera-

2010 3587 2150 3640 tione
2179 3602 2206 3639 a
2239 3586 2464 3653 peccatis
2494 3585 2646 3640 nobis
2673 3586 2950 3641 dicuntur:
2979 3587 3044 3641 de
3073 3589 3355 3642 sensilibus
3399 3598 3575 3643 autem

2007 3695 2164 3732 unutn
2193 3678 2443 3747 jubemur
2463 3679 2656 3734 dicere.
2675 3679 2932 3746 Quidnam
2952 3680 3116 3734 illud?
3146 3681 3334 3734 Panem
3355 3691 3575 3733 nostrum

2006 3768 2529 3838 snpersubstantialem
2571 3770 2637 3822 da
2678 3771 2819 3823 nobis
2865 3771 3014 3823 hodie
3066 3770 3271 3840 (Matth.
3303 3770 3356 3824 ϐ.
3390 3771 3498 3842 11),
3527 3781 3580 3825 et

2009 3860 2135 3913 nihil
2167 3860 2328 3913 aliud.
2364 3861 2622 3928 Quoniam
2666 3861 2806 3915 enim
2849 3861 2915 3914 ad
2959 3861 3114 3914 aliam
3146 3861 3394 3928 deinceps
3422 3876 3580 3914 voca-

2010 3967 2130 4004 mur
2159 3951 2400 4019 patriam,
2429 3963 2482 4005 et
2507 3951 2570 4004 ad
2603 3951 2856 4020 majorem
2885 3951 3046 4004 vitam
3086 3951 3337 4019 adscripti
3367 3965 3572 4015 sumus,

2011 4051 2221 4112 Oportet
2261 4043 2418 4097 etiam
2452 4052 2628 4095 nostra
2657 4042 2916 4110 postulata
2943 4056 3061 4096 esse
3087 4042 3133 4095 ei
3162 4042 3526 4096 eonvenientia
3560 4059 3573 4095 :

2017 4135 2132 4190 haec
2160 4143 2336 4188 autem
2364 4133 2487 4186 licet
2513 4120 2753 4196 affluant,
2785 4133 2948 4186 multa
2965 4148 3084 4186 eum
3117 4132 3303 4186 fiducia
3332 4133 3574 4201 rejicern.

2082 4227 2340 4282 Promissa
2384 4225 2478 4278 Dei
2526 4235 2578 4278 ut
2622 4225 3037 4295 impleantur.—
3063 4224 3176 4279 Pan:
3205 4241 3353 4295 super
3392 4224 3574 4278 Israel.

2009 4320 2160 4375 Alius
2205 4320 2279 4388 (b)
2305 4360 2320 4386 ,
2356 4317 2419 4372 Et
2466 4318 2576 4371 vide
2603 4316 2736 4385 ﬁlios
2773 4316 2997 4384 ﬁliorum
3024 4325 3220 4370 tuorum
3244 4357 3259 4382 ,
3290 4332 3462 4382 pacem
3489 4334 3580 4368 su-

2010 4431 2101 4484 per
2127 4411 2310 4466 Israel.
2356 4410 2482 4465 Haec
2524 4416 2608 4464 est
2648 4409 2819 4462 oratio
2862 4407 2931 4462 de
2971 4407 3255 4462 communi.
3286 4409 3396 4463 Hoc
3437 4411 3577 4463 enim

2011 4505 2241 4560 maxime
2266 4502 2590 4568 desiderant,
2628 4509 2686 4554 ut
2705 4501 2794 4570 qui
2823 4501 2929 4554 sint
2955 4501 3112 4570 longo
3141 4500 3281 4554 bello
3309 4501 3489 4556 afﬂicti
3526 4512 3581 4556 et

2009 4595 2274 4651 exhausti.
2305 4593 2440 4661 Quid
2465 4591 2604 4646 enim
2631 4606 2724 4646 eos
2747 4591 2846 4645 alia
2869 4591 3077 4661 juvant,
3123 4591 3168 4645 si
3208 4607 3306 4660 pax
3348 4606 3452 4646 non
3478 4592 3577 4646 ad-

2011 4689 2113 4745 sit?
2133 4688 2282 4756 Quod
2311 4702 2438 4758 ergo
2466 4695 2549 4742 est
2576 4685 2856 4749 bonorum,
2886 4700 3006 4754 quae
3037 4694 3162 4740 tunc
3187 4692 3358 4751 erant,
3387 4686 3579 4754 prteci-

2010 4799 2192 4854 puum,
2224 4795 2513 4850 eorumque
2540 4779 2896 4840 securitatem,
2917 4793 3107 4846 nempe
3130 4791 3335 4846 pacem,
3367 4778 3583 4846 pollice:-

2012 4885 2098 4931 tur
2121 4889 2345 4943 eamque
2374 4881 2711 4942 perpetuam;
2741 4869 2879 4940 quod
2926 4876 3010 4924 est
3050 4868 3279 4922 maxime
3307 4883 3441 4938 opus
3487 4868 3580 4922 Dei

2009 4965 2374 5037 providentite,
2402 4962 2530 5015 dare
2553 4961 2775 5026 scilicet,
2801 4967 2855 5014 et
2879 4974 2983 5012 non
3004 4958 3178 5013 sinere
3201 4967 3257 5012 ut
3282 4958 3578 5013 intercidat.

2010 5058 2144 5126 Quia
2169 5055 2309 5110 enim
2333 5068 2508 5108 rerum
2532 5051 2884 5106 humanarum
2909 5059 3093 5104 natura
3113 5049 3253 5106 ﬁuxa
3275 5060 3376 5116 est,
3403 5060 3578 5106 etnon

2011 5160 2365 5219 permanens:
2389 5141 2676 5197 ostendens
2706 5141 2820 5194 lucc
2845 5156 2950 5194 non
2973 5151 3174 5194 temere
3203 5141 3271 5196 ad
3299 5157 3393 5196 eos
3418 5141 3580 5196 deve-

2013 5239 2148 5304 nire,
2179 5236 2273 5290 sed
2298 5250 2328 5288 a
2353 5248 2584 5302 superno
2609 5233 2804 5286 auxilio
2828 5241 2880 5286 et
2902 5246 2931 5284 a
2964 5241 3091 5285 nutu
3118 5231 3300 5286 divino
3323 5233 3582 5301 procede-

2012 5343 2092 5393 re,
2114 5326 2268 5390 dixit,
2298 5322 2541 5378 Omnibus
2569 5321 2760 5386 diebus,
2791 5329 2846 5375 et
2866 5336 3050 5390 pacem
3075 5334 3474 5391 permanentem
3503 5331 3584 5376 est

2012 5418 2299 5490 pollicitus.
2341 5416 2514 5484 Atque
2559 5411 2661 5468 hoc
2695 5411 2911 5482 quidem
2958 5413 3156 5468 factum
3203 5422 3306 5478 est,
3346 5414 3486 5483 quod
3516 5415 3582 5466 ad

2013 5513 2179 5567 Deum
2207 5508 2417 5562 attinet.
2450 5505 2603 5573 Quod
2630 5507 2674 5560 si
2717 5505 2817 5560 fuit
2859 5506 3177 5576 interrupta,
3226 5507 3328 5562 hoc
3374 5521 3584 5577 quoque

2011 5604 2200 5661 accidit
2226 5619 2294 5658 ex
2317 5602 2526 5657 illorum
2554 5583 2912 5670 improbitate.
2954 5599 3412 5668 Quemadmodum
3437 5599 3581 5655 enim

2074 5736 2147 5860 (τι)
2179 5735 2264 5783 Hie
2284 5735 2528 5794 interpres
2549 5733 2657 5794 quis
2677 5732 2740 5803 sit
2755 5733 3046 5804 ignoramus.

2077 5799 2126 5860 (υ
2183 5797 2264 5847 ttic
2286 5797 2528 5859 interpres
2550 5796 2658 5858 quis
2675 5803 2738 5843 su
2760 5802 2992 5844 nescitur.

2077 5796 2146 5862 (b)
2183 5797 2264 5847 ttic
2286 5797 2528 5859 interpres
2550 5796 2658 5858 quis
2675 5796 2738 5843 sit
2760 5796 2992 5844 nescitur.
