4112 6342
535 361 630 436 εξ,
1279 372 1337 427 s.
1377 361 1654 429 sumius
1679 360 2167 422 cunvsosrosu
2205 358 2521 416 ARClllEP.
2559 350 3096 419 CONSTANTINOP.

537 490 749 562 quando
770 477 1032 558 aliq‘uibtis
1053 485 1308 556 supplicia
1339 485 1591 545 minatur,
1620 480 1686 535 iis
1707 480 1794 549 qui
1825 494 1919 546 per
1941 477 2114 547 paeni-

537 582 754 638 tentiam
800 581 932 634 iram
981 579 1290 642 discutiunt,
1343 576 1624 630 cohibetur
1667 571 2014 642 Supplicium:
2045 570 2115 622 ila

537 677 696 732 etiam
721 677 764 730 si
789 676 923 729 bona
954 674 1246 744 proluittat,
1277 672 1371 725 visi
1394 682 1572 724 autem
1599 667 1792 721 fuerint
1815 663 2009 731 indigni
2031 660 2117 730 qui

536 767 798 838 promissa
848 775 997 819 erant
1028 762 1426 832 eonscquuluri,
1469 769 1746 814 revocatur
1775 755 2112 826 promissum.

536 858 687 923 Quod
721 857 787 910 ad
815 871 934 910 eum
965 857 1092 924 ergo
1117 863 1342 923 Spectat,
1373 852 1622 905 oinuibus
1665 848 1852 903 diebus
1890 853 1971 899 est
1997 857 2116 898 eam

536 952 949 1020 p'ullicitus:sua
997 961 1171 1003 autem
1204 948 1538 1017 improbitate
1577 947 1772 998 donum
1823 944 2118 1008 interrupe-

536 1051 679 1098 r'uut.
706 1045 830 1099 llaec
855 1055 1030 1098 autem
1059 1043 1198 1106 dico,
1230 1051 1286 1096 ut
1312 1053 1483 1110 neque
1512 1057 1575 1092 eo
1603 1038 1836 1090 minante
1865 1035 2117 1103 despere-

539 1153 675 1200 mus,
724 1137 815 1190 sed
868 1135 1174 1205 pmnitentia
1225 1137 1356 1188 iram
1399 1129 1762 1201 repellamus:
1797 1133 1897 1182 nec
1935 1136 2118 1180 rursus

539 1230 674 1282 bona
705 1230 1044 1296 promittente
1070 1227 1456 1295 torpescamus,
1486 1223 1580 1277 sed
1607 1221 1802 1286 studio,
1833 1229 1888 1274 et
1929 1219 1981 1272 in
2012 1218 2117 1270 vita

540 1322 858 1375 instituenda
890 1320 1177 1389 diligentia,
1211 1319 1468 1387 promissa
1499 1315 1562 1369 ad
1585 1328 1717 1382 npus
1745 1325 2114 1384 provocemus.

538 1399 647 1468 Nisi
679 1415 820 1468 enim
869 1414 935 1466 ita
970 1414 1243 1474 faciamus,
1273 1423 1376 1464 non
1408 1409 1598 1464 sufficit
1629 1407 1695 1462 ad
1726 1404 2119 1462 conservandOS

539 1522 637 1558 nos
665 1506 776 1559 sola
810 1505 1110 1574 premissio.
1151 1502 1285 1557 Nam
1315 1502 1464 1556 Judm
1494 1515 1704 1570 quo-pie
1749 1497 2007 1568 pollicitus
2039 1506 2120 1550 est

536 1606 658 1652 eum
688 1609 804 1650 es~e
833 1605 1100 1650 ses‘stlrttm
1131 1610 1292 1663 super
1331 1585 1578 1647 thronum
1611 1604 1730 1645 cum
1764 1588 2008 1642 undecim
2040 1586 2120 1639 di-

537 1691 785 1762 scipulis:
821 1707 917 1744 nec
964 1699 1138 1744 tamen
1187 1687 1354 1748 sedit;
1387 1687 1436 1739 in
1469 1699 1624 1738 causa
1669 1688 1844 1736 autem
1891 1694 1994 1732 non
2028 1678 2122 1731 mn

539 1783 627 1836 ille
669 1785 757 1851 qui
789 1781 1050 1850 promisit,
1082 1779 1174 1833 sed
1217 1777 1259 1830 is
1291 1777 1378 1846 qui
1408 1775 1670 1844 protulisse
1697 1771 1946 1840 indiguus
1978 1768 2120 1823 visus

537 1881 637 1927 est.
673 1872 734 1925 Et
765 1886 861 1925 nos
890 1887 1017 1940 ergo
1046 1885 1165 1924 cmn
1193 1867 1478 1922 habeamus
1509 1865 1656 1934 regni
1691 1863 2028 1932 promissum,
2054 1874 2120 1914 ne

538 1969 703 2020 simus
725 1965 895 2033 ignavi
924 1980 985 2018 ac
1006 1962 1233 2025 desides,
1260 1961 1350 2014 sed
1373 1970 1550 2014 nostra
1576 1961 1785 2026 quoque
1813 1953 2117 2014 all‘eramus,

537 2070 593 2112 ut
620 2059 884 2129 possimus
911 2058 1044 2111 bona
1076 2067 1275 2110 :eterna‘
1300 2051 1574 2121 consequi,
1598 2050 1762 2118 gratia
1789 2057 1842 2100 et
1879 2044 2119 2113 benigni-

538 2154 646 2206 tate
679 2151 886 2205 Domini
919 2149 1082 2203 nostri
1117 2149 1241 2202 .lesu
1271 2146 1486 2210 Christi,
1526 2144 1610 2197 cui
1641 2140 1809 2212 gloria
1851 2148 1905 2194 et
1947 2139 2119 2208 impc-

537 2246 676 2300 rium
695 2244 748 2298 in
779 2244 969 2298 sarcula
997 2242 1336 2308 seculorum.
1363 2241 1552 2292 Amen.

964 2375 1028 2430 IN
1057 2374 1177 2429 PSA
1189 2371 1380 2427 LMUM
1407 2365 1687 2424 CXXVIII.

542 2459 592 2524 Ι.
645 2469 796 2538 δαψε
834 2475 1247 2538 expugnat-erunt
1289 2480 1368 2518 me
1415 2480 1448 2516 a
1484 2463 1747 2532 iuventute
1796 2468 1945 2520 mea,
1984 2454 2121 2507 dicat

611 2579 745 2617 nunc
783 2561 966 2617 Israel.
1001 2561 1054 2614 '2.
1083 2561 1233 2628 Saepe
1253 2563 1660 2627 expugnaverunt
1688 2567 1766 2606 me
1811 2568 1842 2603 a
1861 2550 2121 2618 jnventutc

611 2669 722 2709 mea
757 2671 776 2708 :
806 2655 984 2708 ctenim
1033 2665 1133 2705 non
1172 2659 1438 2720 potuerunt
1463 2648 1609 2700 mihi.
1663 2644 1816 2700 Alius
1860 2644 2122 2711 interpres

610 2746 759 2812 dicit,
788 2742 864 2818 (a)
890 2745 994 2800 Sed
1021 2761 1118 2797 non
1152 2749 1420 2811 potuerunt
1449 2738 1592 2790 mihi.

619 2837 716 2890 llic
755 2852 964 2905 quoque
1009 2834 1252 2888 l‘saltnus
1296 2831 1532 2886 cohmrct
1575 2826 1920 2898 pra‘cedenli.
1981 2826 2124 2890 Quo-

546 2929 688 2984 niam
728 2928 870 2982 enim
899 2926 1384 2994 interrumpebatnr
1407 2921 1710 2984 aedificatio,
1747 2934 1843 2973 nec
1872 2933 2005 2986 opus
2030 2918 2124 2971 dc-

543 3021 839 3076 ducebatur
867 3023 934 3074 ad
965 3021 1120 3073 linem
1147 3059 1160 3081 ,
1194 3034 1286 3071 eos
1318 3018 1369 3069 in
1411 3016 1603 3069 bonam
1632 3027 1781 3082 Spem
1830 3011 2121 3075 adducens,

543 3130 613 3170 ne
661 3114 1027 3183 desperarent,
1068 3126 1132 3166 ex
1183 3108 1467 3178 pra-teritis
1505 3107 1659 3176 jubet
1697 3119 1790 3160 eos
1821 3103 1889 3159 de
1935 3102 2124 3156 futuris

544 3222 666 3261 esse
717 3206 856 3259 bono
895 3205 1110 3268 animo,
1165 3212 1219 3256 ct
1247 3200 1403 3255 docet
1429 3213 1524 3254 eos
1567 3197 1684 3252 hate
1716 3195 1876 3249 verba
1919 3192 2121 3248 dicere.

541 3296 796 3364 Qumnam
827 3294 910 3348 illa
929 3295 952 3330 9
979 3293 1111 3347 Cum
1134 3305 1275 3360 saepe
1301 3305 1395 3345 eos
1422 3288 1761 3352 invasissent,
1792 3299 2123 3354 nequaquam

545 3396 832 3457 potuerunt
861 3400 1134 3453 superare,
1166 3398 1263 3436 nec
1291 3383 1548 3450 integram
1577 3378 1853 3433 victoriam
1879 3385 2122 3443 reporta-

545 3489 689 3535 runt.
721 3479 790 3532 Et
815 3487 992 3532 tamen
1029 3476 1289 3546 captivos,
1329 3473 1518 3544 inquit,
1547 3480 1825 3538 ceperunt,
1861 3478 1916 3524 et
1940 3469 1992 3522 in
2019 3477 2126 3522 ter-

545 3586 659 3625 ram
707 3569 936 3623 alienam
964 3567 1355 3629 traduxerunt,
1384 3574 1438 3619 et
1476 3563 1638 3616 nmlta
1688 3561 1826 3616 bella
1859 3561 2120 3614 vicerunt.

546 3663 612 3716 Et
639 3671 766 3716 tunc
790 3659 1006 3730 quidem
1049 3658 1274 3712 maxime
1303 3672 1406 3709 non
1437 3670 1504 3708 ex
1538 3653 1748 3723 propria
1781 3654 1996 3714 virtute,
2027 3651 2121 3705 sed

545 3770 614 3810 ex
653 3753 956 3808 Judacorum
987 3761 1206 3821 peccato
1244 3757 1581 3818 superarunt.
1611 3745 1940 3814 Quamquam
1992 3745 2126 3798 alio-

551 3847 639 3915 qui
667 3862 766 3900 nee
789 3845 854 3899 ad
887 3844 1045 3898 tinem
1087 3856 1252 3910 usque
1289 3853 1631 3909 permansere
1661 3837 1910 3891 victores.
1942 3835 2126 3906 Neque

550 3940 696 3995 cnim
730 3945 1018 4008 potuerunt
1053 3951 1220 4004 genus
1245 3932 1466 3987 omnino
1491 3930 1690 3994 delere,
1748 3929 1831 3984 vel
1860 3928 2124 3983 civitatem

550 4035 772 4087 omnino
819 4039 1084 4092 evertere,
1132 4038 1220 4081 aut
1259 4035 1470 4096 gentem
1498 4023 1731 4077 funditus
1758 4021 2002 4091 perdere,
2033 4020 2126 4074 sed

547 4143 671 4181 cum
696 4126 983 4196 paulisper,
1005 4123 1116 4177 Deo
1141 4118 1487 4180 concedente,
1513 4116 1780 4180 vicissent,
1807 4125 1989 4168 rursus
2008 4114 2124 4166 vin-

549 4220 826 4272 cebantur.
856 4213 1136 4283 Quomodo
1162 4223 1340 4266 autem
1369 4206 1756 4263 vincebantur?
1785 4205 1863 4259 Ad
1895 4205 2124 4274 priorem

553 4311 858 4366 felicitatem
904 4307 1102 4363 Judmis
1155 4302 1567 4360 revertentibus.
1615 4297 1770 4366 Quod
1810 4297 2022 4366 quidem
2049 4298 2125 4350 si-

551 4402 811 4474 gnificans
851 4401 985 4453 alius
1013 4398 1277 4465 interpres
1296 4393 1456 4457 dixit,
1503 4390 1608 4446 Sed
1634 4405 1733 4442 non
1760 4387 2128 4456 prwualuerunt

548 4509 700 4562 super
719 4509 816 4545 me.
843 4493 895 4545 5.
913 4490 1081 4559 Supra
1099 4489 1305 4550 dorsum
1327 4499 1491 4537 meum
1513 4481 1879 4552 fabricaverunt
1901 4487 2132 4548 peccato-

548 4603 646 4651 res,
666 4579 1403 4655 prolongnocruntiniquitatem
1425 4588 1586 4629 suam.
1607 4573 1740 4641 Quid
1761 4573 1859 4625 hoc
1883 4575 1999 4625 est?
2015 4570 2128 4626 Non

552 4690 777 4739 temere,
825 4675 1014 4743 inquit,
1043 4683 1100 4727 ct
1143 4672 1358 4723 fortuito
1385 4666 1784 4730 insidiabantur,
1829 4665 1921 4718 sed
1966 4664 2130 4717 multa

551 4769 910 4825 moliebantur
966 4776 1021 4819 et
1066 4761 1528 4824 machinabantur,
1573 4756 1726 4811 dolos
1777 4763 2042 4808 struentes
2078 4763 2132 4808 et

551 4862 852 4918 clanculum
905 4857 1233 4912 invadentes.
1290 4852 1419 4908 illud
1465 4850 1646 4915 enim,
1705 4848 1877 4917 Supra
1921 4845 2128 4900 dorsum

551 4972 751 5020 meum,
785 4954 865 5008 vel
899 4951 1134 5006 fraudem
1171 4958 1226 5002 et
1266 4947 1621 5001 exulceratam
1671 4940 1920 4996 malitiam
1968 4939 2132 5009 s'gni-

553 5050 696 5112 ticat,
729 5044 814 5098 vel
856 5043 963 5096 vim
993 5049 1048 5095 et
1072 5038 1404 5093 violentiam.
1455 5035 1566 5088 iloc
1586 5041 1690 5097 est,
1733 5031 1978 5101 Aggressi
2009 5038 2132 5084 sunt

553 5152 728 5194 meam
756 5136 1051 5208 potentiam
1086 5129 1443 5194 confringere.
1495 5125 1644 5180 Alius
1684 5132 1862 5178 autem
1903 5136 1998 5190 pro
2040 5135 2126 5187 eo,

554 5231 966 5290 Fabricaverunt,
1022 5223 1190 5287 dixit,
1233 5221 1511 5273 Araverunt
1561 5213 1679 5287 (li),
1723 5223 1782 5268 ut
1827 5211 2132 5268 ostenderet

554 5327 700 5392 ipsos
731 5321 782 5375 in
811 5317 1060 5390 parandis
1079 5315 1223 5383 justo
1269 5309 1473 5366 insidiis
1500 5321 1717 5376 operam
1748 5319 1968 5374 ponere.
1994 5303 2127 5356 Pro-

553 5417 880 5487 longavertmt
925 5409 1232 5475 iniquitatem
1281 5418 1444 5459 suam.
1496 5397 1634 5465 Quid
1675 5405 1757 5463 est
1795 5396 1934 5466 quod
1964 5395 2132 5449 dicit?

553 5505 800 5561 Ostendit
825 5519 918 5559 eos
941 5518 1046 5557 non
1067 5499 1238 5554 solum
1261 5511 1380 5551 cum
1405 5505 1598 5562 magno
1627 5490 1828 5558 impetu
1851 5487 2128 5554 invasisse,

555 5599 650 5655 sed
680 5600 840 5654 etiam
866 5611 988 5652 cum
1020 5607 1209 5663 magna
1241 5583 1656 5660 perseverantia,
1689 5580 1862 5653 utqui
1904 5579 2130 5635 multum

619 5713 690 5773 (a)
721 5712 834 5773 Quis
857 5709 920 5759 sit
941 5707 1021 5757 hic
1043 5707 1285 5773 interpres
1299 5699 1559 5773 nescimus.

620 5755 688 5830 iiii
717 5755 832 5821 ilice
854 5755 1206 5832 interpretatio,
1248 5769 1520 5824 araverunt,
1562 5767 1637 5812 est
1676 5759 1814 5823 juxta
1837 5755 2056 5819 Aquilam
2081 5761 2132 5805 et

565 5835 605 5886 Τ
613 5836 974 5887 licedotionem.

3707 367 3808 422 3'2

2225 473 2480 544 temporis
2503 488 2565 528 ea
2597 474 2648 528 in
2667 489 2728 530 re
2741 483 3148 540 consumerent,
3171 481 3226 531 et
3243 475 3480 530 insidiari
3507 492 3658 532 suum
3677 495 3807 548 opus

2220 573 2344 624 esse
2362 567 2642 634 ducerent,
2686 568 2738 623 in
2769 583 2940 639 eoque
2969 568 3184 624 assidue
3220 569 3590 638 persisterent.
3622 569 3727 626 Sed
3760 574 3809 627 id

2223 659 2351 713 nihil
2380 661 2456 714 eis
2483 660 2699 730 profuit,
2723 676 2826 716 non
2847 661 3044 716 nostris
3069 660 3289 729 viribus,
3310 662 3401 716 sed
3431 663 3521 718 Dei
3552 665 3808 734 potentia,

2222 753 2486 808 coercitis.
2513 753 2770 821 Quocirca
2792 754 3080 810 ostendens
3101 756 3225 811 eum
3254 757 3342 822 qui
3373 757 3526 827 erigit
3549 765 3808 827 tropteum

2223 854 2275 899 et
2299 846 2434 914 parit
2459 845 2757 913 victoriam,
2783 846 3053 916 subjuuxit
3094 863 3108 901 :
3139 848 3194 902 4.
3219 846 3465 901 Dominus
3484 847 3658 919 justus
3683 866 3807 903 con-

2223 937 2342 991 cidit
2385 939 2596 992 cervices
2639 950 2974 1006 peccatorum.
3008 939 3157 993 Alius
3185 949 3360 994 autem
3391 955 3510 1009 pro,
3561 939 3804 1006 Cervices,

2223 1021 2374 1093 dixit,
2412 1028 2598 1096 Funes,
2627 1031 2702 1100 (a)
2727 1030 3030 1101 significans
3057 1031 3296 1094 insidias,
3327 1031 3578 1096 insultas,
3602 1031 3804 1086 machi-

2224 1120 2486 1174 nationes.
2519 1120 2683 1175 Recte
2713 1131 2889 1175 autem
2908 1121 3065 1188 dixit,
3089 1138 3216 1188 non,
3240 1122 3507 1185 Dissolvit,
3531 1122 3646 1187 sed,
3677 1113 3806 1176 Con-

2224 1211 2344 1263 cidit
2369 1227 2390 1265 :
2421 1219 2478 1264 ut
2503 1212 2671 1280 magis
2690 1212 3003 1267 03tenderet
3021 1227 3144 1267 eum
3173 1211 3222 1266 id
3247 1211 3458 1277 fecisse,
3491 1213 3800 1269 reddentem

2223 1318 2408 1358 eorum
2440 1305 2659 1358 consilia
2690 1305 2898 1373 penitus
2943 1304 3170 1358 inutilia.
3214 1306 3344 1359 Cum
3377 1305 3520 1360 enim
3550 1305 3805 1374 inciperet

2224 1409 2410 1449 rursus
2439 1395 2676 1450 censtrtii
2703 1396 2909 1462 civitas,
2932 1397 3081 1450 multi
3111 1396 3343 1466 undique
3365 1397 3688 1452 invadebant
3709 1397 3794 1451 in-

2224 1486 2361 1540 vidia
2392 1487 2793 1541 ektabescentes
2828 1505 2841 1540 :
2881 1502 2980 1542 nec
3010 1487 3060 1541 id
3102 1489 3272 1543 semel
3310 1498 3537 1554 tantum,
3579 1495 3670 1542 aiit
3699 1489 3800 1554 bis,

2225 1576 2316 1629 sed
2345 1592 2713 1645 szepenumero
2763 1575 3023 1652 fecerunt.
3054 1577 3168 1632 lloe
3199 1577 3367 1646 ipsum
3413 1577 3576 1632 etlam
3628 1580 3804 1634 evenit

2226 1667 2280 1721 in
2310 1667 2569 1722 Ecclesia.
2597 1666 2727 1722 Cum
2777 1667 2918 1722 enim
2965 1668 3222 1738 inciperet
3247 1669 3449 1735 enasci,
3475 1685 3661 1725 omnes
3685 1677 3803 1726 eam

2225 1758 2435 1812 aSsidue
2464 1759 2823 1813 invadebant:
2859 1759 2910 1812 in
2947 1759 3204 1828 principio
3230 1761 3444 1830 quidem
3487 1777 3660 1832 reges,
3713 1765 3806 1832 po-

2226 1849 2359 1920 puli,
2392 1858 2446 1905 et
2469 1851 2677 1920 tyranni
2705 1868 2718 1902 :
2745 1861 2926 1920 postea
2945 1861 3122 1906 autem
3150 1851 3356 1906 insidiae
3382 1852 3752 1907 haereticorum
3787 1873 3802 1908 :

2225 1949 2282 1994 et
2309 1941 2596 1995 maximum
2622 1982 2638 2006 ,
2678 1944 2881 1996 varium
2929 1942 3312 2012 multiplexque
3348 1943 3544 1998 bellum
3575 1944 3806 2014 undique

2225 2034 2626 2088 suscitabatur:
2667 2035 2760 2088 sed
2793 2045 3098 2090 tamennon
3136 2036 3412 2105 prmvaluit
3455 2035 3586 2091 :sed
3629 2038 3806 2106 prbfli-

2226 2126 2331 2194 gati
2359 2134 2483 2179 sunt
2501 2125 2698 2186 hostes,
2732 2131 2887 2180 tlnret
2906 2137 3081 2180 autent
3102 2127 3359 2181 Ecclesia.
3389 2126 3442 2183 5.
3470 2125 3806 2198 Confumlan-

2227 2217 2310 2271 tur
2337 2227 2382 2270 ct
2411 2218 2758 2271 convertantur
2785 2228 3060 2272 retrorsum
3097 2236 3268 2274 omnes
3303 2221 3390 2290 qui
3414 2220 3626 2274 oderunt
3654 2222 3804 2276 Sion.

2226 2309 2410 2375 Alius,
2457 2312 2820 2366 Subvcrtantur
2863 2311 3134 2368 retrorsum
3159 2313 3251 2385 (ὁ).
3281 2313 3336 2368 6.
3366 2313 3520 2368 Fiant
3557 2316 3682 2368 sicut
3711 2319 3808 2386 fai-

2227 2419 2349 2455 num
2401 2412 2662 2466 tectorum,
2706 2404 2841 2472 quod
2892 2405 3185 2473 priusquam
3225 2406 3488 2471 avellatur,
3545 2408 3742 2459 exaruit
3790 2421 3810 2460 :

2227 2495 2279 2548 7.
2306 2494 2369 2548 de
2391 2511 2490 2564 quo
2514 2511 2613 2548 non
2639 2496 2862 2561 implevit
2892 2512 3098 2549 manum
3129 2513 3274 2550 suam
3301 2496 3386 2567 qui
3415 2497 3571 2549 metit.
3611 2497 3762 2551 Alius
3784 2525 3800 2562 δ

2228 2583 2472 2655 Pugnum
2497 2600 2668 2638 suum.
2698 2585 2764 2638 Et
2789 2590 2955 2640 sinum
2993 2602 3138 2641 suum
3160 2589 3243 2656 qui
3279 2588 3565 2654 manipulos
3590 2588 3805 2658 colligit.

2227 2679 2280 2731 8-.
2303 2679 2369 2732 Et
2398 2695 2496 2731 non
2527 2678 2760 2732 dixerunt
2788 2682 2873 2750 qui
2893 2680 3230 2750 praeteribant,
3257 2679 3550 2733 Benedictio
3595 2679 3806 2733 Domini

2227 2789 2378 2841 super
2450 2787 2556 2826 vos.
2609 2770 2964 2825 Bcnediximus
3015 2773 3151 2826 vobis
3197 2773 3249 2824 in
3315 2772 3516 2824 nomine
3575 2770 3804 2824 Domini.

2230 2862 2667 2916 Adhortationem
2723 2864 3024 2931 prcCatione
3073 2862 3360 2924 concludit,
3409 2877 3471 2915 ex
3505 2863 3812 2917 narratiOne

2232 2954 2638 3024 pneteritorum,
2669 2965 2724 3009 et
2761 2969 2824 3008 ex
2855 2953 3097 3007 oratione
3125 2953 3418 3005 auditorem
3451 2951 3516 3005 ad
3547 2952 3812 3006 confiten-

2230 3045 2355 3098 dum
2382 3045 2674 3107 adducens,
2718 3054 2774 3100 et
2807 3045 3054 3113 injustam
3083 3043 3209 3097 belli
3259 3057 3470 3096 causam
3497 3043 3808 3097 ostendens.

2233 3139 2309 3194 Ex
2340 3137 2534 3194 invidia
2556 3139 2697 3194 enim
2743 3147 2797 3193 et
2833 3136 2958 3193 odio
2985 3134 3182 3193 bellum
3223 3145 3548 3206 suscepere:
3581 3147 3635 3193 et
3688 3138 3816 3194 ideo

2229 3235 2360 3289 dicit
2391 3252 2404 3287 :
2436 3231 2745 3287 Erubescant
2786 3243 2830 3285 et
2857 3243 3206 3286 convertantur
3229 3241 3500 3285 retrorsum
3528 3245 3699 3286 omnes
3724 3232 3815 3302 qui

2231 3325 2445 3380 oderunt
2475 3324 2622 3380 Sion.
2654 3317 2769 3378 Non
2800 3315 2996 3389 solum,
3028 3323 3219 3394 inquit,
3247 3323 3548 3383 vinemtur,
3574 3322 3667 3376 sed
3695 3331 3816 3382 tur-

2233 3422 2371 3492 piter
2408 3429 2463 3474 et
2504 3417 2746 3475 ridicule.
2783 3417 2982 3471 Deinde
3028 3432 3149 3471 eum
3195 3415 3438 3481 dixisset,
3473 3413 3630 3468 Fiant
3681 3415 3820 3469 sicut

2233 3515 2420 3586 fuznmn
2441 3519 2701 3575 tectorum,
2731 3510 2965 3578 persistit
2992 3509 3042 3561 in
3065 3507 3426 3572 similitudine,
3444 3521 3549 3560 non
3573 3519 3666 3562 eos
3690 3515 3818 3560 tan-

2233 3613 2344 3658 tum
2366 3603 2508 3656 faeno
2531 3616 2866 3669 comparans,
2903 3598 2994 3652 sed
3042 3597 3185 3654 [ωηο
3208 3596 3348 3667 quod
3377 3607 3461 3651 est
3498 3610 3659 3666 supra
3712 3596 3818 3650 do-

2234 3707 2369 3748 mos.
2404 3693 2731 3760 Quamquam
2761 3690 2902 3742 enim
2949 3687 3001 3741 id
3048 3702 3259 3757 quoque
3289 3686 3430 3756 quod
3479 3695 3561 3740 est
3597 3687 3649 3740 in
3681 3701 3818 3756 agro

2234 3785 2435 3857 pingui,
2485 3782 2733 3839 celeriter
2786 3779 3011 3845 difﬂuit;
3075 3779 3260 3834 volens
3309 3787 3483 3832 tamen
3529 3778 3822 3832 ostendere

2233 3896 2390 3948 (piam
2438 3885 2619 3933 essent
2659 3875 2792 3930 viles
2833 3873 3145 3938 adversarii,
3195 3886 3290 3927 eos
3341 3880 3614 3941 comparat
3670 3869 3822 3926 fmno

2234 3969 2374 4041 quod
2403 3978 2482 4024 est
2511 3981 2675 4038 super
2720 3967 2908 4021 domos
2940 3983 2953 4020 :
2985 3976 3042 4019 ut
3088 3964 3334 4033 utrinque
3365 3963 3611 4016 ostendat
3653 3978 3822 4031 quam

2235 4063 2342 4115 sint
2373 4061 2588 4130 fragiles
2616 4070 2670 4113 et
2725 4058 2932 4122 caduci,
2962 4071 3153 4126 nempe
3178 4066 3232 4110 et
3269 4070 3333 4108 ex
3365 4053 3492 4108 ι’ωηί
3525 4061 3735 4119 natura,
3766 4063 3822 4108 et

2235 4168 2300 4208 ex
2333 4163 2520 4206 natura
2569 4151 2692 4206 loci.
2725 4151 2900 4216 Tales,
2929 4150 3121 4218 inquit.
3151 4156 3275 4201 sunt
3305 4147 3530 4202 ins-ultus
3557 4144 3820 4202 adversa-

2236 4246 2460 4311 riorum,
2490 4243 2580 4314 qui
2605 4255 2710 4296 non
2737 4241 2935 4296 habent
2961 4239 3216 4302 radicem,
3245 4252 3342 4292 nec
3367 4235 3771 4292 fundamentum
3803 4249 3820 4290 :

2235 4337 2326 4407 qui
2353 4337 2735 4406 aliquantisper
2758 4331 2973 4404 quidem
2997 4331 3244 4386 videntur
3266 4330 3477 4394 florere,
3506 4337 3688 4398 postea
3722 4343 3822 4381 au-

2241 4438 2346 4483 tem
2374 4428 2650 4493 deficiunt,
2675 4435 2730 4481 et
2757 4443 2823 4481 ex
2859 4425 3050 4494 seipsis
3098 4423 3368 4478 excidunt.
3403 4421 3545 4477 Talis
3571 4429 3658 4474 est
3696 4436 3823 4488 pro-

2237 4523 2466 4590 speritas
2487 4536 2674 4576 eormn
2699 4519 2788 4590 qui
2826 4517 3008 4572 vivunt
3040 4518 3090 4570 in
3122 4515 3347 4579 scelere,
3373 4515 3490 4575 talis
3511 4513 3822 4582 jucunditas

2239 4629 2416 4668 rerqu
2448 4613 2603 4680 hujus
2631 4613 2787 4665 vitze:
2815 4609 2971 4663 simul
2995 4608 3136 4663 enim
3168 4616 3222 4660 et
3255 4605 3490 4662 cernitur
3516 4615 3571 4660 et
3610 4605 3820 4668 interit,

2241 4717 2296 4759 ut
2322 4721 2440 4776 qua:
2467 4721 2567 4760 nec
2596 4703 2786 4758 habeat
2807 4702 3208 4756 fundamentum
3231 4697 3466 4768 aliquod,
3496 4710 3597 4752 nec
3627 4706 3821 4766 potens

2239 4798 2388 4852 tiam.
2421 4796 2490 4850 Et
2537 4795 2659 4850 ideo
2686 4810 2791 4848 non
2822 4801 2904 4848 est
2951 4793 3028 4847 eis
3072 4790 3404 4846 adhibendus
3436 4789 3670 4851 animus,
3723 4787 3818 4841 sed

2237 4886 2624 4944 considerando
2666 4901 2822 4956 quam
2863 4885 2975 4938 siuti
3007 4882 3171 4936 illisae
3207 4891 3263 4935 et
3307 4879 3522 4934 caduca:
3546 4919 3562 4941 ,
3609 4877 3825 4933 deside-

2243 4984 2425 5038 randze
2454 4989 2578 5036 sunt
2611 4995 2699 5035 res
2735 4987 2969 5043 :rternac,
3013 4975 3361 5038 immortales,
3407 4970 3729 5037 immobiles,
3769 4979 3824 5025 et

2240 5078 2291 5132 in
2318 5092 2450 5146 quas
2477 5075 2619 5129 nulla
2646 5071 2789 5129 cadit
2817 5069 3042 5125 mutatio
3077 5087 3090 5123 :
3115 5082 3245 5138 quas
3274 5065 3434 5121 detur
3463 5063 3619 5119 nobis
3642 5064 3823 5118 omni-

2240 5171 2339 5226 bus
2369 5168 2644 5238 conscqui,
2701 5165 2867 5236 gratia
2920 5173 2974 5217 ct
3012 5162 3336 5230 benignitate
3389 5156 3598 5212 Domini
3649 5157 3821 5210 nostri

2240 5265 2367 5320 Jesu
2395 5261 2614 5326 Clu-isti,
2645 5275 2766 5315 cum
2796 5273 2903 5329 quo
2932 5256 3074 5312 Patri
3110 5255 3273 5326 gloria
3306 5251 3465 5308 simul
3489 5266 3610 5307 cum
3632 5263 3824 5304 sancto

2240 5359 2461 5430 Spiritu,
2495 5357 2546 5410 in
2576 5354 2770 5410 saecula
2799 5351 3136 5408 saeculorum.
3163 5349 3353 5402 Amen.

2302 5512 2376 5575 (a)
2408 5519 2516 5560 uate
2539 5501 2874 5570 interpretatio
2891 5502 3090 5565 ,funes,
3107 5505 3185 5549 est
3217 5498 3358 5562 juxta
3372 5494 3595 5558 Aquilam
3623 5498 3676 5542 et
3696 5500 3828 5556 Sym-

2240 5577 2549 5697 mﬁiiuiiista
2569 5642 2716 5695 quem
2739 5629 2802 5676 sit
2832 5626 2928 5697 illa.
2958 5621 3638 5697 innterpretatiouignoramtts;
3661 5616 3828 5665 nesci-

2226 5683 2564 5762 mus'quoipie
2582 5683 2722 5757 juxta
2744 5701 2892 5752 quem
2917 5686 3037 5738 infra
3061 5683 3255 5736 versum
3276 5683 3356 5745 sit,
3383 5691 3613 5746 pugnum.
