4112 6342
479 389 585 446 375

905 499 969 554 ΙΝ
1017 493 1334 555 PSALMUM
1381 489 1614 547 CXXIX.

478 644 528 697 l.
560 640 635 697 De
653 635 915 710 profundis
937 632 1147 688 clamaui
1161 630 1228 683 ad
1243 637 1310 693 te,
1337 626 1580 680 Domine:
1603 622 1832 687 Domine,
1860 618 2043 674 estaudi

1060 738 1226 776 vocem
1271 737 1317 771 m
1324 735 1379 771 ea
1383 734 1430 770 m
1438 755 1451 768 .

441 909 445 914 ί
546 865 596 918 ι.
629 857 962 928 Profunditas
989 868 1210 924 precum.
1237 879 1311 891 ——
1331 846 1467 916 Quid
1495 854 1598 907 est,
1624 842 1704 897 De
1738 838 2042 913 profundis?

487 950 592 1013 Non
635 951 768 1005 dixit
806 943 1158 1007 solummodo,
1191 942 1267 998 Ex
1293 953 1408 1002 ore,
1456 950 1630 1005 neque
1686 929 2038 994 solummodo,

479 1043 551 1100 Ex
580 1042 786 1110 lingua;
817 1051 939 1091 nam
965 1041 1178 1089 errante
1212 1029 1372 1084 etiam
1418 1035 1594 1080 meme
1616 1023 1776 1078 verba
1804 1021 2040 1075 fundun-

477 1144 596 1196 tur;
623 1129 746 1191 sed,
777 1126 860 1182 Ex
900 1126 1063 1180 corde
1090 1118 1520 1192 profundissimo,
1552 1129 1672 1170 cum
1703 1127 1894 1182 magno
1923 1120 2039 1165 stu-

473 1224 583 1284 dio,
617 1229 674 1276 et
707 1232 895 1288 magna
921 1213 1082 1269 animi
1127 1211 1416 1272 alacritate,
1443 1223 1508 1262 ex
1550 1205 1680 1274 ipsis
1709 1203 1901 1258 mentis
1947 1216 2041 1270 pe-

474 1310 786 1368 netralibus.
817 1307 972 1362 Tales
999 1311 1122 1359 sunt
1155 1301 1297 1358 enim
1342 1299 1502 1354 animi
1548 1311 1732 1351 eorum
1776 1295 1864 1364 qui
1907 1291 2042 1346 afﬂi-

474 1409 713 1472 guntur:
753 1397 1054 1452 universum
1100 1407 1194 1446 cor
1234 1403 1413 1444 secum
1460 1392 1827 1447 commovent,
1876 1383 2038 1437 Deum

476 1495 786 1548 invocantes
813 1503 930 1543 cum
963 1498 1150 1554 magna
1174 1481 1583 1550 compunctione
1611 1494 1624 1529 :
1657 1485 1712 1530 et
1737 1475 1857 1529 ideo
1881 1475 2037 1528 etiam

476 1583 780 1640 audiuntur.
803 1577 958 1632 Tales
981 1575 1124 1630 enim
1150 1585 1337 1642 preces
1363 1582 1604 1638 magnam
1627 1565 1822 1620 habent
1852 1573 2039 1634 poten—

480 1673 627 1736 tiam,
655 1680 713 1724 ut
739 1683 856 1738 quae
896 1680 1066 1735 neque
1112 1663 1505 1723 subvertantur,
1534 1671 1704 1726 neque
1732 1655 2038 1709 concutian-

477 1772 582 1826 tur,
613 1759 711 1816 etsi
737 1772 828 1812 eas
851 1755 1093 1811 diabolus
1121 1765 1316 1822 magno
1351 1751 1549 1819 impetu
1579 1747 1808 1802 invadat.
1838 1746 2028 1813 Quem-

476 1850 758 1905 admodum
813 1847 953 1901 enim
1000 1843 1160 1898 arbor
1209 1840 1412 1905 valida,
1462 1847 1516 1894 et
1560 1853 1680 1908 qua:
1723 1837 1776 1892 in
1821 1837 2038 1891 multam

477 1939 880 2012 profunditatem
909 1944 1062 1988 terra:
1091 1932 1199 2002 agit
1225 1930 1450 1994 radices,
1501 1928 1721 1997 ejusque
1767 1927 1916 1981 sinus
1941 1927 2037 1980 de-

477 2028 657 2094 vincit,
683 2027 851 2082 cuivis
871 2033 1147 2080 ventorum
1170 2020 1386 2091 impetui
1406 2019 1638 2082 resistit;
1671 2034 1788 2087 quae
1812 2019 1864 2072 in
1887 2027 2041 2072 terra:

477 2129 656 2175 autem
685 2131 891 2172 summa
941 2113 1219 2184 superficie
1234 2112 1334 2166 sita
1360 2120 1460 2176 est,
1510 2110 1554 2163 si
1597 2109 1846 2178 quaelibet
1884 2123 2039 2177 parva

477 2225 604 2265 aura
625 2207 940 2270 incubuerit,
968 2203 1333 2267 labefactatur,
1379 2210 1436 2256 et
1477 2199 1732 2255 radicitus
1759 2198 1938 2254 evulsa
1959 2198 2041 2268 ja-

478 2311 563 2356 cet
605 2299 792 2354 hnmi:
826 2299 893 2352 ita
942 2298 1098 2353 etiam
1146 2308 1330 2364 preces
1358 2307 1476 2362 quae
1504 2290 1571 2345 ab
1618 2289 1725 2344 imo
1752 2289 2043 2344 ascendunt

479 2401 533 2446 et
559 2397 783 2460 egerunt
808 2387 1016 2442 radices
1043 2387 1098 2440 in
1124 2382 1404 2455 profundo,
1429 2380 1637 2436 etiamsi
1678 2379 2040 2434 innumerabi-

481 2482 557 2537 les
580 2481 821 2536 venerint
845 2479 1194 2549 cogitationes
1215 2519 1230 2542 ,
1261 2475 1470 2530 etiamsi
1499 2475 1752 2527 instructa
1803 2479 1907 2526 tota
1933 2471 2045 2524 dia-

480 2572 588 2626 boli
613 2572 774 2636 acies,
805 2570 969 2625 firma:
999 2577 1213 2623 manent
1241 2576 1295 2622 et
1329 2565 1566 2632 stabiles,
1589 2573 1641 2618 et
1659 2563 1874 2617 minime
1894 2578 2044 2616 ever-

483 2672 662 2717 tuntur
690 2679 704 2716 :
728 2676 845 2732 quae
872 2670 1047 2715 autem
1070 2673 1135 2713 ex
1165 2673 1258 2713 ore
1281 2667 1336 2712 et
1358 2655 1508 2711 labiis
1529 2655 1841 2725 procedunt,
1865 2659 1919 2706 et
1937 2667 2042 2706 non

480 2755 548 2808 ab
599 2755 708 2808 imo
750 2752 1065 2818 ascendunt,
1124 2765 1192 2804 ne
1233 2757 1454 2818 possunt
1495 2746 1706 2817 quidem
1757 2744 1824 2799 ad
1880 2745 2044 2799 Deum

481 2845 786 2910 asmndere,
819 2852 1036 2914 propter
1062 2844 1179 2912 ejus
1205 2843 1293 2912 qui
1323 2840 1531 2896 accedit
1566 2837 1880 2894 socordiam.
1913 2837 2043 2890 Eum

482 2939 624 2994 enim
671 2937 761 3008 qui
805 2938 924 2991 talis
965 2945 1067 3001 est,
1109 2935 1222 2989 sive
1254 2933 1412 2987 fuerit
1452 2931 1640 3000 aliquis
1686 2929 1957 2997 strepitus,
2003 2927 2047 2978 is

482 3031 653 3102 ipsum
679 3029 961 3093 everterit;
990 3028 1102 3082 sive
1130 3025 1398 3088 tumultus,
1443 3023 1510 3078 ab
1549 3021 1788 3076 oratione
1811 3019 2046 3074 abduxe-

484 3125 596 3180 rit:
643 3132 699 3178 et
736 3136 798 3177 os
833 3121 1046 3191 quidem
1092 3126 1324 3179 resonat,
1356 3130 1450 3170 cor
1489 3128 1616 3168 vero
1640 3122 1720 3167 est
1769 3113 1945 3176 inane,
1994 3118 2049 3163 ct

482 3215 593 3271 sola
617 3228 682 3269 ac
707 3213 915 3268 deserta
959 3211 1226 3280 cogitatio.
1259 3210 1328 3263 At
1357 3208 1522 3262 sancti
1549 3222 1653 3260 non
1684 3205 1762 3260 sic
1789 3203 2033 3268 orabant,

482 3305 577 3360 sed
601 3319 724 3359 cum
746 3312 892 3358 tanto
919 3302 1094 3356 studio
1113 3317 1176 3357 ac
1195 3298 1551 3364 vehementia,
1579 3305 1637 3351 ut
1671 3297 1832 3352 etiam
1879 3305 2046 3350 totum

482 3409 678 3464 corpus
719 3393 1066 3448 innectereut.
1097 3393 1288 3447 Beatus
1318 3392 1494 3460 itaque
1533 3388 1711 3444 Helias
1753 3401 1913 3442 orans
1942 3387 2050 3456 pri-

483 3502 628 3542 mum
667 3486 879 3557 quidem
905 3485 1153 3556 quazsivit
1177 3482 1512 3538 solitudinem
1546 3479 1777 3535 :deinde
1800 3494 1918 3533 cum
1955 3494 2051 3548 po-

483 3579 677 3634 suisset
719 3587 876 3648 caput
904 3578 1045 3632 inter
1080 3591 1287 3647 genua,
1318 3583 1376 3630 et
1416 3575 1649 3644 seipsum
1689 3588 1808 3628 cum
1858 3586 2049 3640 magno

483 3671 674 3725 ardore
697 3669 1004 3725 incenderet
1027 3709 1042 3736 ,
1072 3669 1143 3722 ita
1174 3667 1426 3722 fundebat
1468 3680 1650 3734 preces
1676 3664 1768 3735 (5.
1798 3665 1924 3736 Reg.
1958 3665 2044 3719 18.

483 3763 552 3817 42
571 3763 610 3833 ).
634 3763 687 3818 Si
719 3763 795 3818 vis
833 3771 1008 3816 autem
1052 3775 1172 3815 eum
1201 3759 1358 3814 etiam
1384 3757 1566 3813 videre
1594 3765 1794 3811 rectum
1821 3764 2046 3810 stantem

485 3853 535 3906 in
566 3853 826 3915 oratione,
854 3851 975 3905 vide
998 3867 1118 3905 eum
1146 3863 1328 3904 rursus
1351 3860 1625 3904 extensum
1654 3861 1818 3916 usque
1855 3845 1920 3900 ad
1948 3861 2049 3901 cte-

485 3943 682 4011 lum,et
710 3945 779 3998 ita
807 3952 1083 3999 extensum
1108 3953 1163 3997 nt
1189 3943 1346 3997 etiam
1375 3941 1547 4011 ignem
1581 3954 1612 3995 e
1638 3939 1774 3995 caelo
1800 3938 2052 4008 dejiceret

483 4033 645 4103 (Ibid.
686 4051 733 4088 υ.
765 4031 995 4104 56ο58).
1026 4033 1099 4088 Ita
1147 4033 1304 4088 etiam
1335 4030 1548 4102 quando
1591 4030 1754 4083 voluit
1793 4031 2050 4085 suscitare

483 4125 651 4181 ﬁlium
678 4125 848 4180 viduae
871 4165 886 4191 ,
925 4140 1046 4179 cum
1073 4133 1238 4178 totum
1282 4123 1518 4192 seipsum
1547 4121 1903 4192 expandisset,
1931 4137 2048 4176 eam

483 4222 648 4278 edidit
677 4223 1124 4279 resurrectionem
1146 4263 1162 4290 ,
1209 4238 1316 4276 non
1352 4222 1550 4277 fractus
1575 4262 1590 4286 ,
1620 4236 1791 4291 neque
1818 4221 2048 4275 oscitans

483 4317 620 4371 sicut
653 4331 772 4383 nos,
813 4316 906 4372 sed
935 4317 1097 4370 animi
1142 4317 1194 4371 in
1237 4315 1440 4370 orando
1480 4315 1751 4370 alacritate
1804 4314 2050 4368 incensus

483 4408 578 4476 (5.
609 4408 737 4480 Reg.
767 4409 854 4464 i7.
902 4407 1141 4479 l9.-22).
1186 4408 1320 4476 Quid
1361 4418 1535 4463 autem
1581 4408 1700 4463 dico
1742 4408 1943 4463 lleliam
1995 4416 2052 4463 et

483 4509 692 4556 sanctos
719 4501 836 4555 illos
850 4500 875 4554 ?

556 4590 793 4645 Mulieres
837 4591 1068 4661 quaedam
1100 4608 1216 4644 cum
1253 4590 1488 4664 lacrymis
1532 4591 1783 4659 precando
1812 4631 1826 4655 ,
1878 4597 2051 4658 optata

482 4684 782 4752 impetrant;
816 4681 950 4736 Ister
975 4699 1061 4736 seu
1089 4682 1352 4735 Danubius
1400 4697 1534 4750 stepe
1573 4681 1733 4752 glaeie
1760 4680 2047 4735 concrescit.

481 4803 552 4813 --
581 4773 694 4827 Vidi
721 4787 864 4842 saepe
889 4773 1138 4828 mulieres
1160 4781 1379 4841 propter
1399 4773 1571 4826 virum
1621 4771 2048 4841 peregrinantem

418 4899 422 4905 -
482 4876 535 4919 et
557 4865 808 4919 infantem
859 4874 1202 4934 aegrotantem
1231 4865 1300 4917 ita
1329 4863 1396 4918 de
1421 4863 1694 4932 profundis
1719 4872 1930 4918 orantes
1950 4904 1964 4927 ,
1997 4871 2052 4915 et

484 4964 657 5009 tantos
683 4956 858 5010 fontes
879 4956 1228 5025 lacrymarum
1253 4955 1575 5018 emittentes,
1609 4964 1666 5008 ut
1695 4954 1906 5008 tandem
1936 4954 2047 5008 voti

483 5046 565 5101 sui
593 5055 774 5100 essent
806 5053 1103 5115 compotes.
1146 5046 1200 5101 Si
1229 5055 1406 5100 autem
1451 5046 1700 5100 mulieres
1742 5047 1810 5098 ita
1839 5045 2048 5099 inﬂam-

485 5149 700 5191 mantur
729 5136 779 5190 in
823 5136 1152 5192 orationibus
1185 5151 1283 5205 pro
1310 5137 1424 5190 viro
1462 5144 1516 5190 et
1557 5135 1775 5201 infante,
1806 5151 2048 5205 quamam

481 5228 600 5282 viro
628 5228 780 5280 venia
825 5226 1054 5288 dabitur,
1099 5227 1190 5296 qui
1234 5226 1407 5280 anima
1449 5235 1621 5280 morte
1650 5226 1835 5280 affecta
1878 5226 2052 5280 mollis

481 5327 564 5374 est
586 5325 641 5372 et
667 5317 977 5387 languidus?
1004 5315 1140 5370 Hinc
1170 5316 1345 5384 itaque
1391 5315 1467 5379 fit,
1505 5325 1562 5368 ut
1597 5330 1717 5370 cum
1757 5329 1898 5384 saepe
1925 5329 2048 5368 ore-

485 5423 624 5474 mus,
652 5422 838 5463 rursus
866 5407 1054 5461 inanes
1079 5414 1428 5460 revertamur.
1449 5405 1584 5460 Audi
1601 5405 1869 5476 quomodo
1891 5407 2045 5460 Anna

485 5499 673 5556 orabat
703 5499 770 5553 de
823 5497 1093 5568 profundis
1114 5537 1129 5562 ,
1157 5496 1449 5564 cnjusmodi
1482 5495 1653 5552 fontes
1699 5497 2048 5567 lacrymarum

482 5591 790 5656 emittebat,
832 5589 1098 5661 quomodo
1147 5603 1243 5657 per
1290 5589 1580 5643 orationem
1629 5589 1950 5644 evehebatur
1998 5591 2048 5644 in

481 5683 707 5740 sublime
733 5684 810 5754 (l.
839 5676 965 5753 Reg.
1011 5683 1063 5736 i.
1108 5682 1194 5736 l0.
1229 5679 1340 5751 il).
1377 5681 1474 5748 Qui
1513 5683 1653 5736 enim
1686 5684 1754 5738 ita
1784 5696 2046 5752 precatur,

483 5775 644 5837 etiam
688 5784 970 5846 antequam
1001 5783 1357 5840 consequatur
1378 5769 1522 5841 quod
1545 5778 1800 5841 postulat.
1831 5791 1893 5830 ex
1925 5793 2046 5832 ora-

1563 369 1918 428 EXPOSITIO
1957 368 2020 424 lN
2063 365 2382 422 PSALIIUM
2421 366 2657 422 CXXIX.

3611 365 3711 417 574

2148 483 2292 537 tione
2315 497 2502 549 magna
2530 481 2666 536 bona
2696 481 2938 552 percipit,
2961 494 3148 536 omnes
3175 480 3333 535 animi
3363 477 3710 549 perturbatio.

2145 587 2240 627 nes
2284 572 2600 640 reprimens,
2651 572 2782 624 iram
2825 571 3056 635 sedans,
3106 569 3354 624 invidiam
3399 567 3708 637 cxpe'lens,

2143 661 2478 730 cupiditatem
2508 661 2880 730 exstinguens,
2924 676 3100 715 rerum
3130 660 3194 713 ad
3243 660 3400 712 vitam
3438 659 3710 728 pertinen-

2147 754 2275 806 tium
2319 767 2554 807 amorem
2593 752 2887 805 diminuens
2933 759 2986 805 et
3030 751 3338 809 exsiccans,
3376 750 3608 802 animum
3659 749 3711 804 in

2145 857 2335 913 magna
2381 842 2756 911 tranquillitate
2798 841 3144 902 constituens,
3178 841 3228 893 in
3263 840 3431 909 ipsttm
3484 839 3713 908 denique

2143 933 2333 988 caelum
2382 933 2698 986 ascendens.
2727 930 3182 998 Quemadmodum
3214 931 3355 984 enim
3403 929 3579 1000 pluvia
3610 929 3713 984 du—

2143 1041 2258 1080 ram
2288 1033 2484 1080 terram
2511 1064 2526 1088 ,
2554 1023 2608 1076 in
2638 1038 2798 1090 quam
2827 1021 3044 1086 decidit,
3077 1021 3158 1075 vel
3204 1021 3336 1088 ignis
3363 1020 3560 1074 ferrum
3587 1020 3712 1076 tool-

2143 1117 2204 1170 lit
2235 1135 2247 1170 :
2279 1117 2350 1171 ita
2378 1116 2519 1170 vitiis
2545 1114 2849 1168 induratum
2875 1115 3108 1169 animum
3151 1112 3272 1168 talis
3310 1113 3482 1168 oratio
3510 1122 3564 1168 et
3591 1113 3712 1180 igne

2144 1206 2530 1268 vehementius,
2557 1214 2612 1260 et
2639 1205 2914 1274 plusquam
2943 1204 3117 1274 pluvia
3140 1205 3311 1258 mollit
3340 1212 3392 1258 et
3419 1204 3708 1258 lntmectat.

2141 1296 2238 1351 Est
2265 1295 2405 1350 enim
2435 1295 2609 1348 anima
2634 1306 2819 1350 tenera
2847 1293 3006 1367 et_ad
3039 1293 3339 1364 ﬁngendum
3373 1294 3542 1348 facilis
3575 1313 3588 1348 :
3619 1295 3709 1348 sed

2141 1385 2282 1456 quod
2320 1385 2437 1440 lstri
2471 1401 2621 1456 aquae
2671 1400 2812 1453 saepe
2854 1384 3053 1452 evenit,
3104 1393 3160 1438 ut
3184 1383 3351 1454 glacie
3378 1397 3709 1447 concrescat.

2143 1479 2194 1532 id
2220 1479 2380 1532 etiam
2423 1489 2618 1531 nostrae
2638 1478 2830 1532 accidit
2861 1477 3072 1542 animai,
3129 1485 3189 1530 ut
3229 1493 3259 1531 a
3303 1487 3522 1548 peccato
3550 1487 3604 1532 et
3625 1489 3711 1530 so-

2141 1569 2320 1624 cordia
2369 1568 2675 1624 indurescat
2724 1579 2777 1622 et
2815 1568 3121 1637 lapidcscat.
3165 1569 3353 1637 Magno
3394 1583 3520 1638 ergo
3561 1567 3713 1622 nobis

2143 1661 2476 1728 calore~opus
2496 1668 2596 1722 est,
2626 1667 2684 1712 ut
2709 1659 2848 1729 quod
2875 1659 3061 1712 durum
3086 1669 3166 1713 est
3187 1658 3446 1713 emolliat.
3477 1659 3587 1713 lloc
3615 1675 3712 1712 an-

2145 1760 2251 1806 tem
2295 1752 2523 1805 maxime
2565 1750 2724 1805 eff‘tcit
2762 1752 2948 1805 oratio.
2997 1751 3220 1818 Quando
3249 1765 3375 1821 ergo
3416 1753 3713 1807 orationan

2142 1840 2464 1910 aggrederis,
2496 1857 2562 1896 ne
2591 1841 2694 1896 hoc
2722 1842 2891 1894 solum
2921 1857 3128 1910 quzcras
3159 1851 3215 1895 ut
3239 1841 3379 1910 quod
3411 1842 3545 1910 petis
3563 1843 3702 1895 acci-

2144 1935 2298 2004 pias:
2331 1934 2424 1989 sed
2455 1934 2613 1989 etiam
2656 1943 2713 1988 ut
2760 1936 2809 1986 in
2845 1935 2954 2002 ipsa
2999 1935 3240 1988 oratione
3290 1935 3520 1988 animam
3569 1945 3708 1988 tuam

2144 2025 2416 2080 meliorem
2442 2025 2660 2079 efficias.
2690 2025 2819 2078 Nam
2850 2024 2951 2079 hoc
2970 2039 3178 2094 quoque
3201 2033 3283 2079 est
3309 2041 3499 2078 munus
3519 2026 3713 2078 oratiu-

2143 2115 2246 2170 nis.
2266 2114 2365 2183 Qui
2395 2116 2463 2168 ita
2494 2124 2630 2180 orat,
2656 2116 2714 2168 fit
2744 2116 2806 2169 iis
2833 2131 2950 2185 qua:
2980 2115 3042 2169 ad
3070 2115 3210 2168 hanc
3235 2116 3394 2168 vitam
3418 2117 3704 2184 pertinent,

2144 2208 2402 2278 superior,
2421 2218 2597 2262 mente
2617 2207 2904 2273 extollitur,
2923 2208 3093 2261 levem
3120 2206 3292 2261 reddit
3310 2207 3703 2276 cogitationem,

2144 2302 2288 2356 nulla
2337 2302 2733 2370 perturbatione
2779 2301 2940 2354 animi
2983 2300 3283 2368 impeditur.
3333 2298 3409 2354 De
3450 2300 3712 2369 profundis

2145 2392 2355 2445 clamaui
2392 2391 2460 2444 ad
2485 2402 2564 2456 te,
2593 2390 2825 2444 Domine.
2860 2391 2971 2444 Duo
3018 2390 3102 2444 ltic
3128 2391 3299 2460 ponit,
3331 2399 3386 2444 et
3434 2389 3583 2452 illud,
3635 2389 3711 2442 De

2145 2482 2432 2551 profundis,
2463 2491 2518 2537 et
2541 2481 2660 2543 hoc,
2683 2483 2997 2536 clamavisse
3031 2499 3042 2534 :
3075 2482 3366 2535 clamorem
3396 2497 3500 2534 non
3533 2481 3662 2534 dice:
3688 2496 3713 2532 s

2147 2580 2328 2627 tonum
2358 2572 2520 2636 vocis,
2553 2571 2646 2626 sed
2687 2573 3022 2627 affectionem
3065 2572 3246 2625 animi.
3278 2572 3506 2637 Domine,
3534 2572 3715 2624 exaudi

2147 2680 2313 2718 uocem
2363 2681 2544 2718 meam.
2578 2664 2711 2719 Hinc
2751 2664 2855 2718 duo
2884 2663 3155 2729 discimus,
3197 2678 3386 2732 nempe
3416 2677 3513 2718 nos
3541 2677 3571 2715 a
3608 2663 3715 2717 Deo

2157 2757 2400 2810 absolute
2430 2756 2716 2824 impetrare
2741 2769 2843 2809 non
2865 2769 3042 2823 posse,
3062 2754 3160 2807 nisi
3191 2763 3367 2807 nostra
3391 2769 3599 2821 quoque
3627 2754 3716 2805 ad.

2149 2848 2387 2903 fuerint:
2419 2850 2664 2919 quocirca
2701 2848 2844 2917 prius
2883 2849 3029 2912 dicit,
3069 2845 3148 2899 De
3175 2847 3442 2916 profundis
3479 2845 3712 2908 clamari,

2149 2952 2201 2998 et
2231 2951 2374 3006 tunc,
2409 2941 2611 2995 Exaudi
2641 2957 2658 3004 ;
2684 2939 2878 2994 deinde
2905 2938 3196 2994 orationem
3229 2937 3510 3000 intensam,
3556 2935 3712 2990 velte-

2152 3044 2404 3094 mentem,
2435 3041 2487 3086 et
2518 3031 2726 3100 plenam
2757 3030 3004 3100 lacrymis
3034 3027 3477 3096 compunctionis,
3500 3041 3716 3096 magnas

2152 3124 2348 3178 habere
2378 3123 2518 3176 vires
2559 3121 2668 3174 Deo
2695 3119 3064 3190 persuadendi,
3116 3129 3173 3173 ut
3213 3118 3276 3172 iis
3305 3133 3422 3187 qua:
3472 3117 3717 3172 dicuntur

2149 3219 2365 3268 annuat.
2392 3213 2678 3283 Tamquam
2708 3211 2850 3265 enim
2877 3224 3123 3279 magnum
3153 3217 3207 3262 et
3243 3207 3550 3277 prteclarutn
3591 3209 3713 3276 quid

2151 3303 2384 3367 fecisset,
2433 3311 2490 3356 et
2541 3310 2720 3370 partes
2763 3314 2888 3353 suas
2944 3298 3234 3368 implesset,
3291 3297 3361 3351 ita
3408 3297 3714 3366 subjnnxit:

2151 3393 2384 3459 Domine,
2407 3392 2591 3446 exaudi
2612 3407 2778 3444 vocent
2799 3407 2977 3444 meam.
3001 3391 3055 3446 εὶ.
3082 3388 3232 3443 Fiant
3258 3405 3402 3443 aures
3429 3400 3530 3442 tua:
3553 3390 3712 3443 inten-

2150 3485 2320 3540 dentes
2361 3486 2414 3538 in
2453 3500 2618 3538 vocem
2670 3483 3033 3552 deprecationis
3073 3497 3218 3536 metu.
3266 3483 3435 3536 Aures
3461 3481 3590 3536 dicit
3628 3497 3722 3536 au-

2149 3578 2327 3634 diendi
2351 3577 2645 3632 facultatem
2675 3595 2687 3631 :
2715 3588 2768 3631 et
2791 3592 2976 3632 rursus
2997 3592 3182 3632 vocem
3225 3592 3330 3632 non
3362 3577 3717 3632 intensionom

2154 3672 2394 3740 spiritus,
2425 3683 2523 3725 nec
2550 3669 2836 3725 clamorem
2880 3670 3202 3740 significans,
3233 3669 3326 3725 sed
3358 3671 3618 3725 intensam
3645 3670 3717 3721 af-

2152 3763 2455 3818 fectionem.
2495 3762 2549 3816 5.
2579 3761 2639 3816 Si
2667 3761 2952 3830 iniquitates
2981 3761 3330 3827 observaveris,
3353 3759 3587 3827 Domine,
3616 3760 3721 3814 Do—

2153 3856 2304 3920 mine,
2329 3853 2439 3922 quis
2466 3852 2764 3907 sustinebit?
2790 3851 2867 3906 Ne
2894 3851 3012 3922 quis
3039 3853 3178 3906 enim
3205 3852 3364 3918 dicat,
3387 3852 3513 3907 Sum
3539 3866 3723 3921 pecca-

2154 3958 2272 4014 tor,
2302 3957 2356 4002 et
2397 3946 2582 4018 plenus
2634 3947 2787 4000 malis
2834 3944 3326 4011 innumerabilibus,
3375 3960 3477 3999 non
3508 3960 3720 4013 possum

2151 4041 2427 4106 accedere,
2481 4055 2655 4102 orare,
2701 4049 2756 4093 et
2797 4037 2962 4091 Deum
3019 4039 3290 4102 invocare,
3339 4036 3475 4091 hanc
3532 4037 3723 4090 tollens

2153 4131 2573 4198 excusationem,
2601 4129 2661 4186 Si
2688 4129 2974 4197 iniquitates
3013 4128 3366 4193 observaveris,
3397 4129 3584 4196 inquit,
3616 4127 3722 4180 Do-

2152 4225 2303 4288 mine,
2333 4223 2564 4288 Domine,
2605 4223 2714 4292 quis
2750 4219 3047 4276 sustinebit?
3073 4219 3201 4274 Nam
3253 4220 3398 4283 illttd,
3438 4221 3581 4283 Quis,
3635 4222 3720 4273 hic

2152 4315 2328 4370 nullus
2350 4323 2450 4370 est.
2481 4314 2661 4384 Neque
2685 4312 2824 4367 enim
2864 4310 2975 4366 fieri
3003 4319 3196 4380 potest,
3226 4319 3284 4364 ut
3307 4311 3351 4364 si
3397 4327 3572 4367 rerum
3603 4326 3632 4366 a
3667 4327 3725 4368 se

2150 4416 2419 4477 gestarum
2447 4420 2653 4459 summo
2679 4405 2798 4474 jure
2825 4404 2891 4458 ab
2936 4402 3040 4457 ullo
3069 4401 3308 4471 exigatur
3357 4405 3511 4467 ratio,
3559 4403 3722 4473 possit

2153 4513 2401 4569 umquam
2436 4497 2850 4553 misericordiam
2892 4505 2946 4552 et
2972 4497 3305 4554 clementiam
3334 4497 3602 4564 consequi.

2220 4591 2274 4644 2.
2308 4590 2432 4644 Haec
2452 4600 2627 4644 autem
2657 4589 2902 4656 dicimus,
2929 4607 3034 4645 non
3066 4590 3401 4660 impellentes
3421 4591 3629 4644 animos
3664 4593 3715 4643 in

2153 4679 2470 4747 socordiam,
2494 4680 2588 4736 sed
2609 4695 2703 4734 eos
2724 4682 3083 4747 consolantes,
3109 4682 3197 4752 qui
3226 4679 3422 4735 cadunt
3451 4682 3501 4736 in
3529 4681 3718 4750 despe-

2156 4774 2434 4829 rationem.
2486 4771 2611 4837 Quis
2647 4772 2780 4826 enim
2821 4772 3116 4843 gloriabitur
3161 4789 3214 4826 se
3256 4772 3499 4826 mundum
3547 4772 3726 4826 habere

2155 4881 2262 4928 cor,
2292 4873 2379 4917 aut
2408 4865 2518 4933 quis
2543 4863 2848 4932 confidenter
2875 4864 3002 4918 dicet
3040 4881 3092 4918 se
3132 4881 3238 4918 esse
3254 4880 3435 4934 purum
3460 4881 3491 4917 a
3511 4865 3727 4934 peccatis

2155 4955 2335 5027 (Prov.
2364 4954 2453 5019 9.0,
2484 4955 2576 5024 9)?
2617 4955 2685 5009 Et
2706 4955 2832 5024 quid
2862 4955 2980 5009 dico
2999 4955 3170 5010 alios?
3195 4955 3326 5009 Nam
3355 4957 3565 5010 etiamsi
3587 4955 3728 5010 Pau-

2156 5051 2260 5102 lum
2288 5049 2342 5102 in
2373 5047 2605 5102 medium
2647 5047 2938 5112 adduxere,
2965 5057 3229 5102 eteorum
3259 5063 3378 5118 qua:
3409 5048 3534 5102 fecit
3559 5049 3728 5102 ratio-

2160 5155 2282 5196 nem
2307 5154 2518 5194 summo
2541 5140 2660 5209 jure
2687 5153 2939 5208 exegero,
2987 5154 3057 5195 ne
3079 5139 3274 5209 poterit
3303 5137 3515 5209 quidem
3564 5138 3726 5192 susti-

2155 5245 2302 5285 nere.
2333 5227 2468 5298 Quid
2497 5229 2638 5283 enim
2665 5229 2858 5298 poterit
2885 5227 3106 5283 dicere?
3150 5227 3441 5296 Prophetas
3470 5228 3617 5298 legit,
3667 5236 3726 5281 ut

2158 5323 2246 5393 qui
2273 5323 2404 5393 legis
2436 5322 2622 5392 patriae
2647 5330 2793 5377 esset
2817 5321 3043 5392 diligens
3069 5321 3345 5376 inmolator
3376 5338 3390 5374 :
3418 5321 3567 5390 signa
3594 5318 3726 5373 vidit

2155 5427 2274 5482 quae
2325 5410 2542 5477 fiebant,
2583 5420 2640 5467 et
2683 5421 2858 5467 tamen
2906 5413 3155 5467 manebat
3203 5419 3556 5482 persequutor
3583 5428 3598 5461 :
3630 5427 3732 5466 nec

2155 5506 2300 5574 prius
2337 5504 2540 5559 destitit
2562 5517 2719 5575 quam
2742 5503 3105 5558 admirabilem
3144 5503 3288 5559 illam
3325 5502 3579 5557 visionem
3610 5510 3728 5558 sus--

2153 5596 2334 5665 cepit,
2385 5605 2439 5650 et
2483 5610 2668 5651 vocem
2709 5595 2910 5650 audivit
2963 5594 3298 5650 terribilem:
3345 5605 3502 5650 antea
3549 5605 3726 5651 autem

2155 5688 2350 5743 mansit
2391 5687 2568 5742 omnia
2619 5700 2815 5756 susque
2845 5685 3020 5756 deque
3067 5687 3393 5756 permiscens
3421 5695 3476 5741 et
3501 5685 3726 5741 confun-

2155 5778 2300 5831 dens.
2329 5777 2435 5866 Illis
2463 5773 2635 5843 tamen
2659 5777 2902 5832 omnibus
2932 5777 3302 5847 prxtcrmissis
3327 5767 3468 5832 Deus
3493 5787 3545 5833 et
3571 5793 3726 5833 voca-
