4112 6342
391 384 498 441 375

389 505 488 571 vit,
511 510 565 558 et
582 514 770 570 magna
790 501 956 570 gratia
979 499 1196 569 dignum
1220 499 1449 555 censuit.
1481 498 1618 567 Quid
1646 513 1775 553 vero
1800 511 1962 568 cory-

387 594 598 664 phaeum
617 591 763 647 illum
789 590 1002 645 Petrum
1021 591 1046 643 '.'
1067 604 1175 645 non
1202 599 1319 659 post
1336 588 1735 644 innumerabilia
1754 588 1900 657 signa
1911 595 1967 641 et

387 683 677 750 miracula,
716 692 1023 753 tantamque
1077 681 1492 737 admonitionem
1537 692 1593 737 et
1638 679 1965 736 exhortatio-

387 790 533 841 nem,
550 773 724 844 arguit
740 773 793 828 in
823 773 1188 843 gravissimum
1207 774 1354 828 illum
1381 774 1582 842 lapsum
1601 771 1890 827 cecidisse?
1907 770 1967 826 ll-

387 865 479 921 lud
506 875 683 921 tamen
709 865 1068 935 praetermisit,
1096 873 1151 920 et
1178 865 1539 934 apostolorum
1575 880 1695 919 eum
1735 863 1963 934 primum

388 957 681 1013 constituit.
715 956 780 1011 Et
817 956 938 1011 ideo
956 956 1090 1010 dixit
1114 972 1128 1009 :
1155 955 1354 1021 Simon,
1388 955 1588 1020 Simon,
1610 971 1719 1008 ecce
1737 954 1967 1024 expetivit

391 1060 600 1105 satanas
632 1051 852 1105 cribrare
875 1058 922 1105 te
943 1060 1195 1122 tamquam
1225 1050 1443 1103 triticum
1471 1063 1490 1103 :
1520 1064 1611 1118 ego
1636 1059 1801 1102 autem
1828 1046 1968 1113 oravi

388 1159 481 1213 pro
502 1152 571 1208 te,
596 1159 657 1196 ne
677 1141 880 1211 deﬁciat
894 1141 1019 1211 ﬁdes
1041 1151 1127 1194 tua
1147 1139 1299 1210 (Luc.
1320 1140 1408 1194 22.
1427 1141 1511 1196 5|.
1532 1139 1644 1210 32).
1663 1139 1828 1194 Porro
1851 1146 1970 1206 post

390 1235 504 1287 hinc
514 1247 722 1304 quoque
740 1233 782 1287 si
806 1247 908 1288 non
925 1246 1044 1288 cum
1060 1231 1419 1287 misericordia
1437 1241 1489 1285 et
1501 1231 1779 1295 clementia
1795 1231 1970 1283 veniat

386 1322 455 1386 ad
478 1322 855 1393 judicandum,
877 1324 969 1380 sed
984 1324 1241 1378 rationem
1252 1324 1586 1391 sumiuojure
1597 1321 1789 1392 exigat,
1816 1321 1969 1391 plane

392 1414 626 1469 inveniet
672 1429 860 1470 omnes
895 1429 1021 1470 reos
1058 1423 1114 1470 et
1140 1414 1419 1471 obnoxios.
1476 1414 1734 1481 Quocirca
1762 1413 1957 1469 Paulus

395 1520 608 1576 quoque
633 1505 842 1562 dicebat
870 1524 885 1560 :
929 1503 1080 1559 Nihil
1103 1505 1227 1559 mihi
1252 1506 1482 1559 conscius
1504 1521 1638 1563 sum.
1670 1505 1758 1559 sed
1782 1520 1885 1558 non
1913 1505 1967 1558 in

398 1599 492 1651 hoc
508 1598 818 1668 justi/Scalas
845 1615 954 1651 sum
981 1597 1000 1667 (
1028 1598 1075 1651 l.
1106 1596 1223 1651 Cor.
1245 1596 1299 1651 4.
1352 1596 1428 1668 4).
1455 1595 1516 1651 Si
1551 1596 1833 1666 iniquitates
1881 1595 1969 1649 ob-

391 1693 697 1757 servaveris,
743 1689 990 1758 Domine,
1029 1689 1263 1745 Domine.
1297 1689 1562 1760 Repetitio
1611 1698 1695 1743 est
1737 1704 1843 1742 non
1892 1699 1969 1742 te-

391 1798 558 1848 mere,
591 1798 689 1838 nec
718 1783 814 1837 abs
858 1800 939 1848 rc,
972 1781 1065 1837 sed
1092 1781 1406 1842 admirantis
1450 1788 1505 1836 et
1540 1780 1802 1850 stupentis
1836 1778 1967 1833 insi-

389 1890 546 1944 gnem
575 1874 690 1944 ejus
720 1873 1081 1940 clementiam,
1113 1881 1167 1928 et
1205 1872 1467 1928 infinitam
1520 1871 1874 1943 majestatem,
1915 1879 1969 1924 et

390 1975 597 2019 vastum
652 1964 871 2034 pelagus
918 1964 1034 2032 ejus
1062 1964 1314 2019 bonitatis
1346 1962 1443 2035 (a).
1498 1963 1623 2032 Quis
1667 1962 1969 2017 sustinebit!

389 2054 504 2110 Non
525 2055 676 2120 dixit,
708 2055 837 2124 Quis
862 2054 1117 2125 effugiet?
1158 2055 1274 2122 sed,
1315 2055 1441 2123 Quis
1482 2054 1967 2126 sustinebit?signi-

390 2148 554 2203 ticans
581 2147 719 2217 quod
759 2162 856 2202 nec
885 2156 1028 2201 stare
1057 2145 1272 2221 quidem
1315 2146 1527 2216 poterit.
1569 2146 1623 2200 4.
1671 2145 1804 2211 Quia
1829 2146 1969 2213 apud

390 2247 437 2290 te
462 2238 751 2309 prepitiatio
774 2248 862 2293 est.
884 2237 1020 2304 Quid
1044 2245 1146 2302 est,
1168 2237 1319 2308 Apud
1347 2247 1393 2291 te
1413 2237 1702 2309 propitiatio
1722 2247 1794 2291 est
1812 2237 1837 2290 .9
1852 2236 1965 2294 Non

390 2332 443 2386 in
489 2330 708 2396 nostris,
758 2331 950 2401 inquit,
983 2339 1129 2385 recte
1157 2329 1347 2395 factis,
1379 2329 1475 2385 sed
1499 2330 1553 2384 in
1598 2341 1688 2384 tua
1731 2330 1967 2385 bonitate

390 2420 515 2475 licet
565 2420 798 2491 etl'ugere
823 2421 1164 2491 supplicium.
1193 2418 1264 2475 Ut
1295 2420 1552 2490 judicium
1582 2421 1723 2474 enim
1751 2421 1965 2491 (attegia-

387 2526 529 2579 mus,
580 2512 631 2564 iu
665 2521 753 2565 tua
797 2512 1081 2566 clementia
1112 2510 1273 2565 situm
1314 2520 1415 2566 est.
1443 2511 1593 2580 Quod
1639 2513 1684 2567 si
1713 2527 1828 2566 eam
1858 2528 1965 2567 non

389 2603 644 2658 fuerimus
669 2605 960 2674 assequuti,
994 2613 1174 2659 nostra
1198 2619 1313 2661 non
1360 2603 1627 2659 sufﬁciunt
1665 2606 1729 2659 ad
1763 2620 1860 2660 nos
1897 2606 1966 2661 ab

388 2694 463 2748 ira
496 2694 666 2749 futura
684 2695 1002 2764 eripiendos.

461 2788 513 2842 5.
555 2788 667 2844 Hoc
708 2789 867 2842 etiam
898 2802 994 2858 per
1024 2787 1334 2859 prophetam
1382 2788 1682 2857 signiﬁcans
1710 2789 1919 2845 dicebat
1949 2808 1961 2844 :

391 2877 504 2951 Ego
528 2896 639 2933 sum
678 2880 761 2946 qui
809 2880 947 2933 (ti-leo
991 2880 1273 2950 iniquitates
1310 2889 1421 2934 tuas
1453 2879 1730 2947 (Isai.4'5.
1763 2882 1884 2953 25).
1908 2882 1963 2938 Id

386 2980 497 3038 est,
530 2968 642 3025 lloe
667 2980 744 3026 est
786 2986 981 3030 metnn.
1026 2984 1156 3024 mea:
1183 2968 1453 3035 bonitatis,
1489 2984 1622 3024 mea!
1646 2971 1961 3026 clementiae.

386 3061 516 3116 Nam
564 3078 682 3133 quae
714 3071 799 3115 tua
825 3070 967 3128 sunt,
1000 3077 1103 3115 non
1140 3060 1415 3127 sufﬁciunt
1464 3076 1710 3132 umquam
1742 3073 1798 3116 ut
1825 3070 1875 3116 te
1904 3062 1967 3117 li-

387 3154 574 3208 berent
626 3168 656 3207 a
706 3153 981 3222 supplicio,
1035 3152 1136 3207 nisi
1174 3168 1289 3208 mea
1316 3153 1531 3209 accedat
1570 3152 1868 3209 clementia.
1899 3153 1967 3207 Et

388 3259 590 3308 rursus,
623 3241 735 3314 Ego
757 3260 839 3298 vos
853 3244 1089 3299 sustineo.
1127 3240 1345 3313 Pr0pter
1373 3259 1551 3297 nomen
1585 3252 1722 3296 tuum
1749 3244 1966 3297 sustinui

388 3348 469 3404 te,
524 3336 756 3392 Domine.
816 3336 1064 3391 Sustinuit
1109 3336 1280 3389 anima
1327 3352 1437 3389 mea
1474 3337 1526 3389 in
1572 3335 1770 3390 verbum
1825 3346 1964 3389 tuum

396 3425 567 3498 (lsai.
596 3426 687 3481 46.
732 3427 828 3496 4).
885 3427 941 3482 5.
989 3426 1222 3496 Speravit
1250 3426 1419 3479 anima
1466 3443 1578 3480 mea
1627 3427 1678 3479 in
1723 3425 1960 3480 Domino.

386 3520 555 3587 Alius,
599 3517 817 3588 Propter
859 3518 1015 3587 lcg‘em
1059 3528 1218 3573 tuam.
1252 3516 1399 3572 Alius
1440 3532 1644 3585 rursus,
1677 3516 1743 3571 Ut
1780 3533 1964 3587 cogno-

387 3620 554 3664 scatur
590 3609 790 3664 verbum
828 3619 969 3661 tuum
1012 3606 1109 3677 (b).
1155 3592 1306 3674 Quod
1331 3617 1506 3663 autem
1533 3608 1676 3674 dicit,
1707 3617 1788 3662 est
1815 3608 1961 3678 ejus-

388 3703 551 3759 modi.
612 3703 832 3773 Propter
869 3701 1225 3766 clemcntiam,
1276 3710 1490 3770 propter
1538 3717 1730 3755 nomen
1772 3708 1918 3755 tuum
1945 3743 1960 3769 ,

386 3800 601 3864 propter
644 3793 813 3864 legem
847 3800 989 3846 tuam
1020 3790 1319 3860 exSpectavi
1357 3790 1579 3846 salutem
1606 3809 1620 3845 :
1644 3806 1765 3845 nam
1818 3791 1862 3846 si
1895 3791 1960 3844 ad

389 3901 504 3938 mea
529 3886 900 3955 respexissent,
919 3883 1028 3952 jam
1051 3883 1174 3935 olim
1192 3881 1577 3952 desperassem,
1599 3881 1727 3937 olim
1748 3897 1962 3937 omnem

389 3975 632 4030 liduciam
659 3974 973 4042 ahjecissem
1003 3991 1014 4026 :
1040 3987 1181 4027 nunc
1199 3984 1375 4027 autem
1402 3975 1568 4043 legem
1604 3982 1821 4028 tuamet
1846 3988 1964 4029 ver-

389 4065 511 4119 bum
544 4076 687 4119 ttium
704 4066 1005 4131 attendens,
1026 4066 1219 4121 bonam
1240 4079 1387 4135 spem
1403 4064 1664 4134 concipio.
1685 4064 1961 4133 Quodnam

387 4156 647 4211 verbum?
672 4156 897 4211 Verbum
930 4157 1258 4221 clementiae;
1281 4155 1392 4225 ipse
1418 4154 1558 4211 enim
1580 4165 1665 4211 est
1681 4158 1770 4226 qui
1795 4156 1958 4212 dicit:

393 4246 649 4316 Quantum
668 4247 820 4301 distat
846 4247 1023 4302 celum
1045 4264 1076 4300 a
1113 4258 1267 4314 terra,
1297 4255 1491 4300 tantum
1526 4246 1714 4301 distant
1754 4250 1967 4302 consilia

386 4355 498 4393 mea
549 4354 579 4390 a
617 4339 826 4391 consilio
859 4348 1039 4405 vestro,
1070 4346 1115 4390 et
1140 4338 1233 4390 viae
1273 4351 1399 4390 inea:
1422 4352 1453 4389 a
1475 4336 1568 4391 viis
1595 4338 1768 4391 vestris
1794 4335 1957 4408 (Isni.

386 4430 476 4485 59.
505 4427 597 4499 9).
626 4427 694 4482 Et
719 4443 903 4482 rursus
930 4445 946 4482 :
977 4427 1265 4482 Secundum
1284 4426 1597 4481 altitudinem
1624 4429 1735 4482 caeli
1771 4445 1803 4481 a
1828 4439 1963 4482 terra

387 4511 701 4591 conﬁrmavit
724 4520 969 4573 Dominus
989 4519 1380 4572 misericordiam
1399 4535 1544 4573 suam
1565 4535 1717 4589 super
1735 4521 1961 4574 timentes

383 4613 551 4680 ipsum
595 4609 778 4682 (Psal.
828 4611 948 4665 102.
979 4613 1105 4680 ll).
1134 4610 1201 4664 Et
1226 4624 1407 4664 rursus
1450 4627 1464 4662 :
1510 4610 1766 4673 Quantum
1812 4611 1960 4664 distat

385 4704 551 4756 oriens
591 4704 652 4755 ab
708 4718 911 4766 occasu,
954 4702 1131 4773 procul
1177 4702 1382 4754 removit
1429 4716 1461 4754 a
1491 4701 1633 4754 nobis
1678 4703 1959 4772 iniquitates

384 4802 579 4851 nostras
612 4789 783 4862 (Ibid.
817 4808 864 4845 v.
901 4789 968 4845 η
987 4789 1029 4863 ).
1060 4790 1174 4845 Hoc
1199 4799 1284 4846 est
1303 4831 1318 4856 ,
1345 4790 1460 4845 Non
1487 4806 1580 4845 eos
1607 4801 1809 4846 tantum
1840 4812 1955 4846 se:-

384 4882 502 4936 vavi
527 4882 615 4951 qui
640 4896 700 4937 se
726 4891 870 4935 recte
893 4889 1193 4951 gesserunt,
1221 4879 1316 4936 sed
1340 4884 1553 4952 peperci
1580 4881 1740 4936 etiam
1771 4897 1957 4951 pecca-

386 4972 608 5037 toribus,
653 4981 709 5027 et
758 4971 897 5026 inter
945 4970 1134 5025 delicta
1182 4982 1268 5025 tua
1302 4971 1651 5042 patrocinium
1676 4986 1874 5038 meum,
1906 4982 1960 5026 et

384 5080 550 5133 quam
572 5066 646 5118 tui
674 5079 854 5119 curam
882 5079 1033 5134 gero,
1086 5064 1313 5119 ostendi.
1343 5065 1492 5143 Alius
1534 5066 1722 5135 inquit,
1783 5065 1850 5120 Ut
1889 5069 1959 5121 sis

381 5156 616 5213 terribilis
626 5151 1001 5224 (6),ea:spectavi
1023 5155 1318 5210 Dominum.
1341 5148 1614 5211 Terribilis
1636 5158 1723 5212 cui
1737 5158 1761 5210 ἶ)
1777 5157 1957 5211 Inimi-

448 5293 520 5353 (ιι)
553 5290 681 5350 Vox,
704 5288 1102 5353 bonitatis,deest
1121 5290 1350 5353 ingsavil”
1372 5291 1518 5341 male.

447 5350 517 5417 (ιι)
549 5359 631 5402 Hae
653 5350 1079 5417 interpretationes
1100 5350 1280 5417 quinta:
1306 5360 1358 5401 et
1377 5361 1532 5402 sextae
1565 5352 1828 5417 sditionum
1847 5366 1959 5417 esse

383 5412 628 5482 videntur.
651 5422 764 5482 sum
788 5412 850 5482 in
873 5412 1353 5482 _Hexapl‘.s'A_quil_:e,
1388 5414 1645 5482 symmaebi
1665 5420 1726 5482 et
1744 5414 1961 5482 Theodo-

383 5477 532 5549 tiouis
550 5474 789 5541 lectiones
809 5474 1045 5524 habentur
1073 5477 1134 5523 ab
1166 5474 1242 5525 bis
1266 5474 1491 5524 diversi.
1515 5474 1639 5527 Yide
1660 5475 1960 5545 inaliexaplis

381 5547 579 5591 nostris.
1712 5550 1719 5557 υ

300 5608 309 5631 ’γ
350 5603 355 5606 ’
394 5669 414 5691 .
429 5608 1001 5691 Εληίενειιῖθῖφὲἕιρυηέ
1020 5609 1089 5661 δίε
1107 5608 1782 5691 ωννίέίίίξνξίθδτὲἱοθέὲῧππ
1795 5595 1959 5691 b.7735-

382 5669 559 5740 Aqujla
583 5681 637 5722 et.
655 5669 950 5740 licodoti_o,
977 5676 1134 5723 ἕνεκεν
1173 5671 1259 5722 τοῦ
1286 5673 1455 5740 φρϐου,
1490 5670 1549 5721 οὺ
1592 5669 1963 5740 ἠιεζωηθδὲω-

381 5734 615 5794 machus,
654 5737 722 5803 ξν.
766 5753 813 5784 τ.
855 5731 1031 5797 νόμον,
1072 5742 1270 5799 propter
1295 5731 1499 5796 'legent,
1543 5748 1599 5783 ac
1639 5737 1680 5784 si
1728 5731 1955 5803 legisset,

380 5803 520 5871 t'tt'J'ﬂ't
555 5795 718 5899 p735,
738 5832 833 5868 axx
858 5795 924 5870 iv.
949 5836 994 5868 τ.
1020 5795 1267 5882 ὁνόμοίτος,
1291 5824 1491 5882 propter
1515 5830 1706 5869 nomen.

1107 383 1163 437 S.
1204 381 1479 440 JOANNIS
1504 380 1980 439 CHRYSOSTOMI
2016 380 2330 438 ARCHIEP.
2369 381 2902 441 CONSTANTINOP.

3546 391 3649 446 376

2076 498 2174 561 eis,
2206 496 2616 565 insidiatoribus,
2644 500 2708 554 iis
2733 499 2823 570 qui
2865 496 2993 554 mibi
3021 499 3210 558 infensi
3233 511 3376 558 sunt.
3405 502 3544 572 Quid
3570 516 3649 560 est

2073 600 2278 654 rursus,
2304 585 2528 659 Propter
2573 604 2753 642 nomen
2788 598 2925 643 tuum
2948 589 2975 645 2
3009 590 3281 658 Quamvis,
3332 592 3521 663 inquit,
3552 609 3650 665 ego

2070 679 2169 733 sim
2195 692 2463 749 peccator,
2495 690 2549 736 et
2578 682 2765 751 plenus
2794 684 2948 738 malis
2975 684 3469 752 innumerabilibus,
3514 689 3675 743 scie;

2072 769 2191 824 bam
2222 781 2417 837 tamen,
2446 788 2516 827 ne
2539 788 2733 829 nomen
2783 787 2930 829 tuum
2989 776 3379 846 profanaretur,
3432 778 3547 835 fore
3592 794 3645 835 ut

2072 878 2170 918 nos
2198 874 2477 932 pereuntes
2502 865 2719 921 minime
2745 865 3068 937 chpiceres.
3100 867 3251 937 Quod
3276 869 3392 940 ipse
3436 885 3649 943 quoque

2070 952 2203 1006 dixit
2229 955 2279 1006 in
2315 954 2632 1010 Ezechiele:
2665 954 2789 1010 Non
2829 968 3036 1027 propter
3088 974 3175 1013 vos
3222 975 3315 1031 ego
3359 961 3515 1032 facio,
3561 962 3660 1017 sed'

2071 1053 2277 1111 propter
2329 1060 2511 1098 nomen
2546 1062 2730 1112 meum,
2761 1058 2816 1101 ut
2861 1064 2962 1102 non
3001 1051 3296 1120 profanetur
3323 1051 3455 1107 inter
3480 1062 3650 1124 gentes

2075 1131 2299 1204 (Ezech.
2331 1136 2420 1191 56.
2449 1135 2521 1189 22
2546 1136 2586 1208 ).
2629 1138 2741 1193 lloc
2789 1148 2892 1201 est,
2930 1140 3038 1196 Nos
3065 1143 3278 1210 quidem
3305 1159 3414 1201 non
3463 1161 3648 1202 sumus

2071 1223 2213 1293 digni
2256 1225 2344 1295 qui
2397 1241 2691 1293 servemur,
2721 1243 2893 1298 neque
2936 1246 3001 1285 ex
3052 1232 3210 1287 rebus
3248 1248 3278 1287 ι
3308 1234 3463 1289 nobis
3485 1238 3648 1306 gestis

2076 1316 2178 1370 ulla
2207 1317 2342 1372 bona
2372 1334 2468 1389 spe
2491 1320 2754 1389 ducimur,
2777 1324 2870 1378 sed
2904 1334 3277 1395 exspectamus
3295 1325 3410 1383 fore
3437 1338 3493 1383 ut
3515 1344 3644 1384 coii-

2072 1426 2346 1467 scrvemur
2390 1423 2602 1483 propter
2631 1431 2823 1471 nomen
2861 1426 3029 1484 tuum,
3051 1433 3221 1488 eaque
3268 1421 3421 1476 nobis
3466 1422 3645 1477 relicta

2072 1512 2151 1556 est
2197 1518 2319 1572 spes
2363 1506 2564 1562 salutis.
2598 1507 2779 1575 Alius,
2816 1507 3028 1580 PrOpter
3065 1520 3248 1564 metum
3284 1514 3498 1567 sustinui
3536 1512 3645 1567 Do-

2071 1595 2282 1648 minum.
2308 1597 2479 1664 Alius,
2514 1597 2731 1668 Propter
2754 1601 2911 1670 legem
2942 1602 3155 1656 sustinui
3192 1602 3484 1659 Dominum.
3517 1606 3645 1660 Sus-

2072 1686 2218 1738 tinuit
2272 1688 2442 1741 anima
2494 1706 2605 1743 mea
2649 1692 2701 1744 in
2762 1691 2905 1746 verba
2958 1703 3061 1747 tuo.
3103 1695 3284 1758 Altus,
3326 1694 3645 1765 Exspectavit

2071 1776 2242 1829 anima
2263 1795 2368 1832 mea
2388 1779 2588 1833 verbum
2614 1784 2723 1843 eius
2749 1783 2842 1854 (a).
2865 1785 3031 1847 Alius,
3063 1785 3313 1841 Sustinuit
3328 1789 3497 1841 animo
3513 1806 3643 1853 mea,

2072 1876 2116 1919 et
2140 1867 2336 1921 verbum
2363 1870 2471 1938 ejus
2496 1875 2792 1940 exspectavi.
2813 1874 2923 1930 Hoc
2940 1886 3040 1943 est,
3067 1876 3142 1931 Ex
3165 1879 3439 1947 promissis
3462 1890 3515 1935 et
3537 1880 3641 1936 fre-

2073 1960 2352 2029 quentibus
2391 1962 2853 2031 pollicitationibus
2879 1967 2945 2022 de
2973 1967 3294 2039 benignitate
3321 1970 3436 2040 ejus
3460 1980 3517 2027 et
3534 1974 3643 2028 cle-

2072 2054 2269 2108 mentia
2297 2066 2557 2124 sumptam
2585 2073 2787 2112 sacram
2819 2059 2975 2114 habui
3017 2076 3285 2130 ancoram,
3303 2078 3404 2119 nec
3426 2063 3496 2120 de
3522 2080 3639 2119 mea

2072 2144 2240 2199 salute
2261 2160 2408 2215 spem
2448 2148 2639 2216 abjeci.
2668 2149 2720 2204 6.
2751 2151 2796 2203 Α
2824 2152 3051 2205 custodia
3075 2155 3324 2208 matutina
3370 2171 3530 2226 usque
3576 2158 3645 2209 ad

2071 2246 2263 2288 noctem
2283 2247 2447 2307 speret
2467 2236 2633 2294 Israel
2650 2242 2702 2293 in
2733 2238 2968 2316 Domino.
2998 2242 3129 2298 Tota
3159 2246 3285 2314 vita,
3315 2246 3518 2317 inquit;
3543 2246 3646 2302 hoc

2071 2337 2170 2391 est,
2199 2327 2353 2382 Omni
2376 2329 2463 2384 die
2489 2346 2552 2385 ac
2598 2343 2772 2387 nocte.
2810 2333 2947 2388 Nihil
2998 2347 3079 2390 est
3130 2337 3269 2392 enim
3316 2337 3383 2393 ad
3422 2340 3643 2395 salutem

2073 2419 2443 2486 praestabilius,
2486 2435 2642 2490 quam
2673 2436 2927 2493 perpetuo
2955 2424 3101 2479 illum
3146 2427 3432 2497 respicere,
3480 2436 3536 2484 et
3575 2430 3644 2484 ab

2072 2508 2156 2562 illa
2207 2524 2303 2579 spe
2332 2511 2583 2581 pendere,
2635 2514 2756 2569 licet
2804 2516 3077 2572 innumera
3117 2519 3376 2586 accidant,
3402 2535 3644 2591 quasnos

2070 2600 2342 2671 impellant
2362 2603 2415 2657 in
2441 2603 2880 2675 desperationem.
2911 2608 3007 2663 Hic
3029 2619 3111 2664 est
3141 2625 3322 2666 murus
3346 2610 3603 2667 infractus
3621 2654 3639 2679 ,

2071 2694 2259 2750 invicta
2287 2697 2539 2764 munitio,
2585 2699 2742 2754 turris
2781 2701 3220 2772 inexpugnabilis.
3264 2703 3377 2759 Etsi
3402 2718 3529 2775 ergo
3557 2718 3643 2759 res

2070 2786 2336 2842 minentur
2363 2799 2605 2856 mortem,
2636 2790 2946 2859 periculum.
2984 2802 3039 2847 et
3067 2793 3359 2862 interitum,
3410 2810 3476 2851 ne
3503 2794 3642 2851 desi-

2070 2885 2178 2931 stas
2221 2893 2437 2948 sperare
2486 2880 2537 2934 in
2582 2880 2783 2949 Deum,
2815 2893 2864 2935 et
2895 2894 3206 2952 exspectare
3242 2885 3357 2954 ejus
3393 2885 3637 2940 salutem.

2069 2966 2256 3022 Omnia
2286 2978 2411 3025 sunt
2438 2968 2512 3026 illi
2546 2969 2711 3024 facilia
2742 2982 2796 3026 ct.
2831 2973 3096 3042 expedita,
3149 2984 3206 3029 et
3252 2974 3339 3030 vel
3377 2976 3429 3031 in
3484 2975 3639 3031 rebus

2070 3059 2397 3117 difficillimis
2444 3071 2499 3117 et
2550 3062 2965 3133 impeditissimis
3008 3065 3206 3120 exitum
3262 3067 3511 3122 inveniet.
3564 3066 3643 3121 Ne

2071 3162 2317 3224 exspecta
2345 3168 2474 3223 ergo
2505 3153 2617 3211 fore
2640 3166 2695 3209 ut
2722 3157 2892 3211 solum
2917 3157 3010 3211 tibi
3032 3157 3169 3213 adsit
3188 3159 3457 3222 auxilium,
3482 3160 3527 3214 si
3555 3176 3639 3214 res

2069 3246 2317 3301 secunda:
2343 3244 2593 3301 afﬂuant:
2616 3248 2709 3303 sed
2740 3257 2862 3303 tunc
2887 3248 3134 3314 maxime,
3158 3249 3366 3321 quando
3392 3259 3515 3305 sunt
3538 3251 3635 3304 nn-

2069 3345 2185 3390 etus
2232 3337 2468 3404 maximi,
2521 3345 2578 3394 et
2614 3338 2901 3394 vehemens
2946 3348 3247 3410 Iempestas,
3271 3353 3324 3396 et
3344 3348 3638 3397 extremum

2071 3429 2310 3484 imminet
2336 3428 2647 3499 periculum.
2674 3429 2822 3485 Tunc
2861 3431 3003 3486 enim
3040 3432 3269 3487 maxime
3296 3432 3435 3488 Deus
3483 3449 3630 3485 suam

2068 3519 2302 3575 ostendit
2339 3520 2645 3591 potentiam.
2674 3520 2786 3577 Hoc
2810 3530 2893 3576 est
2917 3536 3044 3593 ergo
3068 3521 3207 3593 quod
3228 3522 3356 3578 dicit
3383 3541 3395 3577 :
3420 3523 3638 3592 ()pm-tet

2070 3610 2122 3665 in
2148 3611 2309 3665 Deum
2339 3622 2593 3682 perpetuo
2607 3626 2841 3681 sperare,
2872 3620 2983 3667 toto
3005 3613 3120 3667 vita:
3143 3621 3396 3682 tempore.
3426 3614 3476 3668 7.
3507 3614 3637 3681 Quia

2067 3701 2206 3770 apud
2252 3699 2525 3755 Dominum
2580 3702 2954 3768 misericordia,
3003 3713 3051 3757 et
3088 3703 3289 3773 copiosa
3333 3704 3474 3774 apud
3526 3719 3637 3757 eum

2067 3792 2359 3861 redemptio.
2381 3792 2435 3848 8.
2464 3790 2532 3845 Et
2557 3792 2664 3862 ipse
2686 3792 2891 3846 redimet
2916 3792 3083 3849 Israel
3108 3793 3170 3847 ab
3194 3793 3420 3847 omnibus
3446 3794 3633 3864 iniqui-

2068 3883 2251 3936 tatibus
2294 3884 2424 3953 ejus.
2455 3882 2590 3949 Quid
2621 3892 2736 3950 est,
2788 3884 2939 3952 Apud
2963 3882 3233 3938 Dominum
3253 3885 3595 3939 misericordia
3613 3885 3638 3924 ²

2068 3971 2209 4027 Fons
2235 3981 2289 4027 et
2330 3973 2625 4036 thesaurus,
2674 3973 2860 4044 inquit,
2891 3974 2996 4029 illic
3022 3985 3102 4029 est
3129 3975 3425 4030 clementia:
3447 3988 3634 4046 perpe-

2066 4075 2157 4120 tuo
2205 4065 2516 4121 seaturiens.
2547 4064 2646 4121 Ubi
2672 4076 2846 4121 autem
2874 4077 2956 4122 est
2999 4066 3377 4133 misericordia,
3412 4069 3518 4123 illic
3552 4077 3634 4124 est

2065 4162 2223 4215 etiam
2251 4159 2543 4228 redemptio
2568 4178 2583 4215 :
2605 4174 2704 4215 nec
2730 4160 2900 4214 solum
2928 4160 3238 4230 redemptio,
3268 4177 3449 4218 verum
3477 4165 3631 4217 etiam
3694 4206 3698 4209 Α

2069 4252 2229 4305 multa
2256 4265 2317 4304 ac
2349 4251 2583 4321 copiosa,
2627 4260 2681 4305 et
2724 4251 3036 4306 immensum
3079 4253 3294 4324 pelagus
3314 4255 3629 4311 clementiie.

2067 4340 2178 4395 Etsi
2207 4355 2335 4409 ergo
2363 4355 2544 4395 sumus
2569 4356 2595 4394 a
2637 4342 2868 4411 peccatis
2908 4341 3119 4411 proditi.
3144 4359 3249 4397 non
3273 4354 3479 4412 oportet
3506 4359 3633 4399 con-

2064 4433 2241 4487 cidere
2267 4475 2280 4495 ,
2318 4447 2416 4486 nec
2452 4432 2754 4503 desperare.
2787 4430 2882 4488 Ubi
2913 4434 3052 4485 enim
3083 4442 3164 4487 est
3191 4434 3548 4489 misericordia
3575 4444 3630 4488 et

2062 4524 2365 4591 clementia,
2400 4539 2504 4578 non
2549 4525 2830 4593 exiguntur
2874 4532 2978 4577 tam
3012 4532 3271 4577 accurata:
3318 4524 3629 4580 delictorum

2062 4616 2315 4680 rationes,
2338 4615 2520 4684 judice
2548 4623 2763 4685 propter
2786 4630 3029 4686 magnam
3080 4614 3526 4683 misericordiam,
3575 4631 3627 4675 et

2063 4708 2282 4761 multam
2307 4707 2372 4760 ad
2401 4706 2735 4761 clementiam
2776 4706 3200 4776 propensionem,
3223 4708 3382 4763 multa
3413 4721 3629 4780 prater-

2060 4805 2326 4852 currcnte.
2359 4796 2670 4866 Hujusmodi
2699 4797 2840 4851 enim
2881 4805 2962 4851 est
2985 4796 3146 4863 Deus,
3182 4813 3376 4869 nempe
3395 4799 3463 4855 ad
3490 4804 3628 4857 assi-

2061 4890 2164 4945 due
2187 4888 2547 4945 miserendum
2568 4897 2620 4943 et
2640 4888 3016 4957 ignoscendum
3045 4904 3336 4959 prepensus
3355 4903 3407 4946 et
3431 4894 3626 4962 procli-

2060 4982 2163 5037 vis.
2193 4980 2259 5036 Et
2286 4983 2394 5051 ipse
2408 4981 2614 5034 redimet
2637 4979 2806 5034 Israel
2826 4980 2888 5034 ab
2902 4981 3131 5035 omnibus
3143 4982 3480 5053 iniquitatibus
3498 4986 3625 5055 ejus.

2061 5076 2116 5129 Si
2147 5089 2275 5145 ergo
2300 5076 2368 5128 ita
2398 5083 2482 5129 est
2526 5075 2720 5143 ubique
2743 5073 2931 5128 dill‘usa
2960 5074 3075 5142 ejus
3100 5075 3396 5129 clementim
3422 5079 3625 5146 magni-

2063 5168 2207 5232 tudo,
2234 5168 2435 5221 clarum
2452 5178 2535 5222 est
2554 5182 2675 5221 eum
2695 5180 2813 5221 esse
2834 5167 3082 5236 populum
3104 5180 3254 5218 suum
3275 5175 3623 5233 servaturum,

2060 5269 2111 5313 et
2128 5260 2470 5314 liberaturum
2488 5274 2589 5310 non
2607 5258 2773 5312 solum
2786 5273 2815 5310 a
2827 5256 3106 5326 supplicio,
3124 5255 3216 5309 sed
3232 5255 3389 5310 etiam
3404 5272 3432 5311 a
3450 5269 3608 5326 pecca

2063 5351 2147 5405 tis.
2169 5350 2294 5405 Haec
2313 5365 2440 5418 ergo
2453 5364 2570 5402 cum
2589 5350 2835 5409 sciamus,
2861 5360 3264 5417 perseveremus
3281 5356 3559 5417 precantes
3578 5352 3627 5404 c.-

2061 5451 2274 5496 orantes
2304 5459 2316 5493 :
2343 5451 2395 5494 et
2434 5454 2717 5509 numquam
2744 5438 3080 5501 desistamus,
3108 5436 3220 5491 sive
3243 5438 3628 5508 acceperimus.

2123 5619 2198 5682 (a)
2229 5618 2314 5682 ilic
2336 5618 2582 5679 interpres
2604 5623 2682 5666 est
2700 5614 2827 5665 forte
2847 5614 3165 5680 Symmachus,
3188 5614 3327 5677 mins
3347 5621 3509 5682 tamen
3548 5627 3628 5663 no-

2061 5675 2190 5732 me'u'
2212 5680 2273 5730 ad
2295 5680 2422 5730 hunc
2440 5675 2635 5728 versum
2655 5675 2904 5740 nusquam
2927 5675 3236 5740 memoratur.
3249 5675 3479 5740 Sequens
3494 5675 3629 5740 juxta

2061 5755 2209 5803 quem
2227 5753 2420 5791 versum
2438 5748 2530 5790 est.
2546 5738 2763 5790 sustinuit
2779 5735 2940 5788 animo
2961 5751 3084 5797 mea,
3100 5746 3177 5786 est
3198 5735 3386 5799 Aquila,
3400 5744 3452 5786 ut
3470 5735 3631 5785 videas

2067 5802 2114 5852 in
2137 5802 2363 5866 liexaplis
2385 5804 2574 5851 nostris.
