4084 6334
387 381 496 437 5:5

392 487 768 574 παραδραμών
782 489 818 574 ἑὸ
849 489 979 574 Θεὸς
1002 492 1098 546 καὶ
1125 492 1373 559 ἐκάλεσε,
1398 497 1492 550 καὶ
1514 499 1732 569 χάριτος
1770 502 1970 574 ἠξίωσε

393 570 610 641 πολλῆς.
652 569 717 624 Τί
747 571 804 624 δὲ
833 571 924 626 τὸν
958 578 1255 645 κορυφαῖον
1278 578 1493 634 ἐκεῖνον
1523 581 1616 635 τὸν
1642 569 1878 654 Πέτρον;
1910 585 1971 638 οὑ

396 654 533 740 μετά
573 654 742 740 μυρία
781 655 1036 726 θαύματα
1058 661 1151 713 καὶ
1190 666 1416 731 σημεῖα,
1451 667 1546 719 καὶ
1567 667 1834 740 τοσαύτην
1871 685 1975 721 πα-

395 737 632 822 ραίνεσιν
654 738 748 793 καὶ
779 740 1111 813 συμϐουλὴν,
1144 744 1339 814 ἤλεγξε
1370 748 1450 812 είς
1477 749 1537 801 τὸ
1572 750 1769 822 πτῶμα
1789 737 1975 804 *ἐκεῖνο

393 823 452 874 τὸ
467 821 710 906 χαλεπὸν
738 825 972 878 πεσόντα
999 843 1013 890 ς
1046 827 1184 881 Ἀλλ’
1210 829 1360 899 ὅμως
1389 833 1609 887 κάκεῖνο
1635 821 1970 906 παρέδραμε,

396 905 490 956 καὶ
542 904 756 974 πρῶτον
789 906 895 959 τῶν
925 909 1240 963 ἀποστόλων
1269 913 1591 985 κατέστησε.
1647 904 1736 970 Διὸ
1784 904 1969 985 ἔλεγε·

397 987 610 1056 Σίμων,
647 989 861 1058 Σίμων,
890 989 1017 1045 ἰδοὺ
1039 992 1329 1061 ἐζήτησεν
1361 999 1394 1050 ό
1414 997 1682 1064 σατανᾶς
1705 997 1976 1052 σινιάσαι

396 1086 471 1124 σε
500 1070 581 1136 ὡς
603 1071 712 1125 τὸν
747 1072 922 1126 σῖτον
940 1091 954 1105 ·
987 1077 1148 1147 κάγὼ
1168 1077 1424 1147 ἐδεήθην
1452 1080 1584 1148 περὶ
1609 1081 1746 1146 σοῦ,
1775 1078 1973 1150 ἵναμὴ

397 1155 617 1224 ἐκλίπῃ
649 1155 688 1223 ἠ
717 1158 923 1223 πίστις
966 1173 1104 1213 σου.
1139 1161 1249 1215 Καὶ
1305 1162 1443 1232 μετά
1491 1164 1661 1218 ταῦτα
1687 1164 1764 1228 δέ,
1814 1165 1862 1217 εί
1898 1164 1977 1235 μὴ

398 1239 533 1308 ἐλέῳ
566 1239 658 1292 καὶ
687 1240 1066 1314 φιλανθρωπίᾳ
1118 1244 1248 1318 ἐλθῃ
1288 1246 1314 1276 ⁸
1348 1250 1532 1320 κρῖναι
1558 1287 1571 1312 ,
1623 1249 1738 1302 ἀλλ’
1770 1248 1976 1318 ἀκριϐῆ

401 1324 726 1394 ποιήσασθαι
745 1324 845 1396 τὴν
873 1323 1139 1390 ἐξέτασιν,
1163 1329 1372 1393 πάντας
1396 1331 1728 1396 ὑπευθύνους
1752 1331 1976 1402 εὑρήσει

401 1406 638 1470 πάντως.
686 1407 777 1459 Διὸ
829 1409 923 1461 καὶ
985 1408 1193 1474 Παῦλος
1250 1411 1434 1480 ἔλεγεν
1458 1431 1472 1447 ·
1505 1415 1696 1469 Οὐδὲν
1744 1412 1979 1483 ἐμαυτῷ

401 1489 675 1555 σύνοιδα,
723 1491 867 1571 ,ἀλλ’
915 1494 1026 1547 οὐκ
1056 1494 1127 1548 ἑν
1171 1497 1360 1561 τούτῳ
1389 1497 1782 1568 δεδικαίωμαι.
1845 1497 1980 1552 Ἐὰν

401 1574 653 1643 ἀνομίας
692 1576 1113 1645 παρατηρήσῃ,
1147 1581 1343 1648 Κύριε,
1372 1582 1566 1650 Κύριε.
1603 1583 1661 1636 '0
1697 1581 1980 1636 διπλασιαο

406 1656 541 1726 σμὸς
571 1657 670 1728 οὑχ
700 1657 904 1722 ἁπλῶς,
945 1659 1080 1713 ἀλλά
1113 1661 1501 1733 θαυμάζοντος,
1539 1667 1632 1718 καί
1680 1666 1979 1736 ἐκπληττο-

409 1739 570 1809 μένου
600 1740 692 1792 τὸν
728 1741 894 1794 πολὺν
922 1743 1023 1813 τῆς
1047 1743 1459 1816 φιλανθρωπίας
1499 1749 1648 1801 ἐστὶν
1669 1748 1850 1816 ὄγκον,
1885 1747 1981 1800 καὶ

403 1824 503 1894 ’ὴν
540 1824 931 1897 μεγαλωσύνην
959 1827 1123 1881 αὐτοῦ
1155 1829 1254 1898 τὴν
1287 1831 1609 1902 ἀπέραντον,
1638 1832 1729 1884 καὶ
1766 1830 1826 1882 τὸ
1846 1831 1981 1900 άχα-

405 1910 492 1972 νὲς
524 1907 761 1978 πέλαγος
806 1911 906 1980 τῆς
943 1911 1280 1982 ἀγαθότητος
1307 1911 1358 1968 ⁵.
1396 1915 1493 1979 Τίς
1535 1914 1982 1980 ὐποστήσετιιι;

408 1992 517 2045 Καὶ
553 1992 653 2046 οὑκ
679 1989 822 2058 εἷπε,
855 1993 938 2058 τίς
970 1995 1315 2064 διαφεύξεται
1341 2015 1356 2064 ;
1383 1997 1538 2064 ἀλλά,
1589 1999 1686 2064 Τίς
1708 1997 1980 2066 ὑποστή-

407 2091 621 2138 σεται;
670 2077 804 2129 Οὐδὲ
859 2078 1052 2147 στῆναι
1100 2080 1407 2150 δυνήσεται,
1455 2082 1635 2152 φησίν.
1673 2083 1794 2135 Ὅτι
1825 2081 1984 2149 παρὰ

405 2157 506 2210 σοι
545 2161 578 2212 ό
610 2161 861 2228 ἱλασμός
887 2160 1040 2215 ἐστι.
1069 2163 1135 2215 Τί
1164 2165 1329 2228 ἐστιν,
1352 2164 1472 2218 Ὅτι
1499 2164 1659 2232 παρὰ
1685 2164 1782 2218 σοὶ
1806 2167 1838 2217 ὀ
1857 2167 1985 2217 ἱλα-

408 2241 562 2308 σμός
589 2241 794 2305 έστιν;
827 2243 941 2296 Οὐκ
975 2245 1032 2298 ἐν
1070 2247 1186 2308 τοῖς
1226 2247 1516 2317 ἡμετέροις
1545 2245 1982 2318 κατορθώμασιν,

410 2324 522 2377 ἀλλ’
551 2327 610 2379 ἐν
640 2327 704 2396 τῇ
738 2327 1037 2395 ἀγαθότητι
1065 2331 1130 2400 τῇ
1153 2331 1217 2400 σῇ
1249 2333 1366 2382 ἐστι
1393 2331 1453 2384 τὸ
1477 2330 1755 2399 διαφυγεῖν
1775 2329 1873 2402 τὴν
1896 2329 1986 2384 κό-

412 2405 588 2464 λασιν.
631 2408 704 2460 Τὸ
737 2408 846 2482 γὰρ
891 2410 1172 2482 διαδρᾶναι
1207 2411 1306 2483 τὴν
1333 2413 1488 2484 δίκην
1514 2414 1570 2466 ὲν
1611 2415 1676 2483 τῇ
1711 2415 1776 2482 σῇ
1809 2414 1985 2465 κεῖται

413 2489 810 2562 φιλανθρωπίᾳ.
865 2492 981 2546 Κᾶν
1042 2493 1115 2565 μὴ
1175 2496 1374 2566 ταύτης
1436 2496 1867 2566 ἀπολαύσωμεν,
1920 2495 1988 2549 τά

415 2571 656 2645 ἡμέτερα
697 2574 796 2628 οὑκ
838 2576 998 2646 ἀρκεῖ
1028 2577 1127 2648 τῆς
1163 2579 1459 2650 μελλούσης
1499 2581 1644 2651 ἡμᾶς
1684 2578 1985 2650 ἐξαρπάσαι

410 2658 598 2728 ὀργῆς·
673 2728 679 2734 .

483 2745 550 2808 γ’.
570 2737 738 2793 Τοῦτο
761 2739 854 2794 καὶ
877 2741 966 2794 διὰ
989 2760 1083 2796 του
1118 2747 1396 2816 προφήτου
1416 2747 1591 2816 δηλῶν
1607 2745 1793 2814 ἔλεγεν
1808 2760 1823 2773 ·
1856 2743 1991 2812 Ἐγώ

414 2826 528 2892 ειμι
558 2827 590 2878 ὀ
614 2824 946 2895 έξαλείφων
965 2827 1072 2893 τὰς
1090 2827 1342 2897 ἀνομίας
1369 2845 1506 2883 σου.
1531 2829 1807 2894 Τουτέστι,
1833 2827 1992 2881 τοῦτο

415 2908 547 2978 ἐμόν
574 2909 708 2972 ἐστι,
741 2909 839 2980 τῆς
860 2912 998 2981 ἐμῆς
1031 2909 1386 2981 ἀγαθότητος,
1405 2912 1503 2982 τῆς
1525 2911 1664 2982 ἐμῆς
1691 2909 1993 2982 φιλανθρω-

415 2992 566 3054 πίας.
614 2992 702 3054 Ὠς
729 2993 796 3046 τά
821 3009 885 3060 γε
919 2993 986 3046 σά
1009 2993 1109 3046 οὑκ
1151 2994 1312 3064 ἀρκεῖ
1339 3009 1468 3045 ποτε
1507 2994 1643 3064 πρὸς
1680 2993 1991 3064 ἐλευθερίαν

413 3074 704 3144 τιμωρίας,
729 3075 795 3127 ἂν
815 3075 889 3146 μὴ
910 3075 977 3127 τὰ
993 3076 1091 3145 τῆς
1110 3076 1248 3144 ἐμῆς
1267 3074 1536 3147 προστεθῇ
1563 3075 1988 3150 φιλανθρωπίας.

416 3157 526 3210 Καὶ
573 3159 766 3210 πάλιν·
816 3158 963 3226 Ἐγὼ
1020 3157 1305 3228 ἀνέχομαι
1359 3157 1544 3226 ὑμῶν.
1605 3159 1849 3212 ’Ἕνεκεν
1885 3157 1992 3211 τοῦ

416 3241 708 3310 ὀνόματός
731 3255 847 3294 σου
887 3240 1176 3310 ὑπέμεινά
1207 3258 1301 3305 σε,
1327 3243 1523 3309 Κύριε.
1576 3241 1921 3311 Ὑπέμεινεν
1951 3240 1991 3308 ἠ

416 3321 588 3393 ψυχή
620 3341 741 3391 μου
778 3326 864 3389 είς
886 3323 992 3376 τὸν
1026 3325 1212 3394 λόγον
1236 3340 1373 3379 σου.
1429 3327 1722 3379 Ἥλπισεν
1744 3325 1783 3392 ἡ
1822 3322 1992 3392 ψυχή

417 3426 532 3478 μου
562 3409 661 3461 ἐπὶ
719 3407 825 3462 τὸν
852 3408 1090 3476 Κύριον.
1127 3408 1339 3473 Ἀλλος,
1374 3409 1623 3463 Ἕνεκεν
1673 3409 1778 3463 τοῦ
1808 3409 1996 3477 νόμου

420 3508 561 3544 σου.
595 3489 820 3560 ’Έτερος
858 3492 1043 3555 πάλιν,
1081 3492 1327 3545 ’Ἕνεκεν
1353 3493 1460 3548 τοῦ
1512 3491 1850 3562 γνωσθῆναι
1890 3489 1998 3544 τὸν

420 3574 609 3641 λόγον
633 3587 772 3627 σου.
806 3575 870 3627 Ὀ
893 3575 950 3627 δὲ
981 3573 1151 3643 λέγει,
1180 3574 1422 3628 τοιοῦτόν
1443 3575 1591 3628 ἐστι·
1622 3574 1709 3627 διὰ
1741 3574 1840 3644 τῆν
1875 3573 1997 3643 φιλ-

423 3656 737 3727 ανθρωπίαν
759 3672 873 3721 σου,
908 3656 996 3710 διὰ
1041 3657 1133 3710 τὸν
1162 3657 1322 3728 νόμον
1357 3674 1449 3710 σου
1483 3657 1856 3729 προσεδόκησα
1890 3673 1999 3710 σω-

424 3756 489 3808 τῃ
497 3739 617 3809 ρίαν
641 3755 654 3768 ·
690 3740 814 3792 ἐπεὶ
841 3739 920 3802 είς
945 3739 1012 3792 τά
1052 3739 1292 3811 ἐμαυτοῦ
1348 3741 1399 3793 εί
1447 3740 1685 3805 ἀπεῖδον,
1717 3739 1886 3794 πάλαι
1933 3739 1999 3792 ἂν

423 3824 704 3890 ἀπέγνων,
729 3822 897 3876 πάλαι
931 3824 994 3876 ἂν
1025 3824 1310 3896 ἀπήλπισα
1335 3841 1348 3854 ·
1400 3823 1492 3877 νῦν
1524 3824 1580 3876 δὲ
1615 3823 1692 3894 τῷ
1721 3825 1870 3895 νόμῳ
1906 3839 1998 3875 σου

426 3907 709 3976 προσέχων
747 3907 936 3976 καὶτῷ
970 3906 1112 3977 λόγῳ
1164 3923 1280 3972 σου,
1328 3907 1571 3978 χρηστάς
1604 3909 1711 3976 ἐχω
1757 3907 1996 3970 ἐλπίδας.

429 3993 574 4062 ιΙοίῳ
600 3992 779 4063 λόγῳ;
809 3991 900 4062 Τῷ
926 3994 1024 4062 τῆς
1059 3990 1490 4062 φιλανθρωπίας.
1522 3991 1691 4053 Αὐτὸς
1717 3989 1824 4062 γάρ
1855 3993 2000 4043 ἐστιν

429 4074 581 4146 [570]
609 4076 638 4128 ὁ
665 4075 838 4145 λέγων
858 4093 872 4106 ·
906 4073 1109 4140 Καθὼς
1152 4075 1362 4142 ἀπέχει
1395 4076 1426 4128 ὀ
1453 4073 1707 4142 οὐρανὸς
1743 4072 1861 4126 ἀπὸ
1891 4071 2004 4140 τῆς

433 4156 559 4226 γῆς,
615 4159 801 4224 οὕτως
855 4157 1194 4228 ἀπέχουσιν
1234 4161 1291 4210 αὶ
1317 4157 1542 4222 ,βουλαί
1564 4174 1683 4226 μου
1733 4155 1850 4210 ἀπὸ
1894 4154 2003 4224 τῆς

428 4241 664 4311 βουλῆς
705 4241 889 4311 ὑμῶν,
939 4242 1038 4296 καὶ
1089 4244 1149 4295 αἱ
1203 4241 1332 4294 ὁδοί
1354 4258 1473 4310 μου
1519 4239 1637 4294 ἀπὸ
1684 4237 1804 4292 τῶν
1848 4237 2005 4292 ὁδῶν

429 4325 617 4396 ὑμῶν.
653 4328 763 4379 Καὶ
793 4325 952 4380 πάλιν
978 4343 990 4355 ·
1019 4326 1178 4380 Κατὰ
1207 4323 1270 4378 τὸ
1293 4325 1450 4393 ὕψος
1473 4324 1577 4377 τοῦ
1604 4323 1863 4392 οὐρανοῦ
1886 4321 2004 4377 ἀπὸ

432 4408 540 4476 τῆς
571 4407 685 4478 γῆς
711 4409 1074 4476 ἐκραταιῗωσε
1106 4409 1321 4478 Κύριος
1370 4407 1435 4460 τὸ
1482 4406 1656 4473 ἕλεος
1688 4405 1873 4459 αὑτοῦ
1907 4403 2006 4458 ἐπὶ

433 4495 573 4560 τοὺς
604 4495 1009 4564 φοϐουμένους
1057 4494 1263 4547 αὐτόν.
1312 4493 1420 4545 Καὶ
1466 4491 1624 4544 πάλιν
1648 4508 1661 4522 ·
1691 4490 1830 4546 Καθ’
1857 4489 2008 4551 ὅσον

433 4576 770 4646 ἀπέχουσιν
793 4578 853 4629 αἱ
880 4575 1167 4630 ἀνατολαὶ
1192 4575 1310 4629 ἀπὸ
1363 4573 1632 4644 δυσμῶν,
1673 4572 2008 4642 ἐμάκρυνεν

434 4661 535 4730 ἀφ’
566 4659 736 4729 ἡμῶν
772 4658 877 4725 τὰς
903 4660 1155 4729 ὼὈμίιις
1180 4658 1367 4728 ἡμῶν.
1397 4658 1707 4720 Τουτέστιν,
1730 4657 1789 4710 οὑ
1820 4674 2008 4728 κατορ-

439 4742 719 4805 θώσαντας
749 4742 924 4796 ἐσωσα
951 4745 1129 4813 μόνον,
1156 4743 1288 4796 ἀλλά
1309 4743 1402 4794 καὶ
1420 4741 1841 4812 ἁμαρτανόντων
1862 4743 2008 4810 ἐφει-

441 4828 641 4898 σάμην,
675 4828 768 4880 καὶ
791 4827 993 4896 μεταξὺ
1017 4827 1126 4879 τῶν
1148 4827 1632 4898 πλημμελημάτων
1657 4825 1764 4878 τῶν
1782 4825 1890 4877 σῶν
1909 4825 2008 4894 τὴν

439 4911 722 4980 ἀντίληψιν
749 4915 848 4982 τὴν
871 4910 1105 4976 ἐμαυτοῦ
1137 4914 1229 4964 καὶ
1255 4911 1354 4980 τὴν
1389 4909 1713 4981 κηδεμονίαν
1740 4908 2011 4973 ἐπεδειξά-

445 5010 572 5064 μην.
595 4995 786 5058 ’Ἄλλος
815 4998 997 5065 φησιν,
1024 4997 1224 5061 Ὅπως
1243 4996 1525 5063 ἐπίφοϐος
1551 4994 1688 5060 ἔσῃ,
1719 4993 2012 5061 προσεδό-

442 5093 605 5146 κησα
654 5079 761 5132 τὸν
807 5081 1048 5147 Κύριον.
1094 5079 1382 5148 Ἑπίφοϐος
1413 5077 1559 5144 τίνι;
1597 5078 1724 5137 Τοῖς
1777 5077 2010 5148 ἐχθροῖς,

443 5165 554 5225 τοῖς
578 5162 904 5228 ἐπιϐούλοις,
928 5167 1041 5226 τοῖς
1066 5162 1408 5233 ἐχθραίνουσί
1444 5178 1554 5231 μοι.
1587 5161 1651 5213 Τί
1677 5161 1736 5214 δέ
1762 5162 1878 5214 ἐστι
1907 5162 2014 5215 πά-

443 5244 548 5309 λιν,
577 5246 826 5301 Ἕνεκεν
849 5247 954 5301 τοῦ
991 5246 1278 5316 ὀνόματός
1298 5260 1447 5310 σου;
1489 5245 1614 5300 Ὅτι
1642 5247 1690 5298 εἰ
1711 5247 1805 5300 καὶ
1833 5247 2013 5317 ἁμαρ-

444 5327 612 5390 τωλὸς
647 5329 777 5397 ἐγὼ,
828 5329 922 5383 καὶ
972 5329 1180 5400 μυρίων
1211 5328 1397 5398 γέμων
1443 5331 1645 5396 κακῶν,
1679 5330 1864 5401 φησὶν,
1900 5328 2013 5382 ἀλλ’

447 5411 598 5482 ὅμως
633 5413 803 5483 ᾔδειν,
835 5414 914 5466 ὅτι
938 5413 1024 5466 ἵνα
1053 5412 1126 5484 μὴ
1157 5413 1216 5464 τὸ
1240 5412 1412 5484 ὄνομά
1445 5431 1536 5467 σου
1577 5414 1880 5485 βεϐηλωθῇ,
1917 5415 2016 5468 οὐκ

451 5493 516 5549 ἂν
548 5495 815 5566 περιεῖδες
836 5497 983 5567 ἡμᾶς
1007 5496 1430 5568 ἀπολλυμένους.
1456 5500 1521 5553 "0
1546 5500 1640 5551 καὶ⁵
1663 5499 1825 5562 αὐτὸς
1855 5501 1911 5554 ὲν
1938 5499 2016 5570 τῷ

513 5640 538 5668 ,
601 5656 608 5666 ι
647 5640 670 5662 _.
740 5639 758 5654 .

514 5700 544 5740 δ
563 5639 962 5762 ῗῖςιὲγῗθὲτζτος
998 5699 1142 5748 deest
1165 5700 1212 5748 in
1247 5698 1356 5748 Sav.
1389 5699 1499 5749 Mox
1522 5701 1654 5750 idem
1678 5702 1796 5750 ἀλλὰ
1817 5703 1884 5758 τίς
1904 5704 2016 5750 ὑπο-

451 5765 708 5826 τιήυεται,
730 5763 886 5826 δηλῶν
928 5763 1000 5826 δτι
1026 5762 1136 5826 οὐδὲ
1171 5767 1338 5826 στῆναι
1359 5763 1620 5826 δυνήσεται.
1637 5762 1768 5826 ΪΟτιί
1793 5766 1920 5826 παρὰ
1939 5767 2015 5826 σοὶ

458 5822 653 5884 ἱλασμός
672 5825 790 5874 ἕστι.
804 5825 907 5875 Οὐκ
928 5824 975 5876 ιν
988 5823 1085 5882 τοῖς
1099 5824 1360 5889 ἡμετέροις.
1372 5822 1455 5875 Sic
1464 5825 1550 5876 Illo
1564 5822 2023 5887 quibusdambmisl.

1437 383 1800 444 EXPOSITIO
1834 389 1905 444 1N
1943 388 2272 448 PSALMUM
2310 393 2548 452 CXXIX.

3545 405 3649 464 376

2087 505 2345 579 Ἰεζεκιὴλ
2377 508 2522 578 λέγει
2543 525 2555 538 ⁸
2587 512 2669 565 Οὐ
2706 510 2782 564 δι’
2817 511 2972 581 ὑμᾶς
3005 512 3120 584 ἐγὼ
3167 513 3333 580 ποιῶ,
3365 516 3524 572 ἀλλὰ
3552 521 3652 575 διὰ

2072 595 2138 649 τὸ
2165 594 2350 665 ὄνομά
2365 615 2508 666 μου,
2535 599 2636 652 ἵνα
2657 597 2743 668 μὴ
2778 601 3097 669 ,ϐεϐηλωθῇ
3131 603 3200 655 ἐν
3229 602 3352 670 τοῖς
3387 605 3649 662 ἔθνεσιν.

2073 682 2361 737 Τουτέστιν
2393 695 2441 750 ο,
2469 687 2630 756 ἡμεῖς
2661 687 2758 757 μὲν
2787 687 2886 740 οὑκ
2907 684 3049 759 ἦμεν
3083 687 3222 754 ἄξιοι
3256 691 3653 762 σωθῆναι,οὑδὲ

2073 768 2292 840 εἴχομέν
2320 788 2442 826 τινα
2473 773 2582 826 ἀπὸ
2598 773 2709 827 τῶν
2734 776 3134 845 πεπραγμένων
3157 779 3285 846 ἡμῖν
3327 780 3653 850 προσδοκίαν

2075 861 2318 930 χρηστήν
2343 877 2356 891 ·
2411 861 2499 914 διὰ
2528 861 2584 915 δέ
2616 861 2676 914 τὸ
2701 861 2873 933 ὄνομά
2925 880 3018 916 σου
3060 865 3446 938 προσδοκῶμεν
3483 868 3654 923 σώζε-

2078 949 2224 1012 σθαι,
2277 951 2372 1003 καὶ
2422 949 2560 1022 αὕτη
2596 954 2728 1023 ἡμῖν
2759 950 3142 1007 ὑπολέλειπται
3173 957 3444 1028 σωτηρίας
3476 958 3650 1023 ἐλπίς.

2080 1035 2290 1100 ΙἌλλος,
2328 1036 2583 1092 ’Ἕνεκεν
2610 1038 2798 1109 φόϐου
2845 1039 3136 1109 ὑπέμεινα
3167 1041 3404 1110 Κύριον.
3439 1046 3651 1110 Ἄλλος,

2079 1123 2330 1178 Ἕνεκεν
2370 1127 2559 1194 νόμου
2615 1125 2906 1196 ὑπέμεινα
2955 1127 3191 1194 Κύριον.
3245 1130 3587 1200 Ῥπέμεινεν
3615 1135 3652 1202 ἠ

2075 1211 2246 1282 ψυχή
2269 1230 2388 1282 μου
2439 1215 2528 1280 είς
2582 1213 2688 1267 τὸν
2716 1214 2904 1283 λόγον
2931 1233 3065 1270 σου.
3107 1214 3321 1282 Ἀλλος,
3359 1220 3654 1286 Προσεδό-

2077 1317 2272 1367 κησεν
2321 1303 2360 1369 ἡ
2399 1301 2570 1371 ψυχή
2627 1319 2740 1371 μου
2772 1301 2851 1367 τῷ
2883 1301 3100 1371 ῥήματι
3143 1304 3358 1359 αὐτοῦ.
3426 1306 3613 1370 Ἄλλος
3637 1347 3654 1371 ,

2088 1389 2437 1459 ’Υπέμεινεν
2459 1393 2498 1460 ἡ
2519 1391 2688 1460 ψυχή
2714 1410 2854 1462 μου,
2890 1393 2989 1446 καὶ
3022 1393 3088 1447 τὸ
3113 1394 3282 1464 ῥῆμα
3305 1395 3490 1450 αὐτοῦ
3517 1397 3655 1450 ἐκαο

2071 1477 2405 1545 ραδόκησα.
2438 1478 2748 1542 Τουτέστιν,
2781 1479 2886 1533 ἀπὸ
2916 1482 3024 1534 τῶν
3052 1482 3394 1550 ἐπαγγελιῶν
3427 1484 3522 1535 καὶ
3550 1485 3658 1537 τῶν

2083 1565 2321 1636 συνεχῶν
2343 1567 2686 1638 ὑποσχέσεων
2702 1567 2811 1620 τῶν
2833 1567 2959 1639 περὶ
2977 1568 3389 1639 φιλανθρωπίας
3412 1572 3504 1623 καὶ
3523 1590 3660 1642 χρη-

2083 1653 2336 1724 στότητος
2367 1653 2612 1726 ἄγκυραν
2643 1650 2789 1724 εἶχον
2831 1653 3004 1724 ἱερὰν,
3038 1657 3131 1709 καὶ
3178 1656 3277 1709 οὑκ
3317 1657 3658 1728 ἀπηγόρευον

2081 1739 2149 1793 τὰ
2181 1741 2322 1793 κατά
2347 1741 2602 1812 ἐμαυτόν.
2637 1741 2773 1796 Ἀπὸ
2800 1742 3082 1812 φυλακῆς
3102 1745 3324 1812 πρωΐας
3355 1744 3530 1814 μέχρι
3553 1763 3660 1798 νυ-

2082 1826 2224 1893 κτός
2260 1827 2562 1881 ἑλπισάτω
2592 1827 2618 1864 ά
2653 1829 2902 1898 Ἰσραὴλ
2927 1830 3024 1882 ἐπὶ
3055 1829 3162 1883 τὸν
3192 1833 3428 1898 Κύριον.
3475 1831 3661 1886 Πάντα

2082 1914 2173 1968 τὸν
2201 1914 2334 1985 βίον,
2365 1917 2534 1987 φησί·
2565 1917 2834 1983 τουτέστι,
2889 1918 3058 1972 νύκτα
3091 1919 3184 1970 καὶ
3211 1921 3424 1990 ἡμέραν
3456 1923 3658 1976 πᾶσαν.

2085 2002 2250 2056 Οὐδὲν
2280 2003 2387 2076 γὰρ
2419 2002 2555 2074 πρὸς
2595 2004 2867 2073 σωτηρίαν
2903 2003 3014 2057 ἴσον
3062 2003 3157 2057 τοῦ
3184 2005 3474 2069 διαπαντὸς
3505 2008 3660 2077 όρᾷν,

2084 2089 2179 2142 καὶ
2206 2089 2302 2159 τῆς
2325 2089 2536 2152 ἐλπίδος
2560 2090 2933 2160 ἐκκρέμασθαι
2958 2091 3191 2161 ἐκείνης,
3211 2091 3318 2147 κᾶν
3339 2092 3507 2163 μυρία
3525 2111 3662 2163 συμ-

2086 2177 2262 2249 πίπτῃ
2299 2188 2322 2216 ο
2347 2176 2416 2230 τά
2440 2180 2520 2240 εἰς
2551 2177 2860 2245 ἀπόγνωσιν
2889 2177 3248 2247 ἐμϐάλλοντα.
3289 2179 3458 2232 Τοῦτο
3490 2181 3665 2251 τεῖχος

2086 2265 2350 2335 ἀρραγές,
2378 2264 2537 2317 τοῦτο
2581 2265 2851 2333 ἀσφάλεια
2899 2266 3215 2336 ἀχείρωτος,
3250 2268 3410 2321 τοῦτο
3458 2267 3666 2338 πύργος

2087 2353 2316 2422 ἄμαχος.
2344 2351 2462 2404 Κᾶν
2489 2351 2558 2405 τά
2608 2352 2911 2423 πράγματα
2962 2353 3138 2408 τοίνυν
3174 2353 3400 2409 θάνατον
3446 2355 3664 2426 ἀπειλῇ,

2088 2440 2184 2490 καὶ
2213 2439 2475 2502 κίνδυνον,
2506 2439 2601 2493 καὶ
2630 2440 3026 2510 πανωλεθρίαν,
3061 2441 3134 2512 μὴ
3158 2443 3405 2514 ἀποστῇς
3432 2442 3665 2506 ἐλπίζων

2093 2529 2174 2590 εἰς
2208 2528 2360 2591 Θεὸν,
2393 2528 2487 2581 κα)⁸
2533 2528 2847 2599 προσδοκῶν
2879 2529 2977 2601 τὴν
3010 2532 3138 2601 παρ’
3170 2532 3334 2584 αὑτοῦ
3373 2534 3665 2602 σωτηρίαν.

2101 2612 2286 2685 Ῥᾴδια
2313 2614 2422 2683 γάρ
2445 2614 2592 2684 αὑτῷ
2624 2615 2801 2668 πάντα
2837 2615 2932 2669 καὶ
2962 2615 3180 2678 εὔκολα,
3231 2617 3325 2671 καὶ
3362 2619 3420 2682 ἐξ
3451 2619 3670 2690 ἀπόρων

2091 2701 2258 2773 πόρον
2285 2702 2466 2771 εὑρεῖν
2493 2701 2802 2773 δυνήσεται.
2836 2703 2929 2774 Μὴ
2972 2703 3154 2756 τοίνυν
3179 2703 3322 2757 κατὰ
3351 2705 3476 2775 ῥοῦν
3506 2723 3670 2778 φερο-

2094 2788 2270 2860 μένων
2296 2788 2405 2840 τῶν
2434 2789 2776 2861 πραγμάτων
2801 2791 3075 2859 προσδόκα
3103 2789 3508 2845 ἀπολαύσεσθαι
3539 2809 3673 2862 συμ-

2095 2876 2297 2946 μαχίας
2324 2877 2483 2946 μόνον
2508 2893 2521 2907 ·
2559 2876 2694 2930 ἀλλά
2731 2878 2828 2929 καὶ
2847 2877 2964 2930 τότε
3001 2878 3264 2948 μάλιστα,
3303 2879 3433 2932 ὅταν
3466 2877 3671 2931 κλυδώ--

2092 2982 2204 3018 νιον
2291 2965 2386 3018 καὶ
2433 2965 2661 3036 χειμὼν,
2691 2967 2786 3020 καὶ
2819 2969 2846 3019 ὁ
2882 2966 3144 3036 περὶτῶν
3177 2967 3420 3036 ἐσχάτων
3449 2962 3672 3038 ἐπικρέ-

2097 3070 2262 3123 μαται
2293 3053 2556 3117 κίνδυνος.
2589 3053 2721 3106 Τότε
2743 3052 2852 3123 γάρ
2881 3053 3113 3124 μάλιστα
3139 3051 3320 3106 πλεῖον
3360 3055 3388 3106 ὁ
3417 3053 3548 3116 Θεὸς
3575 3051 3674 3123 τὴν

2094 3144 2287 3198 ἐαυτοῦ
2319 3144 2549 3216 δύναμιν
2577 3145 2930 3199 ἐνδείκνυται.
2963 3144 3134 3198 Τοῦτο
3159 3140 3252 3199 οῦν
3276 3145 3422 3197 ἐστιν
3450 3145 3478 3197 ὃ
3503 3143 3672 3210 λέγει·

2093 3233 2388 3298 διαπαντὸς
2423 3233 2506 3288 δεῖ
2531 3234 2669 3305 πρὸς
2699 3233 2903 3306 Κύριον
2943 3233 3181 3298 ἐλπίζειν
3211 3234 3390 3289 πάντα
3417 3234 3508 3287 τὸν
3540 3233 3669 3302 βίον,

2095 3322 2274 3376 πᾶσαν
2302 3323 2404 3394 τὴν
2423 3322 2586 3393 ζωήν.
2619 3323 2743 3376 ’Ότι
2774 3321 2933 3390 παρά
2950 3321 3029 3389 τῷ
3048 3323 3242 3391 Κυρίῳ
3271 3321 3338 3377 τὸ
3359 3322 3553 3386 ἕλεος,
3576 3323 3674 3375 καὶ

2096 3409 2298 3478 πολλὴ
2338 3411 2476 3479 παρ’
2497 3411 2657 3476 αὐτῷ
2682 3413 3002 3481 λύτρωσις.
3045 3411 3153 3465 Καὶ
3179 3410 3363 3476 αὐτὸς
3379 3408 3676 3478 λυτρώσε-

2097 3515 2190 3551 ται
2229 3498 2338 3552 τὸν
2386 3498 2634 3569 Ἰσραὴλ
2664 3499 2732 3553 ἐκ
2767 3500 2981 3554 πασῶν
3007 3497 3126 3552 τῶν
3163 3496 3423 3567 ἀνομιῶν
3467 3498 3674 3552 αὑτοῦ.

2099 3585 2164 3637 Τί
2200 3586 2368 3650 ἐστιν,
2395 3586 2516 3640 ’Ότι
2546 3591 2707 3654 παρὰ
2734 3585 2814 3652 τῷ
2834 3587 3028 3655 Κυρίῳ
3060 3585 3125 3640 τὸ
3159 3585 3332 3652 ἕλεος
3349 3602 3368 3650 ;
3401 3586 3559 3657 Πηγὴ
3585 3585 3680 3638 καὶ

2100 3671 2373 3742 θησαυρὸς
2405 3674 2522 3724 ἐκεῖ
2553 3671 2991 3743 φιλανθρωπίας,
3043 3674 3198 3742 φησὶ,
3234 3673 3496 3744 πηγάξων
3530 3671 3678 3743 1571]

2098 3759 2377 3827 διηνεκῶς.
2414 3761 2585 3812 Ὅπου
2618 3760 2675 3813 δέ
2726 3760 2873 3822 ἕλεος
2899 3800 2912 3823 ,
2960 3760 3051 3812 καὶ
3085 3759 3386 3827 λύτρωσις·
3440 3759 3534 3811 καὶ
3579 3759 3682 3829 οὑχ

2101 3847 2291 3910 ἁπλῶς
2323 3846 2611 3916 λύτρωσις,
2635 3845 2769 3899 ἀλλά
2796 3846 2889 3899 καὶ
2921 3844 3111 3912 πολλὴ,
3150 3846 3243 3898 καὶ
3276 3844 3682 3915 φιλανθρωπίας

2103 3933 2328 4005 ἄπειρον
2367 3933 2617 4000 πέλαγος.
2655 3931 2770 3984 Κᾶν
2790 3933 2968 3985 τοίνυν
2999 3931 3103 3983 ὑπὸ
3137 3931 3243 3983 τῶν
3268 3931 3680 4002 ἁμαρτημάτων

2103 4013 2254 4090 ὦμεν
2283 4019 2661 4091 προδεδομένοι
2696 4018 3076 4083 ῖ,ἀναπίπτειν
3096 4019 3154 4069 οὑ
3174 4017 3299 4090 χρὴ,
3325 4018 3444 4070 οὑδὲ
3475 4020 3682 4085 ἀπαγο-

2108 4107 2305 4179 ρεύειν.
2325 4109 2502 4160 Ὅπου
2521 4106 2628 4177 γὰρ
2651 4106 2795 4168 ἔλεος
2816 4105 2910 4158 καὶ
2937 4103 3337 4175 φιλανθρωπία,
3359 4105 3419 4157 οὑ
3442 4103 3682 4173 γίνονται

2104 4195 2211 4248 τῶν
2228 4193 2778 4264 πεπλημμελημένων
2801 4192 3046 4262 ἀκριϐεῖς
3065 4193 3120 4243 αἱ
3152 4191 3391 4256 εὐθῦναι,
3417 4191 3510 4244 τοῦ
3536 4192 3684 4245 δικά-

2107 4281 2291 4346 ζοντος
2315 4281 2404 4336 διά
2424 4282 2513 4334 τὸν
2533 4281 2698 4333 πολὺν
2722 4279 2888 4344 ἔλεον,
2913 4281 3005 4332 καὶ
3027 4279 3087 4332 τὸ
3113 4279 3250 4349 πρὸς
3275 4279 3466 4347 φιλανθ
3477 4279 3684 4349 ρωπίαν

2108 4371 2426 4441 ἐπιρῤεπές,
2448 4369 2517 4422 τά
2555 4367 2725 4420 πολλὰ
2748 4367 3204 4437 παρατρέχοντος.
3237 4366 3486 4419 Τοιοῦτον
3515 4366 3622 4436 γὰρ
3658 4369 3686 4418 δ

2108 4457 2259 4520 Θεὸς,
2293 4457 2428 4529 πρὸς
2456 4456 2516 4508 τὸ
2541 4455 2712 4507 ἐλεεῖν
2733 4453 2991 4525 διηνεκῶς
3015 4454 3110 4506 καὶ
3141 4452 3468 4526 συγγνώμην
3490 4453 3687 4506 διδόναι

2109 4545 2411 4618 ἐπιρρεπὲς
2443 4545 2536 4597 καὶ
2565 4544 2854 4614 πρόχειρον
2881 4552 2928 4595 κ.
2965 4541 3073 4596 Καὶ
3102 4541 3284 4608 αὐτὸς
3319 4543 3688 4609 λυτρὼσεται

2110 4635 2217 4688 τὸν
2259 4632 2506 4700 Ἰσραὴλ
2556 4632 2624 4684 ἐκ
2658 4630 2874 4684 πασῶν
2903 4629 3022 4684 τῶν
3053 4628 3317 4700 ἀνομιῶν
3377 4632 3583 4686 αὐτοῦ.
3625 4630 3689 4684 Et

2110 4724 2286 4776 τοίνυν
2313 4721 2552 4785 τοιοῦτός
2577 4723 2713 4786 ἐστι,
2762 4721 2855 4773 καὶ
2884 4720 3111 4790 κέχυται
3135 4716 3410 4790 πανταχοῦ
3441 4719 3540 4789 τῆς
3571 4717 3690 4788 φιλ-

2111 4811 2427 4882 ανθρωπίας
2456 4810 2620 4864 αὑτοῦ
2657 4808 2718 4861 τὸ
2754 4808 2980 4880 μέγεθος
3005 4807 3058 4872 h,
3107 4805 3326 4877 εὔδηλον
3365 4807 3445 4860 ὅτι
3473 4807 3566 4860 καὶ
3598 4806 3691 4858 τὸν

2111 4901 2238 4953 λαὸν
2278 4898 2443 4952 αὐτοῦ
2474 4897 2658 4965 σώσει,
2686 4899 2778 4951 καὶ
2805 4895 3105 4962 ἀπαλλάξει
3140 4895 3261 4964 οὐχὶ
3294 4893 3565 4956 κολάσεως
3597 4895 3692 4964 μό-

2112 5006 2222 5054 νον,
2249 4987 2387 5042 ἀλλά
2411 4988 2505 5042 καὶ
2533 4985 2644 5039 τῶν
2681 4985 3118 5056 ἁμαρτημάτων.
3157 4983 3325 5037 Ταῦτ’
3359 4978 3686 5044 οὖνείδότες,

2117 5076 2364 5146 μένωμεν
2415 5074 2882 5148 παρακαλοῦντες,
2942 5072 3207 5144 δεόμενοι,
3269 5073 3361 5125 καὶ
3425 5070 3690 5142 μηδέποτε

2113 5161 2456 5231 ἀποστῶμεν,
2483 5163 2586 5215 κᾶν
2618 5161 2892 5233 λάϐωμεν,
2927 5158 3030 5212 κᾶν
3075 5157 3149 5229 μὴ
3179 5157 3455 5226 λάϐωμεν.
3493 5157 3554 5208 Εἰ
3580 5154 3689 5223 γάρ

2113 5243 2209 5298 τοῦ
2237 5244 2419 5298 δοῦναι
2458 5244 2666 5315 κύριος,
2700 5246 2792 5298 καλ⁸
2815 5242 2910 5297 τοῦ
2955 5241 3084 5296 πότε
3117 5240 3298 5294 δοῦναι
3330 5237 3519 5308 κύριός
3550 5237 3687 5300 ἐστι,

2178 5339 2200 5367 °
2223 5338 2307 5386 Slc
2326 5337 2457 5393 Saxa;
2474 5337 2524 5384 in
2545 5335 2894 5385 Μοτ.τουτέστι
2911 5335 3070 5383 deest.
3085 5331 3184 5381 Sed
3195 5333 3275 5380 hic
3297 5327 3688 5393 desiderabatur.

2176 5398 2206 5438 ἀ
2229 5398 2373 5447 Hunc
2392 5390 2587 5446 vérsum
2607 5399 2677 5445 sic
2694 5396 2845 5444 habet
2865 5395 2976 5444 Sav.
3003 5414 3015 5443 τ
3032 5393 3152 5456 Ἀπὸ
3178 5395 3388 5456 φυλακῆς
3403 5390 3584 5452 πρωΐας
3604 5391 3690 5452 μέ-

2114 5475 2190 5524 χρι
2200 5459 2382 5516 νυκτὸς,
2393 5458 2487 5507 ἀπὸ
2507 5459 2714 5524 φυλακῆς
2733 5457 2913 5524 πρωίας
2925 5454 3294 5524 έλπισάτωίειε.
3316 5454 3349 5505 11
3360 5457 3400 5524 lg
3415 5463 3692 5524 νεωτεριε-

2117 5515 2224 5592 ζῖἰίο
2235 5535 2295 5570 an
2309 5515 2377 5570 ex,
2387 5515 2565 5569 mendo
2588 5515 2783 5582 typbgr'l
2797 5515 3071 5579 irrepserit,
3084 5529 3144 5563 an
3157 5529 3220 5564 ex
3233 5529 3343 5565 mss.
3360 5515 3580 5564 desumw
3605 5515 3688 5572 sit,

2115 5596 2305 5646 Ignoro.

2182 5648 2204 5707 f‘
2228 5646 2338 5707 δον.
2357 5643 2648 5707 προσπίπτῃ,
2674 5647 2727 5691 et
2753 5655 2862 5690 mox
2885 5639 3160 5688 ἐκϐαλόντα.

2181 5703 2737 5770 Ξξθνιπρρσδεδομένριο
2774 5763 2785 5770 ,
3204 5759 3216 5770 .

2179 5765 2327 5844 ἷξον.
2343 5758 2959 5844 ἐτειρρεπήςξκαίρτρόχειρος.
2977 5761 3194 5824 Utraque
3204 5758 3353 5811 lectio
3367 5764 3494 5809 slarc
3508 5758 3688 5819 potest.

2185 5825 2213 5864 δ
2235 5825 2370 5878 Unus
2387 5825 2531 5878 αὑτοῦ
2554 5827 2608 5875 τὸ
2635 5825 2852 5887 πέλαγος.
