4112 6342
454 351 560 407 ’577

442 472 536 525 καὶ
560 470 650 523 τὸν
675 470 865 541 καιρὸν
895 471 1139 547 ἀκριϐῶς
1163 472 1300 534 οἶδεν
1320 481 1502 546 αὑτός.
1542 483 1806 555 Μένωμεν
1836 486 2013 540 τοίνυν

444 554 798 623 ἱκετεύοντες,
856 563 1321 632 παρακαλοῦντες,
1359 568 1685 641 θαρροῦντες
1729 573 1891 627 αὑτοῦ
1937 573 2017 643 τῷ

442 647 582 699 ἐλέει
610 660 702 698 και
729 649 795 717 τῇ
826 648 1223 724 φιλανθρωπίᾳ,
1254 656 1359 708 καὶ
1384 658 1651 728 μηδέποτε
1682 661 1779 731 τὴν
1809 661 2016 714 ἑαυτῶν

441 734 909 807 ἀπογινώσκωμεν
971 741 1261 813 σωτηρίαν,
1315 745 1452 800 ἀλλὰ
1484 747 1552 801 τὰ
1613 750 1741 820 παρ’
1810 749 2015 827 ἑαυτῶν

440 824 783 896 εἰσφέρωμεν
804 867 820 890 ,
854 828 948 881 καὶ
992 829 1210 895 πάντως
1252 832 1542 903 ἕψεται.τά
1594 839 1723 908 παρ’
1757 829 1965 891 ἐκείνου

442 913 630 984 ἐπειδὴ
660 915 863 984 ἄφατον
885 916 1013 989 παρ’
1033 919 1182 991 αὑτῷ
1210 920 1269 974 :6
1293 922 1438 987 ἕλεος
1459 925 1553 977 καὶ
1580 925 1805 996 ἄπειρος
1834 928 1867 998 η
1898 926 2018 995 φιλ-

441 1002 727 1069 ανθρωπία
748 1021 760 1032 ·
791 999 858 1075 ἦς
892 1004 1100 1071 γένοιτο
1133 1008 1340 1073 πάντας
1390 1013 1537 1082 ἡμᾶς
1583 1013 1880 1084 ἐπιτυχεῖν,
1916 1013 2015 1084 χά-

446 1102 554 1157 ριτι
582 1089 673 1141 καὶ
697 1090 1074 1164 φιλανθρωπίᾳ
1104 1093 1197 1146 τοῦ
1232 1096 1437 1167 Κυρίου
1460 1097 1616 1168 ἡμῶν
1667 1099 1840 1170 Ἰησοῦ
1878 1101 2015 1172 Χρι-

445 1175 590 1239 στοῦ,
622 1176 740 1247 μεθ’
769 1173 830 1233 06
857 1180 935 1250 τῷ
963 1182 1136 1253 Πατρὶ
1169 1185 1201 1253 ἡ
1241 1182 1367 1251 δόξα
1421 1185 1537 1256 ἅμα
1568 1186 1645 1257 τῷ
1681 1188 1822 1260 ἁγίῳ
1850 1189 2019 1243 Πνεύ-

447 1280 598 1331 ματι,
627 1267 706 1329 εἰς
743 1268 868 1332 τοὺς
895 1268 1098 1332 αἰῶνας
1119 1270 1226 1323 τῶν
1263 1272 1495 1327 αἰώνων.
1537 1274 1728 1347 ’Δμήν.

850 1416 954 1469 ΕΙΣ
984 1418 1121 1471 ΤυΝ
1147 1419 1252 1473 ΡΛ¹
1279 1421 1599 1478 ΨΑΛΜΟΝ.

444 1511 639 1580 Κύριε,
669 1516 781 1584 οὑχ
818 1517 1025 1584 ὑψώθη
1070 1519 1108 1587 η
1139 1520 1354 1589 καρδία
1374 1540 1514 1591 μου,
1546 1525 1688 1578 οὐδὲ
1714 1526 2017 1597 ἐμετεωρί-

513 1601 750 1665 σθησαν
803 1599 854 1654 οί
885 1602 1178 1670 ὀφθαλμοί
1213 1622 1349 1671 μου.
1404 1606 1613 1670 Ἀλλος’
1677 1609 1830 1663 Οὐδὲ
1860 1610 2018 1679 ὑψώ-

512 1685 728 1747 θησαν.
778 1683 927 1737 Οὐδὲ
966 1685 1298 1754 ἐπορεύθην
1338 1688 1408 1741 ἐν
1430 1690 1735 1759 μεγάλοις,
1781 1692 1923 1747 οὐδὲ
1948 1695 2018 1748 ἐν

513 1761 865 1833 θαυμασίοις
887 1768 1034 1836 ὑπὲρ
1058 1764 1178 1838 ἐμέ.
1200 1771 1409 1838 Ἀλλος,
1437 1773 2014 1844 Ἐνμεγτιλωσύναις.

516 1847 725 1983 ἶΑὶὲλοέ,
760 1847 1350 1984 ὲΕνμεγαλειότησιν,
1374 1856 1513 1910 οὐδὲ
1534 1856 2018 1926 ὑπερϐάλλουσιν

516 1945 596 1983 vx
631 1948 664 1984 ο
722 1951 755 1984 ιι
796 1973 807 1984 .

512 1930 664 1996 ὑπὲρ
687 1930 807 2000 ἐμέ.

513 2048 578 2100 Τί
604 2049 797 2115 τοῦ-ξος
843 2050 900 2103 '0
930 2052 1159 2120 Παῦλος,
1196 2059 1289 2110 καὶ
1313 2055 1557 2130 ἀνάγκης
1582 2059 1769 2133 οὔσης,
1806 2062 1866 2115 τὸ
1894 2064 2017 2117 ἑαυ-

443 2133 532 2221 τὸν
579 2136 945 2208 ἐγκωμιάζειν
987 2141 1297 2214 ἀφροσύνην
1340 2145 1489 2216 φησί·
1524 2146 1603 2200 διὸ
1635 2150 1728 2202 καὶ
1771 2151 2016 2221 ἐπήγαγε

442 2220 633 2290 λέγων·
712 2226 942 2295 Γέγονα
992 2228 1196 2297 ἄφρων
1243 2233 1646 2302 καυχώμενος·
1712 2220 1881 2305 ὑμεῖς
1936 2255 2015 2307 με

443 2309 846 2380 ἠναγκάσατε.
882 2314 1007 2379 Πῶς
1045 2311 1138 2370 οὖν
1165 2316 1322 2371 τοῦτο
1360 2320 1626 2392 ἠγνόησεν
1665 2321 1694 2374 6
1727 2320 2016 2396 Προφήτης

444 2399 539 2451 καὶ
576 2402 839 2471 καυχᾶται
866 2401 960 2458 νῦν
997 2404 1097 2458 οὐκ
1130 2405 1222 2457 ἐπὶ
1247 2405 1358 2472 δύο,
1391 2409 1487 2462 καὶ
1524 2409 1712 2482 τριῶν,
1739 2412 1833 2465 καὶ
1860 2411 2012 2479 δέκα,

442 2487 558 2541 ἀλλ’
591 2489 682 2541 ἐπὶ
720 2490 818 2561 τῆς
859 2491 1182 2564 οἰκουμένης
1216 2493 1455 2566 ἀπάσης,
1487 2499 1580 2551 καὶ
1618 2501 1883 2570 καυχᾶται
1927 2501 2017 2554 λέ-

442 2587 576 2642 γων,
608 2573 874 2640 Ταπεινός
905 2579 1018 2649 εἰμι
1066 2582 1159 2633 καὶ
1200 2580 1441 2654 μέτριος,
1472 2583 1567 2638 καὶ
1598 2587 1853 2652 ταπεινὸς
1895 2589 2016 2643 καθ’

445 2666 770 2737 ὑπερϐολὴν,
801 2668 896 2720 καὶ
918 2667 1155 2735 άπλοῦς;
1188 2670 1358 2725 Τοῦτο
1378 2672 1486 2744 γάρ
1512 2673 1629 2728 ἐστι
1649 2675 1728 2739 :6,
1767 2676 1859 2742 Ὧς
1878 2678 2021 2732 ἀπο-

444 2754 992 2826 γεγαλακτισμένον
1034 2758 1133 2813 ἐπὶ
1184 2760 1300 2829 τὴν
1338 2760 1566 2831 μητέρα
1616 2765 1823 2821 αὐτοῦ.
1863 2766 2019 2832 Τίνος

444 2836 536 2895 οὖν
566 2843 751 2895 ἕνεκεν
775 2843 934 2897 τοῦτο
955 2848 1130 2911 ποιεῖς
1164 2849 1286 2900 Ὀτι
1310 2849 1371 2902 οὐ
1405 2850 1678 2921 πανταχοῦ
1702 2852 1764 2905 τὸ
1791 2853 2019 2924 πρᾶγμα

444 2930 769 2993 κεκώλυται,
798 2933 1077 2989 ἀλλ’ἔστιν
1109 2935 1240 2989 ὅπου
1273 2938 1367 2990 καὶ
1398 2937 1691 3006 ἀναγκαῖόν
1722 2943 1860 3005 ἐστι,
1886 2942 2020 3012 μᾶλ-

444 3017 534 3071 λον
558 3017 614 3071 δὲ
648 3019 793 3073 ἔστιν
825 3021 958 3074 ὅπου
986 3023 1049 3075 ού
1072 3022 1433 3094 καυχώμενοι,
1466 3027 1602 3081 ἀλλά
1636 3027 1712 3099 μὴ
1734 3029 2021 3100 καυχώμε-

446 3120 544 3164 νοι,
602 3105 829 3181 ἀφρονες
878 3108 1161 3178 γινόμεθα.
1190 3110 1280 3164 Διὸ
1319 3112 1414 3166 καὶ
1454 3115 1484 3166 6
1522 3114 1732 3179 Παῦλος
1761 3114 1926 3185 λέγει·
1963 3118 2018 3170 '0

446 3190 846 3262 καυχώμενος,
887 3196 956 3248 ἐν
988 3194 1187 3264 Κυρίῳ
1217 3200 1559 3277 καυχάσθω.
1590 3204 1700 3255 Καὶ
1734 3202 1841 3274 γὰρ
1868 3206 1898 3257 6
1927 3203 2020 3257 ἐπὶ

444 3279 521 3348 τῷ
548 3281 763 3351 σταυρῷ
801 3283 874 3354 μὴ
900 3285 1252 3354 καυχώμενος
1277 3289 1493 3341 πάντων
1517 3290 1662 3342 ἐστὶν
1687 3290 2019 3361 ἀφρονέστα-

446 3382 537 3429 τος
583 3367 678 3420 καὶ
707 3370 1186 3440 παρανομώτατοςε
1219 3374 1249 3425 6
1291 3373 1440 3445 [572]
1474 3376 1566 3428 ἐπὶ
1611 3379 1676 3448 τῇ
1720 3378 1898 3431 πίστει
1943 3379 2018 3451 μὴ

447 3452 798 3524 καυχώμενος
829 3459 1046 3512 πάντων
1076 3460 1226 3513 ἐστὶν
1252 3460 1595 3527 ἀθλιώτερος·
1626 3465 1654 3516 6
1683 3465 1777 3517 ἐπὶ
1809 3465 2018 3531 τούτοις

451 3539 525 3613 μὴ
547 3540 897 3613 καυχώμενος
922 3544 1016 3599 καὶ
1043 3546 1552 3619 παρρησιαζόμενος
1579 3550 1857 3605 ἀπολεῖται
1880 3554 2018 3608 πάν-

447 3646 574 3691 τως.
602 3629 700 3682 Διά
727 3628 882 3683 τοῦτο
907 3628 1125 3703 θαρρῶν
1150 3634 1179 3686 ό
1195 3629 1523 3699 Ἀπόστολυς
1540 3634 1742 3705 ἔλεγεν·
1771 3639 1925 3710 Ἐμοί
1951 3640 2019 3694 δὲ

445 3714 529 3786 μὴ
570 3714 800 3786 γένοιτο
832 3717 1190 3788 καυχᾶσθαι,
1225 3722 1276 3774 εί
1313 3718 1400 3790 μὴ
1431 3721 1501 3775 ὲν
1530 3721 1611 3788 τῷ
1642 3724 1882 3793 σταυρῷ
1912 3726 2019 3781 τοῦ

451 3805 669 3871 Κυρίου
694 3803 864 3874 ἡμῶν
890 3806 1094 3873 Ἰησοῦ
1114 3810 1256 3877 Χριο
1268 3809 1394 3864 τοῦ.
1424 3811 1533 3863 Καὶ
1554 3811 1734 3865 πάλιν·
1762 3813 1859 3883 Μὴ
1879 3832 2022 3869 καυ-

452 3892 657 3961 χάσθω
691 3896 723 3946 ό
762 3894 1058 3961 πλούσιος
1093 3896 1162 3950 ἐν
1188 3895 1268 3962 τῷ
1306 3898 1545 3964 πλούτῳ
1577 3899 1785 3964 αὐτοῦ,
1807 3900 1961 3970 μηδὲ
1989 3906 2022 3957 ὀ

452 3978 645 4048 σορὸς
671 3979 741 4032 ἐν
772 3979 848 4048 τῇ
885 3983 1069 4051 σοφίᾳ
1102 3984 1309 4050 αὑτοῦ,
1333 3985 1471 4040 ἀλλ’
1496 3986 1568 4039 ἐν
1588 3988 1772 4052 τούτῳ
1798 3987 2023 4058 καυχά-

452 4070 599 4131 σθω,
641 4066 711 4121 ἐν
745 4066 825 4133 τῷ
850 4069 1087 4123 συνιεῖν
1111 4079 1130 4101 ⁸
1157 4072 1254 4125 καὶ
1286 4071 1603 4140 γινώσκειν
1638 4072 1747 4127 τὸν
1783 4076 2019 4142 Κύριον.

456 4155 577 4218 Πῶς
598 4156 654 4208 δὲ
676 4156 844 4209 κακὸν
864 4158 925 4209 :6
947 4159 1248 4228 καυχᾶσθαι
1266 4177 1281 4226 ;
1298 4160 1421 4214 Ἐἀν
1441 4161 1516 4225 ὡς
1535 4164 1563 4215 6
1581 4163 1873 4233 Φαρισαῖος
1893 4163 2024 4217 αὑτὸ

454 4242 718 4314 ποιῶμεν.
755 4244 865 4296 Καὶ
895 4243 983 4298 διὰ
1014 4245 1086 4311 τί,
1124 4248 1306 4317 φησὶν,
1334 4249 1363 4300 6
1383 4247 1595 4314 Παῦλος
1621 4246 1763 4313 εἶπε,
1794 4250 2025 4319 Γέγονα

455 4331 658 4398 ἄφρων
701 4329 1102 4399 καυχώμενος·
1149 4336 1317 4403 ὑμεῖς
1342 4352 1419 4404 με
1455 4336 1835 4408 ἠναγκάσατε
1854 4354 1877 4402 ;
1905 4338 2024 4393 ’Ότι

457 4420 524 4469 τὰ
550 4418 946 4490 κατορθώματα
973 4421 1136 4475 αὐτοῦ
1175 4423 1408 4489 διηγεῖτο
1433 4423 1503 4477 τὰ
1535 4426 1625 4478 ἐπὶ
1655 4424 1750 4478 τοῦ
1786 4424 1901 4496 βίου
1930 4426 2026 4481 καὶ

454 4506 555 4574 τῆς
584 4506 873 4571 πολιτείας,
905 4507 1048 4577 άπερ
1077 4509 1177 4561 οὑκ
1211 4508 1317 4562 ἔδει
1343 4513 1634 4582 προφέρειν
1669 4513 1913 4585 ἀνάγκης
1948 4515 2024 4585 μὴ

457 4593 638 4666 οὔσης.
678 4596 929 4667 Ἀλλαχοῦ
971 4597 1027 4650 δέ
1071 4615 1254 4669 φησιν·
1298 4601 1433 4654 Ἐὰν
1474 4601 1572 4655 καὶ
1608 4602 1844 4671 θελήσω
1880 4621 2025 4658 καυ-

456 4679 780 4749 χήσασθαι,
814 4686 924 4737 οὺκ
960 4685 1172 4754 ἔσομαι
1198 4685 1418 4754 ἄφρων·
1453 4688 1741 4757 ἀλήθειαν
1764 4691 1871 4761 γὰρ
1891 4690 2023 4760 ἐρῶ.

459 4769 621 4822 Ὥστε
661 4773 690 4824 6
726 4772 794 4824 τὰ
818 4770 992 4843 ἀληθῆ
1015 4772 1208 4841 λέγων,
1237 4775 1332 4828 τοῦ
1360 4776 1553 4849 καιροῦ
1586 4778 1892 4843 καλοῦντος,
1926 4780 2025 4833 οὐκ

456 4857 604 4911 ἐστιν
635 4859 842 4929 ἄφρων.
873 4860 986 4913 υύκ
1014 4860 1121 4932 ἀρα
1154 4862 1275 4916 οὑδὲ
1309 4864 1338 4917 6
1361 4863 1652 4937 Προφήτης
1678 4866 1866 4937 ἀφρων
1895 4885 2028 4921 καυ-

416 5002 429 5026 _.
457 4945 721 5017 χώμενος·
770 4947 864 4999 καὶ
892 4946 1001 5019 γὰρ
1029 4947 1201 5020 ἀληθῆ
1227 4949 1431 5020 ἔλεγεν.
1471 4952 1629 5006 Ἀλλὰ
1672 4953 1754 5017 τίς
1798 4956 1831 5025 ἡ
1861 4954 2025 5019 αἰτία,

454 5036 522 5088 δι’
551 5036 619 5106 ἣν
648 5038 727 5098 είς
758 5036 916 5089 τοῦτο
953 5039 1233 5109 κατήγαγε
1259 5041 1350 5094 τὸν
1378 5041 1568 5111 λόγονς
1601 5044 1762 5097 Ὥστε
1809 5044 2029 5099 παιδεῦ-

458 5142 550 5179 σαι
577 5127 702 5190 τοὺς
737 5126 1011 5196 ἀκροατὰς
1037 5130 1111 5199 μὴ
1137 5129 1276 5199 μετά
1306 5130 1404 5202 τὴν
1430 5132 1749 5205 ἀπαλλαγὴν
1775 5133 1882 5188 τῶν
1926 5152 2028 5189 κα-

457 5212 569 5267 κῶν
612 5215 690 5277 εἱς
722 5215 977 5270 ἀπόνοιαν
1023 5216 1356 5283 ἐπανελθεῖν,
1402 5220 1535 5292 μηδὲ
1572 5220 2029 5292 ἐλευθερωθέντας

455 5299 550 5353 τοῦ
582 5299 782 5370 δεσμοῦ
813 5303 1211 5375 ἀποσκιρτῆσαι
1237 5305 1420 5369 πάλιν,
1451 5308 1544 5361 καὶ
1569 5310 1648 5371 εἰς
1669 5310 1912 5381 ἀνάγκην
1940 5312 2031 5381 ἐμ-

460 5391 647 5442 πεσεῖν
684 5389 876 5460 ἑτέρας
914 5392 1303 5461 αἰχμαλωσίας.
1338 5394 1439 5447 Διά
1463 5394 1711 5466 δήτοῦτο
1752 5398 1809 5451 ὲν
1848 5398 1924 5469 τῷ
1958 5399 2027 5453 τὰ

461 5476 636 5529 οἰκεῖα
663 5476 963 5546 διηγεῖσθαι
996 5479 1197 5551 διορθοῖ
1225 5481 1316 5535 τὸν
1340 5482 1633 5554 ἀκροατήν·
1661 5484 1751 5538 καὶ
1770 5485 1830 5540 ού
1856 5485 2025 5556 λέγει,

464 5562 805 5638 ὃτιὟψώθην
847 5568 966 5637 μὲν,
1009 5567 1272 5639 κατέσχον
1302 5568 1367 5623 ,δὲ
1408 5569 1502 5623 τοῦ
1535 5570 1761 5636 πάθους,
1790 5574 1923 5629 ἀλλά
1949 5575 2028 5640 τί;

1163 360 1221 416 S.
1260 361 1548 422 JOANNIS
1588 365 2079 428 CHRYSOSTOM
2110 374 2435 438 ARCHIEP.
2467 376 3012 440 CONSTANTINOP.

3580 383 3685 443 ὅτε

2121 507 2223 559 μου
2258 495 2357 565 τῆς
2394 494 2569 568 ψυχῆς
2601 499 2634 570 ἡ
2677 499 2929 571 πονηρία.
2957 489 3085 552 Οἶον
3107 497 3216 568 γάρ
3243 512 3325 559 τις
3369 492 3530 571 λιμὴν
3557 500 3679 554 ἀκύσ

2119 594 2316 647 μαντος
2343 577 2408 652 ἦν
2432 585 2463 654 ή
2489 585 2715 650 διάνοια,
2748 586 2810 639 06
2843 584 3106 656 δεχομένη
3134 584 3201 638 τά
3229 584 3449 656 κύματα
3481 584 3572 639 τοῦ
3601 605 3690 640 νο-

2120 668 2374 737 σήματος,
2406 669 2435 722 6
2465 671 2677 725 πάντων
2698 673 2866 726 αἰτιον
2885 672 2992 725 τῶν
3020 671 3225 733 κακῶν,
3252 672 3345 726 καὶ
3369 669 3493 743 ῥίζα
3516 690 3690 745 παραυ

2117 756 2308 826 νομίας
2340 758 2594 830 ἐσχάτης.
2626 760 2691 813 Τί
2732 762 2880 814 ἐστιν
2908 759 2937 813 ὃ
2966 759 3134 829 λέγει,
3157 761 3353 829 Κύριε,
3385 762 3498 831 οὑχ
3531 761 3680 830 ὑψώ

2118 843 2191 908 θη
2225 844 2263 911 ἡ
2290 844 2503 913 καρδία
2520 864 2662 916 μου,
2684 847 2828 902 οὐδὲ
2851 848 3370 918 ἐμετεωρίσθησαν
3394 850 3446 901 οί
3469 848 3691 917 ὀφθαλ-

2113 931 2221 1000 μοί
2256 948 2410 1001 μου;
2464 935 2577 988 Οὐκ
2632 937 2934 1000 ἀνέσπασα,
2987 936 3139 1007 φησί,
3185 935 3284 1000 τὰς
3334 932 3527 1006 ὀφρῦς,
3571 935 3692 992 οὑδδ

2118 1019 2360 1073 ἀνέτεινα
2385 1021 2474 1077 τὸν
2496 1022 2718 1095 αὐχένα.
2754 1025 2885 1079 Ἀπὸ
2908 1026 3015 1097 γὰρ
3036 1026 3135 1096 τῆς
3159 1024 3370 1078 ἔνδοθεν
3395 1026 3578 1096 πηγῆς
3595 1024 3690 1081 τοῦ

2118 1106 2321 1169 πάθους
2349 1108 2682 1181 ὑπερϐλύζω
2720 1112 2781 1166 τδ
2822 1113 3033 1186 νόσημα
3072 1114 3164 1167 καὶ
3201 1112 3263 1167 τὺ
3294 1113 3453 1181 σῶμα
3493 1131 3692 1187 συσχη-

2121 1195 2334 1263 ματίζει
2368 1196 2503 1269 πρὸς
2535 1199 2632 1270 τὴν
2664 1199 2875 1255 ἔνδοθεν
2914 1202 3240 1272 φλεγμονὴν.
3274 1199 3692 1269 068661201186-

2118 1283 2233 1349 θην
2248 1283 2318 1337 ἐν
2336 1286 2642 1355 μεγάλοις,
2664 1287 2805 1342 οὐδέ
2824 1290 2895 1342 ὲν
2913 1290 3266 1358 θαυμασίοις
3293 1288 3446 1358 ὑπὲρ
3464 1287 3588 1357 ἐμέ.
3624 1290 3692 1343 Τι

2118 1370 2284 1438 ἐστιν,
2338 1373 2434 1426 Ἑν
2448 1372 2734 1444 μεγάλοις
2751 1393 2770 1440 ;
2804 1376 2927 1440 Τοῖς
2957 1377 3281 1447 ὑπερόγκοις
3310 1376 3557 1446 ἀνδράσι,
3578 1378 3693 1440 τοῖς

2118 1457 2424 1525 πλουτοῦσι,
2478 1463 2589 1524 τοῖς
2638 1462 2883 1529 ἀλαζόσι,
2933 1465 3045 1527 τοῖς
3092 1463 3481 1534 ὑπερηφάνοις.
3539 1460 3693 1528 Εἶδες

2117 1546 2402 1618 ἀκρίϐειαν
2421 1550 2917 1622 ταπεινοφροσύνης
2936 1569 2949 1615 ;
2979 1551 3053 1604 Οὐ
3075 1551 3232 1622 μόνον
3261 1550 3422 1614 αὑτὸς
3445 1546 3513 1622 ἦν
3536 1548 3693 1613 ὲκτὺς

2118 1633 2210 1687 τοῦ
2240 1637 2562 1706 νοσήματος,
2609 1637 2741 1691 ἀλλά
2791 1638 2886 1692 καὶ
2921 1638 3050 1702 τοὺς
3089 1636 3231 1691 οὕτω
3263 1637 3692 1709 φλεγμαίνοντας

2123 1722 2338 1792 ἔφευγε,
2369 1725 2463 1779 καὶ
2489 1725 2597 1779 τῶν
2626 1725 2881 1781 τοιούτων
2911 1726 3166 1798 ἀπεπήδα
3210 1726 3479 1795 συλλόγων
3510 1725 3599 1780 διὰ
3628 1723 3692 1779 τὸ

2123 1810 2256 1865 πολὺ
2286 1812 2423 1883 πρὸς
2461 1814 2559 1882 τὴν
2600 1813 2914 1880 ἀλαζονείαν
2957 1816 3131 1885 μῖσος.
3178 1813 3395 1885 Ἐπειδὴ
3421 1814 3529 1884 γὰρ
3556 1814 3694 1866 ἀπε-

2124 1897 2268 1969 χθῶς
2292 1894 2403 1969 εἶχε
2434 1901 2571 1971 πρὸς
2598 1901 2695 1972 τὴν
2716 1902 2914 1956 κακίαν
2945 1901 3150 1973 ταύτην
3165 1901 3216 1963 δ,
3241 1901 3302 1955 οὐ
3335 1901 3493 1972 μόνον
3519 1899 3689 1969 αὐτῆς

2123 1987 2392 2056 ἀπεπήδα,
2427 1987 2547 2041 οὑδὲ
2580 1988 2779 2043 ἄϐατον
2820 1990 2960 2059 αὐτῇ
3010 1990 3073 2042 :6
3104 1987 3300 2060 χωρίον
3330 1987 3431 2058 τῆς
3457 1987 3692 2051 διανοίας

2122 2073 2292 2126 ἐποίει
2320 2075 2498 2144 μόνον,
2532 2075 2667 2129 ἀλλὰ
2695 2077 2789 2130 καὶ
2824 2078 2951 2140 τοὺς
2981 2076 3261 2147 μετιόντας
3288 2074 3457 2146 αὐτὴν
3485 2076 3549 2128 ἐκ
3573 2073 3694 2127 πολ·

2122 2159 2215 2213 λοῦ
2240 2160 2335 2214 τοῦ
2359 2161 2720 2235 διαστήματος
2744 2162 2991 2234 ἔφευγεν,
3013 2161 3153 2218 ὥστε
3181 2160 3314 2235 μηδὲ
3339 2162 3547 2216 ἐκεῖθέν
3572 2175 3694 2216 τινα

2120 2246 2372 2313 δέξασθαι
2401 2250 2463 2303 λύ
2472 2268 2599 2322 μην.

2190 2353 2265 2406 Οὑ
2310 2352 2503 2425 μικρὸν
2553 2354 2609 2408 δὲ
2642 2353 2801 2408 τοῦτο
2841 2353 3175 2428 κατόρθωμα
3215 2354 3276 2409 :6
3312 2351 3538 2424 φεύγειν
3564 2353 3693 2418 τοὺς

2122 2440 2488 2513 ὑπερόγκους,
2533 2442 2594 2496 :6
2637 2445 2813 2512 μισεῖν
2850 2445 2974 2507 τοὺς
3017 2443 3304 2509 ἀλαζόνας,
3336 2442 3398 2496 τὸ
3426 2442 3696 2513 ἀποστρέ-

2120 2526 2319 2595 φεσθαι
2381 2529 2476 2583 καὶ
2525 2529 2928 2600 βδελύσσεσθαι·
2970 2531 3202 2603 μεγίστη
3254 2529 3455 2603 ἀρετῆς
3517 2527 3696 2596 ἀσφά-

2121 2615 2257 2681 λεια,
2303 2618 2532 2690 μεγίστη
2564 2630 2588 2658 ο
2618 2619 3115 2691 ταπεινοφροσύνης
3159 2618 3391 2690 φυλακή.
3439 2616 3590 2670 οὐδὲ
3626 2616 3695 2670 ἐν

2122 2704 2483 2772 θαυμασίοις
2510 2704 2664 2776 ὑπὲρ
2689 2706 2814 2777 ἐμέ.
2848 2705 3061 2772 Ἀλλος,
3107 2704 3261 2761 Οὐδὲ
3294 2703 3698 2773 ὑπερϐάλλον-

2120 2807 2225 2845 σιν
2274 2788 2427 2859 ὑπὲρ
2491 2791 2612 2861 ἐμέ.
2660 2795 2727 2848 Εἰ
2776 2793 2862 2864 μὴ
2914 2794 3475 2863 ὲταπεινοςορόνουν,
3537 2787 3696 2845 ἀλλὰ

2121 2878 2339 2947 ὕψωσα
2355 2876 2470 2945 τὴν
2488 2878 2741 2948 καρδίαν
2762 2897 2900 2950 μου,
2929 2880 3009 2944 ὠς
3031 2878 3097 2933 τὸ
3116 2875 3698 2950 ἀπογεγαλακτισμέ-

2120 2982 2232 3020 νον
2249 2965 2348 3019 ἐπὶ
2374 2965 2710 3035 τὴνμητέρα
2730 2967 2915 3021 αὑτοῦ
2940 2965 3115 3038 [575],
3141 2967 3222 3032 ὡς
3245 2963 3694 3031 ἀνταποδώσεις

2120 3053 2219 3107 ἐπὶ
2248 3052 2363 3122 τὴν
2383 3052 2598 3123 ψυχήν
2619 3071 2759 3123 μου.
2787 3054 2997 3119 Ἄλλος,
3035 3054 3233 3120 Οὕτως
3263 3051 3694 3119 ἀνταποδοθείη

2120 3138 2196 3208 τῇ
2233 3139 2409 3209 ψυχῇ
2451 3158 2592 3210 μου.
2634 3141 2772 3195 Καθ’
2797 3141 3099 3214 ὑπερϐατόν
3131 3143 3247 3194 εστι
3282 3141 3344 3194 :6
3387 3139 3692 3212 εἰρημένον,

2121 3221 2253 3290 οἷον,
2284 3226 2349 3280 Εἰ
2364 3225 2440 3299 μὴ
2463 3228 2960 3300 ὲταπεινοφρόνουν,
2984 3230 3060 3292 ὡς
3085 3229 3145 3282 :6
3168 3227 3697 3298 ἀπογεγαλακτισμέο

2121 3332 2210 3368 νον
2251 3315 2344 3368 ἐπὶ
2369 3315 2465 3385 τὴν
2498 3315 2710 3389 μητέρα
2743 3317 2926 3383 αὑτοῦ,
2954 3317 3068 3370 ἀλλ’
3102 3316 3294 3387 ὖψωσα
3333 3317 3432 3386 τὴν
3467 3315 3697 3387 καρδίαν

2128 3418 2250 3472 μου.
2277 3401 2451 3465 οὕτως
2480 3403 2861 3476 ἀνταποδοθείη
2899 3407 2966 3475 τῇ
2989 3404 3133 3476 ψυχῇ
3178 3420 3298 3475 μου.
3342 3404 3406 3457 Ὃ
3433 3403 3490 3457 δὲ
3522 3403 3693 3470 λέγει,

2121 3489 2360 3544 τοιοῦτόν
2396 3490 2564 3543 ἐστιν·
2593 3492 2654 3544 06
2698 3491 2856 3562 μόνον
2882 3495 2983 3564 τῆς
3024 3491 3223 3554 κακίας
3263 3490 3500 3563 καθαρὸς
3526 3491 3694 3562 ήμην,

2122 3577 2220 3647 τῆς
2245 3575 2561 3642 ἀλαζονείας
2585 3578 2750 3648 λέγω,
2782 3578 2904 3633 οὐδὲ
2936 3580 3097 3651 μόνον
3130 3579 3238 3633 τῶν
3264 3578 3495 3649 ἐχόντων
3530 3578 3699 3648 αὐτὴν

2123 3665 2421 3736 ἀλλότριος,
2458 3666 2595 3721 ἀλλά
2640 3668 2735 3721 καὶ
2772 3668 2871 3739 τὴν
2904 3669 3105 3741 ἀρετὴν
3140 3666 3237 3739 τὴν
3279 3667 3522 3721 ἐναντίαν
3557 3668 3696 3738 αὐτῇ

2126 3751 2265 3823 μετὰ
2301 3752 2502 3824 πολλῆς
2533 3753 2799 3826 ἐδεξάμην
2835 3755 2935 3827 τῆς
2966 3754 3287 3826 ὑπερϐολῆς,
3320 3755 3419 3825 τὴν
3451 3770 3699 3809 ταπεινο-

2125 3838 2419 3911 φροσύνην,
2465 3840 2527 3893 τὸ
2576 3840 2909 3912 μετριάζειν,
2963 3841 3026 3895 :6
3076 3842 3474 3912 συντετρίφθαι.
3528 3839 3698 3894 Τοῦτο

2124 3929 2299 3981 ἐκεῖνο
2327 3927 2356 3981 6
2394 3930 2508 3990 τοῖς
2561 3927 2827 3998 μαθηταῖς
2868 3930 2897 3982 6
2934 3929 3169 4001 Χριστὸς
3207 3931 3457 3983 ἐκέλευσε
3503 3928 3694 3997 λέγων·

2136 4015 2279 4070 Ἐὰν
2310 4013 2395 4084 μὴ
2434 4013 2760 4084 στραφῆτε,
2799 4015 2897 4069 καὶ
2928 4017 3183 4085 γένησθε
3227 4017 3308 4082 ὡς
3354 4016 3426 4070 τὰ
3471 4014 3695 4079 παιδία,

2126 4104 2198 4157 οὐ
2217 4100 2304 4171 μὴ
2330 4102 2638 4170 είσέλθητε
2658 4105 2746 4168 είς
2776 4101 2891 4168 τὴν
2906 4102 3235 4167 ,βασιλείαν
3260 4102 3379 4156 τῶν
3405 4102 3695 4170 οὐρανῶν.

2127 4190 2412 4260 Τοιαύτην,
2444 4190 2631 4260 φησὶν,
2654 4190 2969 4262 ἐκτησάμην
2995 4190 3514 4261 ταπεινοφροσύνην,
3536 4190 3611 4255 ὡς
3639 4189 3700 4242 :6

2129 4278 2430 4349 ὑπομάζιον
2473 4277 2704 4331 παιδίον.
2746 4278 2956 4349 ’Ὠσπερ
3006 4278 3114 4349 γὰρ
3161 4279 3334 4331 ἐκεῖνο
3387 4276 3567 4349 ἔχεται
3603 4278 3700 4349 τῆς

2132 4364 2354 4436 μητρὸς,
2383 4366 2771 4420 τεταπείνωται
2790 4365 2839 4432 ά,
2869 4363 3182 4429 ἀλαζονείας
3209 4366 3426 4437 ἀπάσης
3455 4367 3572 4419 ἐστὶ
3602 4384 3700 4420 κα-

2130 4452 2314 4524 θαρὸν,
2359 4452 2585 4524 ἀφελείᾳ
2628 4454 2761 4525 συζῇ
2807 4453 2900 4505 καὶ
2943 4453 3222 4525 ἁπλότητι·
3256 4452 3398 4506 οὕτω
3446 4453 3538 4506 καὶ
3592 4450 3702 4520 ἐγὼ

2132 4540 2269 4610 πρὸς
2308 4539 2399 4592 τὸν
2427 4540 2558 4593 Θεὸν
2591 4540 2758 4612 ἥμην,
2795 4540 3050 4611 ἐχόμενος
3081 4539 3245 4593 αὑτοῦ
3283 4539 3561 4611 διηνεκῶς.
3590 4541 3704 4610 Ούχ

2133 4629 2316 4692 ἁπλῶς
2367 4629 2424 4682 δὲ
2476 4627 2571 4681 τοῦ
2614 4627 3220 4699 ἀπογεγαλακτισμένου
3261 4627 3529 4699 ἐμνήσθη,
3567 4627 3702 4682 ἀλλὰ

2130 4715 2229 4788 τὴν
2265 4715 2440 4785 θλίψιν
2466 4716 2637 4770 θέλων
2671 4718 3039 4787 παραστῆσαι,
3071 4714 3169 4786 τήν
3200 4714 3576 4785 στενοχωρίαν,
3606 4715 3702 4786 τὴν

2131 4802 2341 4872 ὀδύνην,
2365 4803 2426 4855 :6
2448 4802 2676 4874 μέγεθος
2703 4802 2812 4856 τῶν
2836 4802 3041 4857 κακῶν.
3072 4801 3341 4873 Καθάπερ
3359 4797 3451 4855 οὖν
3480 4802 3540 4854 :6
3578 4817 3701 4854 παι·
3770 4828 3775 4835 ι

2131 4888 2242 4943 δίον
2286 4888 2411 4960 ἀρτι
2442 4887 2535 4942 τοῦ
2579 4888 2784 4961 μαστοῦ
2832 4889 3200 4954 ἀποσπασθὲν,
3236 4889 3357 4942 οὐδὲ
3395 4887 3568 4952 οὓτως
3601 4889 3697 4957 ἀφ-

2133 4975 2346 5030 ίσταται
2373 4976 2473 5047 τῆς
2504 4977 2729 5047 μητρὸς,
2778 4976 2892 5030 ἀλλ’
2921 4976 3271 5048 ὀδυνώμενον,
3291 4975 3544 5048 θρηνοῦν,
3574 4976 3701 5029 δυσο

2131 5067 2402 5136 χεραῖνον,
2432 5062 2613 5128 ἀλῦον,
2640 5062 3196 5135 κλαυθμυριζόμενον,
3226 5064 3373 5134 ὅμως
3400 5063 3580 5133 ἔχεται
3603 5062 3702 5132 τῆς

2130 5150 2415 5220 τεκούσης,
2456 5150 2551 5204 καὶ
2590 5150 2690 5203 οὐκ
2726 5149 2792 5205 ἂν
2827 5150 3120 5221 ἀποσταίη·
3158 5149 3300 5204 οὕτω
3335 5148 3511 5218 κάγὼ,
3544 5148 3695 5220 φησὶ,

2134 5241 2227 5295 καὶ
2268 5242 2325 5293 ὲν
2351 5239 2543 5310 θλίψει,
2580 5238 2674 5293 καὶ
2702 5241 2760 5293 ὲν
2787 5241 3138 5312 στενοχωρίᾳ,
3168 5240 3261 5294 καὶ
3284 5241 3343 5295 ὲν
3374 5238 3595 5303 πολλαῖς
3623 5237 3699 5295 ὢν

2197 5447 2225 5487 b
2247 5447 2358 5518 ξαν.
2381 5446 2595 5518 ἀπεχθῶς
2613 5444 2711 5508 εἶχε
2733 5442 2900 5518 ταύτῃ.
3198 5506 3209 5517 .
3382 5517 3386 5518 7
3412 5517 3418 5518 ί
3458 5509 3470 5518 _
3555 5505 3572 5518 ι
3658 5504 3672 5518 ο

2199 5513 2222 5570 ξ’
2250 5509 2369 5570 δαν.
2387 5505 2720 5570 ὺὶιιμεγίστὴς,
2742 5505 2902 5555 minus
2938 5512 3098 5564 recte,
3125 5506 3213 5567 qui
3234 5518 3345 5554 mox
3366 5509 3478 5567 post
3493 5505 3697 5567 φυλακή,

2114 5565 2256 5639 legit,
2273 5569 2470 5639 omi§sis
2484 5565 2822 5639 'iqierpoajtis,
2836 5575 2894 5623 Et
2915 5576 2979 5636 μὴ
2999 5565 3429 5639 ἐταπεινοφρόνουν.
3456 5565 3583 5625 ιιιτω
3596 5577 3699 5639 {ure

465 5651 590 5721 οὐχ
945 5654 1159 5726 καρδία
1179 5630 1340 5726 ’μουο
1369 5657 1663 5728 τουτέστιν,
1702 5630 1822 5715 οὑδὲ
1861 5630 2033 5734 ἣψατό
2113 5630 3217 5742 ἠιξζςιοξξέέξζξζῖξῖδξὲέῖαζῇωψζέέηξὲζέ
3233 5636 3633 5742 ξδξέᾞὰωξᾙ

530 5804 557 5835 ⁸⁵
580 5805 692 5856 51W.
716 5806 763 5856 ἐν
784 5806 852 5870 τῷ
875 5808 1078 5859 συνιέναι
1106 5816 1158 5860 cl
1181 5814 1230 5861 in
1253 5811 1470 5876 margine
1496 5814 1681 5863 συνιιϊν.

2369 5695 2815 5763 συντέτᾳταικῃΐιά
2835 5695 3213 5763 ἰθεῖα-ἐχόμενος
3233 5695 3388 5748 αὐτοῦ’
3400 5700 3478 5749 διὰ
3505 5700 3694 5763 παντός.

2116 5754 2424 5826 Οὐχοάπλῶς.
2452 5751 2639 5807 Ibidem
2666 5758 2788 5808 Mor.
2811 5761 2898 5819 τὴν
2918 5751 3234 5825 θλίψῗνθέλων
3251 5762 3561 5826 παραϐαλεῖν.
3581 5751 3677 5812 δαν

2116 5818 2302 5865 melius
2324 5818 2470 5866 θέλων
2491 5826 2817 5881 παραστῆσαι.
