4112 6342
345 363 448 420 377

349 480 463 531 sive
493 484 619 525 non.
648 465 704 521 Si
733 462 874 519 enim
896 458 1025 514 dare
1061 453 1221 509 situm
1259 457 1342 505 est
1379 447 1430 502 in
1483 447 1599 512 ejus
1647 447 1927 512 potestate.

353 571 404 622 in
435 565 552 636 ejus
579 561 738 617 etiam
762 559 1026 628 potestate
1055 548 1213 603 situm
1239 551 1340 608 est,
1372 538 1581 610 quando
1606 535 1737 599 vult,
1769 532 1930 587 dare:

355 670 564 726 tempus
581 661 757 708 autem
786 645 930 701 novit
950 642 1168 711 optime.
1191 636 1497 692 Maneamus
1521 645 1647 700 ergo
1668 633 1934 695 rogantes,

357 750 730 821 supplicantes,
781 737 1110 796 confidentes
1159 731 1274 799 ejus
1323 723 1700 781 misericordia:
1753 729 1806 772 et
1832 717 1940 771 cle-

360 845 592 907 mentiae,
622 855 720 896 nec
749 847 999 904 umquam
1026 829 1094 884 de
1123 833 1304 882 nostra
1346 820 1518 876 salute
1573 817 1939 884 desperemus,

359 939 456 995 sed
476 943 660 991 nostra
685 902 969 984 aderamus
987 963 1001 986 ,
1033 930 1087 976 et
1127 917 1215 972 ille
1245 913 1396 968 nobis
1421 920 1708 976 numquam
1733 902 1941 965 deerit,

361 1021 790 1100 quandoquidem
827 1024 910 1072 est
935 1006 1305 1069 inenarrabilis
1337 1001 1474 1072 apud
1501 1015 1622 1054 eum
1645 993 1945 1050 misericor-

362 1127 468 1190 dia,
495 1129 549 1176 et
568 1084 770 1172 infinita
796 1105 1076 1166 clementia
1102 1120 1115 1157 :
1144 1114 1302 1172 quam
1336 1097 1492 1152 detur
1521 1090 1672 1146 nobis
1691 1084 1938 1141 omnibus

365 1212 610 1282 assequi,
667 1204 833 1278 gratia
873 1209 928 1256 et
974 1193 1299 1265 benignitate
1344 1184 1551 1242 Domini
1602 1179 1769 1236 nostri
1812 1177 1938 1231 Jesu

363 1266 592 1369 Chrigti,
627 1266 839 1372 quicum
887 1291 1030 1349 Patri
1070 1298 1124 1344 et
1160 1281 1376 1354 Spiritui
1409 1286 1593 1334 sancto
1635 1271 1837 1345 gloria,
1889 1266 1944 1320 in

377 1395 568 1453 saecula
622 1389 958 1448 saeculorum.
1012 1382 1202 1436 Amen.

821 1501 886 1556 IN
929 1491 1250 1554 PSALMUM
1301 1482 1516 1543 CXXX.

375 1626 424 1679 1.
459 1621 689 1683 Domine,
742 1631 842 1669 non
867 1620 939 1666 est
982 1606 1254 1663 exaltatum
1276 1615 1363 1654 cor
1401 1611 1584 1658 meum,
1633 1603 1788 1661 neque
1830 1581 1948 1640 elati

443 1675 556 1768 sunt
575 1675 707 1764 oculi
727 1706 842 1759 mei.
870 1701 1038 1764 Alius,
1071 1695 1245 1764 Neque
1264 1688 1471 1745 exaltati
1495 1692 1611 1738 sunt
1636 1682 1741 1750 (a).
1771 1675 1952 1745 Neque

447 1800 697 1860 ambulavi
725 1799 780 1850 in
805 1792 1022 1863 magnis,
1045 1801 1204 1856 neque
1229 1784 1282 1838 in
1329 1775 1637 1833 mirabilibus
1666 1785 1817 1838 super
1856 1781 1954 1820 me.

448 1899 616 1960 Alius,
661 1892 727 1947 In
757 1859 1203 1960 magnitudinibus.
1227 1876 1393 1940 Alius,
1423 1869 1492 1926 In
1543 1859 1956 1938 magniﬁcentiis,

447 2006 536 2044 nec
562 2002 642 2040 me
674 1974 1104 2052 exsuperantibus.

454 2121 792 2192 Quandonam
816 2109 1024 2185 gloriari
1046 2108 1210 2162 liceat.
1231 2095 1452 2167 —Quid
1481 2093 1584 2148 hoc
1608 2087 1727 2143 est?
1767 2081 1964 2138 Paulus

380 2216 512 2275 dicit
537 2212 753 2268 stultum
782 2219 902 2259 esse
925 2201 1158 2268 seipsum
1206 2190 1458 2251 laudare,
1509 2177 1716 2238 etiamsi
1760 2176 1829 2230 sit
1873 2186 1966 2226 ne-

383 2322 556 2372 cesse,
590 2313 642 2359 et
689 2300 808 2355 ideo
854 2264 1128 2364 subiunxit.
1172 2286 1357 2341 dicens
1391 2298 1404 2334 :
1436 2277 1537 2332 Fui
1581 2272 1823 2342 insipiens
1865 2264 1967 2338 glo-

597 2355 687 2448 uos
728 2405 806 2445 me
861 2355 1090 2456 coegistis
1133 2377 1219 2450 (2.
1268 2373 1387 2429 Cor.
1415 2367 1502 2424 l2.
1536 2363 1660 2435 11).
1692 2355 1968 2429 Quomodo

386 2495 488 2548 hoc
511 2503 639 2559 ergo
664 2480 925 2556 ignoravit
950 2474 1230 2549 propheta,
1259 2477 1313 2522 et
1358 2477 1500 2519 nunc
1543 2457 1831 2529 gloriatur,
1861 2463 1968 2504 non

387 2585 524 2654 apud
553 2583 706 2645 duos,
734 2585 823 2632 aut
854 2584 984 2637 tres,
1006 2577 1098 2625 aut
1121 2567 1326 2626 decem,
1355 2557 1450 2614 sed
1481 2551 1619 2624 apud
1668 2548 1968 2604 universum

387 2679 571 2731 orbem
609 2669 799 2727 terras?
832 2664 1097 2723 Gloriatur
1132 2666 1308 2711 autem
1354 2651 1538 2704 dicens
1567 2663 1579 2699 :
1605 2643 1732 2699 Sum
1760 2635 1972 2693 humilis

390 2784 440 2824 et
498 2765 824 2827 moderatus,
875 2765 930 2812 et
977 2749 1275 2810 mirandum
1307 2746 1358 2799 in
1405 2741 1618 2796 modum
1649 2731 1864 2789 humilis
1911 2741 1975 2781 ac

391 2859 634 2928 simplex.
667 2855 779 2909 Hoc
804 2851 944 2907 enim
967 2846 1065 2901 sibi
1098 2843 1208 2896 vult
1242 2837 1401 2894 aliud,
1431 2835 1484 2888 2.
1514 2829 1806 2884 Ablactatus
1827 2836 1976 2891 super

393 2965 602 3006 matrem
647 2963 810 3003 suam.
853 2943 1031 3010 Quare
1063 2949 1191 3005 ergo
1235 2931 1338 2986 hoc
1384 2924 1543 2982 facit?
1581 2917 1840 2987 Quoniam
1889 2925 1977 2967 res

393 3042 606 3114 quidem
629 3053 733 3093 non
759 3043 841 3090 est
863 3031 1080 3087 omnino
1106 3022 1366 3096 prohibita
1387 3061 1401 3084 ,
1429 3017 1535 3070 imo
1561 3026 1688 3066 vero
1714 3019 1978 3062 nonnum-

397 3093 603 3114 τκ---τη
1109 3093 1122 3096 ν

395 3150 552 3204 quam
585 3139 668 3187 est
695 3123 994 3184 necessaria
1014 3162 1030 3187 ,
1060 3129 1217 3187 atque
1242 3112 1376 3166 adeo
1421 3112 1818 3170 nonnumquam
1850 3093 1980 3148 inei-

401 3227 502 3289 dit,
530 3232 588 3277 ut
616 3235 720 3275 non
746 3219 790 3272 si
815 3215 1119 3286 gloriemur,
1151 3204 1246 3261 sed
1270 3203 1313 3257 si
1337 3214 1440 3254 non
1478 3195 1785 3267 gloriemur,
1811 3187 1980 3241 simus

397 3315 727 3384 insipientes.
773 3276 1033 3373 Quocirca
1074 3297 1267 3354 Paulus
1304 3303 1512 3362 quoque
1548 3285 1718 3340 dicit:
1748 3278 1848 3346 Qui
1868 3276 1980 3348 glo-

745 3365 964 3453 ι)ῖωὶηο
1018 3390 1262 3464 glorietur
1315 3383 1399 3454 (2.
1443 3379 1562 3434 Cor.
1604 3375 1690 3431 10.
1725 3373 1853 3442 17).
1883 3365 1984 3434 Qui

400 3501 542 3553 enim
573 3496 624 3548 in
655 3505 815 3547 cruce
843 3502 950 3543 non
975 3482 1250 3554 gloriatur,
1280 3483 1362 3530 est
1393 3469 1629 3526 omnium
1656 3458 1983 3531 insipientis-

402 3589 568 3644 simus
592 3599 606 3648 ;
629 3581 719 3652 qui
747 3594 853 3635 non
894 3577 946 3631 in
979 3573 1080 3627 fide
1108 3567 1383 3641 gloriatur,
1424 3569 1506 3616 est
1533 3555 1770 3613 omnium
1801 3552 1988 3606 miser-

403 3680 602 3739 rimus;
627 3643 714 3744 qni
771 3671 822 3726 in
853 3669 936 3723 his
964 3681 1069 3720 non
1115 3661 1370 3733 gloriatur
1406 3661 1464 3709 et
1499 3651 1630 3714 fidit,
1681 3649 1724 3701 is
1773 3643 1988 3698 omnino

406 3769 611 3840 peribit.
645 3738 717 3820 iit
754 3761 874 3817 ideo
901 3757 1150 3812 audacter
1177 3749 1387 3806 dicebat
1413 3744 1606 3801 Paulus
1629 3757 1644 3795 :
1671 3738 1799 3793 Mihi
1824 3744 1992 3789 autem

407 3861 536 3913 absit
558 3854 787 3931 gloriari,
815 3850 911 3905 nisi
939 3849 993 3902 in
1030 3860 1174 3900 cruce
1202 3838 1407 3895 Domini
1448 3833 1606 3889 nostri
1645 3830 1768 3885 Jesu
1804 3825 1992 3883 Christi

409 3917 645 4021 (ιιιιιῖδ.
671 3946 738 4002 ts
756 3917 801 4015 )7.
826 3941 894 3996 Et
919 3951 1102 3994 rursus
1135 3951 1148 3988 :
1181 3932 1264 3987 Ne
1286 3929 1527 4003 glorietur
1551 3924 1686 3978 dives
1727 3921 1779 3974 in
1809 3917 1993 3971 divitiis

411 4048 534 4103 suis,
567 4055 722 4112 neque
746 4037 947 4109 sapiens
977 4033 1032 4086 in
1060 4027 1307 4100 sapientia
1336 4039 1430 4077 sua
1458 4037 1475 4074 :
1503 4019 1590 4074 sed
1615 4018 1668 4070 in
1695 4016 1786 4068 hoc
1813 4012 1994 4084 glorie-

414 4147 515 4197 tur,
560 4103 693 4201 qubd
717 4103 962 4198 intelligat
988 4132 1035 4178 et
1059 4126 1325 4192 cognoscat
1354 4113 1626 4168 Dominum
1648 4106 1794 4179 (Jer.
1824 4104 1878 4159 9.
1903 4103 1993 4158 25.

415 4230 482 4284 2i
504 4230 545 4296 ).
573 4196 854 4292 Quomodo
881 4196 966 4274 est
1005 4229 1134 4284 ergo
1160 4211 1358 4265 malum
1388 4202 1641 4276 gloriari?
1669 4200 1725 4254 Si
1754 4198 1804 4252 id
1832 4196 1995 4250 facia-

419 4287 536 4374 mus
558 4287 619 4372 ut
635 4317 932 4372 Pharisaeus
961 4308 1125 4382 (Luc.
1151 4303 1276 4376 18).
1311 4300 1378 4356 Et
1401 4312 1585 4370 quare,
1612 4293 1836 4364 inquies,
1871 4287 2001 4343 dicit

420 4413 634 4473 Paulus,
688 4406 791 4460 Fui
838 4379 1082 4472 insipiens
1130 4395 1390 4468 glorians;
1419 4405 1506 4444 vos
1532 4403 1611 4441 me
1652 4381 1877 4454 coegistis
1907 4379 1995 4450 (2.

421 4502 647 4557 Cor.t2.
680 4497 809 4570 il)?
853 4494 1111 4562 Quoniam
1147 4486 1398 4543 narrabat
1444 4479 1698 4552 praeclara
1739 4475 1864 4529 vitae
1890 4488 2000 4526 suae.

422 4596 658 4652 instituta
688 4602 742 4647 et
765 4589 1017 4647 facinora,
1041 4598 1160 4653 quae
1195 4595 1300 4634 non
1329 4573 1610 4647 oportebat
1637 4581 1870 4623 narrare.
1903 4563 2002 4617 nisi

425 4699 646 4742 necesse
679 4687 843 4738 esset.
875 4677 1012 4733 Alibi
1056 4682 1229 4728 autem
1254 4669 1382 4723 dicit
1414 4684 1426 4718 :
1460 4663 1519 4719 Si
1545 4661 1746 4715 voluero
1773 4655 2003 4728 gloriari,

426 4795 527 4832 non
566 4791 652 4830 ero
699 4771 974 4840 insipiens;
1019 4765 1272 4819 veritatem
1297 4759 1428 4812 enim
1453 4755 1620 4809 dicant
1650 4748 1742 4822 (2.
1765 4747 1883 4802 Cor.
1915 4743 2004 4798 i2.

429 4873 519 4942 6).
549 4869 649 4938 Qui
694 4837 971 4920 veritatem
1001 4873 1129 4928 ergo
1155 4854 1302 4916 dicit,
1348 4865 1468 4906 cum
1511 4856 1719 4915 tempus
1742 4837 2007 4911 postulat,

429 4925 534 5019 nbn
565 4968 650 5016 est
673 4956 946 5026 insipiens.
975 4925 1090 5005 Non
1117 4954 1199 5001 est
1221 4958 1347 5013 ergo
1367 4939 1620 5009 insipiens
1640 4931 1897 5004 propheta
1922 4925 2012 4997 qui

430 5056 686 5127 gloriatur
719 5067 733 5104 :
761 5062 885 5103 vera
910 5044 1051 5100 enim
1095 5041 1246 5096 dixit.
1276 5035 1380 5092 Sed
1419 5043 1662 5103 quaenam
1691 5038 1851 5081 causa
1889 5034 2012 5077 eum

429 5146 661 5210 induxit,
711 5150 770 5197 ut
818 5141 934 5196 htec
980 5131 1219 5191 diceret?
1248 5129 1319 5186 Ut
1368 5126 1582 5181 doceret
1625 5117 1896 5174 auditores
1946 5125 2016 5166 ne

435 5247 710 5308 postquam
738 5230 945 5289 liberati
974 5234 1099 5284 sunt
1125 5239 1156 5278 a
1183 5219 1336 5277 malis
1354 5259 1369 5284 ,
1396 5218 1730 5270 revertantur
1751 5207 1816 5262 ad
1837 5204 2018 5276 pristi-

439 5346 559 5384 nam
588 5325 876 5381 amentiam
908 5329 964 5377 et
1005 5313 1363 5375 insolentiam,
1394 5321 1493 5361 nec
1523 5319 1553 5357 a
1581 5300 1792 5356 vinculo
1812 5293 2018 5352 liberati

438 5424 699 5483 resilient,
745 5427 798 5472 et
835 5418 887 5471 in
918 5415 1072 5467 aliam
1111 5401 1430 5476 captivitatis
1477 5395 1846 5453 necessitatem
1885 5387 2020 5442 inci-

437 5517 589 5573 dant.
611 5514 945 5581 Quapropter
961 5505 1087 5559 dum
1114 5513 1209 5555 sua
1229 5500 1426 5558 narrat,
1449 5487 1743 5545 auditorem
1769 5478 2020 5549 corrigit:

428 5645 435 5670 '
502 5677 577 5748 te.)
610 5671 723 5748 09.3.8,
744 5668 809 5748 et
825 5642 1772 5748 eiusars.1a°:::‘:‘:;.¥:§:.;:!t:a

825 5699 1375 5802 ἔξοιῆἶὲἷρξέιξιῖῧέεδι
1399 5713 1540 5802 ᾕιιξω
1559 5699 1768 5768 Aquilam
1797 5709 1847 5750 et
1871 5707 1891 5745 't
1905 5699 2023 5749 beo-

732 5772 1240 5856 scquensivero‘juxta
1263 5772 1606 5840 Symmachum.

1443 329 1801 389 EXPOSI'HO
1838 325 1902 382 ΙΝ
1944 321 2265 381 PSALMUM
2304 318 2518 376 CXXX.

3519 303 3618 358 578

2041 453 2148 492 non
2168 435 2295 492 dicit
2319 443 2516 500 autem,
2547 429 2818 487 Exaltatus
2839 426 3053 499 quidem
3091 436 3226 486 sum,
3269 418 3622 492 perturbatio.

2041 545 2162 585 nem
2190 536 2366 583 autem
2394 524 2554 579 animi
2577 521 2848 579 continui:
2878 519 2970 574 sed
2998 515 3160 587 quid?
3187 510 3309 567 Non
3335 521 3406 565 est
3426 509 3623 564 exalta-

2043 630 2148 674 tum
2178 637 2264 674 cor
2285 631 2486 681 meum;
2525 616 2625 670 hoc
2654 621 2756 676 est,
2788 611 2904 667 Non
2948 609 3118 677 tetigit
3159 605 3395 660 animum
3445 615 3625 657 meum

2046 714 2297 786 nequitia.
2331 711 2479 767 Mens
2505 708 2645 764 enim
2695 706 2809 776 ejus
2853 713 2967 758 erat
2994 699 3156 754 veluti
3186 696 3398 768 quidam
3444 701 3631 762 portus

2049 809 2207 862 nullis
2249 804 2500 861 ﬂuctibus
2527 800 2772 871 agitatus,
2831 796 2948 865 ejus
2989 790 3158 847 morbi
3205 787 3376 843 undas
3411 780 3630 839 minime

2049 898 2362 967 suscipiens,
2387 892 2478 965 qui
2522 901 2604 946 est
2647 903 2803 945 causa
2831 885 3068 940 omnium
3097 880 3378 940 malorum,
3401 883 3457 929 et
3479 871 3629 926 radix

2049 1003 2304 1046 extremm
2352 985 2668 1056 iniquitatis.
2702 979 2839 1048 Quid
2879 985 2960 1032 est
3007 972 3147 1045 quod
3193 971 3339 1032 dicit,
3391 965 3628 1026 Domine,

2052 1099 2153 1137 non
2194 1089 2264 1136 est
2306 1079 2578 1134 exaltatum
2633 1090 2719 1127 cor
2755 1085 2942 1136 meum,
2993 1081 3149 1136 neque
3195 1062 3314 1116 elati
3345 1068 3459 1114 sunt
3499 1055 3634 1109 oculi

2054 1175 2190 1228 mei?
2228 1173 2344 1228 Non
2397 1166 2660 1232 contraxi,
2693 1162 2883 1234 inquit,
2939 1155 3217 1228 supercilia
3239 1195 3253 1219 ,
3286 1165 3456 1220 neque
3483 1145 3634 1202 erexi

2053 1267 2338 1322 cervicem.
2367 1262 2412 1317 A
2443 1259 2587 1315 fonte
2610 1257 2753 1312 enim
2779 1254 2990 1308 interno
3032 1241 3446 1318 perturbationis
3471 1237 3633 1294 animi

2056 1359 2274 1416 morbus
2317 1355 2609 1412 scaturiens
2660 1350 2870 1404 interno
2913 1342 3105 1399 tumori
3147 1337 3420 1395 eonforme
3445 1342 3640 1401 corpus

2058 1452 2282 1522 effingit.
2315 1447 2492 1518 Neque
2517 1442 2769 1498 ambulavi
2797 1442 2848 1494 in
2878 1435 3090 1508 magnis,
3118 1445 3276 1498 neque
3303 1429 3356 1481 in
3391 1421 3638 1479 mirabili-

2061 1547 2149 1600 bus
2189 1515 2339 1612 ἕτερον
2380 1515 2476 1594 me.
2528 1535 2663 1605 Quid
2701 1543 2802 1598 est,
2836 1531 2901 1584 In
2933 1525 3168 1599 magnis?
3212 1523 3266 1576 ln
3298 1515 3600 1573 hominibus
3623 1555 3636 1576 ,

2061 1640 2258 1708 inquit,
2309 1633 2558 1695 tumidis,
2605 1628 2882 1688 divitibus,
2925 1617 3324 1691 arrogantibus,
3377 1609 3642 1679 superbis.

2064 1733 2249 1788 Vidisti
2281 1736 2476 1800 quanta
2500 1727 2570 1780 sit
2594 1719 2901 1778 humilitas?
2944 1716 3059 1772 Non
3100 1711 3272 1768 solum
3313 1717 3428 1762 erat
3469 1705 3585 1772 ipse
3614 1715 3642 1754 a

2066 1823 2251 1880 morbo
2281 1822 2508 1884 alienus,
2527 1816 2621 1872 sed
2649 1827 2744 1870 cos
2764 1812 2945 1875 etiam,
2968 1805 3058 1877 qui
3084 1812 3237 1862 erant
3259 1797 3465 1862 tumidi,
3487 1795 3648 1866 fugie-

2066 1920 2175 1984 bat,
2208 1925 2262 1971 et
2294 1930 2323 1968 a
2351 1911 2544 1967 talibus
2568 1904 2840 1964 resiliebat
2869 1899 3095 1957 coetibus
3119 1904 3338 1967 propter
3371 1902 3644 1957 magnum,

2067 2013 2209 2085 quod
2264 2011 2319 2064 in
2363 2003 2720 2074 arrogantiam
2768 1998 3107 2064 conceperat,
3151 1987 3352 2043 odium.
3381 1980 3642 2051 Quoniam

2069 2103 2211 2161 enim
2242 2099 2448 2156 infenso
2483 2103 2597 2150 erat
2640 2093 2692 2146 in
2723 2089 2825 2144 hoc
2866 2085 3048 2140 vitium
3101 2079 3302 2144 animo,
3343 2090 3447 2129 non
3478 2071 3649 2125 solum

2069 2197 2137 2252 ab
2189 2209 2254 2251 eo
2291 2189 2578 2252 resiliebat,
2616 2199 2718 2241 nec
2763 2177 3121 2253 permittebat,
3173 2180 3232 2226 ut
3271 2171 3324 2226 in
3371 2164 3651 2221 castellum

2071 2290 2263 2345 animae
2284 2293 2428 2341 esset
2453 2281 2502 2337 ei
2531 2279 2670 2334 ullus
2691 2275 2884 2337 aditus,
2915 2269 3009 2326 sed
3044 2281 3138 2322 eos
3176 2264 3358 2328 etiam,
3387 2258 3476 2331 qui
3521 2254 3649 2312 illud

2072 2383 2434 2444 sectabantur,
2461 2371 2772 2446 longissimo
2799 2363 3078 2422 intervallo
3109 2357 3358 2430 fugiebat,
3397 2362 3454 2407 ut
3479 2350 3548 2405 ab
3573 2347 3652 2403 eis

2074 2475 2206 2534 nihil
2233 2469 2536 2529 detrimenti
2567 2472 2802 2534 caperet.

2145 2571 2450 2638 Arrogantes
2477 2571 2522 2616 et
2547 2556 2746 2630 superbi
2774 2562 3078 2625 quantopere
3109 2541 3355 2616 fugiendi.
3385 2568 3450 2578 —
3476 2534 3658 2603 Neque

2075 2679 2204 2722 vero
2234 2663 2372 2717 inter
2399 2669 2558 2728 parva
2586 2660 2730 2706 recte
2755 2648 2888 2702 facta
2915 2639 3213 2696 ducendum
3247 2641 3330 2688 est
3368 2629 3549 2699 fugere
3573 2640 3652 2678 ar-

2077 2765 2328 2830 rogantes
2351 2795 2365 2816 ,
2394 2750 2517 2804 odio
2545 2746 2744 2801 habere
2773 2737 3001 2794 tumidos
3027 2740 3081 2786 et
3106 2726 3424 2786 insolentes,
3463 2729 3661 2785 eosque

2079 2851 2367 2908 abhorrere
2394 2851 2447 2898 et
2473 2836 2704 2894 aversari
2733 2851 2748 2887 :
2779 2831 2872 2885 sed
2900 2835 2982 2882 est
3017 2821 3242 2877 maxima
3271 2812 3478 2868 virtutis
3505 2820 3660 2862 secu-

2081 2946 2236 3005 ritas,
2272 2931 2588 2992 humilitatis
2615 2925 2848 2981 maxima
2874 2913 3133 2973 custodia.
3170 2907 3348 2978 Neque
3375 2905 3426 2956 in
3455 2897 3660 2952 mirabi-

2083 2989 2385 3098 libus'super
2407 3043 2500 3081 me.
2531 3023 2696 3081 Alius,
2730 3014 2905 3084 Neque
2933 3012 2985 3063 in
3009 3023 3088 3060 me
3110 2996 3524 3068 exsuperantibns
3560 2989 3655 3059 (a).

2081 3130 2136 3185 2.
2188 3128 2248 3183 Si
2288 3141 2387 3178 non
2426 3116 2681 3174 humiliter
2711 3108 3018 3168 sentiebam,
3067 3098 3154 3152 sed
3185 3091 3399 3150 eaaltaui
3444 3087 3664 3140 animam

2087 3239 2273 3280 meam.
2314 3219 2368 3273 '5.
2395 3215 2540 3271 Sicut
2560 3209 2840 3262 ablactatus
2865 3208 2935 3252 est
2957 3209 3106 3264 super
3133 3198 3341 3242 matrem
3378 3195 3520 3234 snam
3542 3220 3557 3243 ,
3597 3177 3669 3228 ita

2087 3316 2326 3372 retribues
2345 3310 2396 3362 in
2422 3307 2644 3360 animam
2666 3311 2845 3350 meam.
2872 3289 3041 3350 Alius,
3066 3282 3150 3337 Ita
3168 3276 3472 3335 retribuatur
3487 3269 3670 3322 anima:

2089 3423 2232 3463 mete.
2265 3404 2467 3459 Dictum
2493 3402 2578 3451 est
2600 3406 2696 3464 per
2719 3382 3071 3458 hyperbaton,
3103 3384 3332 3439 nempe:
3361 3365 3418 3420 Si
3441 3377 3544 3416 non
3572 3359 3672 3413 hu-

2091 3501 2286 3558 militer
2327 3461 2618 3549 sentiebam
2643 3525 2659 3547 ,
2703 3481 2836 3536 sicut
2879 3473 3196 3528 ahlaetatnm
3245 3474 3406 3529 super
3449 3461 3672 3508 matrem

2093 3607 2240 3650 suam
2261 3630 2276 3654 ,
2303 3582 2397 3642 sed
2422 3576 2644 3637 exaltari
2667 3587 2760 3627 cor
2785 3580 2961 3624 meum
2987 3603 3000 3628 ,
3030 3561 3100 3615 ita
3131 3553 3457 3612 retribuatur
3483 3543 3674 3598 animae

3157 3648 3190 3654 --
3263 3644 3305 3654 -ο
3464 3639 3478 3654 -
3536 3651 3566 3654 κ-
3602 3633 3672 3654 .__r

2094 3633 2429 3746 meze.’Quod
2460 3679 2634 3728 autem
2656 3663 2805 3728 dicit,
2827 3666 2912 3715 est
2931 3648 3192 3725 ejusmodi
3222 3663 3236 3700 :
3263 3644 3376 3700 Non
3401 3639 3572 3695 solum
3602 3633 3674 3687 fni

2098 3777 2230 3833 liber
2248 3788 2278 3827 a
2307 3768 2433 3823 vitio
2458 3806 2472 3830 ,
2503 3754 2822 3829 arrogantia,
2853 3750 3067 3818 inquam
3086 3785 3101 3808 ,
3148 3753 3250 3794 nec
3275 3735 3445 3789 Solum
3477 3728 3543 3782 ab
3571 3727 3634 3780 iis
3659 3765 3675 3786 ,

2097 3869 2185 3938 qui
2213 3865 2302 3920 illa
2332 3855 2540 3931 praediti
2583 3858 2740 3912 sunt,
2790 3843 2994 3898 alienus
3027 3854 3039 3889 :
3069 3826 3419 3888 verumctiam
3459 3827 3676 3875 contra-

2880 3936 2892 3938 “
3213 3924 3224 3934 ·
3284 3935 3306 3938 γ-
3329 3929 3470 3938 -μ-.-
3500 3908 3663 3938 Lunai,

2098 3908 2185 3938 η...
2215 3908 2302 3920 .....
2334 3908 2538 3931 ,μηνί
2729 3908 2737 3912 _

2098 3964 2230 4018 riam
2259 3957 2306 4014 ei
2334 3955 2581 4009 virtutem
2611 3936 2988 4012 supramodum
3019 3924 3250 3994 suscepi,
3282 3929 3473 3983 nempe
3500 3908 3676 3966 humi-

2100 4055 2300 4109 litatem
2327 4091 2342 4115 ,
2384 4003 2800 4099 moderationem
2829 4070 2842 4094 ,
2891 4019 3288 4078 contritionem.
3339 4004 3471 4063 lllud
3506 4003 3678 4071 ipsum

2990 4114 2996 4115 ί
3079 4109 3108 4115 ··
3231 4103 3244 4115 ·
3335 4099 3498 4115 ··ς---
3525 4109 3538 4115 -
3573 4089 3678 4115 nm:

2373 4089 2850 4207 qubqueprtecipit
2871 4109 3141 4198 discipulis
3165 4103 3296 4166 suis,
3318 4099 3501 4153 dicens
3525 4109 3539 4146 :
3565 4089 3687 4144 Nisi

2104 4184 2346 4201 υ.....,...υ
2376 4184 2536 4207 ,,----,,
2567 4184 2577 4186 ἡ
2613 4184 2624 4197 ,
2775 4184 2788 4191 _

2104 4231 2330 4290 conuersi
2358 4225 2582 4300 fueritis,
2611 4227 2658 4275 et
2689 4195 2969 4286 eﬂiciamini
2990 4205 3115 4258 sicut
3141 4191 3355 4267 parvuli,
3389 4204 3490 4243 non
3511 4184 3683 4253 ingre—

2896 4299 2899 4300 ν
2993 4296 3003 4300 ·
3069 4291 3126 4300 -Α
3178 4285 3242 4300 -ι
3297 4282 3440 4300 κεν-ρ-
3490 4273 3658 4300 :..-..:.

2814 4303 2830 4372 (
2852 4296 3036 4355 Matth.
3061 4291 3150 4348 18.
3178 4291 3212 4344 5
3228 4285 3272 4358 ).
3297 4282 3464 4346 Talis,
3490 4273 3680 4390 ipquitl,

2108 4419 2207 4474 fuit
2246 4427 2362 4468 mea
2384 4363 2670 4462 Uhnmilitas
2697 4438 2712 4464 ,
2761 4363 2934 4464 qualis
2976 4382 3189 4440 infantis
3214 4420 3229 4446 ,
3278 4375 3368 4446 qui
3397 4368 3594 4442 pendet
3618 4363 3686 4419 ab

2108 4511 2272 4566 ubere
2300 4501 2504 4559 matris.
2535 4483 2991 4562 Quemadmodum
3020 4477 3162 4534 enim
3192 4472 3279 4526 ille
3307 4465 3545 4522 adhmret
3571 4473 3687 4513 ma-

2111 4602 2214 4666 tri,
2242 4592 2456 4652 humilis
2477 4596 2579 4650 est,
2606 4591 2660 4640 et
2685 4576 2831 4636 omni
2861 4566 3161 4640 arrogantia
3204 4572 3402 4616 vacuus
3427 4596 3442 4620 ,
3488 4551 3617 4607 vivit
3637 4548 3690 4602 in

2112 4646 2412 4753 inn’ocentia
2443 4693 2646 4738 summa
2673 4681 2728 4729 et
2757 4665 3134 4736 simplicitate:
3163 4658 3232 4710 ita
3258 4666 3356 4721 ego
3379 4646 3535 4702 etiam
3569 4655 3692 4710 erga

2116 4729 2412 4753 ΙΙΙΙΙυυυιιιι-ι-
2443 4729 2631 4738 ..-η-μη
2865 4729 2876 4736 '

2116 4788 2282 4843 Deum
2317 4793 2403 4832 me
2431 4769 2678 4844 gerebam
2699 4806 2714 4832 ,
2747 4762 2796 4816 ei
2825 4764 3080 4829 perpetuo
3106 4747 3408 4802 adhaerens.
3434 4729 3698 4792 Ahlactati

2117 4887 2292 4934 autem
2319 4885 2424 4926 non
2445 4866 2543 4921 abs
2564 4876 2622 4916 re
2649 4853 2930 4914 meminit;
2962 4843 3057 4900 sed
3097 4839 3280 4895 volens
3311 4827 3591 4887 ostendere
3615 4828 3700 4877 at-

2118 4970 2430 5028 ﬂictionem,
2458 4952 2774 5026 angustiam,
2801 4944 3068 5002 dolorem,
3096 4934 3356 4988 malorum
3381 4917 3702 4992 magnitudi—

2121 5077 2264 5120 nem.
2316 5043 2770 5123 Quemadmodum
2801 5050 2930 5105 ergo
2967 5025 3255 5101 parvulus,
3303 5018 3391 5088 qui
3420 5026 3590 5083 nuper
3636 5009 3705 5063 ab

3352 5121 3359 5123 .
3509 5103 3668 5123 ,__...

2125 5159 2284 5210 ubere
2309 5147 2524 5204 avulsus
2559 5145 2674 5200 est,
2717 5148 2786 5188 ne
2819 5131 2896 5185 sic
2923 5123 3139 5196 quidem
3182 5132 3211 5170 a
3257 5121 3430 5170 matre
3467 5103 3702 5166 recedit,

2125 5195 2672 5308 sednt'iensrgemens,
2695 5229 2883 5297 lugens
2905 5264 2918 5287 ,
2946 5195 3090 5289 iegre
3116 5212 3293 5268 ferens
3327 5207 3345 5276 (
3362 5204 3426 5276 b)
3461 5210 3516 5258 et
3543 5214 3601 5254 se
3626 5195 3710 5250 af-

2128 5341 2355 5397 ﬂictans,
2384 5326 2540 5386 matri
2562 5335 2774 5391 semper
2793 5315 3050 5374 adhaeret,
3081 5320 3180 5361 nec
3200 5302 3266 5357 ab
3287 5315 3348 5353 ea
3373 5292 3574 5350 recedit
3598 5306 3611 5342 :
3640 5289 3713 5341 ita

2129 5447 2228 5503 ego
2249 5438 2479 5498 quoque,
2508 5417 2694 5486 inquit,
2718 5425 2837 5466 cum
2857 5419 3029 5462 essem
3052 5401 3102 5454 in
3122 5393 3429 5454 afflictione,
3454 5381 3712 5455 angustiis

2193 5565 2266 5629 (α)
2299 5569 2408 5611 Haec
2428 5546 2768 5614 interpretatio
2793 5549 2872 5593 est
2898 5539 3036 5612 juxta
3069 5527 3398 5605 Symmachum
3423 5529 3476 5570 et
3495 5514 3717 5589 Theodo-

2377 5618 2408 5629 "
2563 5628 2570 5629 ί
2603 5619 2798 5629 --λ-ι--η
2817 5601 3122 5629 dno-ammini-
3139 5605 3186 5629 ιη
3211 5589 3430 5629 mitione
3443 5577 3623 5629 Savllti.

2193 5577 2266 5629 (α)
2300 5577 2408 5611 “(BC
2428 5577 2768 5614 Interpretatur
2793 5577 2872 5593 νο..
2898 5577 3036 5612 τινι-...-
3070 5577 3222 5605 -δτνκ
3279 5590 3289 5600 I
3317 5588 3328 5598 .
3573 5581 3582 5589 ⁸

2132 5632 2332 5680 tionem.
2360 5618 2441 5670 Illa
2463 5628 2581 5665 vero
2603 5619 2808 5680 prorsus
2815 5601 3122 5680 deStdergtur
3139 5605 3189 5642 tn

3215 5657 3234 5668 οι

2266 5643 2332 5673 Ill.
2361 5643 2441 5670 ΙΙΙᾉ
2468 5643 2581 5665 νῠιυ
2638 5643 2801 5659 ιυισιιυ
2817 5643 3002 5653 υνν-ν-ν-
3016 5643 3083 5647 ν.--

2199 5643 2268 5754 (ὥ
2306 5690 2393 5754 Hae
2428 5643 2756 5753 vocesftegre
2787 5657 3362 5754 ferfnskqu‘xf‘patirov),
3399 5649 3609 5700 deerant
3659 5643 3708 5691 in

2432 5750 2441 5754 “
2572 5743 2583 5754 ⁸
2686 5753 2732 5754 κη
2753 5747 2854 5754 Α--λ
2884 5743 2949 5754 -.η
2993 5741 3047 5754 nu
3109 5737 3130 5754 ἰ
3171 5734 3230 5754 an
3260 5730 3334 5754 lll'-

2137 5723 2321 5811 λιδῖἑιῖ
2334 5723 2446 5800 Sed
2458 5723 3050 5802 inv-alii;‘ex’et'nplanibus
3072 5723 3335 5774 habentur.
