4112 6342
478 294 587 352 879

480 422 534 467 et
560 411 741 466 multis
759 409 1169 478 calamitatibus,
1198 412 1310 468 Deo
1333 427 1548 483 semper
1565 413 1784 471 adhaesi.
1812 417 1867 473 Si
1892 428 2069 475 autem

482 503 552 556 ita
579 517 685 558 non
711 502 808 568 rei,
837 503 1182 572 retribuatur,
1215 504 1408 576 inquit,
1437 520 1599 578 super
1613 509 1845 564 animam
1874 525 2069 575 meam,

487 596 589 648 hoc
613 601 716 660 est,
749 591 869 647 dem
898 592 1140 650 ultimum
1168 596 1507 666 supplicium.
1533 599 1587 652 4.
1621 598 1800 668 Sperat
1827 598 1991 654 Israel
2017 605 2070 654 in

484 682 699 738 Domine
721 724 740 753 ,
771 701 834 738 ea:
860 685 955 740 hoc
979 702 1112 740 nunc
1150 695 1196 740 et
1232 704 1388 757 usque
1413 688 1469 743 in
1494 690 1757 744 saxulum.
1790 691 1949 748 Vides
1969 735 1984 757 ,
2015 703 2074 748 ut

476 775 588 831 dixi
613 779 666 830 in
697 779 958 849 principio
979 819 996 846 ,
1041 779 1096 834 in
1123 780 1188 835 iis
1212 781 1425 851 quidem
1451 799 1570 854 qum
1598 787 1664 839 ad
1693 785 1849 841 fidem
1877 795 1932 841 et
1969 787 2070 842 do-

477 877 654 940 gmata
681 870 989 940 pertinent,
1019 872 1121 927 etsi
1163 874 1308 928 nulla
1334 890 1494 929 causa
1523 877 1610 943 sit,
1656 887 1903 946 oportere
1931 881 2068 934 assi-

475 957 582 1016 due
601 960 838 1031 gloriari,
861 971 915 1016 et
939 976 1066 1018 eum
1089 964 1178 1034 qui
1208 980 1314 1020 non
1339 966 1596 1035 gloriatur
1617 967 1824 1037 perire:
1846 970 1898 1024 in
1923 979 2068 1026 recte

476 1058 654 1105 autem
690 1050 866 1119 factis,
894 1068 1016 1108 cum
1048 1062 1258 1128 tempus
1282 1057 1544 1127 postulat,
1575 1075 1678 1112 non
1712 1060 2064 1116 recusandum

477 1157 600 1198 esse
624 1145 861 1214 gloriari.
891 1145 1169 1213 Quodnam
1213 1157 1296 1203 est
1330 1157 1504 1203 autem
1537 1151 1780 1219 tempus?
1821 1152 1981 1208 Multa
2011 1165 2065 1208 et

479 1233 655 1298 varia,
683 1250 908 1304 quorum
936 1251 1099 1291 unum
1133 1247 1257 1304 est,
1300 1237 1524 1294 docendi
1551 1241 1870 1296 auditorem.
1911 1245 2060 1311 Quod

474 1323 562 1379 hic
589 1339 801 1396 quoque
827 1327 1026 1395 sciens,
1075 1338 1130 1385 et
1153 1331 1442 1388 ostendens
1486 1348 1546 1388 se
1595 1347 1689 1388 sua
1735 1345 1882 1391 recte
1923 1337 2059 1394 facta

474 1417 594 1472 ideo
611 1418 812 1484 dicere,
837 1430 895 1475 ut
916 1421 1212 1477 auditorem
1234 1422 1301 1477 ad
1322 1425 1404 1478 sui
1427 1424 1776 1481 imitationem
1805 1428 2056 1495 attrahat,

471 1510 746 1580 subjunxit
784 1512 1011 1568 dicens:
1045 1513 1227 1586 Sperat
1266 1514 1435 1571 Israel
1473 1518 1526 1572 in
1561 1518 1780 1574 Domino
1803 1561 1819 1579 .
1866 1538 1928 1576 ex
1966 1523 2061 1576 hoc

470 1616 606 1655 nunc
640 1611 686 1654 et
714 1618 868 1671 usque
894 1604 947 1657 in
973 1607 1238 1660 steculum.
1264 1605 1386 1662 Sive
1409 1648 1424 1673 ,
1472 1607 1660 1678 inquit,
1688 1611 2020 1667 calamitates
2039 1655 2054 1679 ,

469 1691 581 1744 sive
601 1692 962 1761 aegritudines,
985 1695 1096 1751 sive
1119 1697 1276 1764 bella,
1305 1707 1359 1752 et
1383 1700 1738 1768 captivitates,
1757 1703 1869 1758 sive
1888 1705 2059 1772 quod-

470 1800 697 1854 cumque
723 1787 863 1842 aliud
893 1804 1058 1858 grave
1085 1791 1486 1862 etinopinatum
1517 1795 1714 1849 malum
1744 1805 1795 1850 te
1821 1799 2054 1854 circum-

469 1875 700 1941 sederit,
729 1892 876 1948 apem
908 1880 961 1934 in
992 1880 1157 1935 Deum
1203 1890 1258 1936 et
1289 1885 1738 1953 exspectationem
1766 1888 1908 1942 illam
1934 1896 2056 1944 tene

469 1965 694 2023 firmiter
718 2011 733 2034 ,
765 1977 820 2024 et
855 1970 1072 2025 omnino
1107 1972 1278 2027 bonus
1304 1975 1407 2029 erit
1450 1974 1542 2028 tibi
1580 1977 1698 2030 linis
1745 1987 1800 2032 et
1845 1981 2051 2049 exitus,

467 2055 579 2113 Deo
619 2059 822 2118 scilicet
864 2060 1002 2116 hanc
1035 2072 1175 2118 tuam
1204 2064 1399 2120 bonam
1443 2080 1592 2134 spem
1623 2081 1996 2126 retnunerante
2022 2088 2052 2126 a

465 2150 616 2204 malis
644 2150 736 2206 tibi
778 2151 900 2206 data
947 2151 1262 2209 liberatione
1285 2197 1301 2222 ,
1346 2157 1398 2210 in
1442 2158 1652 2212 Christo
1681 2159 1807 2214 Jesu
1828 2161 2052 2217 Domino

464 2249 646 2296 nostro
677 2259 690 2296 :
722 2243 805 2297 cui
825 2243 994 2312 gloria
1025 2251 1081 2300 et
1108 2247 1386 2316 imperium
1413 2248 1463 2301 iu
1491 2251 1684 2306 saecula
1711 2253 2047 2308 smeulorum.

465 2333 655 2386 Amen.

885 2425 948 2479 ΙΝ
987 2425 1310 2482 PSALHUM
1351 2428 1592 2484 CXXXI.

464 2515 488 2568 Ι
549 2513 798 2568 Memento
822 2556 838 2582 ,
869 2515 1088 2571 Domine
1111 2559 1126 2583 ,
1157 2519 1320 2572 David
1342 2562 1358 2588 ,
1391 2529 1436 2574 et
1463 2523 1625 2577 omnis
1653 2528 2050 2584 mansuetudinis

1173 2613 1303 2683 ejus.

535 2720 588 2774 l.
619 2719 782 2776 Hosis
805 2723 1240 2778 mansuetudo.-—
1257 2725 1397 2780 Alibi
1420 2727 1632 2796 quidem
1663 2741 1851 2801 rogant
1872 2735 2044 2791 solum

460 2812 660 2867 servari
689 2828 754 2868 ex
782 2815 1038 2869 memoria
1067 2817 1328 2884 majorum
1359 2836 1373 2872 :
1407 2817 1492 2873 ltic
1519 2827 1695 2876 autem
1722 2822 1858 2878 bona
1884 2837 2044 2894 opera

460 2912 676 2958 narrant
699 2944 714 2968 ,
747 2913 803 2960 et
843 2906 983 2976 quod
1011 2915 1094 2963 est
1123 2909 1357 2964 omnium
1386 2910 1646 2966 bonorum
1673 2929 1831 2971 causa
1857 2958 1872 2982 ,
1926 2933 2044 2973 mo-

458 2995 823 3063 derationem,
866 2997 1216 3054 humilitatem
1242 3040 1256 3064 ,
1304 3003 1785 3059 mansuetudinem.
1828 3007 1952 3062 Ideo
1991 3010 2044 3063 in

459 3088 686 3142 maxima
715 3105 925 3158 quoque
950 3090 1302 3147 admiratione
1331 3094 1624 3150 habebatur
1650 3097 1840 3152 Moses.
1872 3098 2000 3153 Erat
2026 3143 2041 3166 ,

459 3179 628 3250 inquit
651 3221 667 3247 ,
713 3182 1004 3237 mitissimus
1030 3186 1255 3238 omnium
1283 3186 1544 3242 hominum
1563 3229 1577 3253 ,
1620 3191 1704 3259 qui
1727 3201 1868 3244 erant
1895 3210 2044 3264 super

457 3280 643 3326 terram
668 3270 874 3345 (Nunt.
901 3275 988 3328 12.
1019 3273 1107 3348 5).
1135 3275 1240 3330 Sed
1260 3278 1500 3332 nonnulli
1525 3278 1758 3336 haeretici
1784 3282 1899 3352 ejus
1921 3283 2044 3339 vita:

458 3363 776 3427 institutum,
804 3375 858 3420 et
886 3365 936 3419 id
957 3367 1098 3436 quod
1125 3368 1322 3423 dictum
1351 3378 1434 3425 est
1461 3371 1912 3441 reprehendentes
1939 3375 2038 3448 (a),

457 3454 662 3519 dicunt,
712 3455 849 3522 Quid
878 3455 1049 3511 dicis?
1097 3468 1212 3512 crat
1245 3459 1330 3514 ille
1369 3461 1714 3531 mitissimus,
1739 3465 1826 3534 qui
1849 3467 2042 3522 invasit

452 3545 764 3619 Egyptium
788 3589 804 3615 ,
853 3557 909 3603 et
931 3564 1054 3610 eum
1098 3549 1402 3608 interfecit?
1432 3553 1521 3624 qui
1547 3553 1760 3611 Judaeos
1799 3558 2041 3627 implevit

453 3640 711 3711 sanguine
739 3649 795 3696 et
818 3640 972 3696 bellis
997 3642 1305 3699 intestinis?
1333 3644 1423 3715 qui
1442 3645 1602 3714 jussit
1631 3655 1689 3702 ut
1716 3651 2038 3721 consangui-

453 3732 539 3788 nei
563 3741 819 3802 cognatos
842 3733 1192 3789 occiderent?
1216 3736 1302 3806 qui
1333 3736 1578 3804 precibus
1603 3746 1661 3791 ut
1691 3748 1828 3794 terra
1857 3739 2039 3797 dehis-

453 3832 603 3878 ceret
627 3823 819 3890 effecit,
849 3833 904 3878 et
927 3839 958 3879 e
985 3825 1230 3894 supernis
1272 3825 1471 3880 fulmen
1506 3825 1757 3883 deorsum
1782 3830 2035 3900 vibravit,

451 3924 506 3970 et
531 3914 655 3970 illos
681 3914 896 3984 quidem
919 3915 1243 3982 submersit,
1289 3916 1388 3972 hos
1428 3934 1556 3974 vero
1603 3922 1844 3976 exussit?
1871 3923 1916 3978 si
1951 3923 2036 3980 hic

450 4007 616 4074 mitis,
640 4007 759 4077 quis
786 4021 959 4063 saevus
987 4016 1041 4063 et
1068 4008 1384 4064 iracundus?
1405 4010 1618 4077 Desine,
1652 4029 1825 4083 neque
1847 4029 2038 4084 super-

451 4113 686 4154 vacanea
717 4099 955 4170 loquere.
987 4099 1140 4167 Quod
1166 4101 1307 4155 enim
1333 4111 1450 4158 erat
1488 4105 1652 4171 mitis,
1699 4115 1754 4160 et
1799 4108 2034 4163 omnium

453 4192 730 4248 hominum
749 4193 1080 4260 mitissimus,
1102 4204 1157 4249 et
1183 4195 1322 4258 dico,
1343 4211 1516 4267 neque
1536 4213 1787 4269 umquam
1814 4202 2036 4257 cessabo

447 4283 646 4350 dicere,
673 4295 729 4342 et
753 4286 798 4341 si
823 4286 1005 4353 vultis,
1027 4301 1134 4340 non
1160 4287 1372 4343 aliunde
1391 4305 1548 4359 quam
1579 4306 1646 4346 ex
1669 4291 1736 4346 iis
1755 4309 1873 4364 qua:
1893 4295 2032 4350 dicta

449 4386 572 4432 sunt
597 4379 835 4434 conabor
860 4379 1144 4434 ostendere
1183 4371 1300 4448 ejus
1342 4382 1822 4439 mansuetudinem.
1873 4387 2032 4458 Atqui

451 4478 689 4538 poterant
718 4469 898 4526 dicere
925 4485 1044 4540 quae
1069 4469 1137 4525 de
1165 4485 1352 4546 sorore
1387 4471 1457 4526 ab
1481 4487 1547 4528 eo
1579 4473 1648 4528 ad
1683 4475 1850 4531 Deum
1891 4477 2030 4533 dicta

447 4569 596 4622 sunt,
624 4561 1066 4631 supplicationem
1097 4576 1197 4630 qua
1227 4577 1324 4630 pro
1350 4563 1548 4632 papulo
1577 4578 1705 4618 usus
1727 4575 1825 4630 est,
1855 4569 2030 4622 omnia

449 4651 614 4707 verba
643 4653 732 4708 illa
757 4653 1048 4722 apostolica
1075 4693 1090 4720 ,
1121 4662 1174 4708 et
1207 4653 1339 4708 caelo
1367 4653 1523 4722 digna
1548 4697 1563 4721 ,
1613 4655 2029 4713 moderationem

451 4760 556 4815 qua
577 4747 946 4815 alloquebatur
971 4747 1245 4814 pepulum.
1274 4746 1527 4801 Poterant
1556 4748 1670 4803 hinc
1688 4750 1790 4804 dici
1815 4791 1831 4816 ,
1867 4761 1921 4805 et
1947 4750 2031 4806 his

445 4835 550 4890 alia
578 4837 736 4907 longe
759 4837 909 4906 plura
937 4840 1272 4903 enumerari;
1299 4837 1394 4892 sed
1420 4839 1463 4893 si
1493 4839 1671 4904 vultis,
1695 4840 1779 4895 bis
1809 4851 2027 4909 praeter-

446 4930 659 4995 missis,
703 4944 769 4984 ex
799 4929 865 4983 iis
890 4929 1021 4999 ipsis
1043 4945 1162 4999 qua:
1189 4941 1311 4985 ante
1337 4930 1478 4984 dicta
1518 4941 1647 4985 sunt
1680 4932 1988 4989 abinimicis
2009 4977 2025 5001 ,

445 5035 544 5090 age
570 5020 913 5076 ostendamus
943 5036 1067 5076 eutn
1092 5021 1256 5077 fuisse
1279 5023 1516 5077 omnium
1547 5023 1821 5080 hominum
1857 5028 2026 5082 mitis-

447 5111 668 5176 simum,
699 5124 765 5164 ex
787 5110 979 5180 quibus
998 5125 1120 5166 eum
1149 5126 1348 5166 saevum
1372 5152 1390 5179 ,
1436 5112 1721 5170 immanem
1745 5125 1797 5170 et
1822 5115 2029 5172 iracun-

447 5203 574 5257 dum
599 5201 811 5270 quidam
836 5216 958 5257 esse
983 5203 1305 5260 existimant.
1327 5204 1619 5271 Quomodo
1631 5223 1759 5278 ergo
1784 5211 2030 5266 ostende-

447 5293 609 5349 inus?
641 5293 696 5350 Si
723 5295 873 5365 prius
898 5294 1298 5350 distinxerimus
1322 5337 1336 5361 ,
1382 5313 1446 5354 ac
1473 5299 1835 5358 deﬁnierimus
1857 5343 1874 5371 ,
1905 5305 2026 5374 quid

445 5388 520 5445 sit
543 5387 916 5456 mansuetudo,
942 5397 998 5443 et
1022 5389 1150 5459 quid
1170 5388 1441 5446 ferocitas.
1469 5391 1653 5464 Neque
1682 5396 1823 5451 enim
1848 5396 2024 5458 ferire,

445 5489 530 5536 est
559 5485 802 5536 absolute
829 5480 1157 5549 ferocitatis;
1196 5498 1370 5554 neque
1399 5500 1638 5555 parcere,
1671 5490 2027 5543 mansuetudi-

444 5575 531 5631 nis
559 5591 574 5629 :
601 5574 693 5630 sed
722 5576 864 5632 mitis
889 5576 980 5632 ille
1007 5586 1132 5644 est,
1181 5579 1269 5649 qui
1297 5579 1438 5634 ferre
1477 5589 1652 5649 potest
1691 5597 1810 5654 qum
1841 5583 1892 5636 in
1920 5584 2028 5637 sei-

507 5688 581 5752 (a)
596 5690 700 5760 .ttie
710 5690 906 5760 _vi_detur
932 5699 1103 5744 notare
1121 5695 1418 5758 Manichaee,
1443 5697 1526 5759 qui
1557 5694 1721 5759 legem
1746 5702 1799 5747 et
1821 5703 2026 5760 Maysem

444 5751 894 5814 reprehendebant.

1193 296 1251 353 S.
1291 295 1572 356 JOANNIS
1605 299 2082 360 CHRYSOSTOII
2117 303 2436 363 ARCHIEP.
2473 308 3006 374 CONSTANTINOP.

3661 335 3762 392 380

2180 435 2331 521 psum
2361 434 2728 521 peccataAsunt
2759 464 2776 497 ,
2819 432 2910 502 qui
2951 432 3071 489 aliis
3115 434 3306 494 factam
3350 441 3597 514 injurittm
3644 468 3765 521 pro—

2178 512 2370 580 pulsat,
2392 525 2448 569 et
2469 515 2546 570 eis
2574 515 2674 572 fert
2692 532 2870 590 opem,
2894 531 2950 576 et
2971 533 3055 580 est
3080 526 3370 587 vehemens
3389 512 3531 592 ultor
3551 512 3758 610 eorum,

2176 605 2269 672 qui
2297 607 2489 673 probra
2529 609 2816 679 ingerunt;
2857 613 2948 685 qui
2969 625 3149 673 autem
3190 636 3294 676 non
3340 636 3422 682 est
3461 605 3756 702 ejusmodi,

2175 694 2270 747 sed
2294 705 2375 750 est
2404 696 2567 752 hebes
2586 739 2600 762 ,
2631 700 2807 768 deses,
2835 707 3206 767 somnolentus
3229 753 3243 777 ,
3276 724 3330 769 et
3356 694 3563 774 mortuo
3591 694 3759 781 nihilo

2177 785 2365 841 melius
2391 787 2630 857 allectus,
2663 808 2767 848 non
2799 805 2883 850 est
2921 799 3065 854 mitis
3091 817 3188 857 nec
3216 797 3543 864 mansuetus.
3570 811 3743 884 Despi-

2173 891 2294 931 cere
2323 892 2418 933 eos
2441 882 2634 950 quibus
2664 885 2720 938 lit
2742 885 2934 957 injuria
2959 929 2975 957 ,
3021 906 3126 946 non
3149 893 3330 952 dolere
3350 897 3517 954 vicem
3566 882 3746 962 eorum

2171 968 2260 1036 qui
2288 968 2476 1038 injuria
2519 971 2860 1042 afficiuntur,
2909 995 3008 1036 nec
3059 983 3124 1038 iis
3148 985 3301 1041 irasci
3346 990 3435 1059 qui
3463 992 3672 1061 probris
3697 1005 3750 1053 et

2170 1061 2506 1118 contumeliis
2529 1065 2768 1121 afficiunt
2792 1110 2805 1132 ,
2834 1085 2942 1126 non
2969 1083 3050 1130 est
3081 1078 3304 1146 virtutis,
3334 1081 3428 1136 sed
3460 1084 3567 1138 vitii
3599 1104 3614 1140 :
3643 1103 3748 1144 non

2169 1162 2250 1205 est
2297 1157 2749 1227 mansuetudinis,
2800 1164 2893 1218 sed
2924 1164 3163 1234 ignavias.
3206 1171 3380 1238 Quare
3421 1175 3523 1232 hoc
3573 1179 3743 1250 ipsum

2168 1244 2402 1299 ostendit
2451 1247 2568 1316 ejus
2595 1255 3055 1311 mansuetudinem
3084 1301 3099 1324 ,
3145 1271 3201 1314 et
3247 1265 3387 1332 quod
3431 1279 3572 1324 esset
3592 1244 3746 1327 adeo

2166 1335 2379 1403 ardens,
2415 1348 2470 1392 ut
2493 1343 2774 1410 prosiliret,
2806 1361 2926 1402 cum
2971 1350 3174 1407 videret
3207 1355 3338 1411 alios
3365 1359 3550 1428 injuria
3580 1363 3741 1432 afﬁci,

2167 1424 2298 1478 iram
2338 1442 2434 1496 pro
2481 1429 2686 1500 justitia
2741 1451 2845 1490 non
2884 1439 3065 1496 valens
3110 1444 3361 1504 cohibere
3395 1424 3489 1506 :vat
3531 1424 3743 1524 quando

2165 1515 2276 1582 ipse
2306 1519 2444 1574 malo
2471 1521 2648 1592 aliquo
2674 1525 2892 1582 allectus
2933 1541 3051 1595 est,
3083 1550 3181 1590 nec
3207 1537 3344 1594 ttltus
3365 1553 3465 1607 est,
3494 1515 3592 1601 nec
3623 1563 3741 1617 pue-

2165 1623 2286 1662 nam
2319 1615 2584 1681 sumpsit,
2635 1631 2734 1670 nec
2772 1633 2802 1672 a
2851 1620 3202 1693 philosOphise
3227 1628 3466 1688 instituto
3492 1615 3737 1706 umquam

2163 1703 2402 1758 recessit.
2431 1704 2487 1759 Si
2526 1715 2700 1762 autem
2741 1710 2930 1766 fuisset
2971 1715 3105 1769 adeo
3129 1732 3303 1777 saevus
3331 1734 3384 1777 et
3409 1703 3692 1785 iracundus
3720 1750 3733 1785 :

2161 1794 2249 1862 qui
2281 1809 2376 1863 pro
2405 1797 2524 1851 aliis
2552 1799 2687 1855 adeo
2716 1802 3144 1863 inflammabatur
3183 1821 3238 1867 et
3275 1818 3698 1878 excaudescebat
3717 1866 3733 1892 ,

2162 1901 2447 1956 numquam
2474 1892 2711 1946 animum
2740 1895 3058 1965 induxisset,
3087 1911 3144 1956 ut
3169 1919 3268 1973 pro
3293 1907 3358 1962 iis
3379 1923 3496 1978 qua:
3513 1913 3576 1966 ad
3605 1917 3740 1986 seip-

2160 1991 2277 2030 sum
2306 1981 2660 2048 pertinebant,
2685 1987 2982 2054 quiesceret
3013 2008 3025 2021 ·
3051 1993 3144 2048 sed
3165 2003 3292 2052 tunc
3316 2002 3482 2070 magis
3504 1981 3736 2063 irritatus

2159 2071 2365 2129 fuisset.
2411 2075 2569 2133 Scitis
2597 2081 2736 2134 enim
2779 2098 2879 2139 nos
2922 2087 3115 2156 aegrius
3161 2088 3301 2146 ferre
3347 2105 3524 2150 nostra
3571 2115 3729 2169 quam

2158 2166 2352 2222 aliena.
2378 2169 2470 2225 Ille
2494 2181 2690 2238 autem,
2723 2190 2843 2229 cum
2867 2179 2953 2232 alii
2973 2181 3186 2249 quidem
3209 2185 3347 2240 male
3377 2166 3728 2261 patiebantur,

2157 2274 2264 2312 non
2292 2261 2468 2316 minus
2491 2279 2648 2332 quam
2679 2266 2754 2320 illi
2778 2268 2874 2339 ipsi
2901 2272 3092 2340 quibus
3117 2277 3254 2330 male
3297 2278 3478 2347 fiebat,
3512 2284 3734 2340 ulcisce-

2157 2349 2308 2404 batur
2334 2368 2347 2404 :
2373 2351 2566 2408 delicta
2593 2365 2768 2410 autem
2798 2375 2919 2428 quae
2947 2361 3000 2414 in
3030 2362 3202 2432 ipsum
3239 2366 3468 2423 admissa
3499 2370 3728 2442 fuerant,

2154 2454 2274 2494 ctnn
2303 2443 2534 2498 maxima
2561 2450 2998 2514 praetermittebat
3047 2453 3326 2512 tolerantia
3350 2498 3366 2522 ,
3408 2459 3459 2513 in
3507 2471 3730 2532 utroque

2155 2541 2395 2589 extremo
2420 2538 2718 2594 consistens
2739 2580 2754 2605 ,
2789 2541 2876 2595 illo
2901 2543 3114 2610 quidem
3136 2588 3152 2612 ,
3191 2563 3250 2604 se
3276 2563 3394 2606 esse
3419 2553 3572 2610 malis
3600 2556 3730 2612 infe-

2156 2637 2294 2680 stum
2319 2668 2335 2694 ,
2385 2627 2488 2683 hoc
2515 2645 2641 2684 vero
2667 2647 2726 2686 se
2775 2648 2892 2688 esse
2921 2634 3096 2691 lenem
3143 2649 3196 2693 et
3223 2641 3507 2709 patientem
3551 2657 3729 2702 osten-

2151 2718 2308 2773 dens.
2331 2717 2435 2774 Sed
2465 2719 2572 2788 dic,
2597 2737 2799 2792 qumso,
2829 2725 2955 2793 quid
2980 2741 3102 2782 eum
3128 2728 3304 2787 facere
3326 2737 3590 2802 Oportuit?
3609 2755 3724 2795 eam

2151 2807 2463 2879 despicere,
2512 2826 2630 2881 qua:
2659 2812 3021 2882 inferebatur,
3065 2818 3372 2890 injuriam‘,
3434 2836 3488 2879 et
3531 2829 3724 2885 malum

2151 2903 2293 2973 quod
2327 2904 2621 2972 pertinebat
2658 2906 2722 2960 ad
2756 2908 3046 2977 populum?
3078 2910 3181 2968 Sed
3222 2914 3274 2968 id
3319 2931 3424 2971 non
3455 2929 3572 2974 erat
3611 2921 3726 2992 ejus

2149 2994 2240 3065 qui
2269 2993 2486 3064 regebat
2514 2997 2786 3066 populum,
2820 3014 2920 3055 nec
2945 3002 3189 3070 patientis
3211 3005 3434 3077 alicujus
3461 3019 3516 3065 et
3543 3012 3684 3069 mitis
3706 3053 3722 3078 ,

2149 3086 2242 3142 sed
2269 3087 2468 3142 desidis
2496 3098 2550 3144 et
2571 3091 2764 3158 ignavi.
2789 3090 2867 3145 Tu
2897 3102 3072 3149 autem
3100 3097 3360 3153 medicum
3383 3101 3594 3171 quidem
3619 3120 3723 3159 non

2148 3181 2516 3250 reprehendis,
2544 3183 2632 3253 qui
2664 3185 2996 3253 putredinem
3027 3196 3192 3243 totum
3221 3204 3416 3260 corpus
3443 3210 3722 3262 permean-

2149 3279 2253 3326 tem
2281 3274 2518 3328 sectione
2537 3275 2776 3344 reprimit
2799 3293 2813 3329 :
2841 3275 2990 3331 illum
3012 3288 3186 3334 autem
3214 3280 3345 3336 dicis
3369 3299 3486 3339 esse
3505 3289 3725 3342 atrocis-

2147 3361 2339 3416 simum
2367 3403 2383 3428 ,
2414 3364 2503 3431 qui
2527 3365 2768 3420 morbum
2801 3366 2956 3438 longe
2983 3371 3262 3438 putredine
3302 3375 3596 3442 graviorem
3629 3393 3725 3448 per

2147 3461 2314 3507 totum
2342 3454 2594 3522 populum
2621 3467 3020 3525 permanentem
3051 3459 3158 3514 ictu
3188 3465 3342 3530 paulo
3365 3467 3596 3534 graviori
3625 3485 3720 3521 vo-

2145 3543 2304 3598 luerit
2329 3544 2612 3600 coercere?
2638 3547 2797 3616 Atqui
2818 3546 2931 3602 ltu-c
2954 3558 3077 3602 sunt
3097 3549 3288 3619 judicis
3312 3568 3415 3608 non
3446 3555 3574 3611 salis
3595 3573 3717 3611 con-

2145 3635 2380 3691 siderati.
2409 3635 2562 3691 Tanti
2586 3637 2725 3691 enim
2750 3639 2929 3710 populi
2953 3642 3280 3710 prmfectnm,
3307 3653 3363 3701 et
3386 3649 3475 3715 qui
3495 3647 3721 3706 ducebat

2144 3733 2355 3796 gentem
2381 3724 2516 3780 adeo
2541 3740 2806 3796 asperam,
2831 3728 3016 3783 duram
3045 3740 3099 3786 et
3123 3733 3531 3803 intractabilem,
3560 3754 3720 3808 opor-

2144 3818 2290 3874 tebat
2325 3818 2502 3873 statim
2529 3833 2561 3872 a
2592 3819 2850 3888 principio
2877 3823 3168 3890 reprimere
3187 3866 3202 3889 ,
3243 3834 3298 3880 et
3335 3828 3385 3880 in
3415 3829 3528 3896 ipso
3557 3833 3718 3884 vestio

2143 3909 2268 3964 bulo
2283 3908 2607 3975 rescindere,
2627 3923 2694 3964 ne
2713 3911 2910 3965 malum
2929 3912 3135 3983 longius
3152 3928 3410 3985 serperet.
3435 3920 3504 3973 At
3521 3922 3716 3987 ohruit,

2141 3999 2330 4068 inquit,
2363 3999 2565 4054 Dathan
2587 4007 2641 4053 et
2670 3999 2889 4056 Abiron.
2911 4003 3046 4069 Quid
3070 4004 3237 4058 dicis?
3264 4009 3608 4076 oportebatne
3627 4013 3718 4067 de-

2141 4094 2347 4163 spicere
2367 4092 2742 4159 sacerdotium,
2758 4097 3074 4162 conculcari,
3101 4107 3156 4152 et
3188 4100 3275 4153 Dei
3302 4101 3445 4170 leges
3466 4104 3649 4166 everti,
3665 4114 3717 4159 et

2143 4186 2194 4240 id
2218 4185 2360 4256 quod
2385 4186 2561 4240 omnia
2585 4186 2822 4240 continet
2849 4186 3063 4241 dissolvi
3093 4207 3107 4242 :
3139 4189 3256 4243 dico
3281 4201 3456 4245 autem
3493 4193 3717 4262 dignita.

2142 4290 2246 4333 tem
2289 4277 2610 4342 sacerdotii;
2642 4284 2696 4330 et
2722 4277 2966 4331 omnibus
2991 4277 3148 4350 adyta
3181 4279 3512 4348 patefacere,
3552 4291 3608 4336 et
3649 4298 3714 4340 ex

2139 4384 2326 4426 eorum
2351 4375 2658 4439 contemptu
2682 4368 2988 4436 permittere
3015 4379 3069 4422 ut
3096 4370 3277 4424 liceret
3307 4371 3600 4427 volentibus
3626 4387 3715 4428 sa-

2137 4473 2414 4519 crosancta
2442 4460 2760 4517 conculcare
2783 4469 2927 4530 septa
2954 4500 2969 4528 ,
3013 4469 3066 4516 et
3104 4463 3280 4517 omnia
3325 4478 3519 4534 susque
3547 4465 3716 4535 deque

2137 4570 2294 4623 agere
2309 4562 2362 4608 et
2377 4550 2642 4608 miscere?
2661 4551 2822 4621 Atqui
2837 4567 2898 4606 ea
2917 4567 3019 4606 non
3039 4563 3153 4606 erat
3166 4556 3599 4620 mansuetudinis,
3621 4556 3713 4610 sed

2137 4645 2535 4701 inhumanitatis
2563 4653 2618 4699 et
2645 4643 2970 4700 crudelitatis
2991 4685 3006 4710 ,
3038 4643 3312 4713 despicere
3341 4654 3543 4700 tantum
3575 4647 3713 4716 quod

2135 4737 2409 4794 crescebat
2439 4736 2636 4790 malum
2664 4755 2677 4789 :
2708 4745 2762 4792 et
2788 4735 2912 4790 dum
2935 4735 3177 4790 ducentis
3202 4749 3462 4806 parceret,
3495 4737 3715 4805 perdere

2137 4838 2214 4886 tot
2235 4829 2417 4883 millia.
2450 4828 2546 4883 Dic
2568 4829 2709 4884 enim
2739 4827 2866 4881 mihi
2888 4868 2903 4893 ,
2935 4842 3116 4896 quaeso
3139 4869 3154 4894 ,
3202 4828 3412 4898 quando
3436 4828 3593 4897 jussit
3620 4845 3712 4896 ge-

2135 4935 2264 4978 nere
2289 4917 2614 4988 propinquos
2638 4918 2881 4974 occidere
2897 4960 2912 4985 ,
2936 4917 3061 4988 quid
3079 4933 3198 4973 eum
3241 4917 3414 4973 facere
3449 4921 3709 4989 oportuit,

2134 5025 2257 5065 cum
2287 5009 2429 5066 Deus
2469 5010 2815 5074 irasceretur,
2844 5018 3111 5064 cresceret
3134 5009 3402 5077 impietas,
3432 5023 3551 5063 cum
3581 5009 3712 5064 nihil

2135 5111 2297 5167 esset,
2329 5100 2468 5170 quod
2499 5115 2592 5154 eos
2620 5109 2799 5169 posset
2834 5099 2900 5154 ab
2926 5100 3002 5154 ira
3042 5099 3290 5170 eripere?
3335 5101 3712 5169 permitterene

2134 5193 2316 5250 debuit
2339 5201 2396 5247 ut
2424 5193 2574 5264 plaga
2602 5192 2829 5247 caelestis
2857 5193 2913 5247 in
2941 5207 3126 5247 omnes
3151 5193 3316 5247 tribus
3341 5192 3710 5263 descenderet,

2133 5295 2188 5340 et
2215 5285 2463 5340 universo
2489 5283 2671 5354 generi
2696 5283 2964 5340 interitum
2991 5282 3203 5338 afferret
3225 5323 3242 5348 ,
3282 5292 3478 5338 etcum
3507 5284 3709 5355 suppli-

2134 5379 2219 5433 cio
2262 5377 2528 5448 negligere
2567 5384 2837 5446 peccatum
2877 5375 3304 5430 immedicabile?
3349 5391 3416 5430 an
3458 5391 3612 5446 ptena
3656 5384 3710 5431 et

2197 5512 2216 5542 ⁸
2249 5507 2360 5567 Alii,
2381 5507 2626 5568 despicere
2663 5513 2960 5569 grassantem
2982 5506 3258 5569 nequitiam.
3283 5514 3443 5569 _Certe'
3459 5519 3553 5556 non
3569 5520 3708 5569 Sper-

2135 5571 2294 5621 nenda
2334 5567 2478 5618 lcctio
2504 5583 2516 5617 :
2546 5567 2790 5678 eruntque
2828 5570 3032 5618 fortasse
3056 5567 3150 5632 'qui
3174 5567 3526 5630 preferendam
3569 5567 3708 5617 alteri

2135 5633 2404 5678 nutabant:
2435 5631 2522 5678 sed
2544 5643 2652 5678 cum
2675 5633 2817 5678 aiam
2852 5629 3052 5678 Savilius
3091 5633 3268 5678 pariter
3312 5637 3458 5678 atque
3492 5628 3708 5678 Morelltts

2133 5633 2404 5699 putabunt:
2435 5631 2522 5680 sed
2544 5643 2652 5681 cum
2675 5628 2817 5699 aliam
2852 5629 3052 5679 Savilius
3086 5628 3268 5699 pariter
3312 5637 3458 5699 atque
3492 5628 3708 5699 Morelltts

2133 5690 2456 5762 adhibuerim,
2495 5701 2645 5755 atque
2675 5694 2826 5762 ita‘ab
2847 5690 3120 5762 Interprete
3154 5690 3332 5762 lectum
3354 5695 3434 5742 sit.
3461 5704 3569 5762 eam
3592 5695 3706 5741 reti-

2136 5769 2259 5804 nere
2284 5759 2435 5804 visum
2455 5763 2530 5803 est
2555 5753 2697 5804 {cum
2719 5753 2896 5820 alioqui
2919 5766 3002 5804 res
3019 5755 3082 5804 sit
3103 5753 3284 5807 minimi
3306 5755 3557 5803 momenti.
