4112 6342
391 275 496 332 579

394 387 718 458 συμφοραῖς,
755 385 976 458 εἰχόμην
1005 384 1098 441 τοῦ
1120 385 1280 444 Θεοῦ.
1302 388 1364 442 Εἰ
1395 387 1452 441 δέ
1486 389 1559 458 μὴ
1593 385 1764 449 οὕτως
1791 387 1960 458 ἥμην.

395 473 801 542 ἀνταποδοθείη.
837 477 1020 542 φησὶν,
1059 475 1152 530 ἐπὶ
1190 475 1286 546 τὴν
1313 474 1490 546 ψυχήν
1529 491 1654 546 μου,
1695 474 1962 530 τουτέστι.

393 563 547 632 δίκην
575 563 722 632 δοίην
759 562 858 634 τὴν
889 564 1142 635 ἐσχάτην.
1202 562 1537 619 Ἐλπισάτω
1571 561 1820 631 Ἰσραὴλ
1865 563 1964 617 ἐπί

395 650 501 703 τὸν
549 651 788 718 Κύριον,
828 651 946 704 ἀπὸ
985 652 1092 705 τοῦ
1135 652 1254 706 νῦν
1298 651 1396 705 καί
1432 652 1543 718 ἕως
1577 651 1685 706 τοῦ
1730 649 1963 717 αἰῶνος.

406 737 590 808 ’1)ρᾷς,
621 739 756 809 ὅπερ
777 739 912 810 ἔφην
942 739 1001 804 ἐξ
1026 739 1222 812 ἀρχῆς,
1253 740 1336 794 ὅτι
1369 743 1426 794 ἐν
1455 741 1554 811 μὲν
1583 743 1696 803 τοῖς
1724 740 1851 810 περί
1875 740 1965 792 πί-

396 840 565 888 στεως
590 827 682 878 καὶ⁵
714 826 1018 896 δογμάτων,
1054 827 1146 882 καὶ
1166 827 1342 891 αἰτίας
1372 827 1472 881 οὐκ
1500 825 1684 890 οὔσης,
1708 827 1968 896 διηνεκῶς

397 911 476 964 δεῖ
501 914 824 983 καυχᾶσθαι,
849 914 942 967 καὶ
967 915 998 968 6
1027 914 1100 985 μὴ
1132 913 1482 986 καυχώμενος
1507 914 1800 968 ἀπόλωλεν’
1829 916 1886 966 ἐν
1911 913 1970 967 δέ

395 1003 509 1063 τοῖς
559 999 946 1071 κατορθώμασι
991 1000 1084 1054 τοῦ
1137 1001 1278 1071 βίου,
1317 1001 1410 1056 τοῦ
1453 1001 1645 1072 καιροῦ
1679 1001 1970 1064 καλοῦντος

395 1087 648 1142 οὐδέποτε
698 1090 1084 1158 παραιτεῖσθαι
1127 1090 1209 1144 δεῖ
1243 1090 1304 1143 16
1345 1090 1670 1161 καυχᾶσθαι.
1709 1092 1860 1154 Ποῖος
1914 1090 1971 1144 δέ

397 1179 622 1248 καιρός;
679 1179 870 1233 Πολλοί
919 1181 1011 1234 καὶ
1064 1180 1329 1251 διάφοροι,
1363 1174 1438 1234 ὧν
1496 1182 1591 1234 καὶ
1650 1175 1731 1243 εἷς
1760 1183 1875 1234 ἐστι
1910 1180 1973 1234 16

397 1267 683 1322 παιδεῦσαι
711 1268 802 1321 16v
827 1269 1122 1339 ἀκροατήν.
1159 1271 1224 1322 ’0
1251 1269 1314 1342 δὴ
1352 1270 1448 1322 καὶ
1481 1264 1634 1333 οὗτος
1670 1268 1845 1334 εἰδὼς,
1881 1271 1973 1323 καὶ

401 1355 633 1420 δεικνὺς,
666 1354 849 1408 ὅτιδιά
875 1355 1031 1409 τοῦτο
1056 1355 1202 1424 λέγει
1225 1355 1389 1410 αὐτοῦ
1419 1356 1524 1410 ⁸τά
1555 1355 1972 1426 κατορθώματα,

399 1443 486 1498 ῖνα
516 1443 606 1497 τὸν
631 1441 904 1514 ἀκροατὴν
924 1443 1292 1514 ἐπισπάσηται
1319 1445 1455 1514 πρὸς
1481 1445 1571 1497 τδν
1595 1443 1756 1498 αύτὺν
1791 1444 1971 1514 ζῆλον,

399 1532 643 1598 ἐπήγαγε
683 1529 880 1598 λέγων’
934 1529 1270 1583 Ἐλπισὰτω
1320 1529 1556 1596 Ἰσραὴλ
1595 1530 1692 1583 ἐπὶ
1725 1529 1830 1583 τὸν
1860 1530 1977 1583 Κύ-

397 1635 548 1685 ριον,
574 1618 693 1671 ἀπὸ
720 1618 824 1671 τοῦ
865 1617 982 1671 νῦν
1014 1619 1105 1670 καὶ
1147 1617 1258 1684 ἕως
1286 1617 1391 1670 τοῦ
1416 1619 1648 1683 αἰῶνος.
1684 1617 1802 1670 Κᾶν
1831 1634 1972 1688 συμ·

401 1704 582 1775 φοραὶ,
623 1704 775 1774 φησὶ,
813 1703 915 1758 κᾶν
948 1703 1194 1774 ἀθυμίαι,
1223 1705 1325 1757 κάν
1355 1705 1600 1774 πόλεμοι,
1640 1704 1740 1757 κᾶν
1779 1706 1977 1774 αἰχμα-

399 1789 610 1855 λωσίαι,
634 1791 738 1844 κᾶν
764 1791 941 1845 ὁτιοῦν
967 1791 1076 1844 τῶν
1108 1791 1383 1860 ἀδοκήτων
1407 1790 1698 1862 περισταίη
1717 1790 1904 1844 δεινῶν
1923 1791 1974 1858 δ,

401 1883 467 1934 σὺ
500 1881 598 1948 τῆς
627 1881 842 1944 ἐλπίδος
868 1881 992 1952 ἔχου
1025 1883 1123 1951 τῆς
1153 1882 1230 1944 εἰς
1258 1880 1351 1933 τὸν
1373 1880 1526 1945 Θεὸν,
1557 1880 1651 1934 καὶ
1682 1881 1780 1949 τῆς
1809 1896 1977 1951 προσ-

397 1967 580 2032 δοκίας
627 1969 864 2036 ἐκείνης,
917 1969 1011 2023 καὶ
1061 1967 1575 2038 πάντωςέπιτεύξῃ
1605 1967 1842 2038 χρηστοῦ
1881 1966 1974 2020 τοῦ

398 2056 602 2120 τέλους,
643 2055 736 2109 τοῦ
769 2054 904 2110 Θεοῦ
943 2057 1011 2127 τῇ
1060 2054 1212 2109 λύσει
1238 2054 1347 2109 τῶν
1383 2055 1571 2110 δεινῶν
1614 2054 1974 2126 ἀμειϐομένου

401 2160 461 2196 σε
495 2145 592 2213 τῆς
621 2143 794 2212 καλῆς
826 2141 1034 2213 ταύτης
1066 2141 1298 2206 ἐλπίδος,
1323 2143 1381 2194 ἐν
1423 2141 1642 2213 Χριστῷ
1691 2140 1866 2212 Ἰησοῦ
1897 2139 1976 2211 τῷ

402 2231 589 2302 Κυρίῳ
619 2230 794 2302 ἡμῶν,
827 2224 871 2297 ᾧ
899 2232 932 2300 ἡ
960 2229 1087 2294 δόξα
1107 2230 1200 2286 καὶ
1221 2228 1282 2284 16
1305 2229 1504 2300 κράτος
1526 2231 1604 2293 εἰς
1631 2230 1755 2292 τοὺς
1777 2228 1975 2292 αἰῶνας

399 2319 508 2372 τῶν
542 2319 771 2372 αἰώνων.
817 2319 876 2370 ’Δ
885 2318 1013 2388 μήν.

683 2521 832 2596 [δτι]
871 2523 980 2576 ΕΙΣ
1016 2520 1155 2576 TON
1188 2521 1340 2574 ΡΑΑν
1375 2518 1694 2574 ΨΑΛΜΟΝ.

400 2668 736 2738 Μνήσθητι,
789 2667 985 2733 Κύριε,
1039 2664 1146 2718 τοῦ
1208 2663 1410 2727 Δαυῒδ,
1459 2664 1558 2717 καί
1611 2663 1814 2731 ,πάσης
1868 2663 1978 2733 τῆς

893 2753 1226 2819 πραότητος
1281 2751 1490 2806 αὐτοῦ.

473 2895 542 2953 α’.
579 2893 839 2966 Ἀλλαχοῦ
876 2895 974 2965 μὲν
1011 2893 1119 2947 ἀπὸ
1149 2893 1249 2962 τῆς
1290 2893 1511 2963 μνήμης
1549 2890 1656 2944 τῶν
1697 2891 1978 2961 προγόνων

404 2987 564 3059 μόνον
623 2984 834 3051 ἀξιοῦσι
865 2982 1152 3048 σώζεσθαι·
1171 2980 1402 3036 ἐνταῦθα
1427 2981 1482 3034 δὲ
1499 2979 1675 3034 καὶτὰ
1699 2979 1975 3049 κατορθώ-

405 3093 550 3147 ματα
587 3073 822 3143 λέγουσι,
862 3072 956 3124 καὶ
994 3070 1054 3123 16
1101 3069 1318 3122 πάντων
1369 3067 1541 3121 αἴτιον
1586 3066 1696 3120 τῶν
1734 3066 1976 3135 ἀγαθῶν,

402 3163 718 3222 ἐπιείκειαν,
735 3155 1254 3227 ταπεινοφροσύνην.
1278 3154 1577 3225 πραότητα,
1601 3155 1658 3207 ἐν
1679 3147 1723 3221 ᾧ
1743 3153 1978 3224 μάλιστα

403 3249 742 3320 ἐθαυμάζετο
769 3247 863 3300 καὶ
888 3244 1147 3313 Μωῦσῆς.
1178 3239 1297 3296 Ἦν
1311 3242 1420 3311 γάρ
1438 3241 1788 3310 πραότατος,
1821 3243 1975 3310 φησὶ,

403 3336 642 3391 πάντων
665 3331 898 3400 ἀνδρῶν
927 3331 1044 3383 τῶν
1070 3329 1168 3383 ἐπὶ
1192 3327 1302 3394 τῆς
1329 3325 1456 3396 γῆς,
1534 3326 1696 3380 Ἀλλά
1711 3344 1853 3391 τινες
1867 3327 1976 3382 τῶν

403 3423 692 3497 αἰρετικῶν
727 3419 1219 3491 ἐπιλαμϐανόμενοι
1243 3417 1343 3486 τῆς
1373 3415 1643 3479 πολιτείας
1667 3415 1852 3481 αὑτοῦ,
1883 3415 1977 3470 καὶ

403 3514 496 3568 τοῦ
527 3511 842 3584 εἰρημένου,
870 3509 1032 3579 φασί·
1057 3505 1121 3559 Τί
1145 3507 1358 3575 λέγεις;
1387 3506 1688 3577 πραότατος
1715 3507 1922 3568 ἐκεῖνος
1951 3506 1979 3558 ό

402 3602 501 3669 λὰξ
541 3600 760 3669 ἐναφεὶς
788 3597 866 3668 τῷ
894 3596 1192 3665 Αἰγυπτίῳ,
1225 3595 1319 3648 καὶ
1351 3592 1589 3648 ἀνελὼνά
1610 3610 1626 3659 ;
1647 3595 1813 3656 ότοὺς
1853 3594 1979 3646 Ἰου-

403 3689 580 3753 δαίούς
605 3686 879 3758 ἐμφυλίων
906 3683 1188 3754 ἐμπλήσας
1210 3681 1454 3752 αἱμάτων
1493 3681 1588 3734 καὶ
1627 3680 1913 3752 πολέμων;
1947 3681 1975 3732 6

407 3775 756 3845 συγγενικοὺς
787 3772 1048 3834 κελεύσας
1077 3769 1410 3841 ἐργάσασθαι
1442 3768 1661 3838 φόνους;
1689 3769 1718 3820 ό
1744 3769 1840 3840 τὴν
1873 3769 1977 3838 γῆν

405 3869 537 3937 εὐχῇ
587 3864 795 3924 διελὼν,
837 3862 930 3916 καὶ
975 3862 1270 3932 κεραυνοὺς
1316 3861 1519 3914 ἀνωθεν
1577 3860 1834 3928 ἐνεγκὼν,
1883 3861 1978 3914 καὶ

407 3956 530 4017 τοὺς
578 3952 675 4023 μὲν
705 3949 1124 4010 καταποντίσας,
1158 3949 1285 4010 τοὺς
1319 3948 1374 4001 δέ
1413 3947 1789 4016 καταφλέξαςς
1823 3940 1978 4011 οὗτος

408 4043 457 4096 εί
496 4041 670 4110 πρᾶος
699 4034 789 4108 ἦν,
824 4036 907 4100 τίς
937 4035 1149 4106 ὀργίλος
1188 4034 1282 4088 καὶ
1321 4035 1585 4104 σκληρός;
1627 4035 1860 4097 Παῦσαι,
1901 4034 1975 4105 μὴ

407 4129 640 4200 περιττά
667 4127 922 4198 φθέγγου.
959 4126 1080 4178 Ὅτι
1111 4125 1282 4195 πρᾶος
1304 4120 1392 4194 ἦν,
1415 4125 1507 4177 καὶ
1534 4123 1748 4176 πάντων
1777 4123 1980 4194 ἀνθρώ-

412 4236 529 4273 πων
561 4216 884 4288 πραότατος,
917 4213 1010 4268 καί
1056 4213 1218 4281 λέγω,
1265 4213 1358 4265 καὶ
1397 4213 1494 4264 οὐκ
1541 4223 1564 4250 ο
1604 4212 1978 4284 ἀποστήσομαι

409 4303 582 4359 ταῦτα
610 4302 804 4370 λέγων,
834 4299 928 4354 καὶ
958 4301 1006 4352 εἰ
1030 4297 1279 4369 βούλεσθε
1308 4299 1405 4367 οὐχ
1425 4299 1709 4370 ἑτέρωθεν,
1744 4299 1857 4354 ἀλλ’
1881 4301 1976 4353 ἀπ’

409 4391 588 4446 αὐτῶν
617 4388 819 4443 τούτων
849 4387 957 4440 τῶν
987 4385 1289 4457 εἰρημένων
1317 4384 1484 4450 δεῖξαι
1517 4386 1845 4457 πειράσομαι
1878 4387 1976 4439 αὐ-

409 4479 503 4534 τοῦ
526 4479 625 4548 τὴν
650 4474 950 4548 πραότητα.
975 4473 1164 4526 Καίτοι
1193 4489 1256 4540 γε
1285 4471 1409 4541 ἐνῆν
1429 4471 1606 4540 λέγειν
1635 4471 1702 4524 τά
1735 4473 1977 4543 περὶτῆς

410 4565 644 4636 ἀδελφῆς
675 4562 939 4634 εἰρημένα
975 4561 1122 4630 αὐτῷ
1160 4561 1295 4631 πρὸς
1335 4559 1424 4612 τὸν
1455 4559 1607 4622 Θεὸν,
1649 4559 1746 4630 τὴν
1799 4563 1980 4632 ἰκετη-

414 4654 552 4725 ρίαν,
583 4654 648 4724 ἢν
682 4651 822 4717 ὑπὲρ
848 4647 942 4702 τοῦ
971 4648 1155 4711 ἔθνους
1175 4647 1426 4718 ἀνέθηκε,
1459 4648 1633 4702 πάντα
1661 4648 1728 4700 τὰ
1759 4649 1977 4718 ῥήματα

410 4742 594 4793 ἐκεῖνα
625 4737 694 4790 τά
725 4734 1076 4798 άποστολικὰ,
1118 4735 1210 4787 καὶ
1255 4733 1364 4786 τῶν
1403 4735 1646 4805 οὐρανῶν
1697 4735 1840 4800 ἄξια,
1880 4737 1978 4793 τὴν

411 4827 709 4881 ἐπιείκειαν
764 4823 879 4894 μεθ’
929 4819 996 4894 ἦς
1051 4820 1128 4892 τῷ
1180 4821 1336 4892 δήμῳ
1369 4821 1653 4890 διελέγετο.
1695 4822 1850 4893 Ἐνῆν
1883 4825 1979 4877 καὶ

408 4916 582 4969 ταῦτα
607 4914 806 4983 λέγειν,
834 4912 930 4966 καὶ
957 4911 1117 4981 ἔτερα
1143 4909 1348 4963 τούτων
1378 4911 1600 4964 πλείονα
1623 4911 1973 4982 ἀπαριθμεῖν⁸

411 5003 524 5058 ἀλλ’
564 5005 613 5056 εἰ
649 4999 921 5072 βούλεσθε,
955 4999 1125 5052 ταῦτα
1171 4998 1455 5068 παρέντες,
1496 4998 1629 5070 φέρε
1671 5001 1765 5054 ἀπ’
1798 4999 1978 5054 αὐτῶν

409 5090 612 5146 τούτων
638 5089 744 5142 τῶν
778 5087 1083 5159 ἔμπροσθεν
1110 5085 1412 5156 εἰρημένων
1447 5085 1596 5155 παρὰ
1631 5086 1740 5140 τῶν
1769 5087 1978 5157 ἐχθρῶν

409 5175 692 5247 δείξωμεν,
714 5175 796 5228 ὅτι
827 5175 1125 5244 πραότατος
1155 5169 1244 5243 ἦν,
1284 5174 1377 5241 ἀφ’
1403 5166 1499 5226 ὧν·
1514 5173 1682 5244 βαρὺν
1704 5175 1798 5227 καὶ
1823 5175 1980 5244 σκλη-

414 5265 507 5338 ρδν
536 5264 630 5317 καὶ
649 5261 864 5334 ὀργίλον
883 5261 1044 5316 αὐτὸν
1082 5255 1220 5314 εἶναι
1242 5257 1517 5330 νομίζουσί
1542 5277 1704 5326 τινες.
1731 5261 1854 5324 Πῶς
1887 5257 1980 5316 οῦν

475 5481 504 5512 ⁸
529 5480 643 5528 Sav.
665 5477 801 5527 αύτάι

475 5540 504 5583 δ
527 5542 638 5590 Sav.
662 5540 826 5590 δεινόν.
852 5535 1028 5588 Melius
1053 5539 1171 5588 Mor.
1196 5540 1443 5601 περισταίη
1467 5539 1642 5588 δεινῶν.

475 5604 500 5664 °_
525 5605 661 5653 Alius
680 5603 850 5664 μόνων.

475 5659 500 5699 d
523 5665 632 5726 sa".
656 5659 691 5712 δ’
705 5663 788 5718 λάε
812 5661 1008 5726 ἀνεχθείς
1027 5663 1094 5726 τῷ
1122 5663 1379 5726 Λίγυατίῳ,
1403 5662 1484 5710 καὶ
1501 5662 1678 5712 ἀνελὼν
1696 5661 1854 5713 αὐτόν.

471 5727 491 5750 ι
511 5725 636 5778 ειν.
662 5726 742 5778 καὶ
763 5723 916 5787 um
939 5723 1040 5772 οὐκ.

1466 267 1830 330 EXPOSITIO
1858 270 1926 329 ΙΝ
1963 272 2290 329 PSALMUM
2330 273 2560 331 CXXXI.

3533 276 3640 332 5-90

2063 389 2344 461 δείξομενς
2373 392 2436 444 EE
2460 389 2723 461 πρότερον
2743 388 3140 460 διακρίναιμεν,
3171 388 3264 443 καὶ
3291 389 3638 459 όρισαίμεθα,

2067 479 2118 530 τί
2152 478 2282 532 ποτέ
2309 481 2426 532 ἐστι
2459 478 2728 550 πραότης,
2754 479 2846 531 καὶ
2870 477 2922 530 τί
2960 475 3251 548 τραχύτης.
3287 475 3420 533 Οὑδέ
3445 477 3556 549 γὰρ
3579 479 3642 532 16

2068 565 2342 636 πλήττειν.
2396 566 2732 636 τραχύτητος
2791 565 2994 628 ἀπλῶς,
3052 564 3172 618 οὐδὲ
3223 564 3284 617 16
3343 566 3640 633 φείδεσθαι,

2069 654 2390 726 πραότητος·
2419 654 2552 708 ἀλλά
2581 659 2755 728 πρᾶος
2789 654 2991 717 ἐκεῖνός
3014 656 3181 716 ἐστιν,
3209 655 3238 706 6
3261 653 3328 706 τὰ
3358 655 3436 716 εἰς
3456 653 3644 706 ἑαυτὸν

2070 743 2516 815 πλημμελήματα
2547 744 2732 815 φέρειν
2762 742 3078 812 δυνάμενος,
3117 743 3209 796 καὶ
3239 744 3268 795 6
3293 745 3405 805 τοῖς
3426 743 3644 796 ἀδικου-

2073 841 2255 912 μένοις
2282 841 2528 912 άμύνων,
2569 844 2662 896 καὶ
2698 842 2926 912 σφοδρὸς
2952 841 3161 904 ἔκδικος
3194 840 3302 894 τῶν
3345 837 3646 910 ἐπηρεαζό⁸

2074 939 2250 1008 μένων
2301 938 2601 1009 γινόμενος·
2647 938 2720 1004 ὡς
2762 940 2790 992 ὃ
2828 956 2891 1006 γε
2925 937 2999 1009 μὴ
3033 936 3291 1000 τοιοῦτος,
3323 937 3518 1006 νωθὴς,
3553 935 3648 989 καὶ

2072 1025 2329 1096 ὑπνηλὸς,
2377 1026 2471 1080 καὶ
2510 1027 2704 1098 νεκροῦ
2740 1027 2891 1080 οὐδὲν
2929 1026 3148 1096 ἄμεινον
3193 1025 3549 1093 διακείμενος,
3583 1024 3645 1076 ού

2075 1115 2268 1184 πρᾶος,
2306 1115 2424 1168 οὐδὲ
2457 1115 2728 1183 ἐπιεικής.
2757 1115 2831 1166 Τὸ
2861 1115 3106 1185 παρορᾷν
3143 1112 3545 1182 ἀδικουμένους.
3585 1109 3646 1165 τὸ

2077 1201 2152 1272 μὴ
2185 1201 2370 1270 ἀλγεῖν
2420 1201 2560 1272 ύπέρ
2599 1201 2710 1254 τῶν
2751 1201 3140 1271 ἀδικουμένων,
3184 1199 3316 1270 μηδὲ
3347 1197 3646 1269 θυμοῦσθαι

2073 1292 2184 1352 τοῖς
2203 1288 2620 1359 ἐπηρεάζουσιν,
2649 1289 2748 1342 οὐκ
2773 1289 2993 1360 ἀρετῆς,
3020 1286 3155 1340 ἀλλά
3174 1284 3389 1348 κακίας·
3413 1285 3512 1338 οὐκ
3539 1284 3648 1354 ἄρα

2073 1375 2398 1448 πραότητος,
2433 1376 2567 1429 ἀλλά
2603 1375 2848 1438 νωθείας.
2887 1375 3049 1427 Ὥστε
3087 1373 3218 1426 αὑτὸ
3251 1371 3314 1440 δὴ
3349 1369 3507 1424 τοῦτο
3545 1371 3651 1424 δείο

2075 1481 2264 1518 κνυσιν
2293 1464 2457 1519 αὐτοῦ
2481 1463 2576 1534 τὴν
2598 1463 2900 1534 πραότητα,
2922 1463 3015 1515 καὶ
3039 1463 3120 1514 ὅτι
3144 1460 3316 1524 οὕτως
3338 1455 3404 1530 ἦν
3427 1457 3649 1530 θερμὸς,

2074 1552 2148 1613 ὡς
2171 1554 2264 1606 καὶ
2300 1551 2603 1622 προπηδᾷν,
2635 1552 2693 1602 ἐν
2719 1545 2799 1612 οἷς
2835 1550 3052 1620 ἐτέρους
3080 1547 3462 1616 ἀδικουμένους
3482 1545 3649 1617 ἐώρα,

2076 1641 2326 1710 κατέχειν
2359 1640 2420 1692 οὐ
2455 1639 2752 1708 δυνάμενος
2788 1637 2882 1707 τὴν
2914 1637 3053 1705 ὑπὲρ
3086 1636 3178 1688 τοῦ
3207 1635 3416 1687 δικαίου
3455 1634 3653 1702 ἀγανά-

2076 1745 2287 1798 κτησιν’
2313 1729 2475 1798 ἡνίκα
2497 1726 2628 1795 γοῦν
2659 1727 2820 1790 αὐτὸς
2849 1725 3034 1788 κακῶς
3063 1725 3320 1794 ἔπασχεν,
3357 1723 3479 1777 οῦτε
3509 1721 3653 1794 ἠμύ-

2075 1834 2224 1873 νατο,
2255 1815 2378 1870 οὔτε
2413 1816 2652 1887 ἐπεξῄει,
2680 1814 2792 1867 ἀλλ’
2823 1816 3001 1884 ἔμεινε
3045 1813 3346 1882 φιλοσοφῶν
3368 1810 3650 1882 διηνεκῶς.

2078 1902 2229 1976 [5751
2259 1904 2320 1956 Εἰ
2352 1903 2407 1957 δὲ
2435 1905 2639 1974 τραχὺς
2659 1898 2748 1972 ἦν,
2771 1903 2864 1956 καὶ
2892 1901 3129 1971 ὀργίλος,
3153 1916 3250 1954 ουκ
3278 1901 3344 1953 ἂν
3371 1899 3510 1970 ὑπὲρ
3541 1898 3655 1952 ἐτέ-

2080 2007 2188 2060 ρων
2212 1992 2241 2042 6
2265 1988 2406 2042 οῦτω
2425 1988 2562 2052 ζέων
2589 1991 2680 2042 καὶ
2707 1988 3238 2060 διαθερμαινόμενος,
3267 1987 3406 2058 ὑπὲρ
3425 1987 3533 2040 τῶν
3559 1985 3655 2040 αὑ-

2076 2075 2171 2129 τοῦ
2204 2075 2270 2129 ἂν
2299 2075 2622 2141 κατεδέξατο
2649 2075 2939 2146 ήσυχάσαι,
2971 2075 3104 2128 ἀλλά
3144 2075 3278 2128 πολὺ
3313 2074 3510 2146 μᾶλλον
3533 2074 3656 2127 τότε

2077 2163 2144 2218 ἂν
2171 2161 2500 2234 ἐξηγριώθη.
2537 2164 2681 2216 Ἴστε
2711 2163 2842 2234 γάρ,
2864 2164 2944 2216 ὅτι
2969 2163 3166 2234 μᾶλλον
3187 2163 3278 2216 ἐπὶ
3307 2165 3418 2226 τοῖς
3435 2161 3657 2226 οἰκείοις

2078 2251 2112 2322 ἢ
2135 2253 2246 2315 τοῖς
2275 2249 2575 2322 ἀλλοτρίοις
2602 2251 2896 2322 ἀλγοῦμεν.
2944 2250 3181 2308 Ἐκεῖνος
3209 2249 3266 2304 δέ
3293 2248 3402 2304 τῶν
3443 2251 3538 2322 μὲν
3560 2250 3656 2305 ἀλ-

2078 2340 2185 2392 λων
2215 2339 2530 2410 πασχόντων
2557 2339 2764 2402 κακῶς,
2801 2339 2978 2393 αὐτῶν
3015 2338 3114 2392 οὐκ
3149 2337 3368 2392 ἔλαττον
3415 2338 3522 2392 τῶν
3554 2355 3659 2392 πα-

2081 2427 2320 2498 σχόντων
2340 2426 2599 2497 ὴμύνετοο
2631 2427 2701 2480 τά
2725 2426 2781 2479 δὲ
2815 2428 2894 2488 εἰς
2917 2425 3080 2479 αὐτὸν
3113 2426 3369 2497 γινόμενα
3397 2426 3658 2496 πλημμε-

2079 2514 2297 2584 λήματα
2336 2513 2475 2584 μετά
2520 2513 2720 2584 πολλῆς
2760 2513 3064 2584 παρέτρεχε
3107 2515 3206 2585 τῆς
3247 2516 3562 2586 καρτερίας.
3599 2515 3658 2567 ἐν

2078 2601 2357 2672 ἑκατέροις
2386 2601 2554 2674 ἄκρος
2592 2601 2689 2666 ὢν,
2728 2603 2821 2655 καὶ
2843 2602 2921 2672 τῷ
2955 2603 3052 2672 μὲν
3074 2601 3135 2655 16
3168 2604 3549 2674 μισοπόνηρον,
3581 2602 3658 2673 τῷ

2078 2688 2137 2742 δέ
2167 2689 2229 2742 16
2266 2689 2620 2760 μακρόθυμον
2661 2689 3118 2758 ἐπιδεικνύμενος.
3175 2689 3336 2743 Ἀλλά
3379 2691 3431 2742 τί
3485 2691 3658 2744 ποιεῖν

2079 2777 2270 2848 ἐχρῆν,
2299 2778 2424 2830 εἰπέ
2459 2795 2582 2847 μοι;
2625 2779 2886 2848 περιορᾷν
2916 2776 3014 2846 τὴν
3050 2778 3262 2830 ἀδικίαν
3291 2775 3310 2814 ί
3345 2777 3656 2847 γινομένην,

2081 2865 2175 2918 καὶ
2218 2866 2297 2928 εἰς
2330 2864 2391 2917 16
2423 2864 2622 2933 πλῆθος
2659 2864 2906 2917 ἐκϐαῖνον
2933 2863 2995 2917 16
3025 2865 3226 2928 κακόν;
3271 2863 3408 2917 Ἀλλ’
3451 2866 3551 2918 οὐκ
3587 2861 3656 2935 ἦν
3761 2913 3764 2915 .

2079 2951 2236 3005 τοῦτο
2265 2950 2618 3021 δημαγωγοῦ,
2655 2951 2774 3004 οὐδὲ
2802 2949 3154 3022 μακροθύμου
3183 2951 3324 3016 τινὸς
3358 2951 3451 3005 καὶ
3481 2953 3660 3018 ἀνεξι-

2081 3039 2274 3106 κάκου,
2304 3037 2436 3092 ἀλλά
2458 3039 2665 3110 νωθροῦ
2688 3039 2781 3092 καὶ
2800 3038 3269 3100 ἀναπεπτωκότος.
3301 3040 3372 3092 Σὺ
3395 3039 3450 3092 δὲ
3491 3039 3658 3110 ἰατρῷ
3758 3069 3763 3074 -

2085 3127 2182 3198 μὲν
2231 3127 2332 3179 οὐκ
2383 3126 2633 3195 ἐγκαλεῖς
2691 3125 2788 3196 τὴν
2844 3125 3109 3184 σηπεδόνα
3148 3125 3466 3195 βαδίζουσαν
3517 3129 3658 3182 κατά

2083 3216 2283 3280 παντὸς
2313 3215 2408 3270 τοῦ
2443 3214 2690 3285 σώματος
2733 3215 3211 3285 προαναστέλλοντι
3240 3218 3303 3286 τῇ
3333 3219 3493 3286 τομῇ,
3517 3218 3658 3270 ἐκεῖ·

2080 3327 2170 3362 νον
2203 3309 2258 3362 δὲ
2296 3309 2628 3382 τραχύτατον
2657 3303 2794 3362 εἶναι
2827 3309 2951 3378 φῂς,
2981 3307 3073 3360 τὸν
3106 3308 3258 3360 νόσον
3282 3310 3459 3380 πολλῷ
3491 3327 3660 3380 σηπε-

2079 3401 2228 3464 δόνος
2261 3399 2646 3470 χαλεπωτέραν
2687 3399 2826 3452 κατά
2867 3397 3069 3460 παντὸς
3114 3399 3340 3472 ῥέουσαν
3366 3401 3459 3453 τοῦ
3486 3401 3656 3472 δήμου

2082 3488 2408 3559 βουληθέντα
2463 3488 2806 3558 ἀναχαιτίσαι
2860 3487 3041 3558 πληγῇ
3091 3487 3436 3560 τραχυτέρᾳ;
3497 3490 3658 3544 Ἀλλά

2078 3574 2253 3629 ταῦτα
2273 3573 2584 3646 ἀγνώμονος
2603 3573 2875 3627 δικαστοῦ.
2903 3575 3004 3627 Τον
3031 3574 3138 3645 γὰρ
3159 3565 3465 3647 προστάτην
3485 3577 3545 3648 δή
3555 3597 3656 3648 μου

2080 3661 2357 3729 τοσούτου,
2390 3663 2484 3716 καὶ
2504 3661 2655 3725 ἔθνος
2677 3660 2819 3714 οῦτω
2846 3661 3079 3734 σκληρὸν
3099 3664 3314 3731 ἄγοντα,
3341 3667 3433 3717 καὶ
3458 3668 3654 3736 τραχὺ.

2080 3752 2172 3805 καὶ
2213 3750 2480 3820 δυσήνιον,
2513 3751 2571 3801 ὲν
2606 3749 2910 3819 προοιμίοις
2960 3750 3301 3803 ἀναστέλλειν
3335 3753 3523 3822 ἐχρῆν,
3561 3755 3655 3806 καὶ

2077 3839 2142 3891 ἐκ
2177 3838 2462 3911 προθύρων
2509 3837 2856 3901 ἀνακόπτειν,
2887 3835 3026 3889 ὥστε
3073 3839 3146 3908 μῆ
3170 3840 3479 3911 περαιτέρω
3518 3858 3654 3911 προ)-

2077 3929 2280 3981 6αίνειν
2328 3928 2352 3967 Β
2381 3927 2440 3980 16
2472 3926 2663 3980 δεινόν.
2724 3925 2884 3979 Ἀλλά
2934 3925 3212 3991 κατέδυσε,
3253 3927 3403 3995 φησὶ,
3461 3926 3653 3991 Δαθάν,

2080 4018 2175 4071 καὶ
2217 4015 2494 4086 ’Λόειρών.
2536 4016 2600 4068 Τί
2631 4013 2846 4083 λέγεις;
2877 4014 2971 4067 καὶ
2995 4013 3103 4066 ἔδει
3134 4015 3393 4084 περιιδεῖν
3429 4016 3655 4086 ἱερωσύ-

2079 4121 2176 4175 νην
2215 4102 2582 4172 πατουμένην,
2629 4102 2722 4154 καὶ
2751 4099 2886 4154 Θεοῦ
2927 4101 3125 4171 νόμους
3163 4103 3652 4173 ἀνατρεπομένους,

2081 4193 2174 4244 καὶ
2205 4190 2266 4244 16
2292 4190 2513 4260 συνέχον
2547 4188 2764 4243 ἅπαντα
2792 4188 3154 4259 διαλυόμενον,
3196 4189 3337 4258 λέγω
3362 4190 3424 4261 δὴ
3461 4190 3522 4242 16
3553 4192 3656 4260 τῆς

2082 4277 2383 4350 ἰερωσύνης
2417 4276 2654 4346 ἀξίωμα,
2681 4277 2773 4329 καὶ
2801 4277 2936 4330 πᾶσι
2964 4275 3098 4345 βατά
3127 4276 3347 4346 ποιῆσαι
3375 4279 3442 4330 τά
3464 4279 3652 4343 ἄδυτα,

2079 4366 2172 4418 καὶ
2209 4365 2316 4417 ἀπὸ
2355 4363 2456 4433 τῆς
2490 4364 2618 4433 περὶ
2652 4363 2875 4425 τούτους
2919 4363 3191 4433 ῥᾳθυμίας
3233 4365 3508 4434 προθεῖναι
3540 4371 3656 4432 τοῖς

2083 4452 2424 4522 βουλομένοις
2457 4451 2580 4514 τοὺς
2616 4451 2793 4521 ἱεροὺς
2830 4455 3161 4505 καταπατεῖν
3191 4452 3526 4521 περιϐόλους,
3560 4456 3654 4509 καὶ

2081 4543 2258 4596 πάντα
2284 4541 2395 4596 ἄνω
2426 4542 2518 4594 καὶ
2544 4541 2694 4594 κάτω
2715 4539 2990 4608 γίνεσθαις
3033 4541 3192 4594 Ἀλλά
3217 4542 3388 4595 ταῦτα
3421 4543 3655 4612 μάλιστα

2084 4629 2388 4700 πραότητος
2413 4629 2510 4681 οὐκ
2530 4623 2618 4699 ἦν,
2650 4626 2784 4680 ἀλλὰ
2816 4627 3205 4699 ἀπανθρωπίας
3235 4630 3326 4682 καὶ
3351 4631 3652 4702 ὠμότητος,

2079 4717 2140 4770 τὸ
2174 4716 2432 4788 περιιδεῖν
2465 4713 2716 4769 τοσοῦτον
2746 4715 2914 4767 κακὸν
2945 4714 3258 4785 αὐξόμενον,
3289 4717 3382 4771 καὶ
3409 4719 3657 4790 φειδόμε-

2083 4822 2171 4858 νον
2217 4803 2523 4868 διακοσίων,
2566 4803 2825 4856 ἀπολέσαι
2879 4804 3139 4874 μυριάδας
3189 4805 3476 4870 τοσαύτας.
3519 4808 3654 4860 Εἰπὲ

2082 4892 2190 4962 γάρ
2231 4907 2342 4961 μοι,
2371 4892 2458 4944 ὅτε
2490 4889 2738 4943 ἐκέλευσε
2767 4888 2967 4958 σφάξαι
3007 4893 3133 4955 τοὺς
3163 4894 3570 4964 προσήκοντας,
3601 4894 3655 4948 τί

2082 4981 2305 5050 ποιῆσαι
2333 4979 2520 5050 ἐχρῆν,
2550 4977 2903 5049 ὀργιζομένου
2941 4980 3095 5044 Θεοῦ,
3126 4981 3223 5052 τῆς
3262 4981 3514 5047 ἀσεϐείας
3560 4985 3656 5038 αὐ-

2085 5067 2335 5138 ξομένης,
2365 5066 2577 5128 οὐδενὸς
2608 5065 2760 5129 ὄντος
2788 5066 2881 5120 τοῦ
2905 5067 3200 5138 δυναμένου
3225 5072 3324 5139 τῆς
3357 5071 3526 5141 ὀργῆς
3555 5072 3654 5125 αὑ-

2080 5157 2206 5218 τοὺς
2232 5154 2567 5226 ἐξαρπάσαις
2603 5155 2814 5223 ἀφεῖναι
2836 5155 2932 5226 τὴν
2953 5158 3016 5208 ἐκ
3045 5156 3150 5210 τῶν
3179 5157 3420 5230 οὐρανῶν
3441 5159 3654 5233 ’πληγὴν

2081 5245 2174 5298 ἐπὶ
2217 5243 2314 5307 τάς
2371 5244 2542 5312 φυλὰς
2588 5244 2805 5307 ἀπάσας
2842 5244 3145 5317 ἐνεχθῆναι,
3177 5249 3272 5302 καὶ
3311 5247 3652 5320 πανωλεθρίᾳ

2081 5332 2415 5403 παραδοῦναι
2461 5332 2520 5386 τὸ
2562 5333 2736 5399 γένος,
2783 5333 2877 5386 καὶ
2909 5335 3046 5404 μετά
3071 5336 3168 5406 τῆς
3192 5336 3463 5400 κολάσεως
3497 5353 3654 5409 περι-

2086 5420 2213 5474 ιδεῖν
2241 5421 2336 5474 καὶ
2355 5420 2452 5492 τὴν
2471 5421 2744 5491 ἁμαρτίαν
2765 5421 2982 5477 ἀνίατον
3006 5425 3295 5496 γινομένην
3314 5443 3329 5492 ;
3363 5426 3394 5498 ἢ
3415 5423 3652 5498 τιμωρίᾳ

2151 5654 2170 5696 ί
2193 5657 2289 5707 Alii
2305 5658 2388 5715 τήν
2407 5658 2595 5708 κακίαν.

2145 5721 2171 5760 Ι
2197 5718 2306 5769 Sav.
2329 5721 2578 5784 προϐῆναι,
2603 5726 2659 5772 οι
2677 5718 2800 5772 in!"
2824 5722 2903 5770 καὶ
2924 5720 2980 5771 τὸ
2998 5724 3195 5787 συνέχον
3215 5723 3356 5775 ἅπαν.
