4084 6334
510 447 604 500 καὶ
633 443 778 514 φόνῳ
810 442 1078 514 σωμάτων
1102 439 1298 510 ὀλίγων
1326 439 1386 497 τό
1419 459 1479 496 τε
1520 443 1824 514 ἀμάρτημα
1852 440 2083 504 ἀνελεῖν,

510 535 608 600 τήν
637 548 696 584 τε
727 529 898 602 ὀργὴν
936 529 1302 600 ἀναχαιτίσαι,
1341 531 1432 584 τόν
1453 547 1512 583 τε
1541 530 1674 583 Θεὸν
1707 530 1833 584 ἵλεω
1862 542 1890 571 ι
1917 547 2086 583 κατα-

511 619 706 689 στῆσαι
725 621 835 682 τοῖς
855 618 924 671 τά
953 617 1174 670 τοιαῦτα
1201 617 1719 688 πεπλημμεληκόσιν
1741 634 1754 682 ;
1784 619 1878 670 Ἂν
1913 616 2088 680 οὕτως

510 705 767 778 ἐξετάζῃς
801 705 867 759 τά
891 704 986 758 τοῦ
1011 704 1240 769 δικαίου,
1271 703 1388 773 ὄψει
1427 704 1660 776 μάλιστα
1687 703 1936 758 ἐντεῦθεν
1958 703 2086 757 ὄντα

507 794 671 848 αὑτὸν
701 811 739 846 1:
746 795 1018 864 ραότατον.

581 881 648 952 β’.
689 879 852 934 Ἀλλά
869 879 1041 934 ταῦτα
1066 881 1129 932 ἐκ
1152 879 1256 932 τῶν
1279 879 1580 950 εἰρημένων
1596 882 1708 943 τοῖς
1734 879 2086 950 φιλομαθέσιν

509 968 738 1037 ἀφέντες
762 967 1064 1034 ἀναλέγειν,
1095 967 1180 1020 ἵνα
1216 968 1288 1038 μή
1315 965 1374 1026 τὸ
1398 968 1673 1038 πάρεργον
1703 966 1794 1019 τοῦ
1826 967 1964 1037 μετά
1983 970 2088 1036 χεῖ-

509 1074 610 1127 ρας
642 1056 822 1127 μεῖζον
855 1056 1193 1125 ποιήσωμεν,
1224 1055 1316 1106 ἐπὶ
1347 1054 1404 1106 τὸ
1425 1052 1782 1124 προκείμενον
1806 1055 1992 1122 ἴωμεν.
2021 1053 2085 1106 Τί

506 1143 561 1196 δὲ
591 1139 657 1214 ῆν
687 1143 746 1196 τὸ
772 1142 1163 1212 προκείμενον;
1190 1140 1524 1206 Μνήσθητι,
1565 1143 1763 1208 Κύριε,
1794 1141 1900 1195 τοῦ
1933 1141 2083 1214 [576]

506 1230 706 1294 Δαυῒδ,
749 1229 845 1282 καί
879 1227 1080 1294 πάσης
1109 1227 1216 1294 τῆς
1236 1229 1569 1295 πραότητος
1597 1228 1806 1281 αὐτοῦ·
1831 1229 1910 1293 ὼς
1943 1228 2086 1297 ὤμο-

507 1334 582 1372 σε
611 1316 690 1383 τῷ
731 1317 924 1384 Κυρίῳ
949 1317 998 1380 δ,
1039 1317 1264 1384 ηὔξατο
1317 1314 1394 1380 τῷ
1444 1313 1566 1379 Θεῷ
1599 1314 1810 1370 Ἰακώϐ.
1859 1315 2084 1385 Προθεὶς

508 1409 680 1459 εἰπεῖν
703 1406 827 1477 περὶ
844 1404 1163 1479 πραότητος,
1188 1405 1343 1472 ἀφεὶς
1366 1403 1728 1473 διηγήσασθαι
1749 1403 1816 1456 τά
1836 1403 1975 1456 κατὰ
1994 1404 2086 1457 τὸν

508 1493 702 1558 Σαοὺλ,
735 1494 801 1547 τά
833 1492 973 1547 κατά
998 1494 1126 1555 τοὺς
1156 1493 1437 1561 ἀδελφοὺς,
1467 1492 1531 1546 τά
1556 1491 1650 1545 τοῦ
1687 1492 1957 1554 Ἱωνάθαν,
1985 1492 2086 1565 τὴν

507 1581 888 1651 μακροθυμίαν
915 1580 1011 1651 τὴν
1032 1581 1124 1632 ἐπὶ
1155 1579 1247 1632 τοῦ
1271 1579 1602 1651 στρατιώτου
1625 1579 1720 1634 τοῦ
1744 1579 1957 1652 μυρίοις
1981 1581 2083 1634 αὐ-

503 1669 596 1722 τὸν
639 1667 1023 1739 περιϐαλόντος
1075 1667 1349 1728 ὀνείδεσιν,
1390 1667 1551 1738 ἔτερα
1600 1666 1818 1720 πλείονα
1856 1665 2078 1734 τούτων,

505 1756 590 1825 ἐφ’
617 1756 702 1808 ἒτε
713 1772 801 1826 ρον
828 1754 1122 1823 κεφάλαιον
1147 1755 1270 1822 ἀγει
1293 1754 1383 1806 τὸν
1406 1753 1582 1821 λόγον,
1610 1753 1638 1806 6
1662 1752 1824 1822 ζήλου
1849 1754 2084 1824 μάλιστα

504 1839 571 1913 ἦν
606 1843 819 1898 πολλοῦ.
846 1842 1001 1905 Τίνος
1028 1843 1084 1894 δὲ
1116 1841 1300 1894 ἕνεκεν
1324 1841 1483 1894 τοῦτο
1514 1843 1688 1906 ποιεῖ;
1717 1843 1873 1896 Δυοῖν
1897 1842 2080 1896 ἐνεκαο

505 1933 622 1995 ἐνὸς
647 1931 767 2002 μὲν,
791 1931 977 2002 ἐπειδὴ
1008 1930 1181 2000 τούτῳ
1213 1931 1444 2001 μάλιστα
1477 1930 1829 2001 ἐπιτέρπεται
1860 1932 1890 1984 6
1926 1931 2079 1996 Θεός’

517 2020 646 2073 Ἑπί
699 2020 831 2072 τίνα
867 2019 977 2087 γὰρ
1005 2017 1329 2086 ἐπιθλέψω,
1381 2018 1565 2087 φησὶν,
1599 2019 1737 2072 ἀλλ’
1771 2019 1810 2086 ἢ
1849 2018 1948 2072 ἐπὶ
1976 2019 2082 2072 τὸν

503 2105 696 2174 πρᾶον
721 2117 743 2144 α
779 2105 876 2158 καί
900 2106 1180 2173 ἡσύχιον,
1215 2105 1312 2158 καί
1341 2105 1630 2174 τρέμοντα
1647 2124 1766 2176 μου
1803 2105 1946 2172 τοὺς
1977 2109 2080 2161 λό-

501 2214 645 2265 γους
665 2211 682 2257 ;
705 2196 891 2266 ἐτέρου
915 2195 993 2261 δὲ,
1022 2194 1207 2265 ἐπειδὴ
1230 2195 1290 2247 τὸ
1314 2199 1636 2264 κατεπεῖγον
1659 2195 1813 2249 τοῦτο
1846 2196 2080 2266 μάλιστα

501 2277 590 2353 ἦν,
660 2284 953 2345 ἀνάστασις
1017 2279 1167 2346 ναοῦ,
1234 2282 1328 2336 καὶ
1379 2283 1635 2353 οἰκοδομὴ
1697 2283 1923 2347 πόλεως,
1983 2285 2078 2337 καὶ

500 2373 532 2437 ἡ
559 2371 658 2441 τῆς
689 2369 925 2432 παλαιᾶς
954 2369 1228 2433 πολιτείας
1257 2368 1528 2431 ἀπόδοσις,
1563 2369 1696 2439 πρὸς
1719 2369 1878 2423 τοῦτο
1913 2370 2076 2441 μάλι-

500 2471 601 2508 στα
633 2454 842 2522 ἐπείγει
873 2453 963 2506 τὸν
987 2452 1164 2521 λόγον,
1194 2452 1288 2506 καὶ
1316 2452 1376 2504 τὸ
1411 2451 1509 2521 μὲν
1537 2452 1611 2516 ὡς
1639 2452 1796 2522 δῆλον
1824 2456 1916 2507 καὶ
1939 2455 2074 2524 ὠμο-

496 2537 796 2608 λογημένον
828 2539 1059 2608 παρίησι
1083 2554 1097 2568 ·
1150 2536 1210 2589 τὸ
1256 2535 1312 2588 δὲ
1361 2537 1494 2588 πᾶσι
1529 2537 1856 2606 καταφανὲς,
1890 2536 1950 2590 τὸ
1977 2538 2077 2607 τῆς

497 2621 831 2691 πραότητος·
865 2613 926 2673 οὗ
954 2620 1017 2690 δὴ
1049 2619 1281 2689 μάλιστα
1315 2617 1341 2656 ἀ
1373 2618 1541 2670 ἐδεῖτο
1572 2621 1649 2681 εἰς
1684 2619 1745 2671 τὸ
1773 2619 2073 2692 προκείμε-

496 2721 604 2767 νον,
645 2703 801 2756 τοῦτο
829 2704 910 2766 εἰς
951 2703 1115 2772 μέσον
1141 2702 1316 2770 φέρει.
1346 2702 1410 2753 Τί
1442 2701 1550 2771 γὰρ
1579 2700 1886 2772 ἐπεθύμουν
1912 2702 2036 2754 ἰδεῖν
2057 2719 2100 2765 ;.

493 2786 597 2838 Τὸν
623 2785 749 2837 ναὸν
772 2785 1102 2848 ἀναστάντα,
1133 2786 1225 2838 καὶ
1248 2785 1347 2855 τὴν
1374 2783 1606 2837 παλαιὰν
1633 2785 1918 2852 ἀγιαστίαν
1941 2786 2070 2839 ἀπο-

490 2869 755 2922 δοθεῖσαν.
792 2869 942 2920 Ἐπεὶ
992 2863 1084 2921 οὖν
1129 2869 1188 2920 ἐν
1243 2867 1417 2937 τούτῳ
1472 2867 1708 2938 μάλιστα
1765 2868 2006 2939 ἔλαμψεν
2045 2872 2074 2924 6

491 2953 676 3014 Δαυὶδ,
714 2952 904 3021 ὥσπερ
936 2951 1172 3022 ἀμοιϐὴν
1199 2950 1299 3021 τῆς
1351 2952 1559 3004 ἐκείνου
1592 2952 1826 3022 σπουδῆς
1853 2953 2076 3006 ἀπαιτεῖ

488 3035 581 3087 τὸν
610 3034 741 3087 Θεὸν
771 3033 865 3086 τοῦ
901 3034 1028 3086 ναοῦ
1057 3033 1154 3104 τὴν
1186 3033 1493 3103 οἰκοδομὴν,
1545 3033 1639 3086 καί
1689 3051 1820 3105 φησι
1840 3049 1854 3064 ⁸
1904 3035 2071 3102 Μνή-

489 3122 686 3184 σθητι,
726 3119 922 3185 Κύριε,
974 3118 1079 3170 τοῦ
1116 3117 1316 3178 Δαυίδ,
1367 3117 1464 3168 καὶ
1506 3116 1713 3185 πάσης
1750 3117 1861 3184 τῆς
1897 3119 2073 3187 πραό-

490 3219 665 3266 τητος
705 3199 925 3254 αὐτοῦ’
986 3201 1067 3264 ὡς
1099 3199 1297 3268 ὤμοσε
1339 3198 1418 3264 τῷ
1470 3200 1686 3268 Κυρίῳ,
1732 3201 1958 3268 ηὔξατο
1991 3201 2070 3268 τῷ

491 3281 613 3346 θεῷ
645 3282 874 3336 Ἰακώϐ·
910 3282 972 3332 Ei
1000 3283 1422 3351 εἰσελεύσομαι
1455 3285 1541 3348 εἰς
1571 3283 1860 3353 σκήνωμα
1897 3286 2068 3338 οἴκου

483 3385 622 3435 μου,
667 3369 717 3420 εἰ
759 3367 1136 3434 ἀναϐήσομαι
1179 3365 1278 3418 ἐπὶ
1323 3367 1537 3433 κλίνης
1583 3365 1897 3436 στρωμνῆς
1925 3385 2065 3437 μου,

485 3452 537 3500 εἰ
585 3448 757 3501 δώσω
806 3449 1006 3502 ὕπνον
1053 3447 1178 3514 τοῖς
1231 3447 1557 3518 ὀφθαλμοῖς
1597 3467 1735 3517 μου,
1785 3449 1884 3503 καί
1943 3449 2068 3515 τοῖς

483 3529 814 3600 ,ϐλεφάροις
849 3549 970 3599 μου
1005 3532 1374 3601 νυσταγμύν,
1427 3533 1526 3585 καὶ
1567 3532 1915 3588 ἀνάπαυσιν
1942 3533 2067 3599 τοῖς

488 3615 804 3681 κροτάφοις
840 3632 983 3682 μου,
1034 3614 1146 3681 ἕως
1183 3610 1254 3670 οὗ
1287 3615 1438 3681 εὕρω
1497 3615 1682 3669 τόπον
1728 3615 1809 3681 τῷ
1848 3619 2062 3684 Κυρίῳ,

484 3695 776 3766 σκήνωμα
815 3696 897 3762 τῷ
931 3695 1052 3762 Θεῷ
1084 3696 1296 3752 Ἰακώϐ.
1336 3698 1445 3751 Καὶ
1483 3697 1536 3751 τί
1590 3698 1748 3752 τοῦτο
1795 3700 1932 3772 πρὸς
1968 3701 2060 3767 σέ;

489 3784 609 3835 Ὅτι
648 3782 879 3845 ἐκείνου,
912 3782 1098 3852 φησὶν,
1147 3781 1368 3850 ἔκγονός
1398 3784 1534 3853 εἰμι,
1566 3783 1662 3836 καὶ
1705 3784 1826 3836 ἐπεὶ
1857 3786 2062 3840 ἐκεῖνον

485 3865 883 3934 ἀποδεξάμενος
914 3864 1012 3934 τῆς
1036 3864 1290 3935 σπουδῆς,
1323 3865 1530 3934 ἔφησας
1565 3868 1781 3935 στήσειν
1807 3867 1971 3920 αὐτοῦ
1999 3867 2060 3921 τὸ

484 3951 638 4016 γένοξ
677 3951 771 4001 καὶ
795 3949 894 4016 τὴν
925 3946 1222 4016 βασιλείαν,
1253 3948 1342 4000 διὰ
1371 3949 1530 4002 τοῦτο
1555 3948 1758 4012 ταύτας
1792 3951 2056 4004 άπαιτοῦυ

487 4049 585 4101 μεν
612 4031 709 4094 τὰς
739 4030 1012 4100 συνθήκας
1040 4030 1154 4086 νῦν.
1187 4031 1297 4084 Καὶ
1323 4032 1422 4084 οὐκ
1447 4029 1619 4098 εἶπεν,
1649 4033 1754 4096 ἕως
1774 4028 1835 4087 οῦ
1865 4034 2060 4087 οἰκοδο-

486 4118 645 4184 μήσω
674 4113 852 4182 (τοῦτο
882 4113 992 4183 γὰρ
1033 4114 1181 4184 αὐτῷ
1221 4115 1320 4167 οὐκ
1361 4117 1584 4184 ἐφεῖτο),
1635 4115 1773 4181 ἀλλ’,
1799 4115 1947 4183 Ἕως
1983 4112 2056 4172 οὗ

481 4198 631 4264 εὕρω
665 4198 852 4250 τόπον
879 4196 960 4262 τῷ
995 4197 1187 4265 Κυρίῳ
1222 4198 1321 4251 καὶ
1355 4197 1660 4267 σκήνωμα.
1685 4194 1818 4252 Εἶτα
1840 4199 1930 4252 τὸν
1957 4199 2056 4268 μὲν

479 4280 910 4350 οἰκοδομήσαντα
959 4280 1322 4351 παρατρέχει·
1361 4280 1452 4332 τὸν
1493 4280 1549 4334 δὲ
1585 4281 2054 4351 ἐπαγγειλάμενον

479 4365 558 4423 εἰς
591 4363 754 4430 μέσον
777 4362 1010 4432 τίθησιν,
1042 4364 1128 4416 ἴνα
1160 4364 1338 4436 μάθῃς
1367 4365 1530 4417 πόσον
1557 4365 1676 4418 ἐστὶ
1705 4364 1897 4435 γνώμη
1919 4365 2053 4438 ὀρθή

479 4444 704 4509 ἀγαθὸν,
730 4445 823 4497 καὶ
851 4445 963 4508 πῶς
986 4447 1072 4498 ἀεὶ
1098 4449 1164 4517 τῇ
1191 4447 1506 4517 προαιρέσει
1535 4447 1626 4500 τὸν
1651 4448 1839 4518 μισθὸν
1867 4450 1895 4500 6
1923 4449 2054 4513 Θεὸς

476 4529 678 4596 ὁρίζειν
707 4529 865 4582 εἴωθε
888 4547 900 4562 ο
936 4530 1023 4582 διά
1056 4530 1117 4598 δὴ
1146 4531 1302 4585 τοῦτο
1329 4531 1491 4585 αὐτοῦ
1522 4531 1794 4603 μέμνηται
1832 4531 2048 4602 μᾶλλον,

476 4610 662 4680 ἐπειδὴ
693 4614 786 4664 καὶ
831 4613 991 4676 αὐτὸς
1042 4614 1238 4684 μᾶλλόν
1273 4616 1420 4667 ἐστιν
1465 4617 1494 4668 6
1539 4614 1926 4685 ᾠκοδομηκὼς,
1958 4615 1990 4686 ῆ
2023 4616 2052 4667 ό

478 4696 625 4754 παῖς.
657 4693 714 4745 'U
751 4696 850 4764 μὲν
882 4696 990 4764 γὰρ
1022 4697 1412 4766 ἐπηγγείλατο,
1465 4699 1492 4749 6
1539 4697 1595 4750 δὲ
1629 4699 1892 4769 ἐπετάγη.
1939 4699 2050 4753 Καὶ

475 4777 574 4844 ὅρα
605 4777 765 4829 αὑτοῦ
794 4777 890 4848 τὴν
923 4780 1248 4850 προθυμίαν.
1275 4781 1349 4832 Οὐ
1375 4779 1534 4848 μόνον
1559 4782 1640 4844 εἰς
1666 4781 1842 4833 οἰκίαν
1884 4785 2049 4854 φησὶν

474 4861 572 4911 οὐκ
622 4860 1041 4922 εἰσελεύσεσθαι,
1100 4863 1222 4915 ούδέ
1276 4864 1354 4926 εἰς
1405 4862 1592 4933 κλίνην
1652 4863 2044 4934 ἀναϐήσεσθαι,

475 4941 586 4995 ἀλλ’
626 4944 748 4996 οὐδὲ
775 4943 810 4998 ἀ
846 4945 954 4997 ἀπὸ
983 4947 1080 5015 τῆς
1111 4946 1344 5016 φυσικῆς
1372 4946 1616 5016 ἀνάγκης
1652 4941 1744 5017 ἦν.
1773 4948 1894 5000 ούδέ
1923 4949 2048 5001 τού-

470 5044 578 5080 των
607 5027 1007 5081 ἀπολαύσεσθαι
1043 5041 1066 5067 θ
1107 5029 1242 5099 μετὰ
1285 5029 1486 5093 ἁδείας,
1525 5030 1630 5092 ἕως
1677 5024 1736 5082 οὗ
1781 5030 1915 5103 εὕρῃ
1956 5033 2045 5084 τό·

471 5128 572 5162 πον
610 5110 704 5164 καὶ
744 5113 1007 5180 σκήνωμα
1050 5113 1127 5181 τῷ
1173 5113 1292 5182 Θεῷ
1334 5112 1550 5167 Ἰακώϐ.
1583 5108 1681 5166 Ὦν
1723 5113 1794 5166 τὰ
1828 5115 2044 5168 ἐναντία

470 5194 625 5248 αὐτοὶ
654 5195 1003 5248 ἐνεκαλοῦντο
1045 5197 1195 5267 παρά
1225 5197 1315 5249 τοῦ
1347 5197 1502 5260 Θεοῦ,
1546 5198 1791 5267 λέγοντος
1813 5215 1824 5226 ·
1858 5198 2042 5270 ἠιεῙς

529 5358 558 5388 ⁸
577 5358 689 5408 Sav.
713 5361 868 5409 ἵλεων.

532 5419 561 5459 1³
588 5421 707 5470 Mor.
749 5425 904 5486 habet
925 5426 994 5485 τῷ
1026 5425 1154 5485 Θεῷ,
1187 5425 1334 5474 male.
1377 5425 1500 5475 Ibid.
1536 5435 1649 5486 post
1695 5429 1868 5478 Ἰακώϐ
1893 5443 2035 5486 unus,

468 5487 600 5548 teslp
629 5485 830 5548 Savilio.
853 5487 986 5534 addn
1023 5486 1068 5532 τί
1099 5489 1272 5548 λέγειςζ
1314 5501 1409 5537 non
1451 5485 1596 5538 mafe.
1642 5491 1764 5539 Infra
1802 5491 1914 5539 Sav.
1949 5485 2036 5540 τοῦ

469 5544 649 5606 μυρίοις
687 5547 831 5594 αὐτὸν
849 5549 1102 5604 πλύνοντος
1132 5544 1238 5600 ὀνεί
1265 5549 1434 5598 .Paulo
1458 5557 1568 5612 post
1585 5553 1714 5600 idem
1733 5553 1857 5600 δυεῖν
1878 5555 2031 5602 ἕνεκα.

531 5607 550 5634 ί
584 5605 633 5653 In
660 5609 875 5656 editione
899 5612 993 5657 τῶν
1016 5609 1083 5658 Ο¹
1125 5610 1336 5660 Romana
1363 5614 1542 5660 lenitur
1561 5615 1637 5660 ἐπὶ
1675 5615 1755 5660 τὸν
1796 5616 2031 5660 ταπεινόν·

531 5615 550 5634 ε
584 5615 633 5653 In
660 5615 875 5656 editione
899 5615 993 5657 τῶν
1016 5615 1083 5658 0'
1126 5615 1336 5661 Romana
1363 5615 1542 5671 legitur
1561 5615 1637 5662 ἐπὶ
1675 5615 1755 5660 τὸν
1796 5616 2012 5664 ταπεινόν

470 5666 726 5734 Μαι-δαν..
750 5669 955 5734 μάλιστα
977 5671 1051 5729 ἦν’
1076 5672 1156 5731 καὶ
1177 5672 1266 5734 γάρ
1288 5676 1316 5730 ἡ
1342 5674 1506 5722 ἀνάστ.

527 5727 551 5797 1‘
575 5727 866 5797 ἓδνςίέὲδή
887 5727 1062 5797 πᾶσι-ετ
1088 5727 1320 5797 πιέειν·ὀῦ
1343 5737 1394 5784 δὲ
1415 5738 1496 5783 καὶ
1521 5740 1742 5797 ιλιιίυ-ιστιιι⁸

523 5790 541 5857 ξ
574 5789 722 5896 Salii.
747 5792 865 5898 1611’
903 5794 1015 5842 οὐδὲ
1042 5794 1068 5840 ὃ
1089 5789 1183 5842 ἀπὸ
1207 5789 1286 5853 τῆς
1328 5789 1531 5858 φυσικῆς
1557 5798 1760 5858 ἀνάγκης
1799 5796 1874 5857 ἦν,
1919 5799 2026 5848 οὐδὲ

523 5863 629 5896 ww
683 5867 745 5898 κο
779 5884 792 5898 .

466 5861 629 5896 τουτου
652 5861 792 5898 ἀπολ.

865 5979 876 6007 ’λ
934 5991 946 5999 ⁸
965 5991 1113 6010 w
1233 5998 1316 6013 ν...-

1199 326 1257 386 s.
1295 325 1577 384 JOANNIS
1613 322 2106 382 cnnvsoswm
2143 313 2466 383 ARCH'IEP.
2504 326 3054 386 CONSTANTINOP.

2188 440 2306 510 μὲν
2331 443 2545 498 οἰκεῖτε
2589 444 2660 497 ἐν
2685 444 2873 510 οἴκοις
2909 441 3398 514 κοιλοστάθμοις·
3445 447 3480 500 ό
3511 445 3581 500 δὲ
3603 443 3766 514 οἶκός

2183 525 2304 594 μού
2331 525 2503 580 ἐστιν
2523 527 2761 596 ἕρημος.
2782 527 2931 594 Ἕως
2962 521 3035 582 οὗ
3062 525 3212 594 εὕρω
3237 530 3424 583 τόπον
3443 528 3524 595 τῷ
3549 531 3764 598 Κυρίῳ,

2187 607 2480 677 σκήνωμα
2510 609 2589 675 τῷ
2619 609 2740 676 Θεῷ
2771 608 3000 667 Ἰακώϐ.
3023 610 3166 682 Ὅρα
3201 610 3360 666 πάλιν
3385 613 3480 667 καὶ
3516 613 3767 668 ἐντεῦθεν

2185 692 2283 761 τὴν
2314 693 2564 764 σπουδήν,
2592 694 2687 746 καὶ
2713 693 2812 764 τὴν
2853 696 3339 766 μεμεριμνημένην
3375 695 3526 768 [577]
3564 696 3763 768 ψυχήν.

2198 775 2258 827 Ὀ
2283 774 2531 844 βασιλεὺς
2564 776 2745 845 λέγει,
2771 778 2920 843 Ἕως
2945 773 3016 832 οὗ
3036 778 3194 846 ,εὕρω
3232 780 3418 833 τόπον
3449 777 3528 842 τῷ
3548 781 3762 848 Κυρίῳ,

2186 859 2478 929 σκήνωμα
2523 860 2604 926 τῷ
2649 861 2770 927 Θεῷ
2797 862 2996 916 Ἰακὼϐ
3019 863 3066 928 τ,
3098 866 3126 918 6
3163 864 3381 918 πάντων
3407 863 3646 935 κρατῶν.
3685 864 3761 916 Οὐ

2185 941 2294 1013 γάρ
2325 943 2511 1007 ἁπλῶς
2540 945 2890 1014 οἰκοδομῆσαι
2915 945 3187 1008 ἐϐούλετο,
3223 947 3337 1000 ἀλλ’
3378 949 3436 1000 ἐν
3467 945 3764 1017 ἐπιτηδειο-

2187 1027 2337 1097 τάτῳ
2365 1028 2568 1099 χωρίῳ,
2604 1029 2696 1082 καὶ
2723 1029 2928 1102 σφόδρα
2956 1029 3033 1101 τῷ
3061 1030 3176 1100 ναῷ
3201 1030 3488 1102 πρέποντι,
3543 1031 3635 1084 καὶ
3662 1030 3762 1100 ζη-

2185 1112 2393 1180 τήσεως
2425 1112 2627 1164 ἐδεῖτοο
2688 1112 2860 1177 οὕτως
2900 1110 2968 1184 ἦν
3000 1115 3275 1186 ἄγρυπνος
3316 1119 3382 1186 τῇ
3428 1113 3760 1185 ψυχῇΆΙδΟὺ

2183 1194 2532 1262 ἠκούσαμεν
2556 1195 2752 1263 αὐτὴν
2775 1197 2846 1250 ἐν
2875 1197 3148 1266 Ἐςρραθὰ,
3190 1198 3443 1266 εὕρομεν
3471 1195 3665 1264 αὐτὴν
3692 1196 3763 1248 ἐν

2183 1276 2306 1342 τοῖς
2332 1278 2562 1343 πεδίοις
2589 1279 2695 1332 τοῦ
2725 1278 2973 1349 δρυμοῦ.
3010 1281 3092 1335 Τά
3121 1280 3326 1334 παλαιὰ
3356 1280 3619 1350 διηγεῖται
3642 1277 3760 1342 νῦν,

2183 1357 2400 1422 δεικνὺς
2427 1361 2509 1413 ὅτι
2555 1362 2650 1414 καὶ
2694 1361 3000 1434 ἔμπροσθεν
3033 1363 3200 1418 πολὺν
3240 1363 3453 1434 περιῄει
3495 1363 3684 1434 χρόνον
3721 1363 3755 1431 ἡ

2185 1441 2434 1506 κιϐωτὸς,
2464 1443 2627 1497 τόπον
2651 1445 2714 1498 ἐκ
2743 1444 2909 1498 τόπου
2938 1445 3238 1516 ἀμείϐουσα
3256 1462 3270 1476 ·
3292 1445 3378 1500 διά
3392 1445 3548 1499 τοῦτό
3572 1457 3756 1516 φησιν·

2197 1525 2342 1578 Ἰδοὺ
2391 1527 2742 1596 ἠκούσαμεν
2788 1528 2984 1596 αὐτὴν
3035 1529 3105 1582 ἐν
3144 1529 3437 1598 Ἐφραθὰο
3491 1529 3758 1590 τουτέστι,

2183 1607 2355 1662 ταῦτα
2391 1609 2719 1682 διηγήσαντο
2749 1613 2878 1682 ήμῖν
2920 1615 2969 1666 οἰ
3014 1613 3248 1683 πατέρες
3292 1611 3468 1683 ήμῶν,
3499 1611 3668 1666 ταῦτα
3697 1611 3758 1678 ἐξ

2185 1691 2352 1761 ἀκοῆς
2379 1694 2702 1764 κατέχομεν,
2745 1696 2826 1749 ὅτι
2860 1696 2952 1749 καὶ
2983 1695 3103 1748 τότε
3139 1695 3426 1766 περιιοῦσα
3457 1693 3756 1765 πανταχοῦ,

2183 1777 2240 1828 ἐν
2268 1777 2470 1841 πεδίοις
2519 1779 2613 1831 καὶ
2641 1779 2850 1851 ἀγροῖς,
2895 1779 3135 1852 ήδράσθη
3177 1779 3314 1847 μετά
3353 1779 3557 1832 ταῦτα·
3602 1777 3759 1831 τοῦτο

2182 1856 2245 1929 δὴ
2271 1859 2511 1925 γενέσθω
2535 1862 2630 1914 καὶ
2650 1861 2764 1916 νῦν.
2784 1863 3029 1932 Ἐφραθά
3048 1862 3280 1917 ἐνταῦθα
3301 1863 3400 1932 τὴν
3427 1861 3596 1916 Ἰούδα
3608 1861 3758 1930 λέγει

2183 1941 2374 2013 φυλὴν,
2405 1945 2486 2007 είς
2512 1943 2580 2014 ῆν
2617 1944 2753 2015 μετά
2791 1945 2891 2016 τήν
2925 1945 3124 2018 πολλὴν
3153 1945 3402 2016 περίοδον
3443 1945 3753 2014 εἰσηνέχθη.

2181 2027 2666 2096 Εἰσελευσόμεθα
2693 2031 2779 2094 εἰς
2809 2029 2881 2082 τὰ
2922 2028 3285 2099 σκηνώματα
3331 2029 3538 2092 αὐτοῦ,
3575 2043 3757 2096 προσ-

2180 2105 2532 2179 κυνήσομεν
2568 2112 2655 2178 εἰς
2684 2111 2790 2166 τὸν
2819 2113 3028 2179 τόπον,
3065 2109 3138 2170 οὗ
3171 2114 3447 2182 ἔστησαν
3481 2117 3534 2168 οἰ
3573 2113 3756 2178 πόδες

2179 2191 2386 2246 αὐτοῦ.
2437 2188 2594 2258 Εἶδες
2627 2193 2769 2268 πόσῃ
2815 2195 3087 2268 παχύτητι
3127 2197 3392 2269 κέχρηται
3429 2198 3527 2266 τῆς
3557 2195 3754 2260 λέξεως

2179 2273 2267 2326 διά
2295 2273 2392 2345 τὴν
2417 2275 2618 2346 πολλὴν
2650 2276 2759 2331 τῶν
2786 2279 3090 2333 ἀκουόντων
3128 2279 3504 2350 ἀναισθησίαν,
3540 2277 3753 2349 σκηνώο

2184 2373 2328 2426 ματα
2360 2357 2534 2427 λέγων
2565 2359 2660 2412 τοῦ
2705 2360 2862 2426 Θεοῦ,
2898 2362 2993 2415 καὶ
3037 2362 3224 2428 πόδας,
3271 2363 3366 2417 καὶ
3405 2363 3589 2423 τόπον,
3623 2361 3754 2415 ἔνθα

2180 2438 2411 2511 ἔστησαν
2443 2442 2490 2493 οἱ
2525 2442 2706 2507 πόδες.
2747 2443 2932 2498 Ταῦτα
2979 2444 3036 2497 δὲ
3081 2446 3261 2500 πάντα
3288 2447 3378 2500 τὸν
3404 2447 3565 2500 τόπον
3600 2446 3753 2514 λέγει

2177 2525 2276 2594 τῆς
2313 2524 2568 2590 κιϐωτοῦ,
2610 2527 2799 2598 ἐπειδὴ
2831 2528 3041 2583 ἐκεῖθεν
3069 2531 3126 2583 αἰ
3159 2531 3385 2604 φρικταὶ
3415 2530 3588 2600 φωναὶ
3621 2529 3750 2597 ἐφέ-

2178 2623 2333 2677 ροντο
2365 2609 2492 2680 περὶ
2535 2608 2643 2662 τῶν
2678 2612 2734 2664 ἐν
2766 2613 2878 2674 τοῖς
2908 2613 3181 2677 Ἰουδαίοις
3216 2615 3559 2685 πραγμάτων
3588 2613 3750 2667 λύου-

2178 2707 2269 2743 σαι
2301 2690 2370 2743 τά
2401 2692 2606 2763 ἀσαφῆ,
2649 2695 2743 2748 καὶ
2775 2696 2905 2766 περὶ
2950 2696 3060 2750 τῶν
3116 2697 3418 2768 μελλόντων
3452 2697 3746 2768 προλέγον-

2179 2790 2288 2828 σαι.
2326 2774 2653 2842 Ἀνάστηθι,
2700 2779 2894 2846 Κύριε,
2943 2782 3030 2845 εἰς
3074 2778 3188 2847 τὴν
3225 2780 3574 2835 ἁνάπαυσίν
3608 2796 3746 2845 σου,

2176 2857 2257 2911 σὺ
2288 2857 2385 2910 καὶ
2411 2858 2449 2925 ἠ
2484 2859 2728 2926 κιϐωτὸς
2769 2861 2874 2915 τοῦ
2917 2861 3288 2931 ἀγιάσματός
3336 2878 3473 2919 σου.
3501 2865 3747 2932 Ἕτερος.

2181 2939 2294 3008 Τῆς
2335 2943 2546 3009 ἰσχύος
2575 2958 2710 2996 σου.
2734 2943 2940 3007 Ἀλλος.
2967 2944 3076 2998 Τοῦ
3106 2945 3364 3013 κράτους
3392 2963 3507 3000 σου
3529 2963 3540 2975 ·
3570 2947 3740 3016 ἀμφό-

2172 3040 2306 3094 τερα
2330 3023 2387 3076 δὲ
2414 3024 2606 3095 ἀληθῆ.
2632 3027 2741 3078 Καὶ
2773 3027 2882 3098 γὰρ
2910 3028 2942 3098 ὴ
2975 3028 3250 3100 ἀγιωσύνη
3285 3030 3492 3083 ἐκεῖθεν
3523 3029 3744 3096 ἐδίδοτο,

2172 3108 2266 3160 καὶ
2314 3107 2620 3180 ἁγιωσύνης
2661 3105 2730 3180 ἦν
2764 3110 3020 3181 ποιητικά
3069 3110 3136 3165 τά
3182 3111 3484 3183 γράμματα
3529 3113 3593 3166 τά
3625 3113 3746 3166 ἐπι-

2173 3191 2415 3261 κείμενα,
2447 3193 2540 3246 καὶ
2570 3192 2770 3261 ἰσχύος.

2241 3273 2306 3343 γ’.
2334 3276 2528 3339 Καλῶς
2553 3273 2645 3330 οὖν
2674 3276 2846 3340 οῦτως
2879 3273 3000 3330 εἷπε
3019 3295 3034 3310 ο
3059 3277 3257 3350 πολλὴν
3285 3279 3394 3349 γάρ
3417 3281 3445 3333 ό
3470 3279 3602 3344 Θεὸς
3623 3280 3744 3334 ἐνεο

2167 3357 2376 3422 δείξατο
2417 3359 2486 3412 δι’
2525 3360 2693 3431 αὐτῆς
2733 3360 2983 3431 δύναμιν,
3021 3363 3114 3415 καὶ
3155 3361 3323 3427 ἅπαξ,
3377 3364 3471 3416 καὶ
3511 3363 3609 3427 δὶς,
3647 3365 3744 3418 καὶ

2171 3443 2448 3507 πολλάκις,
2482 3441 2593 3498 οἷον
2636 3447 2724 3499 ὅτε
2760 3447 2965 3518 ἐλήφθη
3009 3447 3159 3518 παρά
3194 3449 3302 3502 τῶν
3336 3448 3623 3514 Ἀζωτίων,
3651 3451 3740 3504 ὅτε

2168 3527 2233 3579 τὰ
2265 3527 2459 3580 εἴδωλα
2501 3530 2859 3600 κατήνεγκεν,
2890 3532 2980 3584 ὅτε
3019 3531 3218 3601 ἔπληξε
3255 3534 3380 3596 τοὺς
3427 3534 3737 3604 εἰληφότας,

2165 3609 2252 3661 ὅτε
2286 3609 2476 3680 ἔστησε
2507 3612 2603 3682 τὴν
2649 3612 2861 3684 πληγὴν
2891 3615 3243 3685 ἀποδοθείσης
3294 3617 3487 3686 αὐτῆς,
3527 3617 3618 3671 καὶ
3652 3618 3738 3672 διά

2163 3693 2272 3745 τῶν
2298 3693 2472 3747 ἀλλων
2519 3695 2596 3756 δὲ,
2641 3694 2708 3747 δι’
2751 3689 2827 3748 ὧν
2877 3697 3063 3750 αὐτόθι
3112 3698 3413 3770 εἰργάζετο,
3457 3701 3552 3772 τὴν
3585 3702 3736 3771 ἰσχὺν

2163 3775 2508 3828 ἐπεδείκνυτο
2539 3776 2638 3847 τὴν
2668 3777 2882 3831 ἑαυτοῦ.
2913 3779 2978 3831 Τί
3016 3780 3075 3833 δέ
3106 3782 3274 3845 ἐστιν,
3306 3780 3613 3850 Ἀνάστηθι
3649 3787 3736 3850 εἰς

2163 3857 2278 3924 τὴν
2330 3857 2680 3912 ἀνάπαυσίν
2725 3875 2880 3922 σου;
2938 3862 3143 3931 Στῆσον
3194 3865 3339 3934 ἡμᾶς
3399 3866 3730 3935 ἀλωμένους,

2163 3941 2316 4011 φησὶ,
2351 3943 2444 3995 καὶ
2468 3941 2566 4012 τὴν
2591 3942 2822 3996 κιϐωτὸν
2853 3947 3312 4017 περιφερομένην,
3357 3948 3450 4001 καὶ
3481 3949 3578 4018 ὀψὲ
3603 3951 3732 4018 γοῦν

2161 4041 2290 4076 ποτε
2332 4024 2642 4078 ἀνάπαυσον
2671 4026 2860 4096 αὐτήν.
2909 4030 2973 4080 Ol
3016 4029 3190 4096 ἰερεῖς
3222 4046 3340 4084 σου
3369 4031 3732 4086 ἐνδύσονται

2159 4106 2571 4175 δικαιοσύνην.
2625 4109 2867 4180 Ἕτερος,
2927 4113 3467 4181 Ἀμφιεσθήτωσαν.
3514 4115 3727 4182 Ἄλλος,

2171 4191 2697 4256 Ἐνδυσὰσθωσαν,
2737 4194 2873 4264 ὅπερ
2910 4196 3147 4263 μάλιστά
3191 4199 3306 4251 ἐστι
3361 4202 3724 4270 σαφέστερον.

2157 4273 2452 4345 εὐχομένου
2502 4277 2610 4346 γάρ
2647 4279 2815 4342 ἐστιν,
2864 4279 2984 4349 οὐχὶ
3031 4281 3479 4352 προφητεύοντος,
3520 4285 3613 4337 καὶ
3644 4288 3726 4338 αἰο

2154 4358 2371 4422 τοῦντος
2399 4360 2498 4430 τὴν
2526 4361 2624 4431 τῆς
2654 4362 2856 4433 ἀρετῆς
2901 4364 3114 4433 κτῆσιν.
3161 4366 3514 4436 Δικαιοσύνην
3545 4367 3600 4420 δέ
3641 4370 3727 4420 ἐν-

2153 4440 2329 4495 ταῦθά
2361 4459 2493 4514 φησι
2519 4444 2617 4514 τὴν
2659 4445 2965 4512 ἀγιαστίαν,
2995 4448 3093 4517 τὴν
3125 4449 3443 4520 ἱερωσύνην,
3490 4449 3586 4520 τὴν
3632 4451 3726 4504 λα-

2152 4526 2357 4595 τρείαν,
2388 4525 2488 4588 τάς
2517 4527 2727 4590 θυσίας,
2757 4527 2856 4591 τὰς
2886 4531 3220 4601 προσφορὰς,
3249 4533 3342 4584 καὶ
3362 4532 3501 4600 μετά
3522 4533 3724 4588 τούτων

2151 4609 2249 4679 τὴν
2303 4609 2506 4680 ἀκριϐῆ
2564 4610 2860 4674 πολιτείαν,
2923 4612 3109 4684 ἐπειδὴ
3161 4614 3394 4684 μάλιστα
3435 4613 3530 4669 καὶ
3573 4617 3723 4688 παρά

2155 4692 2344 4762 ἱερέων
2371 4692 2576 4764 ταύτην
2615 4694 2962 4748 ἀπαιτεῖσθαι
3015 4698 3141 4767 χρή.
3181 4697 3291 4752 Kal
3319 4701 3374 4752 οἱ
3403 4697 3563 4753 ὅσιοί
3603 4716 3721 4754 σου

2149 4774 2658 4844 ἀγγαλλιάσονται
2679 4793 2692 4806 ·
2725 4777 2927 4830 τούτων
2949 4780 3272 4848 γενομένων.
3299 4781 3440 4852 Ὅρα
3472 4783 3632 4836 αὐτὸν
3655 4785 3718 4836 ού

2149 4857 2356 4919 πόλεως
2385 4858 2651 4928 ζητοῦντα
2675 4860 2983 4932 οἰκοδομὴν,
3015 4863 3113 4916 οὐκ
3141 4863 3398 4931 ἀφθονίαν
3426 4866 3621 4933 ὠνίων,
3654 4869 3715 4920 οὐ

2147 4941 2245 5010 τὴν
2279 4942 2443 5011 ἀλλην
2464 4943 2790 5013 εὐπραγίαν,
2815 4943 2951 4997 ἀλλά
2977 4945 3074 5016 τὴν
3096 4945 3426 5017 εὐπρέπειαν
3447 4947 3539 5002 τοῦ
3563 4949 3714 5014 ναοῦ,

2145 5022 2244 5093 τὴν
2279 5024 2380 5092 τῆς
2429 5025 2664 5078 κιϐωτοῦ
2712 5026 3076 5092 κατάπαυσιν,
3117 5028 3178 5081 τὸ
3205 5029 3313 5082 τῶν
3351 5031 3540 5101 ἰερέων
3577 5031 3717 5103 πλή-

2147 5122 2324 5174 ρωμα.
2356 5105 2453 5176 τὴν
2487 5107 2796 5175 ἀγιαστίαν,
2826 5108 2924 5179 τὴν
2966 5107 3238 5182 λατρείαν,
3265 5112 3366 5184 τὴν
3393 5115 3712 5184 ἱερωσύνην.

2147 5184 2278 5242 Εἶτα
2309 5190 2496 5262 ἐπειδὴ
2524 5191 2694 5244 ταῦτα
2719 5192 2947 5263 ᾔτησαν,
2980 5193 3132 5247 αὐτοὶ
3147 5193 3208 5247 δὲ
3238 5195 3523 5250 ὑπεύθυνοι
3544 5198 3716 5268 ἁμαρο

2143 5272 2206 5340 τή
2216 5287 2380 5341 μασιν
2403 5269 2541 5344 ἦσαν
2581 5275 2814 5338 πολλοῖς,
2846 5277 2938 5329 ἐπὶ
2960 5277 3050 5330 τὸν
3093 5279 3352 5350 πρόγονον
3377 5280 3712 5349 καταφεύγει

2145 5353 2304 5406 πάλιν
2339 5355 2511 5423 λέγων
2530 5372 2546 5388 ⁸
2578 5357 2829 5412 Ἕνεκεν
2865 5360 3048 5413 Δαυῒδ
3081 5361 3190 5416 τοῦ
3214 5362 3440 5416 δούλου
3477 5380 3594 5416 σου
3624 5363 3710 5432 μὴ

2141 5435 2291 5510 1578]
2345 5439 2739 5509 duompr
2798 5441 2866 5494 τὸ
2917 5445 3242 5510 πρόστυποι)⁴
3294 5445 3402 5498 τοῦ
3454 5447 3712 5514 χριστοῦ

2139 5538 2276 5578 σου.
2319 5525 2384 5575 Τί
2427 5527 2597 5590 ἐστιν,
2635 5527 2879 5581 Ἕνεκεν
2909 5526 3095 5580 Δαυτδ
3142 5529 3246 5586 τοῦ
3294 5528 3520 5584 δούλου
3555 5546 3712 5595 σονς

2137 5608 2211 5660 Οὐ
2246 5607 2336 5662 διά
2361 5607 2458 5679 τὴν
2480 5608 2680 5681 ἀρετὴν
2708 5599 2914 5664 ἐκείνου
2946 5609 3128 5679 μόνον,
3153 5613 3339 5688 φησὶν,
3370 5613 3477 5667 οὐδ’
3510 5614 3591 5668 ὅτι
3616 5631 3710 5668 το-

2139 5690 2341 5760 σαύτην
2367 5691 2601 5762 σπουδὴν
2634 5695 2659 5732 ε
2697 5692 2986 5763 ἐποιήσατο
3018 5694 3152 5764 πρὸς
3194 5695 3253 5749 τὸ
3292 5695 3382 5749 τὸν
3410 5696 3536 5750 ναὸν
3577 5699 3710 5750 ἀνα-

2203 5799 2225 5866 ξ
2251 5800 2383 5866 :l'c,
2404 5803 2636 5866 σκήνωμα
2658 5806 2726 5866 τῷ
2750 5805 2859 5866 Θεῷ
2904 5805 3094 5858 Ἰακώϐ.
3120 5821 3215 5856 non
3239 5806 3391 5857 habet
3407 5808 3518 5858 SIV.

2201 5863 2226 5901 ε
2248 5863 2356 5911 SaV.
2383 5865 2446 5924 μὴ
2471 5865 2547 5913 διὰ
2568 5866 2650 5922 τήν
2669 5863 2894 5923 ἀρετήν’...
2929 5870 3047 5930 μηδέ
3071 5870 3188 5918 διότι
3212 5869 3446 5924 τοσαύτην
3472 5869 3704 5924 σπουδήν.
