4112 6342
303 367 396 425 381

303 479 447 534 cede
471 485 758 549 paucorum
788 477 1069 536 corporum
1097 471 1153 518 et
1183 468 1453 532 peccatum
1483 461 1550 514 de
1580 455 1756 512 medio
1778 454 1876 510 tol-

305 571 412 624 lere
438 611 452 634 ,
478 546 534 621 et
561 567 693 620 iram
724 569 964 616 avertere
985 598 1000 623 ,
1056 555 1324 622 Deumque
1344 548 1566 605 reddere
1591 546 1877 619 propitium

307 663 388 722 iis,
421 659 506 728 qui
539 655 662 710 talia
701 652 1024 706 admiserant
1045 648 1069 699 ’ἰ
1093 646 1148 702 Si
1174 646 1243 698 ita
1270 640 1652 696 examinaveris
1694 653 1812 708 quae
1849 653 1879 690 a

304 753 448 820 jusm
478 752 610 803 facta
636 755 778 811 sunt,
808 759 872 798 ex
898 758 962 798 eo
984 741 1212 794 maxime
1232 735 1432 790 videbis
1455 749 1576 788 eum
1600 733 1760 787 fuisse
1784 731 1883 785 mi-

308 843 590 896 tissimum.

377 933 430 985 2.
461 930 565 984 Sed
604 929 717 982 hmc
745 942 812 980 ex
835 925 900 978 iis
925 938 1040 991 quae
1060 922 1196 976 dicta
1227 926 1352 973 sunt
1376 918 1610 971 sinenles
1637 913 1885 969 studiosis

312 1038 611 1087 recensere,
637 1037 702 1074 ne
728 1035 789 1074 ea
811 1061 825 1084 ,
857 1030 976 1087 qum
995 1015 1167 1068 obiter
1191 1011 1485 1066 all‘eruntur
1502 1049 1518 1075 ,
1551 1009 1656 1061 sint
1685 1006 1885 1073 majora

314 1120 379 1174 iis
404 1133 522 1187 qua:
547 1123 672 1170 sunt
694 1115 744 1167 in
776 1110 1051 1172 manibus,
1088 1105 1154 1160 ad
1181 1104 1231 1159 id
1257 1103 1394 1173 quod
1421 1108 1505 1155 est
1526 1099 1677 1154 nobis
1698 1110 1888 1166 propo-

315 1213 472 1264 situm
499 1247 513 1271 ,
566 1213 918 1260 revertamur.
962 1197 1097 1264 Quid
1131 1206 1245 1250 erat
1290 1200 1464 1246 autem
1512 1190 1885 1261 propositum:

316 1300 568 1356 Memento
590 1338 605 1362 ,
656 1294 900 1356 Domine,
957 1288 1152 1350 David,
1202 1294 1249 1338 et
1296 1283 1458 1336 omnis
1495 1276 1890 1332 mansuetudinis

315 1396 423 1462 eius
445 1408 464 1446 :
484 1391 541 1445 2.
570 1391 695 1442 sicut
725 1385 918 1458 juravit
950 1379 1168 1434 Domino
1189 1419 1202 1442 ,
1234 1385 1402 1429 votum
1427 1372 1554 1426 vovit
1579 1369 1688 1423 Deo
1707 1367 1888 1422 Iacob.

315 1487 448 1542 Cum
473 1476 1027 1555 proposuissetdicere
1049 1472 1115 1527 de
1137 1466 1560 1530 mansuetudine,
1584 1464 1648 1517 iis
1678 1470 1896 1531 prmter—

317 1552 495 1635 missis
526 1591 644 1646 qua:
671 1571 814 1628 Sat'tli
841 1569 1069 1633 fecerat,
1097 1580 1214 1634 quae
1241 1560 1488 1616 fratribus
1513 1599 1527 1622 ,
1573 1570 1692 1626 qua:
1728 1552 1894 1608 Jona—

321 1673 444 1733 thm,
476 1644 672 1722 omissa
714 1665 842 1718 item
875 1658 1124 1730 patientia
1150 1668 1254 1725 qua
1277 1667 1402 1706 usus
1423 1656 1537 1704 erat
1561 1648 1612 1700 in
1645 1644 1893 1706 militem,

320 1765 406 1833 qui
437 1776 555 1814 eum
584 1753 897 1825 aSpergebat
917 1748 1065 1804 mille
1091 1744 1297 1814 probris
1316 1756 1378 1795 ac
1398 1736 1714 1798 maledictis,
1742 1742 1795 1788 et
1817 1733 1898 1785 his

323 1825 476 1922 longe
508 1848 778 1919 pluribus,
830 1841 899 1896 ad
940 1837 1082 1893 aliud
1119 1844 1276 1904 caput
1301 1831 1514 1886 deducit
1558 1825 1894 1888 orationem,

323 1946 463 2016 quod
503 1941 790 1997 maximum
853 1936 905 1989 in
931 1947 992 1988 se
1043 1930 1215 1984 zelum
1265 1935 1319 1981 et
1355 1923 1599 1978 ardorem
1643 1918 1898 1972 continet.

324 2039 497 2106 Quare
521 2046 647 2102 ergo
671 2032 770 2084 hoc
792 2026 914 2082 facit
937 2024 960 2076 ’ἒ
987 2023 1199 2078 Duabus
1219 2018 1288 2074 de
1303 2017 1478 2071 causis
1503 2034 1516 2070 :
1538 2028 1642 2068 una
1666 2009 1899 2081 quidem,

324 2104 574 2198 quoniam
611 2123 752 2177 Deus
793 2135 858 2174 eo
901 2116 1129 2171 maxime
1179 2111 1473 2166 delectatur
1507 2125 1520 2160 :
1551 2104 1904 2174 Superquem

327 2220 476 2283 enim,
511 2214 711 2285 inquit,
739 2210 1030 2282 respiciam,
1057 2205 1153 2259 nisi
1182 2219 1332 2272 super
1358 2207 1670 2254 mansuetum
1692 2204 1739 2250 et
1763 2193 1904 2264 quie-

328 2321 454 2374 tum,
480 2317 528 2362 et
552 2313 837 2360 trementem
857 2299 1004 2354 verba
1035 2313 1144 2350 mea
1172 2296 1191 2366 (
1214 2293 1339 2347 lsai.
1368 2291 1451 2347 66.
1486 2288 1596 2360 2)?
1624 2287 1727 2341 alia
1758 2298 1903 2348 vero,

327 2403 573 2474 quoniam
603 2398 703 2452 hoc
744 2393 884 2465 quod
925 2391 1157 2446 maxime
1186 2385 1444 2456 urgebat,
1495 2396 1685 2450 nempe
1727 2377 1905 2446 templi

331 2472 691 2556 constructio,
741 2497 798 2543 et
825 2485 1053 2540 civitatis
1079 2479 1389 2541 aadilicatio,
1436 2487 1489 2530 et
1515 2472 1714 2542 antiqui
1741 2478 1909 2524 status

336 2583 638 2653 reipublica:
664 2577 926 2634 restitutio
946 2616 962 2642 ,
1004 2571 1072 2626 ad
1100 2572 1200 2625 hoc
1226 2569 1454 2624 maxime
1499 2564 1678 2632 dirigit
1715 2560 1909 2614 oratio-

335 2649 479 2739 nem,
508 2682 563 2728 et
595 2669 718 2726 illud
745 2667 958 2739 quidem
990 2660 1365 2735 prmtermittit,
1395 2667 1450 2710 ut
1479 2654 1619 2726 quod
1648 2655 1713 2707 sit
1746 2649 1914 2705 mani-

337 2769 526 2824 festum
569 2775 624 2821 et
659 2765 712 2817 in
751 2759 996 2815 confesso
1026 2774 1040 2810 :
1069 2753 1277 2824 cognita
1321 2751 1462 2806 enim
1508 2755 1623 2801 erat
1663 2745 1907 2799 omnibus

336 2865 452 2933 ejus
474 2856 852 2920 mansuetudo;
880 2853 929 2908 id
955 2860 1130 2906 autem
1155 2863 1262 2918 quo
1282 2845 1512 2900 maxime
1531 2856 1663 2910 Opus
1686 2837 1904 2892 habebat

339 2925 403 3009 ad
444 2968 596 3008 suum
643 2948 983 3009 institutum,
1037 2942 1087 2997 id
1121 2942 1170 2993 in
1220 2937 1454 2993 medium
1504 2929 1733 2987 adducit.
1778 2925 1916 2994 Quid

339 3050 479 3104 enim
523 3045 702 3099 videre
747 3038 1068 3110 cupiebant?
1098 3033 1375 3102 Templum
1413 3028 1694 3084 excitatum
1722 3064 1736 3089 ,
1766 3029 1916 3075 vete-

342 3153 532 3209 resque
575 3136 706 3191 ritus
739 3141 793 3187 et
826 3127 1155 3186 ceremonias
1180 3124 1470 3178 restitutas.
1502 3116 1761 3184 Quoniam
1793 3125 1918 3180 ergo

346 3232 506 3288 David
549 3238 664 3284 erat
700 3241 762 3281 ea
806 3239 865 3279 re
911 3220 1140 3276 maxime
1191 3213 1429 3284 insignis,
1480 3210 1620 3264 illius
1667 3204 1823 3261 Studii
1867 3210 1924 3258 et

345 3323 504 3379 animi
534 3319 683 3390 quasi
710 3311 1191 3371 remunerationem
1225 3307 1409 3374 petita
1439 3301 1546 3355 Deo
1573 3295 1752 3365 templi
1794 3293 1920 3347 a'di-

349 3389 668 3475 licationem,
692 3419 744 3464 et
767 3408 896 3462 dicit
925 3425 939 3461 :
969 3402 1238 3466 Memento,
1270 3394 1506 3458 Domine,
1531 3389 1718 3455 David,
1747 3397 1793 3441 et
1814 3402 1921 3438 ont-

347 3514 424 3566 nis
461 3503 858 3564 mansuetudinis
897 3501 1004 3566 eius
1031 3513 1050 3551 :
1087 3497 1211 3550 sicut
1242 3490 1432 3564 juravit
1472 3486 1727 3546 Domino,
1755 3491 1924 3534 votum

348 3603 476 3657 vovit
502 3599 606 3653 Deo
625 3595 804 3650 Iacob.
833 3594 887 3648 5.
913 3591 972 3645 Si
999 3587 1236 3642 introiere
1259 3585 1312 3636 in
1344 3575 1717 3634 tabernaculum
1747 3571 1925 3624 domus

351 3709 491 3758 mea,
515 3693 558 3745 si
575 3688 846 3742 ascendere
867 3685 916 3738 in
937 3684 1118 3736 lectum
1139 3675 1284 3731 strati
1307 3673 1422 3738 mei,
1446 3672 1495 3725 4.
1516 3669 1560 3723 si
1588 3666 1770 3721 dedero
1792 3679 1926 3717 som-

351 3755 649 3839 numiocnlis
677 3780 816 3841 meis,
849 3786 894 3829 et
919 3771 1168 3844 palpebris
1197 3766 1318 3821 meis
1343 3760 1766 3822 dormitationem,
1799 3755 1854 3810 5.
1875 3761 1924 3807 et

352 3877 566 3944 requiem
583 3870 882 3940 temporibus
901 3865 1042 3929 meis,
1064 3862 1219 3915 donec
1237 3856 1484 3912 inveniam
1506 3853 1670 3906 locum
1689 3847 1923 3910 Domino,

354 3940 728 4023 tabernaculum
744 3959 852 4014 Deo
877 3955 1058 4011 Iacob.
1083 3954 1143 4008 Et
1167 3949 1292 4021 quid
1314 3949 1415 4002 hoc
1435 3945 1498 3999 ad
1524 3955 1576 3999 te
1600 3943 1623 3996 ?
1645 3940 1924 4008 Quoniam,

357 4058 546 4130 inquit,
579 4055 644 4108 ab
673 4069 736 4108 eo
763 4064 930 4122 genus
955 4047 1099 4109 duxi,
1128 4054 1181 4098 et
1207 4042 1454 4112 quoniam
1481 4054 1599 4092 cum
1626 4036 1714 4090 tibi
1745 4033 1930 4088 fuisset

358 4125 628 4218 acceptum
657 4145 769 4214 ejus
797 4141 1024 4195 studium
1051 4145 1107 4191 et
1133 4131 1400 4203 diligentia
1425 4171 1442 4196 ,
1488 4128 1667 4183 dixisti
1714 4137 1766 4181 te
1814 4125 1930 4194 ejus

359 4257 526 4314 genus
560 4248 613 4293 ει
657 4251 874 4306 regnum
921 4240 1218 4286 erecturum
1251 4244 1262 4279 ζ
1303 4232 1583 4294 propterea
1623 4222 1736 4275 [1330
1781 4229 1928 4289 pacta

360 4342 617 4391 conventa
647 4343 788 4385 nunc
812 4342 842 4381 a
869 4335 920 4380 te
945 4323 1223 4393 exigimus.
1247 4318 1361 4372 Non
1386 4317 1518 4370 dixit
1536 4323 1734 4380 autem,
1756 4313 1933 4366 Donec

362 4427 694 4483 aedilicavero
716 4423 735 4492 (
750 4421 850 4474 hoc
865 4418 1006 4473 enim
1029 4431 1133 4470 non
1157 4413 1329 4468 fuerat
1343 4411 1389 4464 ei
1413 4405 1788 4479 permissum),
1816 4405 1932 4470 sed,

363 4519 535 4574 Donec
558 4517 788 4568 invenero
819 4511 980 4565 locum
1010 4505 1224 4560 Domino
1251 4512 1295 4556 et
1319 4499 1714 4556 tabernaculum.
1739 4495 1936 4550 Deinde

365 4626 486 4667 eum
513 4605 725 4677 quidem
752 4601 841 4672 qui
869 4607 951 4654 est
974 4597 1328 4652 mdilicaturus
1358 4592 1593 4660 prieterit
1622 4605 1635 4641 :
1663 4602 1784 4642 eum
1810 4601 1938 4641 vero

368 4703 457 4774 qui
481 4708 562 4754 est
591 4695 856 4768 pollicitus
875 4733 890 4758 ,
924 4691 975 4743 in
1001 4687 1232 4742 medium
1257 4684 1491 4747 adducit,
1524 4688 1581 4735 ut
1604 4680 1742 4734 scias
1772 4693 1938 4749 quan-

368 4773 476 4850 tum
504 4793 699 4846 bonum
721 4787 790 4841 sit
811 4789 988 4838 rectus
1013 4779 1242 4843 animus,
1271 4785 1325 4831 et
1349 4774 1616 4845 quomodo
1640 4773 1780 4826 Deus
1799 4785 1940 4824 sem-

371 4904 462 4958 per
491 4879 828 4940 consueverit
853 4883 997 4929 reeto
1024 4870 1183 4926 animi
1213 4869 1449 4923 instituto
1477 4874 1530 4920 et
1570 4865 1723 4920 bona:
1752 4863 1941 4917 volun-

371 4981 461 5035 tati
490 4972 788 5032 mercedem
811 4967 1132 5024 constituere
1164 4981 1177 5018 :
1206 4972 1260 5018 et
1309 4961 1426 5016 idco
1464 4963 1579 5030 ejus
1613 4959 1786 5030 potius
1825 4973 1941 5012 me-

372 5071 546 5136 minit,
579 5066 828 5138 quoniam
857 5064 968 5132 ipse
1009 5067 1092 5114 est
1121 5056 1295 5127 potius
1319 5055 1406 5125 qui
1439 5052 1752 5116 aedificavit,
1784 5066 1943 5122 quam

373 5164 533 5217 filius.
563 5159 662 5214 Hic
684 5156 826 5212 enim
869 5152 1133 5223 pollicitus
1161 5157 1240 5203 est
1270 5166 1284 5201 :
1316 5147 1405 5201 ille
1449 5160 1578 5200 vero
1616 5144 1798 5214 jussus
1842 5151 1942 5198 est.

375 5256 508 5311 Vide
544 5263 718 5307 autem
760 5247 1044 5303 maximam
1081 5243 1196 5311 ejus
1233 5240 1392 5296 animi
1440 5238 1788 5292 alacritatem.
1831 5236 1947 5291 Non

376 5347 550 5402 solum
576 5343 704 5398 dicit
731 5355 789 5396 se
818 5354 922 5392 non
963 5337 1321 5405 ingressurum
1347 5330 1600 5397 domum,
1631 5345 1730 5384 nec
1755 5329 1947 5384 lectum

378 5449 723 5492 escensurum
744 5471 760 5493 ,
791 5429 884 5484 sed
925 5441 992 5481 ne
1018 5443 1080 5480 ea
1107 5424 1318 5495 quidem
1359 5437 1480 5492 qua:
1519 5430 1673 5476 erant
1696 5420 1952 5476 naturalis

381 5527 712 5587 necessitatis
737 5524 902 5578 libere
927 5520 1328 5589 desumpturum
1349 5557 1365 5578 ,
1397 5513 1570 5569 donec
1597 5513 1855 5568 invenerit
1874 5513 1950 5566 lo-

381 5638 500 5680 cum
531 5629 586 5676 et
611 5614 1010 5674 tabernaculum
1044 5610 1151 5664 Deo
1185 5607 1370 5662 Iacob.
1418 5606 1652 5674 Quorum
1691 5601 1956 5657 contraria

380 5718 460 5770 eis
489 5728 520 5768 a
547 5711 658 5769 Deo
685 5705 1089 5775 objiciebantur,
1115 5699 1325 5755 dicente
1353 5715 1366 5752 :
1410 5695 1507 5751 Vos
1535 5696 1732 5766 quidem
1759 5693 1955 5746 habita-

383 5809 446 5860 tis
491 5805 546 5858 in
585 5799 812 5856 domibus
853 5793 1141 5866 laqueatis:
1169 5792 1346 5846 domus
1388 5799 1554 5844 autem
1597 5804 1706 5843 mea
1753 5798 1824 5846 est
1867 5786 1955 5844 de-

1425 342 1778 404 EXPOSITIO
1815 341 1879 398 IN
1918 339 2238 397 PSAIMUM
2274 335 2512 397 CXXXI.

3457 333 3560 390 58':

1984 464 2116 507 serta
2143 452 2241 525 (a).
2275 453 2446 507 Donec
2473 454 2705 507 invenero
2732 453 2898 508 locum
2916 450 3154 518 Domino,
3187 450 3562 506 tabernaculum

1987 544 2095 599 Deo
2133 544 2292 600 Iacob
2341 547 2506 616 (Agg.
2554 545 2608 600 l.
2651 545 2742 614 4).
2793 544 2925 600 Vide
2973 545 3060 598 hic
3105 557 3292 599 rursus
3330 544 3560 598 studium

1985 648 2038 692 et
2063 640 2224 692 animi
2273 638 2703 693 sollicitudinem.
2745 636 2859 691 Rex
2899 636 3064 700 dicit,
3118 633 3293 690 Donec
3334 637 3567 689 invenero

1988 731 2154 784 locum
2199 730 2420 784 Domino
2442 772 2457 794 ,
2500 729 2878 782 tabernaculum
2912 728 3020 782 Deo
3043 727 3203 782 Iacob
3257 726 3353 798 (ὁ)
3385 745 3399 782 :
3431 741 3523 780 rex
3546 767 3562 787 ,

1989 823 2201 891 inquam
2224 863 2238 885 ,
2270 822 2358 891 qui
2389 823 2439 875 in
2469 835 2655 874 omnes
2673 820 3002 874 dominatum
3027 818 3318 872 obtinebat.
3344 817 3569 872 Nolebat

1991 914 2134 970 enim
2161 915 2332 967 solum
2357 923 2656 977 exstruere,
2678 912 2770 966 sed
2797 912 2954 966 etiam
2985 915 3034 964 in
3069 911 3188 965 loco
3214 911 3490 978 aptissimo
3515 920 3567 964 et

1989 1008 2078 1079 qui
2101 1007 2296 1076 templo
2325 1005 2476 1059 valde
2501 1013 2840 1074 congrueret,
2876 1011 2931 1058 et
2961 1017 3095 1073 opus
3121 1004 3169 1058 ei
3201 1015 3311 1058 erat
3347 1003 3570 1070 inquisi-

1993 1101 2138 1153 tione
2170 1117 2184 1154 :
2218 1107 2359 1152 tanta
2388 1105 2502 1151 erat
2524 1097 2688 1151 animi
2727 1095 3014 1165 vigilantia.
3047 1096 3098 1150 6.
3133 1094 3266 1149 Ecre
3290 1097 3572 1150 audiuimus

1993 1208 2102 1245 eam
2125 1191 2179 1244 in
2204 1189 2760 1266 Ephrataninvenimus
2783 1204 2893 1242 eam
2927 1188 2979 1240 in
3009 1187 3203 1256 campis
3238 1189 3408 1257 sylvas.
3437 1186 3572 1240 Nur-

1995 1290 2076 1335 rat
2122 1297 2265 1336 nunc
2293 1292 2490 1346 vetera,
2523 1279 2814 1333 OStendens
2851 1293 3030 1332 arcam
3057 1287 3215 1332 antea
3252 1278 3410 1347 longo
3436 1287 3573 1330 tem-

1999 1388 2126 1440 pore
2152 1386 2358 1426 errasse
2383 1411 2398 1435 ,
2441 1371 2613 1425 locum
2650 1369 2768 1424 loco
2792 1379 3119 1435 mutantem,
3160 1379 3214 1422 et
3252 1368 3372 1422 ideo
3400 1368 3528 1422 dicit
3559 1383 3573 1421 :

1997 1463 2132 1520 Ecce
2153 1464 2436 1518 audivimus
2478 1480 2588 1517 eam
2615 1462 2670 1516 in
2710 1461 2984 1532 Ephrata,’
3021 1465 3121 1517 hoc
3144 1472 3260 1528 est,
3293 1461 3366 1515 Ea
3397 1476 3580 1515 narra-

2005 1563 2196 1609 verunt
2219 1554 2371 1608 nobis
2398 1563 2574 1624 patres
2601 1552 2790 1618 nostri,
2823 1551 2939 1606 haec
2964 1552 3180 1607 auribus
3210 1553 3404 1606 nostris
3424 1565 3579 1606 acce-

2003 1647 2195 1716 pimus,
2224 1645 2364 1716 quod
2400 1661 2519 1700 cum
2557 1653 2682 1699 tunc
2714 1658 2926 1713 quoque
2968 1643 3162 1712 ubique
3204 1643 3476 1697 oberraret
3524 1642 3578 1697 in

1999 1739 2141 1808 agris
2160 1746 2215 1792 et
2240 1738 2462 1806 campis,
2492 1746 2674 1806 postea
2699 1736 2953 1791 collocata
2977 1735 3047 1789 sit
3072 1751 3086 1787 :
3119 1735 3219 1788 hoc
3245 1736 3414 1804 ipsum
3439 1748 3584 1790 nunc

2003 1844 2212 1898 quoque
2248 1829 2361 1882 fiat.
2403 1828 2637 1897 Ephrata
2661 1827 2746 1882 hic
2773 1827 2902 1881 dicit
2932 1826 3125 1880 tribum
3150 1824 3302 1890 Iuda,
3336 1825 3402 1878 ad
3425 1840 3581 1894 quam

2006 1932 2127 1992 post
2153 1923 2367 1990 longam
2395 1920 2761 1975 circuitionem
2785 1918 3010 1973 deducta
3040 1925 3142 1974 est.
3178 1917 3230 1971 7.
3255 1916 3280 1970 1
3291 1917 3585 1971 ntroibimus

2004 2016 2057 2068 in
2081 2012 2406 2067 tabernacula
2448 2014 2578 2082 ejus,
2611 2010 2934 2064 adorabimus
2982 2010 3034 2062 in
3076 2009 3208 2073 loco,
3234 2007 3319 2061 ubi
3345 2017 3587 2061 steterunt

2007 2107 2157 2176 pedes
2183 2107 2312 2176 ejus.
2337 2104 2526 2158 Vidisti
2573 2119 2734 2174 quam
2777 2117 2960 2157 crasso
3006 2100 3218 2158 dicendi
3271 2101 3432 2156 modo
3462 2115 3589 2155 usus

2007 2207 2090 2253 est
2121 2207 2336 2266 propter
2383 2207 2651 2266 stuporem
2702 2210 2884 2248 eorum
2927 2193 3016 2264 qui
3054 2193 3370 2259 audiebant,
3406 2192 3591 2248 dicens

2013 2291 2102 2344 Dei
2133 2289 2489 2354 tabernacula,
2517 2297 2570 2343 et
2607 2287 2788 2356 pedes.
2811 2295 2866 2340 et
2903 2286 3078 2340 locum
3105 2342 3115 2353 ,
3139 2285 3226 2339 ubi
3261 2284 3473 2339 stabant
3500 2299 3592 2354 pe-

2010 2381 2106 2436 des
2127 2382 2259 2450 ejus.
2283 2380 2377 2435 llis
2403 2392 2576 2434 autem
2595 2379 2841 2434 omnibus
2865 2378 3061 2433 indicat
3081 2379 3256 2432 locum
3279 2393 3438 2442 arcm,
3461 2394 3595 2447 quo-

2014 2473 2152 2526 niam
2183 2487 2247 2526 ex
2276 2485 2340 2524 eo
2370 2471 2488 2524 loco
2517 2470 2806 2525 edebantur
2826 2484 2985 2522 voces
3025 2468 3313 2523 horribiles
3339 2468 3407 2522 de
3434 2469 3592 2522 rebus

2013 2578 2132 2632 quae
2163 2561 2227 2615 ad
2258 2560 2472 2616 Judmos
2501 2561 2874 2631 pertinebant,
2906 2575 3024 2630 qua:
3054 2569 3205 2614 erant
3229 2560 3450 2615 obscura
3487 2560 3596 2613 sol-

2015 2663 2220 2716 ventes,
2247 2663 2300 2709 et
2326 2654 2497 2706 futura
2529 2653 2898 2721 praedicentes.
2925 2653 2977 2705 8.
3013 2651 3176 2720 Surge
3196 2693 3211 2718 ,
3249 2651 3460 2704 Domine
3483 2691 3497 2713 ,
3543 2652 3599 2703 in

2016 2749 2235 2819 requiem
2294 2757 2466 2808 tuam,
2504 2757 2558 2801 tu
2605 2756 2649 2798 et
2681 2763 2802 2798 arca
2843 2745 3255 2813 sanctiﬁcationis
3283 2753 3397 2798 tute.
3454 2743 3603 2797 Alius

2016 2841 2183 2907 dicit,
2218 2838 2554 2892 Fortitudinis
2584 2847 2701 2894 tuae.
2737 2837 2909 2899 Alius,
2943 2834 3155 2905 Imperii
3193 2835 3304 2890 tui:
3341 2837 3410 2904 (ε)
3461 2844 3604 2887 utra-

2017 2948 2121 3003 que
2149 2945 2328 2987 autem
2357 2947 2502 2985 vera.
2549 2929 2700 2983 lllinc
2727 2929 2871 2983 enim
2900 2928 3208 2982 tradebatur
3237 2930 3489 2982 sanctitas
3508 2969 3521 2991 ,
3551 2936 3605 2981 et

2016 3039 2137 3096 quas
2185 3031 2338 3077 erant
2383 3022 2431 3076 ei
2483 3021 2744 3090 imposita:
2771 3020 2980 3085 litera,
3014 3027 3168 3074 erant
3203 3027 3259 3074 et
3303 3018 3600 3073 sanctitatis

2020 3113 2319 3170 ell‘ectrices
2347 3122 2400 3167 et
2441 3111 2671 3166 roboris.

2092 3209 2141 3262 '5.
2187 3205 2412 3260 Pulchre
2443 3220 2571 3274 ergo
2595 3205 2672 3258 sic
2695 3203 2854 3268 dixit;
2883 3216 3127 3272 magnam
3153 3202 3295 3257 enim
3326 3201 3464 3255 Deus
3497 3216 3591 3270 per

2022 3315 2138 3355 eam
2167 3298 2452 3367 potentiam
2477 3295 2705 3351 ostendit
2729 3298 2917 3361 semel,
2944 3303 2996 3348 ct
3024 3296 3126 3362 his,
3149 3303 3201 3348 et
3221 3309 3606 3365 sa-penumero,

2023 3402 2080 3446 ut
2105 3391 2313 3462 quando
2330 3399 2481 3458 capta
2512 3389 2578 3443 ab
2601 3388 2824 3454 Azotiis,
2854 3387 3066 3458 quando
3090 3387 3372 3443 simulacra
3398 3386 3608 3456 dejecit,

2023 3483 2235 3556 quando
2261 3499 2354 3538 eos
2383 3483 2471 3553 qui
2504 3483 2783 3550 tetigerunt
2826 3481 3120 3551 percussit,
3151 3480 3362 3550 quando
3390 3495 3449 3533 ea
3485 3480 3606 3534 red-

2025 3577 2130 3630 dita
2173 3583 2232 3629 ut
2261 3575 2409 3644 plaga
2457 3583 2692 3629 cessaret
2717 3573 2933 3636 effecit,
2962 3582 3013 3626 et
3045 3588 3140 3641 per
3163 3571 3263 3626 alia
3295 3613 3310 3638 ,
3339 3587 3457 3641 quae
3506 3571 3615 3626 illic

2027 3668 2173 3734 fecit,
2197 3683 2344 3721 suam
2368 3666 2602 3722 ostendit
2624 3667 2934 3734 potentiam.
2957 3663 3090 3732 Quid
3114 3673 3195 3718 est
3223 3674 3423 3728 autem,
3449 3663 3615 3734 Surge

2027 3763 2082 3816 in
2105 3761 2326 3832 requiem
2370 3759 2552 3814 tuam?
2582 3759 2720 3824 Fac,
2753 3757 2940 3826 inquit,
2970 3767 3028 3811 ut
3058 3771 3154 3810 nos
3179 3755 3498 3810 desistamus
3527 3771 3613 3808 er-

2028 3867 2169 3917 rare,
2184 3861 2235 3906 et
2255 3865 2375 3906 arca
2399 3849 2750 3916 circumferri,
2774 3860 2827 3903 et
2849 3863 2909 3903 ea
2935 3849 3144 3903 tandem
3164 3846 3447 3918 aliquando
3464 3847 3615 3913 quie-

2030 3953 2164 3999 scat.
2195 3941 2253 3998 9.
2279 3941 2577 3997 Sacerdotes
2618 3942 2692 3994 tui
2719 3941 2990 3993 induentur
3029 3939 3241 4009 iustitia.
3275 3938 3440 3998 Altus,
3475 3938 3616 3988 Ami-

2031 4039 2246 4102 ciantur,
2265 4037 2420 4098 alius,
2437 4033 2744 4098 Induantur,
2771 4033 2909 4102 quod
2929 4032 3139 4102 quidem
3157 4040 3236 4084 est
3257 4030 3518 4099 apertius:
3540 4037 3622 4084 est

2033 4131 2174 4184 enim
2205 4137 2489 4198 precantis,
2515 4139 2618 4180 non
2642 4123 2994 4194 prmdicontis,
3015 4131 3068 4176 et
3089 4123 3315 4189 petentis
3331 4120 3624 4190 possessio-

2035 4238 2155 4278 nem
2175 4221 2406 4276 virtutis.
2423 4219 2685 4274 Justitiam
2703 4226 2880 4271 autem
2904 4215 2990 4270 hic
3012 4216 3136 4270 dicit
3167 4216 3296 4268 ritus
3314 4228 3514 4278 sacros,
3533 4227 3622 4265 sa-

2036 4313 2353 4374 cerdotium,
2373 4311 2596 4375 cultum,
2617 4308 2956 4372 sacrificium,
2981 4307 3296 4372 oblationes,
3323 4314 3513 4359 etcum
3543 4303 3623 4356 his

2040 4405 2328 4475 perfectam
2347 4403 2466 4456 vitm
2497 4399 2902 4462 institutionem,
2926 4398 3173 4467 quoniam
3194 4411 3254 4449 ea
3286 4406 3368 4451 est
3397 4396 3628 4450 maxime

2038 4495 2352 4568 requirenda
2374 4511 2403 4548 a
2425 4491 2805 4548 sacerdotibus.
2832 4489 2895 4543 Et
2909 4491 3069 4545 sancti
3089 4490 3160 4542 tui
3179 4488 3494 4543 exsultabant
3510 4487 3626 4541 :uhi

2040 4591 2154 4645 haec
2169 4588 2371 4643 Scilicet
2381 4585 2514 4640 facta
2531 4584 2742 4640 fuerint.
2755 4581 2880 4637 Vide
2894 4596 3014 4638 eum
3033 4597 3134 4635 non
3147 4595 3384 4650 qua-rere
3399 4587 3564 4633 (‘OllSll
3580 4593 3612 4633 u
3623 4609 3637 4618 -

2041 4683 2270 4738 ctionem
2293 4679 2544 4744 civitatis,
2571 4692 2673 4731 non
2705 4690 2882 4730 rerum
2915 4674 3176 4728 venalium
3199 4673 3572 4726 almmlantiaut
3605 4709 3622 4734 ,

2045 4789 2151 4828 non
2171 4771 2394 4826 aliarum
2409 4783 2586 4824 rerum
2608 4765 2898 4837 prosperita
2908 4775 3033 4828 tem,
3056 4764 3148 4819 sed
3170 4763 3628 4831 templidecorem,

2045 4872 2100 4918 et
2125 4877 2263 4917 arca:
2299 4861 2536 4929 requiem
2556 4899 2572 4925 ,
2601 4856 2935 4912 sacerdotum
2969 4853 3176 4923 plenam
3210 4853 3585 4923 perfecdonein
3617 4893 3633 4917 ,

2048 4956 2182 5010 ritus
2207 4967 2387 5007 sacros
2416 4991 2430 5014 ,
2464 4949 2664 5004 cultum
2685 4990 2701 5012 ,
2730 4946 3106 5002 sacerdotium.
3143 4944 3342 4999 Deinde
3369 4949 3488 5013 quia
3519 4943 3632 4996 ha-c

2047 5047 2332 5119 petierunt,
2367 5043 2572 5112 ipsique
2600 5041 2809 5094 fuerunt
2833 5038 3011 5092 multis
3040 5037 3269 5107 peccatis
3293 5037 3535 5099 obnoxii,
3570 5037 3634 5088 ad

2052 5145 2322 5210 parentem
2340 5148 2523 5189 rursus
2539 5130 2793 5200 confugit,
2811 5130 2995 5184 dicens
3007 5128 3114 5183 τω.
3135 5126 3348 5196 Propter
3365 5125 3526 5179 David
3536 5144 3638 5180 ser-

2052 5249 2162 5287 vum
2183 5239 2320 5283 tuum
2336 5243 2434 5280 non
2452 5233 2645 5278 avertas
2661 5225 2838 5293 faciem
2857 5221 3030 5275 christi
3052 5221 3139 5273 tui.
3153 5215 3292 5281 Quid
3313 5226 3415 5282 est,
3429 5217 3640 5288 Propter

2055 5322 2220 5379 David
2234 5335 2428 5374 servum
2451 5325 2588 5370 tuum
2609 5316 2633 5369 2
2651 5315 2762 5369 Non
2787 5322 3018 5384 propter,
3049 5310 3217 5380 inquit
3234 5351 3248 5372 ,
3275 5309 3412 5364 illius
3442 5319 3640 5362 tantum

2056 5415 2325 5479 virtutem,
2353 5424 2451 5465 nec
2491 5408 2632 5480 quod
2661 5415 2864 5462 tantum
2891 5404 3124 5460 studium
3154 5402 3329 5472 posuit
3364 5399 3430 5456 ad
3460 5398 3559 5454 hoc
3591 5410 3641 5452 ut

2085 5613 2095 5624 ο
2123 5550 2195 5611 (a)
2219 5546 2554 5624 timebamus
2598 5543 2764 5594 verbis
2804 5539 3035 5591 diﬂ'erunt
3055 5551 3084 5587 a
3107 5544 3250 5587 textu
3269 5533 3440 5599 Αεεωί
3465 5533 3517 5584 in
3541 5533 3619 5582 ωι

2061 5620 2200 5793 “0;le
2466 5667 2646 5717 desunt
2666 5666 2770 5715 haec
2792 5663 2961 5723 verba,
2975 5658 3333 5711 tabernaculum
3359 5666 3457 5708 Deo
3478 5656 3637 5706 Jacob-

2131 5735 2180 5784 (ε
2223 5740 2397 5782 Harum
2417 5739 2470 5782 et
2485 5727 2794 5792 sequentium
2809 5724 3262 5788 interpretationum
3280 5722 3630 5782 auctoresigno

2071 5809 2094 5845 τ
2130 5722 2200 5844 lci
2223 5740 2397 5782 Harum
2417 5739 2470 5782 et
2485 5727 2794 5792 sequentium
2809 5722 3262 5788 interpretationum
3280 5722 3652 5782 auctoresigno-

2097 5810 2156 5844 an
2181 5809 2254 5844 ur.
2356 5820 2365 5835 ο

2097 5809 2254 5844 antur.
