4112 6342
317 374 423 430 383

319 492 534 562 στῆσαι,
587 488 702 544 ἀλλ’
749 488 828 542 ὅτι
863 489 958 542 καὶ
1006 488 1280 559 συνθήκας
1325 487 1449 542 ἔθου
1511 490 1648 560 πρὸς
1706 489 1890 544 αὑτόν.

320 575 572 628 Ἕνεκεν
601 571 784 626 Δαυῒδ
825 571 932 625 τοῦ
960 571 1184 626 δούλου
1224 587 1341 626 σου
1377 571 1463 640 μὴ
1504 573 1896 642 ἀποστρέψας

320 656 382 710 τὸ
413 658 737 725 πρόσωπον
765 655 869 709 τοῦ
897 655 1149 722 κριστοῦ
1180 671 1317 708 σου.
1360 655 1516 719 Τίνος
1557 656 1688 728 φησί
1716 674 1730 721 ;
1786 658 1828 708 Τ
1830 656 1892 710 οῦ

315 740 437 792 τότε
471 739 784 811 χρισθέντος
806 740 900 792 καὶ
922 739 1395 810 δημαγωγοῦντος,
1428 741 1522 792 καὶ
1548 740 1894 810 προεστῶτος

316 821 410 875 τοῦ
447 822 599 876 λαοῦ.
627 824 850 888 Ὤμοσε
877 824 1092 890 Κύριος
1125 823 1229 876 τοῦ
1255 823 1436 876 Δαυῒδ
1464 822 1770 888 ἀλήθειαν,
1795 824 1894 878 καὶ

317 907 390 960 οὐ
407 906 494 974 μὴ
524 905 802 971 ἀθετήσει
836 917 862 978 9
891 905 1106 970 αὐτήν.
1143 906 1238 959 Ἐκ
1263 906 1492 974 καρποῦ
1521 907 1633 974 τῆς
1661 908 1896 973 κοιλίας

215 1057 226 1068 _
318 1006 435 1044 σου
467 988 725 1058 θήσομαι
753 989 851 1041 ἐπὶ
887 989 995 1042 τοῦ
1045 989 1264 1057 θρόνου
1316 1006 1452 1044 σου.
1512 990 1728 1061 Ἐπειδὴ
1785 992 1895 1062 γὰρ

319 1073 564 1144 ἐμνήσθη
601 1074 693 1126 τοῦ
713 1072 895 1139 Δαυῒδ,
922 1075 1014 1126 καὶ
1045 1073 1144 1143 τῆς
1174 1075 1374 1146 ἀρετῆς
1403 1075 1498 1128 τοῦ
1547 1076 1757 1146 ἀνδρὸς,
1801 1077 1896 1130 καὶ

318 1159 418 1228 τῆς
449 1159 684 1229 σπουδῆς
707 1159 806 1228 τῆς
825 1159 962 1229 πρὸς
981 1158 1072 1212 τὸν
1098 1157 1246 1225 ναὸν,
1277 1161 1372 1214 καὶ
1395 1159 1465 1214 τά
1491 1159 1693 1214 παλαιά
1714 1160 1898 1231 διηγή-

324 1259 469 1312 ματα
505 1238 646 1300 εἷπε.
679 1241 774 1295 καὶ
821 1240 1052 1312 ἠξίωσεν
1081 1241 1176 1295 ἐπὶ
1215 1242 1316 1312 τῆς
1355 1243 1626 1314 προτέρας
1669 1243 1834 1296 αὑτοῦ
1866 1243 1894 1284 ι)

320 1327 556 1396 φανῆναι
607 1326 900 1391 πολιτείας,
932 1327 1070 1398 ὅπερ
1125 1326 1384 1397 μέγιστον
1420 1327 1534 1398 ἔχει
1576 1328 1892 1395 κεφάλαιον.

319 1412 475 1464 τοῦτο
502 1411 891 1482 προϐάλλεται,,
926 1411 1026 1482 τὰς
1061 1411 1334 1482 συνθήκας
1366 1411 1758 1481 ἀναγινώσκων
1797 1410 1893 1465 τοῦ

321 1495 475 1549 Θεοῦ.
508 1480 664 1548 Ποῖαι
697 1495 753 1548 δὲ
789 1490 948 1550 αὗταί
996 1480 1171 1560 εἰσιν;
1209 1480 1308 1549 Ἕκ
1346 1480 1578 1564 καρποῦ
1616 1496 1726 1563 τῆς
1770 1513 1894 1550 κοι-

320 1579 458 1645 λίης
490 1596 606 1632 σου
657 1577 912 1646 θήσομαι
949 1578 1047 1632 ἐπὶ
1076 1578 1181 1633 τοῦ
1212 1579 1428 1646 θρόνου
1457 1594 1594 1634 σου.
1630 1579 1767 1632 Ἀλλ’
1799 1580 1896 1650 οὐχ

322 1663 506 1727 ἁπλῶς
553 1665 609 1716 αἰ
649 1663 912 1732 συνθῆκαι
955 1661 1220 1731 ἐγένοντο,
1253 1661 1389 1715 ἀλλά
1435 1662 1571 1733 μετά
1613 1661 1894 1734 διορισμοῦ

319 1765 482 1811 τινος.
517 1748 612 1810 Τίς
638 1747 694 1801 δὲ
721 1743 789 1818 ἦν
813 1749 840 1799 ὁ
872 1747 1177 1818 διορισμός;
1204 1747 1400 1802 Ἄκουε
1422 1763 1435 1778 ·
1468 1748 1662 1814 ἐπάγει
1690 1748 1798 1818 γάρ
1833 1757 1855 1784 °
1878 1760 1892 1775 ⁶

332 1831 473 1886 Ἐὰν
500 1831 881 1900 φυλάξωνται
911 1833 965 1884 οἱ
994 1832 1112 1885 υἱοί
1140 1847 1257 1886 σου
1295 1831 1411 1899 τὴν
1435 1830 1729 1898 διαθήκην
1751 1848 1892 1900 μου,

321 1915 420 1968 καί
453 1915 527 1968 τὰ
570 1915 862 1983 μαρτύριά
895 1931 1016 1982 μου
1059 1914 1264 1972 ταῦτα.
1309 1913 1349 1968 ἃ
1391 1913 1610 1978 διδάξω
1650 1913 1891 1979 αὐτοὺς,

320 1997 417 2051 καὶ
447 2000 502 2052 οί
529 1996 646 2050 vlo!
691 1996 889 2051 αὐτῶν
917 1997 1027 2062 ἕως
1063 1996 1168 2051 τοῦ
1193 1997 1409 2063 αἰῶνος
1435 1996 1776 2052 καθιοῦνται
1796 1995 1895 2050 ἐπὶ

319 2082 426 2136 τοῦ
465 2085 682 2151 θρόνου
717 2095 852 2135 σου.
895 2079 1110 2144 Ταύτας
1150 2081 1247 2145 τὰς
1301 2080 1574 2152 συνθήκας
1609 2081 1834 2150 θέμενος
1865 2081 1894 2133 ό

320 2165 472 2230 Θεὸς,
521 2165 705 2228 αὐτοῖς
755 2164 1051 2233 ἐνεχείρισε
1101 2162 1164 2217 τὸ
1211 2164 1601 2236 χειρόγραφον·
1653 2167 1895 2220 κάκεῖνοι

321 2249 482 2305 πάλιν
510 2249 715 2319 ἔλεγον,
747 2251 949 2302 Παντα
982 2248 1100 2302 ὅσα
1125 2245 1295 2303 εἷπεν
1329 2252 1361 2303 ό
1390 2250 1602 2317 Κύριος
1643 2249 1892 2316 ποιήσο-

315 2351 430 2403 μεν
461 2334 558 2386 καί
591 2333 991 2401 ἀκουσόμεθα.
1026 2329 1153 2385 Εἶτα
1182 2333 1368 2404 ἐπειδὴ
1396 2335 1498 2406 ὁρᾷ
1538 2332 1597 2386 τὸ
1635 2332 1693 2385 ἓν
1728 2332 1894 2402 μέρος

321 2416 704 2488 παραϐεϐηκὸς
735 2416 834 2478 τὰς
876 2413 1169 2485 συνθήκας,
1200 2416 1292 2469 ἐπὶ
1317 2416 1406 2468 τὸν
1449 2416 1612 2470 τόπον
1636 2417 1760 2483 ἄγει
1802 2414 1894 2467 τὸν

319 2499 498 2568 λόγον,
539 2497 872 2568 πανταχόθεν
904 2499 1066 2551 κινῶν
1093 2497 1285 2566 λόγους
1315 2498 1776 2569 παρακλητικοὺς,
1800 2499 1895 2552 καὶ

318 2583 493 2650 λέγων
515 2598 527 2611 ·
562 2581 682 2634 Ὅτι
729 2581 1047 2644 ἐξελέξατο
1097 2581 1311 2648 Κύριος
1336 2579 1453 2648 τὴν
1487 2579 1662 2646 Σιὼν,
1694 2583 1893 2650 ᾐρετί-

317 2681 470 2720 σατο
514 2665 710 2733 αὐτὴν
738 2668 825 2731 εἰς
866 2666 1178 2718 κατοικίαν
1202 2663 1413 2731 ἐαυτῷ.
1459 2668 1620 2734 Αὕτη
1651 2665 1688 2734 ’ἡ
1719 2664 1895 2719 κατά-

317 2749 546 2814 παυσις
578 2766 698 2818 μου
737 2751 822 2813 είς
859 2746 1044 2801 αἰῶνα
1083 2738 1478 2814 αἰῶνος.Ὦδε
1528 2747 1888 2816 κατοικήσω,

317 2831 409 2885 ὅτι
455 2829 828 2900 ῄρετισάμην
860 2830 1075 2896 αὑτήν.
1120 2831 1428 2893 Τουτέστιν,
1458 2832 1559 2886 οὑκ
1607 2831 1892 2902 ἄνθρωπος

319 2916 408 2969 τὸν
433 2916 596 2969 τόπον
639 2915 943 2982 ἐξελέξατο,
976 2915 1091 2968 ἀλλ’
1130 2918 1158 2969 ὁ
1188 2916 1320 2979 Θεὸς
1363 2915 1524 2970 αὑτὸν
1568 2915 1887 2986 ἐψηφίσατο,

319 2997 768 3068 συγκαταϐαίνων
818 2999 997 3052 αὐτῶν
1047 3001 1114 3069 τῇ
1162 2999 1433 3071 ἀσθενείᾳ.
1468 3001 1534 3052 '0
1583 2994 1675 3052 ούν
1721 2999 1889 3067 λέγει,

316 3082 554 3136 τοιοῦτόν
579 3084 726 3136 ἐστιν
746 3099 758 3111 ·
789 3082 848 3135 ὃν
877 3082 1045 3146 εἵλου,
1078 3082 1136 3136 ὃν
1171 3081 1420 3147 ἐξελέξω,
1451 3082 1509 3136 ὃν
1532 3082 1802 3153 ὲψηφίσω,
1831 3082 1891 3136 ὃν

317 3165 644 3237 ἐδοκίμασας
686 3165 986 3235 ἐπιτήδειον
1024 3161 1181 3227 εἶναι,
1238 3166 1313 3236 μὴ
1359 3166 1502 3236 ἀφῇς
1547 3164 1889 3238 διαρρυῆναι,

319 3249 451 3321 μηδὲ
480 3249 796 3304 ἀπολέσθαι.
835 3248 1015 3301 Ταῦτα
1044 3248 1152 3319 γὰρ
1187 3247 1390 3318 ἔλεγες,
1423 3249 1505 3302 ὅτι
1541 3247 1891 3316 Κατοικήσω

314 3335 589 3389 ἐνταῦθα.
629 3333 789 3386 Ἀλλά
832 3332 1008 3386 ταῦτα
1047 3333 1264 3398 ἐλέγετο
1304 3335 1438 3405 μετὰ
1470 3335 1581 3392 τῶν
1608 3331 1890 3398 συνθηκῶν

311 3416 552 3470 ἐκείνων.
587 3415 758 3468 Ποίων
783 3413 846 3486 δὴ
869 3412 1104 3479 τούτωνς
1132 3413 1272 3466 Ἐὰν
1293 3413 1680 3483 φυλάξωνται
1700 3416 1754 3466 οι
1776 3414 1896 3465 ὺίοί

310 3512 426 3551 σου
450 3498 563 3565 τὴν
585 3498 882 3567 διαθήκην
902 3516 1045 3568 μου.
1069 3497 1188 3568 Τὴν
1204 3497 1396 3566 θήραν
1417 3494 1609 3566 αὐτῆς
1628 3493 1900 3566 ειιιογῶν

314 3578 648 3646 εὐλογήσω.
670 3578 916 3650 Ἕτερος,
946 3578 1057 3631 Τόν
1081 3579 1485 3648 ἐπισιτισμόν.
1521 3579 1704 3651 Θηραν
1741 3580 1887 3649 λέγει

311 3660 420 3713 τῶν
458 3661 632 3714 ὠνίων
660 3660 756 3733 τὴν
785 3661 1066 3730 ἀφθονίαν,
1096 3662 1194 3732 τὴν
1227 3663 1533 3735 εὐετηρίαν,
1561 3667 1654 3720 καὶ
1669 3663 1888 3736 εὔχεται

312 3745 491 3797 πάντα
516 3742 544 3782 ἀ
577 3744 758 3806 αὐτοῖς
797 3744 873 3806 ὡς
917 3744 1026 3798 ἀπὸ
1077 3744 1268 3816 πηγῶν
1309 3747 1577 3818 ἐπιρρεῖν.
1627 3749 1736 3801 Καὶ
1777 3749 1887 3823 γάρ

311 3826 566 3896 τοιαύτην
595 3823 740 3898 εἶχον
765 3827 1038 3880 πολιτείαν
1067 3829 1116 3880 οί
1152 3828 1393 3883 Ἰουδαῖοι
1418 3830 1480 3884 τὸ
1508 3831 1753 3895 παλαιὸν.
1785 3834 1887 3888 οὑκ

312 3908 709 3982 αἰσθανομένην
729 3910 836 3963 τῶν
869 3911 1113 3980 φυσικῶν
1135 3911 1408 3980 ἀναγκῶν,
1423 3912 1618 3968 εἰποτε
1645 3915 1736 3968 τὸν
1754 3915 1885 3969 Θεὸν

314 3991 469 4044 ἵλεων
499 3987 676 4063 εἶχον
718 3991 840 4045 οὒτε
876 3991 984 4064 γὰρ
1027 3993 1259 4047 σιτοδεία
1293 4013 1376 4060 τις
1408 3991 1476 4068 ἦν
1519 3999 1648 4070 παρ’
1679 3999 1882 4062 αὐτοῖς,

309 4075 369 4127 οὑ
409 4073 584 4146 λιμὸς,
619 4075 653 4146 ἢ
689 4075 898 4147 λοιμὸς,
929 4075 990 4128 ού
1020 4075 1246 4134 θάνατος
1275 4078 1472 4150 ἄωρος,
1500 4080 1600 4134 ούκ
1627 4079 1755 4134 ἄλλο
1778 4081 1885 4136 τῶν

309 4159 566 4213 τοιούτων
601 4161 770 4225 οὐδὲν,
803 4157 890 4214 οἷα
935 4159 1255 4230 συμϐαίνειν
1285 4165 1398 4227 τοῖς
1424 4164 1734 4236 ἀνθρώποις
1763 4169 1884 4220 είω-

309 4241 420 4306 θεν,
451 4241 586 4296 ἀλλά
634 4246 815 4298 πάντα
857 4243 1040 4307 αὑτοῖς
1079 4242 1267 4318 ὥσπερ
1306 4247 1370 4300 ὲκ
1415 4247 1607 4319 πηγῶν
1639 4249 1880 4321 ἐπέρρει,

305 4325 404 4394 τῆς
432 4324 527 4378 τοῦ
566 4326 701 4381 Θεοῦ
733 4327 914 4398 χειρὸς
951 4338 974 4366 ε
1007 4326 1115 4379 τῶν
1144 4327 1502 4399 ἀνθρωπίνων
1541 4336 1882 4404 πραγμάτων

306 4405 403 4478 τὴν
430 4408 712 4464 ἀσθένειαν
738 4409 1146 4483 διορθουμένης.
1191 4409 1344 4485 [579]
1378 4414 1550 4468 Τοῦτο
1584 4413 1678 4470 οὖν
1720 4434 1881 4488 φησιν

307 4491 556 4558 ἐνταῦθα,
583 4489 944 4565 ὄτιὙπέσχου
975 4495 1074 4566 τὴν
1114 4493 1288 4569 θήραν
1327 4497 1499 4570 αὐτῆς
1543 4499 1879 4572 εὑλογήσειν,

303 4575 567 4643 τουτέστι,
587 4577 686 4650 τὴν
711 4579 818 4633 τῶν
840 4581 1154 4650 ἀναγκαίων
1179 4581 1438 4652 ἀφθονίαν
1462 4582 1719 4654 παρέξειν
1742 4585 1880 4654 μετὰ

304 4656 506 4730 πολλῆς
529 4661 631 4731 τῆς
658 4662 981 4730 ἀσφαλείας.
1016 4667 1162 4734 Τοὺς
1208 4666 1484 4735 πτωχοὺς
1521 4667 1714 4737 αὐτῆς
1741 4686 1879 4736 χορ-

302 4740 467 4795 τάσω
514 4741 728 4812 ἄρτων.
773 4745 921 4813 Τοὺς
972 4748 1148 4817 ἱερεῖς
1193 4749 1384 4818 αὐτῆς
1412 4749 1648 4805 ἐνδύσω
1685 4767 1878 4818 σωτη-

296 4824 462 4891 ρίαν,
505 4827 604 4880 καί
642 4829 695 4880 οἰ
751 4829 908 4883 ὅσιοι
953 4832 1144 4901 αὐτῆς
1186 4831 1542 4903 ἀγαλλιάσει
1588 4834 1879 4903 ἀγαλλιά-

303 4923 539 4965 σονται.
568 4911 729 4966 Ἐκεῖ
763 4914 1106 4980 ἐξανατελῶ
1146 4919 1324 4986 κέρας
1351 4917 1432 4983 τῷ
1463 4917 1644 4972 Δαυτδ
1667 4937 1681 4950 ’
1717 4921 1878 4988 ἡτοί-

298 5005 468 5060 μασα
525 4994 758 5063 λύχνον
809 4996 892 5062 τῷ
943 4998 1170 5068 χριστῷ
1215 5019 1356 5070 μου.
1422 5001 1568 5069 Τοὺς
1625 5003 1879 5071 ἐχθροὺς

300 5074 490 5129 αὐτοῦ
527 5075 764 5131 ἐνδύσω
813 5082 1142 5148 αἰσχύνην·
1186 5083 1280 5136 ἐ.τί
1315 5081 1383 5136 δὲ
1413 5085 1602 5140 αὑτὸν
1631 5086 1877 5153 ἐξανθήο

303 5173 402 5212 σει
425 5157 492 5213 τὸ
529 5160 794 5232 ἁγίασμὰ
832 5181 972 5234 μου.
1005 5166 1148 5235 Ὅρα
1200 5167 1534 5238 πανταχόθεν
1578 5169 1874 5242 εὐημερίαν

362 5366 390 5442 ξ
413 5368 694 5442 ξξν..ούΑμή
719 5374 944 5442 ἀθετήσῃ.

363 5433 580 5508 δμᾼύτοῦ.
599 5433 739 5508 81ης
761 5433 1024 5508 «.ngng
1052 5438 1234 5508 αὑτούς.
1268 5440 1457 5508 l_ulerp._
1479 5448 1642 5508 ugngn
1661 5445 1871 5508 legerat.

303 5494 604 5566 ut'vidgtur!
651 5496 815 5566 αὐτοῦ.
845 5498 1014 5566 Ριριεει
1038 5494 1371 5566 εωιεωήειὶδφ
1405 5494 1551 5554 αὑτοῦ
1577 5494 1784 5566 ferriqu
1812 5494 1870 5556 ιιιὶ

303 5555 698 5630 γαόν-τεςετειυιχ
713 5557 813 5628 εςᾱ
833 5561 1046 5630 πολιτεία
1069 5565 1267 5630 prqprje
1291 5565 1350 5612 ad
1375 5577 1610 5630 pel-genas
1628 5555 1821 5630 spécml'
1850 5585 1866 5617 ι

303 5614 626 5680 ραιῳοδτεω
645 5617 792 5668 αὑτοῦ
816 5633 1016 5680 prorsus
1032 5614 1084 5671 id
1108 5614 1264 5672 αὑτῶν
1285 5614 1806 5680 ωυίοηάυσῖνῖἆοιυτ.

370 5679 392 5747 ις
415 5675 446 5747 1
445 5677 543 5725 llud
563 5679 726 5747 ἄκουε,
740 5675 901 5747 ἐπάγει
925 5685 1014 5747 γάρ
1037 5697 1132 5747 non
1160 5686 1310 5736 habet
1331 5675 1501 5738 Morel;

367 5735 393 5774 ’1
413 5735 525 5804 ξεν.
554 5743 634 5804 καὶ
655 5735 1179 5804 εὔχεται’ὥστι’πάντα.

375 5806 398 5833 ο
412 5799 528 5850 nor.
553 5799 760 5867 χάριτος.

1372 369 1478 426 ,ΕΧ
1494 367 1761 426 POSITIO
1797 367 1862 424 IN
1903 367 2238 429 PSALMUM
2270 371 2532 428 CXXXII.

3473 377 3572 432 τρι

2001 491 2541 564 συγκεκροτημένην,
2567 492 2678 546 ἀπὸ
2706 490 2798 545 τοῦ
2825 490 2991 564 μηδὲν
3012 491 3120 546 τῶν
3151 493 3461 562 ἀναγκαίων
3488 496 3576 548 ὲν-

1995 574 2130 638 δείν,
2154 576 2262 628 ἀπὸ
2290 575 2384 628 τοῦ
2410 578 2535 640 τοὺς
2561 577 2730 646 ἱερεῖς
2761 578 2820 628 ὲν
2851 577 3121 646 ἀσφαλείᾳ
3152 573 3312 642 εἶναι,
3346 578 3454 632 ἀπὸ
3483 580 3577 636 τοῦ

1994 658 2086 710 τὸν
2120 657 2246 711 λαὸν
2268 659 2326 711 ἐν
2357 659 2685 731 εὐφροσύνῃ,
2715 660 2822 721 ἀπὸ
2845 660 2938 712 τοῦ
2959 660 3051 713 τὸν
3077 659 3299 730 βασιλέα
3326 661 3384 714 ὲν
3412 663 3574 732 ἰσχύϊ.

1996 739 2203 810 Λύχνον
2231 742 2338 811 γὰρ
2384 743 2618 796 ἐνταῦθα
2667 742 2699 814 ἢ
2742 743 2834 795 τὸν
2869 741 3092 812 βασιλέα
3137 745 3322 813 φησὶν,
3365 745 3578 815 ἢάντί⁸

1995 825 2179 894 ληψιν,
2213 827 2246 897 ἢ
2278 827 2573 898 σωτηρίαν,
2607 827 2640 898 ἢ
2669 826 2782 894 φῶς
2801 842 2814 856 ο
2859 827 2995 896 μετὰ
3022 826 3079 879 δὲ
3099 826 3302 881 τούτων
3327 828 3390 881 τὸ
3421 827 3578 898 μέγι-

1999 925 2124 962 στον
2161 911 2261 982 τῆς
2307 911 2608 982 εὐημερίας
2653 906 2814 972 εἶδος.
2847 911 3006 963 Ποῖον
3035 911 3098 981 δὴ
3125 911 3310 976 τοῦτο;
3340 912 3414 964 Τὸ
3450 915 3578 976 τοὺς

1998 992 2226 1064 ἐχθροὺς
2273 994 2754 1062 ὲγκαλύπτεσθαι,
2788 993 2884 1047 καὶ
2915 993 3122 1064 μηδένα
3152 987 3293 1046 εἶναι
3344 994 3435 1046 τὸν
3484 993 3574 1047 λυ-

2000 1076 2324 1146 μαινόμενον
2348 1081 2460 1140 τοῖς
2499 1077 2686 1140 καλοῖς
2715 1076 2944 1138 τούτοις.
2981 1077 3089 1130 Καὶ
3118 1080 3218 1130 οὑκ
3246 1073 3397 1130 εἶπεν
3426 1077 3578 1131 ἀπώ-

1996 1156 2146 1212 λειαν
2173 1159 2379 1223 ἁπλῶς,
2405 1161 2520 1214 ἀλλ’
2546 1160 2834 1230 αἰσχύνην,
2858 1158 3179 1229 βουλόμενος
3207 1159 3349 1213 ῶστε
3370 1160 3578 1226 ζῶντας

1997 1240 2460 1308 ὲγκαλύπτεσθαι.
2497 1245 2592 1297 καὶ
2626 1243 3011 1308 καταδύεσθαι,
3049 1243 3142 1295 καὶ
3182 1245 3480 1312 μαρτυρεῖν
3509 1242 3576 1296 δι’

1998 1314 2075 1375 ὧν
2103 1325 2372 1395 πάσχουσι
2422 1327 2516 1396 τὴν
2547 1328 2698 1396 ἰσχὺν
2729 1326 2823 1379 καὶ
2864 1327 2963 1397 τὴν
2996 1326 3294 1396 εὐημερίαν
3322 1326 3401 1395 τῷ
3437 1325 3578 1378 ἔθνει

1998 1405 2194 1477 τούτῳ.
2228 1408 2351 1461 Ἐπί
2381 1407 2447 1460 δὲ
2477 1412 2662 1463 αὑτὸν
2681 1409 3004 1474 ἐξανθήσει
3025 1409 3088 1461 τὸ
3106 1407 3372 1477 ἁγίασμά
3393 1426 3512 1476 μου
3531 1408 3574 1462 ί.

1999 1487 2064 1540 Τί
2097 1489 2264 1552 ἐστιν,
2282 1491 2404 1544 Ἐπὶ
2434 1492 2501 1544 δὲ
2527 1493 2883 1554 (ιὺτόν;“Επὶ
2904 1490 2996 1544 τὸν
3022 1491 3168 1544 λαόν.
3195 1491 3265 1545 Τὸ
3293 1491 3578 1560 ἀτίασμα·

1996 1569 2184 1641 ἕτερος
2233 1573 2303 1627 Τὸ
2332 1574 2510 1642 κέρας
2551 1569 2724 1628 εἶπεν.
2759 1573 2973 1641 Ἀλλος,
3005 1575 3324 1643 Ἁφόρισμα
3368 1574 3575 1630 αὑτοῦ.

2001 1655 2210 1721 Ἀλλος,
2263 1658 2331 1712 Τὸ
2365 1660 2784 1728 ἀφωρισμένον
2830 1659 3039 1714 αὑτοῦ.
3070 1659 3135 1710 Τί
3183 1658 3300 1712 ποτ’
3341 1654 3433 1711 οὖν
3463 1659 3578 1712 ἐστι

1999 1739 2058 1792 τὸ
2098 1741 2424 1811 είρημένον;
2473 1743 2628 1813 Ἐμοὶ
2671 1744 2817 1796 δοκεῖ
2874 1743 2974 1813 τὴν
3028 1733 3336 1814 εὐπραγίαν
3377 1741 3578 1812 λέγειν,

1996 1824 2096 1895 τὴν
2125 1824 2450 1894 ἀσφάλειαν,
2485 1825 2585 1894 τὴν
2623 1826 2799 1894 ἰσχὺν,
2837 1825 2936 1896 τὴν
2967 1825 3264 1895 βασιλείαν.

2070 1907 2252 1978 "An-59
2284 1907 2344 1970 ἐξ
2379 1907 2558 1978 ἀρχῆς
2595 1907 2851 1980 ἀφώρισα
2889 1909 3059 1979 αὐτῷ,
3089 1909 3266 1964 ταῦτα
3301 1910 3452 1977 μενεῖ
3481 1909 3580 1962 ἀν-

1999 1990 2214 2052 θοῦντα,
2247 1992 2402 2061 φησι,
2446 1991 2698 2063 βρύοντα,
2731 1995 2791 2046 οὑ
2837 1995 3231 2065 μαραινόμενα,
3260 1994 3381 2048 οὑδὲ
3415 2011 3578 2048 κατα-

1997 2075 2300 2128 πίπτοντα’
2341 2074 2479 2128 ἀλλά
2519 2076 2696 2130 ταῦτα
2737 2078 2914 2130 πάντα
2955 2077 3125 2143 ἔσται,
3159 2077 3252 2130 τοῦ
3296 2077 3578 2148 διορισμοῦ

1995 2156 2088 2211 τοῦ
2126 2156 2436 2227 ἔμπροσθεν
2482 2160 2774 2229 εἰρημένου
2818 2160 3089 2230 μένοντος.
3153 2161 3313 2213 Ποίου
3359 2160 3422 2232 δὴ
3456 2159 3579 2214 τού-

1997 2260 2121 2307 του;
2163 2244 2305 2297 Ἐὰν
2345 2244 2729 2312 φυλάξωνται
2762 2251 2813 2299 οἱ
2850 2247 2969 2299 υἰοί
3007 2263 3124 2302 σου
3153 2245 3266 2313 τὴν
3288 2246 3582 2314 διαθήκην

1992 2343 2129 2394 μου.
2162 2326 2236 2380 Οὐ
2278 2327 2389 2396 γὰρ
2438 2328 2595 2396 μόναι
2641 2330 2696 2380 αἰ
2748 2329 3075 2400 ὑποσχέσεις
3121 2329 3217 2382 τοῦ
3265 2331 3399 2383 Θεοῦ
3436 2347 3578 2401 παρ-

1997 2410 2212 2478 έχουσιν
2237 2411 2370 2480 ἡμῖν
2397 2411 2467 2464 τὰ
2512 2411 2714 2480 ἀγαθὰ,
2742 2412 2808 2466 ἂν
2862 2411 2938 2483 μὴ
2981 2412 3074 2466 καὶ
3122 2415 3283 2483 ἡμεῖς
3325 2415 3392 2468 τὰ
3447 2415 3573 2487 παρ’

1996 2493 2201 2546 ἑαυτῶν
2243 2493 2522 2563 ποιῶμεν,
2587 2495 2706 2546 οὐδὲ
2752 2495 2856 2566 χρὴ
2899 2495 3109 2560 τούτοις
3139 2506 3166 2544 8
3210 2497 3575 2568 προσέχοντας

1995 2576 2468 2638 ἀναπεπτωκέναι,
2512 2576 2607 2629 καὶ
2659 2577 2885 2642 ὑπτίους
2930 2574 3089 2633 εἶναι.
3132 2579 3311 2633 Πολλά
3345 2580 3455 2651 γὰρ
3487 2583 3581 2635 καὶ

1993 2661 2102 2713 τῶν
2136 2661 2359 2729 ἀγαθῶν
2385 2653 2462 2714 ῶν
2499 2661 2869 2732 ἐπηγγείλατο
2913 2664 2942 2716 ό
2979 2662 3112 2726 Θεὸς
3159 2662 3223 2717 ού
3276 2681 3440 2726 mm,
3473 2665 3580 2718 τῶν

1993 2744 2093 2806 τὰς
2141 2744 2472 2812 ὲπαγγελιας
2515 2744 2830 2814 δεξαμένων
2861 2744 3096 2810 ἀναξίων
3137 2746 3569 2817 εὑρισκομένων·

1995 2823 2184 2896 ὥσπερ
2214 2827 2308 2880 καὶ
2331 2827 2400 2880 τὰ
2422 2827 2589 2892 κακὰ,
2619 2827 2656 2881 ἃ
2681 2827 3000 2898 ἠπείλησεν,
3028 2829 3108 2891 εἰς
3130 2827 3290 2899 ἔργον
3311 2831 3413 2884 οὐκ
3434 2831 3580 2899 ἄγει,

1993 2908 2103 2962 τῶν
2151 2909 2570 2981 παροξυνάντων
2601 2913 2764 2965 αὐτὸν
2808 2911 3034 2982 ὕστερον
3071 2911 3579 2984 μεταϐαλλομένων,

1995 2993 2088 3047 καὶ
2124 2993 2222 3065 τὴν
2255 2994 2426 3066 ὀργὴν
2451 2997 2974 3067 ἀποκρουσαμένων.
3013 2994 3199 3050 Ταῦτα
3231 2993 3325 3051 οὖν
3355 2998 3577 3064 εἰδότες,

1997 3077 2131 3146 μήτε
2171 3074 2260 3129 διὰ
2296 3076 2395 3140 τὰς
2433 3079 2759 3149 ὑποσχέσεις
2787 3078 3142 3150 ρᾳθυμῶμεν,
3180 3080 3267 3134 ἵνα
3301 3081 3377 3152 μὴ
3409 3099 3578 3136 κατα-

1993 3159 2270 3228 πέσωμεν,
2294 3161 2432 3230 μήτε
2457 3161 2548 3215 διὰ
2567 3161 2666 3225 τὰς
2681 3161 2910 3226 ἀπειλὰς
2930 3160 3420 3234 ἀπογινώσκωμεν,
3442 3165 3579 3220 ἀλλά

1995 3241 2480 3314 μεταϐαλλώμεθα.
2523 3243 2680 3297 Οὕτω
2705 3244 2815 3313 γὰρ
2842 3244 3187 3314 δυνησόμεθα
3216 3245 3325 3300 τῶν
3356 3247 3578 3317 μελλόν-

1990 3341 2098 3379 των
2132 3329 2405 3396 ἐπιτυχεῖν
2434 3326 2673 3395 ἀγαθῶν,
2710 3328 2891 3400 χάριτι
2922 3329 3028 3404 καὶ
3075 3328 3456 3404 φιλανθρωπίᾳ
3482 3333 3580 3386 τοῦ

1991 3409 2198 3478 Κυρίου
2229 3409 2388 3480 ἡμῶν
2421 3410 2594 3481 Ἰησοῦ
2627 3410 2887 3482 Χριστοῦ,
2907 3403 3004 3482 «In;
3030 3411 3158 3476 δόξα
3181 3413 3355 3467 καὶτὸ
3377 3403 3576 3488 κράτος

1990 3495 2070 3558 εἰς
2093 3495 2222 3558 τοὺς
2251 3494 2452 3558 αἰῶνας
2477 3495 2585 3548 τῶν
2620 3495 2855 3551 αἰώνων.
2885 3496 3078 3566 Ἀμήν.

2380 3654 2492 3708 ΕΙΣ
2526 3654 2664 3707 TON
2713 3655 2860 3708 PAB'
2909 3655 3234 3712 ΨΑΛΜΟΝ.

2002 3752 2158 3808 Ἰδοὺ
2195 3752 2272 3824 δὴ
2299 3753 2358 3806 τί
2401 3754 2614 3818 καλὸν,
2639 3753 2676 3822 ἢ
2705 3756 2764 3808 τί
2801 3756 3060 3823 τερπνόν
3097 3755 3292 3824 (ἄλλος.
3323 3757 3467 3811 Ἰδοὺ
3516 3760 3576 3813 τί

2057 3823 2309 3895 ἀγαθὸν,
2358 3824 2458 3878 καί
2492 3825 2554 3895 τί
2585 3827 2836 3895 καλόν),
2881 3825 3019 3880 ἀλλ’
3069 3823 3113 3895 ἢ
3159 3825 3226 3880 τὸ
3271 3828 3573 3882 κατοικεῖν

2057 3893 2364 3963 ἀδελφοὺς
2405 3893 2506 3947 ἐπὶ
2536 3894 2600 3948 τὸ
2633 3896 2812 3959 αὺτό;

2058 4017 2236 4072 Πολλά
2267 4019 2379 4073 τῶν
2414 4019 2758 4092 πραγμάτων
2793 4019 2911 4072 ἐστὶ
2949 4020 3049 4090 μὲν
3081 4018 3246 4085 καλὰ,
3269 4021 3331 4074 τὸ
3359 4021 3417 4075 δὲ
3441 4038 3568 4093 τερ-

1987 4103 2118 4156 πνὸν
2148 4103 2249 4155 οὐκ
2295 4102 2437 4172 ἔχει·
2480 4102 2640 4173 ἕτερα
2682 4100 2710 4140 δ
2739 4103 2932 4176 ἡδονὴν
2967 4104 3066 4174 μὲν
3106 4103 3220 4175 ἔχει
3254 4103 3440 4172 πάλιν,
3471 4105 3569 4158 τοῦ

1987 4185 2135 4259 [3,80]
2165 4185 2448 4239 καλλίστου
2469 4185 2524 4239 δὲ
2552 4186 2920 4256 ἀπεστέρηται
2943 4201 2958 4216 '
2985 4188 3270 4259 ἀμφότερα
3296 4188 3354 4242 δὲ
3379 4189 3567 4242 συνελ-

1984 4271 2116 4330 θεῖν,
2156 4269 2219 4322 ού
2252 4269 2455 4341 σφόδρα
2483 4267 2736 4339 εὔπορον.
2764 4269 2902 4322 Ἀλλ’
2930 4270 3022 4322 ἐπὶ
3061 4271 3253 4323 τούτου
3275 4269 3370 4323 τοῦ
3409 4272 3563 4342 είρη-

1986 4352 2147 4422 μένου
2171 4351 2455 4422 ἀμφότερα
2477 4349 2649 4404 ταῦτα
2679 4351 3110 4423 συνδεδράμηκε,
3140 4353 3234 4406 καὶ
3263 4353 3446 4424 ἡδονὴ.
3470 4355 3566 4408 καὶ

1980 4434 2042 4487 τὸ
2071 4434 2377 4489 κάλλιστον.
2401 4433 2569 4487 Τοῦτο
2590 4433 2699 4504 γάρ
2719 4434 2952 4504 μάλιστα
2983 4437 3016 4504 ἡ
3044 4435 3232 4506 ἀγάπη
3250 4437 3527 4507 ’κέκτηται
3543 4451 3560 4467 ·

1985 4516 2124 4587 μετά
2163 4517 2265 4588 τῆς
2297 4516 2562 4586 ὠφελείας
2611 4517 2708 4570 καὶ
2752 4517 2814 4570 τὸ
2867 4519 3063 4588 ῥᾷστον
3110 4517 3243 4588 ἔχει,
3298 4519 3394 4571 καὶ
3439 4518 3560 4589 ἡδύ.

1980 4601 2196 4671 Ταύτην
2239 4601 2372 4671 γοῦν
2403 4603 2496 4655 καὶ
2537 4601 2771 4655 ἐνταῦθα
2813 4604 3058 4672 ἀνυμνεῖ.
3089 4605 3163 4657 Οὑ
3215 4605 3323 4674 γάρ
3375 4604 3562 4668 ἁπλῶς

1979 4684 2076 4754 τὴν
2110 4685 2322 4752 οἴκησιν
2355 4681 2526 4749 εἶπεν,
2555 4685 2675 4737 οὐδὲ
2719 4684 2799 4755 τῷ
2845 4687 2926 4738 ἑνὶ
2961 4686 3280 4756 συνέχεσθαι
3310 4687 3564 4758 οἰκίσκῳ,

1979 4769 2094 4822 ἀλλ’
2116 4771 2206 4822 ἐπὶ
2230 4771 2293 4823 τὸ
2320 4770 2452 4824 αὐτὸ
2474 4771 2768 4834 κατοικεῖν,
2798 4769 3065 4834 τουτέστι,
3091 4769 3230 4841 μετά
3250 4771 3559 4842 ὁμοφωνίας

1980 4854 2072 4905 καὶ
2103 4854 2350 4925 ἀγάπης·
2381 4851 2541 4906 τοῦτο
2562 4852 2674 4922 γὰρ
2695 4855 2842 4906 ποιεῖ
2868 4853 3048 4923 ψυχὴν
3084 4848 3224 4907 εἶναι
3258 4858 3408 4924 μίαν.
3425 4848 3558 4908 Εἶτα

1977 4933 2148 4988 εἰπὼν
2179 4936 2343 4990 καλὸν
2368 4937 2462 4989 καὶ
2489 4937 2742 5007 τερπνὸν,
2785 4935 3118 5008 σαφέστερον
3145 4936 3316 4991 ποιῶν
3349 4937 3442 4991 τὸν
3469 4937 3557 4991 λό-

1976 5035 2094 5088 γον,
2131 5020 2223 5072 καὶ
2254 5021 2336 5083 εἰς
2372 5018 2721 5090 παράδειγμα
2757 5019 2980 5090 ἐκφέρει
3017 5019 3080 5073 τὸ
3121 5019 3432 5092 εἰρημένον,
3461 5022 3555 5074 καὶ

1979 5100 2297 5172 σωματικὰς
2348 5102 2561 5164 εἰκόνας
2606 5101 2808 5172 τίθησι,
2858 5101 3165 5173 δυναμένας
3214 5105 3553 5175 σαφεστέραν

1974 5184 2052 5254 τῷ
2090 5186 2331 5255 ἀκροατῇ
2371 5185 2717 5254 παραστῆσαι
2743 5184 2842 5254 τὴν
2867 5184 3010 5252 ὄψιν.
3047 5187 3203 5250 Τίνες
3237 5186 3293 5240 δέ
3323 5189 3460 5240 εἰσιν
3495 5190 3554 5242 αί

1975 5267 2180 5332 εἰκόνες
2210 5268 2312 5340 ὅρα
2338 5269 2380 5320 ί.
2414 5269 2507 5332 Ὠς
2522 5269 2716 5337 μύρον
2743 5267 2840 5321 ἑπί
2868 5268 3158 5338 κεφαλῆς,
3179 5269 3244 5321 τὸ
3273 5269 3553 5323 καταϐαῖ-

1972 5366 2085 5404 νον
2115 5350 2214 5404 ἐπί
2237 5351 2342 5406 τόν
2363 5353 2630 5421 πώγωνα,
2663 5351 2770 5405 τὸν
2805 5351 3057 5422 πώγωνα
3082 5349 3454 5420 τὸνςἉαρὼν,
3480 5349 3550 5406 τὸ

1973 5435 2329 5490 καταϐαῖνον
2366 5437 2462 5488 ἐπὶ
2509 5435 2624 5505 τὴν
2654 5435 2779 5502 ῷαν
2818 5436 2926 5491 τοῦ
2968 5436 3300 5507 ἐνδύματος
3338 5433 3548 5493 αὐταῖν.

2039 5629 2060 5668 ΐ
2082 5631 2194 5694 Sav.
2227 5630 2283 5694 τό
2304 5631 2518 5694 ἀγίασμά
2542 5649 2652 5694 μου,
2675 5633 2916 5682 τουτέστιν
2940 5634 3016 5682 ἐπὶ
3036 5634 3118 5683 τὸν
3136 5635 3269 5684 λαόν.

2039 5649 2052 5668 ³
2082 5649 2194 5680 διν.
2227 5649 2283 5678 το
2304 5649 2448 5692 αγιασ
2542 5649 2652 5694 μου,
2675 5649 2916 5682 τουτέστιν
2940 5649 3016 5682 επι
3036 5650 3071 5682 τι

2035 5695 2060 5756 β
2084 5692 2367 5756 Legexgdum
2386 5649 2582 5742 viﬁur
2607 5694 2716 5742 οὐδὲ
2746 5695 2837 5756 χρή
2864 5695 3071 5751 ταύταις.

2031 5752 2062 5818 ξ·
2081 5752 2292 5818 All—ipf»:
2310 5756 2426 5817 ἔχει,
2449 5757 2611 5818 ὥσπερ
2635 5752 2792 5818 ἕτερὰτ
2813 5763 2861 5805 el
2882 5769 2992 5818 m9!
3015 5755 3100 5818 τοῦ
3122 5755 3271 5806 καλοῦ
3298 5759 3347 5806 δὲ
3367 5759 3540 5811 ἀπιστ.

2039 5815 2056 5856 ί
2083 5815 2166 5865 Sic
2183 5815 2295 5865 Sav.
2320 5815 2469 5878 iique
2491 5818 2558 5866 ita
2582 5815 2908 5879 legil'inlerp.
2935 5816 2989 5866 In
3010 5817 3126 5868 Mor.
3153 5827 3239 5883 δρα
3261 5821 3422 5871 dumb.
