4112 6342
466 410 571 464 385

459 537 584 578 cum
611 530 752 576 esset
780 520 1037 591 pontifex,
1062 521 1350 591 ungebatur
1378 520 1477 573 hoc
1503 530 1789 588 unguento.
1815 529 1866 571 et
1886 516 2041 572 undio

456 630 562 682 que
591 612 882 667 distillabat
911 630 923 666 :
953 622 1069 667 erat
1105 622 1280 665 autem
1326 611 1479 664 valde
1525 619 1727 679 gratus,
1757 610 2038 678 jucundus,

458 712 509 755 et
533 702 774 756 amabilis
796 703 861 757 iis
889 703 976 772 qui
1009 719 1129 756 eum
1158 702 1421 765 videbant,
1440 713 1652 771 propter
1678 701 1813 756 hanc
1839 701 2042 754 unctio-

462 806 603 847 nem.
648 793 1101 861 Quemadmodum
1147 809 1274 863 ergo
1303 794 1408 858 ille,
1453 794 1661 862 inquit,
1710 805 1898 846 unctus
1940 792 2040 846 hoc

460 894 763 952 unguento,
808 896 891 939 est
936 886 1035 938 hoc
1070 885 1249 938 habitu
1292 885 1536 949 decorus,
1584 886 1724 938 vultu
1774 884 1956 950 laetus,
1984 893 2039 938 et

457 974 620 1028 multa
648 976 879 1043 repletus
909 975 1212 1046 fragrantia,
1252 976 1578 1046 gratiamque
1607 976 1803 1043 praebet
1848 975 2036 1028 viden-

457 1067 597 1121 tibus
625 1068 793 1121 oculis
816 1086 827 1119 :
850 1068 918 1121 ita
936 1069 1094 1123 etiam
1129 1068 1229 1121 hoc
1260 1068 1536 1135 pulchrum
1566 1077 1646 1121 est
1671 1084 1684 1129 ;
1709 1078 1761 1121 et
1782 1066 2036 1137 quemad-

454 1157 670 1212 modum
711 1158 835 1212 illud
877 1160 1235 1228 spectaculum
1278 1174 1381 1212 non
1428 1159 1598 1212 solum
1641 1168 1722 1212 est
1767 1160 1879 1212 visu
1916 1158 2031 1228 pul-

451 1246 672 1313 chrum,
726 1250 819 1302 sed
868 1250 1025 1303 etiam
1073 1249 1302 1303 delectat
1349 1248 1532 1302 oculos
1562 1270 1575 1301 :
1606 1250 1674 1302 ita
1722 1250 1882 1303 etiam
1931 1249 2033 1304 hoc

451 1338 603 1392 aﬂ‘ert
640 1340 966 1409 voluptatem
1005 1342 1217 1394 anima}.
1243 1341 1295 1394 4.
1332 1340 1475 1394 Sicut
1517 1357 1599 1393 ros
1644 1339 1899 1403 Hermon,
1945 1342 2030 1409 qui

450 1429 700 1483 descendit
719 1430 773 1483 in
792 1441 1008 1505 montem
1054 1430 1203 1485 Sion.
1251 1431 1482 1484 Adduxit
1523 1435 1679 1484 etiam
1724 1431 2027 1485 similitudi-

449 1536 591 1586 nem,
619 1537 736 1591 qua:
784 1522 998 1576 multam
1047 1523 1205 1576 habet
1240 1522 1643 1591 jucunditatem,
1667 1532 1717 1575 et
1743 1523 2025 1589 spectatori

448 1613 649 1680 prasbet
675 1611 1105 1666 delectationem.
1132 1612 1254 1666 litae
1278 1625 1452 1666 autem
1480 1627 1585 1665 non
1611 1612 1705 1666 abs
1723 1628 1779 1666 re
1804 1613 1979 1681 posuit
2008 1630 2021 1665 :

443 1705 537 1760 sed
564 1707 809 1775 quoniam
847 1718 970 1761 ante
1009 1706 1363 1776 captivitatem
1411 1706 1596 1759 decem
1625 1705 1728 1759 illae
1776 1706 1943 1759 tribus
1971 1714 2024 1759 et

443 1796 561 1851 dna:
590 1799 706 1853 alite
746 1807 899 1852 erant
940 1798 1213 1868 dispersae,
1239 1813 1300 1851 ac
1328 1796 1533 1860 divisae,
1566 1806 1619 1850 et
1642 1812 1702 1849 ea
1727 1811 1885 1851 causa
1922 1795 2023 1851 fuit

441 1889 621 1943 multa:
659 1891 967 1959 iniquitatis,
990 1905 1188 1959 eosque
1216 1890 1282 1943 ad
1312 1890 1620 1953 seditiones,
1652 1889 2020 1944 contentiones

439 1996 491 2039 et
516 1985 648 2039 bella
693 1985 896 2053 impulit
928 2001 941 2036 :
973 1984 1086 2037 haec
1126 2000 1190 2037 ne
1221 1983 1408 2037 fierent
1452 1984 1657 2049 suadet,
1689 1990 1744 2036 et
1792 1983 2020 2039 consulit

438 2092 506 2130 ne
534 2076 755 2145 p0pnlus
782 2075 1007 2145 amplius
1054 2073 1413 2137 distrahatur;
1446 2073 1538 2127 sed
1586 2073 1745 2125 simul
1793 2071 2013 2137 habitet,

434 2170 500 2221 sit
550 2168 885 2236 conjunctus,
935 2166 1128 2235 unique
1164 2165 1574 2219 administratori
1595 2175 1648 2219 et
1675 2164 1785 2233 regi
1815 2172 2012 2232 pareat,

432 2263 726 2331 caritasque
747 2263 815 2316 ab
854 2262 1001 2315 initio
1025 2261 1087 2313 ad
1121 2261 1274 2315 tinem
1304 2275 1466 2328 usque
1493 2258 1718 2326 difﬂuat,
1747 2267 2013 2328 tamquam

431 2367 520 2408 ros
546 2367 731 2407 omnes
753 2352 1068 2421 pervadens.
1091 2351 1378 2419 Comparat
1404 2362 1580 2405 autem
1608 2352 1883 2405 caritatem
1916 2366 2013 2405 un-

429 2452 626 2513 guento
649 2452 703 2497 et
728 2445 833 2497 rori
866 2461 878 2497 :
913 2460 1006 2512 per
1028 2442 1152 2497 illud
1196 2443 1410 2511 quidem
1458 2443 1769 2497 suavitatem
1809 2441 2008 2506 odoris,

432 2549 526 2602 per
555 2533 699 2587 hunc
726 2548 853 2588 vero
890 2534 1117 2601 quietem
1149 2543 1200 2586 et
1227 2532 1631 2586 delectationem
1660 2534 1801 2587 visus
1827 2532 2010 2587 volens

427 2626 726 2681 ostendere.
778 2625 1027 2692 Quoniam
1072 2626 1193 2679 illuc
1220 2626 1475 2679 mandavit
1515 2625 1765 2679 Dominus
1803 2626 2007 2681 benedi-

426 2719 656 2772 ctionem.
700 2717 854 2782 Illuc,
905 2719 1169 2788 quonam?
1198 2719 1253 2772 ln
1296 2720 1455 2774 talem
1502 2718 1901 2787 habitationem,
1953 2723 2005 2777 in

427 2809 581 2863 talem
625 2809 985 2875 concordiam,
1014 2809 1063 2862 in
1096 2810 1252 2863 talem
1285 2824 1625 2875 consensum,
1655 2812 1707 2864 in
1739 2814 1841 2866 tale
1877 2827 2007 2867 con-

427 2901 748 2955 tubernium.
784 2900 894 2955 Hoc
939 2902 1079 2954 enim
1122 2910 1201 2953 est
1250 2900 1567 2965 benedictio,
1609 2902 1744 2956 sicut
1792 2914 2005 2957 contra-

426 2994 562 3046 rium
614 2991 934 3047 maledictio.
982 2990 1240 3058 Quocirca
1282 2991 1383 3046 hoc
1410 3007 1618 3061 quoque
1654 2993 1835 3046 laudat
1859 2997 2003 3063 quis-

422 3084 560 3153 piam
588 3126 603 3151 ,
633 3086 816 3140 dicens
849 3102 861 3137 :
888 3085 1121 3137 Amicitia
1165 3088 1379 3153 fratrum
1403 3126 1418 3150 ,
1447 3095 1492 3138 et
1520 3087 1788 3139 concordia
1831 3089 2002 3155 proxi-

422 3192 636 3241 morum,
663 3186 708 3230 et
733 3177 806 3229 vir
830 3185 873 3228 et
900 3176 1076 3227 mulier
1111 3191 1280 3228 secum
1302 3177 1656 3231 consentientes
1686 3176 1868 3247 (Eccli.
1906 3177 1996 3232 25.

419 3266 498 3334 2).
529 3267 593 3320 Et
620 3266 752 3319 alius
789 3266 929 3318 vires
966 3265 1082 3334 ejus
1112 3266 1445 3334 aenigmatice
1473 3266 1796 3337 signiﬁcans,
1829 3268 1993 3323 dicit:

420 3358 482 3411 Si
501 3358 600 3411 duo
634 3357 943 3419 dormierint,
980 3359 1118 3411 calor
1160 3360 1252 3410 erit
1284 3358 1427 3424 ipsis,
1457 3373 1503 3411 et
1524 3360 1778 3427 funiculus
1816 3362 1998 3431 triplex

418 3465 519 3503 non
546 3450 696 3519 facile
736 3460 993 3518 rumpatur
1025 3447 1218 3519 (Eccle.
1246 3449 1301 3503 4.
1332 3451 1419 3503 Η.
1454 3449 1565 3518 12).
1598 3450 1726 3503 Nam
1755 3460 1811 3506 et
1837 3430 1993 3506 'volu-

420 3548 615 3608 ptatem
663 3539 749 3593 hic
792 3539 1042 3603 ostendit,
1075 3549 1126 3593 et
1163 3540 1343 3594 vires:
1376 3555 1564 3609 nempe
1603 3542 1996 3610 quiescentibus

416 3645 660 3699 magnam
692 3628 803 3684 fore
823 3632 1168 3698 voluptatem,
1200 3640 1254 3684 et
1282 3645 1499 3699 magnas
1542 3632 1679 3686 vires
1726 3634 1996 3702 operanti-

416 3722 533 3775 bus.
556 3722 619 3775 Et
648 3736 848 3784 rursus,
900 3721 1134 3775 Fratera
1161 3722 1318 3791 fratre
1360 3723 1585 3791 adiutus,
1629 3732 1699 3777 est
1738 3734 1993 3794 tamquam

414 3812 532 3865 urbs
560 3812 725 3865 calida
756 3811 934 3883 (Prov.
961 3814 1046 3868 18.
1078 3814 1360 3883 19).Ροῐϊο
1387 3814 1627 3869 Christus
1662 3829 1871 3884 quoque
1911 3816 1993 3870 di-

414 3906 506 3970 cit,
534 3904 631 3959 Ubi
659 3905 759 3960 duo
784 3916 870 3959 aut
902 3916 999 3960 tres
1029 3908 1317 3977 congregati
1343 3910 1525 3978 fuerint
1552 3909 1603 3960 in
1634 3909 1832 3962 nomine
1860 3926 1986 3974 meo,

412 3997 517 4050 illic
558 4013 669 4051 sum
700 3999 753 4050 in
795 3998 956 4050 medio
994 4015 1167 4053 eorum
1192 3998 1401 4070 (Matth.
1435 4000 1521 4062 18;
1555 3999 1668 4071 20).
1702 3999 1817 4054 Jam
1862 4016 1990 4055 vero

416 4090 526 4158 ipsa
570 4106 782 4158 quoque
826 4090 926 4143 hoc
970 4099 1155 4143 natura
1209 4091 1387 4160 exigit.
1432 4090 1687 4157 Quocirca
1730 4092 1798 4146 ab
1841 4093 1990 4147 initio

412 4180 552 4236 Deus
580 4198 697 4236 cum
729 4181 995 4237 hominem
1025 4183 1264 4252 ﬁngeret,
1295 4182 1522 4249 dicebat,
1558 4180 1679 4236 Non
1704 4193 1777 4236 est
1804 4183 1989 4237 bonum

410 4274 659 4327 hominem
687 4290 789 4327 esse
822 4273 981 4327 solum
1006 4271 1157 4342 (Gen.
1185 4273 1239 4326 2.
1272 4273 1363 4342 18)
1395 4289 1407 4324 :
1440 4284 1489 4327 cl
1516 4287 1636 4327 cum
1667 4273 1862 4328 faceret
1888 4274 1989 4329 hoc

408 4367 622 4431 animal,
655 4368 929 4421 mulierem
967 4366 1201 4435 inquam,
1236 4374 1449 4435 propter
1471 4366 1841 4420 necessitatem
1867 4382 1983 4420 eam

408 4460 523 4514 viro
542 4460 828 4529 colligavit,
855 4458 996 4513 mille
1019 4458 1191 4513 modis
1218 4472 1314 4512 nos
1344 4458 1482 4515 inter
1509 4474 1606 4513 nos
1634 4459 1980 4530 conjungens.

407 4551 476 4607 Et
498 4553 648 4606 vitam
672 4567 826 4622 usque
850 4552 903 4604 in
927 4553 1183 4605 siccatum.
1233 4550 1346 4605 Hoc
1373 4550 1594 4619 pulchre
1618 4550 1831 4621 adjecit.
1886 4551 1981 4607 Ubi

406 4646 545 4701 enim
569 4655 653 4700 est
676 4645 910 4709 dilectio,
942 4644 1047 4698 illic
1074 4655 1155 4699 est
1185 4659 1373 4713 magna
1402 4648 1675 4707 securitas,
1706 4652 1761 4699 et
1797 4644 1981 4712 c0pio-

406 4751 521 4791 sum
544 4750 573 4789 a
602 4737 712 4790 Deo
740 4736 1011 4790 auxilium.
1036 4736 1110 4789 Ea
1135 4736 1276 4789 enim
1304 4743 1387 4789 est
1410 4744 1578 4790 mater
1604 4735 1886 4797 bonorum,
1916 4750 1978 4789 ea

403 4836 485 4880 est
532 4826 649 4880 fons
671 4835 726 4880 et
766 4825 942 4891 radix,
971 4840 1035 4879 ea
1078 4833 1161 4880 est
1196 4825 1454 4880 bellorum
1497 4826 1736 4892 exitium,
1762 4836 1983 4880 conten-

403 4916 562 4970 tionis
588 4916 846 4969 interitns.
877 4916 1130 4981 Quocirca
1160 4916 1208 4969 id
1238 4916 1559 4986 significans,
1589 4916 1879 4984 subjunxit,
1911 4915 1980 4970 Et

399 5010 552 5062 vitam
575 5023 733 5075 usque
757 5008 808 5060 in
836 5008 1097 5060 siccatum.
1124 4998 1575 5074 Quemadmodum
1605 5008 1745 5062 enim
1788 5007 1977 5062 seditio

398 5110 453 5155 et
480 5098 751 5154 contentio
788 5108 1009 5151 mortem
1040 5100 1194 5167 parit,
1227 5114 1450 5166 eamque
1499 5099 1830 5151 immaturam
1862 5114 1875 5152 :
1906 5098 1974 5151 ita

397 5191 557 5245 etiam
590 5188 803 5242 dilectio
823 5197 877 5242 et
905 5189 1184 5242 consensio
1209 5203 1386 5256 pacem
1409 5199 1462 5242 et
1481 5189 1851 5253 concordiam;
1887 5188 1973 5242 ubi

396 5290 576 5335 autem
619 5288 701 5334 est
741 5295 839 5348 pax
888 5286 941 5332 et
982 5279 1287 5345 concordia,
1337 5279 1438 5332 vita
1487 5288 1569 5333 est
1607 5280 1887 5342 tutissima,
1921 5287 1975 5332 et

396 5373 551 5441 longe
574 5372 931 5426 sccurissima.
957 5370 1023 5425 Et
1039 5371 1162 5441 quid
1188 5386 1321 5439 opus
1346 5380 1429 5426 est
1446 5371 1623 5426 dicere
1656 5372 1972 5439 praisentia?

395 5462 468 5515 Ea
494 5462 637 5516 enim
663 5462 818 5516 nobis
842 5461 1029 5516 caelum
1072 5461 1311 5529 largitur,
1334 5470 1390 5515 et
1417 5463 1552 5516 bona
1582 5462 1886 5527 ineﬂ'abilia,
1917 5472 1971 5516 et

391 5564 473 5609 est
514 5554 692 5623 regina
726 5554 1000 5609 virtutum.
1054 5553 1178 5609 Hcce
1226 5568 1353 5623 ergo
1388 5569 1509 5607 cum
1560 5554 1807 5619 sciamus,
1849 5569 1968 5608 eam

391 5644 669 5714 diligenter
732 5660 1150 5715 persequamur,
1197 5654 1255 5699 ut
1301 5654 1357 5700 et
1406 5644 1755 5714 praesentibus
1813 5644 1968 5700 bonis

391 5732 645 5798 fruamur,
680 5740 736 5788 et
758 5732 946 5788 futuris
974 5760 988 5787 ι
1014 5749 1134 5805 qua:
1175 5734 1329 5789 detur
1368 5735 1519 5789 nobis
1542 5734 1962 5789 omnibusasse-

386 5826 497 5892 qui,
523 5829 688 5895 gratia
713 5834 765 5879 et
796 5818 1115 5894 benignitate
1148 5824 1356 5880 Domini
1401 5828 1566 5880 nostri
1590 5827 1715 5882 .Iesu
1743 5825 1957 5885 Christi.

1565 406 1922 463 EXPOSITIO
1964 406 2029 462 IN
2060 407 2380 464 [‘SALMUM
2419 410 2706 468 CXXXIII.

3630 419 3735 473 58ίῖ

2150 533 2269 572 cum
2299 535 2405 591 quo
2446 520 2589 576 Patri
2638 522 2805 593 gloria
2848 525 3007 580 simul
3047 542 3167 582 cum
3206 539 3391 585 sancto
3427 530 3652 603 Spiritu,
3680 535 3731 589 in

2145 612 2337 665 smcula
2368 614 2706 668 sreculorum.
2738 616 2926 670 Amen.

2569 726 2633 779 ΙΝ
2662 726 2983 784 PSALMUM
3011 728 3297 787 CXXXIII.

2146 834 2196 887 i.
2234 834 2360 889 Ecce
2379 853 2512 891 nunc
2538 839 2809 894 benedicite
2838 842 3129 910 Dominum,
3152 862 3323 917 omnes
3343 848 3471 902 servi
3500 848 3731 911 Domini,

2546 929 2633 998 qui
2652 931 2793 984 statis
2821 932 2878 985 in
2908 932 3057 986 domo
3085 933 3304 991 Domini.

2210 1059 2449 1115 Psalmos
2470 1062 2535 1117 de
2560 1064 2812 1133 gradibus
2840 1064 2926 1121 hic
2954 1067 3200 1132 absolvit,
3229 1072 3471 1127 oratione
3498 1074 3726 1144 pulchro

2138 1150 2242 1206 ﬁne
2269 1153 2539 1219 conclusa,
2572 1155 2725 1210 laude
2750 1158 2952 1213 scilicet
2967 1168 3019 1213 et
3051 1160 3435 1217 benedictione.
3465 1163 3719 1221 Vultesse

2137 1242 2229 1298 Dei
2256 1258 2439 1299 servos
2488 1262 2592 1301 non
2630 1248 2801 1302 solum
2844 1248 3194 1320 dogmatibus,
3238 1253 3331 1307 sed
3377 1256 3534 1308 etiam
3563 1272 3717 1311 accn.

2133 1344 2246 1389 rata
2287 1335 2405 1390 vita:
2442 1337 2813 1395 institutione:
2843 1350 2899 1396 et
2937 1343 3056 1397 idco
3089 1343 3302 1413 adjecit,
3349 1345 3446 1411 Qui
3486 1349 3629 1401 statis
3665 1352 3716 1402 in

2133 1424 2281 1477 domo
2322 1424 2547 1493 Domini,
2586 1430 2637 1481 in
2681 1430 2823 1484 atriis
2860 1431 3039 1486 domus
3070 1432 3163 1487 Dei
3194 1436 3370 1487 nostri.
3401 1436 3533 1489 Eum
3572 1441 3714 1492 enim

2130 1518 2327 1586 quiest
2372 1519 2608 1588 impurus
2655 1530 2708 1576 et
2744 1523 3017 1591 profanus,
3062 1525 3210 1580 nefas
3258 1536 3339 1582 est
3376 1543 3710 1584 sacrosancta

2130 1618 2279 1678 septa
2315 1609 2536 1678 ingredi.
2577 1611 2930 1678 Quamobrem
2957 1617 2999 1669 si
3032 1617 3150 1684 quis
3193 1616 3383 1686 dignus
3411 1629 3493 1674 cst
3517 1622 3604 1689 qui
3636 1624 3712 1674 in-

2127 1700 2418 1767 grediatur,
2442 1702 2485 1755 is
2507 1718 2717 1773 quoque
2746 1705 2938 1775 dignus
2963 1716 3041 1761 est
3065 1708 3152 1777 qui
3184 1709 3478 1765 benedicat.
3512 1713 3711 1767 Bothus

2125 1790 2267 1844 enim
2316 1793 2406 1847 Dei
2446 1804 2529 1848 est
2570 1798 2700 1850 caelo
2723 1797 2911 1851 similis
2939 1816 2952 1854 :
2976 1809 3028 1853 et
3053 1802 3494 1869 quemadmodum
3523 1821 3586 1859 ex
3613 1808 3706 1860 ad-

2126 1882 2372 1935 versariis
2417 1887 2763 1953 potestatibus
2808 1889 3003 1943 nullam
3029 1890 3108 1945 fas
3130 1902 3210 1945 est
3238 1892 3362 1947 illnc
3386 1893 3605 1963 intrare,
3636 1897 3705 1951 ita

2125 1989 2223 2027 nec
2244 1975 2295 2027 in
2328 1975 2542 2030 domum
2574 1979 2699 2047 Dei.

2196 2066 2450 2130 Quantam
2494 2070 2714 2139 requirat
2749 2074 3063 2126 sanctitatem
3092 2073 3427 2130 Euclzaristiaz
3458 2080 3704 2148 receptio;

2122 2154 2317 2225 Corpus
2340 2168 2385 2211 et
2412 2162 2618 2231 sanguis
2646 2161 2851 2216 Domini
2868 2165 2919 2217 in
2948 2165 3306 2232 Eucltaristia;
3337 2168 3459 2223 Nox
3478 2188 3577 2225 non
3602 2184 3705 2227 tota

2118 2264 2295 2302 somno
2340 2255 2701 2307 consumenda.
2727 2284 2802 2295 —
2826 2256 3137 2325 Considera,
3171 2274 3204 2314 ο
3229 2258 3407 2325 homo,
3448 2273 3701 2332 quantam

2117 2338 2427 2408 dignitatem
2467 2347 2810 2414 assequeris:
2844 2355 3045 2402 etcum
3080 2360 3132 2403 tu
3166 2351 3275 2420 ipse
3318 2369 3526 2423 quoque
3570 2365 3703 2409 tem-

2116 2430 2259 2498 plum
2293 2431 2461 2487 factus
2500 2434 2593 2502 sis,
2624 2449 2818 2505 quanta
2840 2454 2869 2492 a
2902 2447 2952 2493 te
2972 2440 3093 2509 jure
3126 2442 3193 2495 sit
3218 2445 3513 2512 praestanda
3561 2450 3702 2516 puri-

2116 2530 2215 2575 tas.
2258 2523 2537 2589 Quomodo
2581 2538 2759 2583 autem
2805 2529 3111 2586 exbibueris
3153 2516 3469 2601 puritatem?
3496 2538 3549 2592 Si
3577 2554 3696 2593 om-

2113 2627 2233 2666 nem
2281 2615 2473 2670 malam
2514 2619 2884 2688 cogitationem
2933 2623 3220 2691 expuleris,
3249 2625 3291 2679 si
3327 2625 3518 2682 feceris
3546 2638 3605 2683 ut
3629 2631 3694 2682 ad

2113 2706 2307 2757 mentis
2338 2708 2612 2761 castellum
2657 2709 2932 2765 diabolicis
2978 2714 3275 2769 actionibus
3318 2718 3493 2771 nullus
3520 2732 3695 2788 pateat

2112 2795 2306 2863 aditus,
2341 2799 2384 2852 si
2417 2809 2681 2868 tamquam
2713 2804 2760 2855 in
2784 2805 2982 2858 sanctis
3026 2807 3199 2875 adytis
3248 2820 3501 2876 perpetuo
3549 2827 3691 2866 tuum

2109 2886 2341 2940 animum
2370 2904 2616 2945 exornes.
2647 2891 2700 2946 Si
2728 2894 2869 2947 enim
2894 2896 2943 2947 in
2970 2897 3165 2964 templo
3195 2897 3413 2954 Judaico
3436 2917 3538 2955 non
3569 2903 3689 2957 lice-

2106 2977 2197 3033 bat
2224 2982 2466 3035 omnibus
2494 2986 2733 3052 quemvis
2758 2986 2929 3040 locum
2959 2989 3158 3057 ingredi
3188 3009 3199 3042 :
3234 2992 3325 3046 Sed
3356 3005 3505 3046 erant
3526 2998 3688 3050 multa

2105 3079 2159 3125 ct
2183 3073 2329 3125 varia
2355 3073 2681 3139 discrimina,
2707 3086 2760 3130 et
2787 3089 2903 3132 erat
2933 3081 3017 3133 hic
3045 3082 3255 3150 quidem
3286 3083 3431 3137 locus
3473 3090 3681 3156 prmsti-

2106 3174 2249 3220 tutus
2293 3169 2589 3240 proselytis,
2626 3171 2713 3226 ille
2757 3187 2884 3226 vero
2909 3172 3108 3228 Judteis
3148 3176 3233 3244 qui
3265 3177 3465 3231 fuerant
3493 3180 3559 3233 ab
3584 3181 3680 3235 ini-

2102 3258 2198 3323 tio,
2231 3258 2366 3311 alius
2391 3261 2773 3327 sacerdotibus,
2808 3263 2942 3317 alius
2980 3264 3211 3334 pontiﬁci
3239 3268 3358 3333 soli,
3392 3270 3547 3340 idque
3578 3289 3682 3327 non

2100 3363 2332 3419 semper,
2361 3351 2454 3405 sed
2495 3354 2659 3407 semel
2699 3353 2749 3406 in
2795 3369 2937 3410 anno
2967 3359 3171 3427 :cogita
3212 3359 3351 3428 apud
3393 3370 3443 3413 te
3486 3372 3678 3430 quanta

2100 3437 2194 3492 tibi
2223 3440 2499 3495 sanctitate
2524 3457 2658 3510 opus
2696 3444 2784 3507 sit,
2817 3446 2912 3515 qui
2936 3446 3081 3514 signa
3114 3450 3278 3503 multo
3301 3451 3499 3518 majora
3526 3469 3683 3507 acce-

2099 3530 2258 3598 peris,
2286 3547 2444 3601 quam
2468 3549 2586 3602 quae
2624 3545 2803 3589 sancta
2842 3548 3145 3592 sanctorum
3194 3549 3316 3594 tunc
3354 3553 3675 3611 acceperint.

2096 3619 2277 3690 Neque
2302 3624 2440 3676 enim
2464 3624 2769 3691 Cberubim,
2802 3627 2895 3681 sed
2927 3628 3157 3697 ipsorum
3189 3629 3475 3686 Cbcrubim
3505 3633 3679 3688 Domi-

2102 3724 2228 3764 num
2262 3710 2426 3766 babes
2470 3714 2874 3782 inbabitantem,
2903 3732 3073 3786 neque
3116 3735 3323 3784 urnam,
3356 3738 3568 3786 manna,
3599 3733 3677 3777 ta-

2096 3798 2249 3854 bulas
2293 3801 2546 3871 lapideas,
2580 3816 2632 3858 et
2658 3807 2857 3876 virgam
2886 3809 3083 3875 Aaron,
3126 3811 3216 3864 sed
3260 3826 3454 3878 corpus
3482 3823 3534 3866 et
3557 3829 3678 3866 san-

2095 3893 2302 3961 guinem
2348 3894 2692 3961 dominicum,
2726 3907 2777 3952 et
2826 3899 3077 3968 Spiritum
3125 3916 3220 3970 pro
3258 3901 3425 3968 litera,
3461 3915 3511 3958 et
3552 3920 3674 3975 gra-

2096 3983 2242 4049 tiam,
2272 4002 2388 4054 quaa
2424 3997 2639 4056 superat
2666 3988 2945 4043 humanam
2972 3991 3365 4060 cogitationem,
3396 4004 3449 4048 et
3478 3994 3674 4050 donum

2094 4074 2467 4132 inenarrabile.
2498 4079 2613 4144 Quo
2641 4090 2817 4133 autem
2865 4081 3150 4150 majoribus
3177 4084 3338 4150 signis
3364 4099 3424 4138 ac
3453 4086 3668 4155 symbo-

2095 4166 2160 4220 lis
2186 4177 2239 4222 et
2261 4170 2429 4238 magis
2456 4171 2771 4225 venerandis
2795 4173 3062 4243 mysteriis
3087 4171 3331 4242 dignatus
3351 4188 3428 4236 es,
3462 4190 3527 4229 eo
3558 4192 3671 4230 ma-

2087 4257 2176 4326 jor
2203 4268 2285 4312 est
2304 4275 2332 4312 a
2364 4269 2415 4313 te
2435 4262 2733 4330 pra~standa
2768 4263 3038 4326 sanctitas,
3066 4270 3119 4317 et
3143 4279 3207 4318 eo
3231 4264 3337 4317 eris
3366 4265 3546 4333 majori
3572 4268 3669 4321 ob-

2090 4350 2280 4403 noxius
2307 4351 2585 4419 supplicio,
2617 4352 2661 4406 si
2690 4368 2809 4423 qua:
2846 4353 2993 4422 jussa
3020 4363 3142 4408 Sunt
3165 4356 3497 4410 transilieris.
3518 4357 3571 4411 ‘2.
3600 4356 3667 4411 In

2089 4441 2316 4496 noctibus
2336 4444 2556 4496 extollite
2576 4460 2753 4498 manus
2773 4454 2959 4499 vestras
2978 4447 3030 4498 in
3049 4456 3244 4501 sancta.
3264 4447 3435 4513 Atius,
3462 4448 3669 4503 Sancte.

2088 4533 2253 4598 Alius,
2274 4533 2612 4602 Sanctificate.
2631 4534 2699 4588 Et
2718 4536 2986 4591 benedicite
2999 4536 3269 4591 Dominum
3286 4539 3379 4609 (a).
3399 4539 3504 4594 Cur
3514 4541 3667 4606 dixit,

2087 4622 2156 4678 In
2182 4626 2445 4680 noctibus?
2472 4627 2679 4681 Docens
2705 4642 2801 4682 nos
2824 4644 2929 4681 non
2958 4643 3076 4683 eam
3124 4637 3282 4682 totam
3309 4645 3496 4684 somno
3534 4647 3664 4685 con-

2089 4715 2398 4769 sumendam
2455 4730 2603 4783 esse,
2649 4718 3042 4788 ostendensque
3094 4721 3333 4789 puriores
3375 4733 3498 4776 tunc
3545 4738 3663 4779 esse

2086 4820 2292 4874 preces,
2322 4807 2532 4876 quando
2558 4818 2610 4862 et
2652 4824 2799 4862 mens
2846 4819 2928 4863 est
2966 4810 3149 4877 levior,
3180 4821 3234 4865 et
3260 4811 3411 4866 nobis
3436 4822 3519 4868 est
3548 4814 3664 4883 plus

2085 4896 2201 4950 otii.
2249 4897 2399 4964 Quod
2451 4898 2495 4951 si
2540 4898 2593 4953 in
2641 4911 2796 4955 nocte
2840 4910 3047 4969 oportet
3072 4902 3139 4956 ad
3168 4914 3346 4957 sancta
3389 4906 3660 4971 accedere,

2082 4988 2357 5042 considera
2420 5005 2701 5057 quamnam
2758 5000 3115 5063 consequetur
3170 4996 3410 5060 veniam,
3460 4998 3550 5067 qui
3595 5015 3663 5054 ne

2081 5080 2224 5135 domi
2270 5082 2481 5149 quidem
2528 5083 2618 5135 illo
2665 5092 2902 5152 tempore
2942 5100 3123 5152 preces
3158 5085 3346 5139 fundit.
3395 5088 3677 5158 Propheta

2080 5173 2219 5225 enim
2257 5181 2357 5226 tce
2384 5172 2521 5227 lecto
2562 5175 2776 5239 excitat,
2822 5185 2875 5229 et
2919 5176 3129 5231 deducit
3174 5177 3227 5231 in
3257 5180 3530 5246 templum,
3567 5181 3651 5249 ju~

2080 5262 2210 5316 beas
2238 5274 2398 5317 totam
2424 5265 2529 5318 illic
2561 5276 2767 5319 noctem
2795 5282 2952 5336 agere
2982 5285 2996 5320 :
3023 5277 3078 5321 at
3099 5279 3151 5321 tu
3184 5286 3246 5323 ne
3275 5269 3415 5323 domi
3442 5270 3654 5340 quidem

2078 5369 2300 5408 manens
2326 5355 2425 5410 hoc
2446 5355 2591 5411 facis.
2612 5357 2838 5412 Pulchre
2862 5369 3038 5413 autem
3061 5360 3211 5424 dixit,
3233 5361 3437 5422 Sancte,
3458 5361 3652 5416 docens

2077 5462 2197 5501 esse
2241 5446 2497 5501 orandum
2543 5449 2743 5516 absque
2781 5448 2935 5503 malis
2967 5450 3373 5519 cogitationibus
3398 5492 3413 5516 ,
3458 5453 3657 5521 absque

2075 5539 2198 5595 odio
2241 5550 2295 5594 et
2343 5540 2730 5603 malevolentia,
2777 5543 2977 5611 absque
3021 5543 3260 5607 avaritia,
3302 5542 3501 5611 absque
3544 5544 3653 5597 ullo

2074 5631 2178 5685 alio
2198 5630 2453 5700 ejusmodi
2482 5639 2720 5699 peccato,
2746 5631 2886 5701 quod
2919 5631 3072 5686 atfert
3096 5633 3288 5686 animae
3313 5633 3550 5687 exitium.
3583 5634 3648 5687 Et

2075 5722 2349 5777 benedicite
2388 5720 2681 5777 Dominum.
2711 5722 2820 5775 lloc
2843 5733 2925 5775 est
2962 5724 3103 5777 enim
3149 5723 3376 5779 maxime
3420 5724 3651 5794 perfecta

2137 5833 2210 5895 (a)
2235 5833 2289 5882 tti
2309 5833 2605 5897 interpretes
2632 5834 2716 5895 qui
2738 5834 2834 5883 sint
2856 5835 3115 5898 ignoratur.
