4112 6342
526 395 630 451 387

527 506 845 572 benedictio,
871 502 1081 575 quando
1121 503 1402 557 verborum
1433 511 1486 556 et
1507 503 1626 555 vitae
1675 501 1830 556 fuerit
1869 514 2099 554 consen-

523 615 638 663 sus,
661 609 714 654 et
745 613 837 666 per
861 611 1020 664 opera
1049 595 1215 648 Deum
1245 593 1333 663 qui
1355 602 1403 646 te
1423 593 1625 647 creavit
1648 593 1813 663 gloria
1837 592 2097 658 alieceris,

522 698 578 740 ut
617 686 733 739 vult
755 685 1094 756 Evangelium
1138 683 1321 737 dicens
1350 701 1362 735 :
1387 682 1576 736 Luceat
1615 685 1704 737 lux
1735 693 1894 737 vestra
1930 699 2101 736 coram

523 777 825 838 hominibus,
850 786 901 828 ut
926 776 1125 828 videant
1171 791 1323 843 opera
1369 786 1530 828 vestra
1572 774 1722 836 bona,
1753 784 1800 828 et
1819 774 2099 844 gloriﬁcent

519 866 729 923 Patrem
769 878 1006 932 vestrum,
1027 867 1202 936 quiest
1223 868 1276 918 in
1299 867 1432 919 ccelis
1455 864 1666 934 (Matth.
1691 865 1744 920 5.
1779 866 1886 936 16).
1916 866 1969 920 3.
2001 863 2099 918 Be-

519 958 715 1010 ncdicat
744 965 791 1010 te
821 955 1065 1010 Dominus
1090 972 1153 1009 ea:
1181 955 1328 1021 Sion,
1357 957 1441 1024 qui
1471 956 1584 1026 fecit
1609 956 1789 1008 ccelum
1817 966 1862 1008 et
1890 965 2092 1008 terram.

519 1050 633 1105 lloc
660 1059 758 1114 est,
783 1049 839 1105 Si
859 1050 973 1102 haec
1004 1047 1208 1113 feceris,
1231 1049 1572 1117 consequeris
1597 1062 1808 1117 quoque
1831 1047 1920 1100 Dei
1941 1046 2097 1101 bene-

519 1142 824 1202 dictionem,
857 1140 900 1194 si
924 1149 1228 1210 pernoctes,
1255 1139 1300 1192 si
1333 1147 1513 1193 sancte
1559 1153 1700 1204 ores,
1730 1139 1774 1190 si
1797 1139 1870 1191 sis
1907 1137 2096 1206 dignus

517 1240 660 1286 stare
687 1231 739 1284 in
783 1231 945 1285 domo
990 1230 1218 1291 Domini,
1250 1230 1295 1284 si
1344 1231 1566 1298 teipsum
1615 1229 1869 1298 templum
1913 1238 2091 1298 aptum

517 1323 830 1394 praebueris.
863 1323 1149 1393 P05tquain
1194 1337 1321 1390 ergo
1346 1337 1405 1376 ea
1429 1338 1530 1392 qua
1570 1323 1802 1391 oportuit
1842 1321 2090 1375 exhorta-

518 1412 661 1466 tione
687 1428 812 1467 usus
843 1422 942 1476 est,
978 1412 1280 1482 precatione
1308 1411 1577 1465 coocludit
1620 1411 1934 1466 oralionem.
1981 1410 2094 1465 Hoc

514 1516 597 1558 est
623 1505 764 1558 enim
803 1504 989 1573 optimi
1035 1503 1287 1567 doctoris,
1310 1512 1362 1557 et
1384 1503 1608 1558 consilio
1645 1502 1940 1557 auditorem
1983 1503 2092 1557 eri-

513 1611 660 1666 gere,
686 1606 737 1651 et
765 1597 1008 1666 precibus
1037 1595 1376 1660 conﬁrmare,
1417 1596 1799 1664 robustumque
1844 1593 2088 1649 reddere.

514 1688 648 1752 Quid
679 1687 775 1740 sibi
805 1686 918 1739 vult
948 1685 1047 1740 hoc
1076 1684 1216 1755 quod
1246 1685 1391 1744 dicit.
1424 1685 1505 1738 Ex
1529 1684 1696 1738 Sion?
1735 1684 1859 1737 Erat
1883 1684 1960 1738 eis
1989 1699 2089 1738 no-

517 1792 638 1831 meo
669 1776 1042 1841 desiderabile,
1088 1775 1332 1844 sacrique
1357 1789 1543 1828 omnes
1566 1775 1699 1826 ritus
1719 1772 1835 1827 illic
1866 1788 2086 1842 perage-

513 1869 741 1923 bantur:
774 1877 830 1924 et
853 1867 973 1923 ideo
1014 1877 1259 1938 precatur
1281 1875 1340 1921 ut
1365 1873 1682 1934 recuperent
1725 1865 1954 1934 priorem
1983 1873 2091 1917 sta-

515 1969 624 2012 tum
657 1959 944 2028 religionis,
974 1959 1195 2028 illosque
1223 1972 1402 2012 sacros
1428 1957 1559 2011 ritus
1588 1963 1857 2026 peragant,
1877 1964 1931 2008 et
1954 1954 2090 2010 hanc

512 2060 902 2121 consequantur
921 2051 1361 2104 benedictionem.
1387 2049 1584 2105 Deinde
1609 2065 1702 2104 eos
1723 2048 2006 2103 sustollens
2021 2047 2088 2102 ad

511 2144 698 2196 altiora
743 2144 1009 2211 dogmata,
1041 2150 1095 2194 et
1122 2141 1284 2194 Deum
1330 2140 1523 2208 ubique
1567 2154 1689 2194 esse
1728 2138 1946 2205 docens,
1969 2139 2086 2207 jus-

511 2232 647 2285 sisse
674 2243 848 2286 autem
875 2233 1126 2304 templum
1157 2231 1403 2286 aediﬁcari
1435 2240 1650 2300 propter
1678 2231 1885 2284 illorum
1922 2231 2085 2286 imbe-

511 2323 803 2387 cillitatem,
824 2331 876 2377 et
901 2332 1151 2391 Oportere
1175 2338 1294 2376 eum
1320 2321 1552 2393 undique
1575 2323 1843 2389 invocare,
1861 2322 2084 2393 subjun-

511 2413 607 2476 xit,
646 2413 744 2477 Qui
767 2415 879 2486 fecit
901 2413 1079 2467 calum
1102 2423 1147 2467 et
1173 2423 1375 2468 terram.

581 2503 765 2560 Preces
807 2507 986 2576 ubique
1015 2506 1313 2560 emittenda.
1335 2535 1407 2545 —
1441 2505 1546 2561 Sed
1588 2505 1662 2560 illi
1699 2506 1913 2574 quidem
1961 2521 2084 2561 eum

512 2603 638 2650 tunc
681 2596 787 2651 illic
833 2597 1168 2664 invocabant,
1213 2613 1310 2652 nos
1357 2605 1535 2652 autem
1578 2597 1631 2651 in
1676 2600 1819 2651 omni
1865 2598 2002 2662 loco,
2031 2599 2082 2652 in

510 2689 655 2742 omni
681 2703 827 2758 agro,
879 2690 931 2743 in
977 2691 1156 2756 domo,
1189 2690 1240 2744 in
1270 2689 1407 2754 foro,
1439 2688 1491 2743 in
1520 2689 1823 2755 solitudine,
1857 2690 1908 2744 in
1940 2692 2080 2758 navi,

509 2777 565 2833 in
603 2779 923 2844 diversorio,
969 2789 1024 2836 et
1050 2780 1366 2848 ubicumque
1411 2778 1687 2835 fuerimus.
1722 2781 1765 2835 A
1795 2781 1914 2836 loco
1939 2784 2082 2838 enim

509 2883 616 2922 non
663 2869 1012 2940 prohibentur
1051 2884 1256 2940 preces,
1285 2870 1446 2925 modo
1487 2871 1594 2924 sint
1617 2886 1814 2937 mores,
1849 2873 1937 2942 qui
1965 2889 2083 2943 pre-

507 2962 658 3016 cibus
683 2964 1020 3017 conveniant.
1049 2963 1330 3033 Postquam
1361 2979 1488 3035 ergo
1518 2963 1568 3018 in
1596 2964 1694 3018 hac
1721 2981 1778 3020 re
1813 2980 1909 3019 nos
1939 2976 2083 3021 recte

506 3053 844 3122 gesserimus,
868 3052 1038 3108 Deum
1073 3055 1262 3124 ubique
1303 3054 1624 3119 invocemus,
1656 3064 1711 3110 et
1747 3057 1934 3123 aderit,
1960 3073 2082 3112 nos«

505 3159 610 3213 que
651 3143 936 3214 adiuvabit,
973 3153 1028 3199 et
1066 3162 1408 3217 qumcumque
1449 3158 1573 3203 sunt
1622 3149 1776 3204 nobis
1821 3150 2074 3216 difﬁcilia,

507 3236 676 3291 facilia
698 3237 883 3292 reddet
911 3246 964 3292 et
985 3239 1250 3308 expedita,
1279 3255 1480 3310 nosque
1507 3241 1660 3296 bonis
1687 3241 1877 3298 futuris
1897 3244 2080 3315 digna-

506 3328 647 3382 bitur
673 3346 687 3383 :
733 3346 850 3400 qua:
895 3329 1052 3384 detur
1083 3331 1234 3385 nobis
1262 3333 1505 3388 omnibus
1534 3338 1806 3406 consequi,
1833 3339 2000 3404 gratia
2027 3349 2080 3393 et

505 3419 826 3488 benignitate
877 3419 1083 3474 Domini
1131 3422 1295 3476 nostri
1320 3422 1445 3478 Jesu
1476 3425 1689 3490 Christi,
1725 3430 1807 3482 cui
1830 3429 1996 3499 gloria
2025 3439 2080 3485 et

506 3511 784 3579 imperium
829 3527 966 3566 nunc
1006 3520 1060 3566 et
1100 3527 1327 3582 semper,
1359 3523 1412 3568 ct
1440 3515 1493 3569 in
1521 3517 1713 3571 saecula
1739 3520 2074 3576 smculorum.

503 3605 693 3656 Amen.

911 3718 977 3772 IN
1029 3719 1344 3778 PSALMUM
1379 3722 1659 3778 CXXXIV.
1727 3716 1732 3720 ’

507 3829 559 3883 Ι.
600 3827 828 3911 Laudate
865 3846 1042 3886 nomen
1090 3831 1316 3898 Domini,
1345 3835 1568 3900 laudate,
1595 3838 1744 3903 servi,
1779 3838 2068 3894 Dominum.

574 3922 628 3978 Ξ.
675 3922 772 3986 Qui
817 3924 959 3976 statis
998 3924 1050 3976 in
1095 3923 1244 3978 domo
1273 3925 1497 3989 Domini,
1523 3928 1577 3981 in
1609 3931 1750 3983 atriis
1777 3931 1953 3984 domus
1983 3931 2077 3986 Dei

573 4013 750 4066 nostri.
780 4011 831 4066 5.
864 4010 1093 4068 Laudate
1114 4011 1410 4078 Dominum,
1437 4017 1554 4086 quia
1579 4017 1735 4072 bonus
1757 4019 2022 4076 Dominus.

575 4145 627 4198 1.
669 4143 747 4196 Ad
796 4143 898 4198 hoc
940 4159 1123 4198 rursus
1171 4145 1410 4201 hortatur
1455 4149 1790 4217 sacriﬁcium,
1843 4153 1984 4223 quod
2014 4155 2074 4209 ﬁt

502 4251 598 4306 per
635 4235 837 4291 laudes.
880 4233 992 4290 lloc
1019 4245 1102 4290 est
1126 4237 1268 4292 enim
1296 4237 1402 4294 Deo
1435 4241 1749 4298 sacriﬁcium
1778 4253 1830 4298 et
1855 4245 2070 4302 oblatio.

505 4327 571 4380 Et
608 4327 726 4382 ideo
767 4327 890 4382 alibi
934 4342 1144 4398 quoque
1180 4328 1342 4384 dicit:
1369 4329 1606 4385 Laudabo
1635 4350 1814 4390 nomen
1863 4336 1953 4389 Dei
1980 4340 2074 4392 mei

501 4433 614 4470 cum
637 4419 852 4484 cantico,
879 4419 1211 4488 ntagiiiﬁcabo
1236 4436 1348 4472 eum
1375 4422 1427 4474 in
1457 4422 1636 4484 laude;
1663 4435 1708 4477 et
1734 4426 1944 4493 placebit
1971 4429 2072 4483 Deo

502 4525 654 4574 super
690 4511 897 4564 vitulum
937 4511 1205 4578 novellum,
1237 4529 1424 4566 cornua
1449 4516 1800 4584 producentem
1826 4529 1874 4573 et
1911 4536 2072 4592 ungu-

503 4600 580 4653 las
609 4602 626 4669 (
654 4600 796 4654 Psal.
822 4601 912 4657 68.
938 4603 1026 4658 51.
1058 4602 1126 4657 52
1145 4603 1186 4674 ).
1215 4605 1341 4659 Loci
1370 4616 1547 4661 autem
1576 4618 1630 4662 et
1653 4612 1911 4666 atriorum
1936 4614 2071 4668 assi-

501 4691 605 4746 due
627 4692 886 4758 meminit,
910 4709 1003 4748 eos
1024 4697 1138 4749 loco
1160 4696 1396 4765 afﬁgens,
1423 4709 1476 4753 ct
1504 4717 1608 4754 non
1639 4703 1818 4757 sinens
1844 4705 2066 4770 resilire;

501 4783 926 4859 quandoquidem
971 4786 1021 4839 in
1054 4789 1308 4856 principio
1331 4805 1540 4861 quoque
1567 4792 1740 4861 ipsum
1770 4794 1887 4849 ideo
1914 4795 2072 4865 jussit

501 4883 795 4938 exstruere,
837 4891 942 4943 quo
989 4877 1160 4930 omnis
1200 4879 1440 4947 impietas
1487 4893 1540 4935 et
1587 4884 1868 4939 simulacra
1921 4887 2070 4941 tolle-

501 4971 702 5027 rentur,
751 4973 805 5015 ut
837 4979 1021 5018 omnes
1045 4966 1094 5019 in
1121 4983 1284 5022 unum
1316 4970 1484 5023 locum
1511 4983 1845 5040 cogi-rentur,
1883 4987 1935 5029 et
1963 4993 2068 5032 non

500 5055 666 5108 libere
710 5055 979 5125 ell'uscqne
1032 5070 1364 5127 vagarentur,
1413 5077 1511 5116 nec
1564 5079 1818 5131 nemora,
1875 5065 2067 5134 fontes,

498 5154 708 5199 montes
731 5155 785 5199 et
809 5146 974 5200 colles
1001 5158 1312 5217 usurparent
1335 5161 1810 5224 converterentque
1838 5155 1890 5210 in
1917 5172 2072 5213 occa-

498 5235 703 5290 sionem
751 5237 1055 5309 impietatis,
1105 5239 1213 5294 illic
1253 5244 1633 5310 sacriﬁcantes,
1664 5256 1719 5300 et
1765 5247 1990 5306 libantes
2018 5253 2067 5307 in

497 5328 743 5382 excelsis.
785 5329 1039 5394 Quocirca
1085 5346 1205 5385 eum
1243 5349 1450 5402 quoque
1495 5347 1665 5390 morte
1711 5338 1926 5396 damnat
1981 5345 2069 5413 qui

499 5429 646 5472 extra
696 5421 950 5490 templum
992 5425 1267 5490 sacrificat,
1319 5426 1539 5482 dicens:
1573 5428 1676 5495 Qui
1714 5449 1814 5488 non
1842 5436 2072 5490 obtulerit

502 5506 559 5561 in
579 5512 924 5578 tabernaculo,
950 5522 996 5566 et
1018 5515 1386 5582 sacriﬁcaverit,
1431 5522 1636 5590 sanguis
1664 5523 1708 5575 ei
1746 5525 2074 5592 imputabitur

498 5599 686 5671 (Leuit.
711 5603 772 5657 Π
826 5603 904 5674 ι).
939 5603 1014 5659 Ea
1043 5606 1109 5660 dc
1133 5622 1290 5660 causa
1322 5623 1415 5663 eos
1441 5612 1670 5683 undique
1697 5614 1806 5670 illic
1832 5616 1884 5670 in
1909 5633 2071 5674 unum

497 5693 674 5747 locum
721 5695 882 5764 cogit,
933 5704 988 5748 ut
1039 5696 1311 5753 audientes
1360 5716 1418 5756 se
1440 5703 1682 5760 modeste
1702 5715 1756 5759 et
1781 5716 2072 5774 temperate

499 5795 704 5852 gerant,
731 5800 760 5839 a
806 5787 1040 5856 falsaque
1062 5800 1115 5843 et
1145 5807 1364 5846 rrronea
1400 5795 1718 5864 cogitatione
1745 5797 2065 5856 abstineant.

1227 388 1279 442 5.
1317 386 1595 443 ιυλμκιδ
1630 385 2097 442 αιηιγεοδτοκι
2138 386 2454 448 ARCHIEI’.
2493 394 3025 456 CONSTANTINOP.

3680 414 3782 471 388

2212 501 2372 560 Jubet
2394 519 2571 564 autem
2597 525 2691 566 eos
2713 528 2926 580 canere,
2956 517 3184 586 psallere
3209 529 3260 574 et
3283 520 3518 588 laudare,
3543 527 3664 598 quia
3692 529 3782 585 Dei

2210 592 2392 650 laudes
2406 609 2558 654 erant
2577 603 2656 656 eis
2675 605 2886 660 occasio
2909 609 3132 674 pietatis.
3157 610 3285 667 dum
3298 592 3636 673 continerent
3650 631 3784 675 vete-

2206 699 2293 740 res
2314 691 2663 758 narrationes,
2681 710 2742 749 ea
2762 711 2952 769 nempe
2972 715 3090 769 quae
3108 702 3158 755 iu
3175 703 3425 776 Egypto,
3439 723 3559 779 qua:
3575 709 3626 772 in
3652 713 3749 767 soli
3764 745 3780 755 -

2208 775 2408 843 tudine,
2427 795 2544 848 quae
2572 783 2623 836 in
2655 793 2791 839 terra
2820 790 3186 856 promissionis
3203 775 3336 848 facta
3356 775 3500 861 sunt,
3514 803 3781 870 quomodo

2205 863 2292 961 lex
2327 866 2427 921 lata
2458 871 2682 940 sit,quze
2696 885 2840 942 gesta
2873 888 2995 931 sunt
3020 879 3070 933 in
3101 891 3281 938 monte
3297 883 3439 953 Sina,
3470 863 3778 961 etquaanani

2203 951 2341 1008 bella
2363 957 2707 1016 confecerunt
2738 981 2752 1014 :
2781 965 3046 1038 simulque
3077 985 3182 1027 uno
3217 951 3510 1048 eodemque
3538 951 3776 1054 tempore

2203 1042 2343 1101 Deus
2362 1047 2515 1104 laude
2533 1050 2880 1124 afﬁciebatur,
2911 1067 2967 1114 et
2987 1063 3074 1130 qui
3099 1066 3377 1134 canebant,
3403 1042 3773 1142 argumentum

2202 1134 2462 1194 doctrina:
2481 1145 2779 1212 capiebant,
2796 1163 2915 1218 qua:
2935 1161 2987 1204 et
3010 1154 3170 1208 vitam
3193 1173 3381 1216 eorum
3399 1134 3770 1234 componebat,

2201 1235 2258 1280 et
2285 1228 2351 1283 ad
2373 1231 2601 1299 perfecw
2626 1235 2869 1304 dogmata
2896 1239 3210 1299 deducebat.
3231 1247 3460 1306 Laudate
3479 1228 3770 1324 Dominum,

2198 1323 2436 1387 quoniam
2487 1326 2643 1379 bonus
2672 1329 2933 1385 Dominus.
2962 1336 3132 1402 Alius,
3161 1338 3235 1410 (τι)
3260 1341 3508 1406 Quoniam
3533 1348 3773 1420 benignus

2198 1423 2288 1465 est.
2326 1416 2476 1480 Quod
2507 1429 2588 1473 est
2628 1420 2694 1475 iis
2735 1425 2823 1492 qui
2853 1427 3076 1482 audiunt
3125 1434 3352 1487 maxime
3394 1416 3766 1506 expetendum,

2198 1502 2299 1557 hoc
2320 1508 2468 1574 ponit
2497 1510 2731 1577 assidue,
2765 1514 3170 1587 humanitatem,
3203 1502 3652 1598 misericordiam,

2197 1594 2524 1664 nignitatem.

2272 1685 2578 1744 Psalmodite
2624 1694 2711 1748 vis.
2748 1693 2956 1752 Iudaici
3010 1705 3184 1774 pepuli
3238 1704 3433 1762 electio.
3461 1741 3531 1753 —
3555 1713 3770 1769 Psallite

2195 1776 2388 1829 nomini
2410 1783 2540 1847 ejus,
2566 1783 2800 1849 quoniam
2835 1804 2986 1843 suave
3012 1801 3104 1845 est.
3151 1793 3264 1850 Hoc
3303 1797 3431 1853 dicit
3480 1805 3769 1860 catendens

2194 1879 2304 1919 rem
2351 1867 2517 1935 ipsam
2562 1870 2757 1930 habere
2794 1879 3079 1948 quamdam
3116 1885 3200 1940 vel
3232 1902 3325 1956 per
3348 1903 3407 1944 se
3443 1893 3764 1962 voluptatem

2193 1972 2298 2012 una
2327 1975 2449 2014 cum
2475 1963 2719 2022 utilitate.
2739 1969 3069 2042 Prmeipuum
3096 1978 3255 2032 etiam
3280 1979 3396 2049 ejus
3426 1981 3630 2038 lucrum
3661 1997 3764 2052 est,

2191 2053 2256 2154 ad
2283 2055 2449 2154 Deum
2475 2057 2703 2154 hvmnos
2731 2064 2932 2135 dicere,
2962 2071 3194 2128 animam
3222 2091 3539 2149 expurgare,
3565 2085 3765 2154 cogita-

2193 2144 2388 2201 tionem
2415 2148 2466 2203 in
2497 2151 2661 2206 altum
2692 2157 2976 2222 extollere,
3008 2177 3133 2217 vera
3170 2174 3225 2219 et
3251 2144 3495 2224 accurata
3520 2144 3762 2242 dogmata

2189 2234 2418 2304 discere,
2441 2240 2511 2295 de
2533 2247 2880 2311 praesentibus
2902 2259 2956 2302 et
2985 2251 3172 2308 futuris
3196 2234 3766 2329 pliilosoiih:iri.llabet

2189 2337 2363 2383 autem
2391 2347 2512 2386 cum
2559 2335 2642 2390 his
2681 2354 2775 2406 per
2818 2343 3101 2400 melodiam
3143 2350 3358 2406 multam
3408 2355 3759 2428 voluptatem,

2188 2421 2604 2480 consolationem
2646 2429 2876 2498 aliquam
2922 2443 2977 2489 et
3023 2441 3424 2509 recreationem,
3453 2421 3613 2517 atque
3639 2421 3760 2506 eum

2187 2513 2274 2579 qui
2305 2515 2445 2570 canit
2475 2523 2837 2579 venerandum
2855 2527 3229 2598 reddit.-Quod
3272 2547 3449 2592 autem
3482 2513 3614 2594 tales
3641 2541 3757 2596 efﬁ-

2187 2602 2314 2702 ciat,
2362 2605 2564 2663 clarum
2605 2620 2688 2666 est
2729 2629 2793 2669 ex
2842 2632 2908 2671 eo
2933 2621 3076 2688 quod
3097 2624 3236 2678 alter
3259 2627 3470 2694 quidem
3498 2630 3760 2702 interpres

2187 2690 2348 2758 dicat,
2383 2695 2515 2762 Quia
2541 2699 2778 2756 decorum
2802 2703 2903 2776 (b);
2922 2710 3058 2764 alter
3078 2727 3223 2780 vero,
3255 2690 3386 2781 Quia
3399 2735 3566 2774 suave.
3590 2690 3760 2777 Ainbo

2186 2794 2363 2840 autem
2395 2803 2516 2842 vera
2547 2791 2746 2847 dicunt.
2789 2795 2921 2850 Nam
2967 2799 3086 2855 licet
3124 2802 3194 2857 sit
3222 2806 3416 2863 millies
3461 2811 3688 2868 lascivus
3715 2817 3760 2870 is

2187 2876 2273 2972 qui
2301 2879 2462 2972 canit,
2494 2880 2617 2936 dum
2648 2885 2906 2953 pSalmum
2938 2904 3226 2961 reveretur,
3255 2899 3401 2972 scpit_
3428 2904 3756 2971 tyrannidem

2188 2965 2416 3023 lascivia!
2441 2986 2550 3027 sua:
2580 2991 2592 3026 :
2627 2975 2752 3032 licet
2773 2980 2839 3032 sit
2869 2995 3157 3052 oppressus
3200 2989 3352 3043 malis
3391 2991 3754 3049 innumerabi-

2186 3060 2342 3125 libus,
2371 3071 2427 3118 et
2452 3065 2519 3119 ab
2544 3068 2855 3137 argritudine
2881 3073 3044 3130 animi
3069 3089 3371 3148 occupetur,
3395 3081 3524 3139 dum
3547 3085 3754 3141 demul-

2185 3162 2336 3208 cetur
2360 3170 2390 3208 a
2419 3156 2688 3228 voluptate
2716 3199 2732 3225 ,
2765 3161 2902 3217 levat
2942 3166 3198 3234 animum,
3239 3173 3443 3226 extollit
3483 3177 3756 3246 c0gitatio-

2185 3261 2330 3313 nem,
2359 3257 2414 3300 et
2437 3260 2670 3306 mentem
2697 3253 2978 3310 sublimem
3003 3259 3204 3314 evehit.
3233 3262 3288 3316 4.
3323 3261 3573 3328 Quoniam
3595 3266 3754 3322 Iacob

2183 3339 2330 3408 elegit
2375 3343 2469 3396 sibi
2524 3343 2788 3411 Dominus,
2835 3347 3000 3404 Israel
3039 3352 3092 3406 in
3117 3357 3472 3422 possessionem
3495 3359 3608 3414 sibi.
3637 3361 3751 3415 Non

2181 3430 2311 3484 dicit
2340 3433 2588 3488 beneﬁcia
2617 3452 2735 3506 qua:
2755 3450 2878 3494 sunt
2905 3442 2984 3496 eis
3011 3458 3130 3497 cum
3159 3448 3275 3500 aliis
3303 3452 3622 3516 communia,
3657 3453 3752 3508 sed

2181 3525 2321 3593 quod
2350 3535 2433 3580 est
2461 3542 2645 3582 eorum
2676 3534 2947 3602 proprium
2975 3545 3030 3590 et
3058 3539 3328 3593 eximium.
3359 3541 3633 3608 Quodnam
3653 3561 3752 3600 au-

2183 3623 2287 3669 tem
2308 3615 2422 3708 hoc
2463 3619 2790 3689 erat?Quod
2818 3625 3073 3684 Dominus
3114 3631 3362 3700 populum
3402 3649 3523 3688 eum
3570 3638 3748 3708 elegit,

2179 3716 2234 3762 et
2254 3707 2356 3763 sibi
2384 3709 2668 3780 dedicavit,
2715 3724 2768 3769 et
2810 3731 2920 3786 prie
2959 3721 3076 3773 aliis
3107 3723 3422 3790 peculiarem
3469 3707 3750 3796 quamdam

2179 3799 2232 3854 in
2259 3817 2352 3855 eos
2376 3803 2608 3859 ostendit
2631 3805 3072 3864 benevolentiam.
3121 3811 3178 3866 ld
3208 3823 3384 3868 autem
3413 3815 3608 3872 faciunt
3634 3821 3750 3874 ubi-

2178 3907 2281 3963 que
2311 3895 2600 3963 prophetae,
2629 3913 2700 3952 ex
2731 3899 3002 3956 beneﬁciis
3028 3902 3080 3957 in
3108 3903 3249 3974 ipsos
3269 3908 3474 3962 collatis
3490 3912 3750 3978 permulta

2178 3986 2316 4040 dicta
2347 4002 2442 4042 sua
2465 4002 2870 4058 componentes.
2896 3992 3031 4060 Quid
3059 4007 3143 4050 est
3164 4007 3364 4061 autem,
3394 3999 3460 4054 In
3485 4007 3750 4072 possessio-

2177 4094 2290 4133 nem
2318 4081 2450 4135 sibi!
2472 4081 2526 4135 In
2558 4097 2708 4151 opes,
2736 4084 2786 4138 in
2810 4084 3102 4143 facultates.
3126 4088 3241 4144 Etsi
3263 4092 3405 4147 enim
3435 4094 3506 4148 sit
3525 4097 3752 4167 populus

2178 4175 2419 4244 exiguus,
2451 4191 2570 4228 eum
2604 4185 2870 4247 tamquam
2901 4178 3110 4235 divitias
3153 4181 3332 4252 elegit,
3378 4201 3481 4240 non
3519 4191 3750 4256 paucita-

2179 4272 2303 4328 tem,
2357 4265 2449 4318 sed
2498 4266 2746 4321 virtutem
2778 4270 3078 4338 attendens,
3101 4273 3166 4328 ad
3195 4289 3350 4343 quam
3381 4278 3562 4333 volens
3580 4280 3747 4335 dedu-

2175 4373 2303 4412 cere
2321 4359 2478 4428 elegit
2506 4373 2619 4424 eos,
2652 4377 2719 4416 eo
2743 4363 2946 4416 scilicet
2964 4365 3104 4433 quod
3127 4367 3213 4420 alii
3237 4367 3480 4424 homines
3500 4386 3606 4427 non
3635 4381 3750 4425 tan-

2179 4457 2260 4503 tas
2286 4447 2336 4502 ei
2361 4463 2491 4519 opes
2518 4461 2726 4519 parent,
2754 4461 2978 4520 quantas
3027 4454 3115 4510 hic
3138 4458 3365 4527 populus
3385 4500 3400 4523 ,
3452 4459 3523 4514 ita
3556 4471 3611 4514 ut
3649 4461 3751 4518 hoc

2178 4543 2498 4608 processerit
2543 4550 2598 4596 et
2622 4559 2686 4598 ex
2714 4543 2829 4612 ejus
2857 4545 2945 4615 qui
2985 4545 3134 4599 illum
3161 4547 3322 4618 elegit
3359 4550 3748 4620 benevolentia,

2175 4640 2227 4686 et
2249 4630 2315 4686 ad
2357 4646 2545 4686 eorum
2591 4633 2998 4690 institutionem.
3029 4635 3182 4692 Solet
3209 4641 3350 4693 enim
3389 4640 3584 4695 Paulus
3620 4659 3750 4712 quos-

2175 4738 2278 4792 que
2320 4723 2587 4792 appellare
2625 4725 2841 4780 divitias
2877 4726 3102 4782 salutem
3130 4729 3421 4796 hominum,
3453 4744 3510 4786 ut
3536 4733 3752 4802 qiisndo

2173 4813 2303 4868 dicit
2333 4831 2346 4867 :
2372 4813 2518 4867 Idem
2555 4815 2684 4868 enim
2721 4814 2986 4882 Dominus,
3025 4819 3112 4888 qui
3153 4829 3226 4874 est
3252 4819 3388 4874 dives
3409 4823 3462 4874 in
3486 4839 3676 4890 omnes,
3703 4835 3748 4876 et

2174 4919 2325 4973 super
2360 4921 2529 4959 omnes
2568 4905 2654 4976 qui
2704 4906 2937 4961 invocant
2982 4908 3188 4978 ipsum(
3220 4909 3368 4964 Rom.
3403 4911 3491 4965 10.
3523 4913 3590 4967 12
3612 4911 3654 4982 ).
3682 4913 3750 4968 Et

2175 5011 2380 5062 rursus,
2406 4997 2622 5052 Domino
2649 5015 2739 5052 suo
2761 5008 2878 5063 stat,
2905 5011 2993 5053 aut
3011 5001 3143 5054 cadit
3172 5000 3344 5074 (Rom.
3377 5004 3461 5057 Η.
3487 5005 3563 5070 4).
3587 5004 3750 5059 Vides

2175 5087 2442 5154 quomodo
2468 5089 2698 5143 ostendit
2728 5089 2820 5144 Dei
2869 5091 2921 5144 in
2964 5106 3058 5145 eos
3085 5091 3533 5160 benevolentiam,
3569 5099 3746 5163 provi-

2176 5179 2428 5242 dentiam,
2458 5194 2663 5246 curam,
2691 5181 3042 5249 allectionem,
3069 5197 3189 5237 cum
3216 5198 3311 5238 eos
3337 5186 3610 5240 vocaverit
3628 5203 3746 5256 pos-

2177 5271 2491 5327 sessionem.
2534 5271 2637 5327 Per
2682 5273 2796 5328 haec
2834 5283 3057 5344 utraque
3085 5291 3212 5346 ergo
3243 5278 3478 5333 ostendit
3501 5281 3746 5334 eximiam

2179 5363 2232 5417 in
2277 5379 2369 5419 eos
2412 5364 2818 5434 providentiam,
2858 5374 2913 5421 et
2951 5366 3094 5436 quod
3139 5369 3376 5438 elegerit,
3425 5380 3482 5424 et
3524 5371 3664 5440 quod
3695 5372 3747 5427 in

2236 5463 2308 5542 (ε)
2334 5465 2456 5542 Quis
2475 5463 2544 5512 sit
2571 5463 2658 5542 hic
2679 5462 3262 5542 interpresignoramu‘s.
3288 5467 3411 5542 Tota
3432 5475 3622 5542 autem“
3636 5470 3740 5542 haec

2172 5524 2340 5582 lectio,
2379 5524 2535 5585 Alius,
2569 5540 2587 5572 ι
2622 5524 2855 5584 Quoniam
2887 5524 3116 5592 benignus
3153 5534 3242 5589 est,
3279 5545 3298 5578 ι
3329 5529 3474 5579 deest
3515 5534 3564 5580 in
3593 5531 3744 5582 Savil.

2237 5595 2304 5660 (b)
2328 5595 2579 5660 ﬁHebrﬁaica
2609 5597 2757 5646 verba
2788 5605 2944 5660 sunt,
2977 5601 3108 5654 D737:
3147 5601 3222 5651 ἰ.
3263 5599 3622 5654 Interpretatio
3660 5616 3745 5651 au-

2173 5657 2680 5726 tem:_5'rt‘5t31tpEﬂéc,
2713 5657 2828 5722 quia
2864 5657 3063 5726 decens,
3089 5669 3191 5721 aut,
3228 5660 3343 5726 quia
3369 5663 3625 5726 decorum.
3672 5671 3749 5713 est

2172 5720 2381 5786 Aquilia.
2408 5719 2636 5782 SeqUelis
2661 5719 2830 5786 autem
2863 5719 3250 5786 interpretatio,
3287 5721 3409 5782 Quia
3449 5719 3744 5782 suaverlén

2170 5782 2302 5843 ἡδύ),
2330 5794 2426 5849 non
2453 5785 2707 5849 observata
2734 5782 2827 5832 fuit
2856 5796 2906 5832 in
2939 5782 3178 5847 lle'xaplis
3213 5782 3424 5849 nostris,
3459 5795 3512 5836 et
3541 5794 3621 5837 est
3647 5787 3744 5837 for-

2173 5842 2302 5891 tasSe
2331 5842 2623 5901 Symmachi.
