4084 6334
362 330 480 388 τεο

373 447 720 520 παρέστησεν
745 447 910 501 αὑτοῦ
935 447 1033 519 τὴν
1066 449 1474 520 φιλανθρωπίαν
1495 467 1510 513 ;
1534 450 1633 503 Διά
1671 449 1830 502 τοῦτο
1853 449 1949 519 ἀρ⁴

375 531 603 602 χόμενος
630 530 838 600 ἔλεγεν·
862 531 1088 586 Αἰνεῖτε
1113 533 1321 592 αὐτὸν.
1353 534 1442 587 ὅτι
1471 534 1692 603 ἀγαθὸς
1713 533 1948 600 Κύριος.

378 614 508 667 Ὅτι
544 615 659 683 ἐγὼ
700 614 954 684 ἔγνωκα,
991 614 1083 670 ὅτι
1112 616 1302 686 μέγας
1340 620 1372 671 ὀ
1409 618 1644 685 Κύριος.
1692 616 1822 669 Ἰδοὺ
1860 615 1953 668 καὶ

374 697 540 767 ἀλλην
585 695 763 769 αἰτίαν
809 697 992 770 τίθησι
1018 701 1113 753 τοῦ
1165 701 1372 771 ὑμνεῖν.
1425 699 1557 753 Εἰπὲ
1601 699 1662 770 δή
1711 714 1834 769 μοι·
1885 696 1950 749 σὺ

374 779 643 848 ἔγνωκας,
673 783 721 834 οί
754 781 810 835 δὲ
837 782 986 836 ἄλλοι
1020 786 1121 838 οὐκ
1158 784 1335 852 fuam;
1371 785 1549 838 Ἴσασι
1573 784 1692 853 μὲν,
1731 783 1831 852 οὐχ
1856 781 1950 835 οὖ-

374 862 565 925 τωςοδὲ
596 864 671 924 ὡς
699 864 830 931 ἐγώ.
861 866 983 937 Τῶν
1010 867 1118 939 γὰρ
1152 869 1386 939 μάλιστα
1423 866 1593 935 ἁγίων
1621 868 1715 919 καὶ
1753 866 1950 919 ἀναϐε-

376 945 623 1017 ϐηκότων
649 949 768 1001 ἐστὶ
790 948 852 1001 τὸ
888 951 1278 1022 ἀκριϐέστερον
1300 951 1499 1005 εἰδέναι
1531 950 1697 1003 αὐτοῦ
1726 952 1824 1020 τὴν
1864 969 1955 1019 με-

377 1029 726 1101 γαλωσύνην,
760 1031 823 1083 οὐ
863 1034 1062 1100 πᾶσαν,
1098 1035 1219 1104 ἥτις
1255 1035 1370 1088 ἐστὶ
1407 1033 1584 1104 (τοῦτο
1616 1034 1724 1104 γὰρ
1761 1032 1953 1085 ἀδύνα-

374 1130 468 1166 τον
489 1126 515 1154 ιι
537 1117 576 1181 ),
609 1114 746 1169 ἀλλά
791 1116 899 1168 τῶν
942 1118 1117 1172 ἄλλων
1146 1119 1497 1189 σαφέστερον.
1535 1119 1643 1172 Καὶ
1677 1121 1709 1172 ό
1739 1119 1954 1185 Κύριος

374 1198 413 1263 ἡ
415 1196 547 1267 μῶν
561 1198 721 1268 παρὰ
734 1198 966 1266 πάντας
982 1202 1125 1268 τοὺς
1146 1204 1340 1267 θεούς.
1366 1203 1515 1267 Ἰδοὺ,
1537 1203 1720 1272 φησὶν,
1735 1203 1764 1254 ό
1783 1202 1952 1256 εἰπὼν

375 1281 459 1334 ὅτι
493 1281 667 1352 μέγας
694 1283 915 1354 Κύριος,
947 1286 1041 1339 καὶ⁹
1068 1287 1150 1339 ὅτι
1173 1288 1237 1340 σὺ
1267 1286 1533 1353 ἔγνωκας,
1562 1286 1766 1356 προῖὼν
1797 1284 1953 1338 ἐλατ-

375 1366 501 1418 τοῖδ
532 1367 624 1418 τὸν
652 1366 832 1435 λόγον,
857 1369 953 1422 καὶ
984 1371 1264 1440 συγκρίνει
1293 1370 1453 1424 αὐτὸν
1484 1371 1598 1433 τοῖς
1630 1369 1829 1433 ἄλλοις,
1858 1370 1953 1423 καὶ

378 1447 529 1520 1585]
543 1448 685 1503 κατά
702 1449 988 1520 σύγκρισιν
1003 1453 1150 1522 αὑτῷ
1166 1453 1349 1507 δίδωσι
1364 1452 1462 1524 τὴν
1479 1452 1583 1507 ὑπε
1592 1454 1775 1524 ροχήν.
1790 1452 1954 1507 Οὐδα-

378 1531 516 1602 μῶς,
539 1534 724 1602 φησὶν,
747 1534 885 1588 ἀλλά
911 1535 1046 1603 πρὸς
1071 1536 1168 1607 τὴν
1204 1537 1488 1592 ἀσθένειαν
1516 1538 1623 1591 τῶν
1648 1539 1954 1592 ἀκουόντων

373 1618 495 1670 τότε
523 1617 810 1687 διελέγετο,
836 1618 979 1672 κατά
1020 1621 1215 1692 μικρὸν
1246 1621 1443 1686 αὐτοὺς
1483 1622 1831 1687 ἀναϐιϐάζων
1859 1623 1954 1674 ἐπὶ

373 1700 550 1755 τοῦτο.
578 1702 652 1754 Οὐ
685 1701 889 1773 σφόδρα
917 1702 1024 1772 γὰρ
1055 1704 1465 1776 παραστατικὸν
1488 1705 1647 1759 τοῦτο
1671 1705 1767 1760 τοῦ
1787 1707 1954 1778 μεγά-

373 1784 488 1848 λου,
512 1785 573 1837 τὸ
601 1783 821 1854 μείζονα
847 1786 938 1838 τὸν
955 1786 1086 1839 Θεὸν
1113 1786 1389 1857 λέγεσθαι,
1432 1789 1526 1842 καὶ
1547 1789 1689 1861 ὑπὲρ
1711 1790 1952 1852 ἐκείνους

373 1863 511 1922 εἶναι
542 1868 744 1939 μέγανο
776 1868 913 1929 ἀλλ’,
937 1869 1074 1942 ὅπερ
1093 1869 1264 1943 ἔφθην
1290 1871 1479 1934 εἰπὼν,
1523 1876 1829 1944 συμμετρεῖ
1860 1874 1952 1927 τὸν

372 1952 531 2021 λόγον
569 1954 627 2004 έν
667 1953 735 2022 τῇ
778 1951 1022 2024 εὐτελείᾳ
1052 1952 1159 2006 τῶν
1200 1954 1516 2024 ἀκροατῶν,
1565 1954 1707 2009 κατὰ
1756 1956 1952 2027 μικρὸν

374 2037 569 2099 αὐτοὺς
599 2036 836 2104 ἀνάγων.
866 2037 977 2090 Καὶ
1009 2036 1117 2108 γὰρ
1150 2039 1432 2110 ἀγαπητὸν
1466 2033 1534 2111 ἦν
1580 2039 1774 2104 αὐτοὺς
1816 2041 1952 2103 τέως

373 2120 530 2174 τοῦτο
561 2119 813 2185 ἀκοῦσαι,
848 2121 941 2174 καὶ
964 2121 1271 2192 πεισθῆναι.

448 2203 513 2273 β’.
551 2203 703 2255 Ἐπεὶ
723 2203 804 2256 ὅτι
826 2205 1045 2259 πάντων
1064 2206 1409 2277 ἀσυγκρίτως
1430 2206 1706 2277 ὑπερέχει.
1728 2205 1817 2259 διά
1844 2205 1952 2259 τῶν

374 2288 503 2359 ἑξῆς
531 2286 698 2357 δηλοῖ,
754 2288 1055 2359 τεκμήριον
1100 2289 1268 2343 αὐτοῦ
1317 2292 1417 2360 τῆς
1459 2290 1744 2361 δυνάμεως
1783 2289 1951 2352 τιθεὶς

378 2371 655 2441 μέγιστον,
686 2371 785 2425 καὶ
825 2370 1026 2442 δηλῶν,
1060 2373 1142 2425 ὅτι
1190 2373 1285 2427 καὶ
1336 2368 1404 2425 τὰ
1455 2374 1697 2444 πρότερα
1733 2372 1822 2426 διὰ
1852 2373 1952 2443 τὴν

374 2455 657 2509 ἀσθένειαν
676 2453 787 2510 τῶν
815 2454 1103 2525 ἀκροατῶν
1143 2454 1358 2528 εἴρηται
1375 2474 1387 2486 ·
1427 2456 1515 2511 διά
1535 2473 1615 2510 τοι
1642 2455 1801 2509 τοῦτο
1824 2457 1953 2509 ὅταν

378 2540 479 2609 μὲν
509 2536 897 2608 ἀποφαίνηται,
924 2537 1098 2609 μικρά
1129 2536 1305 2606 λέγει’
1335 2539 1464 2592 ὃταν
1484 2539 1542 2593 δὲ
1568 2538 1950 2610 κατασκευάζῃ

376 2626 471 2678 καὶ
499 2622 826 2693 ἀποδεικνύῃ
861 2625 952 2676 καὶ
987 2621 1203 2697 παρέχῃ
1229 2622 1329 2693 τῆς
1360 2622 1750 2694 μεγαλωσύνης
1784 2623 1949 2677 αὐτοῦ

372 2708 474 2778 τὴν
502 2706 797 2772 ἀπόδειξιν,
838 2706 907 2759 τά
947 2705 1159 2776 μεγάλα
1193 2705 1398 2774 τίθησι.
1439 2706 1504 2760 Τί
1545 2706 1723 2760 τοίνυν
1770 2705 1951 2777 τίθησι

379 2792 518 2863 μετά
544 2791 718 2844 ταῦτα
765 2789 915 2856 ἀξιον
962 2789 1163 2855 αὑτοῦ,
1211 2789 1306 2843 καὶ
1336 2789 1525 2842 ὃθεοῦ
1571 2789 1730 2861 μόνον
1772 2790 1950 2854 ὲστίν;

377 2877 519 2948 Ὅρα
538 2891 550 2906 ·
572 2875 767 2943 ἐπάγει
798 2873 906 2945 γάρ
922 2887 935 2901 '
958 2873 1163 2927 Πάντα
1193 2873 1310 2927 ὅσα
1328 2872 1634 2941 ἠθέλησεν
1656 2875 1689 2927 ό
1716 2874 1950 2941 Κύριος,

374 2960 745 3028 ὲττοίησενὲν
760 2959 839 3024 τῷ
854 2955 1089 3026 οὐρανῷ
1109 2957 1207 3010 καὶ
1220 2959 1289 3010 ὲν
1306 2955 1381 3025 τῇ
1393 2955 1490 3026 γῇ,
1505 2956 1574 3010 ἐν
1592 2956 1721 3023 ταῖς
1737 2954 1953 3010 θαλάσ-

375 3061 535 3111 σαις,
558 3043 656 3097 καὶ
672 3043 742 3096 ἐν
760 3040 985 3109 πάσαις
1006 3042 1133 3107 ταῖς
1157 3042 1468 3107 ἀϐύσσοις.
1489 3037 1644 3104 Εἶδες
1656 3040 1908 3112 παναρκῆ
1926 3052 1949 3079 ο

374 3128 635 3197 δύναμινς
683 3122 823 3188 εἶδες
868 3125 1052 3196 πηγὴν
1085 3124 1265 3195 ζωῆς;
1322 3119 1462 3187 εἶδες
1507 3125 1661 3195 ἰσχὺν
1705 3124 1951 3194 ἀμαχον;

378 3207 519 3273 εἶδες
547 3209 877 3279 ἀσύγκριτον
912 3209 1186 3278 ὑπεροχήν
1207 3225 1222 3274 ;
1243 3202 1382 3270 εἶδες
1429 3206 1678 3274 ἐξουσίαν
1715 3205 1952 3276 οὐδαμοῦ

375 3291 761 3362 κωλυομένηνς
790 3285 931 3352 εἶδες
964 3291 1143 3343 πάντα
1196 3289 1345 3361 αὐτῷ
1377 3290 1534 3361 ῥᾴδια
1575 3290 1668 3342 καὶ¹
1712 3287 1950 3353 εὔκολας

374 3375 581 3431 Πάντα
601 3375 732 3445 γὰρ,
763 3373 949 3444 φησιν,
975 3373 1096 3427 ὅσα
1116 3373 1442 3442 ἠθέλησεν,
1467 3373 1780 3440 ἐποίησεν.
1815 3373 1954 3426 Είπὲ

376 3460 471 3513 καὶ
501 3458 639 3523 ποῦ;
684 3460 737 3510 Ἐ
742 3474 780 3511 ν
808 3456 889 3521 τῷ
903 3453 1139 3524 οὐρανῷ
1164 3456 1262 3510 καὶ
1285 3457 1356 3510 ἐν
1375 3454 1450 3525 τῇ
1474 3454 1574 3525 τῇ.
1599 3456 1886 3510 Τουτέστιν
1901 3456 1952 3524 ἀ,

374 3543 476 3597 οὐκ
505 3540 740 3596 ἐνταῦθα
763 3541 945 3613 μόνον,
976 3540 1113 3594 ἀλλά
1144 3540 1238 3594 καὶ
1262 3541 1321 3594 ὲν
1353 3539 1432 3610 τῷ
1463 3539 1697 3611 οὐρανῷ.
1750 3541 1863 3594 Οὐκ
1893 3541 1952 3594 ὲν

374 3626 453 3697 τῷ
480 3626 692 3696 οὐρανῷ
726 3627 906 3696 μόνον,
937 3624 1073 3678 ἀλλά
1105 3625 1201 3678 καὶ
1242 3629 1301 3679 ὲν
1326 3629 1391 3696 τῇ
1427 3627 1521 3697 γῇ.
1554 3625 1669 3679 Οὐκ
1694 3626 1752 3679 ἐν
1780 3627 1847 3697 τῇ
1880 3628 1951 3698 γῇ

378 3708 561 3781 μόνον,
584 3708 718 3763 ἀλλά
742 3709 837 3763 καὶ
870 3710 973 3763 Ἐν
995 3708 1125 3772 ταῖς
1145 3707 1509 3776 θαλάσσαις,
1529 3710 1628 3763 καί
1644 3709 1713 3762 ἐν
1728 3708 1954 3774 πάσαις

373 3792 507 3859 ταῖς
531 3793 847 3859 άϐὐσσοις.
885 3791 984 3845 Διά
1014 3791 1123 3863 γὰρ
1167 3792 1266 3862 τῆς
1309 3792 1548 3847 ἀϐύσσου
1589 3792 1657 3846 τὰ
1693 3794 1953 3847 ὑποκάτω

373 3874 524 3944 λέγει
545 3876 643 3946 τῆς
673 3874 799 3945 γῆς,
829 3874 1018 3945 ὥσπερ
1040 3875 1128 3929 διά
1148 3875 1242 3928 τοῦ
1272 3877 1467 3941 εἰπεῖν,
1484 3872 1591 3929 Ἐν
1605 3872 1686 3940 τῷ
1703 3874 1956 3943 οὐρανῷ,

373 3956 443 4010 τά
468 3957 725 4029 ὑπεράνω
750 3956 860 4010 τῶν
874 3957 1141 4029 οὐρανῶν.
1187 3957 1309 4028 Ὑφ’
1332 3951 1406 4011 ὧν
1434 3956 1530 4011 καὶ
1559 3956 1832 4010 τοσούτων
1860 3954 1951 4011 δν-

372 4057 484 4096 των
534 4038 771 4111 οὐδαμοῦ
805 4040 866 4094 τὸ
917 4040 1129 4111 θέλημα
1158 4039 1327 4094 αὐτοῦ
1378 4039 1763 4111 ὲμποδίζεται,
1816 4039 1955 4093 ἀλλά

373 4124 554 4178 πάντα
587 4124 787 4187 ἔπεισι,
822 4125 917 4177 καὶ
955 4125 1018 4177 τὸ
1048 4125 1114 4194 δὴ
1143 4123 1492 4194 θαυμαστὸν,
1529 4126 1557 4178 ὁ
1585 4126 1850 4195 ποιήσας,
1889 4125 1949 4176 οὐ

374 4207 551 4279 πόνῳ,
589 4207 650 4262 οὐ
693 4207 879 4279 μόχθῳ
904 4250 917 4273 ,
977 4208 1077 4262 οὐκ
1120 4207 1476 4278 ὲπιτάγματι,
1510 4207 1645 4261 ἀλλά
1677 4206 1943 4279 θελήματι

374 4292 598 4363 ἐποίησε
616 4308 634 4326 ο
661 4293 821 4362 μόνον
839 4294 946 4364 γὰρ
968 4292 1257 4362 ἐϐουλήθη,
1288 4292 1383 4345 καὶ
1411 4292 1472 4344 τὸ
1498 4290 1660 4364 ἔργον
1689 4292 1875 4345 εἵπετο
1904 4304 1947 4344 ο.

373 4371 528 4439 Εἶδες
576 4375 695 4439 ⁸πῶς
729 4375 823 4429 καὶ
861 4376 962 4447 τὴν
1017 4375 1267 4429 εὐκολίαν
1312 4375 1623 4448 παρέστησε
1645 4414 1660 4437 ,
1723 4377 1819 4429 καὶ
1853 4376 1951 4446 τὴν

374 4459 638 4528 ἀφθονίαν
690 4458 798 4512 τῶν
847 4458 1386 4530 δημιουργημάτων,
1441 4460 1536 4512 καὶ
1577 4460 1677 4531 τὴν
1704 4458 1951 4524 ἐξουσίαν

372 4545 473 4614 τὴν
506 4543 823 4609 ἀκώλυτονς
858 4539 993 4599 Εἶτα
1025 4545 1184 4613 ἀφεὶς
1229 4546 1405 4598 εἰπεῖν
1450 4544 1542 4599 τὸν
1587 4545 1815 4617 οὐρανὸν
1855 4548 1949 4601 καὶ

372 4625 471 4697 τὴν
505 4625 802 4691 θάλασσαν,
845 4626 914 4680 τά
947 4629 1006 4680 ὲν
1036 4628 1221 4692 αὐτοῖς
1252 4627 1456 4699 τίθησι,
1498 4631 1592 4682 καὶ
1620 4628 1742 4682 οὐδὲ
1784 4629 1853 4682 τά
1890 4632 1949 4683 ἐν

373 4709 561 4773 αὐτοῖς
592 4710 789 4776 πάντα,
829 4711 966 4764 ἀλλά
1012 4710 1386 4783 παραδραμὼν
1411 4711 1480 4765 τὰ
1513 4713 1571 4765 ἐν
1597 4710 1677 4783 τῷ
1712 4712 1947 4784 οὐρανῷ,

372 4793 552 4847 καίτοι
583 4793 1004 4865 θαυμαστότερα
1032 4793 1162 4847 ὄντα
1182 4835 1196 4858 ,
1234 4794 1383 4862 λέγει
1405 4795 1487 4848 Δτά
1520 4797 1649 4869 περ).
1675 4796 1767 4849 τὸν
1788 4798 1951 4869 οὐρα-

373 4875 484 4930 νόν.
538 4876 602 4928 Τί
637 4876 871 4947 δήποτε;
924 4879 1044 4931 Ὅτι
1083 4880 1152 4932 τά
1205 4879 1324 4949 μὲν,
1357 4880 1405 4931 εί
1461 4879 1552 4931 καὶ
1595 4878 1806 4948 μεγάλα
1846 4875 1947 4951 ἦν,

373 4957 491 5012 ἀλλ’
532 4959 702 5030 ἄδηλα
732 4956 799 5031 ἦν
833 4962 945 5025 τοῖς
983 4961 1196 5024 πολλοῖς
1217 4979 1230 4993 ο
1271 4962 1443 5015 ταῦτα
1472 4962 1549 5023 δὲ,
1583 4964 1631 5015 εἰ
1668 4965 1761 5016 καὶ
1791 4963 1948 5018 ἐλάτ-

372 5057 534 5105 τονα,
578 5043 727 5113 ὅμως
761 5044 1090 5115 φαινόμενα,
1123 5047 1218 5100 καὶ
1241 5047 1451 5110 πάντας
1475 5046 1665 5116 ἔχοντα
1688 5046 1946 5117 θεωρούς.

385 5123 539 5178 Ἐπεὶ
566 5121 659 5179 οὖν
698 5127 834 5198 πρὸς
864 5127 1183 5200 ἀνθρώπους
1211 5126 1279 5200 ἦν
1303 5133 1330 5182 ὁ
1351 5129 1509 5198 λόγος
1538 5130 1711 5200 αὐτῷ,
1736 5132 1797 5184 οὐ
1825 5147 1951 5184 τοσο

371 5207 527 5265 οὖτον
563 5211 742 5264 πίστει
781 5214 1203 5284 παιδευομένους
1240 5214 1351 5266 τῶν
1411 5213 1632 5281 ἀφανῶν
1676 5213 1821 5284 ἔχειν
1867 5214 1952 5267 ἔν-

373 5310 523 5348 νοιαν
543 5293 587 5360 ί,
609 5296 732 5349 ὅσον
762 5298 872 5351 ἀπὸ
886 5297 993 5351 τῶν
1017 5298 1355 5369 φαινομένων
1384 5297 1946 5367 χειραγωγουμένους.

441 5407 465 5475 θ
488 5410 734 5475 Ρειρωξε.
754 5410 1059 5475 ἀφιλόσοφον.

375 5468 463 5584 {ab
484 5470 637 5519 Savil.
678 5468 888 5527 ἐλαττοῐς
925 5468 979 5523 εἰ
1022 5477 1196 5535 postea
1235 5471 1514 5533 συγκρίνεις,
1546 5477 1601 5521 el.
1646 5472 1791 5532 paulo
1840 5479 1952 5535 post

404 5550 415 5579 ι
447 5548 527 5584 ως.

404 5548 527 5587 ιοως.

437 5595 462 5654 (ἲ
494 5591 631 5640 Unus
651 5596 885 5654 πωαλκῆ.

434 5652 462 5692 d
487 5654 742 5703 Τουτέστιν
762 5652 980 5705 additum
1007 5669 1037 5704 e
1060 5655 1210 5706 Savil.
1228 5654 1365 5707 Enn.

439 5725 464 5782 ξ
487 5713 636 5782 ξαξιὶι.
661 5718 742 5782 καὶ
764 5718 819 5782 τὸ
841 5719 974 5782 ἔργον
999 5718 1127 5782 εὐθὺς
1148 5717 1486 5782 ἠκολούθησεν.

443 5774 460 5811 ⁸
488 5774 629 5835 Alias
650 5779 730 5826 καὶ
751 5781 847 5828 τῶν
868 5774 1068 5844 ’ἀφανῶν
1100 5774 1290 5843 ἔχοντας
1322 5779 1498 5827 ἔννοιαν

1057 334 1114 390 8.
1156 332 1440 391 JOANNIS
1477 328 1973 390 CHRYSOSTOMI
2013 326 2330 388 ARCHIEP.
2370 325 2918 390 CONSTANTINOP.

3520 339 3629 397 390

2060 445 2312 500 ἐντεῦθεν
2341 446 2556 516 ὑφαίνει
2593 448 2685 501 τὸν
2712 447 2891 516 λόγον,
2929 446 3023 501 καὶ
3054 445 3153 518 τῆς
3173 445 3514 515 διδασκαλίας
3530 453 3629 527 ἄρ.

2054 546 2225 599 χεται,
2261 530 2289 582 ὂ
2309 532 2422 594 τοῖς
2453 531 2633 595 ἄλλοις
2665 530 2941 604 παρῄνεσε
2962 534 3156 595 ποιεῖν,
3180 532 3338 587 τοῦτο
3359 536 3453 589 καὶ
3467 536 3629 602 αὐτὸς

2054 611 2245 665 ποιῶν.
2281 613 2441 665 Ποῖον
2470 613 2534 683 δὴ
2562 614 2751 681 τοῦτο;
2800 616 2874 668 Tb
2897 617 3068 669 αἰνεῖν
3087 615 3179 669 τὸν
3212 615 3345 671 Θεὸν
3378 619 3486 673 ἀπὸ
3518 621 3631 676 τῶν

2054 694 2230 767 ἔργων
2252 696 2443 759 αὑτοῦ,
2463 698 2557 750 καὶ
2573 698 2849 769 εὐφημίας
2881 699 3172 770 ἀναφέρειν
3201 700 3369 771 αὐτῷ,
3397 701 3629 757 ἕκαστον

2053 780 2161 834 τῶν
2192 781 2498 851 γενομένων
2534 782 3034 853 καταμανθάνοντα,
3082 783 3177 837 καὶ
3225 784 3364 857 ὑπὲρ
3395 786 3628 841 ἑκάστου

2052 863 2433 933 δοξολογοῦντα
2462 863 2636 938 [586].
2685 866 2900 938 Ἐπειδὴ
2929 866 3038 939 γάρ
3070 867 3200 940 περὶ
3228 866 3323 921 τοῦ
3362 868 3455 923 τὸν
3494 870 3629 924 Θεὸν

2054 948 2221 1000 αἰνεῖν
2261 948 2563 1019 παραινῶν,
2599 950 2839 1020 συνεχῶς
2890 947 3066 1017 εἶπεν,
3089 951 3319 1005 Αἰνεῖτε
3350 951 3417 1005 τὸ
3443 953 3631 1022 ὄνομα

2054 1033 2308 1100 Κυρίου,
2360 1032 2602 1098 αίνεῖτε,
2654 1033 2884 1101 δοῦλοι,
2939 1036 3048 1088 τὸν
3094 1036 3343 1104 Κύριονο
3390 1037 3628 1092 δείκνυσι

2056 1117 2151 1170 καὶ
2194 1116 2313 1179 πῶς
2345 1116 2426 1169 δεῖ
2469 1119 2662 1183 αίνεῖν,
2689 1117 2911 1170 ἐπιόντα
2950 1118 3010 1171 τὸ
3047 1118 3203 1190 σῶμα
3246 1120 3346 1189 τῆς
3376 1120 3627 1187 κτίσεως,

2056 1201 2150 1252 καὶ
2180 1199 2529 1270 θαυμάζοντα
2553 1202 2599 1262 ⁸,
2644 1201 2739 1254 καὶ
2779 1200 3216 1273 ἐκπληττόμενον
3250 1205 3352 1275 τὴν
3401 1203 3629 1271 σοφίαν,

2056 1283 2155 1354 τὴν
2203 1285 2492 1354 πρόνοιαν,
2538 1284 2639 1353 τὴν
2669 1284 2932 1355 δύναμιν,
2974 1284 3072 1356 τὴν
3105 1285 3450 1356 κηδεμονίαν.
3508 1285 3625 1339 Ἑν-

2056 1366 2247 1421 τεῦθεν
2277 1365 2644 1438 μανθάνομεν,
2693 1369 2774 1421 ὅτι
2802 1369 2832 1408 Ιι
2878 1369 2938 1421 οὐ
2986 1369 3084 1439 μία
3129 1370 3211 1434 τίς
3238 1371 3355 1423 ἐστι
3386 1369 3630 1424 θάλασσα

2054 1449 2193 1521 αὕτη
2230 1451 2263 1520 ἡ
2298 1449 2421 1503 καθ’
2454 1452 2622 1520 ἡμᾶς,
2668 1450 2806 1504 ἀλλά
2849 1451 3043 1506 πολλαὶ
3087 1452 3180 1507 καὶ
3224 1451 3489 1523 διάφοροι,
3537 1452 3631 1506 καὶ

2055 1534 2266 1603 πελάγη
2308 1533 2528 1602 ἄπειρα.
2571 1535 2714 1603 Ἔφη
2760 1535 2869 1605 γὰρ
2892 1578 2908 1602 ,
2964 1535 3066 1589 Ἐν
3113 1535 3241 1602 ταῖς
3288 1536 3630 1602 θαλάσσαις

2059 1615 2157 1669 καὶ
2189 1617 2258 1669 ἐν
2282 1615 2509 1682 πάσαις
2535 1617 2665 1683 ταῖς
2693 1618 3009 1685 ἀϐύσσοις.
3045 1620 3116 1671 ’Ἡ
3148 1636 3207 1671 τε
3242 1619 3350 1690 γὰρ
3376 1619 3625 1680 Κασπία,

2052 1699 2086 1769 ἥ
2122 1716 2180 1752 τε
2220 1698 2434 1769 Ἰνδικὴ,
2470 1699 2503 1768 ἦ
2537 1717 2597 1751 τε
2646 1700 2883 1773 Ἐρυθρὰ
2913 1702 3239 1774 διῃρημέναι
3280 1701 3464 1773 σχεδὸν
3492 1700 3627 1755 ταύ-

2052 1799 2153 1853 της
2181 1782 2309 1846 είοὶ,
2341 1783 2435 1836 καὶ
2469 1782 2667 1849 ἔξωθεν
2708 1784 3087 1855 περικείμενος
3119 1786 3148 1838 ὁ
3188 1785 3458 1848 Ὠκεανός.
3506 1786 3630 1841 Ἀν-

2054 1865 2214 1935 άγων
2237 1865 2498 1935 νεφέλας
2523 1865 2593 1931 ἐξ
2615 1867 2892 1937 ἐσχάτων
2927 1866 3037 1936 τῆς
3065 1867 3199 1937 τῆς.
3235 1868 3446 1932 Ἀλλος,
3475 1867 3632 1923 Ἁνα-

2055 1947 2317 2009 6ι6άζων.
2356 1948 2616 2019 Ἕτερος,
2685 1947 2956 2017 Ἀνασπᾷ
3006 1950 3110 2004 ἀπ’
3148 1950 3365 2020 ἄκρων.
3404 1950 3625 2017 Ἄλλος,

2066 2031 2170 2085 Ἐκ
2214 2031 2602 2101 τελέσματος.
2646 2033 2817 2087 Τοῦτο
2859 2035 2953 2088 καὶ
2994 2037 3053 2088 ὲν
3094 2035 3172 2107 τῷ
3215 2034 3337 2089 Ἰὼϐ
3375 2038 3628 2108 εἴρηταιο

2066 2115 2128 2168 '0
2142 2114 2450 2185 δεσμεύων
2469 2115 2625 2184 ὕδωρ
2653 2117 2723 2171 ἐν
2740 2117 3026 2187 νεφέλαις
3048 2118 3257 2175 αὐτοῦ.
3288 2121 3397 2173 Καὶ
3424 2120 3454 2171 ὁ
3479 2119 3634 2172 Σολο·

2057 2197 2173 2268 μῶν
2190 2214 2203 2228 ·
2260 2198 2545 2267 Συνέχων
2568 2198 2730 2268 ὕδωρ
2752 2201 2824 2255 ἐν
2852 2202 3078 2270 ίματίῳ.
3114 2194 3283 2267 Οὗτος
3306 2203 3363 2257 δὲ
3387 2204 3450 2256 οὐ
3471 2202 3632 2257 τοῦτό

2054 2297 2240 2351 φησιν,
2275 2281 2386 2334 ἀλλ’
2426 2282 2616 2353 ἕτερον
2639 2282 2977 2353 θαυμαστόν.
3014 2288 3172 2339 Ποῖον
3191 2285 3255 2358 δὴ
3284 2287 3472 2351 τοῦτος
3505 2288 3630 2342 Ὅτι

2053 2363 2358 2436 παχύτερος
2374 2364 2451 2419 ὢν
2471 2367 2500 2419 ὁ
2522 2365 2651 2437 ἀὴρ,
2681 2366 2780 2439 τὴν
2801 2367 2915 2422 ἄνω
2935 2369 3160 2440 φέρεται
3180 2370 3371 2440 φορὰν,
3399 2372 3494 2424 καὶ
3516 2371 3631 2425 διαο

2055 2446 2401 2512 ϐαστάζεται,
2434 2449 2532 2502 καὶ
2564 2450 2742 2504 ἄνεισι
2770 2450 2834 2504 τὸ
2868 2451 3030 2523 βαρὺ,
3065 2453 3165 2523 τὴν
3197 2454 3448 2509 ἐναντίαν
3475 2455 3633 2525 ἐρχό-

2057 2547 2217 2601 μενον
2254 2532 2391 2586 ὁδόν.
2416 2531 2743 2604 Θαυμαστὸν
2768 2535 2866 2606 μὲν
2898 2531 2990 2590 οὖν
3022 2537 3115 2589 καὶ
3142 2537 3203 2590 τὸ
3252 2538 3537 2608 στέγεσθαι
3569 2539 3632 2594 τὸ

2056 2613 2199 2686 ὕδωρ
2245 2615 2302 2668 ὲν
2344 2615 2514 2687 αὐτῷ,
2554 2616 2689 2671 πολὺ
2712 2617 2770 2671 δὲ
2796 2617 3238 2691 θαυμαστότερον
3265 2622 3327 2676 τὸ
3366 2622 3632 2694 φέρεσθαι

2056 2699 2380 2770 στεγόμενον
2412 2699 2506 2752 ἐπὶ
2535 2699 2630 2753 τοῦ
2664 2700 2865 2771 κούφου
2889 2718 2905 2734 ο
2943 2704 3036 2756 καὶ
3078 2704 3140 2759 τὸ
3162 2704 3225 2775 δὴ
3275 2704 3355 2760 ἔτι
3397 2706 3632 2779 παραδο-

2056 2781 2300 2854 ξότερον,
2344 2784 2518 2837 ὅτιτὸ
2549 2785 2875 2857 στεγόμενον
2918 2788 3011 2840 ὐπ’
3062 2788 3270 2843 ἐκείνου
3309 2789 3404 2844 τοῦ
3447 2791 3629 2864 ἀέρος,

2054 2866 2272 2921 ἐπειδὰν
2295 2868 2465 2939 ὲκρυῇ
2495 2868 2591 2922 τοῦ
2622 2869 2837 2938 νέφους,
2871 2871 3052 2926 οὐκέτι
3081 2874 3370 2945 κατέχεται
3399 2876 3476 2948 τῷ
3512 2875 3633 2948 μετ’

2054 2951 2219 3005 αὐτὸν
2265 2951 2409 3023 ἀέρι,
2440 2953 2534 3006 καὶ
2562 2952 2835 3023 στέγεται,
2868 2956 3002 3010 ἀλλά
3035 2957 3246 3030 διαρρεῖ
3272 2960 3627 3030 πανταχόθεν,

2053 3035 2149 3089 καὶ
2174 3036 2255 3098 είς
2279 3035 2375 3106 τὴν
2391 3036 2498 3105 γῆν
2527 3036 2772 3106 φέρεται.
2797 3040 2908 3093 Καὶ
2934 3040 3040 3111 μὴν
3064 3043 3112 3094 εί
3135 3041 3278 3095 κατά
3303 3043 3463 3111 φύσιν
3479 3045 3632 3098 ἐστέ-

2053 3135 2180 3186 γετο
2209 3118 2386 3183 τοῦτο,
2419 3119 2525 3173 ἔδει
2546 3121 2641 3175 καὶ
2669 3122 2729 3173 ὲν
2757 3121 2836 3193 τῷ
2873 3124 2994 3195 ἀέρι
3022 3125 3040 3165 i
3087 3125 3388 3195 πέτεσθαι.
3420 3129 3631 3202 ’Ὠσπερ

2053 3201 2164 3273 γὰρ
2196 3202 2365 3282 ἀσκὸν
2404 3202 2565 3267 εἴτις
2591 3204 2773 3258 εἴασεν
2806 3207 2886 3269 είς
2906 3206 2998 3260 τὸν
3035 3207 3172 3279 ἀέρα
3201 3201 3631 3282 πεπληρωμένον

2055 3284 2272 3349 ὓδατος,
2301 3281 2420 3338 εἶτα
2451 3286 2676 3358 ἐφέρετο
2708 3288 2813 3342 ὑπὸ
2848 3288 2942 3344 τοῦ
2977 3289 3157 3362 ἀέρος,
3189 3281 3397 3364 ἠνέχθη
3430 3294 3498 3349 ἂν
3536 3296 3632 3348 καὶ

2052 3368 2115 3422 τὸ
2152 3368 2299 3422 ἔνδον
2348 3369 2671 3440 στεγόμενον
2719 3370 2862 3443 ὕδωρ
2891 3373 3144 3444 διαρρυὲν
3178 3375 3244 3428 ὲκ
3284 3376 3379 3429 τοῦ
3417 3378 3588 3431 ἀσκοῦ
3612 3396 3631 3412 ο

2053 3450 2227 3515 οὕτως
2250 3452 2540 3505 ἀκόλουθον
2563 3454 2658 3508 καὶ
2693 3454 2928 3510 ἐνταῦθα
2952 3456 3217 3525 γίνεσθαι.
3260 3459 3402 3513 Ἀλλ’
3443 3461 3631 3534 ἐπειδὴ

2054 3537 2232 3589 πάντα
2262 3534 2537 3606 θαύματος
2561 3536 2743 3608 γέμει,
2791 3539 2885 3592 καὶ
2913 3539 3193 3611 παράδοξα
3236 3541 3303 3595 τά
3349 3545 3630 3615 γινόμενα,

2055 3617 2195 3688 ὑπὲρ
2224 3616 2569 3682 ἀκολουθίαν,
2595 3620 2736 3690 ὑπὲρ
2771 3620 2928 3689 λόγον
2957 3622 3175 3678 ἅπαντα
3197 3624 3366 3679 ταῦτα
3399 3627 3626 3695 γίνεται.

2055 3700 2163 3753 Καὶ
2189 3700 2380 3771 γὰρτὸ
2408 3701 2733 3774 στεγόμενον
2770 3704 2827 3757 ὲν
2852 3704 2931 3776 τῷ
2972 3705 3094 3778 ἀέρι
3135 3707 3235 3778 τῆς
3274 3709 3523 3779 νεφέλης,
3566 3709 3630 3763 οὐ

2056 3783 2307 3852 στέγεται
2342 3786 2400 3838 ὲν
2445 3784 2525 3857 τῷ
2553 3786 2676 3856 ἀέρι
2702 3785 2784 3858 τῷ
2818 3786 2957 3859 μετά
2979 3788 3172 3845 ταῦτα.
3208 3787 3394 3855 Εἶδεςὶ
3430 3793 3491 3846 τὸ
3521 3809 3628 3847 πα·

2055 3866 2295 3939 ράδοξον,
2326 3869 2419 3922 καὶ
2461 3870 2577 3934 πῶς
2609 3870 2638 3924 δ
2665 3871 2812 3924 δοκεῖ
2848 3872 2958 3926 τῶν
2989 3873 3164 3929 ἄλλων
3193 3872 3332 3929 εἶναι
3377 3877 3632 3932 καταδεέ-

2056 3966 2268 4021 στερον,
2291 3952 2449 4006 τοῦτο
2474 3952 2608 4019 θεὶς,
2636 3953 2835 4020 ἔδειξεν
2885 3955 2945 4010 δν
2985 3957 3334 4028 θαυμαστόνς
3368 3956 3501 4015 Εἶτα
3534 3962 3631 4016 καὶ

2053 4032 2181 4086 ἄλλο
2203 4034 2443 4089 δείκνυσι
2468 4035 2799 4107 θαυμαστὸν,
2821 4037 2920 4103 Ἐξ
2941 4039 3214 4108 ἐσχάτων
3227 4041 3275 4104 ι,
3296 4042 3490 4112 λέγων,
3518 4044 3624 4112 τῆς

2052 4114 2184 4186 γῆς,
2208 4117 2264 4187 ἢ,
2303 4116 2434 4172 Ἀπ’
2456 4118 2654 4189 ἄκρων
2682 4119 2792 4188 τῆς
2813 4120 2948 4191 γῆς.
2977 4123 3054 4176 Οὐ
3080 4122 3187 4196 γάρ
3214 4124 3276 4196 δὴ
3301 4126 3459 4195 μόνον
3482 4128 3633 4183 ἀνιᾶ-

2057 4216 2160 4263 σιν,
2183 4200 2318 4254 ἀλλά
2342 4202 2437 4255 καὶ
2470 4200 2795 4271 βαδίζουσιν,
2825 4203 2935 4259 οὐδ’
2947 4204 3093 4260 ’ἔνθα
3116 4205 3182 4260 ἀν
3212 4207 3453 4277 φανῶσιν
3470 4250 3486 4273 ,
3515 4209 3633 4264 ἐκεῖ

2055 4283 2150 4336 καὶ
2173 4282 2264 4335 τὸν
2294 4285 2448 4338 ὑετὸν
2492 4287 2746 4354 ἀφιᾶσιν,
2780 4287 2915 4341 ἀλλά
2953 4288 3124 4342 πολλά
3159 4290 3419 4356 πολλάκις
3452 4307 3632 4365 παρα-

2055 4365 2332 4437 δραμόντα
2364 4369 2540 4441 χωρία
2569 4370 2803 4442 ἀλλαχοῦ
2835 4371 2926 4427 τὸν
2961 4373 3116 4426 ὑετὸν
3153 4374 3506 4444 ἐργάζονται,
3536 4376 3631 4432 καὶ

2055 4449 2238 4514 πόλεις
2264 4452 2358 4505 καὶ
2380 4451 2506 4525 ἔθνη
2532 4454 2914 4524 παρελθοῦσαι.
2939 4457 3014 4509 υὺ
3038 4455 3195 4510 τοῦτο
3212 4458 3391 4513 τοίνυν
3418 4459 3478 4514 τὸ
3503 4460 3633 4515 θαυ-

2058 4533 2261 4603 μαστὸν
2293 4535 2472 4605 μόνον,
2504 4537 2585 4589 ὅτι
2614 4538 2927 4607 ἀνάγονται,
2960 4537 3075 4593 ἀλλ’
3095 4541 3176 4594 ὅτι
3212 4542 3306 4594 καὶ
3353 4541 3630 4613 βαδίζουσι

2055 4615 2305 4689 καθάπερ
2335 4620 2391 4671 ὲν
2426 4619 2715 4691 ὑπερῴοις,
2749 4621 2909 4692 ὄγκον
2933 4622 3194 4694 φέρουσαι
3216 4623 3482 4681 τοσούτων
3506 4627 3631 4684 ύδάο

2053 4717 2160 4752 των
2167 4741 2179 4753 .

2121 4783 2538 4852 γ’.Ἀστραπὰς
2554 4787 2642 4852 είς
2656 4785 2837 4840 ὑετὸν
2850 4788 3307 4863 ἐποίησεν.’⁹ορα
3326 4792 3631 4865 παράδοξον

2052 4865 2246 4937 ἕτερον
2284 4867 2466 4931 πάλιν,
2500 4869 2592 4922 καὶ
2626 4870 2872 4934 ἐναντίας
2911 4873 3102 4941 φύσεις
3146 4874 3448 4941 συνιούσας.
3492 4879 3630 4933 Ούτε

2053 4950 2161 5019 γὰρ
2188 4951 2476 5035 ἀστραπῆς
2510 4970 2562 5005 τι
2592 4954 3021 5027 πυρωδέστερον,
3047 4957 3168 5012 οὐτε
3190 4960 3397 5016 ὑδάτων
3429 4962 3632 5035 ψυχρό-

2052 5049 2229 5103 τερον,
2276 5033 2392 5086 ἀλλ’
2431 5035 3019 5111 ὃμωςοάναμίγνυνται
3054 5034 3243 5101 αὗται.
3282 5045 3376 5097 καὶ
3413 5046 3473 5098 οὐ
3503 5033 3630 5115 συγ-

2053 5115 2289 5186 χέονται.
2317 5116 2435 5169 οὐδὲ
2466 5117 2843 5187 κεράννυνται,
2873 5121 3009 5174 ἀλλά
3054 5125 3181 5187 τοὺς
3222 5127 3457 5191 οἰκείους
3502 5130 3632 5183 ἑκά-

2056 5215 2153 5268 στη
2175 5198 2417 5269 διατηρεῖ
2437 5201 2617 5270 ὅρους.
2639 5202 2817 5259 Μένον
2850 5203 2959 5274 γὰρ
2988 5206 3047 5258 τὸ
3082 5207 3190 5278 πῦρ
3230 5210 3287 5261 ἐν
3333 5209 3410 5281 τῷ
3455 5209 3626 5278 ὕδατι,

2119 5291 2253 5352 ἕκαὶ
2273 5290 2567 5352 θαυμάζοντα
2588 5293 2735 5341 ὀρθαὶ
2754 5295 2805 5342 in
2829 5293 2975 5346 Savil.

2117 5349 2143 5386 h
2170 5350 2266 5399 Alii
2291 5349 2496 5400 ἐντεῦθεν
2521 5353 2654 5410 δηλοῖ
2679 5355 2768 5403 ὅτι.

2120 5412 2133 5449 i
2169 5412 2424 5479 §ic__Sav_i!.
2471 5413 2824 5479 Hyagnin}

2120 5435 2133 5449 ι
2169 5435 2253 5460 an;
2274 5435 2424 5461 nam.
2471 5435 2733 5463 murenam!
2755 5435 2824 5479 τῳ
2847 5435 2904 5466 αε
2934 5436 2966 5467 ι.

2118 5478 2131 5521 ﬁ
2165 5474 2313 5522 Savil.
2340 5474 2474 5530 εἶδες.
2515 5475 2684 5525 Morel.
2726 5478 2841 5535 ῐδες.
2884 5435 3039 5530 Ιξαυιο
3062 5489 3173 5544 post
3195 5483 3367 5534 Morel.
3392 5486 3473 5535 καὶ
3511 5486 3630 5535 ἄλλο

2118 5535 2166 5582 σὶ
2199 5535 2486 5582 θαυμαστόν.

2051 5536 2166 5597 φησὶ
2199 5536 2486 5596 θαυμαστόν.
3062 5536 3075 5544 ’

2053 5596 2247 5671 ..ἣξεις
2268 5596 2554 5671 ξηίλξζιεθς.
2584 5611 2703 5671 voto
2736 5601 2946 5671 doeranl
2977 5604 3028 5662 ἢ,
3064 5603 3170 5654 Ἀπ’
3195 5607 3353 5671 ἄκρων
3378 5610 3633 5671 τῇςγῆςὶῐι

2053 5657 2238 5733 Moore};
2273 5656 2400 5733 μήτε
2422 5660 2576 5733 δεινῇ.
2618 5661 2889 5733 Ιεεειεᾲυω
2910 5656 3077 5733 φυῖοι
3099 5656 3511 5733 ,παραδραμοῦῶ

2052 5720 2147 5783 ρία·
2180 5719 2246 5783 ita
2266 5725 2404 5768 certe
2424 5723 2624 5770 omnino
2651 5719 3010 5776 résliluendinm
3037 5719 3239 5778 videtu'r.
3264 5719 3362 5782 Sea
3381 5733 3489 5781 sine
3512 5719 3629 5781 ῐὶἱεε.

2055 5782 2344 5835 auctoritate
2367 5794 2462 5831 non
2485 5784 2737 5833 audemus.
