4112 6342
521 352 627 410 559

515 481 664 523 sitam
693 463 1102 536 possessionem.
1133 461 1321 518 Vidisti
1345 459 1611 531 quomodo
1639 459 1936 514 ostenderit
1976 458 2093 528 ejus

517 557 941 613 humanitatem?
970 565 1024 612 et
1045 555 1165 614 ideo
1191 555 1448 623 incipiens
1473 553 1626 619 dixit,
1659 551 1885 606 Laudate
1914 551 2094 605 Domi-

514 665 655 715 num,
702 649 819 718 quia
850 648 1004 702 bonus
1048 654 1122 699 est
1160 645 1424 698 Dominus.
1481 644 1532 697 5.
1585 643 1716 709 Quia
1748 659 1836 712 ego
1862 642 2090 712 cognovi,

514 741 645 811 quod
673 755 882 810 ntagnus
909 748 979 792 est
1007 735 1274 790 Dominus.
1304 735 1440 790 Ecce
1459 735 1622 788 'aliam
1649 733 1801 787 affert
1845 732 2092 786 laudandi

516 848 747 889 causam.
792 832 882 886 Dic
920 831 1056 885 mihi
1102 839 1300 895 autem,
1347 843 1474 900 rogo
1507 844 1521 882 :
1555 836 1609 882 tu
1635 825 1797 894 nosti,
1838 826 1926 880 alii
1963 840 2093 880 vero

517 939 620 980 non
650 923 878 978 norunt?
904 921 1112 976 Norunt
1142 920 1377 990 quidem,
1409 919 1502 972 sed
1531 933 1636 972 non
1663 919 1733 972 ita
1767 925 1826 971 ut
1851 931 1971 986 ego.
1997 917 2094 970 Est

514 1015 654 1070 enim
703 1013 933 1068 maxime
981 1021 1306 1075 sanctorum,
1366 1019 1420 1064 et
1465 1024 1648 1064 eorum
1691 1009 1781 1079 qui
1803 1008 2088 1078 plurimum

509 1105 884 1169 ascenderunt,
912 1105 1214 1160 accuratius
1241 1103 1356 1170 ejus
1379 1115 1705 1171 cognoscere
1733 1101 2086 1169 maiestatem,

508 1211 616 1253 non
637 1197 849 1267 quidem
880 1196 1178 1250 universam
1209 1193 1228 1263 (
1257 1194 1358 1247 hoc
1385 1192 1526 1246 enim
1553 1191 1665 1246 fieri
1700 1206 1804 1246 non
1822 1192 2086 1262 .potest‘),

512 1287 604 1342 sed
632 1288 872 1357 apertius
900 1301 1056 1355 quam
1085 1285 1194 1338 alii.
1226 1282 1294 1336 Et
1327 1281 1471 1336 Deus
1514 1291 1683 1336 noster
1711 1299 1818 1352 pra:
1851 1281 2088 1335 omnibus

511 1379 626 1432 diis.
655 1380 810 1442 Ecce,
840 1378 1066 1448 inquies,
1093 1377 1182 1447 qui
1214 1377 1334 1429 dicit
1365 1391 1608 1445 magnum
1639 1389 1757 1428 esse
1785 1375 2084 1439 Dominum,

505 1487 561 1532 et
600 1485 658 1524 se
684 1469 739 1524 id
771 1469 1003 1532 novisse,
1034 1469 1326 1536 procedens
1347 1468 1396 1522 ei
1421 1466 1560 1535 quod
1588 1466 1798 1519 dixerat
1830 1465 2082 1527 detrahit,

501 1570 559 1616 et
582 1577 702 1616 eum
747 1559 955 1614 confert
999 1575 1122 1614 cum
1150 1560 1267 1613 aliis
1288 1601 1300 1622 ,
1330 1568 1381 1611 et
1422 1573 1515 1627 per
1557 1556 2006 1624 comparationem
2038 1557 2085 1608 ei

507 1653 872 1711 excellentiam
901 1652 1102 1706 tribuit.
1130 1651 1494 1720 Nequaquam,
1521 1649 1710 1718 inquit,
1735 1648 1827 1702 sed
1854 1657 1978 1702 tunc
2010 1647 2086 1700 In-

505 1743 766 1814 quehatur
787 1743 988 1797 habens
1014 1743 1271 1796 rationem
1293 1756 1498 1808 eorum,
1517 1741 1604 1810 qui
1626 1739 1930 1806 audiebant,
1956 1754 2087 1808 pau-

506 1835 652 1888 latim
675 1851 772 1891 eos
799 1834 866 1890 ad
897 1835 948 1890 id
989 1835 1273 1890 deducens.
1297 1833 1476 1903 Neque
1503 1832 1644 1887 enim
1672 1832 1775 1887 hoc
1798 1831 2086 1888 admodum

506 1941 754 1996 magnum
795 1942 915 1982 eum
946 1925 1199 1992 ostendit,
1244 1925 1386 1996 quod
1413 1925 1619 1979 dicatur
1649 1924 1789 1979 Deus
1825 1937 1946 1978 esse
1973 1937 2087 1975 ma-

507 2018 667 2086 jor,et
693 2031 912 2087 magnus
941 2031 1049 2086 pra:
1075 2016 1178 2070 illis
1207 2033 1220 2069 :
1255 2015 1371 2080 sed,
1399 2015 1536 2069 sicut
1560 2014 1690 2076 dixi,
1717 2013 1932 2083 adaptat
1964 2026 2086 2065 ora-

508 2109 705 2164 tionem
748 2108 1031 2162 humilitati
1073 2107 1400 2173 auditorum,
1443 2122 1536 2162 eos
1575 2106 1826 2176 paulatim
1841 2105 2078 2175 erigens.

507 2200 650 2256 Bene
683 2203 824 2256 enim
853 2211 978 2256 tunc
1002 2217 1126 2257 cum
1171 2201 1251 2256 eis
1293 2202 1568 2272 agebatur,
1621 2202 1763 2272 quod
1793 2199 1910 2255 haec
1933 2199 2086 2254 audi-

505 2293 726 2358 vissent,
755 2303 806 2346 et
836 2308 1087 2362 persuasa
1115 2294 1394 2348 haberent.

574 2382 629 2437 2.
704 2385 855 2452 Quod
879 2385 1024 2440 enim
1054 2400 1239 2440 omnes
1279 2386 1410 2439 citra
1437 2384 1597 2440 ullam
1633 2384 2082 2455 comparationem

506 2486 756 2544 superet,
798 2477 1031 2531 ostendit
1074 2493 1168 2545 per
1205 2492 1271 2533 ea
1323 2493 1442 2549 qua:
1485 2487 1806 2548 sequuntur,
1854 2477 2082 2532 afferens

506 2569 792 2622 maximum
840 2578 1204 2638 argumentum
1235 2568 1349 2638 ejus
1394 2571 1675 2638 potentiae,
1706 2579 1760 2623 et
1795 2566 2084 2623 ostendens

507 2672 564 2714 se
591 2659 766 2730 priora
794 2658 998 2715 dixisse
1043 2668 1256 2729 propter
1284 2660 1697 2715 imbecillitatem
1726 2661 2029 2715 auditorum
2063 2678 2077 2713 :

506 2759 560 2805 et
587 2749 707 2806 ideo
732 2750 942 2821 quando
966 2760 1165 2806 tantum
1197 2753 1465 2819 enuntiat,
1500 2764 1664 2820 parva
1692 2746 2084 2819 dicit;quando

507 2853 681 2899 autem
708 2843 1018 2909 conlinunt,
1047 2854 1102 2900 et
1144 2845 1505 2911 demonstrat,
1556 2855 1612 2899 et
1639 2843 1759 2913 ejus
1786 2845 2085 2914 majestatis

507 2937 659 2992 aﬂ'ert
686 2937 1072 3006 probationem,
1119 2952 1303 3008 magna
1333 2938 1547 3006 profert.
1582 2937 1720 3002 Quid
1742 2949 1870 3004 ergo
1895 2947 2084 3006 postea

507 3029 737 3094 adducit,
754 3030 892 3099 quod
920 3030 990 3083 sit
1019 3044 1083 3085 eo
1103 3029 1317 3100 dignum
1340 3038 1416 3095 ,et
1442 3029 1584 3097 quod
1624 3031 1693 3083 sit
1719 3028 1808 3081 Dei
1830 3026 2087 3085 tantum?

509 3121 640 3177 Vide
685 3122 992 3192 :subjungit
1026 3124 1208 3178 enim:
1256 3121 1308 3176 6.
1340 3121 1522 3175 Omnia
1566 3137 1881 3190 quwcumque
1914 3121 2081 3175 voluit

507 3215 788 3284 Dominus,
817 3216 930 3285 fecit
959 3215 1016 3268 in
1054 3213 1178 3268 caelo
1231 3224 1275 3268 et
1303 3215 1356 3267 in
1399 3225 1560 3277 terra,
1588 3230 1638 3266 ιη
1676 3212 1894 3266 maribus
1944 3221 1992 3265 et
2027 3213 2081 3266 in

506 3306 732 3360 omnibus
776 3306 985 3376 abyssis.
1015 3305 1201 3360 Vidisti
1239 3305 1523 3375 potentiam
1566 3304 1648 3358 cui
1686 3302 1818 3357 nihil
1863 3305 2081 3358 omnino

505 3398 706 3453 deest?
746 3398 919 3452 vidisti
946 3397 1144 3452 fontem
1170 3396 1335 3451 vitae?
1379 3395 1555 3450 vidisti
1596 3395 2082 3465 viresinexpugna-

506 3489 641 3543 biles
664 3488 688 3542 ’ἶ
705 3489 882 3542 vidisti
909 3487 1278 3542 excellentiam
1310 3485 1526 3540 omnino
1566 3485 2030 3554 incomparabilem
2057 3485 2082 3538 ?

505 3580 676 3632 vidisti
700 3587 1010 3648 potestatem
1037 3593 1153 3650 quae
1174 3578 1319 3632 nullo
1348 3576 1504 3631 modo
1531 3577 1877 3646 prohibetur?
1907 3577 2082 3631 vidisti

505 3672 554 3725 ci
579 3671 752 3724 omnia
781 3671 1022 3740 expedita
1049 3679 1102 3725 et
1127 3669 1337 3726 facilia?
1366 3668 1549 3724 Omnia
1573 3669 1736 3733 enim,
1756 3669 2083 3739 inquit,quaz-

506 3777 714 3831 cumque
752 3761 903 3814 voluit
929 3761 1059 3830 fecit.
1093 3760 1206 3828 Dic,
1233 3760 1481 3815 ubinam?
1518 3761 1585 3814 In
1611 3760 1734 3813 cwlo
1769 3768 1814 3812 et
1843 3759 1894 3812 in
1926 3768 2079 3812 terra.

507 3852 619 3906 lloc
642 3863 725 3906 est
752 3868 854 3906 non
873 3852 962 3907 hic
980 3854 1171 3919 solum,
1195 3853 1288 3908 sed
1309 3853 1466 3908 etiam
1495 3853 1546 3907 in
1565 3852 1714 3907 caelo.
1736 3851 1851 3906 Non
1873 3852 1928 3905 in
1950 3852 2082 3906 caelo

508 3943 714 4010 solum,
754 3944 847 3997 sed
893 3943 1051 3997 etiam
1092 3944 1336 3998 interra.
1381 3943 1496 3997 Non
1521 3943 1757 3997 solumin
1785 3952 1945 4008 terra,
1988 3941 2083 3997 sed

508 4037 666 4092 etiam
715 4034 784 4090 1η
813 4037 1064 4101 maribus,
1096 4045 1142 4089 et
1171 4036 1223 4088 in
1248 4036 1475 4090 mnibus
1513 4034 1704 4105 abyssis
1723 4071 1738 4087 .
1784 4035 1886 4089 Per
1921 4034 2082 4104 abys-

507 4143 624 4182 sum
640 4129 780 4184 enim
813 4129 936 4183 dicit
955 4143 1073 4199 qua:
1097 4138 1221 4183 sunt
1239 4127 1374 4182 infra
1401 4136 1618 4195 terram,
1639 4128 2082 4198 quemadmodum

507 4219 796 4285 dieendoJ
805 4237 836 4273 η
855 4221 1071 4287 creto,ea
1096 4235 1213 4289 qum
1242 4227 1364 4274 sunt
1385 4234 1545 4288 super
1579 4219 1758 4274 caelos.
1785 4219 1935 4274 Unde
1954 4234 2074 4274 cum

512 4322 589 4366 tot
613 4321 666 4367 et
689 4320 828 4367 tanta
858 4314 994 4378 sint,
1027 4311 1270 4366 voluntas
1290 4311 1404 4381 ejus
1417 4326 1746 4381 nequaquam
1778 4309 2079 4379 impeditur,

511 4403 604 4458 sed
631 4405 804 4458 omnia
827 4402 1094 4474 pervadit,
1114 4401 1321 4472 etquod
1340 4410 1420 4455 est
1441 4401 1772 4466 admirabile,
1803 4401 1848 4455 is
1869 4442 1884 4466 ,
1907 4403 1993 4470 qui
2020 4415 2082 4454 ea

510 4494 661 4558 fecit,
694 4494 840 4548 nullo
886 4494 1130 4564 negotio,
1162 4492 1244 4548 vel
1273 4491 1489 4556 labore,
1519 4507 1623 4546 non
1662 4491 1843 4562 jussu,
1870 4491 1963 4546 sed
1994 4505 2085 4545 vo-

510 4586 713 4640 luntate
738 4586 894 4640 fecit:
920 4585 1090 4641 solum
1115 4585 1257 4638 enim
1284 4584 1477 4649 voluit,
1502 4593 1556 4637 et
1583 4597 1716 4652 opus
1739 4583 1914 4638 statim
1957 4596 2085 4635 con-

512 4689 792 4746 sequutum
835 4686 934 4731 est.
1007 4677 1190 4731 Vidisti
1247 4675 1512 4746 quomodo
1578 4675 1869 4730 ostenderit
1925 4691 2084 4746 quam

514 4769 684 4824 facilia
715 4786 776 4823 ac
799 4771 1011 4838 copiosa
1034 4769 1224 4824 fuerint
1249 4770 1364 4838 ejus
1385 4783 1576 4838 opera,
1604 4778 1659 4823 et
1676 4769 1944 4838 quomodo
1970 4769 2087 4837 ejus

516 4870 748 4928 potestas
791 4860 1052 4928 prohiberi
1097 4878 1202 4915 non
1256 4863 1501 4931 poterat?
1532 4860 1731 4916 Deinde
1766 4861 1981 4916 mittens
2009 4861 2088 4914 die

520 4970 644 5010 cere
673 4955 738 5008 de
765 4955 898 5009 caelo
937 4967 989 5010 et
1020 4965 1158 5011 terra
1209 4966 1264 5011 et
1315 4957 1468 5022 mari,
1500 4956 1655 5011 affert
1703 4971 1764 5011 ea
1818 4972 1936 5027 qua:
1966 4966 2090 5010 sunt

519 5048 570 5100 in
616 5046 728 5111 eis,
788 5045 879 5098 sed
930 5061 1027 5100 nec
1081 5049 1256 5100 omnia
1305 5048 1518 5116 quidem
1561 5063 1679 5117 qua:
1725 5055 1850 5102 sunt
1899 5047 1950 5100 in
1987 5048 2085 5110 eis,

518 5139 609 5197 sed
633 5154 754 5193 cum
785 5141 1207 5208 prietcrmisisset
1232 5156 1293 5193 ea
1315 5156 1432 5209 qua:
1453 5149 1572 5194 sunt
1599 5141 1652 5194 in
1673 5139 1826 5208 cudo,
1844 5139 1942 5194 etsi
1969 5149 2092 5193 sunt

517 5230 928 5295 ndmirabiliora,
961 5230 1086 5285 dicit
1128 5246 1189 5286 ea
1217 5248 1332 5300 quae
1371 5241 1493 5286 sunt
1542 5233 1679 5286 circa
1724 5232 1933 5290 cadum.
1978 5232 2090 5300 Qua

517 5322 584 5376 de
633 5321 724 5376 re?
770 5321 1028 5389 Quoniam
1078 5321 1162 5375 illa
1212 5321 1446 5392 quidem,
1497 5323 1595 5378 etsi
1647 5339 1835 5393 magna
1875 5333 2089 5389 essent,

517 5421 670 5467 erant
723 5421 898 5466 tamen
929 5411 1107 5466 multis
1137 5414 1356 5483 ignota:
1396 5413 1512 5468 haec
1554 5424 1768 5480 autem,
1815 5417 1944 5470 licet
1991 5417 2093 5470 mi-

520 5520 665 5565 nora,
697 5505 1050 5560 cernebantur
1080 5515 1274 5570 tamen,
1323 5515 1379 5561 et
1418 5521 1604 5561 omnes
1653 5507 1920 5564 habebant
1969 5525 2094 5579 spe-

520 5606 770 5651 ctatores.
798 5595 930 5662 Quia
956 5611 1082 5665 ergo
1106 5597 1267 5652 verba
1293 5596 1517 5652 faciebat
1544 5598 1682 5668 apud
1712 5599 1973 5665 homines,
2007 5601 2097 5669 qui

584 5713 614 5780 _'_
636 5718 736 5760 nuo
759 5717 891 5780 Mss"
910 5709 1000 5780 hoc
1021 5709 1147 5760 enim
1167 5709 1433 5764 absurdum
1452 5720 1522 5766 est
1535 5727 1554 5778 ;
1577 5727 1688 5779 quae
1718 5716 1916 5780 quidem
1938 5721 2099 5771 venio

518 5772 700 5828 optime
722 5773 920 5837 munirat
943 5772 1001 5822 ad
1024 5785 1222 5824 seriem.

1608 343 1975 400 EXPOSITIO
2007 341 2078 398 IN
2119 341 2442 401 PSALMUM
2478 347 2768 405 CXXXIV.

3672 361 3783 420 390

2208 474 2314 513 non
2345 469 2549 515 tantum
2569 462 2671 518 fide
2695 463 3022 521 ducebantur
3041 467 3106 521 ad
3133 482 3195 523 ea
3225 471 3502 540 cogitanda
3527 489 3646 544 quae
3672 493 3779 534 non

2203 551 2551 620 apparebant,
2583 565 2836 624 quantum
2863 572 2928 612 ex
2975 558 3041 613 iis
3079 574 3198 628 quae
3242 563 3568 632 apparebant
3613 568 3780 624 veluti

2207 655 2365 694 manu
2391 641 2725 697 ducebantur
2755 661 2768 696 :
2801 646 2869 701 ab
2896 647 2964 701 iis
2985 648 3167 718 incipit
3199 658 3379 706 texere
3406 655 3696 712 orationem
3725 667 3781 713 et

2201 732 2520 798 doctrinam,
2555 735 2693 803 quod
2720 737 2834 790 aliis
2885 739 3179 795 faciendum
3205 743 3394 800 suadet
3423 745 3523 800 hoc
3567 756 3620 802 et
3662 749 3776 818 ipse

2200 821 2419 878 fiiciens.
2446 827 2722 893 Quodnam
2751 828 2882 883 hoc?
2929 831 3089 885 Deum
3130 849 3194 886 ex
3235 835 3350 902 ejus
3378 839 3627 906 operibus
3659 840 3775 895 Iau-

2197 913 2344 981 dare,
2377 933 2498 971 eum
2527 920 2616 988 qui
2662 920 2865 988 singula
2905 922 3018 991 ejus
3057 939 3216 993 opera
3244 925 3527 995 didicerit,
3570 931 3775 1002 ipsique

2198 1020 2295 1073 pro
2316 1006 2537 1076 singulis
2561 1010 2783 1078 gloriam
2813 1012 3029 1066 referre.
3055 1015 3186 1080 Quia
3215 1019 3354 1071 enim
3378 1021 3445 1072 ad
3484 1037 3604 1076 eum
3656 1024 3772 1076 lau-

2196 1093 2426 1150 dandum
2457 1098 2767 1166 adhortans,
2808 1103 3020 1159 assidue
3047 1104 3257 1160 dicebat
3286 1124 3299 1161 :
3330 1107 3560 1164 Laudato
3591 1129 3772 1168 nomen

2196 1185 2424 1255 Domini,
2446 1190 2669 1258 laudate,
2691 1194 2840 1259 servi,
2865 1194 3135 1250 Dominum
3163 1213 3182 1251 :
3207 1200 3438 1255 ostendit
3455 1202 3614 1258 etiam
3639 1221 3773 1274 quo-

2196 1278 2357 1332 modo
2385 1279 2600 1336 laudare
2629 1292 2890 1350 oporteat,
2919 1287 3286 1356 persequendo
3311 1290 3616 1346 universum
3647 1307 3767 1347 cor-

2193 1383 2293 1437 pus
2333 1381 2611 1439 creaturm,
2641 1374 2934 1443 laudando,
2966 1389 3019 1431 et
3044 1378 3357 1435 admirando
3381 1383 3396 1413 ⁸
3423 1384 3768 1452 sapientiam,

2197 1460 2604 1528 providentiam,
2641 1467 2952 1532 potentiam,
2990 1482 3192 1522 curam.
3220 1470 3352 1525 Hinc
3379 1470 3632 1529 discimus
3662 1487 3772 1528 non

2192 1568 2312 1607 esse
2344 1554 2443 1609 hoc
2464 1557 2634 1610 solum
2667 1568 2902 1612 nostrum
2933 1576 3096 1623 mare,
3125 1561 3220 1617 sed
3251 1565 3414 1618 multa
3459 1575 3514 1620 et
3535 1565 3766 1632 diversa,
3809 1620 3813 1622 ν

2191 1656 2244 1698 et
2267 1645 2462 1699 inﬁnita
2492 1650 2678 1701 maria.
2714 1650 2853 1704 Dixit
2883 1653 3020 1704 enim
3043 1694 3056 1716 ,
3098 1652 3164 1706 In
3193 1658 3416 1710 maribus
3459 1666 3504 1711 et
3537 1658 3768 1713 omnibus

2189 1734 2402 1804 abyssis.
2433 1735 2682 1807 Caspium
2705 1742 2866 1799 enim.
2887 1751 2940 1795 et
2959 1742 3193 1798 Indicum
3209 1754 3263 1798 et
3288 1745 3524 1800 Rubrum
3554 1757 3678 1802 sunt
3700 1750 3768 1802 ab

2189 1824 2291 1880 hoc
2321 1827 2498 1892 utique
2525 1827 2808 1897 disjuncta,
2842 1843 2895 1884 et
2920 1831 3161 1888 Oceanus
3185 1836 3274 1904 qui
3300 1836 3472 1891 ambit
3501 1841 3765 1896 extrinse-

2187 1932 2304 1971 cus.
2334 1917 2384 1970 7.
2417 1916 2652 1972 Educeus
2677 1921 2830 1974 nubes
2857 1922 2918 1974 ab
2939 1927 3156 1977 extremo
3181 1935 3342 1980 terrm.
3374 1928 3542 1994 Alius,
3561 1929 3765 1986 Sustol-

2188 2006 2314 2061 lens.
2341 2008 2510 2073 Alius,
2541 2010 2761 2063 Aura/iit
2789 2010 2850 2064 ab
2867 2015 3100 2066 extremis
3125 2015 3328 2082 ﬁnibus.
3358 2017 3527 2087 Alius,
3567 2021 3614 2074 Α
3640 2023 3764 2090 ﬁni-

2188 2099 2280 2151 bus
2311 2097 2406 2168 (a).
2429 2099 2544 2154 lloc
2568 2102 2724 2155 etiam
2755 2101 2806 2155 in
2831 2103 2932 2157 .lob
2959 2102 3157 2158 dictum
3187 2113 3268 2160 est
3289 2125 3301 2160 :
3325 2105 3553 2179 Alligans
3580 2126 3765 2180 aquam

2185 2191 2240 2244 in
2271 2191 2487 2247 nubibus
2514 2194 2618 2248 suis
2663 2193 2807 2259 (Job.
2837 2195 2926 2249 ‘26.
2968 2196 3045 2263 8).
3078 2197 3146 2250 Et
3185 2196 3433 2254 Salomon
3457 2218 3474 2255 :
3497 2199 3765 2260 Continens

2183 2299 2370 2351 aquam
2405 2284 2458 2337 in
2505 2285 2791 2339 vestimento
2815 2285 3012 2356 (Prov.
3042 2287 3130 2342 50.
3164 2287 3257 2359 4).
3303 2290 3397 2344 Hic
3436 2302 3612 2347 autem
3655 2310 3760 2350 non

2187 2373 2289 2428 hoc
2331 2374 2480 2440 dicit,
2525 2375 2626 2431 sed
2674 2376 2817 2431 aliud
2847 2378 3110 2432 mirabile.
3143 2379 3446 2445 Quidnam?
3485 2385 3637 2452 Quod
3671 2403 3765 2442 aer

2187 2477 2309 2517 cum
2337 2466 2572 2520 crassior
2610 2466 2791 2532 fuerit,
2833 2481 3046 2520 sursum
3110 2468 3280 2524 fertur
3333 2481 3386 2526 et
3437 2478 3758 2532 transmitti-

2187 2561 2292 2619 tur,
2341 2565 2395 2610 et
2419 2556 2660 2611 ascendit
2685 2558 2736 2611 id
2765 2558 2905 2628 quod
2930 2573 3090 2628 grave
3114 2567 3230 2627 est,
3259 2562 3342 2616 via
3381 2569 3644 2621 contraria
3676 2570 3762 2624 in.

2184 2643 2448 2710 grediens.
2480 2645 2806 2702 Admirabile
2829 2656 3006 2702 autem
3035 2659 3116 2704 est
3143 2651 3281 2719 quod
3307 2667 3440 2723 aqua
3465 2655 3518 2708 in
3543 2671 3608 2711 eo
3630 2672 3764 2712 con-

2187 2734 2420 2790 tineatur
2448 2751 2463 2790 :
2494 2736 2588 2791 sed
2637 2737 2806 2792 multo
2845 2738 3231 2806 admirabilius,
3261 2744 3398 2812 quod
3431 2745 3483 2799 in
3523 2761 3588 2800 eo
3620 2749 3764 2817 quod

2185 2824 2302 2879 leve
2347 2832 2434 2880 est
2478 2834 2729 2882 contenta
2777 2829 3021 2896 feratur:
3057 2841 3112 2887 et
3155 2833 3334 2888 adhuc
3361 2835 3762 2905 admirabilius,

2185 2913 2325 2980 quod
2355 2929 2492 2984 aqua
2532 2932 2650 2983 qua:
2677 2917 2732 2971 in
2772 2917 2865 2972 illo
2891 2934 3014 2974 aere
3049 2923 3391 2988 continetur,
3423 2936 3700 2995 postquam
3731 2943 3765 2982 e

2185 3002 2326 3058 nube
2353 3003 2637 3072 effluxerit,
2684 3006 2752 3061 ab
2776 3021 2902 3063 aere
2927 3009 3014 3078 qui
3057 3013 3296 3080 sequitur
3319 3053 3334 3077 ,
3384 3028 3489 3067 non
3535 3015 3764 3083 amplius

2189 3096 2539 3160 contineatur,
2567 3096 2660 3152 sed
2690 3099 2922 3168 undique
2949 3100 3174 3168 diffluat,
3197 3111 3252 3158 et
3293 3104 3344 3157 in
3377 3113 3572 3159 terram
3612 3105 3764 3161 defe-

2185 3193 2352 3240 ratur.
2379 3187 2540 3258 Atqui
2587 3187 2632 3240 si
2663 3202 2725 3242 ea
2751 3191 3116 3246 contineretur
3141 3209 3205 3246 ex
3245 3203 3427 3248 natura
3447 3235 3464 3260 ,
3493 3205 3764 3265 oporteret

2183 3291 2300 3331 eam
2328 3278 2485 3331 etiam
2515 3278 2775 3335 contineri
2801 3281 2854 3334 in
2883 3295 3028 3338 aere.
3054 3283 3509 3351 Quemadmodum
3535 3288 3676 3343 enim
3715 3290 3763 3343 si

2183 3370 2302 3438 quis
2322 3377 2490 3424 utrem
2513 3371 2564 3424 in
2583 3386 2760 3425 aerem
2772 3373 2919 3428 abire
2931 3374 3150 3441 sineret,
3167 3391 3302 3446 aqua
3320 3377 3554 3448 plenum,
3569 3380 3763 3436 deinde

2186 3459 2413 3514 ferretur
2431 3461 2498 3516 ab
2510 3476 2653 3528 aere,
2668 3461 2895 3518 ferretur
2909 3466 3068 3533 etiam
3086 3483 3217 3537 aqua
3240 3483 3358 3539 quae
3373 3469 3516 3526 intus
3525 3473 3764 3527 contine-

2185 3557 2291 3613 tur,
2309 3550 2353 3602 si
2371 3549 2664 3606 effluxisset
2692 3552 2759 3606 ab
2783 3564 2900 3609 utre
2929 3571 2942 3608 :
2975 3555 3047 3610 ita
3077 3569 3491 3615 consentaneum
3519 3572 3659 3616 esset
3675 3563 3763 3617 hic

2184 3657 2397 3714 quoque
2414 3645 2546 3700 ﬁeri.
2565 3645 2668 3701 Sed
2685 3647 2804 3718 quia
2817 3657 3005 3704 cuncta
3023 3667 3184 3719 opera
3203 3661 3326 3706 sunt
3339 3653 3689 3718 admirabilia,
3709 3665 3766 3711 et

2185 3743 2440 3804 superant
2463 3737 2790 3806 Opinionem,
2819 3753 2976 3809 supra
3005 3757 3180 3795 rerum
3211 3743 3450 3797 ordinem
3501 3755 3556 3799 et
3594 3747 3762 3801 ratio-

2185 3840 2308 3879 nem
2340 3840 2552 3881 omnem
2599 3826 2730 3881 fiunt
2776 3828 2891 3884 bare
2926 3831 3122 3884 omnia.
3147 3832 3297 3898 Quod
3327 3835 3468 3888 enim
3511 3835 3561 3888 in
3607 3837 3764 3892 nubis

2185 3932 2310 3972 aere
2335 3919 2657 3986 continetur,
2689 3935 2795 3973 non
2812 3921 3118 3976 continetur
3145 3923 3198 3976 in
3227 3937 3348 3978 aere
3369 3927 3456 3994 qui
3478 3927 3764 3998 consequi-

2187 4017 2292 4062 tur.
2326 4008 2514 4063 Vidisti
2562 4025 2675 4063 rem
2722 4010 3126 4077 admirabilem,
3177 4022 3231 4068 et
3277 4015 3586 4085 quomodo,
3621 4017 3764 4088 quod

2186 4102 2394 4156 ueteris
2423 4101 2630 4156 videtur
2659 4117 2778 4158 esse
2821 4103 3030 4168 minus,
3073 4105 3126 4158 id
3164 4121 3284 4160 cum
3315 4105 3511 4176 posuit,
3556 4107 3682 4165 fecit
3707 4118 3768 4166 ut

2189 4191 2258 4245 sit
2289 4190 2639 4246 admirabile?
2670 4191 2870 4247 Deinde
2895 4193 3129 4248 ostendit
3152 4196 3310 4250 etiam
3341 4198 3482 4251 aliud
3527 4197 3763 4254 admira-

2191 4281 2315 4348 bile,
2347 4283 2552 4344 dicens,
2585 4283 2659 4337 Ab
2689 4293 2912 4338 extremo
2946 4294 3125 4352 terra,
3157 4287 3273 4352 vel,
3305 4288 3349 4340 Α
3371 4303 3565 4343 summo
3594 4299 3764 4346 terra.

2187 4373 2302 4427 Non
2352 4375 2524 4429 solum
2563 4375 2706 4428 enim
2733 4375 3047 4441 ascendunt,
3076 4377 3170 4430 sed
3199 4378 3359 4432 etiam
3399 4378 3616 4446 vadunt,
3665 4396 3768 4437 nec

2187 4465 2276 4520 ubi
2322 4473 2715 4536 apparuerunt,
2761 4465 2868 4519 illic
2910 4467 3164 4520 emittunt
3202 4467 3470 4535 pluviam,
3510 4469 3603 4522 sed
3641 4483 3768 4526 cum

2189 4558 2353 4610 multa
2373 4571 2513 4625 saepe
2528 4556 2642 4610 loca
2661 4557 3143 4627 prmtereurrerint,
3164 4558 3287 4612 alibi
3312 4558 3506 4614 imbres
3535 4561 3767 4628 pariunt,

2192 4646 2492 4700 civitatibus
2520 4656 2574 4700 et
2600 4647 2845 4716 gentibus
2873 4648 3174 4715 praeteritis.
3221 4646 3337 4702 Non
3383 4659 3464 4703 est
3492 4664 3621 4720 ergo
3667 4651 3770 4707 hoc

2192 4737 2362 4792 solum
2389 4737 2651 4803 mirabile,
2697 4737 2836 4806 quod
2878 4737 3373 4802 sustolluntur,sed
3415 4741 3574 4795 etiam
3625 4742 3771 4811 quod

2193 4829 2445 4884 incedunt
2473 4841 2740 4898 tamquam
2769 4831 2822 4884 iu
2856 4829 3123 4896 tabulatis,
3147 4829 3378 4885 ferentes
3407 4840 3605 4887 tantam
3652 4849 3776 4889 mou

2193 4921 2297 4975 lem
2325 4936 2603 4989 aquarum.

2265 5016 2317 5070 5.
2351 5014 2488 5066 Mira
2514 5013 2868 5067 elementorum
2889 5014 3253 5068 contrariorum
3282 5015 3489 5081 mixtio;
3516 5026 3775 5072 ventorum

2193 5106 2496 5171 commoda;
2527 5106 2659 5160 venti
2697 5105 2946 5176 quomodo
2987 5106 3040 5160 in
3078 5107 3342 5162 thesauris.
3369 5137 3444 5150 -—~
3470 5107 3699 5178 Fulgura
3722 5111 3775 5164 in

2197 5201 2416 5271 pluviam
2457 5199 2592 5269 fecit.
2626 5198 2759 5254 Vide
2802 5213 2988 5253 rursus
3039 5199 3182 5254 aliud
3228 5199 3508 5266 mirabile,
3537 5200 3776 5256 diversas

2199 5301 2415 5346 naturas
2439 5290 2835 5346 convenientes.
2862 5289 3044 5361 Neque
3087 5291 3229 5345 enim
3273 5289 3481 5359 fulgure
3517 5300 3600 5346 est
3626 5292 3778 5361 quid-

2198 5399 2356 5454 quam
2385 5383 2550 5452 magis
2591 5383 2824 5452 igneum,
2865 5398 3037 5453 neque
3085 5384 3236 5453 aquis
3271 5392 3354 5438 est
3392 5383 3589 5453 aliquid
3633 5384 3751 5454 frigi

2201 5473 2350 5528 dius:
2385 5487 2446 5527 ea
2480 5482 2658 5528 tamen
2703 5472 3006 5536 miscentur,
3040 5487 3138 5527 nec
3156 5471 3574 5539 confunduntur,
3607 5490 3780 5544 neque

2201 5572 2682 5634 contemperautur,
2725 5563 2818 5618 sed
2863 5577 3191 5633 unaquaeque
3225 5573 3507 5619 conservat
3545 5577 3670 5619 suos
3717 5565 3781 5617 n-

2269 5721 2287 5751 ¹
2321 5723 2402 5768 tta:
2425 5730 2588 5773 voces.
2613 5723 2657 5766 et
2680 5715 2987 5774 admirando,
3005 5715 3182 5765 desunt
3203 5719 3252 5766 in
3276 5717 3418 5769 Savil.

2268 5781 2344 5842 (α)
2375 5781 2459 5839 Qui
2482 5783 2579 5830 sint
2600 5779 2648 5829 hi
2669 5779 2968 5841 interpretes
2989 5778 3253 5839 ignoratur.
