4112 6342
303 342 415 399 sat
821 417 828 422 ,

317 472 430 510 nes.
481 455 696 509 Manens
745 456 886 510 enim
937 455 1069 524 ignis
1115 455 1167 510 in
1212 471 1370 525 aqua,
1403 465 1458 510 et
1497 471 1630 524 aqua
1662 456 1716 510 in
1745 457 1888 526 igne,

315 562 486 614 neque
532 547 616 601 hic
658 546 799 600 illam
830 546 1133 612 exsiccavit,
1178 561 1277 600 nec
1313 546 1399 600 illa
1442 560 1564 600 eum
1611 547 1888 601 exstinxit.

312 639 470 708 Atqui
499 637 672 707 fulgur
709 646 792 692 est
825 637 943 707 igne
977 637 1136 690 solari
1181 637 1404 703 acutius,
1445 645 1500 691 et
1542 637 1888 704 splendidius,

312 737 364 782 et
402 743 467 784 eo
507 729 672 798 magis
707 736 881 794 secat,
921 742 985 781 ac
1015 726 1218 781 dividit.
1257 727 1314 780 ld
1357 735 1579 781 testatur
1608 727 1774 791 visus,
1801 728 1892 795 qui

314 835 438 873 cum
493 819 654 874 radiis
703 819 830 873 solis
873 817 1084 873 assidue
1125 819 1501 887 congreditur;
1548 818 1687 871 illius
1715 829 1892 873 autem

312 911 564 979 impetum
597 925 662 964 ne
692 910 948 965 tantillum
975 909 1186 980 quidem
1212 909 1354 964 ferre
1377 919 1570 978 potest.
1598 912 1661 964 Et
1688 911 1766 964 sol
1799 926 1892 980 per

313 1011 479 1056 totum
527 1003 666 1056 diem
705 1002 891 1056 exulum
933 1002 1229 1071 percurrit;
1271 1003 1398 1058 illud
1443 1013 1619 1057 autem
1669 1004 1890 1058 minimo

310 1102 582 1148 momento
609 1102 859 1162 temporis
905 1093 1210 1146 universum
1249 1093 1432 1147 orbem
1465 1102 1658 1147 terrm:
1699 1109 1889 1163 quem-

308 1183 592 1238 admodum
621 1180 863 1237 Christus
887 1196 1096 1250 quoque
1124 1188 1349 1235 testatur
1371 1182 1555 1236 dicens
1585 1201 1598 1235 :
1635 1183 1889 1248 Quemad-

311 1275 514 1328 modum
541 1278 714 1345 fulgur
737 1274 1070 1344 proﬁciscitur
1101 1273 1162 1326 ab
1189 1275 1393 1338 oriente,
1423 1284 1469 1328 et
1495 1286 1702 1345 apparet
1728 1292 1887 1344 usque

313 1367 379 1419 ad
408 1366 712 1420 occidentem
739 1364 948 1436 (Matth.
979 1364 1069 1419 24.
1100 1366 1211 1435 27).
1249 1365 1349 1432 Qui
1379 1366 1607 1434 producit
1635 1376 1803 1420 ventos
1827 1369 1889 1421 de

309 1458 553 1512 thesauris
589 1458 711 1511 suis.
763 1456 887 1510 Haec
933 1465 1016 1512 est
1062 1471 1249 1511 rursus
1296 1457 1394 1509 alia
1435 1466 1634 1511 naturre
1660 1459 1885 1526 species,

304 1565 425 1618 quae
465 1549 617 1602 nobis
650 1562 752 1601 non
780 1563 999 1617 parvum
1031 1562 1182 1601 usum
1206 1547 1446 1612 exhibet,
1474 1547 1565 1601 sed
1601 1557 1801 1601 tantum
1832 1557 1888 1601 ut

312 1644 432 1696 vitm
479 1651 674 1695 nostra:
720 1639 1004 1709 plurimum
1045 1638 1305 1706 conferat,
1347 1649 1401 1693 et
1437 1639 1620 1693 labore
1648 1639 1885 1693 confecta

305 1748 530 1802 corpora
557 1741 764 1787 recreet
785 1747 847 1788 ac
875 1731 1171 1803 refrigeret,
1203 1742 1256 1787 et
1280 1749 1459 1788 aerem
1490 1731 1688 1788 efﬁciat
1715 1734 1883 1788 levio-

311 1838 443 1876 rcm.
468 1822 580 1877 Hoc
612 1834 693 1877 est
715 1823 857 1878 enim
884 1838 1075 1876 munus
1095 1832 1395 1889 ventorum,
1425 1839 1601 1878 aerem
1628 1826 1886 1881 suscitare

304 1933 368 1972 ac
395 1917 670 1984 ventilare,
713 1933 800 1983 ne,
829 1919 872 1971 si
903 1919 972 1971 sit
1002 1918 1307 1982 immobilis,
1339 1932 1730 1989 corrumpatur,
1777 1919 1886 1975 fru-

305 2020 422 2065 ctus
457 2021 741 2074 maturare,
792 2027 1015 2081 corpora
1059 2012 1282 2066 nutrire.
1322 2011 1458 2079 Quid
1500 2027 1651 2077 vero,
1691 2013 1885 2067 dixvrit

304 2101 585 2171 quispiam,
614 2117 741 2156 usus
761 2117 948 2155 eorum
991 2103 1044 2155 in
1079 2101 1432 2172 navigatione,
1481 2111 1716 2172 tempora
1767 2104 1886 2172 qui-

302 2194 402 2248 bus
426 2201 574 2249 certo
611 2203 665 2249 et
700 2195 988 2248 constituto
1033 2194 1220 2249 ordine
1259 2194 1523 2259 oriuntur,
1567 2203 1622 2249 et
1656 2195 1755 2249 sibi
1803 2197 1883 2250 in.

302 2292 384 2338 ter
436 2299 498 2340 se
542 2286 773 2340 vicissim
816 2286 1031 2351 cedunt,
1076 2285 1129 2340 in
1166 2286 1300 2340 mari
1341 2285 1564 2341 choreas
1604 2287 1878 2353 ducentes,

302 2384 356 2429 et
380 2386 567 2431 nautas
597 2377 1062 2446 transportantcs?
1100 2376 1196 2431 llic
1231 2377 1373 2431 enim
1426 2378 1751 2442 transmittit,
1797 2379 1882 2433 ille

302 2482 431 2521 vero
475 2468 690 2536 exeipit,
717 2477 770 2521 et
793 2467 1085 2521 contrarias
1107 2468 1219 2522 vias
1261 2468 1630 2538 ingrediuntur
1651 2480 1705 2523 et
1727 2470 1879 2523 mini-

300 2568 494 2624 strant,
525 2569 579 2612 et
608 2575 776 2628 pugna
804 2573 986 2614 eorum
1016 2567 1100 2614 est
1120 2575 1305 2614 rursus
1335 2561 1455 2613 vitre
1486 2569 1679 2614 nostra:
1714 2561 1874 2615 utilis.

300 2653 414 2705 Alia
463 2652 738 2706 innumera
781 2652 881 2706 dici
927 2660 1146 2721 possent
1179 2662 1453 2706 ventorum
1482 2669 1721 2709 munera.
1757 2654 1880 2708 lltec

302 2751 475 2796 tamen
499 2743 676 2798 omnia
705 2741 961 2810 prephcta
984 2743 1411 2812 przetermittens,
1437 2752 1491 2798 et
1511 2743 1735 2799 auditori
1765 2745 1878 2799 col-

299 2832 506 2903 ligenda
555 2834 880 2903 relinquens.
931 2849 1114 2888 eorum
1156 2834 1514 2891 fabricationis
1570 2836 1874 2892 facilitatem

299 2924 553 2978 ostendit.
597 2924 726 2978 Nam
758 2924 899 2993 quod
927 2925 1076 2992 dixit,
1110 2925 1191 2980 Ea:
1219 2927 1463 2982 thesauris
1485 2927 1609 2996 suis,
1643 2944 1747 2983 non
1778 2929 1880 2984 hoc

297 3015 574 3085 signiﬁcat,
604 3017 808 3086 aliquos
849 3032 968 3071 esse
999 3028 1277 3072 ventorum
1307 3019 1609 3085 thesauros,
1639 3018 1735 3074 sed
1762 3018 1879 3090 ejus

298 3109 384 3177 qui
411 3109 685 3162 constituit
710 3107 1013 3164 facilitatem
1034 3109 1244 3174 indicat,
1270 3119 1327 3163 et
1352 3125 1508 3179 quam
1540 3110 1608 3163 sit
1635 3119 1876 3164 creatura

299 3211 538 3269 prompta
575 3210 628 3255 et
651 3201 914 3270 expedita.
947 3201 1404 3269 Quemadmodum
1431 3203 1571 3256 enim
1601 3203 1689 3272 qui
1720 3204 1880 3258 habet

299 3292 352 3346 in
383 3292 632 3346 thesauro
657 3335 671 3357 ,
703 3307 889 3347 secure
915 3293 1122 3359 omnia,
1151 3301 1206 3346 et
1230 3295 1440 3362 quando
1471 3295 1600 3359 vult,
1635 3294 1834 3364 profert
1861 3314 1875 3350 :

300 3386 369 3438 ita
414 3385 570 3439 etiam
609 3385 842 3438 universi
886 3382 1073 3452 Opifex
1112 3385 1290 3438 omnia
1333 3384 1485 3439 facile
1526 3386 1782 3451 condidit,
1825 3396 1880 3442 et

300 3487 500 3531 natura:
525 3476 752 3530 tradidit.
788 3475 948 3530 Vides
977 3486 1170 3546 quanta
1202 3478 1270 3531 sit
1299 3478 1460 3532 etiam
1489 3480 1542 3533 in
1569 3494 1693 3534 aere
1717 3479 1873 3535 diffe-

299 3569 489 3634 rentia,
533 3567 976 3638 quemadmodum
1030 3577 1152 3622 sunt
1195 3568 1246 3622 in
1288 3585 1422 3639 aqua
1459 3578 1513 3624 et
1542 3571 1662 3640 igne
1691 3571 1872 3624 multa:

302 3661 658 3715 mutationes?
685 3662 950 3729 Aquarum
997 3661 1138 3715 enim
1180 3661 1298 3715 alia:
1325 3672 1449 3716 sunt
1480 3662 1727 3728 fontium,
1761 3665 1878 3718 alia:

300 3769 428 3808 vero
460 3753 836 3817 marina),ali:n
867 3760 1043 3805 autem
1069 3752 1386 3819 aerizc,ali::e
1402 3764 1527 3808 sunt
1548 3753 1600 3807 in
1627 3753 1875 3820 nubibus,

302 3844 421 3897 alire
451 3859 576 3896 vero
602 3842 842 3896 cmlestes
860 3883 876 3907 ,
903 3843 1021 3897 aliae
1047 3857 1204 3913 supra
1233 3843 1392 3898 czelos
1415 3885 1431 3910 ,
1461 3845 1578 3898 aliae
1606 3840 1878 3899 subterra-

302 3952 437 3990 ιιθω.
468 3935 533 3989 Et
559 3936 608 3989 in
635 3937 775 4005 igne,
807 3935 894 3989 hic
917 3935 1129 4004 quidem
1169 3943 1250 3991 est
1282 3935 1332 3989 in
1360 3937 1490 3998 sole,
1534 3936 1624 3990 ille
1662 3951 1790 3991 vero
1826 3938 1876 3990 in

301 4028 446 4093 luna,
490 4027 626 4081 alius
671 4029 720 4080 in
762 4027 952 4092 stellis,
992 4027 1127 4081 alius
1153 4028 1204 4080 in
1237 4027 1464 4096 fulgure,
1489 4027 1626 4081 alius
1653 4027 1706 4081 in
1730 4042 1875 4091 aere,

302 4117 437 4172 alius
457 4118 544 4187 qni
589 4117 646 4171 ﬁt
683 4132 746 4171 ex
777 4117 953 4186 lignis,
977 4117 1064 4186 qui
1094 4126 1175 4170 est
1201 4116 1339 4186 apud
1367 4131 1484 4182 nos,
1517 4125 1569 4171 et
1596 4117 1642 4171 is
1667 4117 1757 4186 qui
1798 4125 1881 4171 est

303 4205 355 4262 in
393 4207 644 4271 lucernis,
682 4208 815 4261 alius
854 4208 941 4276 qui
981 4222 1050 4260 ex
1084 4215 1262 4261 terra:
1297 4216 1378 4261 est
1403 4209 1545 4262 enim
1571 4222 1714 4277 saepe
1740 4207 1883 4277 ejus-

301 4297 445 4351 modi
473 4296 629 4365 ignis,
662 4299 751 4366 qui
772 4313 802 4351 e
829 4307 965 4351 terra
993 4297 1185 4362 editur,
1215 4299 1352 4353 sicut
1388 4297 1563 4354 fontes
1587 4315 1877 4370 aquarum:

301 4390 436 4443 alius
459 4390 544 4459 qui
581 4390 638 4442 ﬁt
665 4405 730 4442 ex
760 4390 955 4444 collisis
985 4389 1262 4460 lapidibus,
1293 4391 1425 4445 alius
1461 4392 1549 4460 qui
1585 4400 1667 4447 est
1705 4392 1756 4446 in
1789 4407 1882 4446 co-

302 4480 404 4533 mis
453 4481 725 4544 arborum,
771 4496 890 4549 quae
933 4481 1060 4550 ipsa:
1098 4495 1308 4550 quoque
1351 4481 1709 4536 colliduntur:
1747 4483 1883 4537 alius

307 4581 481 4626 autem
529 4573 579 4623 in
617 4569 944 4627 fulminibus.
980 4571 1052 4624 Ita
1084 4571 1243 4626 etiam
1274 4571 1326 4625 in
1356 4586 1518 4637 acre,
1553 4573 1638 4626 hic
1671 4572 1880 4642 quidem

303 4675 384 4718 est
412 4666 659 4730 crassior,
693 4665 888 4733 quiest
939 4665 1078 4720 circa
1109 4680 1208 4719 nos
1231 4707 1244 4729 ,
1286 4665 1373 4719 ille
1412 4681 1541 4720 vero
1593 4666 1835 4720 subtilior
1866 4685 1879 4721 :

301 4757 394 4825 qui
416 4766 592 4810 autem
619 4766 699 4810 est
723 4758 988 4825 superior,
1020 4759 1185 4825 magis
1208 4756 1712 4826 igneus.Ventorum
1747 4772 1883 4826 quo-

301 4863 408 4917 que.
446 4855 571 4901 sunt
617 4847 796 4901 multa:
847 4847 1195 4902 diﬂ'erentizl':
1249 4848 1334 4902 hic
1373 4847 1586 4916 quidem
1614 4847 1880 4910 subtilior,

305 4938 393 4992 ille
420 4954 546 4992 vero
569 4939 799 4994 crassior
823 4958 835 4990 :
867 4938 1002 4992 alius
1041 4938 1298 5007 frigidior,
1326 4938 1466 4992 alius
1495 4939 1718 4994 siccior:
1751 4939 1884 4992 alius

306 5032 589 5092 humi-dior,
611 5032 744 5084 alius
770 5031 1009 5086 calidior.
1041 5031 1147 5085 Aer
1162 5040 1339 5084 autem
1363 5039 1418 5086 et
1447 5029 1634 5096 nubes,
1663 5030 1748 5084 hic
1773 5030 1886 5098 qui-

305 5122 426 5177 dem
483 5122 699 5188 tardior,
741 5123 828 5176 illa
857 5137 986 5175 vero
1010 5121 1345 5191 progreditur
1370 5121 1628 5186 celerius,
1665 5119 1885 5189 perinde

306 5229 368 5269 ac
395 5215 438 5268 si
467 5223 609 5269 esset
632 5229 815 5284 eques.
857 5214 927 5266 tta
963 5213 1120 5267 etiam
1161 5213 1211 5267 in
1253 5213 1478 5268 nubibus
1506 5221 1560 5267 et
1584 5217 1775 5279 ventis,
1806 5215 1885 5266 liae

307 5307 519 5376 quidem
563 5316 684 5360 sunt
724 5305 922 5360 similes
950 5306 1096 5359 urnis
1129 5313 1182 5358 et
1221 5305 1358 5358 vasis
1385 5304 1640 5372 aquariis,
1671 5313 1729 5357 ut
1766 5319 1884 5373 qua:

309 5397 591 5468 aliquando
631 5396 739 5451 sint
767 5394 938 5464 plena:
965 5395 1114 5465 aquis
1137 5437 1152 5460 ,
1192 5394 1475 5464 aliquando
1503 5397 1738 5448 ferantur
1776 5395 1888 5447 in‘a-

311 5505 439 5543 nes:
467 5489 583 5543 alia:
608 5503 736 5544 vero
766 5497 892 5542 sunt
928 5485 1138 5541 ﬂabello
1166 5486 1386 5540 similes.
1431 5487 1509 5541 Tu
1548 5495 1724 5540 autem
1775 5485 1888 5540 hzec

313 5594 601 5648 eorumque
651 5579 1008 5633 diversitatem
1055 5587 1112 5634 et
1160 5577 1468 5631 varietatem
1519 5575 1885 5644 considerans,

312 5673 578 5728 admirare
599 5672 872 5742 Opiﬁcem.
897 5672 948 5726 8.
979 5669 1080 5738 Qui
1110 5670 1351 5740 percussit
1374 5669 1705 5740 primogenita
1728 5666 1802 5722 1E
1803 5685 1891 5738 gy-

316 5762 407 5829 pti.
439 5761 718 5832 Postquam
749 5762 882 5816 dixit
920 5761 1185 5830 generalia
1209 5801 1224 5827 ,
1253 5769 1306 5817 et
1333 5759 1564 5817 ostendit
1591 5758 1681 5815 Dei
1710 5759 1885 5828 provi-

1058 343 1112 396 S.
1153 341 1428 397 JOANNIS
1465 342 1938 399 CIIRYSOSTOMI
1979 343 2294 398 ARCIIIEP.
2334 345 2867 404 CONSTANTINOP.

3473 357 3574 412 393

2005 455 2235 511 dentiam
2263 458 2314 512 ir.
2345 459 2647 515 universum
2683 462 2866 518 orbem
2898 471 3072 530 terrm,
3106 480 3200 534 per
3226 467 3449 537 fulgura,
3480 489 3577 544 per

2001 559 2209 616 ventos,
2247 565 2344 619 per
2366 567 2566 617 aerem,
2599 569 2693 622 per
2721 555 2908 619 nubes,
2940 572 3033 624 per
3056 559 3278 626 pluvias,
3309 569 3364 615 et
3389 578 3573 618 eorum

2000 655 2166 710 nugas
2185 642 2376 710 arguit,
2400 643 2487 711 qui
2508 645 2690 698 dicunt
2719 646 3097 714 providentiam
3121 665 3288 720 usque
3309 653 3374 707 ad
3397 654 3574 710 lunam

2001 731 2302 800 pertingere
2332 727 2408 805 (a)
2435 749 2448 785 :
2473 735 2676 789 accedit
2716 735 2785 790 ad
2825 736 3125 807 singularia,
3174 756 3364 814 nempe
3401 745 3468 800 ad
3509 762 3574 803 ea

1998 839 2116 890 qua:
2158 824 2422 895 sigillatim
2463 827 2810 899 privatimque
2845 830 3044 887 Iudaeis
3080 833 3216 888 facta
3246 847 3391 892 sunt.
3419 839 3572 906 Quod

1997 912 2137 966 enim
2171 921 2331 980 terra,
2363 924 2417 970 et
2449 917 2658 982 cadum,
2689 929 2743 973 et
2771 920 3014 975 universa
3042 938 3161 992 quae
3188 925 3448 990 videntur,
3479 929 3571 984 Dei

1996 1003 2372 1073 benignitatem
2403 1009 2653 1074 sentiant,
2679 1025 2744 1064 ex
2773 1011 2835 1065 iis
2861 1028 2977 1081 qua:
2998 1013 3136 1068 dicta
3168 1025 3290 1070 sunt
3317 1021 3569 1074 ostendit:

1995 1102 2055 1147 ut
2077 1105 2250 1150 autem
2295 1098 2516 1152 memori
2561 1107 2614 1153 et
2654 1111 2804 1170 grato
2843 1105 3022 1157 animo
3061 1104 3274 1162 Judmos
3312 1109 3566 1175 efﬁceret,

1996 1194 2177 1238 narrat
2241 1185 2400 1240 etiam
2459 1189 2774 1259 singularia,
2843 1195 3130 1250 ostendens
3203 1199 3566 1258 universorum

1995 1275 2187 1341 Deum,
2219 1285 2272 1331 et
2301 1279 2388 1346 qui
2420 1281 2652 1334 omnium
2679 1295 2859 1337 curam
2887 1286 3039 1353 gerit,
3069 1287 3146 1340 eis
3175 1290 3413 1358 qumdam
3441 1308 3567 1362 pro-

1994 1364 2104 1433 pria
2131 1365 2383 1422 beneﬁcia
2414 1368 2652 1438 largitutn
2680 1386 2816 1426 esse.
2861 1375 3188 1446 Quamquam
3218 1397 3336 1450 quae
3367 1383 3416 1436 in
3447 1384 3566 1439 illos

1993 1473 2203 1526 quoque
2247 1459 2474 1527 ﬁebant,
2521 1471 2671 1516 erant
2714 1480 2897 1518 rursus
2939 1469 3221 1534 generalia.
3268 1473 3415 1538 Quod
3467 1477 3563 1540 ipsi

1993 1549 2134 1601 enim
2166 1549 2320 1603 electi
2346 1561 2525 1604 essent
2552 1567 2615 1605 ex
2645 1553 2762 1605 aliis
2784 1595 2796 1617 ,
2830 1554 2879 1607 id
2909 1555 3130 1611 faciebat
3159 1568 3214 1613 ut
3253 1561 3367 1616 illos
3401 1581 3566 1618 temu-

1992 1639 2262 1694 larentur:
2295 1642 2436 1712 quod
2465 1643 2657 1699 Paulus
2681 1662 2890 1715 quoque
2915 1649 3232 1719 signiﬁcans,
3263 1653 3388 1708 dicit
3417 1673 3430 1708 :
3456 1656 3563 1711 Eo-

1990 1745 2102 1782 rum
2140 1729 2322 1784 delicto
2358 1732 2496 1786 salus
2521 1733 2768 1803 gentibus,
2801 1747 2854 1789 ut
2881 1753 2964 1791 eos
2989 1741 3342 1797 wntularentur
3365 1744 3386 1817 (
3410 1745 3560 1800 Rom.

1992 1821 2080 1885 Η,
2115 1821 2176 1876 Η
2209 1819 2253 1891 ).
2294 1822 2748 1889 Quemadmodum
2776 1828 2916 1882 enim
2946 1840 3112 1898 pater,
3147 1847 3265 1886 eum
3291 1833 3383 1889 ﬁlii
3409 1839 3475 1890 ab
3498 1854 3562 1892 eo

1989 1911 2311 1978 abscedunt,
2357 1929 2520 1968 unum
2551 1930 2616 1970 ex
2642 1917 2718 1971 eis
2745 1919 2910 1972 sumit
2937 1930 2990 1974 et
3015 1923 3292 1978 considere
3322 1926 3444 1980 facit
3467 1943 3560 1981 su-

1990 2017 2082 2072 pra
2107 2019 2200 2057 sua
2232 2020 2441 2075 genua:
2472 2024 2576 2061 non
2609 2009 2708 2062 hoc
2741 2019 2917 2065 autem
2961 2012 3086 2067 facit
3131 2025 3346 2086 propter
3386 2019 3557 2085 illum,
3585 2030 3591 2036 '

1989 2093 2081 2148 sed
2107 2095 2276 2150 multo
2303 2099 2469 2168 magis
2517 2109 2732 2169 propter
2781 2101 2943 2166 alios,
2982 2114 3039 2157 ut
3064 2121 3128 2159 eo
3151 2106 3350 2164 honore
3372 2114 3558 2181 perciti

1987 2185 2054 2238 ad
2084 2195 2285 2254 patrem
2305 2200 2601 2251 acenrrant,
2637 2192 2876 2246 eamdem
2911 2193 3286 2266 indulgentiam
3311 2204 3514 2256 sensuri
3541 2223 3555 2256 :

1988 2275 2057 2329 ita
2085 2277 2242 2331 etiam
2275 2279 2412 2333 Deus
2442 2280 2562 2334 fecit
2590 2281 2805 2336 .ludzeis.
2841 2284 2930 2339 Eis
2955 2287 3094 2340 enim
3135 2304 3240 2342 non
3281 2306 3443 2360 super
3469 2308 3560 2362 ge-

1989 2382 2112 2432 nua,
2167 2368 2260 2422 sed
2307 2385 2466 2439 super
2510 2371 2743 2436 brachia,
2775 2383 2831 2428 ut
2861 2375 2987 2428 dicit
3024 2380 3297 2448 propheta,
3321 2391 3376 2436 et
3400 2398 3560 2454 super

1985 2457 2200 2512 dorsum
2235 2462 2518 2530 assumptis
2546 2463 2563 2532 (
2601 2462 2726 2517 Osee
2757 2466 2840 2518 tt.
2869 2467 2902 2519 5
2932 2467 2972 2533 ),
2999 2481 3118 2536 qua:
3141 2480 3263 2523 sunt
3289 2471 3369 2526 eis
3395 2487 3557 2542 expe-

1987 2551 2143 2604 tenda
2190 2551 2430 2622 largitur,
2468 2555 2737 2625 templum,
2783 2559 3062 2624 sacriﬁcia,
3095 2568 3148 2613 et
3178 2577 3296 2629 qure
3332 2566 3559 2618 maxime

1983 2655 2048 2696 ac
2092 2657 2214 2697 eum
2258 2644 2458 2713 majore
2505 2661 2628 2700 cura
2677 2649 3003 2716 quaerebant,
3050 2650 3104 2704 in
3151 2650 3290 2706 bello
3339 2656 3554 2719 auxilia,

1983 2736 2249 2800 victorias,
2273 2745 2490 2807 treptea,
2521 2754 2695 2794 rerum
2723 2749 3051 2796 terrenarum
3090 2744 3318 2814 copiam,
3358 2756 3412 2800 et
3450 2746 3558 2801 fru-

1983 2839 2164 2883 ctuum
2192 2831 2510 2885 fertilitatem
2541 2831 2711 2902 (Deut.
2745 2833 2814 2887 52
2865 2834 2952 2894 tt)
2981 2875 2996 2900 ,
3038 2836 3116 2889 eis
3144 2836 3261 2890 illos
3289 2837 3556 2892 instruens

1983 2929 2038 2974 et
2063 2921 2358 2986 adornans,
2386 2931 2436 2977 et
2464 2923 2596 2978 alios
2623 2923 2690 2977 ad
2719 2923 3105 2981 aemulationem
3134 2927 3421 2982 adducens.
3451 2929 3557 2984 Sed

1984 3012 2233 3081 quoniam
2264 3014 2472 3067 evasuri
2499 3023 2649 3069 erant
2676 3015 2921 3085 improbi,
2954 3018 2997 3071 si
3025 3019 3102 3072 cis
3127 3029 3381 3087 perpetuo
3411 3021 3557 3074 blan-

1983 3103 2207 3169 diretur,
2233 3105 2376 3174 ipsos
2395 3121 2604 3176 quoque
2625 3121 2718 3176 per
2738 3109 2992 3177 supplicia
3021 3110 3346 3164 moderatur.
3371 3112 3553 3181 Magna

1983 3203 2064 3248 est
2090 3195 2230 3248 enim
2263 3196 2352 3250 Dei
2381 3198 2635 3266 sapientia
2655 3238 2672 3266 ,
2718 3209 2772 3252 et
2795 3199 2846 3252 in
2873 3199 3034 3255 rebus
3076 3199 3397 3255 difﬁcillimis
3419 3204 3554 3258 viam

1983 3285 2288 3355 exitumque
2314 3287 2535 3341 invenit.

2057 3375 2112 3430 4.
2147 3375 2474 3430 Providentia
2498 3375 2594 3430 Dei
2618 3376 2685 3430 ad
2703 3377 2872 3432 omnia
2887 3379 3130 3449 pertinet.
3149 3379 3352 3435 -—Vide
3377 3389 3554 3436 autem

1983 3466 2255 3537 propheta:
2293 3467 2646 3537 prudentiam,
2676 3468 2765 3536 qui
2803 3483 2833 3521 a
2859 3470 3196 3538 generalibus
3219 3470 3287 3524 ad
3315 3473 3426 3524 haec
3453 3471 3552 3523 de-

1983 3562 2132 3616 duxit
2160 3563 2453 3616 orationem
2486 3579 2499 3616 :
2547 3577 2617 3616 ne
2660 3562 2780 3631 quis
2816 3562 2959 3616 enim
3003 3562 3192 3617 stultus
3225 3563 3553 3616 existimaret

1988 3656 2080 3709 Dei
2109 3654 2489 3724 providentiam
2517 3654 2714 3708 versari
2746 3655 2795 3706 in
2817 3653 3204 3722 singularibus,
3225 3653 3435 3723 quando
3463 3669 3555 3708 ve-

1983 3749 2062 3802 nit
2105 3746 2172 3801 ad
2215 3747 2498 3816 generalia,
2531 3754 2656 3799 tunc
2701 3744 2814 3798 haec
2852 3759 3063 3814 quoque
3092 3745 3298 3815 attingit
3322 3744 3551 3800 dicens:

1988 3840 2088 3906 Qui
2118 3839 2358 3909 percussit
2399 3839 2727 3909 primogenita
2755 3835 2989 3908 .‘E’gypti.
3040 3837 3232 3891 Annon
3273 3837 3422 3891 vobis
3471 3838 3555 3890 vi-

1983 3932 2176 3986 dentur
2225 3931 2338 3984 haec
2387 3931 2553 4000 magis
2599 3927 2733 3983 facta
2772 3944 2890 3983 esse
2939 3938 3154 3996 propter
3198 3925 3452 3982 Judzeos?
3497 3927 3554 3981 Si

1985 4022 2141 4092 igitur
2156 4022 2458 4085 ostendero,
2493 4021 2605 4075 haec
2626 4035 2836 4090 quoque
2861 4021 2990 4074 facta
3015 4034 3132 4073 esse
3165 4027 3378 4088 propter
3399 4018 3553 4086 alios,

1983 4115 2110 4186 quid
2138 4115 2317 4170 dicent
2341 4116 2380 4170 ii
2408 4118 2498 4186 qui
2524 4113 2767 4169 effutiunt
2796 4115 2887 4170 Dei
2921 4115 3300 4185 providentiam
3340 4115 3407 4168 ad
3441 4116 3557 4168 uni-

1985 4222 2138 4263 versa
2180 4209 2399 4264 minime
2429 4209 2744 4278 pertinere?
2783 4207 3063 4274 Quomodo
3100 4223 3227 4276 ergo
3255 4217 3430 4278 potest
3457 4208 3557 4261 hoc

1985 4299 2229 4354 ostendi?
2256 4298 2414 4355 Certe
2437 4300 2629 4355 sufﬁcit
2656 4315 2682 4352 a
2716 4301 2822 4356 Deo
2847 4301 3114 4355 enuntiata
3142 4301 3403 4355 sententia
3441 4317 3557 4369 qua:

1989 4391 2088 4446 hoc
2126 4391 2405 4462 signiﬁcat,
2435 4401 2489 4446 ct
2537 4392 2702 4446 dicit:
2749 4391 2816 4447 Ut
2854 4392 3112 4445 ostendam
3137 4393 3190 4445 in
3214 4402 3260 4445 te
3288 4392 3557 4462 potentiam

1988 4499 2171 4547 meam,
2200 4492 2248 4537 et
2272 4491 2325 4535 ut
2357 4484 2682 4537 annuntietur
2707 4499 2885 4536 nomen
2915 4499 3076 4536 meum
3102 4482 3153 4536 in
3174 4484 3405 4536 universa
3427 4490 3559 4534 terra

1989 4577 2180 4650 (Exod.
2225 4576 2278 4632 9.
2327 4576 2430 4640 16;
2467 4575 2620 4629 Itoni.
2661 4575 2715 4630 9.
2745 4575 2854 4643 l7).
2913 4573 3097 4629 Vidisti
3145 4583 3369 4627 mortem
3419 4573 3557 4625 illam

1989 4669 2151 4723 fuisse
2177 4667 2508 4738 evangelium
2530 4709 2544 4732 ,
2577 4675 2630 4720 et
2665 4667 2869 4736 plagam
2899 4666 3038 4719 illam
3073 4665 3326 4719 divinitus
3358 4663 3562 4718 immis-

1989 4773 2101 4812 sam
2141 4757 2304 4812 fuisse
2335 4757 2785 4826 praedicationem,
2812 4765 2868 4809 ut
2893 4771 3010 4824 quae
3035 4755 3226 4825 ubique
3253 4753 3564 4824 pervaderet

1989 4858 2046 4902 et
2097 4847 2188 4901 Dei
2239 4847 2525 4917 potentiam
2579 4847 2933 4916 praedicaret?
2981 4845 3220 4902 Universi
3261 4861 3387 4914 ergo
3417 4845 3566 4898 orbis

1989 4948 2254 4994 terrarum
2279 4953 2462 4993 curam
2489 4939 2643 5008 gerit,
2686 4939 2844 4991 etiam
2883 4936 3096 5007 quando
3135 4952 3224 4993 res
3259 4935 3560 4992 Judteorum

1989 5031 2344 5086 administrat.
2375 5031 2532 5100 Atqui
2573 5030 2861 5099 potentiam
2905 5045 3053 5084 suam
3082 5029 3208 5083 olim
3239 5045 3447 5099 quoque
3475 5029 3567 5084 de-

1991 5126 2242 5192 claravit,
2289 5134 2345 5179 ut
2387 5125 2439 5178 in
2464 5123 2682 5194 Joseph,
2734 5132 2790 5177 ut
2839 5124 2892 5177 in
2945 5122 3233 5190 Abraham,
3286 5124 3378 5178 sed
3429 5137 3569 5178 nime

1993 5226 2170 5270 tamen
2205 5216 2458 5284 apertius.
2486 5213 2799 5281 Quomodo?
2837 5213 2986 5268 Tunc
3011 5212 3220 5282 quidem
3254 5229 3345 5280 per
3371 5213 3574 5266 beneﬁ-

1993 5309 2168 5361 cium:
2200 5320 2339 5360 nunc
2375 5313 2550 5360 autem
2597 5320 2690 5373 per
2734 5305 2976 5374 plagam:
3024 5318 3124 5358 nec
3166 5301 3486 5366 intermittit,
3515 5309 3575 5356 nt

1989 5398 2098 5466 jam
2136 5412 2280 5465 saepe
2319 5394 2460 5461 dixi,
2491 5395 2704 5450 assidue
2725 5403 2779 5448 et
2808 5394 2859 5448 in
2890 5408 3202 5463 unaquaque
3227 5393 3573 5462 generatione

1993 5489 2228 5558 seipsum
2251 5487 2553 5552 ostendere,
2575 5495 2630 5542 et
2652 5502 2750 5558 per
2769 5501 2930 5556 opera
2959 5484 3296 5540 manifestum
3321 5482 3570 5538 reddere.

1994 5581 2109 5636 Non
2141 5581 2190 5635 id
2215 5590 2393 5636 autem
2417 5595 2630 5650 semper
2652 5579 2774 5634 facit
2803 5578 2989 5634 eodem
3019 5577 3198 5643 modo,
3229 5575 3320 5631 sed
3350 5575 3494 5629 varie
3521 5582 3572 5630 et

2057 5697 2130 5761 (a)
2163 5697 2360 5755 Quidam
2383 5708 2446 5747 eo
2481 5694 2698 5748 stultitiae
2737 5700 2993 5753 venerant,
3029 5700 3083 5742 ut
3108 5690 3233 5742 tales
3261 5699 3416 5753 nugas
3443 5698 3571 5738 eom-

1996 5761 2150 5813 menti
2173 5761 2368 5810 fuerint.
