4112 6342
447 351 547 411 391

447 469 616 522 καὶτὸ
637 469 780 544 ὕδωρ
799 475 856 529 ἐν
875 475 954 546 τῷ
976 480 1128 551 πυρὶ.
1146 479 1271 535 οὐτε
1298 483 1454 538 τοῦτο
1475 489 1653 540 ἐκεῖνο
1673 488 2022 560 ἀνεξήρανεν,

444 553 566 607 οὐτε
596 556 772 612 ἐκεῖνο
799 561 957 616 τοῦτο
983 567 1303 624 κατέσϐεσε.
1332 573 1524 628 Καίτοι
1547 575 1692 648 [587]
1717 580 1747 648 ή
1773 578 2026 651 ἀστραπὴ

444 638 538 691 τοῦ
564 639 790 708 ἡλιακοῦ
816 645 989 717 πυρὸς
1024 649 1309 723 ὀξύτερον,
1339 659 1633 730 φανότερον
1651 702 1665 724 ,
1693 662 2022 733 τομώτερον.

411 722 553 792 ,Καὶ
605 729 973 799 μαρτυροῦσιν
1020 735 1076 786 αἱ
1125 722 1276 805 ὄψεις
1315 722 1511 806 αὐταῖς
1537 722 1721 797 ἀκτίσι
1757 722 2024 816 διηνεκῶς

446 807 877 899 προσϐάλλουσαι
895 825 920 852 ε
945 831 956 843 ·
977 817 1192 888 ἐκείνης
1203 821 1259 873 δέ
1273 821 1370 892 τὴν
1388 827 1558 896 φορὰν
1569 828 1687 880 οὐδέ
1703 807 2022 899 πρὸς-βραχὺ

444 885 736 982 δυνάμεναι
755 892 1028 982 ἐνεγκεῖν.
1064 885 1172 953 Καὶ
1204 903 1232 954 6
1261 885 1358 974 μὲν
1382 885 1532 977 ήλίος
1552 908 1640 963 διὰ
1673 885 1858 980 πάσῃ-ς’
1884 885 2024 982 ἦμέ-

446 970 856 1064 ρας-διατρέχει
888 978 980 1064 τὸν
1020 970 1276 1064 οὐρανὸν,
1319 970 1454 1059 αὕτη
1494 991 1550 1043 δέ
1585 993 1643 1045 ἐν
1685 994 1782 1063 μιᾷ
1808 970 2020 1064 ’καίροῦ

446 1054 586 1147 ῥοπῇ
616 1055 713 1126 τὴν
742 1059 1066 1147 οἰκουμένην
1110 1063 1326 1122 ἃπασαν
1361 1086 1375 1100 ·
1403 1054 1652 1145 καθάπερ
1686 1054 1804 1128 ’καὶ
1834 1079 1861 1129 6
1891 1054 2024 1147 Χρι-

446 1137 566 1199 στος
591 1145 856 1212 μαρτυρεῖ
881 1143 1052 1212 λέγων
1070 1163 1084 1176 ο
1113 1149 1338 1221 ’Ὠσπερ
1359 1153 1396 1221 ἡ
1421 1137 1695 1226 ἀστραπὴ
1714 1137 2024 1227 πορεύεται

443 1234 514 1327 ἐξ
528 1236 856 1327 ἀνατολῶν,
887 1243 983 1296 καὶ
1002 1247 1274 1312 φαίνεται
1289 1249 1399 1315 ἕως
1420 1251 1687 1323 δυσμῶν.
1715 1257 1775 1309 '0
1789 1257 2023 1327 ἐξάγων

443 1319 706 1411 ἀνέμους
733 1324 801 1376 ἐκ
816 1327 1136 1395 θησαυρῶν
1154 1334 1360 1388 αὑτοῦ.
1381 1319 1715 1406 Αὑτηνπάλιν
1745 1319 2025 1411 ἑτέρα-φύ-

447 1419 551 1466 σις,
571 1404 756 1474 χρείαν
783 1407 843 1459 οὐ
863 1412 1064 1481 μικράν
1080 1416 1211 1484 ἡμῖν
1233 1419 1565 1489 παρέχουσα,
1585 1422 1719 1476 ἁλλά
1732 1425 2020 1496 τοσαύτην,

443 1485 584 1539 ὥστε
612 1490 690 1574 είς
723 1489 786 1574 16
815 1492 947 1546 πολὺ
967 1495 1066 1566 τῆς
1102 1499 1247 1569 ζωῆς
1271 1485 1428 1572 ἡμῶν
1452 1505 1479 1544 b
1504 1508 1796 1574 συντελεῖν,
1819 1512 1914 1563 καὶ
1935 1485 2023 1565 κεἐ

446 1571 698 1640 κμηκότα
725 1572 1063 1631 ἀνακτᾶσθαι
1106 1581 1176 1634 τά
1232 1571 1480 1655 σώματα,
1518 1589 1611 1641 καὶ
1666 1592 2021 1664 καταψύχειν,

444 1654 539 1706 καὶ
562 1655 653 1747 τὸν
675 1656 811 1727 ἀέρα
829 1662 1154 1747 κουφότερον
1176 1654 1366 1723 ποιεῖν.
1394 1671 1561 1726 Τοῦτο
1579 1673 1687 1744 γάρ
1715 1654 1873 1747 ἔργον
1885 1654 1964 1730 ’ἀν
1975 1654 2026 1730 5';

448 1755 583 1808 μων,
609 1739 985 1812 ἀναρριπίζειν
1006 1747 1097 1801 τὸν
1130 1751 1288 1820 ἀέρα,
1312 1752 1451 1808 ὥστε
1489 1756 1563 1828 μὴ
1596 1758 1855 1829 ἀκίνητον
1894 1763 2022 1815 ὅντα

445 1821 780 1892 φθείρεσθαι,
808 1828 1088 1884 πεπαίνειν
1117 1837 1242 1899 τοὺς
1271 1841 1537 1909 καρποὺς,
1558 1843 1779 1912 τρέφειν
1811 1844 1879 1897 τά
1921 1845 2021 1898 σώ-

447 1923 614 1976 ματα.
642 1908 706 1962 Τί
737 1910 802 1964 ἀν
835 1929 917 1976 τις
944 1915 1088 1968 εἴποι
1113 1919 1212 1981 τὰς
1242 1921 1300 1972 ἐν
1339 1908 1585 1993 ναυτιλίᾳ
1609 1926 1796 1996 χρείας
1821 1928 2020 1992 αὐτῶν,

442 1991 569 2054 τοὺς
595 1993 838 2078 καιρούς,
861 1997 996 2049 καθ’
1032 1997 1127 2064 οὓς
1163 2005 1511 2075 τεταγμένως
1550 2011 1887 2078 ἐφίστανται,
1925 2015 2022 2066 καὶ

446 2071 868 2146 παραχωροῦσιν
904 2079 1176 2152 ἀλλήλοις,
1204 2071 1521 2157 χορεύοντες
1548 2071 1606 2142 ἐν
1649 2091 1728 2163 τῷ
1773 2071 2021 2163 πελάγει,

445 2158 537 2209 καὶ
563 2160 690 2222 τοὺς
710 2160 998 2234 πλωτῆρας
1030 2166 1466 2237 διαϐιϐάζοντες;
1514 2175 1624 2228 Καὶ
1653 2177 1682 2227 6
1715 2177 1813 2246 μὲν
1852 2179 2022 2248 παρέ-

445 2241 680 2310 πεμψεν,
705 2245 732 2297 6
762 2245 815 2298 δέ
832 2247 1121 2315 διεδέξατο.
1155 2253 1249 2305 καὶ
1281 2257 1526 2320 ἐναντίας
1551 2259 1828 2315 ὁδεύουσιν
1845 2263 2019 2327 ὀδοὺς,

443 2326 535 2376 καὶ
557 2325 942 2395 διακονοῦνται,
980 2335 1134 2406 καὶὴ
1182 2337 1327 2408 μάχη
1375 2340 1554 2394 αὐτῶν
1586 2343 1663 2412 τῷ
1705 2343 1807 2415 βίῳ
1860 2347 2022 2400 πάλιν

445 2407 653 2474 γίνεται
684 2413 974 2483 χρήσιμος.
1007 2417 1116 2470 Καὶ
1156 2407 1325 2490 μυρία
1350 2421 1509 2494 ἕτερα
1533 2425 1598 2479 ἄν
1627 2407 1717 2491 τις.
1737 2407 1880 2482 είποι
1915 2431 2022 2483 τῶν

447 2490 666 2560 ἀνέμων
692 2494 851 2565 ἔργα.
879 2497 1018 2550 Ἀλλ’
1049 2499 1196 2570 ὅμως
1228 2502 1400 2557 ταῦτα
1427 2490 1604 2560 πάντα
1646 2490 2022 2583 παραδραμὼν

445 2575 472 2626 6
496 2575 805 2648 Προφήτης,
831 2583 924 2634 καὶ
951 2585 1264 2640 καταλιπὼν
1279 2588 1358 2658 τῷ
1374 2589 1612 2663 ἀκροατῇ
1638 2575 2018 2664 ἀναλέγεσθαι,

445 2658 605 2722 αὐτὸς
657 2661 815 2730 μόνον
855 2666 954 2736 τὴν
1003 2667 1250 2726 εὐκολίαν
1293 2673 1390 2742 τῆς
1440 2658 1802 2747 δημιουργίας
1851 2679 2022 2750 παρέ-

447 2758 542 2812 στη
553 2760 608 2794 σε
619 2784 630 2798 .
646 2745 716 2797 T6
730 2757 752 2784 ο
780 2746 888 2820 γὰρ
903 2752 1094 2817 εἰπεῖν,
1115 2754 1216 2808 Ἐκ
1234 2757 1554 2823 θησαυρῶν
1565 2745 1752 2814 αὐτοῦ
1763 2802 1775 2824 ,
1789 2762 1850 2814 οὐ
1867 2760 2024 2815 τοῦτο

443 2824 728 2896 δηλοῦντὸς
779 2833 944 2898 ἐστιν,
987 2835 1067 2888 ὅτι
1105 2835 1366 2909 θησαυροί
1411 2841 1554 2905 τινές
1600 2846 1736 2898 εἰσιν
1781 2846 2020 2916 ἀνέμων,

445 2909 581 2963 ἀλλὰ
617 2912 678 2964 16
708 2911 926 2968 εὐκολον
972 2919 1066 2972 τοῦ
1112 2921 1546 2989 ἐπιστατοῦντος,
1583 2927 1641 2978 τὸ
1672 2928 1886 2999 ἕτοιμον
1920 2931 2023 3001 τῆς

445 2992 695 3083 κτίσεως,Δ
721 2995 782 3049 16
819 3003 1353 3071 παρεσκευασμένον.
1399 3006 1610 3078 Ὠσπερ
1639 2992 1801 3080 γάρδ
1833 3013 1890 3064 ἐν
1922 2992 2016 3083 θτίζ

447 3076 634 3147 σαυρῷ
659 3077 818 3146 ἔχων,
851 3083 968 3150 μετ’
994 3083 1174 3148 ἀδείας
1202 3085 1385 3154 ἐξάγει
1419 3076 1614 3153 πάντα,
1643 3093 1737 3145 καὶ
1765 3095 1853 3146 ὅτε
1895 3094 2020 3164 βού-

444 3154 595 3212 λεται
628 3177 640 3192 ’
676 3160 817 3214 οὑτω
849 3165 944 3216 καὶ
975 3165 1004 3216 6
1024 3166 1116 3218 106
1149 3170 1348 3241 παντὸς
1370 3170 1702 3244 δημιουργὸς
1736 3176 1913 3232 πάντα
1934 3179 2023 3232 εὐ-

446 3243 620 3307 κόλως
639 3245 880 3316 ἐποίησε,
914 3249 1008 3302 καί
1038 3253 1104 3322 τῇ
1143 3251 1302 3321 φύσει
1331 3243 1666 3324 παρέδωκεν.
1697 3255 1850 3324 Εἶδες
1877 3262 2019 3334 πόση

446 3329 540 3380 καὶ
570 3330 627 3380 ἐν
661 3329 782 3400 ἀέρι
810 3331 1074 3404 διαφορὰ,
1116 3337 1366 3406 καθάπερ
1409 3340 1505 3392 καὶ
1548 3342 1605 3392 ἐν
1642 3340 1792 3396 ὕδατι
1833 3346 1926 3399 καὶ
1964 3329 2022 3401 ἐν

447 3411 599 3479 πυρὶ,
633 3411 826 3466 πολλαὶ
859 3416 1184 3485 ἐναλλαγαί;
1229 3419 1337 3472 Καὶ
1360 3420 1468 3489 γὰρ
1489 3420 1582 3474 τοῦ
1613 3423 1802 3489 ὓδατος
1823 3427 1882 3479 16
1922 3429 2022 3498 μέν

446 3493 568 3576 ἐστι
591 3497 843 3565 πηγαῖον,
870 3499 931 3552 16
964 3499 1020 3552 δέ
1067 3499 1372 3562 θαλάττιον,
1405 3503 1467 3556 τὸ
1491 3504 1550 3557 δὲ
1577 3505 1781 3576 ἀέριον,
1812 3511 1870 3563 16
1888 3493 1943 3564 δέ
1965 3513 2021 3565 ἐν

445 3575 715 3644 νεφέλαις,
738 3579 798 3632 16
817 3579 874 3634 δέ
899 3582 1171 3653 οὐράνιον,
1187 3585 1245 3637 16
1264 3585 1319 3637 δὲ
1352 3587 1609 3658 ὑπεράνω
1624 3575 1732 3643 τῶν
1755 3593 2017 3662 οὐρανῶν,

445 3658 589 3744 τὸδὲ
637 3662 911 3730 ὑπόγειον.
960 3668 1068 3720 Καὶ
1119 3670 1176 3721 ἐν
1221 3668 1298 3739 τῷ
1343 3672 1510 3741 πυρὶ,
1548 3672 1608 3724 16
1647 3673 1746 3744 μέν
1779 3658 1926 3731 ἐστιν
1965 3658 2022 3732 ἐν

446 3741 601 3831 ήλίῳ,
632 3745 692 3797 16
710 3745 765 3800 δέ
784 3747 938 3831 ἐστιν
972 3750 1030 3802 ἐν
1064 3750 1279 3823 σελήνῃ,
1317 3754 1378 3806 16
1400 3754 1456 3806 δέ
1487 3741 1737 3810 ἐστινήἐν
1779 3760 2018 3831 ἄστροις,

445 3825 509 3909 ιδ
553 3825 610 3878 δὲ
652 3829 710 3880 ἐν
770 3829 1099 3902 ἀστραπαῖς,
1147 3835 1209 3887 16
1236 3835 1292 3888 δὲ
1331 3838 1390 3891 ἐν,
1441 3838 1590 3909 ἀέρι,
1611 3839 1672 3892 16
1699 3840 1755 3893 δὲ
1790 3825 1898 3896 ἀπδ
1928 3825 2020 3908 50;

446 3905 574 3970 λων,
628 3909 689 3962 16
731 3912 858 3984 περὶ
904 3916 1069 3985 ἡμᾶς,
1119 3918 1212 3974 καὶ
1257 3917 1317 3970 16
1358 3905 1656 3989 λυχνιαῖον,
1699 3924 1760 3976 τὸ
1805 3925 1863 3978 δέ
1905 3905 2012 3980 ἀπὸ

445 3993 548 4079 ῆς
571 4007 586 4022 .
618 3991 712 4045 καὶ
744 3994 853 4079 γᾴρ
892 3997 1008 4051 ἐστι
1040 3998 1305 4070 πολλαχοῦ
1343 4003 1582 4057 τοιοῦτον
1608 4005 1717 4059 ἀπὸ
1755 4009 1858 4079 γῆς
1888 4009 2022 4063 ἀνα·-

445 4073 737 4144 διδόμενον,
769 4075 958 4150 ὥσπερ
1006 4081 1061 4132 αί
1107 4084 1282 4153 πηγαὶ
1319 4085 1427 4139 τῶν
1476 4087 1681 4142 ὑδάτων
1703 4105 1724 4126 ἰ
1762 4091 1822 4143 τὸ
1854 4092 1911 4144 δὲ
1964 4095 2022 4146 ἐν

446 4153 613 4220 λίθοις
639 4161 1147 4243 γπαρατριϐομένοις
1170 4208 1184 4230 ,
1240 4165 1302 4219 τὸ
1339 4167 1394 4219 δὲ
1429 4169 1486 4224 ἐν
1538 4170 1734 4241 κόμαις
1765 4172 2018 4243 δένδρων,

447 4239 541 4293 καὶ
589 4242 770 4296 αὐτῶν
829 4247 1337 4319 παρατριϐομένων,
1395 4251 1455 4304 τὸ
1511 4253 1568 4308 δὲ
1610 4239 1674 4308 ἐν
1717 4239 2017 4328 κεραυνοῖς.

363 4317 365 4319 ’
446 4323 602 4380 Οῦτω
619 4327 682 4398 δὴ
714 4329 806 4412 καὶ
839 4332 896 4384 ἐν
937 4317 1090 4403 ἀέρι,
1125 4317 1152 4385 6
1188 4334 1286 4404 μέν
1325 4337 1440 4388 ἐστι
1488 4317 1811 4411 παχύτερος,
1843 4344 1871 4394 6
1895 4317 2020 4412 περὶ

447 4409 592 4478 ἡμᾶς
619 4425 634 4439 ’
674 4413 703 4464 6
747 4411 804 4466 δὲ
842 4412 1181 4487 λεπτότερος,
1200 4419 1228 4469 6
1249 4417 1305 4470 δέ
1335 4419 1606 4492 ἀνῶτερος
1638 4409 1798 4477 πάλιν
1827 4409 2017 4496 πυρω-

445 4489 714 4562 δέστερος.
749 4496 857 4548 Καὶ
885 4497 990 4550 τῶν
1017 4499 1230 4570 ἀνέμων
1259 4501 1449 4554 πολλαὶ
1474 4489 1529 4556 αί
1553 4503 1803 4576 διαφοραί
1828 4523 1840 4537 ·
1865 4489 2019 4578 ὁμὲν

445 4574 554 4645 γάρ
579 4575 930 4662 λεπτότερος,
962 4582 989 4634 6
1014 4581 1070 4634 δέ
1092 4582 1394 4656 παχύτερος
1423 4601 1437 4617 ο
1469 4588 1496 4640 6
1537 4587 1634 4657 μὲν
1667 4574 2016 4662 ψυχρότερος.

445 4658 555 4746 ὁ-δέ
573 4658 862 4746 ξ-ηρότερος
878 4678 892 4692 °
909 4666 936 4716 ὀ
955 4665 1052 4734 μὲν
1072 4667 1382 4739 ὑγρότερος,
1407 4670 1501 4724 66‘5
1520 4658 1865 4743 θερμότερος.
1883 4658 2018 4746 Ἃὴρ

447 4741 504 4793 δὲ
528 4742 622 4794 καὶ
650 4745 828 4812 νέφος,
855 4746 921 4828 16
948 4749 1044 4817 μὲν
1069 4751 1462 4823 σχολαιότερον,
1483 4741 1628 4826 [588]
1645 4755 1704 4808 16
1720 4741 1775 4809 δέ
1797 4741 2021 4828 ταχύτε-

450 4839 542 4892 ρον
566 4829 751 4897 χωρεῖ,
773 4826 1018 4901 καθάπερ
1035 4831 1117 4899 ἐφ’
1137 4833 1339 4888 ἵππων.
1367 4835 1521 4889 Οῦτω
1543 4837 1606 4908 δὴ
1636 4839 1728 4890 καὶ
1746 4841 1838 4893 ἐπὶ
1862 4859 2019 4909 νεφε-

448 4903 554 4956 λῶν
574 4909 664 4960 καὶ
689 4909 904 4979 ἀνέμων
927 4912 1030 4968 ἀναί
1055 4914 1152 4984 μὲν
1168 4916 1407 4970 ἐοίκασιν
1428 4918 1745 4990 ὑδροφόροις
1766 4923 2004 4990 σκεύεσι,

449 4988 578 5040 ποτέ
605 4989 704 5059 μὲν
741 4993 948 5047 ὑδάτων
976 4997 1447 5070 ἐμπεπλησμέναι,
1486 4988 1617 5056 ποτὲ
1647 5003 1702 5058 δὲ
1743 5008 1896 5059 κεναὶ

452 5071 671 5146 ρόμεναι
696 5091 707 5103 ·
736 5079 790 5130 αἱ
819 5076 874 5129 δὲ
909 5079 1075 5149 ῥιπίδι
1105 5081 1332 5135 ἐοίκασι.
1366 5085 1436 5137 Σὺ
1465 5084 1521 5137 δέ
1541 5085 1714 5139 ταῦτα
1739 5089 1882 5160 ὁρῶν
1925 5071 2021 5145 καὶ

447 5157 544 5228 τὴν
567 5157 827 5230 διαφορὰν
854 5161 950 5214 καὶ
981 5161 1078 5232 τὴν
1123 5165 1392 5220 ποικιλίαν
1420 5168 1616 5233 αὑτῶν,
1655 5157 1898 5240 θαύμαζε
1929 5175 2020 5226 16v

447 5240 797 5324 δημιουργόν.
833 5245 937 5310 ⁸⁸ος
960 5244 1218 5311 ἐπάταξε
1243 5249 1313 5301 τὰ
1341 5252 1678 5318 πρωτότοκα
1696 5255 2016 5324 Αἰγύπτου.

449 5322 635 5377 Εἰπὼν
672 5325 741 5379 τά
773 5325 1024 5392 καθόλου,
1079 5330 1171 5411 καὶ
1213 5329 1390 5396 δείξας
1437 5333 1529 5386 τοῦ
1580 5335 1712 5389 Θεοῦ
1756 5322 1854 5408 τὴν
1887 5339 2021 5411 πρό-

510 5495 538 5562 _'
557 5495 699 5562 41mg
719 5497 941 5562 διηνεκῶς
961 5499 1393 5562 καταλαμπόμεναι.

509 5556 539 5595 b
565 5557 713 5620 Savil.
726 5558 856 5620 ἡμῖν.

511 5619 708 5682 ξεεγιςι
742 5622 828 5682 τῷ·

510 5676 539 5718 d
559 5676 1149 5755 ἀνέμὼνᾘιξορυιει
1172 5685 1320 5755 δενὶΙ.
1337 5686 1611 5755 τοᾴυοᾱετο
1625 5704 1638 5751 ;
1653 5692 2019 5755 _sediinlerpres

450 5739 768 5811 leg:l.APau_l6
790 5750 900 5811 ppst
937 5739 1119 5795 ἐοίκασι
1161 5753 1269 5808 post
1298 5749 1439 5811 ῥιπίδι
1462 5739 1704 5802 αωπιἹὴ
1729 5739 2015 5806 "Similis—66

447 5807 615 5864 φθίσει
636 5805 856 5856 retineri.

1439 368 1806 429 EXFOSITIO
1849 372 1916 427 IN
1955 373 2286 434 PSALMUM
2324 371 2608 442 cxxxnv;

3599 402 3712 459 392

2133 509 2281 548 νοιαν
2323 498 2418 570 τήν
2484 504 2613 573 περὶ
2658 507 2754 574 τήν
2801 507 3124 580 οἰκουμένην
3174 509 3410 576 ἃπασαν,
3455 512 3541 566 διά
3602 514 3711 568 τῶν

2129 578 2447 651 ἀστραπῶν,
2476 585 2564 639 διά
2588 586 2696 640 τῶν
2714 590 2955 660 ἀνέμων,
2981 578 3204 648 διὰ-τῶν
3259 595 3455 666 ἀέρων,
3481 595 3569 650 διὰ
3601 598 3708 649 τῶν

2130 663 2366 730 νεφελῶν
2387 705 2402 728 ,
2429 667 2519 720 διὰ
2544 669 2652 723 τῶν
2684 672 2874 738 ὑετῶν,
2913 676 3008 730 καὶ
3049 676 3274 743 ἐλέγξας
3300 663 3396 748 τήν
3439 679 3708 750 ληρωδίαν

2128 745 2237 798 τῶν
2266 747 2426 820 μέχρι
2461 752 2690 824 σελήνης
2720 757 2977 827 πρόνοιαν
3029 759 3298 828 λεγόντων
3323 745 3609 824 εἷναιξέπὶ
3647 765 3708 816 16

2131 831 2354 918 μῗρικξν
2394 833 2610 904 ἔρχεται
2635 838 2694 892 16
2721 843 2850 911 περὶ
2889 843 3176 908 Ἰουδαίους
3201 847 3387 915 μέροςο
3438 848 3558 901 Ὅτι
3609 850 3706 918 μὲν

2128 910 2236 983 γὰρ
2261 914 2356 984 γῆ,
2392 918 2485 970 καὶ
2533 910 2805 991 οὐρανὸς,
2836 926 2928 977 καὶ
2975 926 3044 979 τὰ
3089 910 3339 997 ὁρώμενα
3391 931 3568 984 πάντα
3611 931 3709 1000 τῆς

2132 996 2299 1048 αὑτοῦ
2347 999 2756 1073 φιλανθρωπίας
2787 1006 3070 1071 ἀπολαύει,
3104 996 3270 1076 ἔδειξε
3296 1011 3381 1066 διὰ
3405 1012 3510 1066 τῶν
3559 996 3709 1082 εἰρη-

2132 1081 2326 1150 μένωψ
2365 1084 2452 1138 ἵνα
2503 1086 2559 1139 δὲ
2597 1089 3134 1164 εὐγνωμονεστέρους
3158 1105 3181 1132 ο
3223 1097 3503 1160 Ἰουδαίους
3547 1081 3711 1168 ἐργάιε

2132 1181 2312 1235 σηται,
2350 1169 2444 1221 καὶ
2470 1169 2538 1222 τά
2569 1172 2768 1242 μερικά
2821 1173 3105 1243 διηγεῖται,
3136 1177 3349 1242 δεικνὺς
3378 1181 3459 1232 ὅτι
3483 1183 3511 1233 6
3543 1181 3704 1233 καθό-

2127 1247 2220 1302 λου
2254 1251 2408 1317 Θεὸς,
2440 1255 2536 1308 καὶ
2573 1255 2681 1308 τῶν
2704 1258 2959 1312 ἁπάντων
3017 1262 3280 1332 προνοῶν,
3324 1263 3493 1327 ίδικάς
3527 1265 3709 1326 αὐτοῖς

2126 1349 2280 1411 τινας
2309 1336 2628 1408 εὐεργεσίας
2660 1341 2968 1413 ἐχαρίσατο.
3002 1344 3192 1398 Καίτοι
3220 1346 3313 1398 καὶ
3340 1345 3408 1398 τὰ
3456 1349 3536 1410 εἰς
3561 1349 3710 1400 ὲκεί-

2127 1434 2251 1482 νους
2281 1423 2561 1492 γινόμενα,
2589 1425 2854 1479 καθολικά
2885 1427 3045 1481 πάλιν
3074 1423 3163 1498 ἦν.
3195 1430 3268 1482 Τό
3307 1447 3368 1482 τε
3390 1430 3498 1501 γὰρ
3520 1434 3584 1484 ἐκ
3599 1432 3706 1485 τῶν

2127 1503 2301 1556 ἄλλων
2317 1506 2514 1570 αὑτοὺς
2542 1507 2859 1580 ἐξειλέχθαι,
2881 1512 3228 1585 παραζηλοῦν
3257 1513 3495 1579 ἐκείνους
3513 1516 3704 1568 ἐποίει·

2128 1587 2263 1658 ὅπερ
2294 1590 2385 1641 καὶ¹
2407 1590 2433 1642 6
2464 1590 2670 1656 Παῦλος
2702 1594 2916 1660 δεικνὺς
2953 1596 3120 1665 λέγει·
3153 1596 3238 1662 Τῷ
3282 1596 3481 1652 αὐτῶν
3515 1616 3704 1667 παρα·

2127 1671 2386 1740 πτώματι
2418 1676 2455 1742 ἡ
2485 1678 2748 1744 σωτηρία
2777 1679 2900 1744 τοῖς
2923 1680 3184 1745 ἔθνεσιν,
3235 1683 3322 1747 εις
3348 1683 3414 1734 τὸ
3451 1684 3707 1750 παραῷιε

2126 1755 2322 1809 λῶσαι
2343 1759 2582 1823 αὐτούς.
2605 1761 2714 1813 Καὶ
2745 1761 2852 1832 γὰρ
2882 1762 3070 1835 ῶσπερ
3109 1764 3288 1836 πατὴρ
3314 1765 3404 1818 ἐπὶ
3435 1764 3701 1819 παιδίωνε

2126 1843 2510 1914 ἀφισταμένων
2541 1847 2728 1913 αὑτοῦ,
2760 1849 2941 1904 λαϐὼν
2970 1851 3028 1903 ἓν
3062 1851 3122 1916 ἐξ
3154 1852 3334 1905 αὑτῶν
3359 1853 3450 1906 ἐπὶ
3485 1854 3590 1906 τῶν
3610 1871 3706 1921 γοο

2127 1927 2301 1981 νάτων
2330 1929 2558 1996 καθίζει,
2619 1933 2712 1984 καὶ
2736 1934 2795 1986 οὐ
2830 1934 2902 1987 δι’
2948 1937 3124 1989 ἐκεῖνο
3169 1935 3325 1988 τοῦτο
3362 1939 3524 2001 ποιεῖ,
3571 1937 3707 1990 ἀλλὰ

2129 2015 2310 2086 πολλῷ
2344 2018 2544 2087 μᾶλλον
2569 2020 2657 2074 διά
2679 2021 2748 2075 τὰ
2785 2022 2939 2086 ἄλλα,
2971 2023 3111 2077 ὥστε
3147 2025 3412 2094 δηχθέντα
3463 2025 3602 2078 αὐτὰ
3639 2026 3706 2095 τῇ

2127 2103 2257 2171 τιμῇ
2293 2102 2662 2173 προσδραμεῖν
2710 2106 2846 2176 πρὸς
2870 2107 2960 2160 τὸν
2986 2108 3195 2180 πατέρα
3218 2110 3315 2179 τῆς
3366 2109 3536 2179 αὐτῆς
3568 2110 3706 2161 ἀπο-

2127 2183 2395 2238 λαύσοντα
2429 2188 2745 2258 θεραπείας·
2789 2191 2931 2245 οὑτω
2958 2194 3050 2246 καὶ
3077 2196 3106 2246 6
3145 2193 3277 2257 Θεὸς
3311 2195 3403 2247 ἐπὶ⁵
3431 2195 3540 2247 τῶν
3579 2195 3708 2247 Ἰου-

2126 2266 2289 2320 δαίων
2319 2271 2562 2341 ἐποίησε.
2595 2272 2790 2326 Λαϐὼν
2819 2274 2928 2345 γάρ
2947 2277 3141 2340 αὐτοὺς
3160 2277 3260 2329 οὐκ
3290 2277 3383 2329 ἐπὶ
3416 2275 3524 2329 τῶν
3550 2277 3712 2344 γονά-

2125 2367 2256 2412 των,
2292 2352 2402 2407 ἀλλ’
2442 2354 2535 2407 ἐπὶ
2564 2355 2672 2407 τῶν
2715 2355 3015 2426 βραχιόνων
3049 2359 3321 2429 (καθάπερ
3363 2361 3390 2412 ὁ
3424 2361 3708 2431 προφήτης

2129 2435 2308 2502 φησὶ),
2337 2437 2430 2489 καὶ
2487 2438 2580 2490 ἐπὶ
2621 2438 2730 2492 τῶν
2778 2443 3135 2512 μεταφρένων
3175 2442 3433 2496 ἀνέλαϐεν
3488 2444 3704 2508 αὐτοὺς,

2128 2517 2411 2587 χαρίζεται
2437 2519 2504 2572 τὰ
2531 2520 2759 2585 ἐκείνοις
2790 2521 3033 2589 ποθεινὰ,
3065 2525 3212 2586 ναὸν,
3245 2525 3448 2589 θυσίας,
3479 2525 3516 2578 ἂ.
3551 2525 3708 2594 μάλιο

2131 2614 2234 2653 στα
2269 2601 2494 2671 ἐζήτουν
2549 2604 2686 2675 μετὰ
2722 2605 2966 2670 πλείονος
3012 2608 3109 2678 τῆς
3135 2608 3438 2680 ἀκριϐείας,
3470 2625 3709 2680 προστα-

2131 2684 2250 2747 σίας
2272 2685 2372 2748 τάς
2420 2689 2478 2740 ἐν
2506 2688 2784 2759 πολέμοις,
2829 2691 2984 2754 νίκας
3007 2733 3022 2757 ,
3054 2692 3307 2760 τρόπαια,
3355 2692 3452 2764 τὴν
3473 2693 3580 2746 ἀπὸ
3605 2692 3707 2762 τῆς

2127 2774 2230 2841 γῆς
2261 2770 2538 2842 εὐθηνίαν,
2563 2773 2658 2844 τὴν
2683 2776 2779 2844 τῆς
2818 2775 3030 2845 φύσεως
3074 2777 3379 2846 εὐετηρίαν,
3407 2776 3612 2840 τούτοις
3646 2794 3704 2829 τε

2126 2853 2350 2918 τούτους
2411 2855 2785 2921 καλλωπίζων,
2848 2859 2940 2911 καὶ
2998 2860 3126 2922 τοὺς
3186 2860 3377 2923 ἄλλους
3414 2863 3492 2922 εὶς
3546 2858 3706 2930 ζῆλον

2128 2937 2296 3004 ἄγων.
2342 2937 2479 2990 Ἀλλ’
2508 2939 2695 3010 ἐπειδὴ
2721 2940 2945 3011 ἔμελλον
2974 2942 3170 3011 φαῦλοι
3203 2943 3447 3011 γίνεσθαι
3476 2943 3704 2995 διαπαν-

2125 3019 2216 3082 16;
2271 3019 2704 3090 κολακευόμενοι,
2761 3025 2854 3077 καὶ
2887 3024 2975 3076 διὰ
3031 3025 3138 3078 τῶν
3189 3026 3468 3096 τιμωριῶν
3510 3028 3706 3090 αὐτοὺς

2130 3103 2404 3172 ῥυθμίζει.
2437 3105 2614 3176 Πολλὴ
2643 3105 2752 3176 γὰρ
2786 3108 2818 3178 ή
2848 3106 2941 3160 τοῦ
2973 3107 3107 3162 Θεοῦ
3138 3109 3320 3178 σοφία,
3356 3111 3447 3163 καὶ
3478 3110 3537 3175 ἐξ
3561 3111 3706 3182 ἀμη-

2127 3187 2306 3256 χάνων
2341 3187 2583 3259 εὑρίσκει
2613 3189 2834 3260 πόρους.

2202 3340 2265 3395 δ’.
2294 3342 2400 3395 Καὶ
2423 3339 2523 3409 δρα
2544 3343 2826 3414 Προφήτου
2854 3344 3083 3398 σύνεσιν·
3111 3346 3218 3399 ἀπὸ
3238 3345 3344 3398 τῶν
3366 3343 3592 3398 καθόλου
3621 3346 3702 3410 είς

2125 3423 2297 3476 ταῦτα
2329 3425 2418 3478 16v
2449 3425 2603 3494 λόγον
2642 3426 2924 3496 ἐξαγαγὼν
2948 3467 2964 3494 ,
3006 3428 3091 3480 ἵνα
3117 3430 3190 3499 μή
3222 3446 3305 3491 τις
3330 3428 3436 3481 τῶν
3460 3430 3702 3499 ἀνοήτων

2131 3508 2353 3578 μερικὺν
2379 3509 2573 3579 νομίσῃ
2595 3511 2686 3562 τὸν
2711 3511 2840 3563 Θεὸν
2889 3508 3050 3575 εἶναι,
3079 3511 3168 3564 ὅτε
3217 3511 3312 3563 ἐπὶ⁸
3367 3511 3435 3563 τὰ
3475 3510 3700 3565 καθόλου

2124 3588 2274 3658 ἦλθε,
2298 3590 2424 3642 τότε
2449 3591 2651 3645 τούτων
2677 3591 2910 3646 ἅπτεται
2942 3593 3050 3646 τῶν
3103 3593 3299 3662 λόγων,
3362 3594 3455 3647 καί
3515 3612 3696 3664 φησιν’

2131 3676 2236 3740 Ὃς
2263 3674 2523 3740 ἐπάταξε
2550 3676 2622 3729 τὰ
2651 3677 3324 3748 πρωτότοκαΑίῖύπτου.
3360 3675 3497 3749 Ἀρα
3522 3680 3582 3732 οὑ
3613 3680 3701 3732 δο-

2125 3760 2213 3810 κεῖ
2270 3757 2468 3828 μᾶλλον
2524 3760 2652 3828 ὑμῖν
2699 3759 2786 3813 διὰ
2839 3761 2965 3824 τοὺς
3032 3762 3318 3824 Ἰουδαίους
3375 3761 3698 3831 γεγενῆσθαι

2123 3840 2327 3908 ταῦτα;
2373 3843 2470 3894 Ἂν
2493 3843 2672 3896 τοίνυν
2694 3843 2871 3911 δείξω,
2904 3846 2986 3898 ὅτι
3028 3845 3121 3897 καὶ
3151 3845 3215 3897 δι’
3261 3843 3476 3914 ἐτέρους
3527 3844 3699 3898 ταῦτα

2125 3924 2361 3990 ἐγένετο,
2385 3924 2437 3977 τί
2465 3926 2680 3999 ἐροῦσιν
2700 3928 2749 3980 οἱ
2788 3927 2862 3999 μὴ
2906 3927 3132 3980 καθόλου
3157 3926 3250 3980 τοῦ
3279 3927 3413 3980 Θεοῦ
3447 3929 3545 3999 τὴν
3566 3927 3700 3998 πρό-

2126 4025 2273 4061 νοιαν
2305 4007 2585 4077 λέγοντες;
2621 4009 2743 4073 Πῶς
2773 4007 2866 4063 οὖν
2897 4010 3008 4065 ἐστι
3033 4010 3236 4077 δεῖξαι;
3295 4010 3546 4064 Μάλιστα
3598 4011 3696 4081 μὲν

2125 4089 2233 4160 γάρ
2256 4091 2415 4161 ἀρκεῖ
2433 4092 2464 4161 ή
2486 4093 2578 4145 τοῦ
2590 4091 2722 4144 Θεοῦ
2746 4092 3038 4161 ἀπόφασις,
3055 4096 3086 4162 ἠ
3106 4092 3285 4160 σαφῶς
3302 4092 3429 4144 αὐτὸ
3445 4091 3693 4161 δηλοῦσα,

2124 4172 2219 4224 καὶ
2254 4173 2502 4242 λέγουσα·
2543 4173 2692 4246 [589]
2721 4175 2919 4241 Ὅπως
2957 4175 3306 4242 ἐνδείξωμαι
3337 4175 3406 4228 ἐν
3451 4175 3551 4228 σοὶ
3581 4175 3697 4243 τὴν

2124 4254 2383 4324 δύναμιν
2404 4275 2546 4326 μου,
2586 4258 2684 4310 καὶ
2738 4257 2898 4324 ὅπως
2942 4256 3225 4328 διαγγελῇ
3247 4259 3311 4311 τὸ
3360 4257 3548 4325 ὄνομά
3574 4277 3694 4329 μου

2125 4339 2194 4391 ἐν
2227 4339 2392 4408 πάσῃ
2423 4340 2498 4408 τῇ
2535 4340 2630 4410 τῇ.
2683 4337 2834 4406 Εἶδες
2860 4342 3176 4411 εὐαγγέλιον
3217 4342 3306 4395 16v
3353 4341 3578 4398 θάνατον
3616 4361 3696 4412 γιο

2125 4423 2366 4493 νόμενον,
2396 4426 2488 4476 καὶ
2517 4427 2778 4496 κήρυγμα
2810 4425 2905 4496 τὴν
2934 4425 3190 4496 θεήλατον
3217 4427 3428 4501 πληγὴν
3456 4429 3691 4499 ἐκείνην,

2125 4506 2400 4577 πανταχοῦ
2430 4509 2762 4580 περιιοῦσαν,
2821 4512 2915 4564 καὶ
2963 4512 3442 4583 ἀνακηρύττουσαν
3473 4513 3568 4584 τὴν
3600 4513 3692 4566 τοῦ

2124 4587 2260 4642 Θεοῦ
2286 4590 2551 4658 δύναμιν;
2607 4593 2831 4664 Προνοεῖ
2849 4594 3026 4648 τοίνυν
3053 4596 3152 4664 τῆς
3188 4595 3508 4666 οἰκουμένης
3552 4597 3695 4650 ἁπά-

2129 4689 2247 4741 σης,
2275 4675 2370 4726 καὶ
2397 4675 2559 4744 ήνίκα
2586 4676 2655 4729 τὰ
2687 4677 2951 4731 Ἰουδαίων
3000 4678 3207 4732 διοικεῖ.
3229 4680 3417 4732 Καίτοι
3439 4697 3500 4748 γε
3527 4681 3695 4747 ἐγνώ-

2128 4772 2242 4827 ρισε
2275 4755 2374 4828 τὴν
2400 4756 2627 4827 δύναμιν
2661 4760 2823 4814 αὐτοῦ
2873 4761 2966 4813 καὶ
2992 4761 3177 4825 πάλαι,
3204 4757 3314 4814 οἷον
3337 4762 3428 4815 ἐπὶ
3448 4762 3538 4815 τοῦ
3584 4763 3694 4817 Ἰω-

2127 4841 2257 4908 σὴφ,
2284 4842 2378 4893 ἐπὶ
2408 4841 2502 4894 τοῦ
2539 4842 2808 4914 Ἀϐραὰμ,
2840 4843 2954 4896 ἀλλ’
3009 4845 3156 4914 ὅμως
3193 4843 3286 4896 νῦν
3343 4845 3689 4914 σαφέστερον.

2127 4922 2282 4987 Πῶ;;
2315 4924 2446 4977 Τότε
2482 4923 2582 4994 μὲν
2615 4925 2680 4978 δι’
2709 4926 3046 4996 εὐεργεσίας·
3095 4926 3317 4998 ὕστερον
3366 4928 3421 4980 δὲ
3470 4931 3563 4981 καὶ⁵
3603 4929 3692 4982 διὰ
3753 4981 3757 4984 ,

2128 5005 2360 5076 πληγῆς·
2393 5007 2484 5060 καὶ
2515 5007 2576 5058 οὑ
2605 5007 2972 5077 διαλιμπάνει,
3018 5007 3047 5062 ὅ
3103 5009 3198 5062 καὶ
3243 5009 3502 5072 πολλάκις
3520 5010 3690 5080 ἔφθην

2124 5089 2313 5155 εἰπὼν,
2350 5090 2584 5160 συνεχῶς
2618 5093 2709 5148 καὶ
2740 5092 2860 5145 καθ’
2891 5092 3126 5162 ἑκάστην
3155 5093 3347 5160 γενεὰν
3376 5094 3690 5158 ἀναδεικνὺς

2125 5173 2314 5226 ἑαυτὸν
2365 5172 2454 5225 διὰ
2506 5173 2616 5226 τῶν
2662 5175 3022 5245 πραγμάτων,
3076 5175 3170 5227 καὶ
3231 5174 3529 5246 γνωρίζων.
3577 5176 3691 5245 υὺχ

2124 5257 2325 5328 ὁμοίως
2358 5257 2414 5310 δέ
2461 5258 2548 5312 ἀεὶ
2583 5258 2738 5311 τοῦτο
2766 5262 2926 5323 ποιεῖ,
2979 5255 3116 5312 ἀλλά
3165 5258 3420 5320 ποικίλως
3459 5260 3550 5310 καὶ
3577 5259 3691 5310 δια-

2126 5342 2305 5413 φόρως
2323 5359 2336 5372 ο
2368 5343 2488 5396 τότε
2514 5346 2611 5413 μὲν
2630 5343 2737 5413 γὰρ
2763 5342 2852 5395 διὰ
2881 5343 2979 5412 τῆς
2999 5342 3253 5410 γυναικὸς
3284 5340 3376 5393 τοῦ
3417 5342 3687 5410 Ἀϐρααμ,

2123 5424 2385 5496 πηρώσας
2425 5426 2521 5487 τὰς
2548 5425 2740 5489 ὠδῖνας
2767 5425 2863 5494 τῆς
2895 5427 3137 5496 φύσεως,
3171 5424 3391 5494 ὕστερον
3417 5423 3472 5476 6'5
3491 5424 3579 5477 δια
3606 5425 3689 5476 λι-

2188 5643 2211 5670 c
2247 5630 2328 5678 Sic
2373 5627 2542 5688 Savil.,
2588 5636 2761 5678 recte:
2814 5627 2984 5676 Morel.
3029 5639 3148 5676 vero
3183 5625 3690 5688 συγγνωμονεστέρους,

2121 5692 2496 5761 οπηρὶηοέιιδὲθς
2609 5752 2648 5761 ,-
2761 5751 2802 5761 ..
2926 5752 2957 5761 .,
3129 5748 3160 5761 ..
3625 5747 3668 5761 λ.

2192 5752 2382 5802 fSavil.
2422 5753 2497 5802 ἐπὶ
2537 5752 2732 5802 παίδων.
2761 5751 2868 5801 Mox
2895 5752 3020 5802 alius
3058 5763 3085 5801 a
3129 5748 3312 5801 Savilio
3351 5749 3527 5800 allatus
3559 5747 3688 5797 καθί-

2123 5831 2226 5875 σας,
2253 5831 2349 5864 και.
