4112 6342
450 339 554 396 5115

451 453 676 510 diversis
718 448 926 514 modis;
970 457 1095 502 tunc
1132 444 1346 516 quidem
1391 455 1484 512 per
1522 453 1745 493 uxorem
1769 434 2020 500 Abrahae,

452 543 730 600 sterilitate
764 542 907 596 illam
938 539 1184 608 afﬂigens
1218 553 1232 603 ;
1261 544 1444 606 postea
1476 539 1655 586 autem
1687 543 1781 599 per
1811 527 2024 588 famem,

449 634 642 690 deinde
667 647 762 704 per
793 646 970 686 rerum
997 629 1203 700 copiam
1229 643 1245 693 ;
1272 635 1393 697 post
1419 625 1534 678 lucc
1563 636 1690 677 vero
1726 636 1822 690 per
1852 619 2030 688 plagas

451 723 924 796 frequentissimas.
955 723 1214 790 Quoniam
1251 733 1380 788 ergo
1417 713 1841 772 condemnabant
1865 713 2029 764 Deum

452 814 848 880 imbecillitatis,
882 813 980 883 ipsi
1006 820 1061 867 et
1091 808 1470 881 primogenitos
1499 805 1824 866 occiderunt,
1850 811 1902 856 et
1930 801 2030 854 ﬂu-

453 911 596 962 vium
621 913 994 962 cruentarum:
1025 917 1088 957 eo
1112 903 1227 970 ipso
1251 909 1489 967 tempore
1516 897 1656 950 vires
1676 907 1885 965 quoque
1907 906 2031 946 suas

453 1000 533 1054 eis
560 996 794 1053 ostendit
834 1010 928 1065 per
960 992 1202 1064 quasdam
1227 989 1388 1060 paulo
1412 987 1743 1043 obscuriora.
1770 983 2033 1039 Obstetri-

452 1106 546 1146 ces
587 1090 729 1145 enim
757 1087 1146 1158 iEgyptiorum,
1193 1098 1313 1140 cum
1351 1079 1587 1136 crudelia
1613 1079 1698 1133 illa
1724 1077 1869 1148 jussa
1898 1091 2030 1131 con-

455 1183 817 1250 tempsissent,
849 1188 903 1232 et
957 1190 1161 1231 srevum
1206 1173 1346 1244 regis
1408 1171 1677 1228 decretum
1724 1166 2029 1232 clusissent,

455 1289 644 1344 magna
674 1285 851 1326 rerum
881 1268 1030 1339 copia
1058 1267 1269 1320 donatae
1295 1272 1437 1318 sunt.
1460 1261 1695 1331 Utraque
1716 1267 1893 1314 autem
1919 1257 2034 1311 hmc

455 1375 607 1420 erant
629 1364 720 1420 Dei
751 1359 1096 1432 providentia:
1115 1399 1130 1424 ,
1161 1355 1363 1410 scilicet
1390 1352 1530 1425 quod
1561 1361 1614 1407 et
1640 1351 1892 1406 mulieres
1919 1363 2032 1402 ma-

453 1457 623 1530 jorem
677 1455 924 1508 virtutem
971 1449 1324 1512 ostenderint,
1367 1460 1526 1516 quam
1577 1444 1611 1498 ii
1657 1459 1881 1530 quorum
1920 1451 2034 1497 erat

458 1525 618 1618 caput
643 1546 944 1603 redimitum
974 1541 1271 1598 diademate
1300 1558 1314 1594 :
1342 1548 1396 1594 et
1418 1537 1558 1608 quod
1586 1525 2034 1591 eas'remunerata

459 1643 550 1704 sit,
597 1647 650 1694 et
690 1639 742 1693 in
785 1650 1028 1707 magnam
1071 1632 1460 1690 multitudinem
1509 1644 1602 1686 eas
1645 1627 2032 1699 propagaverit.

459 1731 591 1788 Illud
619 1729 784 1795 enim,
815 1727 1069 1800 Benefecit
1098 1725 1435 1780 obstetricibus
1465 1722 1660 1796 (Exod.
1692 1723 1744 1777 1.
1771 1719 1865 1790 20)
1885 1759 1901 1784 ,
1933 1720 2037 1773 hoc

457 1832 561 1890 est,
591 1823 822 1876 Extensa
851 1829 935 1877 est
959 1833 1141 1874 earum
1169 1817 1413 1887 cognatio
1445 1833 1459 1870 :
1488 1815 1682 1870 etenim
1712 1828 1807 1883 per
1834 1828 1896 1867 ea
1924 1813 2035 1882 ipsa

458 1915 739 1980 beneficia,
767 1927 885 1982 quae
921 1910 975 1966 in
1016 1908 1228 1966 Judmos
1271 1909 1627 1970 contulerunt,
1675 1905 1975 1960 mercedem
2005 1919 2035 1958 a

461 2007 571 2062 Deo
591 2012 930 2074 accept-runt.
949 2002 1208 2070 Quoniam
1237 2015 1362 2070 ergo
1389 2014 1494 2052 non
1521 1997 1829 2053 occidebant
1851 2011 2036 2052 eorum

461 2097 708 2160 infantes,
766 2109 1100 2151 numerosam
1153 2093 1356 2163 prolem
1395 2092 1471 2146 eis
1514 2091 1653 2146 Deus
1687 2090 1905 2160 largitus
1934 2098 2035 2142 est.

461 2189 568 2245 Sed
594 2187 840 2256 quoniam
869 2186 1156 2257 pergebant
1199 2199 1320 2240 esse
1359 2183 1579 2252 stupidi,
1616 2194 1669 2236 et
1710 2182 1852 2235 onmi
1879 2197 2038 2236 sensu

465 2286 672 2356 privati,
699 2284 958 2338 acriorem
984 2284 1062 2336 eis
1098 2280 1303 2350 plagam
1343 2277 1564 2332 inﬂixit:
1604 2286 1658 2332 et
1701 2276 1884 2330 didicit
1922 2277 2040 2346 qui-

463 2377 585 2431 dem
616 2373 897 2429 universus
923 2371 1068 2426 orbis
1101 2381 1276 2433 terrae,
1318 2367 1619 2423 didicerunt
1657 2378 1836 2421 autem
1879 2367 2038 2421 etiam

463 2468 737 2541 Egyptii:
778 2466 872 2520 sed
917 2464 992 2519 illi
1031 2463 1243 2535 quidem
1274 2478 1337 2518 ex
1367 2462 1572 2530 auditu,
1605 2461 1660 2516 bi
1688 2474 1863 2516 autem
1895 2461 1946 2514 in
1977 2461 2040 2515 iis

463 2561 618 2616 malis
653 2574 770 2629 qua:
800 2555 1033 2626 sibiipsis
1061 2564 1372 2622 evenerunt,
1417 2561 1473 2608 et
1509 2555 1645 2621 visu,
1677 2563 1732 2608 et
1764 2553 1844 2608 rei
1875 2567 2040 2623 expe-

464 2650 654 2706 rientia
707 2648 799 2704 Dei
851 2655 1170 2718 potestatem
1213 2645 1479 2700 viderunt.
1534 2643 1745 2698 Etenim
1793 2641 1914 2697 ideo
1964 2643 2042 2695 cis

465 2741 731 2813 prmdixit,
780 2754 848 2794 ne
887 2738 1159 2793 videretur
1203 2753 1322 2792 esse
1371 2737 1522 2807 plaga
1563 2736 1798 2806 vulgaris
1832 2736 2038 2801 mortis,

465 2848 584 2902 qua:
614 2831 830 2889 fortuito
859 2831 1035 2899 aliquo
1063 2843 1190 2884 casu
1231 2828 1515 2883 evenisset.
1546 2827 1698 2896 Quod
1740 2827 1918 2897 itaque
1941 2827 2041 2880 ali-

467 2924 586 2980 cubi
615 2923 813 2979 dictum
841 2931 922 2976 est
950 2923 1016 2977 de
1043 2921 1348 2986 Servatore,
1380 2919 1481 2975 hoc
1508 2919 1594 2974 hic
1626 2934 1839 2990 quoque
1863 2919 2041 2974 dicere

466 3029 768 3086 pOSsumus.
795 3013 1101 3082 Quidnam?
1134 3011 1410 3065 Domiuare
1447 3012 1498 3064 in
1537 3011 1700 3065 medio
1727 3010 2045 3064 inimicorum

465 3105 842 3180 tuorum(Psal.
863 3105 984 3161 109.
999 3105 1075 3176 2).
1095 3103 1207 3158 Non
1225 3103 1364 3160 enim
1383 3103 1460 3158 eis
1487 3103 1536 3156 iu
1553 3101 1889 3158 solitudinem
1911 3101 2043 3156 edu-

468 3199 590 3266 ctis,
618 3213 718 3253 nec
746 3197 798 3251 in
827 3198 1004 3266 aliquo
1030 3196 1134 3251 aiio
1161 3195 1300 3258 loco,
1338 3194 1432 3248 sed
1473 3193 1524 3247 in
1556 3195 1668 3264 ipsa
1693 3193 1906 3249 civitate
1933 3194 2044 3263 pla-

465 3305 584 3357 gam
613 3287 810 3343 intulit.
838 3287 968 3342 Vide
991 3295 1169 3341 autem
1198 3286 1257 3340 in
1291 3285 1402 3355 ipsa
1432 3286 1589 3340 etiam
1617 3287 1767 3356 plaga
1803 3286 2042 3341 clemen-

469 3378 802 3449 tiam.(‘.tepit
827 3380 966 3433 enim
999 3379 1144 3449 prius
1168 3392 1198 3430 a
1225 3377 1527 3447 pecoribus,
1554 3386 1608 3432 et
1636 3387 1763 3433 tunc
1785 3377 1852 3432 ad
1884 3377 2044 3432 homi-

465 3487 562 3527 nes
611 3471 888 3540 processit.
912 3470 1041 3541 Quis
1079 3484 1206 3540 ergo
1249 3483 1354 3522 non
1395 3468 1689 3524 admiretur
1731 3471 2040 3540 potentiam,

467 3564 735 3635 quomodo
781 3566 956 3618 omnia
1007 3563 1058 3616 in
1105 3577 1213 3618 uno
1261 3561 1518 3632 temporis
1567 3570 1837 3617 momento
1888 3561 2041 3616 simul

467 3655 661 3719 attulit,
683 3653 1061 3723 indulgentiam
1094 3653 1242 3718 item,
1266 3661 1320 3708 et
1348 3653 1660 3722 sapientiam
1689 3651 2044 3708 ineﬂiibilem?

467 3746 648 3816 Neque
677 3746 819 3801 enim
846 3745 981 3798 hanc
1012 3745 1234 3814 primam
1259 3743 1464 3814 plagam
1493 3742 1702 3809 inﬂixit,
1734 3758 1828 3797 eos
1855 3743 2043 3798 volens

469 3854 562 3909 per
587 3838 718 3894 alias
743 3839 1030 3908 corrigere.
1074 3852 1170 3892 nec
1196 3836 1406 3906 quando
1429 3837 1636 3901 inﬂixit,
1666 3850 1769 3890 nou
1799 3851 2045 3906 praenun-

469 3933 650 3987 tiatam
675 3930 880 3985 inﬂixit.
905 3929 1297 3997 Quamobrem?
1321 3928 1390 3984 Ut
1415 3944 1507 3984 eos
1531 3928 1710 3983 verbis
1736 3929 2040 3998 castigaret,

468 4033 523 4079 et
548 4039 615 4078 ne
641 4022 952 4078 devenirent
975 4021 1040 4076 ad
1072 4036 1247 4075 rerum
1279 4019 1657 4089 experientiam
1692 4036 1705 4071 :
1735 4034 1834 4073 nec
1860 4034 2044 4074 rursus

466 4114 717 4191 quoniam
739 4129 844 4168 non
864 4111 1088 4168 correcti
1113 4110 1348 4176 fuerunt,
1378 4110 1619 4179 permisit
1639 4119 1697 4164 ut
1724 4119 1867 4164 esset
1893 4110 2043 4180 plaga

468 4207 643 4262 dubia.
664 4204 742 4261 Ne
762 4205 879 4276 quis
905 4204 1044 4258 enim
1068 4202 1397 4257 existimaret
1419 4201 1635 4255 fortuito
1662 4209 1754 4255 aut
1773 4200 2037 4265 morbum,

469 4309 561 4353 aut
587 4306 791 4368 pestem
823 4296 1107 4362 incidisse,
1139 4293 1260 4348 vide
1287 4301 1416 4362 quot
1438 4309 1526 4348 res
1551 4302 1888 4348 concurrant.
1922 4293 2041 4346 Pri-

468 4407 613 4446 mum
653 4405 838 4446 omnes
876 4390 927 4443 in
959 4404 1060 4444 una
1092 4395 1267 4442 nocte.
1298 4386 1546 4442 Secundo
1571 4387 1747 4441 omnia
1774 4387 2040 4456 primoge-

471 4485 600 4540 nita.
622 4483 676 4538 Si
698 4483 839 4538 enim
862 4481 1048 4536 fuisset
1075 4480 1257 4548 pestis,
1290 4493 1396 4532 non
1421 4478 1530 4532 sola
1559 4479 1818 4548 tetigisset
1845 4478 2044 4547 primo-

464 4561 661 4645 genita,
694 4573 942 4628 secundis
980 4585 1107 4626 vero
1149 4568 1513 4641 pepercisset:
1557 4568 1652 4623 sed
1682 4583 1870 4624 omnes
1910 4569 2040 4623 citra

469 4665 629 4718 ullum
659 4663 945 4718 discrimen
979 4658 1533 4731 pervasisset.Tertio,
1566 4659 1609 4712 si
1642 4658 1824 4713 fuisset
1854 4659 2036 4727 pestis,

467 4769 574 4806 non
595 4752 938 4807 abstinuisset
966 4751 1182 4806 omnino
1202 4765 1234 4805 a
1257 4749 1475 4814 Judznis,
1501 4764 1600 4803 nec
1621 4749 1762 4802 solos
1782 4749 2043 4819 tetigisset

465 4844 766 4916 Aﬂgyptios,
797 4843 892 4898 sed
917 4858 980 4897 ea
1006 4843 1172 4897 multo
1218 4842 1385 4911 magis
1427 4855 1650 4910 corpora
1692 4839 2032 4904 confecisset,

467 4950 585 5004 qua:
615 4933 795 4989 labore
819 4941 875 4989 et
908 4933 1140 4997 miseria,
1172 4941 1225 4986 et
1253 4940 1332 4986 tot
1357 4941 1411 4986 et
1439 4932 1597 4985 tantis
1623 4930 1775 4984 malis
1801 4929 2040 4984 confecta

465 5025 696 5090 fuerant,
741 5040 859 5095 quae
905 5031 1215 5094 paupertate
1257 5031 1312 5078 et
1351 5023 1491 5077 fame
1533 5021 1851 5092 jampridem
1903 5021 2038 5076 adeo

465 5115 720 5172 exhausta
758 5125 909 5172 erant
933 5133 946 5170 :
984 5131 1088 5169 non
1114 5130 1317 5184 regum,
1346 5123 1400 5168 et
1436 5129 1620 5168 eorum
1648 5114 1736 5182 qui
1762 5123 1914 5168 erant
1940 5129 2037 5168 au-

466 5210 710 5264 ctoritate
738 5219 792 5262 et
819 5207 1072 5276 dignitate
1099 5205 1328 5276 praediti,
1361 5205 1450 5274 qui
1479 5205 1644 5258 libere
1669 5211 1723 5259 et
1747 5219 1934 5260 secure
1964 5206 2040 5259 vi-

467 5301 679 5363 vebant,
723 5298 913 5368 quibus
957 5297 1132 5352 omnia
1184 5310 1304 5365 quas
1350 5296 1417 5350 ad
1463 5295 1660 5350 cultum
1688 5305 1743 5351 et
1779 5296 1846 5351 ad
1879 5295 2036 5350 vitam

465 5391 729 5459 pertinent
773 5388 983 5443 abunde
1023 5389 1391 5456 suppetebant.
1423 5385 1482 5441 Si
1510 5385 1696 5441 fuisset
1717 5386 1902 5456 pestis,
1931 5403 2036 5441 non

463 5492 686 5553 repente
736 5481 990 5545 venisset,
1034 5479 1126 5535 sed
1174 5488 1455 5547 antequam
1501 5477 1804 5548 ingruisset,
1837 5480 2036 5549 praevia

462 5573 725 5630 adventus
748 5573 898 5640 signa
919 5569 1167 5625 dedisset.
1196 5568 1344 5622 Nune
1368 5577 1542 5622 autem
1567 5567 1682 5622 [nec
1707 5569 1860 5622 simul
1885 5567 2034 5630 fiunt,

463 5675 524 5721 ut
550 5664 914 5736 Egyptiorum
945 5670 1191 5730 arguatur
1218 5659 1459 5713 vecordia
1495 5676 1506 5712 :
1533 5659 1728 5712 etenim
1758 5667 1876 5727 post
1903 5658 2037 5712 hanc

467 5757 669 5828 plagam
715 5762 764 5810 et
807 5756 1084 5823 postquam
1121 5759 1304 5821 aperte
1345 5747 1658 5806 didicissent
1679 5762 1795 5805 csse
1823 5749 2025 5819 plagam

1547 357 1550 360 ~
1580 320 1938 379 EXPOSITIO
1977 317 2039 373 IN
2080 315 2407 372 PSALMUM
2431 316 2714 372 CXXXIV.

3604 311 3723 369 39".

2135 430 2386 486 divinitus
2435 433 2764 499 immissam,
2814 434 3118 503 persequuti
3174 441 3298 488 sunt
3351 431 3567 488 Judznos
3620 435 3712 502 qui

2132 533 2486 589 recesserant,
2505 523 2644 592 quod
2676 533 2757 577 est
2781 523 2990 593 signum
3031 525 3281 578 maximae
3304 537 3487 578 eorum
3518 540 3708 580 vecor-

2134 612 2235 668 diae
2259 622 2316 668 et
2347 613 2442 668 Dei
2471 614 2696 668 maxima
2725 612 2984 669 defensio.
3004 613 3262 682 Quoniam
3290 616 3427 669 enim
3457 624 3611 670 erant
3638 617 3711 671 si-

2133 720 2235 775 gna
2259 713 2552 770 cessatura,
2587 719 2649 758 ea
2676 705 2935 774 ejusmodi
2964 705 3100 775 signi
3126 707 3274 760 exitu
3295 707 3576 767 conclusit.
3605 723 3712 778 quo

2133 812 2196 852 ea
2240 811 2360 866 qua:
2389 805 2512 850 ante
2543 795 2678 851 facta
2708 807 2831 850 sunt
2853 796 3094 852 defendit
3117 799 3256 867 apud
3293 813 3386 854 eos
3412 802 3500 868 qui
3529 801 3712 854 volunt

2135 885 2431 942 attendere.
2478 886 2557 941 Ne
2608 888 2726 956 quis
2779 889 2920 942 enim
2977 889 3215 953 diceret,
3264 888 3373 944 Cur
3426 895 3716 960 puniuntur

2135 994 2342 1044 omnes,
2382 993 2503 1033 cum
2531 995 2620 1033 rex
2648 979 2862 1035 Iudaeos
2890 979 3186 1046 detineret,
3213 991 3267 1035 et
3293 992 3538 1051 peccaret
3571 1001 3585 1038 :
3618 999 3718 1053 per

2137 1073 2238 1126 hoc
2265 1073 2504 1127 ultimum
2533 1072 2691 1126 solvit
2715 1073 2851 1127 hanc
2879 1071 3282 1127 dubitationem.
3312 1075 3591 1141 Quomodo
3623 1090 3716 1143 per

2137 1165 2412 1220 ultimum?
2436 1165 2696 1231 Quoniam
2727 1163 2937 1234 quando
2968 1179 3214 1233 percussa
3246 1175 3367 1219 sunt
3392 1181 3575 1221 eorum
3602 1169 3714 1236 pri-

2137 1256 2420 1326 mogenita,
2452 1255 2536 1310 vel
2564 1255 2728 1309 invito
2753 1270 2878 1324 rege
2914 1254 3129 1310 Judceos
3169 1256 3508 1326 expulerunt.
3541 1257 3718 1326 Quare

2137 1350 2300 1404 etiam
2323 1349 2368 1404 si
2390 1349 2682 1404 voluissent
2707 1349 2774 1402 ab
2802 1349 2968 1414 initio,
2995 1349 3293 1420 potuissent
3313 1365 3430 1405 esse
3457 1365 3522 1406 eo
3553 1367 3717 1422 supe-

2137 1443 2329 1499 riores.
2353 1442 2470 1497 Non
2491 1442 2647 1512 igitur
2673 1458 2850 1512 regem
2882 1442 3002 1498 ideo
3029 1459 3132 1496 non
3161 1444 3422 1510 vicerunt,
3449 1445 3586 1514 quod
3610 1461 3717 1499 non

2139 1545 2390 1603 possent,
2430 1534 2524 1588 sed
2549 1533 2690 1604 quod
2732 1535 2951 1588 nollent.
2983 1535 3282 1604 Quinetiam
3323 1551 3383 1592 ea
3410 1552 3530 1608 qua:
3577 1547 3720 1607 post-

2139 1641 2201 1680 ca
2247 1635 2571 1696 consequuta
2613 1636 2694 1682 est
2737 1628 3075 1698 persequutio
3109 1629 3312 1685 crimen
3365 1646 3550 1686 eorum
3601 1648 3720 1686 am-

2141 1719 2357 1788 pliﬁcat.

2214 1812 2267 1867 5.
2309 1809 2422 1865 Hoc
2448 1810 2607 1866 etiam
2629 1811 2807 1866 evenit
2837 1811 2888 1866 in
2917 1810 3066 1868 Saftl.
3097 1810 3322 1878 Quando
3350 1814 3492 1868 enim
3524 1815 3638 1884 ejus
3661 1816 3723 1870 fi-

2142 1902 2270 1956 lium
2293 1903 2501 1972 eripere
2523 1903 2822 1972 oportebat.
2854 1919 3042 1958 omnes
3062 1905 3220 1975 vulgo
3247 1899 3581 1962 assentaiites
3608 1909 3723 1979 regi

2141 2011 2262 2049 eum
2283 2037 2298 2061 ,
2343 1996 2550 2050 tametsi
2580 1996 2749 2066 legem
2777 1996 2863 2051 ille
2903 2003 3266 2068 transgressus
3299 2010 3476 2064 esset,
3509 2001 3722 2070 eripue-

2142 2094 2266 2139 runt
2291 2086 2364 2158 (1.
2390 2086 2516 2156 Reg.
2544 2086 2630 2140 14.
2652 2085 2744 2157 45)
2778 2104 2792 2141 :
2813 2087 3026 2158 quando
3050 2097 3224 2144 autem
3247 2089 3456 2145 volebat
3480 2092 3725 2148 occidere

2146 2187 2222 2232 tot
2243 2179 2568 2245 sacerdotes,
2595 2194 2663 2234 ne
2704 2193 2890 2234 vocem
2915 2180 3128 2246 quidem
3159 2183 3471 2247 emiserunt,
3506 2200 3605 2239 nec
3632 2201 3726 2239 eos

2143 2271 2494 2327 defenderunt
2525 2273 2601 2342 (1.
2635 2271 2764 2343 Reg.
2785 2271 2874 2327 22.
2905 2272 3012 2342 17).
3043 2273 3194 2340 Quod
3225 2275 3268 2328 si
3301 2283 3422 2328 tunc
3462 2276 3728 2332 habebant

2146 2371 2386 2417 naturam
2412 2378 2530 2433 qua:
2557 2379 2652 2432 pro
2675 2364 2753 2418 eis
2774 2365 2989 2429 faceret,
3019 2363 3103 2419 hic
3121 2367 3280 2420 etiam
3311 2367 3577 2422 habebant
3593 2370 3728 2436 juris

2146 2468 2412 2512 naturam.
2441 2456 2606 2511 Erant
2629 2457 2772 2511 enim
2800 2456 3126 2524 sacerdotes,
3150 2469 3204 2513 et
3230 2468 3344 2513 erat
3381 2461 3554 2516 credes
3579 2461 3729 2516 nefa-

2146 2548 2246 2608 ria.
2278 2556 2332 2602 et
2355 2547 2432 2601 ira
2471 2561 2576 2602 non
2619 2563 2685 2603 ex
2723 2557 2871 2602 recto
2909 2546 3109 2616 judicio
3153 2549 3404 2618 profecta.
3436 2549 3539 2606 Sed
3575 2552 3730 2623 hujus

2147 2644 2223 2698 rei
2239 2657 2398 2696 causa
2414 2650 2528 2696 erat
2543 2642 2806 2709 socordia,
2829 2653 2884 2697 et
2909 2642 3049 2714 quod
3070 2644 3407 2700 sacerdotum
3428 2647 3598 2702 vicem
3623 2664 3728 2704 non

2147 2733 2298 2788 valde
2319 2733 2587 2789 dolebant.
2617 2732 2746 2788 Vide
2766 2749 2895 2805 ergo
2914 2751 3031 2804 quae
3056 2738 3188 2790 mala
3209 2748 3389 2806 postea
3408 2739 3689 2796 inciderint
3713 2761 3726 2795 :

2149 2824 2287 2877 illius
2332 2825 2473 2879 enim
2519 2824 2853 2895 negligentia:
2893 2842 2999 2880 non
3046 2827 3186 2882 leves
3216 2844 3401 2897 pinnas
3445 2831 3727 2888 dederunt.

2147 2917 2369 2985 Quando
2401 2933 2527 2988 ergo
2549 2917 2740 2972 factum
2770 2917 2928 2973 fuerit
2955 2920 3150 2990 aliquid
3179 2921 3458 2988 nefarium,
3485 2939 3643 2980 nemo
3663 2927 3727 2980 sit

2149 3010 2293 3064 iners
2317 3018 2370 3064 et
2399 3009 2635 3078 ignavus,
2669 3009 2762 3063 sed
2807 3011 2927 3080 igne
2962 3011 3232 3066 ardentior
3263 3030 3276 3066 :
3307 3029 3406 3067 nec
3435 3015 3610 3070 minus
3634 3016 3728 3071 do-

2150 3103 2273 3169 leat,
2301 3118 2457 3172 quam
2492 3102 2524 3156 ii
2569 3102 2760 3172 quibus
2789 3104 2844 3157 fit
2870 3102 3058 3173 injuria
3079 3145 3092 3167 ,
3121 3113 3175 3159 et
3202 3104 3273 3160 ita
3318 3105 3541 3176 plurima
3591 3110 3727 3164 mala

2149 3193 2420 3248 sistentur.
2452 3193 2527 3246 Ab
2554 3192 2755 3247 homine
2774 3209 2929 3264 usque
2952 3195 3019 3248 ad
3039 3211 3209 3264 pecus.
3238 3195 3344 3251 Cur
3370 3206 3546 3252 autem
3568 3198 3728 3254 etiam

2149 3284 2380 3354 pecora?
2420 3283 2677 3353 Quoniam
2733 3297 2948 3354 propter
2997 3285 3237 3343 homines
3282 3289 3415 3344 facta
3464 3300 3621 3360 sunt,
3665 3308 3728 3350 ea

2147 3392 2359 3446 quoque
2385 3378 2534 3446 punit
2560 3387 2779 3447 propter
2808 3378 3097 3447 hominem,
3130 3391 3188 3435 ut
3215 3393 3405 3453 augeat
3445 3386 3688 3441 timorem
3710 3430 3725 3454 ,

2150 3483 2205 3526 ut
2229 3472 2564 3528 intentiorem
2588 3472 2772 3526 reddat
2793 3473 3166 3541 calamitatem,
3185 3483 3243 3529 ut
3264 3479 3503 3532 ostendat
3523 3480 3729 3551 plagam

2147 3576 2268 3618 esse
2293 3561 2546 3618 divinitus
2573 3563 2884 3628 immissam,
2915 3573 2969 3618 et
2996 3563 3193 3620 bellum
3224 3568 3510 3634 procedere
3537 3571 3605 3625 de
3625 3586 3731 3625 Cie-

2148 3655 2232 3710 lis.
2260 3653 2315 3709 9.
2350 3654 2530 3709 Emisit
2551 3655 2696 3726 signa
2731 3667 2779 3710 et
2814 3655 3046 3726 prodigia
3072 3657 3125 3709 in
3150 3658 3314 3712 medio
3339 3660 3434 3726 tui,
3478 3659 3726 3733 Egypte.

2148 3748 2283 3815 Quid
2308 3756 2410 3812 est,
2444 3747 2508 3802 In
2535 3749 2698 3802 medio
2728 3749 2846 3802 tui?
2874 3749 2968 3804 Vel
2995 3750 3167 3805 locum
3198 3751 3344 3817 dicit,
3375 3755 3456 3807 vel
3487 3755 3625 3808 idem
3650 3765 3729 3810 est

2147 3841 2305 3912 quod,
2353 3841 2650 3896 manifeste.
2697 3841 2830 3895 lllud
2861 3841 3023 3907 enim,
3052 3840 3119 3894 In
3156 3843 3338 3906 medio,
3367 3844 3562 3914 ubique
3587 3846 3726 3901 idem

2147 3932 2406 4004 significat
2433 3933 2572 4002 quod
2603 3941 2802 4002 aperte,
2833 3941 2890 3988 ut
2917 3933 3129 4003 quando
3154 3935 3280 3990 dicit
3307 3935 3541 4003 alicubi,
3581 3915 3725 3994 :Feci.

2147 4029 2356 4080 salutem
2397 4027 2450 4082 in
2480 4025 2644 4079 medio
2671 4035 2817 4080 teme
2856 4023 3025 4098 (Psal.
3059 4028 3144 4082 75.
3179 4027 3265 4097 12)
3295 4046 3307 4081 :
3339 4037 3420 4083 est
3444 4029 3585 4084 enim
3617 4047 3730 4086 me»

2147 4117 2290 4172 dium
2321 4117 2653 4173 manifestum
2675 4119 2940 4172 omnibus.
2977 4118 3158 4173 Emisit
3181 4121 3324 4190 signa
3344 4129 3389 4174 et
3417 4123 3652 4194 prodigia
3675 4124 3730 4178 in

2147 4210 2309 4263 medio
2343 4209 2434 4276 tui,
2463 4207 2708 4280 Afgypzc.
2748 4208 2876 4264 Iure
2902 4218 3078 4264 autem
3105 4209 3306 4280 optimo
3338 4229 3351 4266 :
3380 4226 3443 4266 ea
3466 4213 3605 4267 enim
3638 4212 3731 4268 lie-

2148 4301 2271 4355 bant
2291 4302 2358 4356 ad
2379 4301 2788 4368 correctionem,
2809 4309 2864 4356 et
2879 4301 2947 4356 ad
2967 4315 3058 4357 eos
3078 4301 3435 4358 ostendendos
3460 4304 3549 4372 qui
3571 4315 3725 4360 erant

2147 4392 2397 4448 lucraturi
2446 4410 2459 4446 :
2505 4408 2611 4447 non
2652 4401 2854 4447 temere
2879 4392 3020 4448 enim
3065 4393 3398 4459 eveniebant,
3430 4394 3524 4449 sed
3568 4397 3730 4452 modo

2147 4485 2607 4539 admirabilissimo
2631 4502 2643 4537 :
2676 4500 2841 4554 quare
2862 4493 2914 4539 et
2939 4500 3003 4538 eo
3022 4485 3164 4554 quod
3193 4485 3472 4553 feriebant,
3495 4501 3562 4542 eo
3583 4490 3728 4558 quod

2147 4577 2478 4639 mirabiliter,
2529 4576 2791 4646 duplicem
2832 4575 3126 4631 aﬂ'erebant
3152 4577 3451 4632 utilitatem.
3481 4577 3547 4632 In
3584 4578 3728 4634 Pha-

2145 4686 2369 4735 raonem,
2393 4680 2440 4724 et
2459 4671 2512 4723 in
2540 4685 2708 4723 omnes
2724 4684 2891 4722 servos
2916 4670 3046 4738 ejus.
3072 4669 3259 4723 Vidisti
3283 4671 3568 4738 potentiam
3594 4671 3728 4726 inef-

2147 4763 2395 4818 fabilem?
2419 4761 2684 4832 quomodo
2712 4775 2832 4815 cum
2875 4775 3061 4814 omnes
3102 4759 3256 4814 simul
3297 4770 3512 4826 essent,
3553 4762 3620 4819 de
3648 4766 3727 4817 eis

2145 4865 2413 4927 sumptum
2455 4866 2537 4911 est
2561 4855 2873 4925 supplicium
2895 4895 2911 4918 ,
2940 4863 2994 4908 et
3028 4853 3100 4908 illi
3129 4853 3340 4923 quidem
3369 4855 3722 4923 patiebantur,

2144 4948 2234 5003 alii
2259 4963 2387 5002 vero
2421 4945 2804 5003 lucrabantur?
2831 4945 3107 5012 Quomodo
3131 4954 3307 5000 autem
3336 4946 3482 5010 dicit,
3525 4945 3589 5000 In
3613 4963 3722 5001 om-

2145 5057 2230 5095 nes
2260 5055 2425 5094 servos
2449 5039 2601 5108 ejus?
2626 5037 2784 5108 Atqui
2812 5052 2918 5091 non
2941 5036 3206 5092 habebant
3232 5052 3424 5092 omnes
3453 5039 3724 5108 primoge-

2146 5133 2252 5187 uita
2283 5149 2298 5186 :
2327 5129 2421 5186 sed
2447 5129 2573 5185 dicit
2600 5129 2668 5184 de
2687 5129 2803 5182 aliis
2823 5128 3010 5198 signis,
3043 5136 3098 5184 et
3121 5127 3245 5182 dum
3273 5129 3322 5180 in
3353 5127 3588 5199 Egypto
3609 5131 3724 5199 qui-

2144 5225 2264 5279 dem
2293 5223 2346 5278 hi
2374 5223 2673 5285 ferireutur,
2698 5221 2900 5274 lucrum
2929 5217 3193 5274 faciebant
3226 5217 3394 5272 Judaei
3419 5234 3431 5271 :
3458 5219 3582 5272 dum
3613 5235 3722 5276 au—

2144 5328 2250 5373 tem
2297 5318 2348 5370 in
2396 5314 2678 5370 solitudine
2723 5313 2978 5368 beneﬂcio
3021 5311 3189 5366 Judazi
3238 5310 3597 5376 afﬁcerentur,
3629 5312 3718 5367 alii

2139 5410 2457 5481 juvabantur
2481 5406 2590 5480 (a);
2617 5415 2672 5461 et
2699 5406 2875 5477 plagas
2897 5405 3107 5476 quidem
3132 5403 3321 5458 inﬂixit
3341 5403 3602 5472 hostibus,
3623 5405 3722 5462 bos

2206 5566 2279 5629 (τι)
2311 5562 2504 5629 Quando
2527 5563 2627 5629 ait,“
2655 5562 2832 5629 gudajs
2866 5563 2915 5610 in
2949 5560 3209 5629 solitudine
3231 5559 3476 5629 beneﬂcio
3508 5560 3715 5629 aﬂ'ect_is,

2145 5620 2290 5680 etiam
2325 5620 2446 5675 alios
2467 5623 2702 5673 beneﬂcio
2727 5624 2926 5672 affectos
2947 5622 3115 5685 fuisse,
3142 5623 3187 5670 id
3227 5620 3457 5685 intelligit
3493 5622 3556 5672 de
3586 5622 3718 5685 vulgi

2143 5690 2394 5754 promiscui
2419 5685 2752 5755 innumerabili
2755 5684 3098 5755 _u‘tult_itudiue,
3119 5696 3233 5755 quas
3256 5697 3365 5732 cum
3389 5683 3488 5755 illis
3505 5683 3719 5755 profecta

2145 5745 2366 5806 narratur
2406 5748 2551 5800 Exodi
2580 5760 2683 5811 can.
2726 5748 2801 5798 15.
2842 5749 2897 5797 tli
2922 5753 3059 5798 erant
3089 5745 3407 5812 alienigenae,
3434 5745 3640 5812 3mm
3667 5755 3734 5798 et-
