4070 6340
377 294 484 356 395
1135 293 1192 352 8.
1231 292 1508 350 JOANNIS
1543 290 2016 349 CIIRYSOSTOMI
2050 294 2364 354 MlClllEP.
2401 299 2931 360 CONSTANTINOP.
3534 314 3645 369 3'96.

378 431 506 472 Vero
529 417 705 472 affecit
732 415 1002 470 beneflciis
1021 456 1035 477 ,
1061 427 1154 484 per
1183 423 1404 482 utraque
1440 427 1626 469 ornnes
1643 413 1856 482 juvans.
1888 412 1954 466 Et

379 525 476 565 cur
505 525 608 563 non
643 509 740 562 hos
773 521 982 578 quoque
1009 505 1268 560 beneficio
1297 505 1459 559 afficit
1477 505 1506 558 ?'
1528 504 1786 579 Quoniam
1812 503 1956 558 soliti

383 609 509 654 sunt
551 600 788 668 plerique
814 597 1057 652 homines
1087 597 1320 666 percussi
1364 596 1537 665 potius
1575 611 1732 664 quam
1759 595 1958 650 benefi-

378 694 464 746 cio
487 691 661 746 ail'ecti
691 690 853 744 Deum
879 672 1360 759 agnoscereanod
1387 686 1528 740 enim
1559 687 1722 743 nollet
1748 701 1840 741 eos
1862 701 1961 754 pu-

381 784 516 848 nire,
544 782 660 837 vide
682 798 802 836 eum
824 781 1036 836 assidue
1059 780 1409 843 differentem,
1429 787 1482 834 et
1501 779 1677 848 plagas
1699 778 1956 833 cohiben-

382 884 486 927 tcm
528 883 582 928 et
611 888 706 942 per
739 882 960 940 utraque
999 870 1362 925 ostendentem
1396 870 1681 938 potentiam
1723 883 1873 922 suam
1904 877 1958 923 ct

377 964 739 1018 clementiam.
788 962 945 1029 Atqui
989 971 1069 1016 sat
1099 961 1279 1014 fuisset
1306 968 1424 1028 post
1452 977 1607 1013 unam
1630 1003 1645 1026 ,
1665 960 1953 1015 secundam

377 1069 432 1113 et
456 1058 696 1120 tertiam,
730 1065 993 1124 tamquam
1015 1056 1101 1123 qui
1137 1053 1323 1108 morbo
1351 1053 1716 1108 immedicabili
1745 1052 1954 1106 labora-

379 1160 518 1213 rent,
549 1163 643 1204 eos
667 1148 891 1202 omnino
907 1147 1124 1215 perdere
1140 1164 1154 1198 :
1171 1155 1225 1199 at
1250 1146 1433 1209 noluit,
1451 1144 1544 1199 sed
1569 1152 1953 1213 etquamquam

377 1242 551 1294 futura
581 1242 874 1309 pra-sciret,
902 1245 956 1290 et
983 1235 1122 1304 quod
1151 1250 1250 1290 nec
1272 1236 1472 1304 quinta,
1501 1249 1599 1288 nec
1647 1243 1824 1296 sexta,
1859 1249 1955 1288 nec

375 1332 584 1386 decima
626 1331 874 1384 meliores
917 1327 1072 1382 futuri
1116 1336 1334 1392 essent,
1363 1341 1466 1380 non
1500 1325 1702 1379 destitit
1730 1326 1748 1356 ¹
1782 1327 1956 1379 facere

375 1439 495 1493 quae
517 1438 610 1478 sua
634 1431 784 1476 erant
807 1439 820 1474 :
846 1419 984 1474 unde
1000 1419 1227 1474 maxime
1250 1418 1368 1486 ejus
1394 1426 1728 1486 potestatem,
1747 1431 1951 1482 coram,

375 1516 688 1586 sapientiam
719 1524 773 1570 et
799 1515 1085 1569 bonitatem
1117 1512 1365 1566 admirari
1396 1527 1602 1582 aequum
1629 1521 1728 1566 est.
1760 1511 1956 1566 Poten-

377 1607 504 1662 tiam
531 1647 546 1671 ,
590 1605 732 1676 quod
776 1603 1136 1674 percusserit;
1168 1619 1348 1658 curam
1379 1645 1394 1670 ,
1427 1603 1569 1673 quod
1616 1603 1950 1668 cohibuerit;

375 1696 686 1768 sapientiam
715 1736 731 1762 ,
763 1695 902 1766 quod
928 1711 1048 1750 cum
1083 1696 1244 1750 sciret
1283 1694 1460 1748 futura
1486 1737 1500 1758 ,
1528 1711 1648 1764 qua:
1678 1710 1770 1749 sua
1799 1705 1953 1750 erant

375 1790 595 1845 fecerit:
625 1789 763 1859 quod
793 1791 964 1858 ipsum
989 1805 1200 1858 quoque
1227 1799 1308 1843 est
1339 1790 1582 1843 maxima:
1616 1789 1912 1844 clementia:
1934 1829 1949 1851 ,

375 1881 515 1950 quod
543 1881 759 1950 incipiat
785 1895 812 1933 δ
844 1881 1135 1933 minoribus
1161 1921 1174 1942 ,
1204 1878 1343 1950 quod
1372 1880 1438 1932 ah
1462 1881 1524 1934 iis
1551 1896 1669 1950 qua:
1697 1895 1800 1933 non
1829 1887 1953 1933 sunt

373 1977 578 2031 ratione
599 1975 834 2043 praedita.
867 1973 1214 2045 Progrediens
1240 1981 1412 2027 autem
1441 1973 1608 2040 ipsum
1639 1988 1848 2042 quoque
1875 1989 1953 2026 re-

375 2083 494 2136 gem
526 2067 731 2134 attigit,
760 2066 900 2135 quod
930 2067 1089 2120 etiam
1121 2065 1350 2118 maxime
1370 2063 1496 2118 fecit
1521 2074 1576 2117 ut
1599 2064 1951 2132 praedicaren-

376 2170 462 2211 tur
479 2175 596 2228 quae
619 2157 952 2214 eveniebant.
976 2157 1103 2224 Quae
1121 2159 1259 2214 enim
1285 2156 1488 2225 privato
1508 2157 1660 2209 alicui
1682 2157 1947 2222 accidunt,

373 2251 539 2307 latere
566 2252 722 2307 etiam
743 2259 1155 2306 consentaneum
1181 2262 1292 2304 est:
1322 2250 1534 2319 quando
1558 2258 1732 2304 autem
1761 2249 1842 2302 vir
1869 2257 1952 2302 est

374 2344 596 2416 insignis
621 2344 708 2414 qui
739 2343 944 2412 plagam
967 2342 1159 2412 accipit
1182 2380 1197 2407 ,
1228 2341 1362 2394 nihil
1390 2349 1530 2394 vetat
1555 2340 1838 2410 quominus
1863 2354 1950 2392 res

377 2437 574 2507 ubique
612 2435 872 2489 audiatur.
906 2434 1190 2502 Postquam
1237 2448 1363 2486 vero
1402 2432 1535 2486 dixit
1562 2447 1775 2487 causam
1805 2473 1819 2496 ,
1853 2446 1949 2485 cur

374 2526 699 2598 percusserit
731 2567 747 2593 ,
793 2525 923 2580 dicit
952 2527 1108 2580 etiam
1137 2527 1336 2594 plagas.
1365 2524 1468 2579 Sed
1496 2539 1665 2594 neque
1691 2540 1781 2578 eas
1807 2540 1949 2592 smpe

372 2628 612 2675 recenset
638 2659 654 2682 ,
684 2632 854 2687 neque
879 2617 1145 2686 sigillatim
1177 2615 1507 2686 persequitur
1539 2633 1552 2669 :
1583 2615 1677 2669 Sed
1706 2631 1825 2670 cum
1855 2631 1948 2670 eas

370 2727 480 2768 uno
505 2711 669 2767 verbo
689 2711 1058 2780 signiﬁcasset,
1089 2708 1447 2776 putereurrit
1475 2706 1699 2762 dicendo
1719 2749 1734 2773 ,
1763 2705 1952 2760 Emisit

375 2803 521 2873 signa
550 2811 598 2856 et
625 2802 856 2871 prodigia
872 2801 924 2852 in
945 2799 1108 2852 medio
1138 2799 1211 2852 tui
1237 2841 1251 2864 ,
1278 2798 1522 2868 Aiggple.
1547 2797 1744 2852 Deinde
1773 2797 1950 2850 educit

370 2909 557 2950 rursus
581 2895 833 2966 populum
862 2909 925 2949 ex
950 2893 1182 2964 Egypt!)
1205 2895 1255 2946 in
1282 2893 1546 2947 desertum
1574 2935 1588 2957 ,
1625 2893 1818 2961 ubique
1855 2906 1948 2946 os-

377 2988 599 3042 tendens
628 3002 687 3042 se
730 3002 834 3040 non
866 3001 985 3041 esse
1023 2987 1186 3039 Deum
1229 2994 1429 3037 tantum
1476 2983 1699 3053 alicujus
1737 2983 1900 3052 partis
1928 3021 1944 3048 ,

375 3097 472 3136 nec
502 3082 556 3135 in
582 3096 742 3135 unam
783 3080 949 3133 solam
979 3080 1251 3149 regionem
1287 3077 1614 3134 dominatum
1655 3077 1897 3131 obtinere
1928 3115 1945 3142 ,

371 3173 467 3228 sed
509 3174 563 3228 in
607 3174 910 3227 universum
941 3171 1122 3226 orbem
1167 3181 1341 3225 terrae.
1385 3170 1644 3235 Quocirca
1675 3167 1945 3232 subjunxit

370 3265 588 3318 dicens:
620 3264 706 3318 l0.
740 3261 840 3327 Qui
860 3262 1100 3333 percussit
1127 3271 1295 3332 gentes
1327 3261 1511 3314 omitas
1543 3301 1558 3326 ,
1597 3269 1642 3312 et
1673 3259 1853 3312 occidit
1876 3274 1947 3311 re-

376 3371 462 3422 ges
481 3353 636 3424 fortes
663 3368 682 3406 :
706 3367 804 3421 per
831 3359 993 3406 totam
1015 3351 1152 3404 viam
1181 3351 1398 3420 pignora
1423 3350 1582 3403 variis
1611 3348 1781 3402 modis
1807 3363 1944 3416 pra:-

370 3445 504 3498 bens
524 3457 634 3497 sua:
665 3443 942 3511 potentiae,
974 3451 1028 3495 et
1056 3441 1108 3495 in
1131 3441 1258 3510 ipsis
1283 3441 1536 3495 docendis
1568 3456 1662 3509 per
1686 3454 1772 3493 res
1803 3441 1944 3508 ipsas

369 3537 657 3592 deducens.
689 3535 790 3589 Per
819 3534 956 3590 bella
984 3533 1129 3588 enim
1153 3533 1326 3601 priora
1352 3547 1564 3600 quoque
1588 3531 1772 3586 docuit
1793 3572 1807 3596 ,
1838 3545 1942 3584 non

369 3639 611 3685 naturam
630 3629 787 3693 aeris,
801 3643 905 3680 non
919 3627 1206 3695 potentiam
1219 3625 1730 3690 elementorum,nec
1748 3623 1945 3694 aliquid

367 3719 511 3774 aliud
540 3718 796 3788 ejusmodi
821 3761 835 3783 ,
865 3719 956 3772 sed
1001 3717 1393 3786 imperatoriam
1435 3732 1648 3770 manum
1678 3759 1692 3783 ,
1713 3732 1830 3786 qua:
1851 3731 1945 3772 eos

369 3813 598 3869 ducebat
613 3853 628 3878 ,
644 3827 738 3880 pro
754 3813 830 3865 eis
847 3810 1040 3864 bellum
1059 3823 1262 3879 gerere;
1287 3817 1338 3864 et
1355 3820 1636 3878 utrumque
1647 3824 1740 3875 per
1751 3817 1947 3862 utrum-

368 3920 473 3976 que
493 3903 760 3968 ostendit,
792 3917 886 3972 per
911 3916 973 3954 ea
1014 3916 1131 3969 quae
1169 3901 1302 3954 facta
1344 3908 1468 3955 sunt
1495 3901 1548 3953 in
1587 3899 1816 3970 Aigypw
1839 3942 1853 3966 ,
1881 3915 1943 3954 ea

370 4014 490 4067 quae
519 3996 571 4049 in
592 3993 878 4052 solitudine
897 3993 1034 4046 facta
1060 4000 1200 4056 sunt,
1231 4000 1283 4045 ct
1308 4006 1400 4060 per
1427 4005 1491 4046 ea
1518 4006 1635 4061 quae
1663 3990 1798 4043 facta
1820 4001 1945 4046 sunt

371 4090 425 4143 in
453 4086 767 4151 solitudine,
795 4101 858 4140 ea
883 4100 1001 4153 qua:
1039 4085 1090 4139 in
1121 4079 1352 4153 Egypto
1382 4093 1504 4138 sunt
1529 4083 1689 4138 edita.
1720 4084 1944 4152 Quando

371 4181 513 4235 enim
563 4179 662 4248 ipsi
700 4177 898 4246 absque
927 4176 1089 4231 armis
1120 4217 1135 4241 ,
1167 4177 1283 4229 acie
1312 4216 1327 4239 ,
1359 4184 1412 4230 et
1451 4175 1633 4244 prmlio
1657 4217 1672 4240 ,
1703 4176 1946 4230 inimicos

373 4271 722 4342 profligabant
748 4309 762 4332 ,
795 4269 873 4324 cis
909 4277 1091 4336 aperte
1129 4266 1440 4321 ostendebat
1472 4307 1486 4333 ,
1527 4281 1586 4320 se
1622 4266 1675 4320 in
1717 4265 1946 4336 Egypto

369 4376 583 4434 quoque
625 4376 728 4415 non
774 4375 908 4429 opus
935 4358 1183 4413 habuisse
1217 4359 1492 4413 elementis
1520 4368 1580 4412 ut
1603 4373 1664 4413 ea
1691 4358 1945 4414 adversus

368 4455 492 4508 illos
520 4461 758 4508 moveret
783 4492 798 4515 ,
825 4450 919 4507 sed
943 4450 1101 4504 variis
1130 4457 1186 4504 et
1222 4449 1452 4504 diversis
1477 4449 1648 4504 modis
1677 4451 1940 4504 volentem

368 4559 516 4599 suam
540 4544 822 4600 ostendere
837 4543 1145 4613 potentiam,
1169 4542 1426 4597 creaturis
1451 4542 1516 4596 ad
1532 4557 1592 4596 ea
1624 4557 1776 4597 usum
1803 4558 1946 4600 esse.

369 4639 458 4692 ll.
491 4636 627 4690 Sson
648 4652 813 4707 regem
828 4635 1238 4688 Amorrltworum
1257 4645 1302 4687 et
1328 4633 1404 4702 Og
1426 4651 1588 4702 regem
1613 4633 1800 4690 Busan.
1827 4634 1942 4693 Non

372 4730 708 4797 persequitur
735 4728 892 4782 urbes
921 4765 936 4790 ,
969 4741 1139 4794 neque
1167 4726 1220 4782 in
1249 4725 1467 4793 singulis
1492 4724 1784 4779 insistendo
1811 4741 1943 4796 pau-

368 4822 517 4877 latim
547 4821 946 4888 narratprzelia,
976 4819 1068 4873 sed
1099 4834 1281 4872 rursus
1311 4833 1502 4887 magno
1523 4819 1700 4873 animo
1724 4830 1944 4888 praeter-

366 4913 537 4968 currit
581 4906 1002 4964 innumerabiles
1053 4921 1293 4964 catervas
1363 4910 1760 4965 miraculorum.
1809 4910 1941 4966 Cum

368 5006 512 5060 enim
544 5013 720 5072 posset
745 5002 1035 5063 inunorari,
1060 5011 1114 5055 et
1142 5000 1448 5070 tragoediam
1481 5001 1625 5055 illam
1655 5003 1945 5072 amplifica-~

369 5111 448 5159 re,
473 5111 577 5150 non
602 5095 701 5149 hoc
730 5093 857 5147 facit
883 5111 894 5146 :
922 5093 1014 5148 sed
1040 5108 1160 5147 eum
1183 5093 1411 5147 maxima
1435 5108 1495 5148 se
1519 5095 1735 5149 offerret
1765 5096 1945 5148 multi-

370 5189 497 5245 tudo
523 5205 706 5244 eorum
737 5204 854 5258 qua:
883 5203 913 5240 a
940 5185 1050 5241 Deo
1077 5195 1222 5256 gesta
1245 5195 1406 5252 sunt,
1431 5202 1492 5241 ea
1518 5188 1693 5241 omnia
1721 5199 1942 5257 praeter-

370 5283 636 5339 eurrentio
653 5281 1004 5351 prosequitur.
1028 5279 1184 5349 Atqui
1215 5279 1288 5333 illi
1319 5280 1529 5349 quidem
1557 5291 1708 5335 erant
1731 5282 1942 5347 armati,

374 5385 430 5430 et
457 5375 616 5430 urbes
646 5373 873 5428 munitas
905 5370 1214 5424 habitabant
1242 5412 1257 5434 ,
1290 5381 1344 5424 et
1384 5371 1460 5424 rei
1510 5372 1754 5428 militaris
1783 5382 1838 5427 et
1865 5373 1940 5426 in-

373 5464 644 5521 struenda:
664 5463 797 5519 aciei
817 5470 976 5518 erant
1003 5463 1153 5533 periti
1186 5479 1198 5514 :
1233 5461 1287 5514 hi
1319 5476 1444 5514 vero
1474 5463 1716 5528 exsules,
1746 5472 1801 5517 et
1830 5463 1946 5518 bel-

369 5623 477 5682 alii,
521 5623 604 5687 qui
636 5621 980 5672 beneﬁciorum
1029 5620 1077 5669 in
1110 5618 1351 5670 lsraelitas
1387 5617 1667 5670 coilatorum
1696 5627 1946 5672 consortes

370 5694 526 5739 erant.

435 5751 449 5778 ⁸
485 5745 640 5807 savil.,
666 5759 756 5796 non
779 5743 980 5796 desistit.

2068 413 2208 468 laudi
2240 414 2405 484 ignari
2423 459 2438 485 ,
2461 432 2490 470 a
2516 418 2671 488 longa
2697 422 2956 476 servitute
2995 426 3054 476 et"
3083 423 3330 478 diuturna
3358 430 3642 496 tyrannide

2062 503 2289 568 liberati,
2309 506 2445 562 fame
2466 517 2522 564 et
2545 514 2796 568 aerumnis
2816 517 3137 584 consumpti,
3157 518 3401 575 omnibus
3419 519 3486 573 ad
3508 523 3638 576 aecie

2063 597 2312 666 piendam
2360 599 2604 669 injuriam
2656 605 2917 671 expositi:
2951 606 3045 660 sed
3083 607 3169 661 illa
3210 607 3438 664 ducente
3478 626 3639 666 manu

2062 688 2296 741 omnium
2324 692 2679 758 potentissimi
2709 703 2882 750 erant.

2133 781 2186 836 6.
2217 781 2344 835 Erat
2371 784 2528 837 etiam
2557 785 2755 839 bellum
2777 786 3000 855 justum.
3032 788 3218 860 Neque
3243 791 3386 845 enim
3425 807 3520 847 eos
3550 793 3637 846 in-

2061 872 2344 938 vasissent,
2374 873 2475 928 nisi
2511 873 2587 928 illi
2617 876 2696 928 eis
2716 891 2932 930 causam
2963 877 3278 946 dedissent,
3310 889 3365 935 et
3391 883 3529 937 viam
3558 884 3640 938 eis

2063 963 2526 1032 interclusissent,
2569 967 2710 1037 quod
2758 979 2870 1022 erat
2908 981 3161 1026 extrema:
3193 973 3590 1030 inhumanitatis
3622 995 3635 1032 :

2061 1065 2116 1109 et
2154 1053 2413 1111 Idumaeos
2453 1073 2556 1112 non
2587 1058 2710 1112 sivit
2751 1060 2817 1114 ad
2861 1061 3057 1116 bellum
3085 1063 3359 1120 accedere.
3390 1066 3469 1121 Ne
3493 1069 3636 1122 enim

2060 1146 2274 1201 silentio
2301 1147 2646 1213 confidentes,
2677 1163 2797 1220 post
2824 1151 2939 1206 lucc
2958 1170 3141 1210 rursus
3164 1155 3471 1214 invaderent
3494 1199 3511 1224 ,
3541 1159 3643 1219 sed.

2059 1236 2258 1290 scirent
2281 1253 2401 1292 cum
2427 1240 2742 1308 quibusnam
2769 1241 2970 1298 bellare
2993 1284 3008 1310 ,
3036 1259 3072 1298 a
3091 1246 3278 1315 quibus
3309 1262 3438 1302 vero
3467 1249 3634 1304 absti-

2064 1344 2194 1382 nere
2216 1339 2508 1398 oporteret,
2540 1329 2640 1386 hoc
2663 1331 2788 1388 facit
2817 1335 2867 1388 in
2899 1337 3185 1394 solitudine
3209 1379 3221 1402 ,
3253 1355 3348 1409 per
3373 1355 3460 1394 res
3489 1342 3639 1410 ipsas.

2061 1417 2231 1488 legem
2258 1419 2338 1474 eis
2364 1424 2691 1477 constituens
2715 1465 2732 1488 ,
2758 1426 3024 1494 quomodo
3053 1437 3317 1496 oporteret
3348 1431 3421 1485 uti
3441 1432 3521 1486 eis
3546 1434 3642 1502 qui.

2059 1507 2166 1561 illis
2193 1521 2554 1566 occurrerent.
2576 1511 2644 1567 Et
2674 1515 2847 1566 omnia
2870 1532 3025 1586 regna
3053 1517 3316 1573 Chanaan.
3341 1520 3531 1574 Vidisti
3561 1539 3631 1577 ex

2058 1599 2142 1655 his
2167 1601 2352 1657 doceri
2393 1605 2696 1659 universum
2731 1607 2914 1662 orbem
2945 1617 3098 1663 terra:
3124 1610 3153 1662 *ἒ
3177 1610 3641 1678 Quemadmodum.

2056 1694 2198 1747 enim
2231 1693 2365 1764 ignis
2393 1695 2594 1764 spinas,
2623 1697 2693 1750 ita
2717 1697 2754 1752 ii
2779 1712 2964 1754 omnes
2991 1700 3317 1769 invaserunt,
3351 1719 3450 1757 nec
3481 1714 3631 1772 pote-

2057 1792 2141 1836 rat
2183 1785 2464 1854 quisquam
2507 1801 2603 1841 eos
2655 1789 2940 1845 sustinere.
2985 1789 3121 1844 Audi
3163 1806 3291 1862 ergo
3341 1794 3468 1863 quid
3496 1795 3639 1849 dicat

2056 1874 2293 1940 B-daam,
2325 1877 2414 1945 qui
2444 1891 2549 1930 non
2573 1893 2602 1931 a
2635 1877 2929 1948 pr0phetis,
2961 1897 3066 1934 non
3096 1896 3126 1934 a
3171 1881 3314 1938 Mose
3339 1883 3632 1948 didicerat,

2055 1965 2149 2019 sed
2180 1981 2208 2018 a
2235 1965 2394 2020 rebus
2425 1966 2591 2034 ipsis:
2623 1965 2748 2023 llam
2788 1977 2860 2022 est
2905 1986 3024 2037 gens
3068 1987 3184 2039 qua:
3219 1972 3395 2043 elingit
3434 1991 3633 2029 onmem

2057 2067 2242 2108 terram
2277 2053 2350 2127 (a)
2390 2054 2577 2126 (Num.
2606 2057 2697 2112 2‘2.
2728 2057 2808 2126 4).
2846 2057 3031 2113 Vidisti
3064 2063 3274 2131 preprie
3295 2063 3490 2118 dictum
3521 2080 3635 2118 me-

2058 2146 2333 2214 taphoram
2358 2146 2516 2200 ?Non
2538 2147 2705 2213 dixit,
2731 2149 2859 2215 Qua:
2885 2149 3078 2204 bellum
3107 2153 3278 2221 gerit,
3312 2170 3429 2222 quae
3468 2156 3643 2216 fundit

2052 2247 2108 2291 et
2135 2238 2326 2292 evertit
2345 2279 2359 2302 ,
2388 2238 2480 2292 sed
2502 2282 2515 2302 ,
2544 2238 2674 2304 Quae
2700 2240 2874 2311 elingit
2903 2282 2917 2306 ,
2947 2242 3132 2296 volens
3168 2244 3448 2301 ostendere
3477 2262 3633 2316 quant

2053 2327 2212 2385 facile
2269 2329 2336 2383 ab
2385 2330 2464 2384 eis
2517 2332 2752 2400 pariatur
2803 2333 3022 2388 victoria
3063 2375 3077 2397 ,
3129 2344 3183 2388 et
3233 2337 3498 2404 quomodo
3552 2340 3630 2390 ci-

2055 2429 2140 2473 tra
2163 2422 2474 2491 sanguinem
2502 2423 2569 2476 ab
2592 2423 2670 2477 eis
2692 2433 2887 2492 trepasa
2912 2425 3199 2494 erigantur,
3229 2435 3282 2481 et
3307 2428 3419 2480 sola
3448 2442 3642 2482 eorum

2054 2509 2360 2566 incursione
2402 2513 2601 2568 inimici
2647 2513 3012 2584 prodigi-utor.
3060 2516 3176 2570 Non
3218 2532 3352 2587 opus
3378 2560 3394 2585 ,
3424 2519 3631 2590 inquit,

2055 2601 2252 2656 habent
2315 2603 2573 2658 instructa
2631 2605 2784 2671 acie,
2835 2621 2932 2660 nec
2991 2615 3047 2659 ut
3095 2608 3336 2678 praelium
3393 2611 3638 2664 commit.

2055 2702 2196 2746 tatur
2227 2735 2244 2758 ,
2297 2694 2387 2747 sed
2448 2704 2649 2748 tantutn
2708 2696 2957 2753 invadere
2997 2700 3126 2752 satis
3166 2711 3249 2754 est
3282 2743 3298 2766 ,
3353 2710 3411 2755 et
3453 2703 3631 2755 omnia

2053 2787 2131 2840 eis
2156 2786 2372 2840 cedunt.
2399 2787 2514 2846 Non
2545 2787 2715 2841 solum
2744 2791 2884 2842 enim
2917 2799 2974 2844 ut
3001 2790 3115 2861 lege
3145 2791 3272 2846 belli
3298 2802 3354 2848 et
3380 2794 3643 2847 instructa

2052 2880 2167 2934 acie
2190 2880 2463 2934 vincerent
2487 2879 2682 2945 effecit,
2713 2897 2782 2936 ne
2811 2883 2928 2952 quis
2959 2897 3021 2937 ea
3063 2899 3179 2952 qua:
3209 2885 3420 2949 fiebant,
3452 2885 3532 2940 eis
3557 2895 3636 2939 at-

2054 2969 2324 3032 tribueret,
2363 2970 2456 3024 sed
2485 2971 2747 3026 elementa
2789 2973 2932 3026 orbis
2959 2982 3113 3028 terra:
3139 2975 3190 3028 in
3217 2989 3310 3030 eos
3334 2991 3636 3032 commme-

2052 3058 2145 3113 bat
2171 3077 2185 3113 :
2215 3068 2270 3113 et
2293 3059 2414 3114 ideo
2445 3061 2653 3116 animos
2673 3077 2856 3116 cormn
2886 3065 3112 3133 primum
3141 3065 3494 3134 dejiciebatet
3514 3084 3644 3140 per-.

2053 3151 2317 3215 turbabat,
2361 3161 2415 3206 et
2454 3153 2649 3208 cadens
2687 3155 2889 3223 grando
2929 3157 3125 3212 multos
3162 3159 3411 3229 perdidit,
3455 3172 3510 3216 et
3553 3162 3641 3218 sol.

2050 3244 2216 3311 stetit,
2243 3253 2297 3299 et
2321 3243 2518 3299 bellum
2547 3245 2754 3316 longius
2783 3249 3062 3318 protraxit,
3089 3259 3144 3304 et
3169 3251 3334 3306 multa
3376 3253 3630 3322 ejusmodi

2051 3337 2382 3394 admirabilia
2411 3337 2546 3393 facta
2577 3349 2724 3406 sunt,
2770 3351 2822 3394 et
2867 3341 3108 3396 tubarum
3154 3347 3358 3398 sonitus
3384 3346 3465 3399 vel
3512 3345 3631 3414 igne

2053 3429 2416 3484 vehementius
2455 3431 2507 3484 in
2553 3440 2726 3486 turres
2755 3432 2962 3486 irruens
2989 3448 3169 3488 muros
3196 3433 3374 3488 diruit.
3406 3435 3516 3489 Hoc
3541 3451 3640 3487 an-_

2051 3530 2155 3576 tem
2183 3523 2420 3592 utrisque
2452 3523 2546 3577 fuit
2571 3523 2715 3580 utile.
2743 3523 2871 3577 Nam
2903 3533 2956 3582 et
2985 3525 3057 3580 illi
3086 3525 3386 3590 discebant,
3437 3528 3629 3580 bellant

2049 3627 2154 3666 non
2183 3613 2293 3682 geri
2320 3613 2388 3667 ab
2414 3613 2744 3680 hominibus;
2773 3623 2827 3669 et
2853 3614 2906 3668 hi
2933 3615 3258 3673 docebantur
3286 3625 3340 3670 ut
3369 3616 3434 3670 ad
3462 3618 3640 3680 Deum.

2049 3707 2393 3774 respicerent,
2417 3722 2515 3760 nec
2547 3703 2792 3777 umquam
2814 3706 2881 3762 de
2901 3709 3060 3763 rebus
3082 3709 3243 3778 gestis
3267 3725 3327 3765 se
3345 3710 3629 3780 jactaret.t,

2051 3814 2339 3869 magnosve
2360 3800 2576 3869 spiritus
2600 3810 2888 3865 sumerent,
2919 3801 3010 3856 sed
3041 3817 3099 3856 se
3130 3802 3347 3857 honeste
3373 3817 3419 3857 et
3450 3803 3631 3856 tunde-

2050 3900 2163 3944 ratc
2207 3901 2474 3961 gererent.
2507 3892 2617 3946 lloc
2646 3892 2788 3946 enim
2829 3893 2986 3947 modo
3013 3894 3205 3949 vicisse
3243 3895 3415 3963 majus
3441 3898 3520 3950 eis
3545 3909 3633 3948 or-

2053 3991 2355 4036 namentum
2377 3983 2659 4048 afferebat,
2677 3997 2832 4052 quam
2854 3983 3024 4037 solum
3048 3985 3257 4050 vicisse,
3285 3996 3342 4038 ut
3375 3985 3514 4055 quod
3538 4000 3640 4040 et-s

2049 4073 2352 4140 Splendidos
2388 4073 2660 4138 redderet,
2686 4081 2741 4128 et
2765 4073 3078 4130 modestiam
3116 4075 3366 4142 doceret;
3395 4074 3630 4145 splendi-

2048 4165 2144 4218 dos
2190 4173 2354 4228 certe,
2394 4165 2534 4233 quod
2575 4167 2732 4225 talem
2779 4165 3034 4225 haberent
3064 4167 3471 4236 imperatorem;
3517 4181 3639 4221 mo-.

2048 4257 2228 4311 destos
2255 4266 2452 4317 autem.
2484 4258 2623 4326 quod
2655 4259 2921 4327 praeclaris
2947 4259 3057 4312 suis
3086 4259 3234 4312 factis
3262 4274 3366 4312 non
3396 4259 3628 4313 intume-

2049 4356 2277 4402 scerent.
2323 4347 2408 4401 12.
2441 4347 2505 4401 Et
2535 4349 2671 4402 dedit
2696 4359 2880 4402 terram
2908 4366 3080 4403 eorum
3115 4349 3456 4415 hereditatem,
3485 4349 3629 4402 here-

2048 4441 2253 4495 ditatem
2283 4439 2446 4495 lsrael
2467 4444 2652 4511 populo
2689 4458 2798 4494 suo.
2829 4440 2942 4502 Hoc
2983 4456 3190 4512 quoque
3227 4451 3308 4497 est
3343 4441 3626 4495 maximum

2050 4533 2385 4596 miraculum,
2416 4533 2556 4602 quot!
2589 4549 2691 4586 non
2719 4535 2886 4588 solum
2915 4534 3266 4603 expellerent,
3299 4535 3392 4588 sed
3432 4544 3624 4588 tetram

2048 4626 2206 4678 etiam
2254 4639 2513 4693 occupare
2541 4633 2774 4691 possent,
2817 4632 2871 4678 et
2897 4626 3054 4681 urbes
3098 4625 3411 4680 distribuere
3446 4628 3624 4693 :quod

2049 4717 2127 4772 eis
2163 4732 2373 4786 quoque
2402 4732 2642 4785 magnam
2688 4716 2954 4786 przebcbat
2994 4717 3337 4781 voluptatem,
3381 4732 3635 4786 magnum

2049 4821 2442 4873 ornamentum,
2475 4825 2716 4879 magnam
2740 4809 2996 4863 ltetitiam.
3029 4809 3083 4864 ld
3103 4821 3277 4864 autem
3307 4811 3394 4863 Dei
3417 4827 3627 4880 qunqtte

2047 4913 2129 4956 est
2157 4902 2423 4970 potentiae.
2451 4901 2561 4956 Non
2587 4902 2728 4956 enim
2751 4917 2909 4971 parva
2936 4918 3020 4957 res
3043 4911 3124 4958 est
3148 4917 3435 4970 occupasse
3457 4903 3629 4972 regio-

2051 5010 2171 5049 nem
2199 4993 2449 5061 hostium,
2482 4994 2575 5049 sed
2617 4994 2811 5050 adhoc
2839 5011 3046 5067 quoque
3077 5012 3266 5066 magno
3296 4998 3384 5050 Dei
3429 4997 3642 5050 auxilio.

2051 5101 2183 5154 opus
2210 5095 2309 5141 est.
2340 5087 2426 5141 15.
2455 5086 2691 5154 Domine,
2716 5104 2896 5142 nomen
2921 5099 3059 5142 tuum
3089 5090 3140 5142 in
3160 5100 3421 5154 wlernum,
3453 5098 3497 5142 et
3525 5105 3636 5140 meo.

2049 5177 2258 5232 moriale
2285 5187 2425 5231 tuum
2461 5178 2513 5231 in
2539 5181 2908 5248 generationem
2950 5188 2996 5232 et
3037 5181 3424 5250 generationem.
3454 5179 3623 5243 Alius,

2052 5269 2351 5323 Recordatio
2376 5271 2448 5324 tui
2477 5271 2576 5337 (ὑ),
2607 5270 2701 5325 llic
2726 5271 2991 5339 intercipit
3014 5272 3267 5326 orationis
3294 5273 3482 5328 seriem
3508 5272 3625 5340 glo-

2050 5361 2364 5428 rificatione,
2405 5361 2547 5431 quod
2591 5377 2801 5431 semper
2823 5361 2999 5417 solent
3031 5362 3198 5416 sancti
3248 5363 3439 5416 facere.
3470 5362 3623 5416 Pest-

2049 5469 2204 5523 quatn
2243 5453 2384 5507 enim
2413 5453 2479 5507 de
2510 5453 2599 5507 Dei
2631 5454 2900 5508 miraculis
2937 5453 3133 5524 aliquid
3159 5453 3336 5507 dicere
3367 5453 3621 5522 incipien-

2111 5566 2183 5624 (a)
2215 5566 2324 5615 meo
2345 5572 2459 5614 sunt
2481 5565 2630 5613 verba
2653 5565 2818 5619 Moabi,
2838 5577 2934 5627 non
2959 5564 3182 5627 Balaami._
3202 5578 3294 5613 nec
3319 5578 3516 5627 parvum
3549 5567 3623 5613 iu-

2047 5633 2206 5736 terest
2225 5627 2484 5676 discrimen
2507 5627 2612 5675 haec
2636 5628 2762 5676 inter
2787 5634 2841 5677 et
2861 5624 2942 5676 illa
2958 5640 3068 5689 quae
3091 5629 3138 5675 in
3169 5624 3292 5676 libro
3313 5624 3629 5678 Numerorum

2069 5696 2294 5736 euunlur.

2099 5704 2328 5810 ἕξιδῖιέἶὲξο
2349 5750 2686 5814 interpretatio
2708 5750 2846 5813 cujus
2875 5759 2937 5801 su
2957 5758 3219 5813 ignoratur.
