4070 6340
337 299 444 357 395

335 415 608 486 ἑκατέρων
635 414 844 479 πάντας
870 415 1114 485 ὠφελῶν.
1135 416 1246 468 Καὶ
1265 415 1405 479 τίνος
1419 416 1603 469 ἕνεκεν
1621 415 1719 468 οὐκ
1752 414 1840 467 εὑε
1849 431 1906 481 ρ-

333 511 483 578 γετεῖ
508 508 601 562 καὶ
633 506 883 575 τούτουςς
918 509 1040 561 Ὅτι
1065 507 1320 562 εἰώθασιν
1351 511 1399 561 οἰ
1430 509 1646 571 πλείους
1674 507 1782 560 τῶν
1811 508 1907 560 άν-

334 595 568 666 θρώπων
607 595 967 667 πληττόμενοι
1005 597 1202 667 μᾶλλον
1241 597 1276 666 ἢ
1325 597 1774 668 εὐεργετούμενοι
1818 596 1907 650 τὸν

333 686 466 740 Θεὸν
509 686 911 756 ἐπιγινώσκειν.
947 688 1099 741 Ἐπεὶ
1132 690 1213 742 ὅτι
1246 704 1312 756 γε
1340 689 1503 752 αὐτὸς
1531 691 1630 742 οὐκ
1657 689 1908 742 ἐϐούλετο

331 777 600 842 κολάζειν,
629 780 731 849 δρα
754 778 916 833 αὗτὸν
948 780 1184 849 συνεχῶς
1239 781 1500 851 ἀνέχοντα
1541 781 1640 844 τὰς
1671 781 1904 851 πληγάς,

331 871 426 924 καὶ
455 870 522 923 δι’
570 871 843 940 ἑκατέρων
877 872 1040 925 αὐτοῦ
1086 873 1370 927 δεικνύντα
1423 875 1512 926 καὶ
1544 873 1643 942 τὴν
1681 874 1908 941 δύναμιν

330 964 425 1020 καὶ
445 962 544 1033 τὴν
567 962 996 1035 φιλανθρωπίαν.
1025 965 1216 1018 Καίτοι
1257 982 1320 1034 γε
1372 967 1530 1036 ἢρκει
1564 967 1701 1036 μετά
1756 965 1906 1036 μίαν,

329 1053 427 1106 καὶ
459 1053 739 1125 δευτέραν,
763 1055 856 1107 καί
889 1055 1100 1126 τρίτην,
1131 1057 1207 1118 ῶς
1237 1057 1429 1110 ἀνίατα
1452 1057 1737 1120 νοσοῦντας
1773 1058 1908 1110 ἀπο-

327 1143 484 1199 λέσαι
513 1145 710 1218 πάντη·
739 1146 853 1198 ἀλλ’
889 1147 989 1202 οῦκ
1026 1147 1292 1212 ἐϐούλετο,
1321 1147 1456 1201 ἀλλά
1485 1149 1660 1201 καίτοι
1691 1148 1759 1201 τὰ
1789 1147 1908 1218 μέλ-

327 1236 486 1290 λοντα
509 1236 789 1311 προειδὼς,
810 1237 903 1291 καὶ
919 1239 1000 1291 ὅτι
1025 1238 1145 1291 οὐδὲ
1176 1239 1422 1310 πέμπτῃ,
1457 1240 1575 1293 ούδέ
1615 1240 1768 1311 ἕκτῃ,
1789 1238 1908 1292 οὐδὲ

329 1322 530 1395 δεκάτῃ
564 1325 887 1394 γενήσονται
937 1325 1197 1394 βελτίους,
1249 1326 1320 1380 τά
1369 1327 1534 1381 αὑτοῦ
1581 1328 1750 1381 ποιῶν
1806 1327 1908 1380 οὐκ

329 1413 562 1468 ἐπαύετο
589 1427 641 1455 ι·
668 1415 792 1469 ὅθεν
824 1417 1056 1487 μάλιστα
1082 1419 1174 1470 καὶ
1188 1418 1287 1488 τὴν
1312 1418 1541 1489 δύναμιν
1587 1419 1775 1481 αὑτοῦ,
1815 1419 1910 1472 καὶ

327 1505 427 1576 τὴν
457 1506 806 1577 κηδεμονίαν,
844 1509 936 1561 καὶ
984 1510 1082 1580 τὴν
1114 1509 1327 1577 σοφίαν,
1357 1511 1452 1563 καὶ
1472 1509 1569 1581 τὴν
1594 1510 1910 1580 ἀγαθότητα

330 1593 761 1668 ἐπιθαυμάσαι.
787 1599 898 1668 Τὴν
913 1597 1162 1667 δύναμιν,
1183 1600 1265 1652 δτι
1296 1598 1515 1670 ἔπληξε·
1547 1599 1645 1670 τὴν
1677 1599 1908 1670 κηδεμο-

328 1687 468 1754 νίαν,
498 1688 580 1741 ὅτι
615 1689 829 1761 ἀνέσχε·
857 1692 956 1763 τὴν
978 1693 1190 1762 σοφίαν,
1230 1693 1310 1746 ὃτι
1333 1691 1488 1758 εἰδὼς
1517 1693 1586 1746 τὰ
1644 1693 1906 1763 μέλλοντα

325 1780 389 1834 τὸ
419 1781 584 1834 αὐτοῦ
619 1783 812 1836 ἐποίει·
861 1784 888 1836 δ
918 1785 1152 1855 μάλιστα
1195 1787 1290 1839 καὶ
1335 1787 1465 1841 αὐτὸ
1497 1787 1907 1856 φιλανθρωπίας

327 1871 466 1935 ἐστὶ,
501 1872 562 1924 τὸ
582 1873 689 1926 ἀπὸ
717 1874 825 1926 τῶν
858 1875 1196 1946 μικροτέρων
1223 1876 1504 1946 ἄρχεσθαι.
1536 1880 1597 1929 τὸ
1651 1876 1758 1929 ἀπὸ
1799 1876 1908 1929 τῶν

327 1961 698 2037 ἀλογωτέρων.
731 1966 842 2019 Καὶ
869 1966 1074 2037 προῖὼν
1090 1967 1145 2019 δέ
1168 1969 1261 2020 καὶ
1287 1967 1380 2020 τοῦ
1398 1967 1661 2037 βασιλέως
1682 1969 1904 2038 ἥπτετο,

325 2053 354 2110 ὃ
387 2058 484 2108 καί
520 2057 753 2127 μάλιστα
786 2059 1192 2130 ἐκκηρυχθῆναι
1227 2060 1398 2112 ἐποίει
1425 2060 1492 2111 τὰ
1518 2059 1900 2129 συμϐαίνοντα.

326 2146 369 2198 Τ
372 2146 406 2200 ἀ
439 2148 538 2217 μὲν
570 2149 678 2220 γάρ
710 2150 801 2202 ἐπὶ
825 2151 934 2203 τῶν
973 2151 1196 2204 ἰδιωτῶν
1221 2153 1496 2221 γινόμενα,
1523 2151 1668 2214 εἰκὸς
1697 2153 1789 2203 καὶ
1814 2150 1908 2202 λα-

324 2239 458 2292 θεῖν·
487 2241 615 2294 ὄταν
640 2241 701 2294 δὲ
729 2244 758 2295 ό
801 2242 1088 2312 δεχόμενος
1127 2241 1223 2312 τὴν
1253 2242 1466 2313 πληγὴν
1503 2244 1808 2312 περιφανὴς
1849 2238 1904 2315 ᾗ,

322 2328 386 2383 τὸ
410 2330 616 2384 κωλύον
647 2333 801 2385 οὐδὲν
822 2333 1098 2403 πανταχοῦ
1128 2334 1192 2386 τὰ
1223 2333 1526 2404 πράγματα
1552 2333 1906 2404 ἐξηχηθῆναι.

325 2419 508 2473 Εἰπὼν
534 2423 710 2476 τοίνυν
736 2424 834 2494 τὴν
869 2424 1065 2478 αἰτίαν,
1093 2423 1158 2476 δι’
1186 2424 1250 2492 ἣν
1296 2423 1554 2489 ἐπάταξε,
1606 2423 1754 2491 λέγει
1811 2423 1907 2476 καὶ

322 2512 422 2575 τὰς
451 2513 684 2583 πληγὰς,
705 2515 796 2566 καὶ
822 2514 940 2566 οὐδὲ
964 2513 1167 2577 ταύτας
1205 2513 1494 2582 καταλέγει
1520 2514 1800 2577 πολλάκις,
1819 2516 1909 2567 ού-

322 2603 379 2656 δὲ
410 2604 528 2656 κατ’
565 2600 724 2668 εἶδος,
761 2606 874 2658 ἀλλ’
912 2606 992 2658 ἐνὶ
1027 2608 1228 2677 ῥήματι
1271 2606 1450 2669 πάσας
1483 2606 1652 2669 αὐτὰς
1696 2605 1906 2672 αἰνιξά-

326 2710 488 2762 μενος
522 2695 836 2766 παρέδραμε
862 2696 940 2767 τῷ
988 2699 1180 2763 εἰπεῖν,
1242 2695 1666 2761 Ἐξαπέστειλε
1689 2697 1907 2765 σημεῖα

323 2787 421 2855 καί
451 2785 600 2858 [599.]
620 2785 834 2856 τέρατα
861 2788 931 2841 ἐν
951 2787 1118 2857 μέσῳ
1152 2804 1287 2849 σου,
1322 2789 1603 2858 Αῖγυπτε.
1637 2785 1771 2843 Εἶτα
1797 2791 1906 2844 πά-

322 2874 404 2930 λιν
461 2876 520 2940 ἐξ
553 2877 830 2944 Αἰγύπτου
878 2878 970 2930 τὸν
1017 2879 1143 2931 λαὸν
1203 2876 1387 2946 ἐξάγει
1423 2881 1502 2942 εἰς
1535 2881 1634 2950 τὴν
1673 2879 1902 2950 ἔρημον,

324 2968 599 3040 πανταχοῦ
642 2969 853 3032 δεικνὺς
901 2970 984 3022 ὅτι
1008 2971 1069 3023 οὐ
1121 2971 1342 3042 μερικὺς
1365 2969 1390 3008 δ
1422 2973 1449 3023 ὁ
1482 2971 1635 3034 Θεὸς,
1667 2971 1786 3023 οὐδὲ
1827 2973 1906 3034 εἰς

329 3062 456 3130 μίαν
487 3061 669 3131 χώραν
697 3060 932 3132 κρατῶν,
969 3062 1104 3114 ἀλλά
1138 3061 1416 3133 πανταχοῦ
1439 3063 1534 3133 τῆς
1557 3062 1903 3133 οἰκουμένης.

325 3154 414 3207 Διὸ
445 3155 688 3223 ἐπήγαγε
704 3153 897 3222 λέγων·
931 3155 1037 3218 Ὃς
1056 3153 1354 3218 ἐπάταξεν
1377 3156 1520 3220 ἔθνη
1554 3155 1772 3217 πολλὰ,
1807 3153 1908 3208 καὶ

323 3247 635 3302 ἀπέκτεινε
662 3245 946 3312 ,ϐασιλεῖς
974 3247 1311 3314 κραταιούς·
1341 3246 1427 3300 διὰ
1459 3246 1641 3316 πάσης
1665 3246 1764 3316 τῆς
1783 3246 1904 3300 ὀδοῦ

324 3341 550 3410 ἐνέχυρα
576 3338 835 3400 ποικίλως
863 3338 963 3407 τῆς
995 3339 1275 3408 δυνάμεως
1305 3337 1469 3391 αὑτοῦ
1496 3337 1691 3402 διδοὺς,
1720 3338 1815 3390 καὶ
1849 3340 1906 3392 ἐν

323 3434 402 3504 τῷ
421 3433 689 3487 διδάσκειν
713 3431 911 3494 αὐτοὺς
937 3431 1024 3486 διά
1057 3431 1165 3484 τῶν
1191 3432 1534 3502 πραγμάτων
1563 3431 1904 3502 στρατηγῶν.

325 3527 435 3579 Καὶ
466 3525 571 3596 γὰρ
593 3523 679 3578 διά
705 3523 814 3575 τῶν
836 3522 1088 3593 πολέμων
1126 3524 1220 3576 καὶ
1246 3523 1318 3576 τά
1348 3523 1585 3593 πρότερα
1607 3521 1902 3587 ἐδίδασκεν,

323 3617 404 3669 δτι
426 3618 525 3668 οῦκ
548 3617 708 3685 ἀέρος
730 3613 909 3684 φύσις,
958 3615 1017 3666 οὐ
1052 3615 1333 3685 στοιχείων
1359 3612 1608 3684 δύναμις,
1634 3613 1734 3665 οὐκ
1776 3611 1904 3667 ἀλλο

323 3710 432 3762 τῶν
453 3708 710 3763 τοιούτων
731 3708 900 3773 οὐδὲν,
933 3707 1045 3762 ἀλλ’
1075 3709 1107 3778 ἡ
1150 3706 1531 3778 στρατηγοῦσα
1557 3705 1734 3758 αὐτῶν
1784 3708 1905 3758 hm-

323 3799 478 3869 λέμει
511 3800 650 3871 χείρ·
683 3800 776 3853 καὶ
797 3799 864 3851 δι’
911 3799 1192 3870 ἑκατέρων
1221 3799 1457 3870 ἑκάτερα
1479 3798 1766 3863 ἐδείκνυτο,
1814 3797 1902 3851 διὰ

277 3897 286 3904 ’
323 3891 434 3944 τῶν
475 3894 532 3944 ἐν
564 3892 825 3963 Αἰγύπτῳ
859 3892 928 3946 τά
965 3895 1022 3946 ἐν
1050 3894 1116 3963 τῇ
1175 3893 1398 3963 ἐρήμῳ,
1439 3892 1533 3945 καὶ
1570 3891 1660 3945 διὰ
1709 3891 1816 3944 τῶν
1845 3891 1903 3942 ἐν

323 3985 536 4056 ἐρήμῳ,
560 3985 628 4038 τά
655 3987 712 4038 ἐν
739 3985 1021 4054 Αἰγύπτῳ.
1043 3985 1171 4037 Ὅτε
1198 3984 1306 4054 γάρ
1333 3984 1487 4036 αὐτοὶ
1515 3985 1681 4055 χωρὶς
1699 3983 1899 4048 ὃπλων,

323 4079 418 4133 καὶ
465 4079 840 4151 παρατάξεως,
899 4080 994 4135 καὶ
1047 4071 1242 4148 μάχης,
1304 4078 1527 4131 ἐϐαλλον
1569 4078 1696 4141 τοὺς
1745 4077 1902 4130 πολε-

325 4167 499 4236 μίους,
523 4168 679 4239 δῆλον
737 4170 920 4232 αὐτοῖς
963 4167 1170 4229 ἐποίει,
1215 4168 1295 4219 ὅτι
1325 4167 1418 4219 καὶ
1451 4169 1508 4218 ἐν
1546 4167 1804 4237 Αἰγύπτῳ
1839 4167 1900 4220 οὐ

323 4259 600 4330 στοιχείων
625 4260 874 4331 δεόμενος
906 4259 1082 4313 ταῦτα
1129 4259 1349 4327 ἐκίνησε
1389 4259 1512 4311 κατ’
1537 4259 1734 4322 αὐτῶν,
1765 4259 1902 4312 ἀλλά

320 4352 581 4417 ποικίλως
629 4353 721 4406 καὶ
752 4352 1024 4422 διαφόρως
1057 4350 1154 4420 τὴν
1186 4350 1379 4402 ἐαυτοῦ
1407 4350 1636 4419 δύναμιν
1671 4351 1900 4416 ἐνδείξας

321 4450 448 4504 σθαι
468 4447 658 4511 θέλων,
681 4449 792 4509 τοῖς
811 4441 960 4499 οὖσιν
987 4446 1065 4507 εἰς
1091 4442 1262 4496 ταῦτα
1290 4444 1576 4514 ἐκέχρητο.
1599 4444 1709 4496 Τὸν
1729 4443 1901 4512 Σηὼν

315 4542 583 4609 ,ϐασιλέα
629 4539 749 4594 τῶν
785 4537 1155 4606 Ἀμοῤῥαίων,
1207 4535 1303 4588 καὶ
1353 4535 1460 4588 τὸν
1488 4536 1594 4603 Ὣγ
1634 4535 1900 4598 ,βασιλέα

320 4637 430 4706 τῆς
456 4634 682 4690 Βασάν.
712 4633 824 4685 Οὐκ
854 4631 1032 4683 ἔπεισι
1056 4629 1154 4693 τὰς
1178 4629 1383 4692 πόλεις’
1401 4628 1520 4682 οὐδὲ
1541 4630 1679 4682 κατὰ
1706 4631 1898 4701 μικρὸν

322 4730 468 4796 λέγει
490 4727 586 4797 τὴν
615 4723 940 4794 παράταξιν,
994 4722 1129 4775 ἀλλὰ
1174 4722 1337 4775 πάλιν
1369 4721 1758 4792 μεγαλοψύχως
1790 4739 1896 4775 πα-

323 4817 575 4890 ρατρέχει
603 4814 799 4885 μυρίας
821 4811 1048 4879 νιφάδας
1086 4811 1395 4881 θαυμάτων.
1441 4810 1745 4880 Δυνάμενος
1790 4809 1898 4880 γάρ

321 4903 679 4976 ἐνδιατρῖψαι,
722 4903 815 4955 καί
843 4901 950 4971 τὴν.
992 4899 1299 4970 τραγῳδίαν
1328 4900 1543 4970 ἐκείνην
1572 4897 1895 4967 ἐξογκῶσαι,

319 4996 478 5051 τοῦτο
506 4996 567 5049 οῦ
599 4996 757 5048 ποιεῖ·
789 4993 924 5046 ἀλλά
952 4993 1046 5044 καὶ
1079 4994 1137 5045 ἐν
1170 4991 1362 5062 πλήθει
1390 4990 1464 5044 ὢν
1494 4993 1587 5044 καὶ
1613 4991 1897 5063 περιουσίᾳ

321 5091 430 5155 τῶν
451 5089 628 5162 ἔργων
654 5086 747 5140 τοῦ
771 5084 928 5147 Θεοῦ,
954 5087 1017 5138 ἐκ
1048 5085 1404 5155 παραδρομῆς
1433 5083 1650 5138 ἅπαντα
1695 5084 1892 5138 ἔπεισι.

322 5183 516 5236 Καίτοι
546 5197 610 5250 γε
632 5179 679 5233 οἱ
704 5177 800 5247 μὲν
843 5175 1176 5247 ὡπλισμένοι
1196 5171 1356 5247 ἦσαν.
1389 5176 1482 5228 καὶ
1503 5175 1773 5246 τειχήρεις
1802 5175 1898 5228 πό-

320 5274 432 5337 λεις
457 5273 750 5336 οἰκοῦντες,
782 5275 877 5328 καί
910 5273 978 5326 τὰ
1014 5269 1248 5324 τακτικά
1283 5267 1734 5338 μεμελετηκότες·
1765 5270 1815 5320 οἱ
1839 5268 1896 5321 δὲ

324 5367 579 5435 φυγάδες,
635 5366 886 5437 πολέμων
926 5365 1159 5434 ἄπειροι,
1191 5361 1434 5422 δουλείας
1472 5362 1688 5431 μακρᾶς
1719 5360 1895 5431 ἀπηλ-

321 5458 579 5530 λαγμένοι
613 5460 708 5512 καὶ¹
730 5457 1041 5530 τυραννίδος
1073 5457 1314 5526 χρονίας.
1365 5455 1506 5525 λιμῷ
1523 5454 1892 5519 ἀναλωθέντεὲ

324 5553 418 5603 καὶ
443 5550 703 5622 τιμωρίᾳ,
737 5551 870 5603 πᾶσι
895 5548 1247 5621 προκείμενοι
1290 5547 1426 5617 πρὸς
1452 5546 1514 5599 τὸ
1558 5546 1744 5611 κακῶς
1791 5547 1896 5602 πά-

384 5680 409 5707 ⁸
432 5679 578 5728 Savil.
601 5679 656 5726 ού
686 5678 900 5726 παύεται.

381 5735 422 5785 ιλ
446 5741 590 5792 Savil.
617 5743 833 5806 μερικῶς,
857 5737 1023 5791 Morel,
1057 5737 1268 5801 μερικὸς,
1291 5739 1484 5789 melius.

1395 299 1764 357 EXPOSITIO
1796 298 1865 354 1N
1900 297 2234 354 PSALMUM
2264 299 2548 355 CXXXIV.

3485 293 3600 359 596'

2012 429 2182 484 σχειν·
2212 414 2346 468 ἀλλὰ
2375 415 2598 468 πάντων,
2615 410 2759 486 ἦσαν
2789 413 3145 487 δυνατώτεροι
3177 413 3267 470 διὰ
3289 414 3387 487 τὴν
3427 434 3591 484 στρα-

2006 507 2284 578 τηγοῦσαν
2309 508 2487 561 αὐτῶν
2512 511 2689 578 χεῖρα.

2079 604 2156 661 ς’.
2192 595 2318 668 Εἶχε
2335 599 2391 652 δὲ
2415 603 2509 652 καὶ
2528 599 2586 651 τὸ
2607 600 2816 654 δίκαιον
2843 602 2872 652 ὁ
2902 599 3153 669 πόλεμος.
3184 600 3259 652 Οὐ
3291 599 3400 671 γάρ
3435 601 3588 653 αὐτοὶ

2007 687 2265 759 ἐπῄεσαν,
2283 689 2397 740 ἀλλ’
2423 690 2642 742 ἐκείνων
2661 689 2760 754 τάς
2787 690 2962 754 αἰτίας
2988 690 3354 761 παρεχόντων,
3371 691 3586 743 ἀποτει-

2007 779 2267 846 χιζόντων
2311 779 2490 840 αὐτοῖς
2507 778 2604 849 τὴν
2625 780 2762 844 ὁδὸν,
2787 781 2923 851 ὅπερ
2944 783 3175 851 ἐσχάτης
3192 782 3589 853 ἀπανθρωπίας

2008 864 2102 936 ἦν·
2129 867 2254 930 τούς
2284 884 2340 920 τε
2359 867 2684 938 Ἰδουμαίους
2699 871 2797 922 οὐκ
2822 872 3031 940 ἀφῆκεν
3053 873 3132 933 εἰς
3156 872 3389 942 πόλεμον
3417 873 3590 925 εἰσελσ-

2011 959 2268 1012 οεῖν.”1να
2286 960 2394 1031 γὰρ
2417 961 2490 1031 μὴ
2505 963 2572 1031 τῇ
2591 965 2715 1032 σιγῇ
2736 960 3060 1033 θαρροῦντες
3079 963 3215 1033 μετά
3231 964 3402 1018 ταῦτα
3424 964 3588 1018 πάλιν

2009 1051 2256 1116 ἐπίωσιν,
2286 1051 2400 1104 ἀλλ’
2419 1052 2600 1104 εἰδῶσι
2627 1053 2738 1106 τίσι
2767 1053 2865 1124 μὲν
2905 1054 3176 1124 πολεμεῖν,
3199 1055 3358 1110 τίνων
3381 1057 3438 1108 δὲ
3472 1057 3590 1127 φεί-

2009 1143 2194 1196 δεσθαι
2221 1146 2346 1214 χρὴ,
2371 1147 2429 1196 ἐν
2473 1149 2537 1216 τῇ
2569 1145 2759 1215 ἐρήμῳ
2805 1145 2961 1198 τοῦτο
3010 1149 3173 1211 ποιεῖ,
3195 1147 3282 1201 διὰ
3303 1147 3410 1200 τῶν
3447 1167 3587 1221 πρα-

2008 1236 2236 1306 γμάτων
2268 1237 2430 1306 νόμον
2451 1238 2633 1299 αὐτοῖς
2656 1235 2846 1300 τιθεὶς,
2885 1236 3001 1300 πῶς
3024 1237 3105 1290 δεῖ
3132 1239 3430 1308 κεχρῆσθαι
3475 1243 3586 1303 τοῖς

2009 1328 2308 1381 ἀπαντῶσι.
2333 1328 2440 1382 Καὶ
2457 1327 2657 1394 πάσας
2685 1330 2793 1395 τὰς
2813 1330 3136 1396 βασιλείας
3160 1329 3419 1386 Χαναάν.
3436 1326 3587 1394 Εἶδες

2009 1419 2106 1490 τὴν
2132 1421 2451 1490 οἰκουμένην
2496 1421 2710 1474 ἃπασαν
2737 1421 2983 1474 ἐντεῦθεν
3013 1421 3442 1491 παιδευομένην;
3472 1423 3586 1474 Κα-

2011 1504 2188 1576 θάπερ
2220 1507 2328 1577 γάρ
2353 1506 2462 1578 πῦρ
2489 1507 2771 1572 ἀκάνθαις,
2795 1508 2966 1571 οὕτως
3008 1509 3246 1580 ἐπῄεσαν
3273 1511 3464 1574 ἅπασι,
3493 1512 3588 1564 καὶ

2009 1597 2184 1660 οὐδεὶς
2210 1599 2405 1661 αὐτοὺς
2432 1600 2617 1670 φέρειν
2647 1600 2885 1653 ἐδύνατο.
2919 1603 3116 1654 ’Ἄκουε
3163 1602 3293 1670 γοῦν
3326 1604 3378 1655 τί
3423 1620 3586 1672 φησιν

2009 1693 2036 1742 ὁ
2065 1689 2312 1760 Βαλαὰμ,
2343 1692 2442 1743 οὐκ
2471 1692 2578 1744 ἀπὸ
2614 1691 2720 1744 τῶν
2767 1692 3080 1762 προφητῶν,
3129 1693 3228 1746 οὐκ
3261 1694 3367 1747 ἀπὸ
3423 1695 3586 1746 Μωῦ-

2011 1782 2147 1846 σέως
2193 1781 2403 1850 μαθὼν,
2469 1783 2582 1836 ἀλλ’
2626 1784 2732 1837 ἀπὸ
2758 1784 2865 1837 τῶν
2896 1783 3256 1855 πραγμάτων·
3310 1785 3380 1838 Τὸ
3411 1785 3588 1850 ἔθνος

2008 1873 2186 1927 τοῦτό
2209 1874 2339 1927 ἐστι
2368 1876 2431 1926 τὸ
2455 1874 2730 1942 ἑκλεῖχον
2765 1875 2970 1928 πᾶσαν
3008 1875 3123 1943 τὴν
3151 1874 3285 1943 γῆν.
3311 1872 3464 1940 Εἶδες
3487 1877 3585 1950 τὴν

2012 1967 2324 2037 μεταφορὰν
2343 1967 2546 2038 κυρίως
2571 1967 2866 2037 εἰρημένην
2888 1968 3027 2027 ςυῦκ
3043 1964 3182 2022 εἷπε.
3201 1967 3273 2019 Τὸ
3293 1967 3584 2038 πολεμοῦν,

2007 2058 2066 2108 το
2093 2055 2429 2110 καταϐάλλον
2452 2095 2466 2119 ,
2513 2055 2668 2117 ἀλλὰ,
2701 2060 2770 2115 Τὸ
2800 2056 3176 2125 ἐκ.ίεῖχον,τὺ
3208 2059 3439 2127 ἀπονητὶ
3487 2059 3586 2127 τῆς

2009 2147 2157 2219 [595]
2174 2147 2327 2218 νίκης
2354 2150 2702 2217 παραστῆσαι
2734 2146 3069 2217 βουλόμενος,
3098 2150 3192 2202 καὶ
3221 2149 3290 2202 τά
3316 2150 3586 2220 ἀναιμωτὶ

2007 2240 2266 2310 γινόμενα
2291 2239 2549 2309 τρόπαια,
2578 2238 2671 2290 καὶ
2721 2239 2818 2310 τὴν
2849 2239 2907 2304 ἐξ
2957 2240 3257 2311 ἐπιδρομῆς
3290 2242 3581 2312 κράτησιν.

2009 2332 2142 2384 Οὐδὲ
2170 2331 2522 2402 παρατάξεως
2544 2330 2772 2394 δέονται,
2799 2331 2951 2399 φησί,
2984 2332 3076 2384 καὶ
3133 2331 3428 2401 συμϐολῆς,
3469 2333 3583 2386 ἀλλ’

2008 2426 2166 2497 ἀρκεῖ
2186 2425 2342 2495 μόνον
2369 2423 2632 2486 ἐπελθεῖν,
2653 2425 2748 2477 καὶ
2767 2424 2982 2477 ἅπαντα
3004 2424 3278 2490 ἐξίσταται
3302 2427 3392 2477 καὶ
3415 2443 3586 2497 παρα-

2007 2520 2192 2589 χωρεῖ.
2224 2515 2300 2571 Οὐ
2329 2516 2436 2586 γὰρ
2461 2516 2522 2585 δὴ
2556 2516 2714 2586 μόνον
2737 2516 2885 2586 νόμῳ
2927 2515 3164 2586 πολέμου
3211 2518 3304 2570 καὶ
3339 2519 3584 2588 παρατά-

2010 2609 2143 2674 ξεως
2193 2613 2412 2681 κρατεῖν
2477 2610 2672 2671 αὐτοὺς
2729 2608 2942 2671 ἐποίει,
2999 2608 3085 2660 ἵνα
3143 2611 3215 2678 μή
3266 2627 3348 2671 τις
3402 2610 3584 2674 αὐτοῖς

2007 2700 2288 2770 λογίσηται
2313 2700 2377 2753 τὰ
2412 2700 2690 2770 γινόμενα,
2723 2698 2856 2751 ἀλλὰ
2883 2699 2954 2751 τά
2990 2704 3226 2770 στοιχεῖα
3272 2701 3373 2771 τῆς
3403 2703 3584 2754 οἰκου-

2011 2793 2177 2862 μένης
2226 2794 2345 2845 κατ’
2382 2792 2559 2844 αὐτῶν
2590 2803 2610 2829 α
2661 2792 2860 2844 ἐκίνει·
2903 2791 2983 2844 διδ
3021 2795 3115 2846 καὶ
3149 2794 3583 2862 προκατέϐαλλεν

2009 2885 2190 2939 αὐτῶν
2219 2886 2316 2948 τὰς
2362 2884 2616 2948 διανοίας,
2650 2884 2741 2937 καὶ
2770 2884 2980 2954 χάλαζα
3025 2885 3409 2954 κατενεχθεῖσα
3451 2885 3580 2938 πολ-

2008 2978 2132 3039 λοῦς
2161 2975 2432 3040 ἀπώλεσε,
2455 2974 2547 3028 καὶ
2571 2973 2721 3044 ἥλιος
2750 2973 2902 3045 ἔστη,
2931 2975 3024 3027 καὶ
3053 2974 3129 3044 τῷ
3164 2974 3382 3046 πολέμῳ
3412 2975 3583 3044 μῆκος

2011 3068 2200 3130 ἔδωκε,
2222 3069 2316 3121 καί
2338 3066 2506 3119 πολλὰ
2531 3066 2807 3138 παράδοξα
2832 3066 3055 3120 τοιαῦτα
3089 3066 3318 3133 ἐγίνετο,
3351 3067 3445 3118 καὶ
3474 3067 3581 3136 ἠχὴ

2014 3157 2328 3226 σαλπίγγων
2375 3158 2545 3228 πυρὸς
2591 3157 2945 3228 σφοδρότερον
2986 3161 3097 3220 τοῖς
3134 3157 3366 3227 πύργοις
3417 3174 3582 3228 προσ-

2011 3247 2279 3301 ϐάλλουσα
2322 3246 2390 3300 τὰ
2419 3247 2574 3316 τείχη
2602 3248 2928 3317 κατήνεγκε.
2971 3246 3140 3299 Τοῦτο
3187 3247 3243 3300 δὲ
3289 3247 3582 3318 ἑκατέρους

2008 3337 2226 3410 ὠφέλει.
2273 3340 2499 3393 Ἐκεῖνοί
2527 3357 2585 3392 τε
2631 3338 2738 3410 γὰρ
2771 3339 3094 3410 ἐμάνθανον,
3127 3340 3201 3403 ὼς
3231 3341 3290 3392 οὐ
3320 3343 3449 3411 παρ’
3483 3341 3582 3392 ἁν-

2008 3433 2241 3504 θρώπων
2273 3433 2419 3484 ἐστὶν
2448 3433 2475 3484 ὀ
2494 3431 2726 3502 πόλεμος
2747 3448 2759 3462 ·
2791 3432 2883 3485 καὶ
2915 3427 3058 3486 οῦτοι
3082 3431 3424 3485 ἐπαιδεύοντο
3446 3432 3581 3503 πρὸς

2005 3525 2095 3579 τὸν
2119 3524 2249 3577 Θεὸν
2278 3524 2513 3594 βλέπειν,
2544 3525 2636 3578 καὶ
2660 3525 2924 3595 μηδέποτε
2952 3524 3043 3576 ἐπὶ
3063 3527 3174 3588 τοῖς
3195 3524 3590 3595 κατορθώμασι.

2011 3617 2453 3688 μεγαλοφρονεῖν,
2493 3617 2628 3670 ἀλλά
2657 3618 2749 3670 καὶ
2777 3616 3211 3680 καλλωπίζεσθαι
3243 3618 3338 3669 καὶ
3361 3617 3582 3688 μετριά-

2005 3708 2138 3773 ζειν.
2185 3708 2290 3761 Τοῦ
2320 3707 2428 3777 γάρ
2460 3707 2731 3779 κρατῆσαι
2778 3708 2839 3760 τὸ
2877 3707 3019 3760 οὕτω
3055 3710 3324 3779 κρατῆσαι
3382 3708 3581 3778 μᾶλλον

2004 3802 2200 3864 αὐτοὺς
2221 3801 2617 3870 ἐκόσμει,δπερ
2647 3797 2740 3852 καὶ
2763 3801 2992 3870 σεμνοὺς
3014 3800 3206 3865 ἐποίει,
3237 3803 3328 3854 καὶ
3362 3803 3580 3873 μετριά-

2005 3891 2117 3957 ζειν
2148 3893 2389 3946 ἐδίδασκε
2413 3908 2426 3921 ·
2455 3893 2683 3962 σεμνοὺς
2717 3891 2838 3959 μέν,
2866 3892 2948 3944 ὃτι
2974 3891 3211 3944 τοιοῦτον
3238 3889 3381 3961 εἶχον
3417 3909 3587 3963 στρα-.

2003 3986 2170 4056 τηγόν
2193 4001 2208 4014 ·
2243 3982 2551 4055 μετριάζειν
2574 3983 2650 4046 δέ,
2680 3985 2760 4035 ὅτι
2791 3984 2888 4036 οὐκ
2916 3984 3136 4046 οἰκείοις
3171 3983 3447 4052 ἐφυσῶντο
3476 4003 3578 4036 κα-

2003 4075 2344 4146 τορθώμασι.
2392 4074 2498 4128 Καὶ
2535 4073 2719 4127 ἔδωκε
2745 4074 2860 4142 τὴν
2894 4073 3011 4144 γῆν
3036 4073 3235 4128 αὐτῶν
3276 4080 3573 4143 κληρονο-

1995 4170 2164 4236 μίαν,
2183 4167 2591 4235 κληρονομίαν
2619 4165 2860 4234 Ἰσραὴλ
2877 4166 3004 4231 λαῷ
3017 4166 3044 4204 ἀ
3062 4167 3269 4221 αὑτοῦ.
3294 4168 3402 4220 Καὶ
3422 4168 3590 4223 τοῦτα

2004 4260 2261 4330 μέγιστον
2298 4257 2506 4328 θαῦμα,
2539 4257 2601 4309 τὸ
2638 4256 2713 4327 μὴ
2761 4257 2920 4326 μόνον
2967 4257 3268 4322 ἐκϐάλλειν,
3302 4257 3438 4311 ἀλλά
3483 4262 3578 4313 καὶ

2002 4351 2298 4422 δυνηθῆναι
2328 4351 2619 4418 κατασχεῖν
2643 4348 2740 4418 τὴν
2765 4349 2888 4418 γῆν,
2919 4349 3012 4400 καὶ
3042 4349 3226 4412 πόλεις
3248 4349 3538 4419 νείμασθαι
3559 4366 3576 4378 ·

1998 4442 2027 4496 ὃ
2057 4443 2152 4495 καὶ
2174 4441 2371 4511 πολλὴν
2399 4443 2662 4510 παρεῖχεν
2688 4440 2870 4502 αὐτοῖς
2906 4440 3002 4510 τὴν
3040 4436 3254 4511 ἡδονήν,
3282 4441 3448 4496 πολὺν
3486 4442 3583 4496 τὸν.

2001 4535 2225 4604 κόσμον,
2255 4531 2453 4601 πολλὴν
2497 4533 2593 4600 τὴν
2629 4531 2978 4602 φαιδρότητα.
3011 4533 3120 4585 Καὶ
3151 4532 3307 4586 τοῦτο
3344 4534 3444 4603 τῆς
3481 4533 3578 4587 τοῦ

1999 4626 2134 4678 Θεοῦ
2167 4625 2467 4694 δυνάμεως.
2499 4620 2573 4676 Οὐ
2615 4623 2723 4693 γὰρ
2755 4623 2947 4693 μικρὸν
2987 4627 3276 4694 κατασχεῖν
3303 4625 3574 4696 πολεμίων

2001 4714 2208 4786 χώραν,
2231 4713 2367 4766 ἀλλὰ
2385 4711 2584 4781 πολλῆς
2607 4711 2700 4764 καὶ
2725 4710 2958 4764 ἐνταῦθα
2985 4712 3142 4782 χρεία
3161 4713 3349 4784 ῥοπῆς.
3376 4715 3571 4782 Κύριε,

2001 4806 2067 4859 τὸ
2101 4804 2291 4874 ὄνομά
2318 4820 2436 4857 σου
2455 4805 2540 4868 εὶς
2583 4803 2690 4856 τὸν
2719 4802 2923 4866 αἰῶνα,
2962 4805 3058 4856 καὶ
3089 4805 3153 4857 τὸ
3173 4807 3586 4874 μνημόσυνόν»

1997 4915 2115 4952 σου
2139 4900 2228 4963 εὶς
2259 4896 2472 4966 γενεὰν
2497 4895 2595 4948 καὶ
2629 4893 2864 4964 γενεάν.
2889 4894 3102 4961 Ἀλλος,
3139 4895 3205 4948 'll
3231 4896 3577 4966 ἀνάμνησίς

1997 5006 2136 5046 σου.
2177 4989 2442 5044 Ἐνταῦθα
2459 4991 2524 5060 τῇ
2549 4987 2824 5058 δοξολογία
2844 4987 2906 5040 τὸ
2932 4988 3149 5058 συνεχὲς
3177 4989 3452 5042 διακόπτει
3478 4990 3574 5042 τοῦ

1996 5085 2177 5152 λόγου,
2201 5084 2336 5152 ὅπερ
2365 5083 2478 5144 τοῖς
2499 5080 2675 5149 ἁγίοις
2705 5082 2878 5132 ποιεῖν
2903 5079 3024 5143 έθος
3048 5079 3155 5134 ἀεί.
3189 5081 3437 5135 Ἐπειδὰν
3462 5082 3574 5154 γὰρ

1996 5177 2289 5248 ἁρξάμενοί
2317 5193 2370 5228 τι
2401 5174 2577 5243 λέγειν
2606 5174 2713 5226 τῶν
2738 5172 2832 5225 τοῦ
2867 5172 3000 5225 Θεοῦ
3029 5171 3341 5243 θαυμάτων,
3388 5192 3573 5247 πυρω-

1997 5269 2181 5331 θῶσιν,
2215 5268 2276 5320 οὐ
2312 5267 2574 5338 πρότερον
2613 5266 2707 5317 ἐπὶ
2753 5264 2815 5318 τό
2844 5265 2995 5328 τέλος
3043 5265 3312 5337 ἔρχονται,
3351 5267 3455 5331 ἓως
3501 5266 3570 5320 ἂν

1997 5362 2138 5433 ὑπὲρ
2166 5359 2273 5412 τῶν
2290 5358 2594 5429 εἰρημένων
2613 5357 2876 5423 δοξάσωσι
2901 5358 2991 5412 τὸν
3017 5357 3170 5421 Θεὸν,
3199 5358 3294 5410 καὶ
3320 5354 3569 5426 εὐφημή.

1997 5466 2152 5512 σωσι,
2197 5448 2290 5501 καὶ
2340 5447 2438 5518 τήν
2484 5447 2777 5517 ἐπιθυμίαν
2823 5448 3143 5519 ἐμπλήσωσι
3185 5447 3285 5515 τήν
3331 5445 3552 5497 ἑαυτῶν.

1998 5544 2174 5610 Ὅπερ
2210 5543 2302 5594 καὶ
2328 5539 2356 5590 ό
2399 5538 2608 5602 Παῦλος
2640 5540 2912 5612 πανταχοῦ
2947 5541 3117 5594 ποιεῖ·
3156 5537 3250 5590 καί¹
3285 5539 3341 5590 ἐν
3377 5553 3566 5607 προοικ

2059 5674 2081 5700 ⁸⁵
2114 5672 2206 5720 Alii
2234 5673 2338 5719 κατ’
2365 5672 2520 5719 αὐτῶν
2550 5672 2792 5729 πολλάκις.

2067 5730 2097 5773 1
2115 5735 2263 5784 Savil.
2288 5739 2340 5783 ct
2360 5735 2446 5782 alii
2463 5736 2530 5784 τῶ
2559 5733 2732 5794 δούλῳ.
