4070 6340
453 271 556 333 δθῖ

458 390 603 459 μίοις
633 391 689 446 δὲ
714 392 951 460 μάλιστα
973 393 1083 450 τῶν
1127 397 1477 465 Ἐπιστολῶν,
1506 401 1584 465 ὡς
1605 401 1734 454 ὅταν
1762 399 1894 472 λέγῃ
1919 401 2043 465 ταῖς

468 474 817 545 Ἐκκλησίαις
845 478 944 549 τῆς
968 478 1265 546 Γαλατίας·
1294 482 1475 552 Χάρις
1504 483 1667 553 ὑμῖν,
1708 483 1810 538 καὶ
1828 483 2040 553 εἰρήνη

457 558 578 612 ἀπὸ
618 560 766 615 Θεοῦ
799 563 1031 631 Πατρός
1060 562 1252 633 ἡμῶν,
1294 566 1395 619 καί
1422 567 1646 635 Κυρίου
1684 567 1883 635 Ἰησοῦ
1909 570 2043 635 Χρι-

459 640 633 706 στοῦ,
688 641 797 696 τοῦ
838 641 1053 711 δόντος
1101 645 1321 701 ἑαυτὸν
1365 648 1519 718 ὑπὲρ
1568 648 1687 703 τῶν
1742 648 2044 720 ἁμαρτιῶν

459 723 632 803 ἡμῶν
655 726 804 781 κατὰ
825 726 889 781 τό
915 728 1147 797 θέλημα
1174 729 1279 784 τοῦ
1308 731 1456 786 Θεοῦ
1474 732 1574 787 καί
1595 735 1825 802 Πατρός
1848 731 2040 803 ἡμῶν,

459 802 509 875 ᾧ
529 809 567 877 ἠ
585 808 736 875 δόξα
758 814 846 876 εἰς
865 811 1007 878 τοὺς
1028 811 1250 880 αἰῶνας
1275 813 1396 868 τῶν
1414 814 1664 871 αἰώνων.
1695 802 1903 887 Ἀμήν.
1933 818 2046 871 Καὶ

462 893 522 945 ἐν
540 895 605 964 τῇ
626 893 763 965 πρὸς
798 893 1102 965 Ῥωμαίους
1123 913 1137 925 ·
1168 890 1284 950 τ,Ων
1304 898 1343 965 ἡ
1365 900 1657 961 υἱοθεσία,
1680 900 1779 954 καί
1804 900 1843 968 ἡ
1869 898 2042 966 δόξα,

463 975 564 1029 καί
601 976 641 1045 ἡ
676 980 943 1046 λατρεία,
977 979 1071 1033 καὶ
1103 979 1143 1047 ἡ
1174 980 1521 1051 ἐπαγγελία,
1557 977 1646 1036 ὧν
1683 985 1739 1038 οἰ
1768 981 2042 1051 πατέρες,

463 1061 565 1115 καί
608 1061 679 1127 ἐξ
708 1057 796 1116 ὧν
824 1066 858 1117 ό
909 1063 1159 1132 Χριστὸς
1197 1065 1264 1118 τὸ
1311 1065 1461 1119 κατὰ
1499 1066 1719 1135 σάρκα,
1758 1069 1791 1120 ό
1818 1066 1905 1120 ὢν
1946 1066 2046 1120 ἐπὶ

466 1145 709 1199 πάντων
725 1158 752 1186 ι
786 1148 932 1213 Θεὸς
954 1149 1283 1218 εὐλογητὸς
1308 1151 1395 1215 εἰς
1424 1148 1566 1215 τοὺς
1589 1149 1827 1217 αἰῶνας.
1847 1149 2043 1219 Ἀμήν.

466 1229 580 1282 Καὶ
622 1229 784 1284 πάλιν
821 1230 1087 1302 ἀλλαχοῦ’
1128 1230 1213 1296 Τῷ
1245 1230 1314 1285 δὲ
1352 1232 1612 1297 ,ϐασιλεῖ
1648 1230 1770 1286 τῶν
1819 1232 2050 1285 αἰώνων

468 1310 765 1380 ἀφθάρτῳ,
789 1312 1039 1381 ἀοράτῳ,
1063 1317 1233 1383 μόνῳ
1259 1315 1430 1385 σοφῷ
1461 1314 1583 1381 Θεῷ
1608 1314 1746 1385 τιμὴ
1769 1316 1866 1369 καὶ
1897 1314 2052 1379 δόξα

468 1397 557 1460 εἰς
582 1395 726 1463 τοὺς
746 1395 968 1464 αἰῶνας
998 1396 1119 1451 τῶν
1143 1395 1395 1453 αἰώνων.
1441 1398 1649 1469 Ἀμήν.
1676 1397 1834 1452 Οὕτω
1859 1398 1925 1469 δὴ
1955 1398 2052 1453 καὶ

468 1480 499 1529 ό
529 1480 815 1551 προφήτης
844 1478 1077 1534 ἐνταῦθα
1099 1481 1362 1552 ἐννοήσας
1382 1480 1483 1553 τὴν
1508 1482 1762 1553 πρόνοιαν
1787 1481 1884 1554 τὴν
1918 1481 2053 1537 καθ-

469 1560 617 1625 όλου,
644 1562 745 1634 τὴν
783 1564 842 1616 ἐν
870 1562 1133 1634 Αἰγύπτῳ
1165 1564 1401 1636 πληγὴν,
1422 1564 1523 1629 τὰς
1559 1567 1654 1619 ἐπὶ
1696 1567 1764 1637 τῇ
1804 1566 1997 1638 ἐρήμῳ
2022 1564 2053 1606 h

469 1645 769 1717 γενομένας
792 1645 1132 1717 εὐεργεσίας,
1161 1645 1260 1710 τὰς
1287 1647 1538 1712 ποικίλας
1561 1646 1713 1721 [594]
1741 1649 1839 1703 καλι
1864 1648 2054 1718 διαφό-

475 1745 623 1800 ρους,
650 1730 748 1793 τάς
782 1731 864 1793 είς
901 1728 1211 1794 Ἰουδαίους,
1243 1730 1342 1795 τὰς
1371 1731 1511 1804 ὑπὲρ
1545 1732 1771 1786 ἐκείνων
1808 1733 1890 1795 είς
1930 1733 2057 1795 τοὺς

472 1811 788 1884 πολεμίους,
830 1813 926 1867 καὶ
961 1812 1234 1885 πυρωθεὶς
1261 1814 1369 1868 ἀπὸ
1398 1815 1495 1886 τῆς
1527 1816 1735 1885 ἀφάτου
1765 1814 1931 1869 αὐτοῦ
1966 1832 2056 1884 φι-

473 1894 842 1966 λανθρωπίας,
872 1896 1181 1966 δοξολογίαν
1208 1898 1494 1969 ἀνήνεγκε,
1519 1899 1726 1968 λέγων·
1754 1899 1954 1966 Κύριε,
1989 1896 2057 1952 τό

475 1978 666 2050 ὄνομά
686 1995 805 2035 σου
830 1983 917 2047 εἰς
939 1981 1046 2035 τὸν
1069 1980 1276 2047 αἰῶνα,
1302 1981 1399 2035 καὶ
1425 1980 1494 2035 τό
1507 1984 1912 2052 μνημόσυνόν
1938 1998 2057 2036 σου

475 2065 565 2129 εἰς
601 2063 816 2134 γενεὰν
853 2063 952 2117 καί
979 2065 1215 2132 γενεάν.
1248 2064 1560 2131 Τουτέστιν,
1586 2069 1619 2137 ή
1647 2066 1775 2131 δόξα
1817 2083 1910 2119 σου
1941 2066 2060 2137 διη-

477 2148 664 2218 νεκής.
712 2147 879 2202 Οὐδὲν
928 2148 1039 2220 γὰρ
1085 2148 1255 2219 αὐτὴν
1301 2148 1645 2219 λυμαίνεται,
1685 2150 1839 2203 οὐδὲν
1888 2151 2061 2220 αὐτὴν

475 2229 780 2297 διακόπτει,
805 2230 919 2284 ἀλλ’
948 2231 1096 2285 ἐστιν
1129 2232 1237 2293 ἀεὶ,
1271 2232 1367 2285 καὶ
1409 2232 1561 2303 μένει
1598 2234 1886 2304 ἄτρεπτος,
1918 2234 2060 2303 άμε-

476 2314 764 2385 τάόλητος,
795 2315 1052 2380 ἀνθοῦσα,
1085 2316 1430 2386 ἀκμάζουσα.
1466 2317 1531 2370 Τί
1563 2317 1622 2371 δέ
1655 2318 1794 2379 ἐστι,
1821 2315 1892 2370 Τὸ
1915 2332 2062 2386 μνη-

481 2399 757 2460 μόσυνόν
799 2413 917 2454 σου
956 2402 1045 2466 εἰς
1082 2400 1298 2468 γενεὰν
1324 2402 1424 2454 καί
1468 2399 1715 2470 madv;
1753 2400 1819 2453 'H
1852 2402 2061 2471 μνήμη,

483 2483 673 2554 φησὶν,
698 2485 733 2554 ή
759 2500 827 2537 πε
834 2485 889 2555 ρὶ
906 2483 1023 2546 σοῦ,
1043 2483 1398 2555 ἀτελεύτητος
1413 2484 1509 2538 καὶ
1526 2485 1701 2556 πέρας
1721 2485 1821 2538 οὐκ
1841 2484 2060 2554 ἔχουσα.

485 2565 619 2621 Ὀτι
644 2567 838 2635 κρινεῖ
861 2569 1080 2635 Κύριος
1108 2567 1216 2621 τὸν
1242 2566 1398 2621 λαὸν
1421 2567 1631 2631 αὐτοῦ,
1661 2568 1760 2621 καὶ
1801 2565 1901 2620 ἐπὶ
1939 2565 2065 2631 τοῖς

482 2649 728 2718 δούλοις
798 2649 986 2705 αὑτοῦ
1052 2649 1603 2718 παρακληθήσεται.
1658 2651 1729 2702 ’Ἡ
1778 2649 2067 2720 ἀμφότερα

484 2733 657 2788 ταῦτα
684 2733 813 2806 περὶ
837 2732 930 2787 τοῦ
964 2732 1096 2787 λαοῦ
1131 2732 1276 2788 ἐστιν
1307 2734 1501 2796 εἰπεῖν,
1534 2733 1616 2788 δτι
1640 2732 1796 2804 δίκην
1824 2734 2065 2802 άπαιτή-

488 2834 592 2883 σει,
620 2818 717 2873 καὶ
748 2818 888 2887 μετά
925 2817 1097 2871 ταῦτα
1126 2814 1393 2870 παύσεται
1434 2816 1531 2870 καὶ
1571 2817 1938 2888 ἀνακτήσεται
1966 2816 2067 2871 αύ-

485 2899 645 2965 τούς⁶
684 2901 718 2972 ἢ
750 2901 1043 2967 διελόντας,
1075 2899 1137 2955 τὸ
1162 2896 1953 2972 μένΠαρακληθήσεται,περὶ
1974 2897 2071 2952 τοῦ

488 2983 620 3040 λαοῦ
641 2999 657 3016 ·
689 2985 752 3039 τὸ
781 2985 839 3039 δὲ
867 2983 1086 3055 Κρινεῖ,
1122 2983 1254 3055 περὶ
1287 2982 1397 3036 τῶν
1440 2983 1737 3055 πολεμίων.
1790 2981 2071 3048 Τουτέστι,

492 3071 622 3135 τοὺς
655 3069 755 3142 μὲν
779 3072 1143 3141 ἀνακτήσεται
1166 3084 1179 3097 ο
1207 3067 1366 3121 τοῦτο
1388 3067 1495 3138 γάρ
1517 3068 1634 3121 ἐστι
1658 3068 1739 3134 τὸ,
1768 3070 2078 3134 [lupam/1n-

495 3153 745 3221 θήσεται
766 3170 783 3188 ο
813 3152 1020 3221 Κρινεῖ
1036 3153 1094 3206 δὲ
1119 3151 1249 3215 τοὺς
1281 3148 1595 3220 πολεμίους,
1614 3150 1884 3215 τουτέστι,
1918 3148 2076 3220 δίκην

494 3238 790 3308 ἀπαιτήσει
824 3235 963 3308 ὑπὲρ
996 3233 1197 3289 αὐτῶν.

567 3398 633 3464 ζ’.
674 3394 807 3455 Εἶτα
840 3399 1029 3469 ἐπειδὴ
1063 3399 1163 3452 οὐκ
1196 3394 1341 3468 εἶχεν
1374 3395 1481 3452 ἀπὸ
1517 3394 1634 3466 βίου
1679 3394 2080 3468 κατορθώματα

499 3484 679 3540 αὐτῶν
710 3485 904 3548 εἰπεῖν,
946 3484 1059 3546 τοῖς
1091 3482 1423 3551 δικαιώμασι
1453 3479 1663 3543 τούτοις
1692 3478 1978 3552 κέχρηται,
2004 3479 2082 3549 τῷ

499 3570 725 3640 ὀνόματι
747 3567 840 3622 τοῦ
861 3567 1014 3629 λαοῦ,
1044 3567 1140 3620 κα.)⁵
1168 3565 1244 3637 τῷ
1261 3565 1486 3636 ὀνόματι
1508 3564 1617 3617 τῶν
1642 3562 1863 3617 δούλων.
1897 3562 2082 3617 Εἰπὼν

501 3655 579 3719 δέ,
621 3651 1180 3722 Παρακληθήσεται,
1210 3650 1452 3703 δείκνυσι
1480 3648 1580 3719 τῆς
1608 3646 1700 3701 τοῦ
1736 3648 1870 3701 Θεοῦ
1898 3647 2085 3717 φιλαν-

505 3738 751 3811 θρωπίας
794 3737 893 3802 τὴν
943 3734 1311 3804 καταλλαγὴν,
1362 3732 1422 3786 ού
1474 3732 1574 3803 τῆς
1627 3732 1853 3786 ἐκείνων
1904 3730 2081 3796 ἀξίας.

507 3823 684 3876 Ὅπου
727 3820 837 3890 γὰρ
864 3819 1229 3891 παράκλησις,
1261 3813 1591 3887 συγγνώμης
1631 3815 1791 3888 χρεία
1811 3832 1825 3847 ο
1867 3815 2000 3869 ὅπου
2029 3814 2087 3868 δὲ

509 3902 841 3975 συγγνώμης
869 3902 1050 3973 χρεία,
1077 3904 1177 3955 οὐκ
1202 3898 1326 3965 ἀξία
1347 3898 1813 3970 κατορθωμάτων,
1844 3898 1983 3953 ἀλλὰ
2006 3916 2089 3967 φι-

507 3987 857 4059 λανθρωπίας
888 3985 1098 4055 καιρός.
1155 3984 1375 4055 Ἐπειδὴ
1396 3982 1576 4038 τοίνυν
1613 3978 1769 4035 εἶπεν
1798 3981 2085 4053 ἀνωτέρω·

516 4067 595 4123 Τὸ
612 4066 1006 4138 μνημόσυνόν
1032 4082 1149 4122 σου
1174 4069 1261 4133 εἰς
1287 4066 1503 4137 γενεὰν
1542 4065 1642 4118 καί
1672 4067 1906 4134 γενεὰν,
1938 4064 2087 4134 μόνοι

510 4153 569 4205 δέ
611 4152 721 4205 τῶν
764 4150 940 4205 ἀλλων
970 4151 1141 4204 ἐθνῶν
1174 4150 1329 4203 αὐτοὶ
1358 4149 1493 4203 Θεὸν
1534 4147 1911 4220 ἐπεγράφοντο
1943 4146 2086 4210 τότε,

513 4235 755 4292 τοιοῦτόν
789 4254 844 4290 τι
884 4236 1176 4292 αἰνίττεται
1216 4233 1306 4288 διὰ
1342 4232 1557 4298 τούτου,
1596 4232 1691 4285 καὶ
1730 4231 1901 4299 λέγει,
1930 4228 2089 4284 δτιΉ

512 4321 761 4393 σωτηρία
790 4320 885 4374 ἐπὶ
909 4321 1000 4374 τὸν
1037 4319 1165 4373 λαὸν
1189 4318 1287 4390 τὴν
1319 4318 1477 4382 δόξαν
1507 4315 1606 4386 τὴν
1641 4314 1794 4386 παρά
1814 4317 1927 4377 τοῖς
1957 4315 2091 4367 πολ-

515 4404 627 4468 λοῖς
662 4404 793 4475 περὶ
839 4401 934 4456 σοῦ
973 4398 1138 4456 οὖσαν
1168 4402 1459 4456 δείκνυσιν,
1517 4399 1583 4452 Ἡ
1627 4398 1725 4469 μὲν
1771 4398 1883 4468 γαρ
1932 4398 2093 4467 φύσει

517 4488 798 4562 προσοῦσα
836 4487 984 4559 αὐτῷ
1015 4487 1161 4553 δόξα,
1205 4485 1306 4539 κᾶν
1361 4484 1550 4556 μηδεὶς
1594 4484 1623 4535 ὁ
1667 4480 1985 4550 θεραπεύων
2035 4476 2092 4562 ᾗ,

524 4576 675 4644 μένει
695 4572 988 4645 ἀμείωτος,
1007 4569 1364 4636 ἀκατάλυτος,
1394 4564 1750 4628 ἀναλλοίωτος
1766 4582 1780 4597 ’
1813 4566 1846 4635 ή
1867 4563 1923 4616 δὲ
1947 4561 2097 4633 παρὰ

518 4657 735 4720 πολλοῖς
782 4655 1051 4726 εὐφημία.
1095 4654 1189 4707 καὶ
1234 4652 1344 4704 ἀπὸ
1380 4651 1481 4720 τῆς
1513 4648 1789 4721 ἡμετέρας
1823 4646 2097 4717 σωτηρίας

519 4740 887 4812 δειχθήσεται,
919 4737 1301 4792 ἁπολαϐόντων
1344 4733 1500 4805 ἡμῶν
1538 4733 1637 4803 τὴν
1674 4730 1851 4794 πόλιν,
1894 4728 1989 4812 καί
2036 4728 2098 4780 τὸ

527 4811 701 4893 ἱερὸν,
723 4821 932 4875 καὶτὸν
961 4820 1110 4885 ναὸν,
1135 4819 1230 4874 καὶ
1253 4818 1345 4873 ἐπὶ
1369 4816 1470 4888 τῆς
1500 4815 1770 4887 προτέρας
1792 4811 2099 4882 γενομένων

526 4906 802 4968 πολιτείας
829 4903 1014 4959 πάλιν.

603 4991 679 5046 Τὰ
723 4989 944 5044 εἴδωλα
981 4986 1099 5041 τῶν
1129 4985 1321 5041 ἐθνῶν
1361 4983 1649 5054 ἀργύριον
1676 4979 1776 5034 καί
1819 4979 2099 5049 χρυσίον,

523 5077 666 5145 ἔργα
691 5071 907 5143 χειρῶν
933 5069 1278 5139 ἀνθρώπων.
1322 5067 1541 5138 Ἐπειδὴ
1571 5064 1872 5137 ἀρχόμενος
1894 5062 2102 5145 ἔλεγεν,

539 5144 691 5212 Ὀδὲ
721 5157 936 5224 Κύριος
963 5155 1134 5224 ἡμῶν
1173 5152 1333 5221 παρὰ
1369 5152 1600 5214 πάντας
1623 5147 1765 5213 τοὺς
1790 5144 1982 5211 θεοὺς,
2010 5144 2106 5198 καὶ

529 5241 678 5306 ἔδοξέ
699 5258 823 5294 τινα
848 5239 991 5294 κατὰ
1014 5238 1302 5310 σύγκρισιν
1324 5234 1596 5305 ὑπεροχὴν
1628 5232 1871 5299 εἰσάγειν
1898 5228 1986 5284 διὰ
2008 5228 2104 5299 τὴν

529 5324 815 5382 ἀσθένειαν
839 5323 945 5378 τῶν
972 5322 1295 5382 ἀκουόντων,
1335 5320 1436 5390 ὅρα
1474 5316 1631 5371 τοῦτο
1654 5313 1771 5378 πῶς
1796 5312 2054 5366 ἐπιτείνει
2080 5320 2103 5349 ε

529 5409 610 5482 τῷ
638 5407 805 5480 λόγῳ.
854 5406 1184 5479 Ἀρξάμενος
1210 5403 1319 5475 γὰρ
1347 5400 1455 5456 ἀπὸ
1500 5399 1599 5471 τῆς
1641 5396 1737 5451 τοῦ
1774 5393 1910 5449 Θεοῦ
1949 5393 2107 5448 δυνά·-

598 5564 625 5593 ⁸
650 5562 723 5613 Ila
743 5560 916 5621 Savil.,
936 5558 1109 5608 Morel.
1137 5562 1303 5621 autem
1325 5556 1401 5621 ἐπὶ
1417 5553 1611 5621 «civ-ras:
1638 5549 1793 5621 Ριιιιιο
1820 5555 1933 5621 νόει
1955 5548 2106 5621 Savil:

535 5611 744 5735 ἐρρέτω,
764 5611 914 5699 σοφῷ’
929 5622 1039 5684 Θεῷ
1068 5620 1202 5682 τιμή,
1225 5618 1399 5667 Morel.
1435 5628 1556 5664 vero
1589 5614 1798 5677 ἀοράτῳ,
1821 5611 1951 5674 μόνῳ
1974 5611 2111 5673 σοφῷ

584 5702 1173 5749 εφίἱιμηο,,-γ-.
1298 5735 1840 5749 -....._..

601 5735 633 5789 ὅ
654 5735 781 5796 Μότί
807 5746 890 5802 τάς
907 5745 983 5794 ἐπὶ
1004 5748 1061 5805 τῇ
1080 5738 1447 5816 ,ἐρήμῳηεθνὶι
1473 5738 1555 5794 τὰς
1574 5737 1652 5809 εἰπί
1666 5742 1749 5794 τῆς
1765 5735 1959 5851 ἐρήμου.

601 5812 625 5840 α
647 5809 773 5851 Tros
790 5820 908 5851 mss.
932 5806 1020 5851 ὅσα
1036 5821 1138 5851 πως
1161 5804 1382 5851 ἑπιιιενει’
1404 5812 1515 5851 uuae
1539 5802 1686 5851 lecuo
1705 5803 1791 5851 ODI.
1809 5808 1888 5849 me
1905 5810 1959 5851 (ιι

601 5812 625 5840 ⁸
647 5794 773 5863 ’ἶπες
790 5794 908 5862 mai.
932 5806 1020 5871 δρα
1036 5794 1138 5863 πῶς
1161 5794 1382 5867 ὲᾶιίμὶένεισ
1404 5812 1515 5864 qua
1539 5800 1686 5851 lectio
1705 5794 1888 5862 optime
1905 5794 2110 5860 quadrat

1151 274 1207 330 S.
1246 273 1535 335 JOANNIS
1567 276 2062 336 CHRYSOSTOM!

2169 281 2418 345 ιιιιιΙΕΡ.
2458 280 3010 341 ϐθΝδΤΔΝΤΙΝΟΡ.

2145 423 2311 476 μεως,
2352 405 2445 460 καὶ
2478 402 2650 457 εἰπὼν
2677 402 2749 457 τὰ
2776 403 2836 457 ἐν
2867 400 2946 472 τῷ
2975 397 3211 471 οὐρανῷ,
3242 397 3313 452 τὰ
3339 400 3397 453 ἐν
3430 401 3495 471 τῇ
3526 402 3620 472 γῇ,
3647 403 3713 458 τά

2140 490 2198 543 ἐν
2227 491 2350 553 ταῖς
2381 488 2660 555 ἀϐύσσοις,
2700 485 2771 539 τὰ
2803 487 2883 549 εἰς
2918 483 3223 550 Ἰουδαίους,
3266 482 3336 537 τά
3362 483 3454 536 ἐπὶ
3495 483 3596 555 τῆς
3642 485 3718 538 ol-

2141 573 2317 636 κείας,
2348 571 2419 626 τά
2449 572 2543 624 ἐπὶ
2569 573 2668 641 τῆς
2706 569 3015 641 ἀλλοτρίας,
3041 566 3112 620 τὰ
3149 566 3242 620 ἐπὶ
3285 565 3393 621 τῶν
3421 565 3715 638 πολεμίων.

2141 654 2211 709 τά
2232 656 2323 708 ἐπὶ
2355 654 2462 708 τῶν
2500 653 2691 718 ἐθνῶν,
2725 648 2845 706 εἶτα
2872 652 3194 721 ἀναμνήσας
3224 650 3323 718 τὴν
3353 651 3717 721 χρηστότητα,

2139 738 2239 810 τὴν
2271 736 2708 808 φιλανθρωπίαν,
2739 734 2838 807 τὴν
2875 734 3221 804 κηδεμονίαν,
3255 732 3354 804 τὴν
3385 734 3596 802 σοφίαν,
3623 733 3719 805 τήν

2142 822 2393 892 δύναμιν,
2441 820 2536 874 καὶ
2573 819 2753 887 δείξας
2792 817 3024 872 καθόλου
3050 817 3181 871 Θεὸν
3209 816 3359 882 ὄντα,
3391 818 3486 872 καὶ
3519 818 3621 889 τῆς
3641 821 3719 872 οἰ-

2144 921 2241 958 κου
2251 904 2420 975 μένης
2445 902 2794 975 προνοοῦντα,
2826 899 3082 971 κωμῳδεῖ
3104 899 3291 953 λοιπὸν
3314 901 3407 953 καὶ
3432 900 3539 954 τῶν
3567 899 3716 954 εἰδω-

2143 986 2312 1040 λικῶν
2344 987 2482 1041 θεῶν
2502 986 2601 1057 τὴν
2625 984 2930 1045 ἀσθένειαν,
2961 983 3055 1036 καὶ
3078 982 3279 1046 εὐθέως
3307 983 3417 1037 ἀπὸ
3444 980 3597 1055 [595]
3625 983 3722 1054 τῆς

2146 1068 2360 1138 φύσεως
2388 1069 2559 1139 αὐτῆς
2591 1066 2976 1139 καταφορικῶς
2994 1066 3256 1137 κέχρηται
3277 1064 3356 1136 τῷ
3377 1066 3518 1137 λόγῳ
3536 1080 3551 1097 ο
3585 1066 3724 1137 μᾶλ-

2144 1157 2235 1208 λον
2263 1155 2321 1209 δὲ
2356 1154 2451 1210 καὶ
2478 1154 2541 1208 τὸ
2569 1154 2741 1224 δνομα
2770 1151 2949 1208 αὐτῶν
2984 1154 3065 1215 είς
3092 1152 3430 1223 κατηγορίαν
3460 1151 3720 1223 παράγει.

2147 1239 2222 1293 Τὸ
2252 1237 2362 1310 γὰρ
2388 1237 2606 1292 εἴδωλον
2634 1237 2787 1290 οὐδὲν
2811 1236 2997 1304 ἕτερόν
3028 1236 3197 1300 ἐστιν,
3223 1235 3257 1304 ἢ
3291 1233 3523 1305 ἀδρανές
3551 1251 3600 1287 τι
3631 1233 3726 1287 καὶ

2147 1322 2386 1387 εὐτελὲς,
2418 1321 2513 1375 καὶ
2547 1319 2835 1383 ἀσθενείας
2881 1319 3052 1390 ὄνομα
3085 1316 3498 1388 ἐπιτεταμένης.
3526 1315 3728 1383 Διόπερ

2149 1404 2398 1460 ἐντεῦθεν
2430 1406 2658 1475 ἄρχεται
2713 1402 2889 1471 λέγων
2908 1417 2924 1432 ο
2983 1402 3062 1455 Τὰ
3105 1400 3325 1455 είδωλα
3374 1399 3494 1453 τῶν
3536 1397 3729 1453 ἐθνῶν

2148 1490 2434 1559 ἀργύριον
2458 1487 2555 1542 καί
2586 1488 2864 1556 χρυσίον.
2887 1484 3132 1556 Πρῶτον,
3159 1483 3241 1538 ὃτι
3264 1482 3479 1537 εἴδωλον
3503 1499 3515 1513 ·
3539 1480 3693 1536 δεύτε
3710 1509 3727 1520 -

2155 1590 2269 1646 ρον,
2296 1574 2380 1627 δτι
2414 1571 2620 1642 ἄψυχος
2652 1570 2753 1641 ὓλη
2781 1570 2877 1624 καὶ
2905 1569 3100 1641 κωφή·
3124 1567 3328 1639 τρίτον,
3349 1567 3433 1621 ὅτι
3458 1565 3591 1621 αὐτὸ
3616 1564 3678 1618 τὸ
3696 1562 3726 1604 ει

2152 1657 2348 1712 εἴδωλα
2368 1651 2529 1718 εἶναι,
2557 1655 2618 1709 ού
2646 1655 2807 1726 μόνον
2828 1654 2961 1726 παρ’
2986 1654 3191 1707 ἑαυτῶν
3217 1651 3398 1723 έχουσι
3425 1651 3487 1703 τὸ
3512 1648 3727 1721 μικρὸν,

2153 1740 2250 1796 καὶ
2278 1739 2522 1802 ἀσθενὲς,
2553 1737 2649 1792 καὶ
2674 1736 2911 1801 εὐτελὲς,
2938 1734 3074 1790 ἀλλὰ
3092 1735 3189 1788 καὶ
3218 1735 3369 1806 παρὰ
3396 1733 3506 1787 τῶν
3528 1730 3733 1804 ἀνθρὼ-

2156 1842 2296 1882 πων.
2326 1823 2417 1877 Διὸ
2450 1823 2546 1876 καὶ
2590 1823 2891 1892 ἐπήγαγεν,
2925 1820 3112 1889 Ἔργα
3143 1817 3359 1888 χειρῶν
3382 1814 3728 1886 ἀνθρώπων,

2120 1949 2127 1957 .
2154 1909 2293 1978 ὅπερ
2329 1905 2558 1977 μεγίστη
2594 1902 2898 1974 κατηγορία
2922 1901 3030 1955 τῶν
3062 1900 3474 1972 θεραπευόντων
3500 1896 3728 1962 αὐτούς·

2155 1992 2237 2044 ὅτι
2272 1989 2366 2044 καὶ
2408 1986 2575 2042 αὐτοῦ
2603 1986 2699 2040 τοῦ
2735 1981 2874 2039 εἶναι
2904 1983 3043 2038 αύτά
3089 1983 3245 2037 αὐτοὶ
3277 1984 3429 2048 δντες
3461 1982 3645 2045 αίτιοι,
3674 1982 3735 2034 ἐν

2156 2074 2341 2138 αὐτοῖς
2380 2072 2483 2142 τῆς
2527 2068 2803 2141 σωτηρίας
2851 2067 2951 2132 τὰς
3001 2066 3220 2131 ἐλπίδας
3275 2066 3485 2137 ἔχουσι.
3539 2066 3736 2135 Στόμα

2155 2160 2392 2228 ἔχουσι,
2425 2155 2523 2211 καί
2545 2155 2617 2209 οὺ
2644 2154 3053 2218 λαλήσουσιν.
3097 2150 3475 2221 Ὀφθαωὺς
3498 2151 3733 2221 ἔχουσι,

2157 2241 2257 2296 καί
2283 2241 2395 2295 οὐκ
2422 2233 2849 2307 όψονταιῘὮτα
2882 2234 3118 2304 ἔχουσι,
3147 2233 3247 2288 καί
3273 2235 3387 2288 οὐκ
3413 2231 3737 2301 ἐνωτισθή-

2158 2338 2395 2379 σονται.
2425 2324 2508 2377 Οὐ
2535 2333 2559 2361 ⁸
2590 2319 2700 2392 γάρ
2731 2319 2862 2374 ἐστι
2894 2316 3133 2388 πνεῦμα
3150 2318 3222 2372 ἐν
3242 2317 3324 2383 τῷ
3350 2318 3600 2386 στόματι
3627 2316 3736 2368 αὺ-

2160 2408 2296 2464 τῶν.
2329 2409 2562 2476 Ὅμοιοι
2585 2403 2792 2469 αὐτοῖς
2815 2404 3088 2472 γένοιντο
3119 2404 3174 2455 οἰ
3211 2400 3528 2464 ποιοῦντες
3564 2397 3737 2462 αὐτὰ,

2160 2491 2262 2547 καὶ
2286 2491 2511 2555 πάντες
2534 2491 2589 2543 οἰ
2620 2487 2977 2550 πεποιθότες
3006 2484 3101 2538 ἐπ’
3129 2484 3354 2550 αὐτοῖς.
3387 2485 3603 2552 Στόμα,
3632 2498 3740 2551 φη-

2163 2577 2268 2639 σὶν,
2293 2576 2529 2642 ἔχουσι,
2555 2572 2654 2626 καί
2687 2573 2760 2625 οὐ
2781 2569 3192 2635 λαλήσουσιν.
3222 2564 3374 2631 Εἶδες
3399 2566 3515 2631 πῶς
3543 2564 3743 2620 ἐπιτεί-

2165 2676 2244 2712 νει
2260 2659 2358 2729 τὴν
2380 2654 2697 2727 κωμῳδίαν,
2716 2655 2813 2707 καὶ
2840 2651 3104 2722 διελέγχει
3124 2649 3221 2722 τὴν
3238 2650 3455 2721 ἀπάτην
3474 2666 3490 2717 ;
3525 2648 3743 2719 Ἐπειδὴ

2165 2742 2274 2813 γὰρ
2308 2740 2568 2802 πολλάκις
2592 2736 2731 2792 αὐτά
2762 2735 3015 2805 δαίμονες
3040 2733 3304 2799 κινοῦσιν,
3337 2733 3745 2804 ἀπαμφιέννυσι

2164 2826 2263 2898 τὴν
2301 2825 2587 2895 ὑπόκρισιν
2624 2821 2721 2875 καὶ
2745 2818 2806 2873 τὸ
2834 2819 3038 2890 δρᾶμα,
3065 2818 3279 2882 δεικνὺς
3312 2816 3332 2856 ί
3375 2817 3459 2871 δτι
3484 2817 3586 2870 οὐκ
3628 2815 3749 2869 ἐστι

2170 2908 2388 2979 πνεῦμα
2416 2908 2474 2960 ἐν
2496 2904 2574 2977 τῷ
2603 2904 2829 2976 στόματι
2850 2902 3056 2957 αὐτῶν..
3079 2899 3185 2957 Καὶ
3209 2900 3355 2967 τινος
3373 2899 3559 2953 ἕνεκεν
3585 2900 3616 2953 ὁ
3645 2915 3748 2951 πον

2170 2991 2336 3063 νηρὸς
2362 2989 2571 3059 δαίμων
2597 2987 2658 3041 οὐ
2676 2985 2845 3062 χωρὶς
2866 2985 3091 3039 ἐκείνων
3117 2983 3239 3059 δρᾷ,
3273 2983 3396 3037 οὒδέ
3419 2982 3745 3056 φθέγγεται;

2185 3072 2403 3144 Ἐπειδὴ
2426 3069 2703 3144 πορνείας,
2742 3067 2989 3139 μοιχείας
3029 3067 3223 3139 μυρίας
3255 3066 3452 3130 κακίας
3471 3068 3527 3119 αἰ
3554 3064 3749 3135 στῆλαι

2172 3159 2285 3213 τῶν
2322 3154 2559 3210 εἰδώλων
2590 3154 2729 3207 εἰσὶν
2758 3153 2808 3206 οἱ
2844 3151 3008 3204 τύποι
3045 3149 3273 3214 τούτων,
3307 3148 3577 3204 παιδεύων
3623 3148 3751 3210 τοὺς

2175 3239 2571 3309 ἀπατωμένους
2614 3236 2702 3291 διὰ
2743 3236 2844 3307 τῆς
2885 3233 3063 3304 ὅψεως
3098 3232 3207 3286 τῶν
3232 3233 3432 3298 ξοάνων
3466 3230 3753 3302 μιμεῖσθαι

2174 3326 2244 3380 τά
2286 3323 2610 3395 πράγματα,
2638 3313 2713 3373 ὧν
2762 3316 3021 3389 σχήματά
3045 3316 3258 3370 ἐστιτά
3301 3315 3518 3377 εἴδωλα,
3555 3331 3754 3386 προσε-

2176 3408 2360 3482 δρεύει
2392 3411 2487 3461 καὶ
2510 3403 2902 3477 παρακάθηται
2933 3400 3100 3456 κινῶν
3116 3418 3175 3454 τε
3193 3399 3355 3466 αὐτὰ,
3390 3401 3485 3453 καὶ
3504 3398 3753 3452 ἀπατῶν.

2180 3481 2315 3547 Εἶτα
2376 3489 2539 3544 πάλιν
2584 3487 2770 3558 ’ἐτερον
2827 3483 3118 3556 κωμῳδίας
3168 3481 3306 3547 εἶδος
3357 3484 3499 3536 κινεῖ
3547 3481 3752 3550 λέγων·

2182 3576 2402 3644 Ὅμοιοι
2439 3571 2645 3636 αὐτοῖς
2678 3568 2955 3638 γένοιντο
2984 3570 3037 3621 οἱ
3071 3566 3389 3631 ποιοῦντες
3425 3563 3595 3618 αὐτά.
3641 3564 3759 3617 Ἐν-

2180 3658 2371 3729 νόησον
2425 3655 2601 3727 ἡλίκοι
2625 3655 2651 3694 ε
2685 3652 2818 3717 θεοὶ,
2851 3645 2926 3705 ὧν
2962 3653 2996 3722 ἡ
3032 3650 3290 3721 ὁμοίωσις
3318 3650 3377 3702 ἐν
3404 3648 3553 3712 τάξει
3583 3649 3758 3701 κεῖται

2182 3743 2320 3815 ἀρᾶς
2359 3739 2497 3793 Ἀλλ’
2524 3739 2586 3791 οὐ
2622 3736 2691 3790 τὰ
2734 3734 2866 3806 παρ’
2893 3735 3026 3804 ἡμῖν
3078 3732 3594 3803 τοιαῦτα.Ἐσχατος
3650 3732 3759 3801 γὰρ

2182 3825 2383 3896 ἀρετῆς
2411 3823 2555 3893 ὅρος,
2598 3821 2693 3874 καὶ
2720 3817 2856 3890 πρὸς
2891 3816 3061 3888 αὐτὴν
3086 3816 3185 3887 τὴν
3210 3815 3453 3888 κορυφὴν
3492 3815 3760 3886 ἀναϐῆναι

2182 3908 2291 3961 τῶν
2320 3904 2542 3975 ἀγαθῶν
2577 3901 2785 3967 ποιοῦν,
2818 3898 2881 3954 τὸ
2909 3900 3048 3965 πρὸς
3082 3901 3175 3954 τὸν
3220 3900 3354 3953 Θεὸν
3400 3898 3759 3969 ὁμοιωθῆναι,

2184 3985 2328 4040 κατά
2355 3984 2417 4038 τὸ
2445 3981 2722 4054 ἐγχωροῦν
2740 3982 2895 4052 ἡμῖν.
2925 3979 3085 4051 Παρά
3109 3977 3167 4031 δέ
3190 3978 3421 4041 ἐκείνοις
3449 3979 3482 4049 ἡ
3510 3977 3757 4049 λατρεία,

2186 4070 2353 4140 φησὶ.
2403 4068 2499 4120 καὶ
2552 4067 2601 4119 οἰ
2639 4064 2767 4140 θεοι
2798 4063 3063 4125 τοιοῦτοι,
3107 4062 3183 4126 ὡς
3224 4061 3322 4132 τὴν
3370 4061 3508 4133 πρὸς
3564 4060 3761 4140 αὐτοὺς

2186 4138 2446 4220 ὁμοίωσιν
2468 4148 2525 4200 ἐν
2550 4144 2700 4209 τάξει
2728 4139 2871 4197 εἶναι
2893 4143 3033 4214 ἀρᾶς
3055 4141 3157 4211 τῆς
3192 4140 3447 4220 ἐσχάτης.
3483 4140 3644 4192 ’Ὥστε
3668 4138 3764 4193 καὶ

2187 4217 2253 4286 δι’
2277 4224 2352 4286 ὧν
2382 4229 2588 4301 ἄψυχός
2636 4229 2774 4281 εἰσιν
2800 4225 2924 4297 ύλη,
2969 4226 3062 4278 καὶ
3092 4224 3158 4277 δι’
3192 4217 3268 4277 ὧν
3297 4223 3447 4296 παρά
3469 4222 3577 4276 τῶν
3611 4222 3766 4294 θεραι-

2192 4315 2464 4369 πευόντων
2494 4312 2757 4381 γίνονται,
2807 4309 2901 4363 καὶ
2937 4308 3006 4361 δι’
3032 4301 3106 4361 ὧν
3147 4306 3341 4360 εἴδωλα
3380 4304 3765 4377 ἀσχημοσύνης

2192 4400 2318 4463 εἰσὶ,
2353 4397 2448 4451 καὶ
2466 4397 2533 4450 δι’
2558 4389 2633 4449 ὧν
2659 4393 2961 4464 ἀναίσθητα
2983 4394 3177 4448 κεῖται.
3203 4390 3297 4444 καὶ
3322 4389 3390 4443 δι’
3419 4382 3492 4442 ὧν
3527 4390 3583 4441 ἐν
3612 4387 3766 4453 τάξει

2193 4480 2330 4550 ἀρᾶς
2360 4474 2665 4548 προσέθηκε
2691 4474 2790 4544 τὴν
2811 4472 2947 4544 πρὸς
2977 4471 3180 4533 αὐτοὺς
3207 4471 3465 4540 ὁμοίωσιν
3485 4487 3496 4499 ·
3525 4467 3613 4522 διὰ
3631 4469 3769 4550 πάνυ

2192 4548 2299 4614 των
2333 4558 2441 4630 γὰρ
2472 4557 2745 4613 δείκνυται
2775 4556 2876 4627 τῆς
2914 4554 3123 4626 πλάνης
3165 4555 3199 4623 ἡ
3243 4552 3539 4624 ύπερὸολή.
3583 4548 3769 4604 Εἰπὼν

2194 4644 2374 4698 τοίνυν
2402 4640 2583 4696 αὐτῶν
2612 4640 2709 4710 τὴν
2750 4638 3059 4702 ἀσθένειαν,
3105 4636 3205 4707 τὴν
3246 4636 3485 4707 ἀπάτην,
3528 4634 3629 4706 τὴν
3657 4633 3769 4687 τῶν

2194 4727 2461 4799 δαιμόνων
2492 4724 2777 4796 πονηρίαν,
2807 4721 2906 4792 τὴν
2931 4721 3041 4774 τῶν
3069 4719 3366 4774 ποιούντων
3395 4720 3534 4774 αὐτὰ
3559 4720 3767 4781 ἄνοιαν,

2196 4813 2291 4864 καὶ
2326 4809 2538 4880 ταχέως
2570 4807 2748 4860 αὐτῶν
2789 4804 3143 4871 ἀπαλλαγεὶς,
3189 4803 3281 4856 ἐπὶ
3316 4801 3414 4873 τήν
3465 4802 3771 4870 δοξηλογίαν

2196 4892 2507 4948 κατακλείει
2528 4892 2623 4946 τὸν
2647 4889 2824 4957 λόγον,
2851 4888 3033 4942 οὐκέτι
3053 4885 3405 4957 διηγούμενος
3427 4885 3496 4939 τὰ
3526 4886 3656 4957 περὶ
3675 4884 3770 4938 τοῦ

2198 4977 2356 5042 Θεοῦ,
2382 4975 2498 5030 ἀλλ’
2532 4974 2609 5038 ὡς
2635 4972 2926 5037 ἀποδείξας
2966 4970 3173 5040 σαφῶς,
3207 4970 3300 5023 ἐπὶ
3328 4968 3773 5041 ὡμολογημένοις

2201 5062 2336 5116 πᾶσι
2348 5060 2447 5130 τὴν
2472 5058 2747 5131 εὐφημίαν
2768 5056 3016 5109 ἀπαιτῶν
3038 5055 3191 5125 παρά
3210 5054 3315 5109 τῶν
3336 5054 3435 5123 τῆς
3453 5051 3776 5124 εὐεργεσίας

2204 5144 2588 5199 ἀπολαυόντων
2627 5140 2824 5196 αὑτοῦ·
2865 5139 2946 5192 διὸ
2978 5140 3073 5192 καὶ
3101 5138 3258 5191 καλεῖ
3280 5137 3486 5200 πάντας
3516 5138 3596 5200 εἰς
3628 5134 3776 5202 δοξο-

2202 5226 2408 5296 λογίαν,
2454 5225 2598 5279 οὕτω
2635 5225 2840 5293 λέγων’
2875 5218 3049 5291 Οἶκος
3085 5220 3364 5289 Ἰσραὴλ,
3400 5218 3777 5288 εὐλογῆσαι-ε

2202 5314 2309 5366 τόν
2352 5312 2593 5381 Κύριον.
2628 5306 2803 5376 Οἶκος
2854 5305 3093 5375 Ἀαρὼν,
3126 5305 3499 5374 εὐλογῆσαι-ε
3525 5301 3635 5356 τὸν
3662 5302 3776 5355 Κύ-

2205 5482 2264 5533 ad
2288 5482 2487 5531 seriem.
2509 5478 2609 5528 Sed
2633 5473 2748 5539 quia
2791 5473 2985 5540 Morem
3022 5471 3294 5540 e_t__Savilii_
3312 5469 3579 5519 lectionem
3609 5465 3780 5530 sequia

2209 5552 2293 5596 tur
2316 5542 2463 5593 etiam
2484 5536 2752 5601 interpi-es,
2772 5538 2933 5588 visum
2950 5542 3031 5587 est.
3048 5536 3180 5586 Illam
3204 5536 3443 5582 retinere.

2270 5605 2296 5645 ά
2326 5607 2436 5655 Sav.
2460 5603 2591 5665 αύτῷ
2613 5602 2701 5665 τῷ.

2277 5671 2299 5698 ε
2329 5669 2437 5715 επ.
2465 5664 2591 5714 ούδὲ.

2283 5729 2301 5766 f
2320 5731 2400 5777 Sic
2426 5726 2547 5776 Mor.
2571 5730 2626 5775 et
2643 5724 2756 5775 Sav.
2780 5722 2923 5773 Alius
2939 5720 3107 5783 λέγων.
3216 5782 3221 5783 ί
3299 5778 3342 5783 Α,
3478 5776 3490 5783 _
3619 5776 3630 5783 _
3660 5775 3673 5783 .
3714 5769 3739 5783 ..

2281 5793 2304 5833 5
2323 5775 2578 5841 έέγίοῐοι.
2604 5785 2715 5837 Mox
2742 5784 2853 5838 Sav.
2894 5784 2953 5833 τὰ
2993 5775 3103 5847 παρ’
3123 5782 3273 5846 ἡμῶν.
3299 5778 3419 5832 Mor.
3443 5776 3502 5827 τὰ
3525 5776 3632 5840 παρ’
3649 5775 3781 5834 ἡμῖν.
