4070 6340
335 313 438 370 597

331 613 483 668 laude
513 613 806 676 affecerint,
839 622 892 666 et
921 616 990 665 ita
1020 626 1172 665 suum
1201 609 1521 665 desiderium
1552 608 1906 676 impleverim.

328 704 479 773 Quod
507 706 666 758 etiam
711 703 904 757 Paulus
941 703 1134 772 ubique
1175 703 1297 755 facit
1338 718 1352 756 :
1385 701 1613 754 maxime
1638 710 1812 753 autem
1855 699 1905 752 in

329 797 601 867 praemiis
629 796 984 866 Epistolarum
1004 837 1018 861 ,
1052 807 1105 848 ut
1132 794 1343 864 quando
1372 793 1496 848 dicit
1524 793 1777 848 Ecclesiis
1805 791 1909 847 Ga-

327 886 467 941 latia:
504 904 516 939 :
550 885 724 940 Gratia
755 884 890 938 vobis
915 895 962 939 et
998 902 1150 955 pasta
1173 884 1280 938 Deo
1328 883 1482 938 Patre
1509 896 1698 947 nostro,
1725 893 1770 936 et
1801 883 1907 936 Do-

325 977 461 1030 mino
481 973 606 1029 Iesu
632 975 852 1041 Christo,
875 977 958 1044 qui
977 975 1112 1028 dedit
1131 976 1350 1044 seipsum
1376 991 1466 1042 pro
1492 976 1704 1043 peccatis
1725 975 1907 1028 nostris

325 1068 599 1123 secundum
643 1068 946 1122 voluntatem
985 1067 1083 1122 Dei
1111 1078 1155 1122 et
1198 1067 1368 1121 Patris
1402 1069 1580 1129 nostri,
1627 1069 1707 1120 cui
1743 1068 1907 1138 gloria

325 1163 376 1215 in
420 1163 606 1216 sarcula
649 1161 966 1216 saeculorum.
995 1161 1150 1214 Amen
1179 1160 1316 1232 (Gal.
1344 1162 1394 1214 1.
1429 1162 1481 1215 5.
1515 1162 1590 1226 5).
1623 1160 1686 1214 Ει
1713 1161 1763 1214 in
1793 1161 1906 1230 epi-

324 1253 460 1308 stola
489 1253 557 1306 ad
584 1253 858 1306 Romanos
885 1268 897 1304 :
936 1252 1160 1318 Quorum
1186 1252 1412 1320 adoptio,
1441 1262 1486 1304 et
1515 1252 1697 1322 gloria,
1727 1261 1772 1304 et
1797 1251 1905 1304 cnl-

325 1353 424 1407 tus,
453 1352 500 1396 et
525 1344 810 1413 promissio,
850 1360 1062 1414 quorum
1092 1354 1278 1412 patres,
1309 1353 1354 1396 et
1383 1359 1445 1396 ea:
1474 1344 1651 1412 quibus
1678 1343 1904 1396 Christus

327 1434 601 1487 secundant
626 1451 846 1496 carnem,
878 1434 964 1501 qui
992 1443 1064 1487 est
1093 1449 1243 1502 super
1267 1433 1437 1486 omnia
1465 1432 1744 1486 benedictus
1771 1433 1904 1487 Deus

325 1526 377 1577 in
405 1525 611 1579 uacula.
642 1525 801 1577 Amen
843 1523 1016 1594 (Rom.
1048 1524 1103 1579 9.
1146 1525 1222 1595 4).
1266 1523 1332 1578 Et
1375 1538 1556 1578 rursus
1581 1524 1702 1578 alibi
1733 1542 1745 1576 :
1781 1522 1904 1594 Regi

325 1626 490 1669 autent
519 1615 817 1669 saeculorum
839 1615 1130 1679 immortali,
1152 1614 1406 1679 inuisibili,
1435 1616 1530 1668 soli
1551 1616 1765 1684 sapienti
1796 1614 1902 1668 Deo

326 1707 486 1760 honor
513 1716 557 1760 et
577 1705 739 1778 gloria
761 1708 814 1760 in
839 1705 1021 1760 sa'cula
1048 1707 1366 1760 saeculorum.
1395 1709 1551 1760 Amen
1579 1709 1656 1775 (1.
1689 1706 1824 1760 Tim.
1849 1713 1897 1762 l.

327 1801 440 1869 17).
475 1799 548 1852 Ita
579 1800 736 1853 etiam
763 1800 848 1854 hic
876 1798 1129 1869 propheta
1156 1815 1275 1852 cum
1308 1809 1484 1854 mente
1513 1798 1764 1869 agitasset
1791 1800 1901 1853 titti-

329 1907 529 1946 versam
559 1892 650 1946 Dei
682 1891 1086 1960 providentiam,
1133 1890 1338 1961 plagam
1381 1891 1432 1944 in
1472 1890 1723 1961 Egypto,
1756 1891 1899 1945 varia

324 1986 597 2040 ctdiversa
626 1985 877 2040 beneficia
900 2000 1018 2054 qum
1039 1985 1090 2038 in
1119 1983 1400 2038 solitudine
1419 1983 1595 2038 abillo
1623 1984 1671 2037 in
1689 1983 1898 2038 JUtiIBOS

323 2076 511 2132 collata
537 2086 677 2137 sunt.
701 2091 820 2146 quae
843 2091 938 2145 pro
963 2075 1064 2130 illis
1094 2075 1349 2130 adversus
1377 2075 1558 2128 hostes
1585 2074 1718 2128 facta
1739 2083 1856 2127 sunt
1882 2093 1896 2128 :

323 2167 390 2220 ab
434 2167 550 2235 ejus
602 2165 853 2220 ineffabili
904 2164 1229 2234 benignitate
1279 2163 1671 2229 inflammatus,
1725 2165 1902 2218 emisit

322 2258 780 2328 glorificationem,
806 2257 990 2311 dicens
1014 2273 1027 2308 :
1051 2255 1286 2320 Domine,
1315 2272 1492 2309 nomen
1521 2265 1659 2307 tuum
1685 2255 1738 2308 in
1757 2264 1900 2308 auer-

323 2365 463 2415 num,
493 2348 726 2414 Domine,
757 2347 1045 2401 memoriale
1068 2356 1206 2400 tuum
1225 2362 1255 2398 a
1276 2347 1592 2416 generatione
1615 2347 1665 2398 in
1692 2362 1901 2416 genera-

323 2442 526 2494 tionem.
556 2439 667 2494 Hoc
707 2448 821 2506 est,
862 2438 1039 2494 Gloria
1067 2447 1152 2493 tua
1181 2447 1258 2493 est
1287 2447 1556 2508 perpetua.
1590 2436 1730 2491 Nihil
1755 2439 1896 2492 enim

321 2533 549 2589 eiafl‘ert
599 2532 762 2586 ullum
805 2530 1202 2592 detrimentum,
1228 2530 1354 2584 nihil
1381 2543 1498 2584 eam
1543 2528 1893 2598 interrumpit,

320 2625 412 2681 sed
441 2635 527 2681 est
553 2639 782 2692 semper,
826 2632 880 2678 et
906 2633 1084 2677 manet
1111 2622 1471 2686 immutabilis,
1517 2631 1571 2676 et
1606 2637 1634 2676 a
1674 2638 1901 2674 eanver-

320 2719 470 2772 sione
499 2717 724 2770 omnino
739 2715 930 2780 aliena,
957 2715 1153 2769 florens
1192 2731 1255 2770 ac
1301 2717 1501 2786 vigens.
1535 2715 1669 2782 Quid
1698 2725 1778 2769 est
1805 2730 1898 2766 au-

321 2815 449 2872 tem,
473 2804 768 2859 Memoriale
792 2815 930 2860 tuum
959 2805 1010 2859 in
1040 2806 1404 2876 generationem
1430 2815 1474 2858 et
1498 2805 1900 2875 generationem?

321 2894 446 2962 Tui,
468 2897 654 2967 inquit,
688 2898 939 2952 memoria
963 2912 1067 2950 non
1095 2896 1307 2960 desinit,
1336 2905 1388 2950 ct
1409 2895 1565 2949 fittem
1590 2911 1692 2950 non
1715 2895 1892 2951 habet.

321 2992 407 3046 M.
443 2990 575 3058 Quia
591 2989 838 3061 iudicabit
861 2989 1106 3044 Dominus
1131 2991 1372 3059 papulum
1397 3005 1570 3055 suum,
1595 2999 1640 3042 et
1665 2990 1718 3042 in
1745 2990 1896 3043 semis

319 3087 422 3139 suis
447 3084 809 3155 deprecabitur.
838 3083 933 3138 Vel
963 3093 1183 3152 utraque
1210 3082 1322 3136 hsce
1349 3081 1451 3136 dici
1478 3091 1700 3150 possunt
1719 3082 1784 3136 de
1811 3097 1898 3150 po-

319 3179 464 3247 pulo,
486 3176 625 3247 quod
652 3175 719 3230 de
743 3191 808 3231 eo
836 3189 1024 3245 poenas
1049 3184 1241 3235 sumet,
1273 3184 1327 3228 ct
1359 3183 1536 3242 postea
1563 3174 1814 3238 cessabit,
1842 3186 1895 3230 et

319 3270 464 3337 ipsos
491 3267 748 3323 recreabit
779 3282 791 3318 :
825 3265 905 3320 vel
945 3265 1174 3329 divisim,
1211 3264 1640 3319 Consolationem
1679 3265 1892 3335 quidem

319 3361 561 3429 accipiet,
607 3359 675 3413 de
720 3359 914 3426 populo
953 3375 965 3410 :
1010 3356 1264 3410 Judicabit
1306 3365 1500 3416 autem.
1534 3356 1599 3410 de
1638 3355 1892 3411 hostibus.

321 3451 432 3505 Iloc
460 3459 561 3512 est,
595 3449 716 3503 Illos
760 3448 971 3518 quidem
1017 3447 1314 3510 recreabit;
1349 3446 1449 3500 hoc
1485 3446 1628 3500 enim
1659 3445 1759 3500 sibi
1787 3445 1898 3500 vult

319 3542 445 3598 illud
474 3583 490 3608 ,
517 3541 946 3597 Consolationem
990 3539 1240 3608 accipiet;
1272 3537 1532 3593 Judicabit
1574 3549 1749 3594 autem
1803 3540 1896 3591 ho-

319 3644 430 3690 stes
459 3652 473 3688 :
506 3634 606 3688 hoc
626 3643 727 3698 est,
751 3633 818 3687 de
841 3632 966 3702 ipsis
992 3646 1177 3702 poenas
1205 3640 1398 3686 sumet.

394 3729 447 3780 7.
479 3727 680 3782 Deinde
703 3727 952 3796 quoniam
974 3740 1076 3779 non
1104 3735 1309 3794 poterat
1331 3724 1509 3778 dicere
1533 3739 1716 3778 eorum
1754 3734 1896 3780 recte

320 3819 582 3887 focta,hac
606 3817 923 3888 justificandi
950 3818 1155 3873 ratione
1175 3817 1354 3881 utitur,
1375 3831 1562 3886 nempe
1577 3819 1787 3870 nomine
1805 3833 1898 3886 po-

318 3912 449 3980 puli,
464 3921 516 3966 et
532 3910 744 3964 nomine
759 3922 1052 3963 servorum.
1072 3909 1202 3963 Cum
1229 3919 1402 3963 autem
1421 3907 1575 3972 dixit,
1594 3907 1896 3978 Deprecabi-

321 4013 421 4068 tur,
461 4001 691 4057 ostendit
728 4000 1206 4056 reconciliationem
1241 4014 1362 4054 esse
1395 4000 1534 4053 illius
1574 4001 1891 4064 clementiae,

318 4110 424 4149 non
457 4101 632 4146 autem
659 4108 721 4146 ex
763 4092 971 4146 illorum
1001 4090 1226 4144 meritis.
1254 4089 1349 4144 Ubi
1387 4090 1529 4144 enim
1569 4091 1892 4161 deprecatio,

319 4187 475 4240 venia
528 4197 661 4255 opus
716 4190 799 4237 est
845 4200 857 4236 :
909 4181 997 4236 ubi
1048 4192 1223 4236 autem
1269 4196 1402 4250 opus
1451 4191 1534 4237 est
1574 4185 1742 4249 venia,
1789 4201 1893 4239 non

317 4287 442 4334 sunt
491 4287 634 4332 recte
689 4277 943 4329 factorum
995 4279 1209 4340 merita,
1259 4274 1354 4328 scd
1405 4284 1486 4329 est
1530 4284 1737 4343 tempus
1788 4279 1897 4331 cle-

317 4369 551 4425 mentiae.
600 4368 858 4434 Quoniam
903 4381 1028 4434 ergo
1077 4365 1208 4418 dixit
1257 4367 1496 4434 superius
1537 4381 1553 4417 :
1600 4366 1896 4421 Memoriale

318 4471 460 4515 tuum
487 4460 540 4514 in
568 4459 935 4530 generationem
975 4466 1020 4509 et
1059 4457 1447 4526 generationem,
1479 4456 1578 4510 soli
1608 4467 1783 4511 autem
1829 4473 1892 4511 ex

316 4554 432 4608 aliis
459 4551 702 4624 gentibus
732 4551 830 4620 ipsi
871 4558 995 4603 tunc
1025 4549 1188 4602 Deum
1235 4547 1334 4602 sibi
1377 4548 1768 4615 adscribebaut,
1802 4565 1896 4618 per

318 4647 418 4701 hoc
444 4647 548 4700 tale
575 4643 698 4715 quid
719 4642 996 4713 significat,
1026 4651 1080 4696 et
1105 4641 1253 4705 dicit,
1280 4640 1434 4696 Salus
1459 4641 1634 4710 populi
1666 4642 1896 4696 ostendit

316 4748 460 4794 tuam
492 4737 627 4809 apud
659 4735 854 4790 multos
879 4734 1120 4803 gloriam.
1150 4733 1279 4800 Qua:
1305 4734 1446 4788 enim
1476 4743 1659 4787 natura
1684 4734 1730 4788 ei
1758 4735 1897 4789 inest

317 4828 480 4898 gloria
503 4870 518 4894 ,
548 4828 647 4881 etsi
675 4825 853 4879 nullus
879 4839 998 4878 eum
1041 4824 1181 4877 colat
1222 4833 1275 4877 et
1315 4824 1596 4888 observet,
1641 4833 1896 4894 perpetuo

318 4927 516 4984 manet,
539 4926 594 4972 et
621 4933 720 4972 nec
748 4915 932 4979 minui,
963 4928 1061 4968 nec
1086 4913 1325 4979 dissolvi,
1353 4929 1450 4968 nec
1471 4915 1662 4967 mutari
1687 4923 1893 4982 potest:

318 5025 438 5081 quae
478 5010 554 5064 sit
574 5019 751 5062 autem
776 5007 892 5076 ejus
917 5005 1054 5075 apud
1101 5006 1296 5060 multos
1339 5005 1590 5066 laudatio.
1637 5021 1667 5059 a
1717 5015 1894 5061 nostra

317 5104 476 5159 etiam
523 5103 689 5157 salute
730 5099 1057 5158 ostendetur.
1104 5113 1222 5151 cum
1263 5113 1360 5152 nos
1399 5099 1684 5164 civitatem,
1726 5100 1894 5154 tndem

317 5211 540 5259 sacram,
574 5202 626 5249 et
657 5193 910 5262 templum
949 5191 1416 5257 receperimus,.ct
1451 5191 1684 5260 pristina:
1716 5192 1894 5261 rt'iptl-

317 5287 468 5342 hlica:
494 5283 722 5340 restituti
748 5282 1021 5337 fuerimus.

390 5376 791 5442 simulacrorum
832 5376 1043 5429 vanitas.
1090 5375 1300 5429 Dtemon
1343 5390 1432 5428 cur
1470 5373 1621 5426 idolis
1657 5373 1890 5426 assideat.

316 5498 389 5510 --
416 5467 503 5522 15.
553 5467 842 5522 Simulacra
885 5467 1104 5535 gentium
1140 5475 1401 5534 argentum
1428 5473 1475 5517 et
1503 5479 1716 5528 aurum,
1741 5480 1892 5534 opera

319 5577 558 5614 manuum
595 5559 873 5614 hominum.
920 5558 1184 5624 Quoniam
1240 5558 1291 5611 in
1342 5557 1600 5624 principio
1651 5555 1890 5620 dixerat,

324 5651 568 5706 Dominus
595 5661 761 5703 autent
788 5659 955 5702 noster
984 5663 1088 5717 pra:
1115 5646 1342 5701 omnibus
1370 5647 1486 5710 diis,
1531 5655 1585 5700 et
1625 5645 1769 5700 visus
1814 5658 1892 5700 est

315 5752 414 5807 ger.
431 5737 884 5811 comparationem
945 5738 1277 5795 introducere
1315 5735 1594 5795 quamdam
1633 5735 1893 5793 excellen-

1431 306 1789 366 EXPOSITIO.
1826 306 1898 364 ΙΝ
1928 306 2248 365 PSALMUM
2288 307 2570 367 CXXXIV.

335 440 434 495 tes,
478 427 784 485 inflammati
825 425 1044 494 fuerint,
1075 442 1178 483 non
1224 428 1368 496 prius
1409 425 1473 479 ad
1520 425 1687 478 finem.
1725 438 1910 494 perve-

332 529 500 585 ntunt,
542 537 697 590 quam
745 536 839 589 pro
883 522 944 573 iis
983 535 1100 590 quas
1141 518 1279 572 dicta
1306 529 1428 571 sunt
1457 516 1620 570 Deum
1648 516 1816 585 gloria
1857 524 1911 570 et

3493 314 3601 371 398

2019 424 2143 477 tiam
2191 437 2407 494 propter
2461 428 2870 486 imbecillitatem
2915 446 3098 486 eorum
3138 432 3226 502 qui
3271 432 3592 499 audiebant,

2017 514 2136 569 vide
2163 518 2428 584 quomodo
2455 518 2554 574 hoc
2579 522 2752 577 verbis
2789 524 3090 593 ampliticat.
3137 526 3419 594 Postquam
3451 526 3591 581 enim

2016 621 2044 659 a
2072 605 2161 661 Dei
2208 611 2436 675 potentia
2488 611 2690 666 initium
2736 613 2906 681 duxit,
2949 624 3002 669 et
3038 617 3172 670 dixit
3204 633 3323 686 qua:
3371 618 3422 671 in
3464 619 3594 670 cmlo

2017 707 2156 759 sunt,
2193 715 2310 768 qum
2351 701 2401 754 in
2445 712 2606 768 terra,
2633 719 2751 772 qua:
2785 707 2834 758 in
2865 707 3090 776 abyssis,
3117 723 3234 777 qua:
3266 709 3316 761 in
3358 707 3589 774 ludatis,

2014 804 2131 855 qua:
2159 791 2208 842 in
2235 793 2462 858 pr0pria,
2493 809 2610 864 quzc
2639 795 2688 848 in
2712 796 2878 850 aliena
2908 808 3065 861 terra,
3097 815 3214 868 qua:
3245 801 3296 852 in
3329 799 3589 865 hostibus,

2013 895 2129 947 qua!
2160 882 2209 934 itt
2235 882 2496 950 gentibus,
2536 883 2669 940 facta
2693 897 2834 950 sunt,
2859 887 3048 943 deinde
3067 904 3186 944 eum
3212 890 3328 958 ejus
3351 889 3592 959 benigni-

2013 981 2173 1026 tatem
2207 989 2503 1029 revocasset
2537 977 2586 1030 in
2628 982 2957 1044 memoriam,
3002 981 3309 1048 bonitatem,
3349 981 3588 1037 clemen-

2013 1064 2157 1126 tiam,
2186 1067 2533 1134 curationem,
2561 1071 2894 1138 sapientiam,
2926 1081 2979 1126 et
3010 1073 3316 1140 potentiam,
3339 1082 3393 1128 et
3420 1073 3585 1127 Deum

2010 1170 2129 1210 esse
2157 1157 2544 1223 universorum,
2576 1173 2628 1214 et
2653 1161 2885 1216 universi
2914 1163 3058 1217 orbis
3086 1171 3239 1217 terra:
3278 1179 3460 1218 curam
3497 1178 3588 1234 ge-

2007 1261 2129 1300 rere
2174 1247 2512 1312 ostendisset,
2546 1251 2729 1306 irridet
2753 1251 3003 1322 deinceps
3031 1262 3086 1306 et
3114 1253 3409 1308 ludificatur
3435 1255 3588 1308 idoli-

2007 1352 2189 1392 corum
2216 1339 2434 1395 deorum
2467 1341 2904 1409 imbecillitatem,
2933 1353 2988 1400 et
3010 1347 3186 1399 statim
3232 1345 3298 1400 ab
3343 1347 3453 1415 ipsa
3493 1361 3587 1400 na-

2010 1437 2124 1483 tura
2169 1429 2220 1484 in
2251 1430 2392 1500 ipsos
2441 1431 2707 1487 invehitur
2739 1452 2754 1489 :
2785 1435 2890 1487 imo
2919 1451 3047 1490 vero
3092 1435 3261 1504 ipsum
3293 1451 3485 1490 nomen
3517 1451 3563 1489 at

2007 1533 2190 1572 eorum
2239 1523 2704 1590 reprehensionem
2743 1524 2975 1578 adducit.
3023 1524 3222 1579 Idolum
3263 1526 3403 1580 enim
3453 1525 3579 1580 nihi.

2007 1617 2088 1664 cst
2114 1610 2256 1665 aliud
2285 1628 2440 1681 quam
2468 1613 2591 1683 quid
2635 1613 2950 1669 imbecillum
2989 1625 3043 1669 et
3078 1615 3366 1684 abiectum,
3408 1626 3463 1671 et
3489 1631 3556 1669 no

2007 1719 2127 1756 men
2176 1719 2398 1759 summa:
2441 1705 2777 1761 infirmitatis.
2823 1707 3078 1775 Quocirca
3113 1708 3232 1762 hinc
3262 1709 3466 1777 incipit,
3496 1710 3572 1762 di-

2005 1809 2154 1862 cens,
2184 1795 2467 1850 Simulacra
2491 1798 2712 1866 gentium
2738 1808 2997 1868 argentum
3024 1808 3070 1852 et
3090 1816 3289 1852 aurum.
3321 1799 3575 1866 Primum,

2004 1890 2145 1957 quod
2172 1891 2508 1946 simulacrum
2529 1908 2550 1956 ',
2573 1891 2888 1958 secundum,
2909 1893 3050 1961 quod
3079 1893 3305 1946 inanima
3327 1893 3575 1957 materia;

2006 1981 2241 2048 tertium,
2273 1983 2412 2052 quod
2442 1982 2542 2037 hoc
2570 1983 2684 2052 ipso
2709 1983 2847 2052 quod
2878 1993 3000 2038 sunt
3027 1985 3326 2050 sinmlacra,
3359 2001 3464 2038 non
3491 2000 3572 2039 so-

2004 2070 2112 2124 lum
2142 2087 2205 2124 ex
2250 2071 2438 2140 seipsis
2484 2073 2766 2138 imbecilla,
2810 2075 2930 2127 vilia
2961 2083 3014 2128 et
3059 2075 3264 2142 abjecta
3305 2077 3437 2138 sint,
3485 2076 3576 2130 sed

2003 2162 2160 2216 etiam
2190 2163 2328 2232 quod
2369 2164 2436 2218 ab
2467 2163 2770 2219 hominibus
2809 2168 2959 2219 facta.
2987 2165 3242 2232 Quocirca
3285 2167 3576 2236 subjunsit,

2007 2253 2173 2324 Opera
2195 2271 2432 2308 manuum
2455 2257 2730 2322 hominum,
2755 2258 2891 2326 quod
2914 2258 3123 2326 quidem
3147 2267 3228 2312 est
3247 2259 3472 2314 maxima
3494 2276 3579 2315 re-

2002 2344 2286 2415 prehensio
2329 2362 2512 2401 eorum
2559 2348 2646 2418 qui
2692 2348 2777 2402 illa
2823 2349 3032 2414 colunt;
3065 2365 3254 2418 nempe
3291 2351 3574 2419 quodcum

2004 2440 2100 2507 ipsi
2129 2439 2234 2492 sint
2264 2441 2314 2492 in
2344 2455 2502 2494 causa
2528 2457 2623 2494 cur
2644 2455 2704 2496 ea
2735 2442 2860 2507 sint,
2892 2442 2941 2494 in
2971 2442 3049 2496 eis
3077 2451 3254 2496 tamen
3285 2457 3394 2496 sua:
3421 2458 3571 2510 spem

2002 2530 2185 2583 salutis
2211 2530 2491 2585 collucent.
2519 2532 2604 2585 16.
2634 2531 2704 2584 0s
2725 2531 2925 2596 habent,
2956 2542 3121 2586 etnon
3144 2533 3422 2602 loquentur.
3451 2533 3578 2588 Ocu-

2002 2620 2077 2674 los
2115 2621 2315 2683 habent,
2346 2633 2520 2675 etnon
2560 2623 2812 2676 uidebunt.
2838 2625 2928 2678 17.
2951 2623 3109 2678 Aures
3147 2624 3347 2689 habent,
3389 2635 3434 2680 et
3476 2643 3577 2681 non

2003 2715 2225 2770 audient.
2260 2713 2436 2784 Neque
2471 2716 2600 2768 enim
2648 2725 2719 2768 est
2759 2717 2963 2786 spiritus
2993 2717 3043 2770 in
3089 2733 3175 2770 ore
3216 2719 3457 2787 ipsorum.
3486 2720 3572 2775 l8.

2003 2806 2205 2860 Similes
2231 2807 2330 2860 illis
2358 2808 2483 2876 ﬁant
2505 2808 2590 2876 qui
2617 2807 2810 2876 faciunt
2836 2825 2914 2875 ea,
2946 2817 2992 2862 et
3018 2825 3184 2862 omnes
3205 2811 3290 2879 qui
3314 2813 3576 2878 conﬁdunt

2001 2901 2051 2953 in
2077 2903 2168 2956 eis.
2219 2901 2309 2969 Os,
2357 2904 2544 2972 inquit,
2593 2903 2792 2968 habent,
2845 2914 2893 2960 et
2933 2923 3034 2958 non
3075 2907 3356 2974 loquentur.
3388 2903 3574 2958 Vidisti

2000 2993 2266 3062 quomodo
2291 3003 2446 3062 auget
2472 2995 2798 3059 irrisionem,
2814 3003 2872 3050 et
2895 2995 3130 3050 fraudem
3150 2995 3419 3063 coarguit?
3439 2993 3576 3060 Quu-

2001 3085 2139 3138 niam
2175 3086 2316 3138 enim
2359 3099 2420 3139 ea
2449 3101 2590 3156 sche
2636 3097 2850 3142 movent
2891 3087 3179 3149 daemones,
3213 3086 3475 3141 fictionem
3521 3094 3574 3140 et

2000 3177 2300 3230 simulatum
2327 3187 2500 3230 actum
2541 3192 2724 3232 eorum
2753 3177 2966 3248 detegit,
2993 3176 3280 3231 ostendens
3324 3192 3426 3229 non
3454 3191 3573 3230 esse

1999 3268 2240 3338 Spiritum
2273 3269 2322 3321 in
2352 3282 2446 3322 ore
2475 3267 2729 3336 ipsorum.
2762 3269 2825 3322 Et
2868 3284 3106 3337 quamam
3139 3276 3404 3322 estcausa
3433 3265 3574 3335 quod

2003 3359 2172 3412 malus
2207 3358 2416 3413 daemon
2443 3359 2643 3428 absque
2687 3359 2791 3413 illis
2834 3359 2961 3413 nihil
2993 3359 3134 3423 facit,
3166 3375 3265 3413 nec
3303 3357 3574 3428 loquitur?

1999 3451 2259 3518 Quoniam
2304 3451 2492 3520 stupri,
2533 3451 2797 3518 adulterii,
2843 3462 2896 3506 et
2923 3451 3387 3507 innumerabilium
3417 3451 3571 3504 vitio-

2000 3559 2116 3597 rum
2148 3544 2406 3597 columnre
2435 3553 2559 3596 sttnt
2585 3543 2770 3597 horum
2801 3543 3202 3598 simulacrorum
3235 3543 3412 3613 figura:
3439 3560 3453 3596 :
3479 3543 3576 3596 do-

1999 3648 2128 3689 cens
2157 3649 2249 3688 eos
2277 3635 2366 3704 qui
2391 3634 2715 3688 seducuutnr
2739 3675 2754 3700 ,
2784 3649 2877 3703 per
2905 3634 3074 3702 ipsum
3100 3643 3391 3688 statuarum
3419 3649 3575 3702 aspe-

1998 3735 2144 3780 ctum
2173 3740 2263 3779 eas
2289 3740 2374 3779 res
2404 3725 2616 3782 imitari.
2648 3740 2868 3794 quarum
2892 3724 3110 3795 figuram
3149 3726 3433 3794 prmferunt
3476 3737 3578 3778 sta-

2001 3827 2138 3883 tum,
2156 3817 2234 3870 eis
2259 3816 2454 3870 assidet
2479 3831 2539 3870 ea
2569 3830 2808 3879 movens,
2843 3825 2896 3870 ct
2921 3816 3207 3883 decipiens.
3242 3815 3438 3870 Deinde
3464 3831 3574 3868 rur-

2001 3923 2091 3962 sus
2114 3910 2218 3961 alio
2263 3907 2635 3961 ludificationis
2662 3922 2854 3976 genere
2897 3921 2958 3960 ea
2997 3905 3298 3976 aggreditur
3329 3923 3341 3958 :
3372 3905 3576 3960 Similes

2001 4001 2103 4054 illis
2132 4002 2257 4070 ﬁant
2284 4001 2368 4067 qui
2397 4000 2588 4069 faciunt
2619 4015 2696 4052 ea.
2723 3996 3014 4052 Considera
3039 3995 3178 4067 apud
3211 4009 3260 4050 te
3289 3996 3473 4065 quales
3501 3995 3574 4050 dii

2001 4094 2124 4156 sint,
2169 4092 2359 4162 quibus
2385 4091 2496 4143 fieri
2527 4089 2730 4143 similes
2757 4089 2868 4142 dira
2897 4098 2979 4142 est
3020 4087 3346 4158 imprecatio.
3385 4085 3576 4144 Nostra

2000 4193 2175 4237 autem
2199 4198 2302 4235 non
2335 4183 2401 4234 ita
2431 4180 2644 4234 habent.
2669 4180 2950 4233 Extremus
2964 4181 3106 4232 enim
3129 4178 3334 4231 virtutis
3352 4177 3468 4230 finis
3495 4187 3576 4231 est

2002 4278 2051 4330 id
2077 4275 2216 4346 quod
2259 4275 2379 4328 facit
2407 4274 2471 4327 ad
2499 4288 2764 4326 summum
2795 4272 3052 4326 bonorum
3083 4271 3342 4341 fastigium
3377 4271 3577 4340 pertin-

1999 4382 2146 4436 gere,
2176 4373 2234 4420 ut
2258 4365 2349 4419 Dei
2379 4374 2632 4433 quantum
2657 4361 2766 4416 fieri
2797 4369 2967 4430 potest
2989 4361 3189 4415 similes
3209 4361 3393 4415 simus.
3423 4360 3576 4429 Apud

2003 4457 2121 4511 illos
2146 4465 2342 4515 autem.
2377 4454 2562 4522 inquit,
2596 4461 2650 4506 ct
2677 4453 2853 4506 cultus
2897 4461 2995 4514 est,
3025 4461 3078 4506 et
3102 4451 3174 4505 dii
3207 4452 3355 4512 tales.
3399 4461 3455 4505 ttt
3495 4453 3574 4506 eis

2001 4563 2120 4603 esse
2164 4545 2364 4601 sitnilcs
2408 4545 2580 4599 locum
2634 4552 2812 4598 teneat
2860 4553 3111 4598 extremm
3161 4544 3573 4612 itnprecationis.

2001 4639 2150 4709 Quod
2197 4639 2356 4708 igitur
2392 4637 2499 4690 sint
2528 4636 2746 4690 materia
2792 4635 3041 4700 inanima,
3069 4637 3208 4702 quod
3240 4635 3364 4688 fiant
3407 4635 3475 4688 ab
3500 4638 3578 4688 eis

2001 4732 2090 4799 qui
2132 4732 2218 4785 illa
2246 4731 2444 4795 colunt,
2493 4729 2634 4798 quod
2673 4729 2780 4782 siut
2815 4729 3094 4782 simulacra
3127 4727 3400 4792 informia,
3437 4727 3578 4796 quod

1999 4825 2207 4893 jaccant
2226 4823 2369 4876 nullo
2393 4835 2551 4876 sensu
2575 4819 2813 4890 praedita,
2836 4829 2892 4874 et
2911 4819 3050 4885 quod
3071 4819 3325 4888 adiecerit
3347 4833 3442 4888 pro
3463 4819 3578 4873 dira

2004 4907 2412 4976 imprecatione,
2461 4912 2518 4958 ut
2561 4904 2679 4972 quis
2721 4903 2798 4957 eis
2823 4902 3013 4957 evadat
3052 4902 3281 4957 similis:
3314 4917 3409 4973 per
3441 4905 3576 4965 hmo,

2005 5003 2237 5069 inquam,
2269 4997 2444 5052 omnia
2488 4996 2782 5050 ostenditur
2810 5009 3049 5049 summus
3085 5011 3255 5050 error.
3290 4995 3579 5064 Postquam

2003 5105 2130 5160 ergo
2151 5089 2384 5144 ostendit
2405 5103 2589 5143 eorum
2620 5087 3053 5149 imbecillitatem,
3085 5101 3344 5152 errorem,
3379 5086 3579 5140 daemo-

2005 5196 2127 5234 num
2154 5179 2568 5249 improbitatem,
2600 5192 2782 5231 eorum
2811 5177 2898 5246 qui
2931 5177 3014 5229 illa
3046 5176 3247 5230 faciunt
3274 5175 3576 5242 stultitiam,

2001 5279 2068 5326 ah
2099 5273 2180 5326 his
2221 5272 2328 5326 cito
2357 5271 2628 5332 liberatus,
2672 5267 2941 5322 concludit
2982 5268 3278 5321 orationem
3322 5267 3579 5336 glorifica-

2005 5369 2162 5429 tione,
2193 5381 2298 5419 non
2324 5363 2553 5432 amplius
2583 5376 2804 5416 narrans
2830 5375 2893 5414 ea
2921 5376 3039 5431 quae
3071 5361 3206 5414 Deus
3233 5358 3375 5424 fecit,
3405 5367 3464 5412 ut
3488 5359 3580 5425 qui

2001 5475 2062 5514 ea
2083 5458 2192 5529 jam
2218 5456 2348 5510 satis
2372 5453 2769 5514 demonstrarit,
2799 5451 2892 5506 sed
2919 5466 3016 5520 pro
3032 5450 3278 5504 omnibus
3301 5464 3420 5518 qua:
3449 5458 3576 5503 sunt

2005 5551 2054 5604 in
2099 5547 2364 5611 confesso,
2395 5545 2606 5600 laudem
2641 5543 2857 5613 exigens
2887 5541 2953 5595 ab
2978 5543 3040 5594 iis
3079 5541 3168 5611 qui
3197 5539 3438 5595 fruuntur
3462 5539 3579 5607 ejus

2006 5639 2263 5695 beneﬁcio
2287 5656 2299 5691 :
2323 5646 2376 5693 et
2405 5636 2524 5692 ideo
2551 5644 2703 5690 vocat
2725 5649 2910 5688 omnes
2932 5632 2994 5686 ad
3019 5631 3480 5702 glorificationem,
3500 5629 3582 5683 sic

2008 5734 2188 5789 dicens
2257 5731 2342 5786 19.
2379 5728 2568 5782 Domus
2600 5725 2782 5792 Israel,
2822 5724 3090 5779 benediritc
3121 5721 3358 5777 Domine.
3386 5717 3596 5773 Domus
