4070 6340
489 320 596 387 399

487 449 682 512 Aaron,
714 446 983 501 benedicite
1009 446 1247 502 Domino.
1277 449 1366 501 2t).
1398 447 1591 502 Domus
1625 447 1762 510 Levi,
1793 447 2063 501 benedicite

487 528 725 589 Domino.
761 536 860 603 Qui
888 537 1070 591 timetis
1094 535 1382 602 Dominum,
1412 538 1680 591 benedicite
1708 537 1940 591 Domino.
1969 539 2058 593 21.

486 626 784 683 Benedictus
807 627 1058 684 Dominus
1088 645 1150 684 ex
1177 630 1326 695 Sion,
1353 630 1438 699 qui
1463 630 1652 684 habitat
1677 631 1729 683 in
1757 630 2060 686 Jerusalem.

557 719 966 775 Benedictionum
995 719 1309 787 di/I'erentiaz.
1338 753 1410 761 —
1430 722 1538 776 Cur
1574 737 1701 791 ergo
1731 737 1836 776 non
1879 737 2065 776 omnes

483 809 644 864 simul
676 821 847 877 vocat,
872 812 965 866 sed
1010 813 1060 865 in
1093 812 1304 866 ordines
1345 812 1626 867 dividens?
1667 811 1734 867 Ut
1763 814 1900 866 scias
1946 829 2064 866 esse

487 918 730 973 magnam
747 903 1094 957 differentiam
1116 903 1520 958 benedictionis.
1539 903 1708 956 Aliter
1719 904 1858 957 enim
1881 917 2065 957 sacer-

486 995 604 1060 dos,
623 995 778 1050 aliter
795 995 997 1061 Levita,
1013 996 1166 1049 aliter
1190 996 1371 1061 laicus,
1394 995 1547 1049 aliter
1571 993 1816 1064 frequens
1839 995 2066 1064 populus

487 1085 771 1140 heuedicit.
797 1085 984 1140 Dicere
1003 1094 1198 1149 autem,
1223 1084 1524 1149 Benedicite,
1547 1094 1628 1139 est
1647 1086 1761 1154 ejus
1773 1085 1860 1154 qui
1881 1093 2063 1139 osten-

487 1177 565 1231 dit
595 1178 803 1232 beatam
834 1176 975 1232 illam
1007 1187 1243 1230 naturam
1272 1186 1325 1230 et
1351 1177 1418 1230 ab
1452 1178 1665 1231 interitu
1692 1177 1940 1230 alienam.
1966 1175 2066 1229 Be-

488 1269 698 1324 nedicite
715 1269 878 1335 enim,
907 1269 1091 1339 inquit,
1111 1268 1248 1338 quod
1273 1268 1474 1323 liberati
1499 1269 1626 1323 esﬁs
1641 1267 1707 1322 ab
1722 1267 2060 1334 adversariis,

488 1359 629 1429 quod
669 1359 813 1430 digni
861 1361 1022 1415 habiti
1052 1362 1179 1414 estis
1225 1362 1311 1431 qui
1346 1363 1500 1416 talem
1534 1361 1703 1416 Deum
1745 1361 2058 1424 adoraretis,

488 1450 630 1518 quod
657 1453 933 1507 veritatem
961 1451 1273 1522 agnovistis.
1304 1452 1392 1505 Est
1423 1452 1560 1505 enim
1587 1453 1700 1520 ipse
1727 1467 1938 1521 quoque
1967 1451 2062 1504 he-

489 1541 751 1610 nedictus,
780 1542 832 1596 in
863 1556 1048 1596 natura
1078 1543 1279 1597 habens
1311 1542 1753 1607 benedictionem,
1783 1558 1880 1595 nec
1910 1540 2064 1595 laude

489 1635 711 1687 aliormn
736 1633 995 1703 indigens,
1017 1644 1379 1689 verumtamen
1401 1651 1494 1687 vos
1517 1651 1723 1705 quoque
1745 1635 2058 1698 henedicite,

490 1741 596 1779 non
639 1725 778 1796 quod
821 1727 869 1780 ei
898 1727 1096 1795 aliquid
1127 1743 1190 1782 ex
1239 1743 1304 1781 eo
1350 1727 1588 1791 accedat,
1636 1728 1728 1782 sed
1776 1729 1914 1797 quod
1965 1729 2060 1796 ipsi

490 1834 736 1888 magnum
779 1817 1004 1873 fructum
1031 1835 1098 1874 ex
1137 1835 1198 1874 ea
1240 1835 1298 1874 re
1327 1821 1642 1889 percipiatis.
1675 1821 1782 1875 Etsi
1812 1820 1953 1874 enim
1982 1829 2063 1875 est

490 1917 675 1962 natura
704 1909 1033 1977 benedictus,
1063 1919 1119 1964 ut
1160 1919 1304 1965 certe
1331 1920 1440 1975 est,
1487 1910 1596 1964 vult
1628 1922 1798 1965 tamen
1829 1913 1986 1964 etiam
2030 1926 2061 1965 a

489 1999 642 2053 nobis
664 1999 924 2054 benedici.
953 2001 1080 2055 Sion
1107 2011 1282 2055 autem
1313 2015 1496 2055 rursus
1521 2011 1798 2066 memorat,
1828 2011 1882 2055 et
1904 2000 2061 2056 Jeru-

489 2093 674 2147 salem.
707 2093 962 2158 Quoniam
991 2095 1129 2148 cuim
1153 2094 1260 2147 illic
1284 2102 1397 2148 erat
1422 2095 1706 2148 constituta
1730 2109 1914 2149 eorum
1946 2109 2060 2148 res-

489 2184 717 2254 publica,
739 2186 844 2263 illic
865 2186 1112 2240 fundatus
1133 2196 1246 2240 erat
1273 2202 1458 2241 eorum
1483 2187 1675 2252 cultus,
1697 2195 1752 2241 et
1771 2201 1836 2241 ex
1859 2201 1924 2241 eo
1945 2186 2061 2241 loco

489 2277 814 2332 docebantur
841 2287 896 2333 et
925 2278 1350 2343 instituebantur,
1383 2278 1495 2332 vult
1522 2294 1583 2333 ea
1613 2278 1729 2332 loca
1758 2279 2058 2334 veneranda

489 2382 551 2422 ac
595 2369 872 2437 magniﬁca
918 2368 1272 2437 reddereipso
1316 2369 1406 2422 Dei
1451 2369 1788 2438 cognomine,
1837 2377 1893 2422 ut
1939 2384 2058 2424 cum

488 2467 663 2514 essent
691 2459 1010 2526 veneranda,
1041 2459 1210 2528 majus
1238 2460 1445 2512 illorum
1471 2469 1611 2514 esset
1635 2459 1686 2514 in
1715 2475 1775 2515 ea
1804 2461 2057 2527 studium,

489 2559 544 2605 et
567 2566 688 2606 cum
711 2562 852 2607 esset
879 2556 1048 2621 majus
1073 2551 1327 2614 studium.
1359 2553 1422 2607 ad
1450 2569 1510 2608 ca
1541 2553 1705 2624 magis
1731 2553 2062 2608 attraheren-

489 2649 594 2703 tur,
624 2642 832 2696 attracti
857 2658 1003 2701 vero.
1034 2643 1086 2697 iu
1115 2644 1204 2697 Dei
1247 2644 1443 2698 ettltum
1475 2645 1640 2714 magis
1665 2644 2018 2713 deﬁgerentur
2040 2683 2056 2709 ,

489 2730 644 2785 deﬁxi
689 2741 888 2796 autem,
933 2732 998 2786 ad
1046 2732 1300 2803 majorem
1349 2735 1590 2788 virtutem
1635 2734 2056 2798 deducerentur,

488 2832 704 2891 propter
742 2839 897 2892 quam
941 2826 1115 2879 omnia
1167 2827 1298 2880 tacta
1346 2836 1486 2880 sunt.
1531 2825 1633 2881 Sed
1677 2835 1800 2881 tunc
1846 2826 2059 2896 quidem

487 2924 640 2968 erant
666 2914 958 2970 Jerusalem
1002 2925 1054 2971 et
1099 2917 1245 2981 Sion,
1296 2918 1452 2972 hodie
1494 2931 1668 2974 autem
1705 2919 1819 2973 caeli
1862 2927 1917 2974 et
1941 2933 2060 2988 quae

486 3016 610 3061 sunt
649 3007 701 3061 in
729 3009 889 3062 cazlis.
919 3009 994 3064 llli
1035 3025 1162 3079 ergo
1207 3025 1322 3076 nos,
1361 3027 1562 3081 qiucso,
1589 3012 1746 3074 deﬁxi
1775 3011 1959 3074 simus,
2003 3021 2060 3066 ut

487 3097 658 3152 futura
703 3099 860 3152 etiam
890 3099 1024 3153 bona
1051 3115 1456 3170 consequamur,
1485 3103 1648 3170 gratia
1677 3110 1728 3154 et
1754 3103 2053 3154 misericor-

486 3188 569 3242 dia
604 3189 808 3243 Domini
835 3191 998 3244 nostri
1038 3190 1164 3245 Jesu
1191 3192 1408 3259 Christi,
1439 3194 1522 3246 cui
1565 3192 1728 3262 gloria
1771 3194 1822 3245 in
1865 3192 2059 3248 saecula

487 3281 821 3335 κςυρυιοωιη.
854 3282 1042 3335 Amen.
1401 3355 1404 3358 j

909 3371 974 3425 IN
1013 3371 1328 3427 PSALMUM
1378 3369 1636 3427 CXXXV.

521 3463 572 3517 1.
613 3459 930 3532 Conﬁtemini
955 3462 1173 3516 Domino
1190 3505 1202 3526 ,
1229 3465 1465 3532 quoniam
1487 3465 1643 3517 bonus
1663 3505 1676 3528 ,
1708 3463 1943 3535 quoniam
1970 3464 2022 3516 in

872 3553 1108 3606 sarculum
1149 3555 1491 3608 misericordia
1538 3557 1664 3624 ejus.

557 3643 607 3696 ί.
653 3640 788 3696 Deus
816 3652 1052 3712 perpetuo
1081 3643 1357 3696 miseretur.
1385 3674 1458 3684 —
1485 3645 1767 3714 Postquam
1815 3655 1938 3699 ante
1979 3644 2058 3699 lo-

485 3743 680 3800 quutus
704 3743 786 3788 est
813 3733 879 3787 de
910 3734 998 3788 Dei
1027 3734 1078 3788 in
1110 3733 1349 3788 homines
1370 3735 1660 3800 beneﬁciis,
1691 3737 1757 3792 de
1783 3737 1897 3806 ejus
1922 3753 2057 3806 quo-

485 3842 589 3894 que
610 3825 989 3881 misericordiae
1019 3826 1379 3897 magnitudine
1401 3827 1631 3893 disserit,
1661 3844 1764 3882 non
1795 3844 1913 3882 eam
1939 3844 2054 3883 me-

487 3918 622 3970 tiens
654 3932 669 3970 :
703 3931 804 3971 nec
827 3915 1044 3970 enimid
1069 3916 1181 3971 ﬁeri
1205 3926 1405 3987 potest;
1439 3918 1531 3971 sed
1561 3934 1652 3987 per
1677 3919 1936 3973 inﬁnitum
1960 3935 2058 3975 vo-

488 4009 603 4062 lens
621 4007 902 4062 ostendere
932 4008 1046 4076 ejus
1081 4009 1516 4078 magnitudinem,
1548 4010 1839 4077 invitatque
1866 4025 2056 4065 omnes

485 4101 550 4155 ad
596 4097 1052 4170 gloriﬁcationem,
1077 4103 1258 4158 dicens
1288 4121 1301 4157 :
1326 4103 1639 4169 Con/itemini
1664 4103 1883 4159 Domino
1909 4120 1928 4158 :
1955 4105 2056 4159 hoc

484 4204 585 4258 est,
617 4194 824 4250 Gratias
849 4197 1007 4266 agite,
1031 4197 1239 4251 laudate
1269 4197 1716 4265 ipsum.Quoniam
1737 4199 1789 4250 in
1815 4198 2054 4250 swculum

485 4287 827 4340 misericordia
864 4290 993 4358 ejus.
1037 4289 1172 4354 Quid
1217 4298 1331 4353 est,
1365 4286 1431 4341 In
1489 4288 1914 4342 swculum?Non
1959 4289 2055 4342 ali-

485 4376 698 4446 quando
730 4377 977 4446 quidem,
1007 4379 1202 4448 inquit,
1241 4379 1499 4433 benclicio
1525 4378 1724 4442 afﬁcit,
1767 4378 2054 4449 aliquando

486 4483 618 4520 vero
648 4468 849 4522 recedit
876 4487 888 4522 :
918 4485 1087 4539 neque
1114 4469 1270 4523 modo
1303 4471 1585 4524 miseretur
1604 4511 1618 4532 ,
1649 4467 1806 4522 modo
1837 4469 2049 4535 desinit,

484 4559 625 4628 quod
651 4560 826 4614 evenit
854 4561 905 4614 in
935 4561 1234 4615 hominibus
1257 4602 1271 4624 ,
1301 4576 1434 4630 quos
1476 4559 1721 4629 prohibet
1741 4560 1902 4613 animi
1931 4574 2053 4628 per-

487 4653 736 4718 turbatio,
764 4653 1011 4715 distrahit
1036 4653 1230 4708 fractas
1254 4663 1307 4709 et
1350 4653 1590 4723 abjectus
1618 4653 1845 4713 animus.
1880 4653 2052 4723 impe-

485 4746 561 4800 dit
590 4746 918 4816 obsequium,
953 4763 1050 4802 nec
1080 4747 1385 4817 permittunt
1414 4746 1542 4800 varii
1571 4761 1744 4811 casus,
1768 4761 2053 4816 rerumque

483 4837 717 4891 conditio
746 4855 759 4891 :
785 4848 841 4892 at
888 4838 1028 4893 Deus
1076 4854 1178 4892 non
1229 4846 1310 4892 est
1329 4836 1623 4906 ejusmodi,
1665 4836 1758 4890 sed
1799 4846 2052 4907 perpetuo

484 4929 785 4994 miseretur,
816 4944 913 4984 nec
953 4944 1196 4998 umquam
1223 4928 1414 4982 desinit
1463 4926 1564 4982 hoc
1605 4926 1813 4992 facere,
1845 4928 2051 4982 etiamsi

484 5019 586 5076 hoc
616 5019 773 5074 faciat
799 5020 962 5076 variis
986 5029 1038 5073 et
1061 5019 1287 5074 diversis
1316 5018 1504 5072 modis.
1528 5018 1752 5086 Semper
1793 5033 1921 5088 ergo
1947 5019 2050 5072 mi-

482 5122 710 5177 seretur,
738 5127 837 5168 nec
865 5127 1113 5180 umquam
1141 5120 1315 5166 cessat
1357 5109 1615 5164 beneﬁcio
1654 5109 1896 5164 homines
1939 5108 2054 5162 afﬁ-

481 5219 625 5260 cere.
655 5203 854 5260 Deinde
878 5214 1158 5274 postquat:
1187 5203 1322 5257 dixit
1347 5218 1468 5257 eum
1499 5200 1740 5256 misereri
1771 5203 2046 5270 perpetuo,

483 5295 716 5352 ostendit
748 5297 905 5351 etiam
957 5304 1266 5363 argumenta
1314 5293 1721 5360 misericordiae,
1749 5293 1888 5362 quod
1935 5293 2051 5361 ejus

481 5386 843 5442 misericordia
871 5401 1083 5454 semper
1110 5395 1352 5448 maneat,
1386 5401 1448 5438 cx
1480 5385 1544 5438 iis
1571 5400 1690 5452 qua:
1718 5384 1962 5436 videntur
1985 5397 2048 5436 ea

479 5492 772 5543 asserens;
811 5486 867 5532 et
905 5478 1150 5546 quoniam
1199 5490 1292 5531 eos
1341 5475 1635 5529 deducebat
1688 5476 1753 5528 ad
1803 5476 2047 5543 pietatem

481 5585 769 5639 veramque
827 5569 1167 5638 religionem,
1219 5567 1341 5623 vide
1382 5567 1647 5636 quomodo
1697 5581 1817 5620 eum
1865 5579 2050 5619 rursus

478 5660 686 5716 confert
723 5675 840 5713 cum
898 5660 1000 5714 diis
1048 5658 1444 5729 gentilium,ad
1490 5666 1700 5726 captum
1749 5657 2047 5710 auditorum

482 5753 667 5807 eodem
699 5750 855 5805 modo
881 5765 938 5806 se
963 5750 1265 5809 demittens.
1295 5748 1430 5818 Quid
1461 5749 1600 5806 enim
1627 5746 1789 5804 dicit?
1809 5746 1862 5802 2.
1887 5745 2050 5816 Con/i-

1198 335 1252 389 S.
1294 334 1568 391 JOANNIS
1604 335 2081 390 CllllYSOSTOMI
2121 335 2434 392 ARClllEP.
2477 339 3010 396 CONS'I'ANTl-NOP.

3643 347 3746 403 ιοιι

2172 451 2342 504 temiui
2369 451 2474 506 Deo
2495 454 2704 508 deorum
2728 470 2750 513 :
2776 454 2998 524 singulis
3018 455 3342 527 subjungens
3360 498 3375 522 ,
3406 459 3656 522 Quoniam
3691 465 3743 516 in

2168 544 2407 596 clnculum
2432 546 2772 599 misericordia
2797 549 2925 615 ejus.
2955 545 3057 611 Et,
3085 548 3137 601 '5.
3166 547 3482 616 Conﬁtemini
3526 549 3741 606 Domino

2169 633 2489 688 dominorum
2537 635 2706 707 (Psat.
2757 638 2874 693 154.
2918 639 2997 710 5).
3039 639 3096 694 lu
3156 639 3476 708 przecedeuﬁ
3527 643 3743 711 quidem

2171 724 2383 778 Psalmo
2419 726 2622 782 dicebat
2655 745 2775 784 eum
2798 746 2918 786 esse
2944 747 3053 801 pne
3081 733 3326 786 omnibus
3363 732 3466 786 diis
3495 751 3508 785 :
3535 733 3621 787 hic
3648 750 3746 791 au-

2171 825 2275 871 tem
2304 817 2478 872 adhuc
2505 822 2753 889 amplius,
2787 838 2908 876 eum
2940 838 3058 877 esse
3086 823 3294 877 illorum
3326 823 3522 879 Herum
3551 835 3605 881 et
3639 827 3742 882 Do-

2169 909 2405 971 minum.
2451 911 2562 966 sive
2606 913 2866 967 idolorum
2916 915 3082 980 dicas,
3115 916 3227 971 sive
3259 916 3580 974 daemonum.
3632 920 3741 975 Etsi

2168 999 2309 1052 enim
2350 1000 2666 1058 olfenderint
2693 1004 2997 1073 dmmones,
3025 1008 3234 1078 sintque
3259 1009 3456 1079 probro
3495 1019 3549 1066 et
3587 1012 3739 1083 igno-

2170 1090 2332 1145 minia
2376 1095 2565 1162 notati,
2593 1097 2738 1150 servi
2771 1107 2945 1152 tamen
2983 1109 3139 1167 sunt,
3170 1101 3324 1170 eique
3360 1103 3575 1158 subditi.
3608 1105 3738 1159 Pro-

2167 1192 2350 1251 pterea
2420 1199 2584 1255 ergo,
2642 1185 2852 1257 inquit,
2908 1191 3268 1258 conlitemini,
3314 1193 3456 1262 quod
3499 1192 3739 1249 habeatis

2172 1273 2334 1327 Deum
2362 1277 2594 1329 ninnium
2619 1292 2946 1347 supremum,
2975 1280 3059 1334 cui
3091 1282 3262 1336 nullus
3289 1292 3371 1337 est
3397 1283 3580 1337 similis
3603 1324 3617 1348 ,
3647 1284 3738 1352 qui

2169 1363 2339 1417 llerus
2382 1375 2464 1420 est
2503 1368 2738 1421 ninnium
2769 1379 2823 1422 et
2854 1369 3126 1424 Dominus.
3158 1374 3316 1439 Atqui
3359 1372 3550 1427 dicitur
3579 1375 3738 1427 etiam

2168 1456 2308 1510 Deus
2337 1473 2523 1512 eorum
2550 1461 2638 1528 qui
2679 1460 2752 1513 illi
2785 1460 3030 1528 placent,
3063 1472 3122 1516 ut
3167 1464 3380 1532 quando
3425 1464 3553 1518 dicit
3582 1481 3595 1517 :
3629 1463 3738 1534 Ego

2165 1564 2278 1602 sum
2304 1547 2442 1603 Deus
2467 1550 2742 1617 Abraham,
2762 1551 2898 1606 Deus
2924 1552 3094 1617 Isaac,
3128 1565 3172 1606 et
3204 1553 3338 1607 Deus
3357 1555 3516 1609 Jacob
3542 1555 3734 1626 (Exod.

2168 1639 2220 1694 5.
2253 1638 2331 1709 6).
2358 1639 2634 1708 Quomodo
2659 1657 2786 1712 ergo
2817 1643 2904 1698 hic
2927 1643 3074 1708 dicit,
3101 1644 3410 1698 Darmouum
3431 1645 3454 1697 ?
3479 1643 3580 1699 Sed
3609 1644 3735 1698 illud

2167 1729 2338 1795 aliter,
2367 1738 2421 1784 et
2451 1730 2553 1785 hoc
2583 1731 2754 1786 aliter.
2787 1733 2897 1786 Illic
2923 1734 3064 1787 enim
3094 1743 3150 1786 ut
3177 1733 3422 1788 ostendat
3461 1735 3736 1788 familiari-

2168 1829 2328 1875 tatem
2358 1831 2412 1876 et
2429 1825 2905 1896 jconjunctioncm,
2947 1841 3300 1895 magnumque
3347 1841 3500 1879 suum
3547 1827 3600 1880 in
3642 1840 3736 1882 eos

2164 1926 2401 1966 amorem
2436 1931 2450 1969 :
2479 1913 2563 1968 hic
2590 1925 2786 1980 autem,
2815 1925 2872 1970 ut
2896 1931 3043 1970 suam
3071 1917 3332 1986 signiﬁcet
3372 1917 3733 1971 eminentiam.

2238 2003 2489 2056 llliracula
2539 2004 2633 2058 Dei
2672 2023 2771 2060 non
2811 2009 3044 2077 potentia:
3087 2010 3248 2060 solum
3293 2018 3431 2072 sunt,
3465 2009 3553 2063 sed
3590 2012 3736 2062 etiam

2164 2092 2498 2163 benignitatis.
2537 2095 2727 2150 Cwlum
2757 2110 2958 2166 propter
2984 2098 3235 2152 hominem
3260 2101 3448 2170 factum
3474 2118 3493 2165 ;
3519 2100 3734 2153 elemen-

2166 2193 2329 2237 torum
2353 2187 2617 2241 παι-4.
2645 2181 2751 2247 Qui
2777 2182 2906 2252 facit
2936 2189 3186 2242 mirabilia
3210 2207 3391 2260 magna
3407 2192 3544 2244 solus
3568 2207 3587 2244 :
3606 2207 3734 2254 quo-

2165 2277 2299 2328 niam
2323 2277 2373 2328 in
2397 2277 2632 2330 ueculum
2659 2279 2998 2332 misericordia
3032 2281 3160 2350 ejus.
3201 2279 3484 2350 Pos:quam
3512 2281 3739 2335 asseruit

2165 2380 2284 2417 cum
2312 2381 2430 2420 eSse
2459 2367 2678 2420 deormn
2707 2369 2902 2422 Herum
2951 2379 3006 2423 et
3048 2370 3348 2436 Dominum,
3386 2372 3732 2426 assertionem

2165 2454 2416 2524 deinceps
2445 2458 2660 2525 probat,
2693 2468 2745 2514 et
2771 2458 2912 2528 quod
2950 2461 3148 2515 dictum
3193 2470 3277 2515 est
3319 2463 3628 2522 conlirmat,
3668 2477 3735 2514 ex

2166 2549 2398 2616 potentia
2423 2566 2544 2603 eum
2572 2566 2753 2605 rursus
2779 2552 3094 2622 pra'dicans.
3118 2553 3232 2607 Non
3253 2554 3386 2607 dixit
3405 2564 3601 2618 autem,
3633 2553 3735 2620 Qui

2164 2637 2289 2692 fecit
2312 2682 2326 2702 ,
2355 2640 2445 2693 sed
2466 2681 2480 2704 ,
2517 2640 2615 2704 Qui
2641 2646 2762 2711 facit
2782 2681 2797 2701 .
2829 2643 3117 2697 ostendens
3146 2659 3267 2698 eum
3293 2643 3507 2698 assidue
3534 2644 3733 2698 beneﬁ-

2163 2730 2246 2783 cio
2275 2729 2529 2795 afﬁcere,
2559 2747 2750 2800 resque
2775 2733 3110 2788 admirabiles
3131 2773 3146 2800 ,
3177 2743 3231 2788 et
3280 2750 3398 2803 quae
3451 2745 3576 2789 sunt
3616 2736 3734 2804 Opi-

2165 2819 2322 2873 nione
2361 2821 2624 2890 majores,
2652 2823 2844 2877 facere.
2896 2824 3022 2879 llzec
3063 2833 3237 2878 autem
3277 2825 3382 2879 duo
3429 2825 3576 2893 ponit
3616 2840 3733 2895 quas

2163 2918 2288 2962 sunt
2337 2911 2388 2964 in
2438 2927 2504 2964 eo
2546 2913 2772 2979 eximia,
2804 2922 2858 2967 ct
2901 2914 3040 2982 quod
3071 2913 3262 2980 faciat,
3294 2923 3349 2969 et
3399 2915 3539 2983 quod
3586 2916 3733 2970 solus

2166 3002 2362 3058 faciat:
2404 3013 2560 3074 atque
2611 3004 2744 3059 adeo
2784 3005 2882 3059 tria
2929 3016 2982 3060 ct
3046 3017 3302 3076 quatuor;
3358 3021 3548 3075 nempe
3592 3007 3733 3076 quod

2163 3092 2340 3160 faciat,
2363 3096 2502 3164 quod
2534 3097 2804 3161 miracula,
2835 3097 2974 3167 quod
3001 3113 3184 3167 magna
3215 3099 3486 3162 miracula,
3513 3107 3567 3158 et
3591 3097 3732 3168 quod

2163 3186 2309 3239 solus
2340 3185 2517 3240 faciat.
2549 3187 2670 3242 llzec
2695 3197 2871 3242 autem
2913 3188 3049 3242 dicta
3076 3197 3200 3242 sunt
3225 3205 3330 3242 non
3358 3198 3414 3243 ut
3441 3187 3734 3258 vilipende—

2163 3287 2309 3332 retur
2334 3277 2498 3332 Filius
2519 3321 2533 3344 ,
2564 3279 2656 3333 sed
2690 3288 2746 3333 ut
2770 3280 2908 3333 inter
2932 3295 3052 3334 eum
3082 3289 3138 3334 et
3174 3279 3442 3334 daemones
3479 3278 3732 3333 ostende-

2163 3378 2313 3423 retur
2357 3369 2642 3424 discrimen
2687 3377 2742 3424 et
2783 3371 3069 3425 distinctio.
3101 3371 3165 3425 Et
3191 3386 3432 3440 quamam
3476 3371 3581 3424 sint
3619 3369 3732 3422 ha-c

2163 3460 2416 3514 miracula
2449 3477 2636 3533 magna
2660 3462 2966 3530 videamus,
2998 3478 3117 3533 quas
3142 3463 3286 3517 solus
3307 3461 3449 3517 facit.
3481 3465 3653 3532 Atque
3675 3462 3727 3515 in

2164 3552 2426 3623 principio
2447 3569 2550 3608 non
2580 3555 2893 3624 loquebatur
2914 3553 2981 3609 de
3003 3554 3256 3624 potentia,
3279 3553 3374 3609 sed
3399 3553 3467 3608 de
3491 3553 3730 3622 benigni-

2165 3657 2270 3701 tate
2299 3656 2353 3702 et
2375 3647 2675 3700 clementia.
2705 3646 3025 3716 Conﬁtemini
3051 3647 3218 3711 enim,
3248 3646 3450 3716 inquit,
3475 3644 3726 3711 Domino,

2160 3739 2397 3809 quoniam
2427 3739 2601 3791 bonus.
2620 3732 3046 3807 Quomodo‘ergo
3069 3736 3280 3799 accidit,
3296 3744 3352 3790 ut
3377 3750 3518 3790 nunc
3542 3735 3694 3804 loqua
3709 3764 3729 3774 -

2164 3839 2248 3882 tur
2272 3828 2338 3884 de
2366 3829 2643 3897 potentia?
2668 3828 2928 3894 Quoniam
2957 3829 3071 3881 lucc
3112 3827 3364 3881 miracula
3406 3843 3510 3881 non
3555 3826 3727 3880 solum

2161 3931 2283 3974 sunt
2321 3920 2594 3986 potentiae,
2629 3920 2723 3974 sed
2754 3920 2911 3974 etiam
2941 3919 3280 3988 benignitatis
3309 3926 3364 3972 et
3405 3917 3725 3972 clementiae.

2161 4012 2416 4078 Qumnam
2448 4019 2622 4065 autem
2661 4019 2786 4064 sunt
2829 4011 3080 4064 miracula
3120 4009 3426 4072 ostendens,
3461 4005 3728 4074 subjungit

2160 4101 2340 4156 dicens
2370 4119 2383 4154 :
2413 4102 2464 4155 5.
2499 4099 2596 4166 Qui
2622 4101 2735 4170 fecit
2761 4101 2906 4154 cwlos
2930 4101 2983 4152 in
3008 4099 3278 4153 intellectu.
3308 4100 3360 4152 6.
3383 4099 3482 4164 Qui
3510 4096 3728 4166 ﬁrmavit

2161 4202 2346 4246 terram
2367 4209 2516 4260 super
2543 4208 2719 4261 aquas.
2750 4191 2930 4256 Alius,
2976 4191 3074 4255 Qui
3115 4190 3402 4260 compilavit
3446 4198 3628 4242 terram
3670 4188 3726 4241 in

2159 4286 2323 4352 aquis.
2355 4285 2408 4338 7.
2443 4283 2541 4349 Qui
2561 4283 2675 4354 fecit
2707 4283 2976 4336 luminaria
3002 4298 3183 4351 magna
3208 4282 3361 4336 solus.
3389 4281 3442 4335 8.
3473 4279 3646 4335 Solem
3672 4279 3728 4333 in

2160 4383 2449 4447 potestatem
2475 4374 2594 4427 diei.
2623 4373 2677 4428 9.
2705 4371 2902 4425 Lunam
2932 4381 2979 4425 et
3028 4371 3198 4425 stellas
3231 4372 3283 4424 in
3314 4380 3606 4440 potestatem
3634 4385 3726 4423 no-

2159 4467 2270 4519 clis.
2303 4465 2425 4520 llaec
2445 4465 2544 4519 etsi
2575 4463 2689 4533 ejus
2721 4463 3009 4533 potentiam
3039 4473 3092 4516 et
3115 4463 3427 4534 sapientiam
3452 4463 3683 4516 indicant
3703 4502 3721 4528 ,

2161 4566 2394 4612 attamen
2431 4557 2545 4625 ejus
2573 4570 2782 4625 quoque
2829 4569 3070 4624 magnam
3121 4554 3496 4623 benignitatem
3541 4564 3724 4608 osten-

2157 4649 2310 4704 dum.
2341 4647 2474 4714 Quia
2499 4648 2643 4702 enim
2668 4655 2791 4700 sunt
2817 4645 2951 4700 adeo
2973 4661 3181 4714 magna,
3207 4644 3448 4713 pulchra,
3469 4653 3523 4698 et
3549 4645 3721 4710 ﬁrma,

2157 4744 2298 4797 vires
2327 4741 2442 4809 ejus
2487 4747 2540 4794 et
2579 4738 2889 4806 sapientiam
2922 4735 3210 4805 przedicant
3240 4752 3253 4788 :
3283 4735 3420 4805 quod
3449 4749 3511 4789 ea
3546 4741 3724 4787 autem

2159 4843 2376 4905 propter
2403 4846 2500 4885 nos
2525 4839 2576 4884 et
2597 4844 2750 4883 usum
2794 4838 3033 4882 nostrum
3075 4827 3211 4881 facta
3241 4828 3350 4882 sint
3373 4867 3388 4891 ,
3421 4826 3725 4896 benignita-

2158 4935 2263 4980 tem
2305 4933 2360 4979 et
2405 4931 2710 4992 perpetuam
2752 4919 3242 4974 bonitatem.\’ides
3273 4918 3538 4988 quomodo
3563 4919 3635 4972 sit
3670 4916 3724 4972 in

2156 5029 2410 5072 aeternum
2450 5014 2565 5083 ejus
2599 5011 3129 5067 misericordia?Non
3152 5012 3294 5065 enim
3330 5010 3399 5064 ad
3445 5010 3630 5065 decem
3669 5017 3725 5064 et

2157 5108 2336 5178 viginti
2370 5115 2569 5160 tantum
2597 5117 2766 5157 annos
2810 5101 2926 5155 hare
2971 5102 3112 5162 fecit,
3143 5116 3316 5170 neque
3352 5101 3420 5155 ad
3469 5111 3718 5163 centum,

2156 5198 2381 5252 ducenta
2401 5237 2415 5260 ,
2446 5206 2500 5250 et
2525 5194 2706 5258 millia,
2735 5193 2828 5246 sed
2857 5208 2918 5247 ea
2946 5193 3081 5246 ultra
3104 5201 3267 5246 totam
3299 5196 3457 5245 vitam
3486 5201 3720 5246 nostram

2155 5287 2423 5358 produxit.
2484 5286 2552 5340 Et
2595 5284 2713 5339 ideo
2765 5283 2866 5337 hoc
2911 5283 3244 5353 signiﬁcans,
3300 5283 3351 5336 in
3409 5297 3724 5351 unoquomte

2154 5395 2313 5434 versu
2354 5378 2654 5447 subjungit,
2692 5375 2942 5442 Quoniam
2984 5375 3039 5428 in
3079 5376 3320 5428 circulum
3381 5375 3724 5427 misericordia

2156 5472 2282 5541 ejus.
2319 5469 2384 5523 Et
2410 5468 2548 5539 quod
2571 5476 2653 5522 est
2686 5465 3054 5520 admirandum
3077 5505 3095 5532 ,
3123 5479 3187 5518 ea
3226 5463 3349 5518 fecit
3379 5464 3595 5533 quidem
3623 5480 3638 5516 :
3669 5473 3723 5518 et

2155 5578 2274 5618 cum
2302 5563 2436 5616 facta
2461 5568 2658 5622 essent,
2676 5559 2824 5614 dedit
2846 5559 2914 5612 ab
2939 5557 3086 5612 initio
3111 5575 3125 5612 :
3150 5556 3244 5612 sed
3267 5565 3542 5626 postquam
3565 5557 3719 5610 homo

2160 5663 2521 5722 transgressus
2551 5659 2654 5716 est,
2679 5665 2746 5704 ne
2773 5649 2850 5703 sic
2873 5647 3087 5719 quidem
3123 5663 3245 5702 eum
3273 5647 3512 5716 expulit,
3541 5645 3634 5702 sed
3659 5659 3723 5699 ea

2156 5760 2275 5816 quae
2324 5743 2377 5798 ei
2409 5741 2625 5799 dederat
2671 5755 2789 5794 cum
2841 5754 2944 5794 non
2996 5745 3286 5809 peccasset,
3309 5737 3521 5808 reliquit
3561 5737 3724 5793 etiam
