4084 6334
251 374 356 430 ’599

244 507 400 560 ριον.
439 484 614 554 Οἶκος
640 490 803 552 Λευὶ,
833 489 1208 559 salaminam
1239 489 1346 542 τὸν
1375 487 1616 557 Κύριον.
1648 491 1712 540 0i
1733 505 1830 557 ρο-

253 576 527 642 ὄούμενοι
575 572 682 626 τὸν
730 573 968 641 Κύριον,
1011 572 1390 641 εὐλογήσατε
1438 575 1544 625 τόν
1590 575 1826 640 Κύριον.

251 655 600 724 Εὐλογητὸς
620 656 834 724 Κύριος
862 656 932 709 ἐκ
962 656 1112 728 1596]
1144 655 1317 720 Σιὼν,
1341 661 1372 710 ὀ
1401 655 1694 710 κατοικῶν
1733 657 1832 708 Ἰε-

243 739 592 809 ρουσαλήμ.

324 823 390 874 Τί
414 823 613 894 δήποτε
647 823 707 876 οὐ
746 825 954 887 πάντας
974 823 1108 895 ὁμοῦ
1131 824 1303 878 καλεῖ.
1339 824 1454 877 ἀλλ’
1475 824 1555 886 είς
1575 824 1830 890 τάγματα

250 906 512 978 διαιρῶν;
542 907 662 961 Ἵνα
694 908 894 980 μάθῃς,
925 910 1007 961 ὅτι
1037 908 1207 978 πολλὴ
1247 909 1279 978 ἡ
1307 907 1538 977 διαφορὰ
1557 907 1655 976 τῆς
1679 906 1832 958 εὐλο-

251 991 396 1058 γίας.
429 989 639 1054 Ἀλλως
678 991 787 1061 γὰρ
823 994 850 1044 6
881 993 1087 1063 ἱερεὺς,
1123 991 1297 1055 ἄλλως
1323 994 1350 1044 6
1374 993 1618 1058 Λευίτης.
1658 990 1832 1052 ἄλλως

253 1076 282 1128 6
317 1074 524 1138 λαϊκὺς,
572 1074 746 1137 ἄλλως
776 1077 802 1128 6
831 1077 998 1139 πολὺς
1027 1076 1154 1139 λαὸς
1180 1075 1408 1143 εὐλογεῖ.
1451 1075 1523 1126 Τὸ
1551 1074 1606 1126 δέ
1637 1075 1828 1136 εἰπεῖν,

248 1158 658 1228 Εὐνῖογήσατε,
681 1158 986 1221 δεικνύντος
1016 1161 1131 1212 ἐστὶ
1157 1159 1255 1228 τὴν
1281 1158 1551 1229 μακαρίαν
1574 1158 1663 1208 καὶ
1687 1158 1827 1226 ἀκή-

253 1259 417 1313 ρατον
448 1241 610 1311 φύσιν
634 1241 868 1314 ἐκείνην.
902 1243 1246 1314 Εὐλογήσατε
1263 1244 1394 1311 γάρ,
1416 1243 1597 1312 φησὶν,
1619 1242 1698 1293 ὅτι
1721 1241 1831 1293 τῶν

252 1326 516 1380 ἐναντίων
574 1326 961 1397 ἀπηλλάγητε,
1025 1328 1104 1381 ὃτι
1158 1326 1399 1380 τοιοῦτον
1456 1325 1830 1396 κατηξιώθητε

253 1414 585 1480 προσκυνεῖν
621 1411 773 1472 Θεὸν,
817 1413 897 1464 ὅτι
935 1413 1033 1483 τὴν
1060 1412 1316 1481 ἀλήθειαν
1345 1412 1640 1479 ἐπέγνωτε.
1675 1410 1830 1462 Ἔστι

257 1495 358 1564 μὲν
390 1495 498 1564 γὰρ
527 1495 620 1548 καὶ
653 1495 812 1558 αὐτὸς
843 1495 1152 1563 εὐλογητὸς,
1185 1497 1239 1546 ἐν
1274 1497 1338 1564 τῇ
1372 1493 1526 1563 φύσει
1564 1492 1703 1563 ἔχων
1735 1491 1829 1561 τὴν

254 1579 522 1646 εὐλογίαν,
569 1579 629 1630 οὐ
674 1579 927 1647 δεόμενος
978 1580 1077 1648 τῆς
1113 1580 1242 1646 παρ’
1280 1579 1480 1648 ἐτέρων
1519 1576 1827 1647 εὐφημίαςο

255 1661 394 1733 πλὴν
424 1663 518 1714 καὶ
544 1663 701 1731 ὑμεῖς
731 1662 1026 1728 εὐλογεῖτε,
1070 1663 1168 1730 οὐχ
1192 1661 1266 1723 ὡς
1304 1661 1496 1732 ἐκείνῳ
1529 1679 1582 1713 τι
1608 1677 1830 1731 προστι-

255 1745 460 1807 θέντες,
486 1745 600 1797 ἀλλ’
625 1744 700 1806 ῶς
729 1745 883 1798 αὐτοί
907 1762 958 1796 τι
988 1745 1130 1813 μέγα
1153 1756 1175 1783 δ
1214 1743 1603 1813 καρπούμενοι.
1642 1742 1702 1796 Et
1723 1743 1828 1814 γάρ

256 1830 348 1882 καὶ
386 1829 544 1899 φύσει
593 1829 741 1881 ἐστὶν
781 1827 1092 1896 εὐλογητὸς,
1146 1826 1332 1896 ὥσπερ
1376 1823 1468 1880 οῦν
1517 1827 1612 1880 καὶ
1660 1826 1826 1889 ἐστιν,

254 1913 394 1967 ἀλλὰ
421 1912 670 1984 βούλεται
701 1913 794 1965 καὶ
817 1909 946 1981 παρ’
975 1910 1130 1980 ἡμῶν
1150 1909 1512 1977 εὐλογεῖσθαι.
1538 1910 1646 1962 Καὶ
1669 1909 1829 1962 πάλιν

254 1997 311 2050 δέ
345 1997 444 2066 τῆς
475 1994 613 2047 Σιὼν
632 1995 925 2064 μέμνηται,
950 1991 1161 2060 καὶτῆς
1195 1992 1569 2063 Ἰερουσαλήμ.
1615 1991 1829 2061 Ἐπειδὴ

253 2080 364 2152 γὰρ
398 2081 515 2132 ἐκεῖ
545 2079 614 2131 τά
643 2077 742 2146 τῆς
773 2076 1047 2138 πολιτείας
1076 2076 1256 2139 αὐτοῖς
1287 2076 1712 2146 συγκεκρότητο,
1737 2076 1830 2128 καὶ

253 2164 322 2216 τά
360 2165 458 2231 τῆς
484 2161 738 2231 λατρείας
774 2159 1030 2212 ὑπόθεσιν
1074 2155 1185 2228 εἶχε
1231 2158 1454 2229 ταύτην,
1489 2161 1580 2212 καὶ
1623 2159 1830 2212 ἐκεῖθεν

257 2247 628 2306 ἐπαιδεύοντο,
678 2244 770 2296 καὶ
826 2241 1250 2314 ὲρρυθμίζοντο,
1300 2242 1546 2312 βούλεται
1606 2243 1829 2312 ποιῆσαι

255 2332 384 2393 τοὺς
421 2330 622 2391 τόπους
650 2327 879 2398 σεμνοὺς
908 2329 972 2396 τῇ
1004 2326 1289 2397 ἐπωνυμίᾳ
1316 2326 1408 2379 τοῦ
1446 2325 1602 2383 Θεοῦ.
1637 2327 1721 2379 ἵνα
1747 2329 1830 2378 αἰ-

255 2413 464 2483 δέσιμοι
508 2412 680 2474 ὄντες,
735 2410 934 2479 μᾶλλον
983 2408 1169 2472 αὐτοῖς
1199 2403 1300 2462 ὦσι
1355 2409 1826 2480 περισπούδαστοι,

256 2495 716 2568 περισπούδαστοι
739 2493 794 2546 δὲ
818 2492 991 2553 ὄντες,
1027 2490 1225 2562 μᾶλλον
1259 2492 1456 2555 αὐτοὺς
1477 2493 1826 2560 ἐφέλκωνται,

256 2579 603 2648 ἐφελκόμενοι
625 2577 703 2638 δὲ,
733 2575 1048 2647 προσηλῶσι
1071 2576 1134 2644 τῇ
1163 2573 1407 2644 λατρεία,
1434 2576 1831 2646 προσηλοῦντες

255 2663 334 2726 δὲ,
361 2664 440 2726 εἰς
466 2659 688 2731 μείζονα
710 2661 916 2726 ἄγωσιν
933 2659 1157 2728 ἀρετὴν,
1175 2658 1241 2710 δι’
1259 2659 1324 2727 ἣν
1349 2658 1524 2711 πάντα
1547 2657 1764 2724 ἐγένετο
1780 2660 1827 2710 b.

269 2746 436 2799 Ἀλλὰ
462 2746 582 2798 τότε
617 2744 714 2814 μὲν
763 2741 1123 2812 Ἰερουσαλὴμ
1152 2741 1248 2795 καὶ
1279 2741 1436 2802 Σιὼν,
1467 2744 1705 2811 σήμερον
1731 2741 1783 2793 δὲ
1804 2742 1833 2792 6

256 2829 483 2902 οὐρανὸς
511 2831 602 2882 καὶ
625 2829 694 2882 τὰ
721 2829 778 2879 ἐν
813 2828 924 2889 τοῖς
949 2827 1218 2896 οὐρανοῖς.
1250 2825 1436 2895 Τούτῳ
1461 2826 1524 2894 δὴ
1553 2827 1645 2878 καὶ
1671 2828 1833 2893 ἡμεῖς

257 2905 426 2982 ὦμεν,
469 2910 794 2983 παρακαλῶ,
834 2910 1270 2982 προσηλωμένοι,
1314 2911 1399 2962 ἵνα
1438 2911 1530 2961 καὶ
1565 2909 1673 2960 τῶν
1702 2909 1833 2976 μελ-

257 2995 459 3050 λόντων
481 2993 827 3064 ἐπιτύχωμεν
853 2993 1096 3061 ἀγαθῶν,
1124 2993 1307 3063 χάριτι
1340 2992 1432 3044 καὶ
1455 2990 1836 3060 φιλανθρωπίᾳ

255 3078 353 3132 τοῦ
378 3079 580 3150 Κυρίου
612 3076 768 3147 ἡμῶν
809 3075 984 3145 Ἰησοῦ
1009 3077 1268 3146 Χριστοῦ,
1300 3068 1345 3142 ᾧ
1382 3077 1416 3144 ἡ
1442 3072 1568 3138 δόξα
1597 3075 1675 3136 εἰς
1709 3075 1836 3136 τοὺς

258 3161 460 3225 αἰῶνας
486 3162 595 3214 τῶν
626 3159 860 3214 αἰώνων.
878 3160 1070 3230 Ἀμήν.

629 3329 738 3382 ΕΙΣ
775 3327 913 3380 ΤΟΝ
951 3327 1098 3380 PAE’
1135 3324 1457 3380 ΨΑΛΜΟΝ.

273 3456 771 3527 Ἐξομολογεῒσθε
798 3454 877 3521 τῷ
899 3456 1113 3527 Κιιρίῳ.
1134 3454 1221 3507 ὅτι
1241 3451 1481 3527 ἀγαθὸς,
1512 3451 1601 3506 ὅτι
1624 3454 1709 3519 είς
1731 3453 1839 3506 τὸν

683 3525 868 3578 αἰῶνα
899 3526 964 3578 τὸ
985 3526 1158 3589 ἕλεος
1179 3524 1384 3577 αὑτοῦ.

333 3650 400 3696 α’.
422 3642 606 3696 Εἰπὼν
625 3642 737 3696 ἄνω
757 3642 1001 3713 περὶτῆς
1018 3640 1332 3712 εὐεργεσίας
1359 3638 1454 3692 τοῦ
1484 3638 1617 3693 Θεοῦ
1641 3640 1739 3709 τῆς
1761 3641 1840 3704 είς

259 3725 579 3797 ἀνθρώπους
605 3723 906 3794 γενομένης
924 3734 974 3790 ε,
1007 3725 1100 3777 καὶ
1135 3725 1262 3794 περὶ
1288 3724 1387 3791 τῆς
1417 3724 1712 3794 ποσότητος
1745 3721 1838 3775 τοῦ

258 3810 447 3874 ἐλέους
478 3807 644 3862 αὐτοῦ
673 3807 1002 3875 διαλέγεται,
1032 3809 1092 3860 οὐ
1129 3807 1342 3879 μετρῶν
1375 3809 1393 3874 (
1410 3808 1530 3861 οὐδὲ
1552 3809 1660 3879 γὰρ
1684 3808 1840 3860 δυνα-

259 3892 398 3961 τὸν),
426 3891 562 3945 ἀλλὰ
591 3891 671 3962 τῷ
701 3891 917 3962 ἀπείρῳ
947 3889 1006 3942 56
1048 3891 1278 3960 μέγεθος
1305 3890 1468 3944 αὐτοῦ
1493 3892 1840 3962 παραστῆσαι

263 3975 605 4047 βουλόμενος,
640 3975 736 4028 καὶ
762 3973 1073 4046 παρακαλεῖ
1091 3973 1228 4044 πρὸς
1248 3974 1552 4044 δοξολογίαν
1572 3975 1837 4040 ἅπαντας,

261 4059 445 4113 καλῶν
472 4059 566 4112 κα)⁸
594 4057 768 4126 λέγων
788 4074 802 4087 ο
847 4055 1337 4127 Ἐξομολογεῖσθε
1358 4055 1438 4120 τῷ
1460 4059 1652 4125 Κιιοίῳ
1676 4076 1688 4089 ·
1719 4075 1842 4110 του-

259 4143 465 4208 τέστιν,
497 4143 890 4213 εὐχαριστεῖτε,
923 4142 1222 4210 εὐφημεῖτε
1250 4139 1430 4193 αὐτόν.
1462 4141 1589 4192 Ὅτι
1618 4143 1706 4204 είς
1736 4140 1843 4193 τὸν

261 4225 450 4280 αἰῶνα
491 4225 559 4278 τὸ
614 4227 787 4289 ἕλεος
847 4223 1053 4278 αὑτοῦ.
1112 4223 1177 4276 Τί
1229 4221 1286 4274 δέ
1343 4224 1526 4283 ἐστιν,
1582 4227 1685 4288 Εἰς
1738 4223 1844 4276 τὸν

261 4306 484 4372 αἰῶνες
513 4309 587 4361 Οὐ
624 4308 756 4361 ποτὲ
783 4307 904 4377 μὲν,
939 4307 1124 4378 φησὶν,
1149 4306 1446 4376 εὐεργετεῖ,
1479 4307 1608 4359 ποτὲ
1637 4307 1692 4358 δὲ
1713 4305 1840 4372 ἀφί-

265 4406 480 4450 σταται.
515 4390 637 4444 οὐδέ
673 4389 806 4442 ποτέ
841 4389 939 4460 μὲν
969 4388 1128 4452 ἐλεεῖ,
1163 4389 1294 4443 ποτὲ
1323 4387 1381 4440 δέ
1424 4387 1674 4449 παύεται,
1710 4389 1843 4458 ὅπερ

263 4475 355 4526 ἐπ’
404 4472 708 4543 ἀνθρώπων
747 4471 1058 4542 συμϐαίνει,
1105 4473 1200 4525 καὶ
1240 4471 1402 4526 πάθει
1449 4471 1841 4542 κωλυομένων,

266 4557 366 4611 καὶ
389 4556 634 4628 εὐτελείᾳ
661 4555 1127 4627 διακοπτομένων,
1157 4555 1253 4609 καὶ
1274 4554 1535 4625 θεραπεία
1564 4555 1845 4624 ὲμποδιξο·

269 4639 468 4711 μένων,
513 4643 608 4694 καὶ¹
647 4640 966 4710 περιστάσει
1004 4637 1344 4708 πραγμάτων
1377 4638 1437 4689 οὐ
1462 4638 1844 4708 συγχωρουμέ-

265 4741 404 4777 νων·
438 4724 552 4777 ἀλλ⁹
585 4727 613 4778 6
656 4723 789 4787 Θεὸς
821 4722 881 4775 οὐ
911 4720 1171 4784 τοιοῦτος,
1211 4719 1346 4773 ἀλλά
1390 4719 1656 4790 διηνεκῶς
1683 4720 1840 4779 ἐλεεῖ.

268 4808 364 4861 καὶ
392 4807 644 4860 οὐδέποτε
667 4806 902 4860 παύεται
930 4804 1090 4858 τοῦτο
1117 4803 1307 4867 ποιῶν,
1340 4803 1441 4856 κᾶν
1461 4804 1731 4876 διαφόρως
1752 4805 1847 4858 καὶ

267 4890 530 4954 ποικίλως
555 4891 800 4961 ἐπιτελῇ.
849 4889 961 4941 Ἀεὶ
992 4882 1084 4941 οὖν
1115 4885 1272 4951 ἐλεεῖ,
1300 4887 1393 4939 καὶ
1408 4886 1665 4940 οὐδέποτε
1699 4886 1848 4940 ἵστα-

266 4989 357 5026 ται
379 4974 506 5036 τοὺς
536 4971 856 5042 ἀνθρώπους
877 4968 1204 5040 εὐεργετῶν.
1237 4967 1369 5021 Εἶτα
1389 4968 1579 5032 εἰπὼν,
1612 4971 1692 5022 ὅτι
1710 4969 1848 5022 ἐλεεῖ

265 5055 578 5119 διαπαντὸς.
599 5055 839 5109 δείκνυσι
863 5054 956 5106 καὶ
978 5053 1045 5106 τὰ
1064 5051 1329 5122 δείγματα
1347 5051 1440 5104 τοῦ
1475 5051 1623 5124 [397]
1642 5051 1846 5115 ἐλέους,

266 5141 365 5192 καὶ
409 5137 504 5191 τοῦ
553 5137 844 5198 διαπαντὸς
877 5137 1057 5206 μένειν
1102 5132 1267 5187 αὐτοῦ
1293 5134 1384 5186 τὸν
1424 5134 1588 5197 ἔλεον,
1643 5136 1706 5186 ἐκ
1739 5135 1847 5187 τῶν

222 5237 229 5242 '
265 5217 566 5287 ὁρωμένων
589 5216 910 5286 ποιούμενος
941 5214 1038 5285 τὴν
1057 5212 1327 5276 ἀπόδειξιν
1344 5229 1355 5240 ’
1383 5213 1476 5264 καὶ
1501 5212 1686 5283 ἐπειδὴ
1712 5214 1846 5283 πρὸς

266 5296 554 5353 εὐσέϐειαν
581 5301 778 5364 αὐτοὺς
800 5299 826 5339 ἀ
861 5296 1240 5372 ἐχειραγώγει,
1262 5298 1361 5368 δρα
1387 5295 1501 5358 πῶς
1524 5296 1683 5349 πάλιν
1713 5296 1847 5365 πρὸς

264 5388 393 5450 τοὺς
413 5387 523 5440 τῶν
558 5383 826 5455 Ἑλλήνων
858 5383 1014 5446 θεοὺς
1041 5380 1404 5442 ἀποτείνεται,
1429 5378 1590 5432 πάλιν
1611 5382 1675 5449 τῇ
1711 5379 1846 5450 αὐτῇ

267 5470 676 5538 συγκαταϐάσει
707 5467 1066 5540 κεχρημένος.
1101 5465 1166 5518 Τί
1197 5465 1306 5534 γὰρ
1357 5477 1552 5534 φησιν;
1604 5462 1848 5542 Ἐξομο-

332 5647 360 5677 ⁸
380 5646 493 5694 Sav.
519 5647 582 5700 ὡς
598 5645 732 5692 αὐτοὶ
755 5645 888 5706 μέγα.

332 5706 364 5748 1ο
388 5708 500 5755 Sav.
521 5706 714 5767 ἐγίνετο.

335 5772 357 5829 ‘f
382 5769 494 5817 επ.
518 5769 842 5829 γεγενημένης.

332 5824 354 5862 ¹¹
383 5830 495 5878 Sav.
515 5824 677 5882 αὐτήν.

1361 369 1727 427 Εχροδιτιο
1765 369 1828 422 IN
1869 367 2196 424 PSALMUM
2235 369 2492 425 CXXXV.

3397 380 3504 436 400

1935 487 2215 557 ,λογιεῖσθε
2253 487 2335 554 τῷ
2374 489 2496 555 Θεῷ
2552 489 2722 551 θεῶν,
2773 491 2894 545 καθ’
2941 493 3168 546 ἕκαστον
3215 493 3501 563 ἐπιλέγων,

1937 572 2066 625 ’Ὅτι
2099 576 2186 638 εὶς
2205 573 2310 626 τὸν
2324 571 2508 626 αίῶνα
2536 575 2601 626 τὸ
2619 575 2790 640 ἔλεος
2817 577 3023 630 αὐτοῦ.
3055 578 3184 640 Καὶ,
3213 579 3296 644 Τῷ
3312 583 3508 648 Κυρίῳ

1937 652 2056 707 τῶν
2082 656 2322 722 κηρίων.
2364 657 2451 708 Ἑν
2481 657 2575 726 μὲν
2597 655 2688 710 οὖν
2710 659 2784 726 τῷ
2812 660 3057 731 προτέρῳ
3077 660 3276 730 ψαλμῷ
3298 662 3505 730 ἔλεγεν,

1937 737 2015 790 ὅτι
2060 739 2212 808 παρὰ
2251 738 2460 802 πάντας
2489 741 2612 802 τοὺς
2652 741 2805 804 θεούς
2845 745 3024 794 ἐστιν·
3061 743 3292 798 ἐνταῦθα
3333 745 3387 798 δὲ
3427 747 3507 799 ἔτι

1938 821 2118 881 πλέον,
2159 823 2239 874 ὅτι
2274 824 2366 875 καὶ
2419 822 2620 893 Κύριος
2654 824 2832 875 αὐτῶν
2878 826 2970 877 καὶ
3023 828 3297 898 Δεσπότης
3331 829 3512 882 αὐτῶν

1938 906 2106 968 ἐστιν,
2138 906 2202 959 ἄν
2233 923 2291 958 τε
2314 906 2420 960 τῶν
2444 905 2674 960 εἰδώλων
2703 907 2888 978 λέγῃς,
2919 909 2983 962 ἄν
3013 926 3072 964 τε
3092 910 3198 963 τῶν
3217 911 3505 982 δαιμόνων.

1937 987 2002 1041 El
2033 988 2141 1057 γὰο
2170 991 2263 1043 καὶ
2286 989 2641 1060 ἠτιμωμένοι,
2669 994 2760 1044 καὶ
2791 995 3290 1064 προσκεκρουκότες
3322 998 3370 1049 οἱ
3398 996 3509 1050 δαί·

1942 1089 2123 1142 μονες,
2153 1073 2290 1126 ἀλλὰ
2315 1074 2489 1128 δοῦλοι
2515 1077 2607 1128 καὶ
2645 1076 3067 1141 ὑποκύπτοντες.
3102 1078 3200 1130 Διὰ
3227 1079 3388 1133 τοῦτο
3415 1077 3510 1135 οῦν

1939 1155 2370 1228 ἐξομολογεῖσθε,
2404 1162 2589 1230 φησὶν,
2620 1163 2700 1214 ὅτι
2723 1162 2854 1215 Θεὸν
2889 1163 3038 1233 ἔχετε
3070 1165 3286 1217 πάντων
3311 1165 3510 1218 ἀνώτε-

1941 1257 2052 1310 ρον,
2076 1235 2136 1293 οῦ
2163 1243 2346 1310 ὅμοιος
2370 1243 2563 1306 οὐδεὶς,
2597 1245 2811 1298 πάντων
2831 1248 3126 1316 Δεσπότην.
3159 1247 3372 1302 πάντων
3399 1249 3479 1302 Κύ
3496 1280 3510 1290 ο

1944 1339 2078 1390 ριον.
2116 1324 2306 1375 Καίτοι
2351 1324 2460 1376 τῶν
2506 1328 2943 1398 εὐαρεστούντων
2974 1330 3215 1392 καλεῖται
3253 1329 3405 1394 Θεὸς,
3433 1333 3509 1394 ὡς

1936 1404 2064 1458 ὅταν
2094 1405 2226 1476 λέγῃ
2251 1423 2263 1434 ·
2305 1407 2451 1474 Ἐγώ
2478 1411 2592 1477 εἰμι
2627 1413 2658 1462 ό
2685 1411 2828 1476 Θεὸς
2870 1413 3145 1480 Ἀϐραὰμ,
3181 1413 3277 1466 καὶ
3312 1417 3344 1466 ό
3367 1416 3513 1479 Θεὸς

1951 1487 2156 1540 Ἰσαὰκ
2193 1489 2290 1540 καί
2327 1493 2359 1542 ό
2399 1492 2542 1555 Θεὸς
2584 1492 2806 1546 Ἰακώϐ.
2861 1492 2983 1557 Πῶς
3019 1490 3110 1548 οῦν
3145 1494 3376 1548 ἐνταῦθα
3404 1495 3513 1548 τῶν

1937 1570 2206 1640 δαιμόνων
2259 1573 2451 1643 φησίνς
2502 1576 2640 1628 Ἀλλ’
2682 1577 2880 1646 ἑτέρως
2928 1581 3120 1638 ἐκεῖνο.
3173 1581 3264 1632 καὶ
3312 1580 3514 1649 ἑτέρως

1935 1655 2115 1709 τοῦτο.
2160 1654 2309 1709 Ἐκεῖ
2345 1657 2442 1726 μὲν
2467 1659 2576 1728 γὰρ
2603 1659 2688 1712 ἵνα
2723 1660 2820 1730 τὴν
2861 1661 3133 1714 οἰκείωσιν
3163 1664 3508 1732 παραστήσῃ,

1937 1738 2034 1790 καὶ
2082 1737 2178 1809 τὴν
2216 1739 2417 1811 πολλὴν
2447 1743 2582 1811 πρὸς
2619 1743 2814 1806 αὐτοὺς
2860 1745 3109 1814 ἀγάπην·
3157 1745 3390 1799 ἐνταῦθα
3429 1746 3510 1811 δέ,

1938 1820 2025 1875 ἵνα
2050 1822 2148 1892 τὴν
2181 1822 2455 1894 ὑπεροχὴν
2481 1826 2742 1898 γνωρίσῃ.

2013 1947 2096 2011 Τῷ
2117 1947 2387 2002 ποιοῦντι
2409 1945 2710 2016 θαυμάσια
2730 1946 2960 2016 μεγάλα
2972 1949 3137 2016 μόνῳ
3155 1964 3167 1975 ·
3188 1947 3271 2001 ὅτι
3302 1951 3386 2015 εἰς
3406 1950 3514 2003 τὸν
3546 1938 3550 1942 ’

1936 2026 2123 2081 αίῶνα
2145 2029 2211 2081 τὸ
2242 2029 2416 2093 ἕλεος
2445 2027 2653 2080 αὐτοῦ.
2700 2027 2916 2098 Ἐπειδὴ
2945 2029 3281 2097 ἀπεφήνατο,
3304 2031 3382 2081 ὅτι
3408 2029 3514 2082 Κύ-

1940 2112 2055 2184 ριός
2088 2113 2204 2164 ἐστι
2234 2112 2340 2166 τῶν
2369 2111 2529 2174 θεῶν,
2556 2112 2650 2163 καὶ
2677 2112 2972 2180 Δεσπότης,
3006 2115 3070 2183 τῇ
3105 2115 3374 2180 ἀποφάσει
3410 2133 3513 2167 πα-

1941 2195 2087 2264 ρέχει
2127 2194 2312 2247 λοιπὸν
2340 2193 2436 2263 τὴν
2464 2195 2762 2260 ἀπόδειξιν,
2796 2197 2889 2247 καὶ
2928 2196 3320 2259 κατασκευάζει
3348 2197 3408 2250 56
3437 2199 3514 2249 εί⁴

1939 2277 2194 2350 ρημένον.
2233 2275 2340 2329 ἀπὸ
2377 2277 2475 2344 τῆς
2508 2277 2792 2346 δυνάμεως
2820 2277 2979 2330 αὐτὸν
3009 2278 3169 2330 πάλιν
3203 2279 3515 2349 ἀνακηρύτ-

1935 2377 2061 2413 των.
2081 2359 2190 2412 Καὶ
2216 2359 2315 2410 οὐκ
2333 2353 2474 2419 εἷπε,
2495 2358 2584 2428 Τῷ
2605 2361 2909 2429 ποιήσαντι,
2931 2360 3084 2425 ἀλλὰ,
3113 2360 3196 2426 Τῷ
3219 2363 3510 2427 ποιοῦντι,

1935 2442 2148 2505 δεικνὺς
2177 2443 2340 2494 αὐτὸν
2378 2441 2642 2512 διηνεκῶς
2674 2443 3086 2512 εὐεργετοῦντα,
3115 2445 3210 2497 καὶ
3239 2445 3512 2514 θαυματο-

1937 2525 2213 2587 ποιοῦντα,
2245 2526 2339 2577 καὶ
2371 2524 2645 2594 παράδοξα
2679 2525 3066 2596 ἐργαζόμενον.
3096 2528 3204 2579 Καὶ
3226 2527 3318 2580 δύο
3342 2529 3513 2583 ταῦτα

1937 2609 2101 2663 αὐτοῦ
2129 2609 2340 2678 τίθησιν
2369 2620 2390 2647 θ
2422 2608 2690 2680 ἐξαίρετα,
2729 2611 2809 2663 ὅτι
2839 2628 2896 2662 τε
2928 2614 3088 2670 ποιεῖ,
3121 2611 3214 2664 καὶ
3241 2613 3320 2664 ὅτι
3353 2613 3512 2681 μόνος

1939 2697 2114 2746 ποιεῖ·
2146 2693 2343 2762 μᾶλλον
2367 2693 2421 2745 δὲ
2458 2694 2549 2745 καὶ
2571 2693 2717 2762 τρία,
2753 2694 2848 2746 καὶ
2880 2695 3120 2762 τέσσαρα
3140 2711 3153 2723 ·
3174 2694 3268 2747 καὶ
3295 2697 3402 2765 γάρ
3429 2698 3510 2750 ὅτι

1939 2779 2100 2840 ποιεῖ,
2129 2777 2223 2829 καὶ
2244 2778 2324 2828 ὅτι
2353 2776 2626 2845 θαύματα,
2655 2778 2746 2828 καὶ
2778 2776 2986 2846 μεγάλα
3015 2776 3288 2854 θαύματα,
3317 2780 3409 2830 καὶ
3432 2780 3511 2832 ὅτι

1943 2858 2098 2928 μόνος
2133 2863 2289 2912 ποιεῖ.
2327 2859 2512 2912 Ταῦτα
2540 2860 2596 2911 δὲ
2634 2859 2694 2911 οὐ
2728 2860 2862 2929 πρὸς
2890 2859 3142 2928 ἀθέτησιν
3169 2859 3260 2912 τοῦ
3294 2861 3510 2924 Παιδὸς,

1940 2941 2073 2994 ἀλλὰ
2107 2942 2240 3011 πρὸς
2265 2941 2667 3011 άντιδιαστολὴν
2697 2944 2908 3012 εἴρηται
2938 2941 3045 2994 τῶν
3077 2941 3367 3011 δαιμόνων.
3401 2944 3512 2998 Καὶ

1940 3025 2060 3078 τίνα
2097 3025 2271 3078 ταῦτά
2310 3027 2424 3077 ἐστι
2457 3027 2523 3078 τι
2568 3025 2820 3095 θαύματα
2863 3025 3080 3094 ἴδωμεν,
3119 3025 3184 3076 τὰ
3218 3026 3445 3094 μεγάλα,
3482 3027 3517 3080 Et

1946 3109 2105 3177 μόνος
2144 3111 2304 3160 ποιεῖ.
2346 3107 2528 3160 Καίτοι
2568 3126 2631 3177 γε
2663 3108 2966 3180 ἀρχόμενος
2995 3109 3055 3160 οὐ
3081 3109 3207 3178 περὶ
3233 3109 3515 3180 δυνάμεως

1941 3189 2186 3260 διελέχθη
2228 3193 2378 3260 ἡμῖν,
2421 3193 2555 3246 ἀλλὰ
2581 3194 2706 3262 περὶ
2745 3191 3151 3262 φιλανθρωπίας
3191 3193 3283 3245 καὶ
3319 3194 3518 3261 ἀγαθό-

1940 3291 2122 3342 τητος.
2183 3274 2666 3344 Ἐξομολογεῖσθε
2709 3276 2836 3345 γὰρ,
2878 3277 3031 3343 φησι,
3066 3273 3146 3338 τῷ
3175 3278 3390 3342 Κυρίῳ,
3427 3276 3517 3331 ὅτι

1942 3357 2183 3424 ἀγαθός.
2239 3358 2359 3420 Πῶς
2389 3354 2480 3410 οῦν
2516 3361 2596 3420 εἰς
2630 3359 2721 3411 τὸν
2766 3361 2892 3427 περὶ
2926 3358 3209 3428 δυνάμεως
3255 3361 3519 3428 ἐμπίπτει

1943 3440 2100 3508 λόγον
2147 3440 2378 3493 ἐνταῦθα
2416 3441 2633 3502 λοιπόν;
2687 3440 2808 3494 ’Ὀτι
2849 3442 2970 3511 οὐχὶ
3014 3441 3295 3512 δυνάμεως
3336 3443 3516 3510 μόνον,

1944 3523 2080 3576 ἀλλα
2118 3524 2527 3595 φιλανθρωπίας
2559 3522 2732 3576 ταῦτά
2758 3524 2873 3576 ἐστι
2909 3523 2977 3576 τὰ
3003 3523 3276 3594 θαύματα.
3310 3527 3441 3578 Τίνα
3462 3527 3520 3579 δέ

1945 3609 2062 3661 ἐστι
2090 3608 2160 3661 τὰ
2204 3607 2457 3678 θαύματα
2496 3606 2730 3670 δεικνὺς,
2773 3606 2970 3674 ἐπάγει
2998 3607 3205 3675 λέγων⁹
3241 3606 3323 3673 Τῷ
3357 3610 3521 3677 ποιή-

1946 3706 2122 3744 σαντι
2145 3690 2288 3755 τοὺς
2316 3689 2612 3756 οἰιρανοὺς
2635 3689 2704 3742 ἐν
2727 3691 2997 3749 συνέσει,
3023 3689 3102 3754 τῷ
3125 3691 3521 3758 στερεώσαντι

1947 3773 2062 3841 τὴν
2087 3771 2204 3840 γῆν
2227 3773 2324 3824 ἐπὶ
2351 3771 2734 3825 τῶι-ὑδάτων.
2760 3772 3003 3842 Ἕτερος,
3030 3772 3112 3837 Τῷ
3140 3773 3464 3838 πιλήσαντι
3496 3773 3518 3812 ί

1948 3857 2062 3923 τὴν
2082 3855 2200 3924 γῆν
2231 3857 2368 3924 παρ’
2402 3855 2614 3916 ὕδασι,
2648 3854 2728 3918 τῷ
2761 3854 3080 3920 ποιήσαντι
3107 3855 3269 3924 φῶτα
3289 3856 3521 3925 μεγάλα

1943 3941 2136 4010 μόνῳ,
2168 3938 2275 3992 τὸν
2322 3938 2500 4005 ἣλιον
2534 3940 2621 4003 εἰς
2659 3938 2949 4001 ἐξουσίαν
2973 3938 3083 4006 τῆς
3127 3938 3377 4008 ἡμέρας,
3406 3940 3521 4005 τὴν

1948 4021 2223 4088 σελήνην
2251 4020 2351 4074 καί
2382 4021 2524 4087 τοὺς
2554 4019 2812 4090 ἀστέρας
2832 4024 2918 4085 είς
2951 4022 3240 4085 ἐξουσίαν
3273 4021 3382 4090 τῆς
3411 4039 3519 4075 νυ-

1947 4105 2109 4170 κτός.
2144 4103 2334 4157 Ταῦτα
2359 4104 2384 4143 ⁸
2412 4105 2460 4156 εί
2489 4104 2583 4156 καὶ
2611 4105 2710 4175 τὴν
2738 4104 2965 4174 δύναμιν
2997 4104 3160 4157 αὐτοῦ
3187 4105 3281 4158 καὶ
3307 4104 3403 4176 τὴν
3433 4123 3520 4158 σο-

1949 4192 2080 4260 φίαν
2115 4191 2390 4259 ἐμφαίνει,
2428 4190 2542 4243 ἀλλ’
2571 4191 2719 4260 ὅμως
2753 4191 2846 4243 καὶ
2876 4189 3074 4260 πολλὴν
3103 4189 3199 4261 τὴν
3230 4191 3521 4262 φιλανθρω-

1950 4276 2080 4329 πίαν
2103 4276 2360 4328 δείκνυσι.
2389 4276 2460 4327 T6
2486 4276 2582 4345 μὲν
2610 4275 2717 4344 γὰρ
2737 4273 2876 4326 οὕτω
2907 4275 3115 4343 μεγάλα
3134 4275 3402 4341 γενέσθαι,
3428 4278 3520 4329 καὶ

1949 4358 2091 4411 καλὰ
2121 4360 2216 4412 καὶ
2259 4359 2479 4427 διαρκῆ,
2515 4358 2611 4426 τὴν
2659 4359 2808 4426 ίσχύν
2853 4356 3237 4428 ἀνακηρύττει,
3284 4358 3376 4410 καὶ
3423 4358 3520 4429 τὴν

1953 4441 2147 4510 σοφίαν
2165 4459 2179 4473 υ
2211 4441 2271 4493 τὸ
2298 4441 2353 4493 δέ
2372 4442 2437 4492 δι’
2459 4442 2604 4510 ἡμᾶς
2637 4442 2776 4493 αὐτὰ
2802 4440 3072 4508 γενέσθαι,
3103 4440 3196 4492 καὶ
3220 4440 3314 4512 τὴν
3335 4442 3521 4512 χρείαν

1950 4522 2048 4593 τὴν
2072 4523 2369 4593 ἡμετέραν,
2404 4523 2500 4592 τὴν
2526 4523 2936 4593 φιλανθρωπίαν
2967 4521 3117 4594 [598]
3149 4523 3240 4576 καὶ
3263 4524 3362 4594 τὴν
3389 4527 3526 4592 ἀγα-

1953 4606 2149 4676 θότητα
2179 4609 2276 4675 τὴν
2297 4606 2540 4675 διηνεκῆ.
2572 4607 2731 4676 Ὀρᾷς
2754 4605 2867 4669 πῶς
2897 4609 2974 4669 εἰς
2992 4607 3080 4658 τὸν
3100 4605 3267 4658 αἰῶνα
3292 4607 3353 4659 56
3379 4607 3522 4672 ἔλεος

1953 4689 2152 4752 αὐτοῦ;
2191 4690 2264 4741 Οὐ
2295 4688 2404 4760 γὰρ
2438 4689 2572 4759 πρὸς
2608 4689 2738 4744 δέκα
2774 4691 2867 4743 καὶ
2893 4692 3064 4742 εἴκοσι
3100 4690 3195 4760 ἔτη
3228 4692 3524 4761 πεποίηκε-ν

1952 4771 2111 4835 αὐτὰ,
2155 4772 2275 4824 οὐδέ
2316 4759 2450 4844 πρὸς
2497 4773 2709 4834 ἑκατὸν,
2764 4775 2856 4825 καὶ
2904 4759 3193 4836 διακόσια,
3220 4775 3313 4825 καὶ
3358 4759 3522 4844 χίλια,

1957 4855 2091 4909 ἀλλὰ
2131 4856 2322 4925 παρὰιι
2355 4857 2533 4908 πᾶσαν
2565 4857 2661 4926 τὴν
2695 4857 2838 4926 ζωὴν
2871 4858 3024 4927 ἡμῶν
3069 4854 3330 4920 ἐξέτεινεν
3364 4857 3522 4911 αὐτά.

1954 4940 2043 4992 Διὸ
2073 4940 2168 4992 καὶ
2196 4939 2354 4992 τοῦτο
2368 4939 2562 5010 δηλῶν,
2587 4941 2646 4993 ἐν
2666 4941 2880 5010 ἑκάστῳ
2912 4942 3078 5010 στίχῳ
3105 4941 3368 5007 ἐπιλέγει,
3399 4941 3527 4994 ’Ότι

1952 5025 2038 5088 είς
2061 5023 2166 5075 τὸν
2194 5019 2381 5075 αἰῶνα
2407 5023 2472 5075 τὸ
2484 5023 2658 5088 ἕλεος
2681 5025 2881 5077 αὑτοῦ.
2914 5025 3020 5076 Καὶ
3035 5025 3094 5076 56
3121 5022 3185 5094 δὴ
3204 5023 3524 5093 ἐκπλῆττον,

1955 5109 2034 5160 ὃτι
2081 5106 2302 5176 ἐποίησε
2357 5109 2476 5175 μὲν,
2510 5108 2604 5160 καὶ
2651 5108 2846 5160 ἔδωκεν
2875 5108 2931 5172 ἐξ
2963 5108 3136 5178 ἀρχῆς
3181 5107 3523 5174 γενόμεναί’

1956 5191 2141 5260 ἐπειδὴ
2167 5192 2223 5244 δὲ
2254 5191 2466 5261 παρέϐη
2492 5195 2519 5244 ὀ
2545 5193 2848 5263 ἄνθρωπος,
2879 5192 2997 5244 οὐδὲ
3027 5190 3198 5252 οὕτως
3227 5189 3386 5243 αὐτὸν
3414 5189 3528 5254 ἐξέο

1955 5275 2149 5328 6αλεν’
2209 5275 2345 5327 ἁλλά
2393 5273 2536 5346 ἆπερ
2570 5275 2768 5328 ἔδωκεν
2816 5277 2914 5344 οὐχ
2951 5274 3268 5344 ἁμαρτόντι,
3323 5271 3527 5338 τούτοις

2022 5466 2046 5493 θ
2073 5449 2155 5500 Sic
2178 5451 2311 5507 Sav.,
2337 5449 2460 5498 Mor.
2487 5462 2603 5498 vero
2621 5449 2771 5497 ταῦτα
2797 5450 2995 5508 τίθησιν.

2020 5509 2041 5546 ί
2069 5514 2178 5562 Duo
2199 5525 2314 5559 mss.
2339 5513 2408 5572 τῷ
2434 5513 2709 5568 πεδήσαντι,
2737 5514 2890 5560 codex
2933 5518 3098 5559 autem
3128 5509 3425 5572 Reg._unus,
3446 5508 3524 5572 qui

1955 5575 2201 5634 Chrysost.
2243 5570 2416 5630 refert,
2453 5573 2600 5620 habet.
2639 5575 2913 5629 πελήσαντι-
2949 5571 3084 5634 Hanc
3116 5583 3238 5621 vero
3263 5570 3528 5622 lecuoném

1957 5632 2110 5685 codéx
2139 5635 2307 5686 C0isl..
2331 5648 2462 5682 num.
2486 5635 2562 5691 48,
2586 5633 2876 5694 Symmacho
2898 5632 3083 5684 tribuit.
3535 5661 3539 5688 ί

2019 5697 2043 5757 ξ
2067 5696 2197 5745 Unus
2215 5694 2365 5744 ταῦτα
2386 5697 2474 5757 γὰρ
2498 5698 2553 5743 εἰ.
3532 5708 3540 5718 ’

2022 5756 2047 5794 h
2075 5757 2156 5807 Sic
2177 5759 2291 5807 Sav.
2316 5756 2470 5806 recte)
2499 5757 2615 5805 Mor.
2642 5757 2772 5818 πρός.

2027 5829 2045 5856 δ
2073 5820 2183 5868 Sav.
2208 5821 2474 5880 γενομένου,
2497 5822 2655 5866 minus
2678 5829 2830 5868 recte.
