4070 6340
528 406 632 464 τοι

525 512 708 581 ἀφῆκε
736 509 832 563 καὶ
863 507 1000 580 μετά
1030 508 1129 579 τὴν
1160 508 1435 582 ἁμαρτίαν
1459 500 1845 564 ἐνδιαιτᾶσθαι,
1871 500 1967 554 καὶ
2001 497 2103 582 οὐκ

519 580 802 650 ὲκιῖιλυσεν
832 592 1013 647 αὐτῶν
1033 593 1133 663 τὴν
1159 580 1356 665 χρῆσιν
1376 588 1514 661 μετά
1540 587 1637 657 τὴν
1663 582 1937 655 ἁμαρτίαν
1965 580 2108 635 ἐκεί-

529 696 649 750 νην.
686 678 800 732 Καὶ
835 677 937 731 οὐκ
968 664 1223 748 ἐποίησεν
1245 674 1474 746 οὐρανὸν
1506 673 1602 724 ἐνα
1630 669 1810 741 μόνον,
1842 665 1976 721 ἀλλὰ
2013 664 2109 720 καὶ

527 749 737 832 ἓτερον,
760 761 823 813 ἐκ
843 760 1146 830 προοιμίων
1164 758 1401 822 δεικνὺς,
1424 756 1507 808 ὃτι
1531 755 1632 807 οὐκ
1651 750 1937 821 ἐναφίησιν
1961 749 2108 819 ἡμᾶς

528 846 599 916 τῇ
633 847 727 916 γῇ,
752 843 866 897 ἀλλ’
901 844 1019 896 ἐκεῖ
1040 840 1393 912 μεταστήσει.
1422 839 1484 891 El
1515 837 1625 909 γὰρ
1657 836 1731 906 μὴ
1752 833 1974 905 ἔμελλεν
1991 833 2110 916 ἐκεί

535 915 815 998 μεθιστᾷν,
856 926 1001 988 τίνος
1040 923 1226 978 ’ἐνεκεν
1260 923 1355 976 καὶ
1395 920 1626 992 οὐρανὸς
1669 918 1984 988 παρήγετο;
2031 915 2107 998 Οὐ

530 996 643 1079 γὰρ
673 996 909 1079 δὴαύτῷ
935 1019 961 1048 ι
997 1008 1266 1077 χρήσιμον
1298 1004 1457 1057 τοῦτο
1480 1003 1541 1056 τὸ
1575 1002 1864 1071 στοιχεῖον
1897 996 2110 1061 οὐδενὸς

534 1095 645 1164 γὰρ
673 1092 870 1145 δεῖταν
900 1090 1034 1143 ἀλλὰ
1062 1091 1189 1151 τοὺς
1218 1088 1327 1142 ἀπὸ
1354 1087 1461 1157 γῆς
1497 1088 1612 1140 ἐκεῖ
1638 1083 1900 1156 μεθιστᾷν
1927 1080 2107 1153 βουλό-

543 1191 717 1246 μενος,
750 1172 1128 1244 παρεσκεύασε
1160 1170 1231 1225 τά
1260 1171 1560 1241 οἰκήματα.

607 1328 671 1400 β’.
689 1329 780 1382 Διὸ
800 1329 893 1382 καὶ
913 1329 935 1381 ί
955 1330 1247 1401 Προφήτης
1268 1327 1444 1383 ταῦτα
1462 1326 1638 1391 εἰδὼς,
1657 1326 1741 1397 ἐφ’
1756 1324 1994 1393 ἐκάστῳ,
2007 1325 2112 1389 Εὶς

537 1414 643 1467 τόν
669 1411 853 1468 αἰῶνα
880 1420 946 1465 τό
966 1408 1133 1478 ἕλεος
1154 1413 1359 1477 αὐτοῦ,
1389 1410 1648 1479 ἐπιλέγει,
1679 1409 2116 1481 ἐκπληττόμενος

535 1495 698 1549 αὐτοῦ
729 1495 829 1566 τὴν
864 1494 1295 1567 φιλανθρωπίαν.
1328 1493 1417 1559 Τῷ
1445 1493 1843 1563 στερεώσαντι
1865 1492 1980 1560 τὴν
1998 1490 2116 1560 γῆν

534 1580 632 1635 ἐπί
663 1578 785 1633 τῶν
820 1577 1073 1633 ὑδάτων.
1109 1578 1252 1651 Ὅρα
1277 1578 1438 1632 πάλιν
1486 1576 1762 1632 κάνταῦθα
1798 1575 1896 1648 τὴν
1929 1574 2116 1644 φιλαν-

536 1665 803 1737 θρωπίαν.
842 1663 1061 1734 Ἐπειδὴ
1092 1662 1203 1734 γὰρ
1226 1662 1526 1733 ἐγενόμεθα
1560 1662 1764 1733 θνητοὶ,
1795 1660 1887 1715 καὶ
1914 1662 1971 1712 ἐν
1988 1659 2117 1713 πολ-

535 1749 656 1812 λαίς
704 1746 914 1819 χρείαις
964 1746 1329 1815 κατέστημεν,
1362 1746 1480 1799 οὺδέ
1518 1744 1691 1807 οὕτως
1738 1743 2115 1812 ἐγκατέλιπεν,

538 1831 677 1887 ἀλλὰ
726 1833 820 1886 καὶ
846 1829 1079 1884 ἐνταῦθα
1109 1829 1446 1899 κατάλληλον
1498 1831 1630 1901 ἡμῖν
1658 1826 2001 1897 καταγώγιον
2031 1828 2119 1881 δέ·

539 1917 680 1971 δωκε
716 1916 808 1970 τὸν
851 1912 1051 1985 μεταξὺ
1083 1915 1295 1985 χρόνον,
1331 1915 1423 1967 καὶ
1451 1912 1718 1967 τοσούτων
1742 1913 1843 1982 τὴν
1867 1914 1969 1983 γῆν
2010 1911 2120 1964 δει-

539 1999 765 2072 γμάτων
785 1998 886 2069 τῆς
914 1996 1079 2051 αὑτοῦ
1109 1996 1516 2068 φιλανθρωπίας
1531 1994 1847 2066 ἐνέπλησεν,
1876 1995 1953 2060 ὡς
1984 1993 2118 2066 μηδὲ

540 2084 685 2153 λόγῳ
710 2084 1055 2154 παραστῆναι
1091 2080 1371 2136 δύνασθαι.
1408 2081 1467 2133 '0
1493 2078 1626 2149 γοῦν
1648 2080 1935 2151 προφήτης
1957 2079 2122 2149 ἐμπε-

543 2167 654 2221 σὼν
678 2169 758 2229 είς
793 2166 892 2236 τὴν
931 2165 1165 2220 ἄϐυσσον
1191 2165 1301 2217 τῶν
1351 2163 1811 2234 εὐεργετημάτων
1836 2161 2039 2215 τούτων
2066 2162 2119 2229 b,

542 2253 637 2305 καὶ
668 2249 790 2304 ἰδὼν
820 2248 881 2302 τὸ
900 2247 1140 2315 πέλαγος
1163 2247 1380 2317 ἀχανὲς,
1407 2247 1726 2319 ἀπεπήδησε
1741 2245 1894 2319 μέγα
1920 2244 2015 2317 βοή
2024 2262 2121 2309 σας

542 2334 639 2389 καὶ
660 2328 835 2386 εἰπών
858 2346 871 2360 ·
917 2330 1018 2396 Ὠς
1043 2329 1417 2400 ἑμεγαλύνθη
1450 2334 1523 2384 τὰ
1547 2329 1693 2398 ἔργα
1731 2344 1870 2390 σου.
1920 2328 2117 2396 Κύριε.

542 2415 746 2471 Πᾶντα
774 2415 844 2468 ἐν
871 2414 1058 2483 σοφίᾳ
1086 2412 1398 2481 ἐποίησας.
1427 2412 1539 2465 Καλ⁸
1567 2412 1658 2466 τὸν
1696 2411 1847 2483 ἥλιον
1876 2411 1934 2465 δέ
1964 2411 2123 2474 εἴτις

545 2498 770 2561 κατίδοι,
801 2496 895 2550 καὶ
922 2496 1021 2567 τὴν
1054 2495 1302 2567 σελήνην,
1326 2495 1419 2548 καὶ
1450 2495 1548 2566 τὴν
1584 2494 1826 2560 διάταξιν
1854 2494 1964 2549 τῶν
2001 2512 2123 2549 και-

550 2581 676 2655 ρῶν,
713 2580 873 2634 πάλιν
890 2579 1084 2649 δψεται
1110 2577 1276 2632 αὐτοῦ
1306 2578 1407 2647 τὴν
1445 2576 1854 2649 φιλανθρωπίαν
1882 2577 2119 2633 ἃπασαν.

545 2666 622 2721 Οὐ
642 2664 750 2735 γὰρ
775 2663 970 2735 μικρὸν
991 2664 1124 2734 ἡμῖν
1146 2664 1225 2724 είς
1250 2661 1500 2725 εὐταξίαν
1532 2660 1697 2732 ζωῆς,
1728 2663 1823 2715 καὶ
1855 2664 1933 2727 είς
1954 2663 2124 2735 αὐτὴν

546 2749 645 2820 τὴν
679 2747 825 2819 ζωὴν
846 2745 1019 2800 ταῦτα
1049 2744 1288 2798 συντελεῖ
1310 2744 1379 2797 τὰ
1403 2747 1659 2814 στοιχεῖα,
1681 2745 1970 2817 τρέφοντα,
1988 2763 2125 2817 καρ-

547 2831 684 2887 ποὺς
721 2829 1074 2892 πεπαίνοντα,
1131 2820 1206 2882 ὧν
1237 2826 1366 2881 άνευ
1400 2827 1562 2898 ζῆσαι
1608 2827 1709 2880 οὑκ
1759 2822 1852 2898 ἦν,
1903 2831 2127 2898 καιροὺς

548 2917 680 2987 ἡμῖν
710 2912 1012 2978 δεικνύντα,
1037 2911 1186 2984 ὥρας
1210 2910 1703 2982 χαρακτηρίζοντα,
1730 2910 1963 2983 δρόμους
1991 2910 2128 2982 ἡμέ-

552 3016 652 3072 ρας
688 2998 783 3052 καὶ
825 2998 1017 3059 νυκτδς
1052 2994 1447 3058 διαστέλλοντα,
1484 2993 1796 3066 ὁδοιπόρους
1826 3005 1851 3034 ι
1900 2997 2002 3068 γῆς
2035 2997 2128 3049 καὶ

544 3083 820 3152 θαλάττης
873 3079 1190 3150 ὁδηγοῦντα,
1225 3078 1422 3149 μυρίαν
1451 3078 1643 3149 ἐτέραν
1676 3079 1862 3150 χρείαν
1896 3081 2132 3152 παρεχό-

548 3181 714 3237 -μενα,
747 3160 900 3227 Εἶδες
928 3163 1046 3226 πῶς
1073 3164 1153 3226 είς
1197 3161 1286 3215 τὸν
1315 3161 1488 3215 αἰῶνα
1532 3160 1592 3215 τὸ
1620 3160 1768 3225 ἐλεος
1816 3162 2002 3224 αὐτοῦ,
2038 3162 2132 3217 καὶ

552 3247 670 3312 πῶς
697 3247 819 3302 καθ’
841 3248 1070 3300 ἕκαστον
1102 3244 1211 3300 τῶν
1241 3245 1436 3315 στίχων
1468 3244 1627 3298 τοῦτο
1670 3244 1910 3315 ἐπιλέγει
1936 3247 1964 3299 ὁ
1988 3247 2130 3318 Προ-

550 3334 761 3401 φήτης;
795 3332 1021 3400 Ἕτερος
1059 3329 1117 3383 δέ
1141 3330 1511 3401 ἑρμηνευτὴς,
1551 3331 1654 3396 Είς
1706 3328 1992 3395 ἐξουσίαν
2022 3330 2133 3399 τῆς

553 3414 797 3483 ἡμέρας,
840 3412 1206 3481 Ἑπικρατεῖν
1237 3410 1353 3465 εἷπε
1373 3407 1487 3480 τῆς
1508 3411 1753 3481 ἡμέρας.
1794 3414 2006 3480 Ἄλλος,
2030 3419 2133 3482 Εἰς

553 3498 844 3562 ἐξουσίαν
867 3497 937 3550 ἐν
973 3496 1149 3550 νυκτί
1173 3536 1187 3549 .
1215 3493 1304 3560 Τῷ
1337 3495 1668 3559 πατάξαντι
1690 3497 1992 3565 Αἴγυπτον
2013 3498 2135 3552 σὺν

554 3578 681 3644 τοῖς
705 3579 1097 3647 πρωτοτόκοις
1120 3576 1317 3631 αὐτῶν
1341 3594 1355 3608 ·
1378 3578 1475 3631 καί
1515 3578 1867 3648 ὲξαγαγόντι
1897 3580 2006 3634 τὸν
2028 3582 2136 3636 Ἰσ-

548 3662 713 3732 ραὴλ
735 3661 805 3715 ὲκ
831 3660 1026 3731 μέσου
1062 3660 1278 3715 αὐτῶν.
1317 3661 1419 3714 Ἐν
1438 3660 1586 3730 χειρὶ
1630 3661 1910 3730 νραταιᾷ,
1942 3664 2038 3717 καὶ
2066 3664 2138 3718 ἐν

551 3747 833 3816 βραχίονι
867 3743 1104 3813 ὑψηλῷ.
1131 3742 1378 3812 Συνεχῶς
1403 3746 1752 3816 περιστρέφει
1781 3747 1841 3799 τὸ
1870 3746 2054 3818 θαῦμα
2076 3750 2138 3802 τὸ

561 3834 620 3884 ἐν
650 3828 930 3898 Αἰγύπτῳ,
950 3826 1039 3880 διὰ
1064 3826 1164 3897 τὴν
1186 3826 1385 3896 πολλὴν
1414 3827 1591 3880 αὐτῶν
1610 3829 2021 3900 ἀγνωμοσύνην,
2043 3835 2137 3884 καὶ

554 3914 621 3967 τὸ
649 3913 735 3967 ἀεὶ
758 3911 961 3965 τούτων
992 3909 1287 3974 ἀκούοντας
1323 3909 1787 3967 ἐπιλανθάνεσθαι.
1831 3914 1905 3966 Οὐ
1943 3916 2138 3985 μικρὺν

564 3995 714 4068 ί599]
748 3995 805 4049 δὲ
831 3994 925 4047 καὶ
951 3994 1012 4047 τὸ
1041 3993 1188 4056 ἔλεος
1217 3995 1441 4063 σημεῖον
1459 4011 1474 4025 ο
1508 3993 1666 4047 τοῦτο
1693 3993 1801 4066 γάρ
1834 3996 2139 4066 ἀπήλλαξεν

562 4078 935 4150 αἰχμαλωσίας
962 4075 1221 4139 ἐκείνους,
1250 4074 1511 4140 δουλείας,
1536 4080 1630 4130 καὶ
1659 4079 1771 4142 τοῖς
1794 4079 1933 4149 μετὰ
1968 4080 2140 4133 ταῦτα

563 4161 753 4233 γέγονε
782 4158 1107 4229 θεογνωσίας
1146 4159 1419 4223 ύπόθεσις.
1458 4160 1567 4214 Καὶ
1595 4160 1779 4231 ἕτερον
1814 4162 1872 4214 δὲ
1906 4162 2142 4218 ἐνταῦθα

565 4245 881 4301 αἰνίττεται.
906 4245 1064 4297 Ποῖον
1084 4242 1147 4312 δὴ
1181 4239 1371 4305 τοῦτος
1405 4243 1525 4296 Ὀτι
1580 4245 1671 4296 καὶ
1705 4245 1843 4315 μετά
1878 4246 1977 4317 τὴν
2005 4246 2142 4318 πλη-

561 4328 669 4401 γὴν
688 4326 901 4399 ἐκείνην
922 4325 1021 4397 τῆς
1047 4325 1211 4378 αὑτοῦ
1238 4324 1519 4395 δυνάμεως
1542 4326 1728 4395 γέγονε
1746 4327 1805 4379 τὸ
1831 4328 2142 4393 ἀπαλλάξαι

565 4412 764 4475 αὐτοὺς
789 4409 891 4481 τῆς
919 4407 1183 4471 δουλείας,
1206 4407 1627 4472 κατασείσαντος
1652 4410 1848 4473 αὐτοὺς
1868 4410 1944 4481 τῷ
1970 4412 2140 4483 φόϐῳ,

564 4496 662 4549 καὶ
716 4491 1208 4554 καταποντίσαντος
1236 4493 1301 4561 τῇ
1336 4489 1599 4563 θαλάσσῃ.
1655 4492 1840 4546 Ταῦτα
1879 4493 1934 4546 δέ
1973 4494 2142 4560 λέγει,

568 4580 656 4631 ἵνα
689 4578 763 4648 μή
792 4593 875 4639 τις
898 4574 1008 4627 τῶν
1029 4574 1398 4647 ἀνοητοτέρων
1425 4574 1641 4645 νομίσῃ,
1672 4575 1755 4627 ὅτι
1783 4576 2018 4629 κελεύων
2048 4579 2147 4630 αύ-

565 4663 681 4725 τοίς
698 4660 759 4713 τὸ
790 4658 1011 4731 χρυσίον
1030 4657 1239 4721 λαϐεῖν,
1278 4659 1372 4711 καὶ
1403 4658 1473 4710 τὰ
1508 4659 1675 4730 σκεύη
1706 4658 1773 4711 τὰ
1806 4661 2041 4732 ἀργυρᾶ,
2077 4662 2145 4713 δι’

570 4743 853 4799 ἀσθένειαν
880 4742 1118 4795 ἐκέλευε.
1152 4741 1260 4795 Καὶ
1288 4741 1396 4812 γὰρ
1427 4740 1522 4794 καὶ
1548 4739 1706 4795 τοῦτο
1742 4742 1966 4815 ἐποίησε
2009 4761 2148 4799 πανε-

569 4827 794 4898 ταχόθεν
816 4826 1139 4897 βουλόμενος
1166 4821 1304 4879 εἶναι
1334 4824 1561 4895 φοϐερὸς
1584 4827 1694 4888 τοῖς
1720 4824 2018 4897 πολεμίοις,
2052 4830 2147 4883 καὶ

571 4912 741 4978 δεῖξαι
780 4911 862 4963 δτι
894 4911 985 4963 καὶ
1023 4910 1249 4981 δυνάμει
1288 4909 1383 4961 καὶ
1429 4908 1567 4978 μετά
1600 4909 1886 4974 αύθεντίας
1933 4911 2148 4967 ἅπαντα

568 4992 791 5047 δύναται
824 4991 1176 5062 ἐργάζεσθαι,
1205 4992 1299 5044 καὶ
1347 4991 1560 5063 ἅπατᾷν
1595 4992 1811 5059 αὐτοὺς,
1846 4996 1939 5048 καὶ
1965 5012 2145 5065 παρα-

574 5076 886 5148 κρούεσθαι.
913 5077 983 5129 "A
1009 5094 1068 5129 τε
1092 5076 1201 5148 γὰρ
1220 5075 1467 5147 φανερῶς
1492 5076 1764 5147 ἐποίησεν,
1793 5079 1853 5131 οὐ
1882 5078 1968 5133 διὰ
1991 5080 2148 5134 τοῦτο

575 5161 849 5231 ἐποίησεν,
874 5160 947 5223 ὡς
966 5160 1027 5212 οὐ
1044 5159 1340 5230 δυνάμενος
1360 5160 1637 5228 ἀπατῆσαι
1662 5176 1674 5189 ’
1699 5161 1735 5213 ἆ
1760 5178 1819 5213 τε
1836 5163 2143 5235 ἀπατήσας,

573 5245 634 5299 ού
662 5245 749 5298 διὰ
776 5244 933 5298 τοῦτο
962 5244 1236 5314 ἐποίησεν,
1263 5243 1339 5307 ὡς
1369 5245 1428 5295 οῦ
1459 5244 1752 5315 δυνάμενος
1781 5249 2028 5318 φανερῶς
2055 5249 2147 5303 λα-

573 5329 710 5394 ϐεῖν,
741 5328 854 5382 ἀλλ’
890 5330 947 5382 ἐν
976 5327 1219 5399 ἐκατέρῳ
1244 5326 1322 5397 τῷ
1353 5327 1507 5399 μέρει
1534 5328 1631 5397 τὴν
1658 5328 1808 5399 ἰσχὺν
1834 5330 1932 5402 τὴν
1954 5332 2146 5386 ἐαυτοῦ

573 5413 801 5478 δεικνύς.
841 5413 963 5468 ὀτι
995 5413 1106 5485 γὰρ
1152 5412 1245 5467 καὶ
1285 5411 1443 5466 τοῦτο
1492 5416 1666 5483 μέγαν
1723 5414 1885 5483 φόϐον
1925 5416 2147 5489 ἐνέθηκε

639 5616 665 5680 ξ
693 5617 802 5666 Sav.
830 5616 884 5665 οὗ
901 5617 990 5680 γὰρ
1013 5617 1161 5679 αὐτῷ.

639 5634 665 5646 -
694 5634 802 5666 θεν.
830 5634 884 5665 ον
931 5634 990 5680 αρ
1013 5634 1161 5679 αυτῳ.

635 5677 667 5719 ι»
690 5680 882 5728 Τούτων
900 5634 1044 5728 όεοει
1060 5681 1113 5728 in
1134 5680 1248 5729 Sav.

642 5746 664 5772 "
694 5742 816 5790 Tres
837 5755 951 5790 mss.
977 5742 1143 5797 νυκτὸς
1166 5740 1411 5796 εἰκάζοντα
1430 5740 1722 5802 ὁδοιπόρους.
1752 5741 1876 5792 Infra
1901 5742 2022 5793 Mor.
2046 5748 2149 5795 καθ’

575 5808 777 5857 ἕκαστον
799 5805 892 5854 τῶν
902 5802 1167 5867 στοιχείων.
1182 5803 1295 5854 Sav.
1310 5802 1489 5854 melius
1510 5803 1612 5852 καθ’
1631 5803 1832 5855 ἕκαστον
1851 5806 2148 5871 τῶνοτίκων.

1180 398 1243 453 S.
1296 392 1583 454 JOANNIS
1623 378 2116 445 CHRYSOSTO‘MI
2148 375 2470 434 ARCHIEP.
2508 378 3056 438 CONSTANTINOP.

2205 499 2319 562 τοῖς
2348 498 2686 569 ἀλλοφύλοις,
2709 499 2942 554 ἄκουσον
2965 495 3019 550 τί
3042 510 3176 564 φασι
3202 493 3349 564 μετά
3373 490 3546 547 ταῦτα
3567 492 3624 546 ὀἱ
3653 494 3788 565 μάν-

2203 598 2319 644 τεις
2350 583 2400 636 οί
2440 582 2744 647 Ἀζωτίων
2801 577 2991 646 Οὗτος
3035 582 3069 633 ό
3112 580 3262 642 Θεὸς
3291 580 3324 632 ό
3359 576 3626 644 σκληρὸς
3649 618 3665 642 ,
3714 576 3776 643 ὃς

2203 664 2464 731 ἐπάταξε
2490 664 2605 733 τὴν
2633 666 2959 736 Αιγυπτον,
2988 662 3086 716 καὶ
3134 661 3233 714 ὅτε
3282 659 3644 725 ἐνέπαιξενά
3675 662 3781 715 αὺ-

2204 748 2347 814 τοῖς,
2380 750 2512 802 τότε
2557 748 2851 817 ἐξήγαγεν
2876 746 3119 811 αὐτούς.
3157 743 3317 815 Ὁρᾷς
3341 744 3536 806 αὐτοὺς
3562 744 3655 796 καὶ
3696 742 3781 796 διὰ

2204 830 2361 883 τοῦτο
2382 831 2680 902 τρέμοντας
2705 829 2887 894 αὐτὸν,
2921 827 3010 881 διὰ
3037 829 3135 898 τὴν
3158 825 3384 897 κλοπὴν,
3412 825 3500 880 διὰ
3523 826 3622 899 τὴν
3644 826 3773 880 άπά-

2206 930 2326 984 την,
2360 913 2446 967 διὰ
2484 914 2544 967 τὸ
2572 912 2991 985 ἀποχρήσασθαι
3024 910 3254 975 αὑτούς;

2283 996 2371 1062 Τῷ
2427 997 2836 1051 καταδιελόντι
2881 995 2996 1064 τὴν
3045 993 3300 1063 ἐρυθρὰν
3340 992 3660 1047 θάλασσαν
3700 995 3784 1059 εὶς

2208 1080 2798 1151 διαιρέσεις-,Ἕτερος,
2826 1082 2930 1145 Είς
2961 1078 3144 1147 τομάς
3169 1088 3214 1130 ο.
3253 1075 3465 1143 Ἀλλος,
3507 1077 3608 1142 Εἰς
3639 1077 3783 1147 τμή-

2204 1179 2382 1232 ματα.
2422 1163 2577 1226 Τινές
2608 1162 2718 1234 γάρ
2750 1179 2932 1232 φασιν,
2968 1163 3049 1214 ὅτι
3074 1162 3134 1213 ού
3189 1158 3287 1229 μία
3314 1159 3538 1228 γέγονεν
3587 1161 3621 1230 ή
3646 1159 3785 1223 ὁδὸς,

2209 1247 2345 1301 ἀλλά
2367 1246 2486 1301 καθ’
2507 1248 2745 1317 ἑκάστην
2763 1246 2934 1318 φυλὴν
2955 1245 3015 1298 τὸ
3037 1243 3180 1311 ὕδωρ
3204 1242 3467 1313 ἐσχίζετο,
3490 1241 3565 1305 ὡς
3589 1242 3788 1305 πολλὰς

2210 1330 2462 1400 γενέσθαι
2498 1331 2598 1395 τὰς
2629 1330 2925 1393 διαϐάσεις.
2970 1328 3129 1381 Ἄλλά
3164 1326 3338 1381 ταῦτα
3384 1328 3563 1380 πάντα
3608 1327 3657 1378 εί
3695 1327 3789 1378 καὶ

2213 1414 2413 1486 πολλὴν
2444 1414 2543 1485 τὴν
2598 1415 2751 1484 ίσχὺν
2799 1412 3161 1475 ἐπεδείκνυτο,
3221 1409 3315 1463 καί¹
3360 1407 3588 1480 φοϐερὸν
3625 1409 3791 1462 αὑτὸν

2211 1498 2479 1568 ἀπέφαινε
2511 1498 2603 1551 καὶ
2635 1498 2828 1569 μέγαν,
2859 1496 2973 1551 ἀλλ’
3005 1491 3096 1549 οῦν
3131 1493 3329 1566 πολλὴν
3357 1494 3451 1547 καὶ
3480 1492 3577 1564 τὴν
3604 1493 3789 1561 φιλαν-

2213 1584 2462 1656 θρωπίαν
2500 1579 2666 1654 εἶχεν,
2701 1583 2822 1653 οὐχὶ
2854 1584 2966 1645 τοῖς
2995 1579 3326 1634 ἀπολαύουσι
3362 1578 3541 1649 μόνον,
3570 1577 3705 1639 ἀλλ’,
3741 1578 3790 1629 εί

2213 1668 2505 1738 προσέχειν
2523 1665 2824 1730 ἐϐούλοντο,
2844 1666 2937 1722 καὶ
2957 1666 3070 1725 τοῖς
3089 1662 3366 1726 ἐναντίοις.
3388 1662 3461 1713 Οὐ
3483 1660 3593 1730 γὰρ
3607 1659 3792 1724 ἁπλῶς

2213 1752 2602 1805 κατεπόντισεν
2658 1751 2877 1814 αὐτοὺς,
2910 1749 3046 1803 ἀλλά
3088 1748 3225 1818 μετά
3273 1745 3541 1817 τοσαύτην
3575 1745 3790 1815 θαυμα-

2213 1836 2472 1906 τουργίαν
2532 1832 2887 1905 βουλομένους
2947 1830 3350 1901 κατατολμῆσαι
3394 1828 3502 1881 τῶν
3547 1828 3754 1882 ὑδάτων
3771 1844 3788 1860 ·

2215 1918 2322 1971 ἔδει
2346 1917 2401 1972 δέ
2423 1918 2639 1980 αὐτοὺς,
2670 1917 2719 1970 εί
2759 1917 2854 1970 καὶ
2878 1917 3100 1971 πάντων
3136 1910 3277 1985 ἦσαν
3330 1912 3792 1984 ἀναισθητότερα,

2214 2001 2286 2055 τά
2315 2017 2375 2054 τε
2402 1999 2645 2072 πρότερα
2687 2001 3066 2067 ἐννοήσαντας,
3100 1997 3170 2051 τά
3200 2014 3259 2050 τε
3296 1996 3539 2066 παρόντα
3568 1995 3661 2048 καὶ
3688 1995 3795 2067 πρὸ

2214 2084 2323 2139 τῶν
2377 2083 2693 2155 ὀφθαλμῶν.
2727 2082 3068 2151 ἐκπλαγῆναι
3123 2081 3287 2135 αὑτοῦ
3320 2080 3419 2151 τὴν
3479 2080 3651 2151 ἰσχὺν,
3700 2080 3796 2135 καὶ

2217 2167 2614 2239 προσκυνῆσαι,
2636 2165 2731 2219 καὶ
2748 2164 3060 2219 παύσασθαι
3081 2167 3180 2236 τῆς
3196 2163 3424 2236 ἀκαίρου
3444 2162 3793 2234 φιλονεικίας.

2218 2252 2280 2304 Οἱ
2306 2249 2362 2304 δὲ
2389 2250 2488 2319 τὴν
2507 2249 2683 2304 κτίσιν
2705 2248 2921 2303 ἅπασαν
2947 2249 3181 2319 ὁρῶντες
3205 2249 3339 2319 πρὸς
3355 2247 3417 2300 τὸ
3435 2245 3624 2300 δοκοῦν
3648 2244 3797 2316 αὐτῷ

2222 2335 2823 2406 μεταστοιχειουμένην,
2881 2333 2977 2387 καὶ
3039 2332 3378 2402 πολεμοῦσαν
3431 2330 3648 2395 αὐτοῖς,
3679 2329 3799 2383 οὑδέ

2219 2416 2391 2482 οὕτως
2443 2417 2638 2488 ἔληξαν
2671 2419 2767 2489 τῆς
2812 2418 3010 2489 μανίας
3031 2459 3047 2484 ,
3102 2415 3240 2471 ἀλλά
3271 2417 3364 2469 καὶ
3393 2413 3455 2468 τὸ
3500 2413 3799 2485 παράδοξον

2222 2504 2398 2555 ἐκεῖνο
2425 2501 2611 2573 θαῦμα
2645 2501 2665 2540 τ
2704 2501 3015 2571 βλέποντες,
3072 2499 3482 2570 κατετόλμησαν
3512 2496 3612 2567 τῆς
3644 2496 3799 2567 ξένης

2221 2584 2437 2656 ἐκείνης
2451 2585 2546 2638 καὶ
2569 2583 2765 2653 καινῆς
2790 2584 3117 2655 ὁδοιπορίας.
3158 2580 3250 2635 Διὸ
3279 2582 3375 2635 καὶ
3417 2579 3590 2649 τάφος
3619 2578 3799 2641 αὐτοῖς

2220 2669 2282 2722 τὸ
2313 2668 2549 2738 πέλαγος
2576 2669 2821 2737 γίνεται·
2842 2667 2965 2721 οὐδὲ
2988 2667 3098 2738 γὰρ
3122 2665 3338 2735 φύσεως
3361 2659 3430 2736 ἦν
3468 2663 3649 2735 ἔργον,
3666 2661 3801 2716 ἀλλὰ

2224 2754 2488 2825 θεηλάτου
2520 2752 2733 2823 πληγῆς
2766 2752 2828 2806 τὸ
2859 2752 3148 2821 γενόμενον
3168 2766 3182 2780 ·
3201 2750 3291 2804 διὰ
3312 2749 3377 2820 δὴ
3405 2747 3564 2802 τοῦτο
3583 2749 3641 2800 ἐν
3670 2746 3802 2818 βρα-

2223 2839 2349 2909 χείᾳ
2378 2835 2569 2908 καιροῦ
2589 2838 2727 2908 ῥοπῇ
2748 2835 2818 2889 τὰ
2850 2834 3068 2889 ἐναντία
3089 2833 3399 2904 είργάζετο’
3452 2831 3548 2886 κα)⁵
3574 2830 3635 2884 οὐ
3681 2827 3800 2884 καθ’

2225 2921 2285 2974 ἐν
2314 2921 2568 2991 ἐτέμνετο
2605 2918 2789 2991 μέρος.
2839 2918 2976 2973 ἀλλά
3031 2917 3174 2972 κατὰ
3223 2914 3454 2988 ἀριθμὸν
3486 2914 3596 2968 τῶν
3621 2913 3803 2982 φυλῶν

2225 3005 2451 3059 ἀπασῶν
2472 3007 2522 3058 ⁸.
2549 3002 2687 3057 Καθ’
2719 3004 2947 3056 ἕκαστον
2976 3002 3033 3055 δὲ
3054 3002 3164 3055 τῶν
3203 3000 3444 3072 σημείων
3464 2999 3645 3062 ἐλέους
3677 3015 3805 3069 μνη-

2231 3090 2465 3160 μονεύει,
2499 3090 2582 3142 ὅτι
2614 3087 2772 3141 τοῦτο
2808 3087 3042 3158 μάλιστα
3072 3082 3139 3157 ἦν
3171 3085 3249 3157 τῷ
3289 3082 3408 3153 Θεῷ
3441 3080 3808 3154 περισπούδα-

2230 3190 2373 3238 στον,
2408 3173 2597 3244 ἐπειδὴ
2625 3171 2714 3226 διὰ
2742 3170 2849 3225 τῶν
2888 3171 3165 3241 στοιχείων
3194 3168 3401 3237 ἐγίνετο
3420 3165 3487 3220 τὰ
3526 3163 3802 3233 θαύματα,

2232 3259 2307 3329 μὴ
2335 3256 2569 3328 φυσικῆς
2599 3272 2742 3319 τινος
2767 3255 3087 3317 ἀκολουθίας
3133 3251 3271 3307 εἶναι
3303 3249 3529 3320 νομισθῇ
3558 3247 3627 3301 τὰ
3654 3247 3806 3329 γινό-

2233 3328 2389 3413 μενα,
2419 3341 2557 3395 ἀλλά
2582 3340 2682 3410 τῆς
2711 3339 2915 3394 ἀνωθεν
2948 3337 3121 3411 ῥοπῆς
3156 3334 3304 3409 [400]
3349 3328 3808 3403 παραδοξοποιού-

2232 3444 2331 3499 σης
2358 3426 2428 3480 τά
2459 3423 2730 3495 θαύματα.
2774 3420 2843 3477 ’0
2867 3422 2931 3492 δὴ
2961 3421 3053 3475 καὶ
3081 3423 3173 3475 ἐπὶ
3205 3420 3305 3491 τῆς
3327 3416 3597 3499 θαλάττης
3646 3413 3807 3499 συνέ-

2231 3495 2404 3574 ϐαινε,
2435 3509 2529 3562 καὶ
2557 3507 2715 3579 δῆλον
2737 3505 2965 3575 ἐγίνετο,
2994 3505 3095 3557 οὐκ
3125 3503 3190 3557 ἐκ
3218 3501 3312 3557 τοῦ
3357 3497 3630 3571 συμϐῆναι
3661 3495 3805 3559 τότε,

2231 3594 2345 3649 ἀλλ’
2374 3595 2439 3646 ἐκ
2467 3592 2562 3646 τοῦ
2600 3591 2713 3663 μετ’
2740 3592 2914 3644 ἐκεῖνο
2945 3589 3143 3659 μηκέτι
3165 3586 3416 3657 γενέσθαι
3434 3600 3449 3615 ⁶
3483 3581 3646 3638 πάλιν
3663 3581 3720 3636 δέ
3740 3580 3808 3634 τὰ

2233 3678 2477 3749 φυσικῶς
2505 3678 2536 3719 h
2573 3676 2850 3746 γινόμενα,
2901 3673 3102 3744 συνεχῆ
3160 3673 3254 3726 καὶ
3302 3670 3502 3734 πυκνά,
3532 3670 3627 3724 καὶ
3667 3664 3808 3749 κατά

2233 3748 2424 3834 καιρὸν
2474 3758 2835 3814 ἐπιτελεῖσθαι
2893 3758 3120 3826 πέφυκε.
3174 3756 3284 3810 Καὶ
3319 3754 3661 3834 διαγαγόντι
3708 3748 3810 3834 τὸν

2246 3830 2495 3912 Ἰσραὴλ
2518 3843 2615 3898 διὰ
2645 3842 2841 3913 μέσου
2887 3839 3078 3910 αὐτῆς
3097 3855 3111 3870 ⁶
3134 3839 3226 3893 ὅτι
3253 3840 3341 3905 εἰς
3381 3835 3491 3891 τὸν
3531 3833 3718 3889 αἰῶνα
3742 3830 3809 3885 τὸ

2233 3930 2405 3993 ἔλεος
2431 3926 2638 3982 αὐτοῦ.

2307 4105 2377 4167 τ’.
2396 4098 2558 4169 Ὁρᾷς
2572 4095 2689 4161 πῶς
2703 4095 2925 4159 δικαίως
2940 4095 3063 4150 καθ’
3075 4095 3305 4149 ἕκαστον
3329 4091 3508 4162 στίχον
3521 4087 3668 4154 λέγει
3684 4083 3743 4137 τὸ
3761 4084 3810 4150 ί,

2239 4183 2345 4247 Είς
2363 4181 2469 4235 τὸν
2498 4178 2685 4234 αἰῶνα
2706 4180 2770 4233 τὸ
2806 4178 2978 4245 ἕλεος
2994 4178 3216 4243 αὑτοῦ;
3253 4176 3437 4230 Ταῦτα
3465 4173 3573 4242 γὰρ
3600 4170 3813 4223 ἅπαντα

2232 4264 2337 4337 ’τὴν
2361 4264 2583 4335 διηνεκῆ
2620 4262 2943 4335 κηδεμονίαν
2964 4262 3193 4316 ἐδείκνυ.
3222 4261 3285 4314 Et
3309 4258 3417 4329 γὰρ
3450 4256 3542 4310 καὶ
3567 4254 3636 4306 τὰ
3661 4249 3816 4337 γενότ

2247 4330 2382 4421 μένα
2409 4330 2768 4418 ιεέέλοςέίχιέν,⁷
2787 4346 2902 4401 ἀλλ’
2935 4348 2989 4400 αἱ
3031 4345 3243 4416 μνῆμαι
3278 4339 3459 4396 αὐτῶν
3509 4338 3624 4399 τοῖς
3664 4330 3814 4421 ⁸μετὰ

2241 4413 2413 4487 ταῦτα
2439 4413 2992 4501 πολλὴντθεογνωσίας
3011 4413 3269 4499 παρεῖχον
3281 4422 3559 4479 ῦπόθεσιν.
3578 4418 3688 4473 Καὶ
3700 4413 3812 4501 γὰρ

2242 4517 2306 4586 τῇ
2344 4515 2528 4585 μνήμῃ
2558 4498 2639 4575 εἷς
2666 4512 2921 4581 ἐγγόνους
2950 4498 3428 4581 παραγπεμπόμενα
3457 4498 3816 4586 ἐχειραγώγει

2245 4584 2380 4671 πρὸς
2406 4584 2721 4668 φιλοσοφίαν
2742 4596 2963 4668 πολλήν.
2998 4594 3205 4656 ’Ἄλλως
3227 4593 3283 4647 δὲ
3307 4593 3408 4645 οὐκ
3433 4591 3615 4644 ἐκεῖνα
3644 4584 3817 4671 ἐπράξ-

2245 4666 2347 4754 χθη
2380 4666 2560 4753 μόνον,
2595 4679 2692 4733 καὶ
2710 4666 2986 4733 ἐπαύσατο
3015 4681 3046 4749 η
3073 4677 3167 4731 τοῦ
3190 4676 3324 4730 Θεοῦ
3354 4671 3672 4746 κηδεμονία,
3694 4666 3817 4754 οὐδὲ

2443 4764 2550 4817 τῶν
2580 4762 2965 4831 Αἰγυπτιακῶν
2996 4761 3127 4833 ἐστη
3164 4761 3231 4815 τά
3258 4762 3355 4831 τῆς
3385 4751 3815 4837 φιλανθρωπίας,

2246 4833 2366 4903 ἀλλῖ
2388 4849 2613 4911 ἕκαστος
2645 4846 2835 4918 καιρὸς
2857 4846 2950 4900 καὶ
2971 4846 3161 4917 χρόνος
3185 4846 3329 4907 ἅπας
3360 4842 3472 4913 ἔχει
3497 4833 3820 4910 παρατεινό-

2250 4951 2387 5003 μενα
2421 4932 2523 5003 τῆς
2548 4932 2755 5001 ἀφάτου
2784 4930 2950 4984 αὐτοῦ
2990 4927 3397 5000 φιλανθρωπίας
3426 4924 3494 4978 τὰ
3528 4922 3816 5003 δείγματα.

2258 5016 2430 5088 Ὑπὲρ
2444 5002 2516 5068 ὧν
2537 5017 2629 5069 καὶ
2650 5014 2811 5076 αὐτὸς
2830 5013 3283 5084 ἐκπληττόμενος,
3308 5006 3545 5078 συνεχῶς
3578 5002 3820 5088 ἐπιλέγει

2247 5099 2327 5165 τὸ,
2362 5084 2491 5153 ’Ὅτι
2511 5101 2598 5166 είς
2627 5098 2733 5152 τὸν
2756 5095 2939 5150 αἰῶνα
2963 5097 3028 5150 τὸ
3060 5096 3233 5162 ἕλεος
3259 5092 3469 5148 αὐτοῦ.
3495 5089 3606 5144 Καὶ
3639 5084 3819 5150 καλῶς

2310 5316 2339 5357 εὶ
2361 5317 2502 5367 Alius
2522 5314 2775 5369 ἐνέπαιξαν.
2801 5310 2923 5376 Infra
2948 5311 3060 5376 Salvf
3087 5312 3449 5376 ἀποχρήσασθαι
3470 5309 3643 5376 αῦτοῖς.

2315 5381 2339 5410 ⁸
2366 5377 2481 5428 Ηωο
2500 5377 2709 5437 interpr.
2724 5379 2802 5423 est
2822 5374 3098 5437 Symmachi
3122 5394 3134 5437 ς
3162 5371 3318 5423 θἰϊετε
3340 5386 3476 5431 vero,
3499 5374 3564 5437 εἰς
3578 5371 3823 5437 τμήματα,

2250 5442 2444 5490 videtur
2463 5450 2575 5488 esse
2600 5433 2789 5497 A'quile
2811 5454 2822 5483 :
2858 5436 2948 5497 sed
2967 5437 3049 5483 alii
3074 5436 3134 5485 ad
3155 5436 3381 5497 Aquilam
3414 5436 3478 5490 εἰς
3504 5433 3825 5497 ἀποτμήματα

2249 5502 2451 5559 habent,
2464 5513 2564 5549 non
2588 5492 3034 5561 εἰςτμήματα.)’ἱρθ
3046 5492 3267 5561 Ηθιορῖο
3280 5504 3463 5547 nostra.
3479 5497 3592 5546 Sav.
3607 5492 3824 5561 ᾳζωὶιδτι

2251 5555 2774 5674 eleg:
2783 5556 2949 5607 αὐτοῦ.
2964 5556 3063 5609 Sed
3073 5559 3179 5609 hac
3191 5555 3563 5623 'supervacanea
3578 5555 3823 5607 videmur.

2537 5639 2651 5670 αιια.

2315 5638 2334 5664 ι
2362 5638 2459 5674 Am
2487 5638 2651 5684 υεαμα.

2314 5689 2339 5727 Β
2370 5686 2598 5735 ιΑπασῶν
2620 5695 2717 5731 om.
2740 5679 2890 5729 Savil.

2315 5750 2343 5788 ιι
2363 5747 2513 5797 Savil.
2538 5745 2751 5806 γενέσθαι
2772 5743 2929 5806 πάλιν.
2957 5742 3029 5790 Τὰ
3044 5743 3096 5806 δὲ
3121 5746 3347 5806 φυσικῶς.

2317 5813 2337 5853 ί
2371 5810 2521 5860 Savil.
2543 5801 2630 5871 ὅρα
2651 5806 2752 5860 πῶς
2774 5805 2970 5860 δικαίως
2989 5805 3094 5853 καθ’
3117 5801 3500 5868 ἔκαστοννστίχον
3527 5806 3729 5864 ἐπιλέγει
3751 5801 3825 5854 τό.

4060 2107 4062 2207 Ι
