4070 6340
277 367 376 423 401

279 477 503 537 fruenda
536 485 656 548 post
687 481 986 545 peccatum,
1018 483 1116 526 nec
1139 467 1411 540 prohibuit
1434 465 1718 536 quominus
1747 473 1864 534 post

279 573 410 631 illud
437 579 713 642 peccatum
734 569 813 623 eis
837 566 910 620 uti
934 575 987 620 et
1009 563 1108 618 frui
1130 570 1329 633 posset.
1346 559 1526 630 Neque
1551 574 1679 614 vero
1707 572 1870 611 unum

280 667 467 722 czelum
490 663 663 718 solum
692 661 834 725 fecit,
860 659 954 714 sed
977 659 1135 712 etiam
1164 656 1425 710 alterum:
1453 652 1540 708 vel
1563 653 1629 705 ab
1651 651 1872 706 exordio

278 757 580 814 ostendens
601 771 701 810 nos
727 754 796 808 ab
823 767 890 808 eo
920 768 1024 806 non
1055 749 1436 820 relinquendos
1477 749 1531 802 in
1565 758 1704 802 terra
1732 789 1746 810 ,
1776 746 1871 801 sed

280 853 397 906 fore
426 859 480 905 ut
507 864 606 904 nos
635 849 756 901 hinc
783 846 1185 900 transferamur.
1209 843 1266 897 Si
1292 843 1435 896 enim
1468 856 1572 895 non
1603 848 1748 895 esset
1775 854 1872 894 nos

279 947 403 1001 illnc
428 942 805 1006 translaturus,
826 953 922 992 cur
950 936 1264 1007 productum
1293 943 1437 988 esset
1457 933 1670 986 mulum?
1693 932 1874 1000 Neque

281 1038 423 1091 enim
451 1043 534 1090 est
564 1034 665 1088 hoc
694 1033 768 1086 illi
793 1031 1117 1086 elementum
1148 1029 1276 1082 utile
1302 1045 1315 1081 :
1349 1027 1489 1080 nulla
1522 1042 1580 1079 re
1610 1024 1751 1079 enim
1787 1027 1874 1078 in.

279 1128 425 1198 diget
459 1143 474 1180 :
509 1121 603 1178 sed
633 1138 754 1178 cum
800 1121 929 1176 velit
962 1134 1061 1176 nos
1113 1119 1240 1174 illuc
1278 1132 1308 1172 a
1357 1127 1498 1172 terra
1551 1115 1830 1170 traducere
1853 1157 1870 1178 ,

283 1217 606 1290 praeparavit
634 1213 955 1269 habitacula.

351 1359 406 1414 2.
447 1358 808 1427 Quamobrem
855 1370 975 1410 cum
1009 1354 1124 1408 lucc
1155 1353 1316 1408 sciret
1350 1353 1628 1422 propheta,
1662 1351 1872 1406 unicui-

284 1470 387 1524 que
408 1453 586 1508 versui
615 1451 888 1522 subjungit
929 1467 942 1504 :
975 1448 1042 1502 In
1072 1449 1316 1503 sceculum
1347 1447 1692 1502 misericordia
1741 1448 1871 1518 ejus,

284 1547 557 1600 adu‘tirans
586 1545 704 1614 ejus
731 1543 1135 1613 benignitatem.
1166 1540 1267 1608 Qui
1314 1541 1535 1609 ﬁrmavit
1565 1549 1749 1593 terram
1789 1556 1876 1593 su-

289 1655 376 1707 per
422 1654 601 1708 aquas.
637 1636 771 1691 Vide
829 1635 916 1690 hic
959 1649 1174 1705 queque
1227 1647 1414 1688 rursus
1466 1633 1870 1702 benignitatem.

289 1733 579 1801 P0stquam
608 1730 750 1784 enim
777 1727 903 1783 facti
936 1742 1121 1782 sumus
1163 1727 1444 1789 mortales,
1475 1735 1529 1780 et
1568 1741 1632 1780 eo
1675 1725 1876 1781 redacti

287 1834 493 1888 sumus,
536 1831 593 1877 ut
631 1823 814 1877 multis
853 1835 1154 1891 egeremus,
1184 1836 1251 1874 ne
1281 1820 1359 1874 sic
1383 1819 1596 1890 quidem
1627 1832 1724 1872 nos
1749 1818 1876 1874 reii-

287 1917 403 1986 quit
433 1957 448 1980 ,
481 1916 574 1970 sed
603 1914 690 1969 hic
715 1929 928 1984 quoque
963 1914 1176 1966 interim
1221 1911 1375 1966 nobis
1404 1925 1699 1980 congruum
1729 1909 1877 1964 dedit

289 2009 674 2074 habitaculum,
701 2017 756 2062 et
783 2015 860 2062 tot
891 2007 1159 2075 tantisque
1186 2019 1296 2060 suae
1323 2003 1664 2074 benignitatis
1685 2002 1874 2058 claris-

289 2105 440 2159 simis
487 2102 696 2157 iudiciis
727 2110 924 2156 terram
952 2099 1277 2160 refersit.ut
1326 2113 1396 2154 ne
1436 2098 1614 2152 verbis
1659 2097 1876 2166 quidem

289 2211 351 2250 ea
383 2195 588 2264 possint
611 2193 887 2263 explicari.
919 2191 1182 2261 PrOpht-ta
1213 2207 1342 2262 ergo
1369 2206 1490 2245 cum
1522 2190 1798 2245 incidisset
1825 2190 1876 2244 in

289 2287 540 2358 abyssum
568 2285 760 2341 horum
809 2283 1216 2348 beneficiorum,
1254 2293 1306 2338 et
1347 2282 1568 2337 vidisset
1610 2282 1877 2351 quoddam

266 2386 499 2440 gvastum
526 2385 581 2433 et
605 2378 929 2431 immensum
963 2376 1182 2445 pelagus
1207 2415 1221 2435 ,
1245 2375 1443 2428 exsiliit
1468 2376 1572 2428 alta
1612 2391 1742 2428 voce
1771 2375 1881 2429 cla-

292 2484 466 2536 mans,
494 2480 548 2524 et
577 2470 803 2524 dicens;
827 2469 999 2535 Quam
1035 2468 1362 2538 magniﬁcam
1410 2477 1526 2520 sunt
1567 2484 1722 2536 opera
1755 2478 1874 2533 tua,

295 2561 556 2617 Domine!
578 2560 764 2616 Omnia
816 2561 870 2615 in
913 2561 1167 2630 sapientia
1217 2560 1376 2630 fecisti
1407 2558 1579 2629 (Psal.
1612 2561 1736 2615 105.
1759 2559 1875 2628 24).

293 2655 461 2708 Porro
482 2654 527 2708 si
556 2653 674 2723 quis
701 2651 894 2707 viderit
916 2652 1084 2706 solem
1134 2659 1187 2704 et
1224 2650 1402 2704 lunam
1428 2689 1446 2716 ,
1473 2660 1528 2704 et
1579 2658 1880 2718 temporum

292 2746 561 2813 ordinem,
585 2759 773 2800 rursus
817 2743 1020 2799 videbit
1055 2744 1362 2797 universam
1413 2742 1532 2812 ejus
1577 2742 1879 2813 benignita-

295 2851 421 2897 tem.
449 2839 632 2910 Neque
658 2839 799 2895 enim
826 2854 1012 2909 parum
1038 2837 1104 2892 ad
1136 2839 1257 2892 vitta
1302 2835 1470 2891 decus
1499 2844 1554 2890 et
1590 2851 1880 2890 ornamen-

295 2945 427 2997 tum,
450 2934 558 2988 imo
582 2947 711 2988 vero
736 2931 804 2986 ad
850 2932 1018 3002 ipsam
1065 2930 1230 2982 vitam
1279 2928 1394 2982 ha-c
1431 2927 1590 2981 nobis
1615 2928 1881 2982 elementa

295 3029 597 3094 conferunt,
623 3037 678 3081 ut
707 3041 825 3096 qua:
855 3025 1095 3079 nutriant
1121 3021 1430 3092 fructusque
1453 3028 1743 3083 maturent,
1765 3019 1883 3076 sine

297 3123 492 3192 quibus
532 3119 634 3175 viri
690 3134 796 3174 non
851 3125 1047 3188 potest,
1085 3125 1325 3186 tempora
1375 3113 1531 3168 nobis
1575 3114 1880 3179 ostendant,

297 3215 458 3268 horas
498 3212 820 3282 exprimant,
853 3209 956 3263 diei
989 3220 1042 3262 et
1085 3207 1256 3261 noctis
1301 3220 1492 3260 cursus
1531 3205 1880 3273 distinguant,

299 3322 393 3375 per
418 3315 614 3361 terram
636 3311 694 3361 et
719 3317 866 3357 mare
887 3303 1122 3355 viatores
1143 3297 1446 3360 deducant,
1468 3297 1883 3351 innumerabiles

300 3401 434 3454 alios
461 3413 590 3452 usus
625 3392 1119 3466 priebeantNidisti
1148 3390 1421 3461 quomodo
1446 3389 1516 3444 sit
1543 3390 1594 3443 in
1624 3399 1883 3444 a-ternum

302 3491 670 3548 misericordia
698 3489 836 3560 ejus,
861 3486 1131 3558 quomodo
1155 3487 1206 3540 in
1236 3499 1558 3555 unoquoque
1585 3499 1741 3538 versu
1763 3482 1886 3551 jure

301 3586 403 3641 hoc
419 3585 702 3654 subjungat
732 3583 987 3650 pr0pheta
1006 3577 1030 3631 ?
1050 3577 1196 3632 Alius
1225 3585 1404 3630 autem
1435 3576 1696 3643 interpres
1721 3573 1844 3626 illud
1867 3613 1880 3636 ,

305 3678 372 3734 In
401 3686 694 3748 potestatem
718 3674 840 3736 diei,
868 3673 1020 3738 dixit,
1040 3669 1093 3726 ’Π
1099 3680 1117 3724 ι
1146 3670 1429 3723 dominetur
1448 3668 1548 3722 diei
1580 3665 1680 3740 (a).
1710 3666 1881 3729 Alius,

302 3771 368 3826 In
395 3779 686 3842 potestatem
713 3767 894 3830 noctis,
924 3765 1076 3830 dixit,
1107 3761 1172 3817 In
1202 3771 1500 3832 potestatem
1526 3761 1577 3814 in
1610 3769 1770 3812 nocte.
1796 3757 1884 3812 lt).

305 3865 403 3928 Qui
423 3861 665 3934 percussit
695 3857 984 3929 .IEgyptum
1019 3871 1137 3909 cum
1185 3854 1530 3925 primogenitis
1576 3867 1770 3914 eorum,
1797 3849 1884 3903 Η.

306 3960 404 4025 Qui
435 3956 607 4013 eduxit
634 3952 800 4009 Israel
837 3957 901 4005 de
940 3951 1107 4004 medio
1150 3966 1325 4004 eorum
1373 3946 1459 4002 12.
1494 3945 1561 4000 In
1596 3961 1751 3998 manu
1792 3959 1886 4013 po-

304 4052 424 4104 tenti
460 4059 502 4103 et
539 4049 590 4100 in
617 4045 822 4100 brachio
855 4043 1071 4097 excelso.
1109 4040 1336 4094 Assidue
1359 4046 1537 4094 versat
1575 4035 1887 4090 miraculum

305 4145 444 4215 quod
478 4144 530 4196 in
551 4141 783 4211 Egypto
806 4137 1001 4192 factum
1026 4143 1128 4199 est,
1154 4141 1370 4204 prepter
1400 4133 1664 4203 ingratum
1704 4147 1889 4186 eorum

305 4237 560 4300 animum,
592 4244 646 4288 et
670 4231 813 4302 quod
835 4245 954 4284 cum
985 4241 1048 4283 ea
1079 4241 1292 4295 semper
1313 4224 1677 4290 auditissent,
1703 4239 1887 4279 eorum

307 4328 771 4383 obliviscerentur.
798 4320 914 4376 Non
943 4327 1026 4374 est
1063 4327 1242 4372 autem
1287 4315 1402 4371 haec
1421 4330 1636 4387 quoque
1678 4315 1891 4370 miseri-

307 4419 485 4474 cordia
535 4429 754 4488 parvum
806 4413 1059 4482 signum:
1092 4408 1192 4464 hoc
1223 4409 1366 4463 enim
1409 4405 1652 4462 liberavit
1699 4406 1818 4461 illos
1861 4421 1892 4461 a

309 4511 593 4574 servitute,
636 4515 690 4560 et
726 4503 955 4575 posteris
998 4500 1098 4556 fuit
1154 4499 1367 4554 occasio
1420 4496 1514 4552 Dei
1551 4497 1889 4567 cognitionis.

311 4600 466 4656 Aliud
493 4609 670 4652 autem
695 4595 784 4650 hic
819 4608 1030 4664 quoque
1057 4589 1340 4661 significat.
1370 4587 1678 4656 Quidnam?
1723 4588 1893 4641 Etiam

310 4701 431 4762 post
457 4691 662 4759 plagam
701 4686 846 4741 illam
875 4685 924 4738 in
952 4683 1067 4750 ejus
1099 4683 1260 4736 fuisse
1290 4682 1522 4750 potentia
1551 4679 1778 4734 liberare
1802 4694 1897 4734 eos

309 4798 340 4836 a
370 4782 643 4842 servitute,
674 4793 793 4832 cum
840 4775 958 4830 illos
1004 4784 1208 4830 terrore
1255 4771 1634 4834 concussisset,
1663 4779 1719 4824 et
1762 4772 1897 4825 mari

311 4873 596 4927 obruisset.
626 4870 748 4924 llzec
775 4879 953 4922 autem
979 4866 1143 4929 dicit,
1175 4879 1243 4919 ne
1267 4865 1386 4932 quis
1414 4861 1570 4932 paulo
1597 4860 1897 4916 inconside-

312 4966 480 5022 ratior
508 4971 738 5034 putaret,
760 4977 879 5016 cum
904 4960 1064 5030 jussit
1091 4973 1184 5012 eos
1208 4957 1452 5026 accipere
1481 4970 1666 5009 aurum
1691 4964 1743 5008 et
1773 4969 1896 5008 vasa

313 5067 586 5129 argentea,
617 5056 732 5108 haec
777 5061 994 5122 propter
1033 5049 1448 5104 imbecillitatem
1493 5046 1737 5116 jussisse.
1767 5045 1899 5099 Nam

316 5152 418 5205 hoc
448 5148 574 5204 fecit
597 5145 781 5201 volens
807 5144 953 5198 omni
981 5143 1184 5195 ratione
1209 5155 1328 5194 eSse
1361 5138 1610 5194 terribilis
1634 5135 1896 5202 hostibus,

314 5251 368 5297 et
395 5238 678 5295 ostendere
716 5251 774 5291 se
804 5244 858 5290 et
888 5235 938 5288 vi
965 5243 1020 5288 et
1061 5233 1372 5287 auctoritate
1413 5245 1568 5300 posse
1610 5229 1788 5284 omnia
1819 5227 1899 5282 fa-

315 5353 459 5402 cere,
492 5347 692 5404 eosque
721 5329 904 5386 fallere
929 5344 992 5384 ac
1012 5326 1283 5398 decipere.
1313 5325 1442 5379 Nam
1463 5340 1582 5393 quae
1609 5333 1793 5394 aperte
1823 5321 1902 5377 fe-

317 5431 388 5483 cit
421 5443 525 5482 non
557 5425 677 5480 ideo
703 5423 826 5479 fecit
852 5430 1119 5490 tamquam
1159 5433 1262 5472 non
1299 5423 1482 5487 posset
1501 5415 1778 5484 decipere;
1809 5430 1901 5469 nc-

315 5536 422 5591 que
447 5535 566 5574 cum
595 5515 823 5586 decepit,
846 5514 898 5568 id
921 5513 1040 5567 ideo
1062 5510 1202 5574 fecit,
1222 5506 1363 5578 quod
1390 5523 1494 5560 non
1519 5514 1696 5575 posset
1718 5516 1903 5573 aperte

317 5625 540 5682 capere,
566 5608 660 5664 sed
686 5607 740 5662 in
769 5615 992 5674 utraque
1017 5611 1165 5672 parte
1203 5614 1355 5654 suam
1381 5597 1668 5654 OSteudens
1712 5607 1901 5666 poten-

379 5760 450 5824 (α)
477 5761 624 5811 Juxta
647 5772 798 5824 quem
827 5757 1029 5824 sithaec
1057 5755 1228 5816 lectio,
1256 5761 1306 5808 ut
1339 5753 1614 5808 dominetur
1645 5751 1744 5806 diei
1769 5753 1894 5817 (im-

315 5818 503 5884 κρὰτὲῐν
534 5829 617 5880 τῆς
649 5818 868 5884 ἧμέρας),
892 5818 1190 5884 ignoramus.

1315 351 1676 409 EXPOSI'HO
1707 351 1770 407 IN
1811 349 2128 406 PSALMUM
2169 351 2424 408 CXXXV.

3459 356 3563 413 603

1983 465 2130 520 tiam.
2158 467 2286 522 Nam
2314 468 2454 540 quod
2484 469 2584 523 hoc
2613 483 2822 540 quoque
2847 486 3097 542 magnum
3133 479 3332 528 metum
3367 476 3560 530 attule-

1980 556 2100 611 lerit
2127 560 2438 628 alienigenis
2469 601 2480 623 ,
2509 560 2628 614 audi
2656 560 2781 630 quid
2821 572 3002 630 postea
3033 563 3214 618 dicant
3249 575 3401 620 vates
3426 565 3561 620 Azo-

1980 651 2173 705 tiorum
2196 669 2209 704 :
2239 651 2339 708 llic
2364 663 2436 705 est
2461 652 2595 706 Deus
2617 655 2845 720 acerbus,
2873 655 2960 725 qui
2983 657 3226 726 percussit
3250 655 3561 728 Egyptian,

1977 754 2026 798 et
2063 745 2266 814 quando
2303 745 2462 799 illusit
2494 747 2596 811 eis,
2635 756 2754 799 tunc
2780 747 2916 816 ipsos
2943 747 3114 802 eduxit
3138 749 3216 819 (ι.
3241 748 3363 821 Reg.
3399 749 3451 804 6.
3483 749 3560 819 6).

1983 836 2144 891 Vides
2175 851 2268 891 eos
2293 847 2512 907 pr0pter
2539 837 2637 891 hoc
2662 839 2832 906 ipsum
2857 840 3272 894 eontremiscere
3293 882 3308 905 ,
3343 851 3566 910 propter

1982 931 2198 993 furtum,
2227 943 2446 1001 propter
2477 931 2737 999 fraudem,
2768 932 2907 1001 quod
2942 948 3035 988 eos
3063 934 3406 990 interfecerit.

2053 1024 2214 1078 Maris
2247 1023 2402 1078 Rubri
2422 1025 2710 1080 divisiones.
2745 1024 3112 1095 ngyptiorum
3141 1027 3431 1083 obstinatio.
3465 1028 3564 1082 Mi-

1979 1118 2156 1171 racula
2199 1134 2318 1171 rara
2365 1126 2503 1172 sunt.
2532 1148 2603 1158 —
2643 1119 2732 1174 15.
2776 1119 2873 1183 Qui
2923 1119 3089 1173 divisit
3142 1137 3282 1174 mare
3336 1120 3567 1174 Rubrum

1980 1211 2031 1261 in
2063 1210 2361 1265 divisiones.
2397 1211 2586 1274 Alius,
2650 1210 2717 1265 In
2776 1212 3038 1267 sectiones.
3111 1213 3290 1277 Alius,
3347 1211 3416 1267 In
3473 1230 3570 1267 se—

1979 1315 2199 1373 gmenta.
2265 1305 2515 1360 Nonnulli
2576 1307 2717 1361 enim
2777 1307 2959 1362 dicunt
3012 1324 3118 1362 non
3180 1308 3342 1363 fuisse
3405 1325 3565 1364 ttnam

1978 1396 2141 1462 viam,
2166 1395 2258 1450 sed
2284 1412 2378 1465 pro
2406 1412 2630 1452 numero
2660 1398 2890 1453 tribuum
2922 1399 3083 1454 fuisse
3109 1415 3298 1470 aquam
3321 1401 3564 1466 scissam,

1981 1497 2037 1540 ut
2065 1488 2246 1541 multa:
2271 1497 2451 1543 essent
2498 1491 2859 1557 trajectiones.
2885 1491 3010 1545 llaec
3040 1501 3215 1546 autem
3247 1493 3424 1546 omnia
3466 1494 3566 1548 etsi

1981 1595 2224 1648 magnam
2283 1580 2635 1636 ostendebant
2679 1582 3014 1651 potentiam,
3048 1583 3448 1653 terribilemque
3515 1591 3570 1638 et

1981 1687 2229 1742 magnum
2258 1687 2378 1726 eum
2403 1687 2522 1728 esse
2547 1673 2872 1739 indicabant,
2903 1675 3122 1727 multam
3147 1684 3324 1730 tamen
3353 1691 3567 1745 quoque

1985 1765 2035 1817 in
2063 1779 2123 1818 se
2154 1764 2416 1818 habebant
2444 1765 2844 1834 benignitatem,
2879 1782 2981 1819 non
3023 1766 3196 1820 solum
3219 1768 3268 1820 in
3298 1783 3391 1820 eos
3436 1783 3571 1835 quo-

1983 1872 2098 1909 rum
2134 1857 2299 1926 gratia
2331 1872 2391 1910 ea
2433 1855 2648 1924 fiebant,
2681 1857 2773 1912 sed
2816 1857 2860 1911 si
2908 1859 3201 1912 voluissent
3251 1859 3567 1926 attendere,

1983 1949 2142 2001 etiam
2175 1947 2225 2000 in
2261 1947 2632 2012 adversarios;
2663 1965 2768 2002 non
2815 1949 2958 2003 enim
3000 1965 3094 2004 eos
3137 1961 3336 2005 temere
3381 1960 3435 2006 et
3476 1967 3571 2005 ne-

1983 2038 2270 2108 quidquam
2305 2040 2435 2094 mari
2465 2039 2642 2093 obruit
2663 2081 2676 2101 ,
2705 2039 2798 2094 scd
2825 2039 2967 2109 quod
2995 2048 3112 2109 post
3141 2048 3217 2095 tot
3246 2040 3380 2095 facta
3411 2041 3572 2095 mira-

1983 2131 2103 2186 cula
2136 2131 2397 2186 adversus
2426 2147 2590 2201 aquas
2619 2131 2796 2186 adlnte
2837 2146 2988 2186 suam
3018 2132 3364 2187 ostenderent
3403 2133 3570 2187 auda-

1982 2223 2142 2278 ciam.
2199 2222 2492 2294 Oportebat
2542 2233 2718 2278 autem
2774 2238 2867 2279 eos
2917 2222 3125 2278 etiamsi
3187 2234 3366 2279 essent
3410 2239 3572 2295 supra

1983 2331 2169 2370 omnes
2198 2316 2442 2370 homines
2474 2317 2620 2371 nullo
2645 2332 2806 2371 sensu
2835 2317 3038 2386 praediti
3061 2358 3076 2380 ,
3105 2332 3229 2372 cum
3257 2318 3572 2388 preceden-

1985 2409 2073 2474 tia,
2110 2408 2412 2480 pnesentia,
2443 2419 2492 2462 et
2522 2425 2640 2474 qua:
2677 2418 2828 2463 erant
2864 2425 2973 2478 pra:
3021 2409 3191 2464 oculis
3233 2410 3572 2465 consideras-

1984 2513 2122 2565 sent,
2157 2501 2273 2572 ejus
2321 2501 2612 2570 potentiam
2663 2501 2845 2556 mirari
2887 2509 2942 2554 et
2983 2501 3207 2556 adorare
3235 2543 3251 2568 ,
3297 2509 3459 2571 atque
3503 2501 3571 2555 ab

1985 2593 2283 2665 importuna
2324 2594 2666 2648 contentione
2695 2607 2925 2648 cessare.
2957 2592 3035 2647 Illi
3068 2604 3243 2646 autem
3276 2608 3396 2648 cum
3429 2593 3574 2648 vidc-

1985 2695 2105 2742 rent
2128 2686 2433 2741 universam
2456 2697 2756 2740 creaturam
2785 2701 2880 2755 pro
2902 2687 3018 2753 ejus
3047 2685 3269 2741 arbitrio
3291 2687 3483 2740 tnutari
3510 2701 3574 2741 ac

1989 2779 2393 2845 transformari,
2425 2788 2480 2835 et
2506 2795 2625 2834 cum
2657 2781 2734 2834 eis
2763 2779 3080 2850 belligerare
3101 2819 3117 2846 ,
3139 2793 3210 2834 ne
3247 2779 3326 2833 sic
3351 2777 3568 2846 quidem

1986 2890 2013 2928 a
2048 2873 2230 2930 furore
2261 2873 2604 2937 destiterunt,
2633 2872 2726 2927 sed
2776 2874 2934 2927 etiam
2983 2887 3106 2927 cum
3149 2871 3395 2928 viderent
3444 2870 3574 2926 illud

1988 2967 2302 3022 miraculum
2343 2967 2361 2997 ί
2416 2965 2558 3034 quod
2601 2981 2812 3021 omnem
2875 2965 3164 3035 superabat
3226 2965 3570 3034 Opinionem,

1987 3058 2160 3113 aliena
2196 3058 2286 3112 illa
2315 3066 2370 3112 et
2413 3071 2548 3111 nova
2579 3056 2662 3110 via
2711 3055 2917 3126 ingredi
2961 3055 3078 3110 ausi
3125 3065 3268 3110 sunt.
3313 3055 3573 3122 Quocirca

1988 3164 2136 3204 mare
2178 3149 2282 3204 illis
2325 3150 2627 3217 sepulcrum
2659 3147 2910 3202 efficitur.
2942 3147 3057 3202 Non
3103 3146 3245 3204 enim
3287 3154 3403 3201 erat
3436 3161 3574 3217 opus

1991 3253 2195 3298 natura:
2225 3241 2368 3313 quod
2393 3242 2582 3308 fiebat,
2611 3241 2704 3297 sed
2734 3242 2900 3312 plagae
2925 3240 3180 3296 divinitus
3207 3241 3458 3296 immissa:
3482 3258 3498 3296 :
3521 3249 3576 3295 et

1989 3335 2109 3391 ideo
2142 3337 2288 3390 brevi
2330 3343 2604 3389 momento
2656 3334 2909 3404 temporis
2940 3333 3140 3389 flebant
3182 3332 3446 3388 contraria
3477 3350 3490 3386 :
3523 3341 3576 3388 et

1991 3442 2097 3480 non
2123 3425 2465 3482 scindebatur
2495 3434 2696 3479 tantum
2727 3427 2778 3479 in
2807 3441 2964 3480 unam
2991 3436 3216 3496 partem,
3240 3425 3332 3479 sed
3353 3439 3450 3495 pro
3472 3441 3575 3478 nn-

1989 3533 2138 3573 mero
2167 3519 2404 3572 omnium
2451 3517 2702 3572 tribuum.
2737 3516 2790 3571 In
2838 3531 3158 3586 unoquoque.
3201 3524 3378 3570 autem
3423 3516 3576 3585 signo

1991 3610 2233 3666 meminit
2254 3609 2637 3664 misericordiae
2668 3625 2681 3660 :
2714 3609 2816 3664 hoc
2843 3609 2985 3662 enim
3020 3608 3128 3662 Deo
3156 3608 3400 3662 maxima:
3433 3622 3577 3662 curm

1992 3711 2127 3765 erat,
2158 3699 2590 3771 quandoquidem
2632 3714 2727 3768 per
2755 3699 3021 3752 elementa
3055 3698 3254 3752 fiebant
3295 3696 3574 3762 miracula,

1991 3810 2059 3848 ne
2076 3808 2192 3864 qua:
2221 3791 2436 3857 fiebant,
2453 3791 2892 3846 existimarentur
2915 3805 3034 3844 esse
3059 3789 3287 3857 alicujus
3317 3787 3576 3843 naturalis

1993 3886 2197 3941 ordinis
2227 3900 2429 3949 rerutn,
2464 3883 2556 3938 sed
2586 3882 2801 3951 superni
2827 3883 3030 3948 auxilii,
3060 3881 3201 3952 quod
3228 3896 3439 3936 omnem
3464 3881 3581 3949 opi-

1993 3981 2205 4035 nionem
2251 3977 2554 4046 superantia
2593 3976 2758 4031 efficit
2796 3975 3071 4030 miracula.
3104 3973 3256 4042 Quod
3302 3974 3463 4028 etiam
3525 3972 3579 4026 in

1997 4073 2129 4127 tnari
2170 4072 2361 4126 accidit
2390 4089 2402 4122 :
2436 4071 2593 4139 idque
2621 4077 2806 4139 aperte
2831 4075 3104 4123 ostensum
3135 4076 3216 4122 est
3241 4081 3303 4122 ex
3331 4081 3415 4131 eo,
3438 4064 3580 4134 quod

1997 4175 2118 4237 post
2145 4165 2268 4219 illud
2298 4179 2402 4218 non
2428 4161 2655 4232 amplius
2695 4160 2890 4216 factum
2917 4161 2986 4213 sit
3018 4177 3031 4214 :
3064 4173 3183 4228 qnte
3220 4168 3394 4213 autem
3421 4167 3581 4212 natu-

1998 4259 2183 4314 raliter
2210 4258 2342 4311 fiunt
2363 4298 2377 4319 ,
2407 4265 2532 4310 sunt
2555 4253 2870 4324 frequentia,
2895 4261 2949 4307 et
2968 4261 3116 4306 certo
3138 4261 3380 4320 tempore
3407 4249 3583 4303 solent

2000 4353 2134 4409 ﬁeri.
2166 4353 2248 4408 M.
2288 4351 2353 4405 Et
2394 4351 2564 4404 eduxit
2603 4347 2768 4403 Israel
2806 4363 2894 4418 per
2927 4346 3146 4400 medium
3171 4345 3280 4415 ejus
3304 4359 3323 4398 :
3346 4341 3583 4414 quoniam

1998 4451 2051 4505 in
2079 4449 2320 4504 saxulum
2347 4444 2692 4500 misericordia
2717 4444 2846 4512 ejus.

2071 4544 2123 4598 5.
2151 4540 2311 4596 Vides
2335 4537 2603 4608 quomodo
2625 4537 2675 4590 in
2701 4549 3021 4604 unoquoque.
3037 4548 3192 4588 versu
3219 4532 3338 4601 jure
3365 4529 3585 4597 subjun-

2000 4637 2076 4707 git
2103 4633 2254 4699 illud,
2305 4632 2372 4687 In
2415 4631 2655 4686 sceculum
2704 4628 3050 4683 misericordia
3102 4627 3251 4698 ejus?
3297 4625 3421 4679 llaec
3439 4626 3583 4678 enim

2001 4730 2178 4786 omnia
2201 4727 2491 4783 ostendunt
2537 4731 2849 4795 perpetuam
2879 4720 2994 4790 ejus
3023 4718 3433 4789 providentiam.
3465 4716 3585 4770 Etsi

2003 4821 2144 4879 enim
2167 4836 2285 4892 qua:
2329 4819 2461 4873 facta
2491 4826 2613 4871 sunt
2659 4815 2818 4868 finem
2867 4819 3142 4882 ceperunt,
3191 4823 3375 4865 eorum
3407 4817 3586 4862 tamen

2005 4915 2278 4971 memor-ire
2322 4913 2662 4982 praebuerunt
2689 4907 2920 4978 posteris
2968 4919 3214 4974 magnam
3265 4916 3448 4956 ansam
3493 4900 3587 4956 Dei

2004 5008 2337 5081 cognitionis.
2392 5005 2446 5059 ln
2501 5002 2813 5057 memoriam
2856 4999 2996 5053 enim
3023 4995 3269 5052 mandata
3314 5003 3369 5050 et
3413 5002 3588 5046 trans-

2007 5105 2166 5157 missa
2197 5101 2260 5155 ad
2295 5110 2552 5170 posteros,
2587 5093 2921 5151 deducebant
2968 5090 3031 5145 ad
3075 5103 3318 5158 magnam
3351 5084 3591 5156 philoso-

2008 5196 2205 5267 phiam.
2229 5193 2563 5259 Quamquam
2585 5185 2783 5256 alioqui
2800 5198 2908 5240 non
2927 5181 3056 5236 illud
3072 5179 3242 5233 solum
3262 5175 3460 5231 factum
3479 5184 3581 5241 est,

2007 5265 2058 5343 et
2086 5286 2177 5341 Dei
2200 5289 2429 5339 cessavit
2449 5279 2686 5343 curatio;
2722 5291 2894 5346 neque
2935 5275 2985 5327 in
3019 5272 3175 5327 rebus
3213 5268 3384 5325 solum
3414 5265 3584 5335 Egy-

2009 5378 2194 5450 ptiacis
2232 5373 2466 5430 substitit
2507 5370 2622 5441 ejus
2653 5367 2950 5436 benignitas
2975 5407 2990 5431 ,
3031 5363 3124 5420 sed
3173 5357 3588 5429 unumquodque

2009 5447 2219 5538 tempus
2240 5463 2401 5520 habet
2425 5461 2600 5531 ampla
2628 5471 2682 5515 ot
2708 5459 2814 5513 late
2842 5456 3031 5513 diffusa
3061 5454 3176 5522 ejus
3216 5447 3532 5505 inonarrabil
3557 5457 3590 5502 3

2009 5557 2348 5630 benignitatis
2374 5554 2586 5608 indicia.
2619 5553 2747 5619 Quae
2774 5548 2988 5619 quidem
3025 5545 3113 5600 ille
3140 5541 3432 5604 admirans,
3452 5553 3557 5590 ειμι

2009 5656 2111 5710 due
2141 5649 2411 5720 subjungit
2436 5644 2584 5710 illud,
2623 5643 2874 5709 Quoniam
2904 5640 2956 5694 in
2985 5635 3222 5694 accentum
3237 5631 3600 5689 misericordia

2079 5811 2093 5840 ¹
2134 5807 2238 5869 Alii,
2267 5803 2389 5856 illud
2410 5800 2748 5867 spectaculum,
2774 5811 2869 5849 non
2893 5797 3038 5848 male.
