4070 6340
535 287 637 349 ωδ
1305 281 1363 336 S.
1409 281 1685 336 JOANNIS
1722 277 2196 335 CllliYSOSTOMl
2235 279 2548 336 .-\RClllEP.
2586 283 3120 342 CONSTANTINOP.

529 402 655 470 ejus.
687 398 850 453 Recte
873 406 1052 452 autem
1081 396 1276 466 adjecit
1317 396 1445 450 illud
1469 439 1482 456 .
1515 395 1580 449 Et
1611 397 1782 449 eduxit
1816 393 1980 448 Israel
2022 409 2111 461 per

527 492 748 545 medium
777 493 886 562 ejus
914 505 932 543 :
962 505 1083 543 nam
1112 487 1214 544 hoc
1241 503 1452 559 quoque
1473 497 1556 542 est
1582 487 1674 543 Dei
1705 487 1970 558 potentiae.
1994 484 2110 539 Non

3689 292 3784 349 τοι

2225 401 2336 457 lloe
2361 405 2500 459 enim
2531 406 2795 476 signiﬁcat
2823 421 3080 478 perpetuo
3094 409 3278 465 dicens
3304 452 3318 474 ,
3347 410 3675 479 Quouiamin
3703 432 3794 468 ste-

2219 495 2388 548 culum
2418 498 2758 552 misericordia
2805 502 2934 566 ejus.
2958 502 3048 556 21.
3101 499 3169 555 Et
3211 502 3347 556 dedit
3395 513 3580 557 terram
3629 521 3794 560 eorum

526 583 821 639 Sufﬁciebat
851 585 996 639 enim
1019 583 1254 647 efﬁcere,
1283 591 1340 635 ut
1366 595 1516 636 mare
1545 582 1926 645 retrocederet,
1954 587 2009 632 et
2033 577 2113 630 fa-

527 677 685 731 cilem
735 677 814 732 eis
860 676 1138 730 transitum
1185 672 1450 742 prtuberet
1477 689 1491 724 :
1519 669 1764 725 namhoc
1794 671 1964 739 ipsum
2013 683 2109 724 eos

527 769 696 838 magis
739 766 1135 836 stupeﬁat-isset,
1162 766 1460 827 terruisset,
1489 774 1542 818 et
1570 763 1769 818 audere
1809 763 2108 831 prohibuis-

527 872 628 924 set,
654 859 792 929 quod
821 859 1058 913 omnium
1079 865 1356 926 superaret
1382 855 1711 924 opinionem,
1751 853 1994 907 timorem
2025 853 2108 906 in-

523 952 729 1004 cutiens
750 965 764 1015 ;
788 951 880 1004 sed
913 951 999 1004 Dei
1029 949 1124 1003 fuit
1151 949 1420 1016 potentiae,
1451 955 1730 1016 postquam
1761 959 1907 999 mare
1933 953 2105 999 retro.

521 1043 788 1106 Cessisset,
811 1043 1130 1096 eisanimum
1158 1041 1373 1101 addere,
1391 1048 1445 1092 et
1470 1038 1809 1108 persuadere,
1838 1045 1893 1090 ut
1911 1051 2101 1089 novam

519 1134 667 1189 illam
693 1135 834 1188 viam
860 1143 913 1188 et
941 1133 1169 1187 alienam
1193 1134 1209 1164 ⁸
1243 1131 1668 1202 ingrederentur.
1714 1129 1847 1183 Nam
1897 1144 2018 1183 cum
2048 1129 2100 1182 in

519 1237 742 1298 utraque
763 1228 1002 1281 sectione
1029 1227 1081 1279 in
1109 1225 1391 1279 sublimem
1417 1222 1669 1277 verticem
1701 1228 1896 1276 erceta:
1920 1229 2101 1274 essent

516 1334 690 1388 aquae,
725 1334 986 1389 generoso
1024 1328 1078 1374 et
1117 1319 1332 1373 excelso
1356 1319 1535 1371 animo
1555 1331 1689 1384 opus
1735 1323 1872 1379 erat,
1906 1323 1962 1368 ut
1991 1331 2097 1368 non

514 1412 764 1465 timerent
792 1413 1058 1477 traiicere,
1091 1427 1190 1467 nec
1233 1411 1631 1479 suspicarentur
1659 1409 1824 1462 maria
1860 1408 1925 1461 ad
1953 1423 2098 1462 sum-

513 1519 661 1558 mum
686 1507 939 1559 verticem
963 1504 1212 1570 utrinque
1239 1503 1444 1557 sublata
1475 1516 1596 1555 esse
1625 1515 1718 1554 eos
1743 1501 2010 1560 invasura,
2043 1508 2096 1554 et

512 1596 820 1650 universum
849 1596 1142 1650 exercitum
1162 1595 1457 1648 obruitura.
1495 1594 1580 1647 l5.
1612 1592 1677 1646 Et
1705 1592 1920 1645 excussit
1948 1592 2093 1644 Pha-
2128 1630 2132 1634 ς

509 1706 712 1743 raonem
729 1699 774 1741 et
801 1691 1031 1743 virtutem
1054 1690 1162 1759 ejus
1190 1690 1243 1742 in
1270 1688 1400 1741 mari
1419 1686 1594 1740 Rubro
1651 1687 1844 1740 Volcns
1886 1687 2092 1755 signiﬁ-

508 1795 632 1836 care
654 1779 963 1835 facilitatem
983 1781 1101 1849 ejus
1146 1779 1499 1834 demersionis
1519 1821 1534 1844 ,
1584 1777 1682 1832 hac
1707 1777 1940 1834 dictione
1968 1792 2092 1832 usus

507 1883 609 1927 est.
638 1873 718 1927 Tu
743 1882 921 1928 autem
945 1873 1223 1927 considera
1251 1871 1520 1944 quomodo
1536 1888 1658 1926 cum
1683 1874 1919 1942 potentia
1937 1881 1990 1928 et
2013 1875 2088 1927 ira

508 1966 817 2033 patientiam
840 1982 1053 2036 quoque
1088 1966 1419 2025 OStenderit;
1455 1976 1511 2020 ut
1553 1967 1641 2035 qui
1671 1981 1767 2022 eos
1806 1982 1912 2021 non
1940 1968 2089 2036 prius

505 2057 572 2112 de
593 2060 772 2113 medio
793 2059 1089 2124 sustulerit,
1135 2059 1260 2113 licet
1288 2058 1423 2113 adeo
1456 2058 1789 2128 impudentes
1828 2071 2005 2114 essent
2035 2068 2090 2114 et

503 2151 844 2216 eontentiosi,
883 2167 1041 2220 quam
1093 2151 1191 2220 ipsi
1228 2149 1472 2204 iubentes
1499 2158 1555 2203 et
1596 2150 1838 2206 volentes
1882 2151 2086 2219 scipsos

503 2245 917 2313 pra-cipitarent.
969 2244 1084 2298 Non
1128 2244 1223 2298 abs
1253 2259 1312 2298 re
1361 2252 1538 2297 autem
1577 2245 1842 2298 exercitus
1877 2259 2084 2313 quoque

502 2337 717 2404 punitur
749 2355 762 2390 :
790 2337 884 2390 sed
913 2337 1158 2404 quoniam
1191 2336 1405 2391 fuerunt
1432 2346 1771 2404 peccatorum
1802 2337 2084 2404 participes

500 2437 554 2479 et
578 2428 1021 2498 persequutionis,
1044 2441 1166 2483 sunt
1195 2429 1354 2484 etiam
1381 2443 1552 2499 paena:
1573 2439 1628 2483 et
1645 2430 1883 2498 Supplicii
1916 2431 2081 2497 parti-

498 2520 662 2586 eipes.

578 2609 950 2665 Providentiam
979 2611 1072 2665 Dei
1093 2613 1144 2665 in
1173 2611 1435 2666 lsraelitas
1460 2611 1649 2666 exaltat
1675 2613 1736 2666 ab
1751 2614 1886 2667 exitu
1910 2612 2081 2684 /Egy-

498 2702 588 2769 pti,
621 2703 687 2753 ad
739 2703 1114 2769 occupationem
1158 2713 1304 2756 terra:
1329 2702 1592 2757 Chanaan.
1624 2703 1796 2757 —i6.
1846 2703 1947 2770 Qui
1975 2715 2080 2756 tra-

497 2796 640 2847 duxit
688 2797 932 2865 populum
977 2813 1122 2850 suum
1171 2813 1261 2866 per
1305 2797 1602 2850 desertum:
1645 2798 1884 2868 quoniam
1905 2799 1956 2851 iu
1984 2815 2079 2852 sa:-

495 2889 665 2942 culum
715 2889 1060 2942 misericordia
1099 2889 1228 2953 eius.
1284 2888 1396 2942 lloc
1426 2904 1528 2942 non
1569 2897 1652 2942 est
1694 2889 1871 2943 minus
1916 2906 2072 2959 quam

499 2993 593 3046 per
617 2994 764 3032 mare
812 2979 1123 3046 perducere.
1166 2979 1276 3034 Etsi
1304 2979 1442 3033 enim
1481 2979 1696 3034 suberat
1743 2989 1880 3036 terra
1911 2982 2071 3046 sicca,

495 3085 613 3138 qua:
633 3080 804 3123 castra
839 3071 1104 3124 sustinere
1129 3079 1367 3138 poterat,
1395 3082 1548 3124 erant
1576 3081 1750 3126 tamen
1780 3072 1944 3126 multa
1970 3074 2071 3126 alia

493 3175 611 3227 quae
628 3161 706 3214 eis
726 3160 1015 3214 atl‘crehant
1037 3162 1352 3216 molestiam.
1377 3161 1874 3218 Sufﬁcicbantenim
1896 3167 2070 3218 omnia

492 3250 556 3301 ad
588 3265 679 3304 eos
700 3251 1114 3317 consumendos,
1147 3260 1200 3306 et
1244 3252 1400 3306 morti
1447 3253 1830 3308 crudelissimae
1859 3255 2072 3310 traden-

493 3345 606 3409 dos,
640 3347 826 3412 fames,
861 3350 1091 3418 squalor,
1126 3351 1263 3412 sitis,
1295 3349 1474 3404 radius
1503 3365 1660 3418 quam
1688 3366 1784 3419 par
1811 3361 1954 3405 esset
1982 3367 2071 3405 ca-

493 3441 646 3494 lidior
671 3442 972 3506 imminens,
998 3443 1225 3497 ferarum
1250 3442 1547 3505 multitudo,
1576 3453 1629 3498 et
1646 3447 2070 3500 necessariorum

491 3532 725 3584 Olllllillm
757 3535 993 3598 penuria.
1021 3532 1137 3587 Scis
1162 3544 1340 3588 autem
1386 3544 1515 3603 quot
1553 3535 1710 3589 rebus
1741 3536 1900 3591 homo
1934 3537 2072 3591 indi-

489 3632 594 3690 get.
618 3621 724 3676 Illis
753 3633 928 3679 tamen
965 3624 1211 3678 omnibus
1257 3625 1458 3689 nudati,
1489 3634 1541 3678 et
1579 3640 1682 3679 non
1723 3635 1919 3681 tectum
1970 3628 2068 3682 ha-

490 3713 696 3778 bentes,
731 3729 835 3767 non
889 3714 1161 3780 alimenta,
1213 3730 1318 3768 non
1370 3714 1676 3770 indumenta
1726 3717 2065 3775 sufﬁcientia.

490 3817 595 3855 non
647 3804 1025 3864 calceamenta,
1053 3821 1156 3859 non
1195 3805 1392 3875 aliquid
1438 3807 1581 3860 aliud
1625 3808 1906 3877 ejusmodi,
1937 3820 2068 3863 tam-

488 3909 646 3962 quam
670 3896 718 3946 in
749 3896 936 3949 mediis
965 3896 1183 3950 urbibus
1208 3898 1432 3951 choreas
1455 3905 1692 3966 agentes,
1739 3900 1808 3952 ita
1835 3914 1928 3969 per
1952 3915 2067 3954 om-

489 4001 610 4039 nem
656 3986 798 4040 illam
854 3988 1191 4043 solitudinem
1229 3989 1561 4044 incedebant.
1614 3989 1694 4044 Tu
1723 4000 1898 4044 autem
1935 3992 2065 4046 mihi

487 4078 790 4143 Considera,
815 4090 942 4148 quot
971 4080 1225 4133 miracula
1256 4081 1514 4149 praeteriit
1533 4097 1651 4151 quae
1681 4082 1732 4136 in
1779 4082 2065 4137 solitudine

487 4169 622 4222 facta
651 4178 793 4231 sunt,
827 4180 880 4223 et
906 4179 1032 4230 uuot
1065 4187 1323 4226 annorum
1352 4173 1864 4229 administrationem
1896 4174 2068 4230 :duo-

487 4275 603 4313 rum
635 4270 810 4314 autem
844 4271 1044 4315 tantum
1070 4263 1443 4317 miraculorum
1471 4264 1742 4332 meminit,
1773 4281 1892 4335 quae
1921 4266 2062 4320 circa

488 4351 608 4405 illos
646 4367 797 4421 reges
826 4351 961 4408 facta
1011 4363 1156 4408 sunt.
1211 4355 1424 4410 Mittens
1473 4357 1615 4411 enim
1661 4357 1729 4412 de
1781 4359 1873 4414 illa
1925 4374 2062 4413 nova

486 4457 668 4495 mensa
694 4442 893 4508 dicere,
926 4445 1157 4499 detecto
1206 4447 1527 4512 admirabili,
1560 4447 1628 4502 de
1671 4447 1915 4517 lampade
1942 4465 2062 4518 qua:

487 4547 771 4600 tnnnqnam
805 4549 907 4585 non
935 4537 1198 4603 apparuit,
1228 4536 1294 4590 de
1326 4538 1551 4591 vestium
1597 4539 1966 4607 perpetuita:e,
1995 4540 2062 4595 de

483 4626 676 4679 calceis
702 4633 788 4694 qui
824 4643 926 4680 non
957 4629 1384 4693 conterebantur,
1413 4630 1478 4684 de
1501 4629 1733 4686 fontibus
1757 4631 1844 4702 qui
1876 4647 2058 4685 mana-

484 4725 610 4769 runt
637 4731 668 4770 e
699 4718 937 4786 rupibus,
986 4719 1131 4772 etde
1178 4719 1296 4774 aliis
1349 4721 1501 4775 novis
1544 4729 1599 4774 et
1635 4721 2057 4791 admirabilibus,

487 4823 580 4878 per
609 4823 726 4878 quae
756 4810 856 4864 iter
882 4810 986 4864 illis
1014 4810 1166 4866 facile
1193 4813 1416 4882 paravit,
1436 4813 1663 4868 duorum
1687 4815 1856 4869 solum
1875 4818 2062 4870 memi-

485 4901 582 4966 nit,
612 4902 879 4970 quomodo
900 4919 1050 4973 reges
1077 4904 1421 4960 barbarorum
1450 4907 1682 4968 sustulit,
1715 4916 1769 4962 et
1793 4909 2060 4979 quomodo

488 5002 745 5060 tropazum
771 4995 960 5061 ercsil,
987 5007 1038 5048 et
1066 4996 1342 5051 victoriam
1362 4997 1438 5051 eis
1459 4998 1677 5068 largitus
1692 5009 1791 5064 est,
1830 5001 2057 5055 auditori

484 5085 682 5153 reliqua
709 5096 957 5140 accurate
983 5087 1276 5158 colligenda
1295 5089 1600 5156 relinquens
1631 5107 1643 5142 :
1672 5098 1725 5145 et
1751 5091 1870 5146 ideo
1897 5092 2055 5148 dicit:

486 5177 572 5229 Π.
605 5175 702 5240 Qui
738 5178 979 5245 percussit
1022 5196 1159 5248 reges
1210 5195 1434 5250 magnos.
1466 5179 1551 5233 18.
1587 5179 1653 5232 Et
1702 5183 1882 5235 occidit
1918 5200 2058 5253 rcges

483 5267 656 5334 fortes.
684 5266 769 5320 19.
801 5268 936 5322 Seon
960 5285 1122 5336 regem
1151 5270 1575 5323 Amorrha'orum.
1597 5271 1682 5326 20.
1702 5270 1770 5325 Et
1794 5273 1872 5344 Og
1891 5290 2055 5342 regem

485 5357 676 5412 Busan.
726 5360 792 5415 Et
829 5361 1111 5430 unicuique
1161 5377 1341 5416 eorum
1388 5361 1676 5433 subjungit,
1701 5364 1962 5430 Quoniam
2003 5368 2056 5419 in

481 5450 722 5504 siccatum
741 5451 1081 5506 misericordia
1109 5454 1236 5520 eius,
1255 5455 1561 5520 ostendens,
1589 5457 1794 5511 etiamsi
1816 5456 2054 5512 hostibus

485 5542 666 5597 hostes
695 5543 1069 5613 succederent,
1096 5545 1296 5599 nullum
1345 5555 1522 5603 tamen
1570 5563 1664 5604 eos
1699 5549 1907 5603 vicisse.
1939 5548 2052 5616 Qua

471 5631 538 5687 de
561 5631 653 5688 re?
673 5635 938 5700 Quoniam
959 5634 1078 5703 ejus
1099 5634 1432 5705 benignitate
1461 5637 1780 5694 fruebantur
1801 5638 2044 5696 assidue.

530 5738 649 5797 Alii,
683 5743 726 5789 et
750 5751 842 5788 non
865 5735 1030 5788 tritam
1049 5743 1096 5790 et
1117 5739 1342 5790 alienam.

2217 583 2558 640 hereditatem.
2585 587 2675 642 22.
2710 588 3053 645 Hereditatem
3089 590 3258 646 Israel
3284 607 3424 646 servo
3443 610 3557 646 suo.
3596 595 3788 665 Duplex

2213 685 2296 730 est
2325 675 2664 743 beneﬁcium,
2706 688 2761 734 et
2803 682 2985 736 hostes
3032 683 3270 746 vincere,
3301 691 3356 736 et
3399 683 3608 738 illorum
3659 685 3786 742 bona

2211 767 2451 835 adipisci.
2479 769 2592 824 Hoc
2619 772 2764 825 enim
2789 782 2905 826 erat
2932 790 3139 844 magna:
3184 775 3458 844 potentiaz,
3493 791 3600 830 non
3624 777 3782 834 solum

2209 860 2404 926 ejicere
2429 877 2522 915 eos
2543 863 2632 931 qui
2656 862 2984 928 habitabant,
3009 866 3102 920 sed
3119 868 3287 921 etiam
3330 881 3488 937 posse
3533 884 3788 939 occupare

2207 960 2261 1005 et
2279 953 2512 1008 retinere
2539 955 2770 1010 alienam
2801 959 3092 1027 regionem.

2278 1041 2596 1099 Ilumilitatis
2616 1047 2708 1099 vis.
2728 1078 2800 1086 —
2821 1048 3022 1104 Deinde
3045 1053 3145 1105 hoc
3166 1067 3350 1106 rursus
3369 1053 3602 1121 apertius
3621 1061 3787 1108 osten-

2204 1133 2353 1198 dens,
2375 1151 2469 1189 eos
2498 1152 2602 1190 non
2633 1153 2697 1192 ex
2727 1139 2931 1193 meritis
2960 1140 3120 1195 fuisse
3149 1140 3338 1195 horum
3369 1153 3663 1211 compotes,
3695 1143 3782 1197 sed

2202 1239 2265 1278 ex
2312 1225 2400 1279 Dci
2448 1227 2720 1294 bonitate,
2763 1229 3039 1296 subjunxit
3074 1250 3087 1284 :
3129 1231 3219 1285 25.
3253 1233 3385 1298 Quia
3413 1233 3464 1285 in
3507 1233 3784 1288 humilitate

2201 1328 2374 1371 nostra
2405 1335 2594 1373 memor
2623 1322 2719 1392 fuit
2749 1324 2906 1375 nostri
2939 1322 3185 1378 Dominus
3214 1340 3233 1378 :
3261 1324 3565 1395 signiﬁcans
3595 1343 3700 1381 non
3730 1329 3780 1382 in

2201 1421 2342 1464 recte
2375 1409 2526 1465 factis
2550 1452 2564 1475 ,
2598 1427 2703 1466 non
2745 1412 2796 1467 in
2829 1415 3182 1483 prosperitate
3205 1458 3220 1482 ,
3263 1416 3358 1471 sed
3401 1417 3453 1470 in
3486 1416 3780 1474 humilitate

2199 1511 2375 1553 nostra
2405 1501 2539 1557 bene
2568 1512 2742 1557 actum
2775 1521 2914 1559 esse.
2944 1506 3096 1573 Quod
3123 1517 3296 1562 autem
3323 1508 3483 1574 dicit,
3523 1518 3606 1564 est
3633 1510 3778 1578 ejus-

2197 1593 2336 1646 modi
2369 1612 2380 1646 :
2407 1594 2548 1650 Satis
2573 1597 2668 1649 fuit
2688 1599 2962 1652 calamitas
2987 1606 3041 1654 et
3060 1615 3294 1654 aerumna
3317 1610 3494 1655 nostra
3515 1602 3581 1656 ad
3605 1601 3773 1671 ipsum

2196 1683 2533 1740 ﬂectendum.
2559 1687 2690 1744 Nam
2721 1697 2777 1743 et
2801 1690 2868 1744 ab
2894 1690 3064 1755 initio,
3090 1691 3303 1762 quando
3328 1707 3422 1748 eos
3446 1693 3683 1748 liberavit
3709 1693 3775 1749 ab

2199 1775 2422 1847 {Egypto
2444 1820 2460 1844 ,
2495 1795 2598 1834 non
2641 1780 2810 1849 dixit,
2842 1782 3038 1837 V'idens
3082 1784 3188 1838 vidi
3219 1786 3561 1842 mutationem
3589 1801 3770 1841 eorum

2194 1866 2245 1920 in
2279 1869 2468 1922 melius
2499 1887 2511 1921 :
2546 1870 2675 1935 sed,
2715 1870 2900 1926 Videas
2925 1873 3026 1927 vidi
3049 1875 3364 1945 aﬂlictionem
3397 1878 3572 1947 populi
3599 1879 3695 1930 mei
3719 1879 3772 1930 in

2191 1960 2423 2030 [Egyplo
2455 1961 2474 2030 (
2494 1960 2663 2016 Exod.
2697 1964 2751 2018 5.
2781 1965 2868 2033 7).
2907 1965 2999 2020 24.
3027 1966 3095 2019 Et
3120 1967 3326 2022 redemit
3353 1986 3444 2023 nos
3467 1969 3529 2022 ab
3557 1971 3770 2025 inimicis

2190 2053 2394 2106 nostris.
2429 2053 2503 2108 Nc
2531 2055 2777 2124 paulatim
2809 2065 3088 2114 enunieret
3116 2058 3286 2124 bella,
3326 2061 3664 2130 irruptiones,
3693 2065 3769 2116 vi-

2188 2145 2406 2211 ctorias,
2434 2154 2655 2216 tropaea,
2678 2163 2798 2202 cum
2825 2163 3012 2203 rursus
3037 2166 3141 2206 uno
3158 2152 3321 2207 verbo
3347 2161 3490 2208 recte
3511 2153 3764 2208 factormn

2187 2237 2378 2291 seriem
2409 2248 2550 2294 esset
2576 2250 2947 2309 persequutus,
2968 2251 3022 2297 et
3046 2258 3166 2312 quze
3193 2243 3242 2296 in
3264 2243 3477 2298 Judzcos
3497 2245 3763 2316 sigillatim

2187 2329 2321 2384 facta
2361 2341 2485 2386 sunt
2530 2335 2989 2402 praetermisisset,
3035 2336 3100 2390 ad
3137 2337 3440 2406 generalem
3480 2337 3597 2406 ejus
3624 2340 3767 2392 venit

2184 2422 2569 2491 providentiam
2587 2465 2602 2490 ,
2634 2424 2816 2479 dicens
2843 2444 2857 2480 :
2886 2426 2976 2479 25.
3007 2426 3107 2490 Qui
3133 2427 3222 2480 dat
3246 2443 3408 2481 escam
3435 2429 3567 2482 omni
3603 2431 3760 2483 carui.

2183 2514 2332 2567 Alius
2351 2554 2366 2579 ,
2413 2513 2514 2579 Qui
2555 2515 2643 2568 dat
2685 2533 2887 2585 panem.
2918 2517 3069 2571 Alius
3089 2559 3104 2580 ,
3137 2517 3278 2573 Dans
3315 2505 3494 2589 panem
3519 2518 3616 2592 (a).
3645 2521 3760 2575 Non

2180 2619 2305 2674 ergo
2331 2613 2521 2671 terras,
2550 2622 2649 2662 nec
2685 2622 2856 2677 aqua,
2893 2623 2990 2662 nec
3025 2609 3185 2675 aeris,
3228 2625 3327 2665 nec
3366 2610 3512 2677 solis,
3540 2628 3640 2668 nec
3664 2614 3760 2666 ali-

2180 2699 2334 2764 cujus
2362 2699 2582 2754 alterius
2622 2711 2745 2755 sunt
2781 2701 3158 2770 productiones
3184 2703 3447 2758 fructuum
3469 2744 3484 2770 ,
3521 2706 3616 2761 sed
3641 2708 3761 2774 ejus

2178 2800 2259 2843 est
2300 2792 2625 2846 universum.
2666 2792 2798 2847 Vide
2841 2803 3016 2847 autem
3058 2793 3144 2848 hic
3184 2810 3394 2866 quoque
3436 2811 3540 2851 non
3587 2799 3756 2852 solum

2177 2883 2491 2949 potentiam,
2519 2884 2611 2938 sed
2643 2885 3020 2954 benignitatem
3051 2885 3212 2941 etiam
3241 2885 3583 2943 ineffabilem.
3605 2889 3756 2958 Quod

2175 2973 2316 3027 enim
2339 2973 2470 3028 dicit
2487 2974 2753 3040 Chrisms,
2779 2977 2950 3031 Solem
2975 2995 3121 3032 suum
3138 2978 3261 3033 oriri
3283 2980 3405 3050 facit
3427 2997 3580 3050 super
3603 2980 3757 3036 bonos

2175 3073 2220 3118 et
2248 3067 2443 3132 malos,
2471 3075 2518 3121 et
2551 3068 2678 3137 pluit
2716 3084 2868 3139 super
2895 3071 3065 3140 justas
3107 3080 3154 3124 et
3189 3071 3405 3144 injustas
3435 3071 3661 3140 (Matth.
3700 3075 3754 3128 5.

2174 3157 2282 3227 45)
2317 3177 2330 3213 :
2359 3159 2462 3213 hoc
2501 3159 2617 3229 ipse
2644 3175 2855 3230 quoque
2893 3162 2980 3214 hic
3017 3160 3364 3232 signiﬁcavit,
3395 3161 3579 3216 dicens
3611 3179 3624 3214 :
3654 3163 3756 3228 Qui

2173 3249 2262 3302 dat
2291 3266 2455 3304 escam
2482 3251 2621 3304 omni
2647 3253 2788 3305 carni
2806 3293 2820 3316 ,
2853 3251 2957 3307 hoc
2985 3261 3066 3307 est
3088 3295 3104 3320 ,
3144 3269 3248 3307 non
3275 3253 3431 3322 justis
3457 3253 3624 3308 solum
3654 3270 3757 3310 nec

2175 3344 2238 3396 iis
2265 3345 2351 3413 qui
2394 3359 2453 3399 se
2494 3352 2638 3398 recte
2664 3353 2889 3414 gerunt,
2917 3345 3010 3399 sed
3042 3345 3404 3414 peccatoribus
3425 3385 3442 3412 ,
3472 3354 3526 3399 et
3554 3346 3750 3416 impiis,

2173 3445 2226 3490 et
2254 3437 2400 3491 omni
2432 3437 2675 3491 humana:
2716 3447 2959 3491 naturaet
2990 3437 3131 3506 quod
3169 3439 3326 3492 etiam
3354 3439 3588 3494 maxime
3618 3455 3756 3509 ρι’ίιι-

2170 3528 2312 3583 dirat
2337 3529 2452 3598 ejus
2481 3528 2799 3582 dominium.
2829 3527 3018 3582 Vidisti
3051 3528 3316 3582 Psalmum
3359 3528 3479 3585 ideo
3522 3533 3754 3587 maxime

2171 3639 2293 3678 esse
2315 3624 2688 3693 compositum,
2714 3631 2772 3674 ut
2791 3635 2890 3674 nos
2913 3620 3139 3676 deducat
3158 3621 3222 3675 ad
3250 3622 3338 3676 Dei
3365 3621 3752 3693 cognitionem?

2175 3717 2240 3768 Et
2272 3715 2394 3769 ideo
2422 3716 2473 3768 in
2519 3713 2777 3783 principio
2806 3714 3000 3782 incepit
3025 3729 3054 3768 a
3087 3713 3458 3784 generalibus,
3501 3723 3556 3770 et
3594 3716 3646 3770 in
3673 3718 3751 3770 eis

2170 3807 2327 3861 desiit
2353 3823 2365 3858 :
2399 3805 2642 3874 superius
2670 3803 2882 3874 quidem
2910 3804 3094 3858 dicens
3124 3805 3291 3860 solem
3323 3815 3377 3859 et
3407 3806 3616 3874 lunam,
3649 3807 3751 3860 ful—

2170 3918 2296 3971 gura
2327 3908 2379 3955 et
2409 3899 2633 3968 pluvias,
2661 3914 2780 3968 qua:
2810 3913 2916 3952 non
2945 3897 3078 3951 ﬁunt
3103 3897 3274 3952 solum
3300 3898 3352 3954 in
3384 3908 3535 3968 parte
3563 3899 3744 3967 orbis;

2172 3993 2222 4045 in
2255 3992 2357 4045 ﬁne
2396 3997 2572 4044 autem
2615 3989 2866 4044 desinens
2902 3990 2953 4043 in
2997 3989 3266 4043 communi
3306 3991 3543 4043 omnium
3583 3991 3751 4044 nutri-

2169 4091 2368 4136 mento.
2392 4079 2589 4134 Deinde
2609 4088 2886 4150 postquam
2909 4094 2972 4132 ex
2995 4079 3076 4133 eis
3096 4078 3427 4134 conﬁrmavit
3445 4083 3748 4149 generalem

2169 4172 2555 4244 providentiam
2581 4211 2597 4238 ,
2639 4169 2909 4239 subjunxit
2941 4186 2954 4220 :
2994 4169 3083 4223 26.
3125 4167 3445 4237 Con/itemini
3472 4167 3580 4222 Deo
3613 4170 3744 4234 creti,

2169 4264 2407 4335 quoniam
2437 4265 2490 4317 in
2528 4261 2770 4317 steculum
2812 4260 3156 4314 misericordia
3194 4261 3323 4330 ejus.
3359 4259 3438 4314 Ex
3484 4259 3566 4314 his
3604 4263 3748 4316 enim

2171 4355 2298 4409 illud
2327 4371 2539 4425 quoque
2579 4353 2778 4407 clarum
2810 4360 2890 4407 est
2930 4352 3100 4421 ipsum
3128 4366 3246 4406 esse
3277 4350 3603 4406 infernorum
3632 4366 3748 4406 om-

2171 4448 2314 4501 nium
2355 4456 2411 4502 et
2449 4459 2802 4516 supernorum
2850 4443 3165 4506 Dominum,
3205 4443 3426 4512 ejusque
3471 4458 3652 4497 curam
3693 4452 3751 4498 et

2169 4538 2555 4609 providentiam
2583 4535 2776 4604 ubique
2795 4533 3040 4587 diffusam
3064 4547 3200 4587 esse.
3227 4533 3330 4587 Pro
3355 4533 3600 4589 omnibus
3620 4549 3751 4603 ergo

2170 4632 2240 4684 illi
2272 4631 2558 4684 oﬁeramus
2593 4627 2880 4698 gratiarum
2906 4625 3201 4690 actionem,
3235 4638 3329 4693 pro
3353 4626 3747 4691 communibus,

2171 4737 2266 4792 pro
2293 4721 2511 4791 privatis
2531 4761 2544 4783 ,
2576 4733 2671 4789 pro
2699 4718 2933 4771 bonitate
2955 4757 2971 4783 ,
3005 4731 3100 4785 pro
3139 4716 3459 4785 benignitate
3481 4756 3498 4782 ,
3533 4732 3626 4785 pro
3659 4734 3751 4786 po—

2171 4815 2366 4880 tentia,
2394 4827 2490 4882 pro
2517 4811 2822 4873 curatione,
2850 4818 2904 4863 et
2937 4810 3036 4863 hoc
3061 4807 3270 4862 assidue
3297 4807 3570 4871 faciamus,
3612 4809 3752 4863 sicut

2168 4907 2327 4960 etiam
2361 4903 2513 4974 jubet
2541 4900 2976 4972 psalmographus
2995 4938 3014 4965 ,
3041 4899 3225 4952 dicens
3253 4916 3263 4950 :
3295 4897 3612 4967 Conﬁtemini
3640 4897 3750 4950 Do-

2169 4997 2325 5062 mino,
2347 4995 2581 5065 quoniam
2603 4993 2781 5058 bonus,
2805 4991 3040 5061 quoniam
3063 4990 3116 5042 in
3138 4989 3380 5043 saeculum
3407 4989 3749 5042 misericordia

2170 5091 2296 5157 ejus.
2353 5088 2465 5141 Hoc
2507 5097 2588 5141 est
2630 5086 2773 5140 enim
2820 5083 3176 5148 sacriﬁcium,
3215 5081 3319 5136 hoc
3363 5082 3601 5148 oblatio,
3645 5081 3748 5137 hoc

2172 5182 2339 5249 ipsum
2359 5179 2513 5232 nobis
2533 5177 2705 5232 reddit
2725 5176 2955 5230 maxime
2981 5175 3286 5244 propitium,
3305 5184 3359 5228 et
3380 5171 3504 5227 facit
3524 5181 3580 5227 ut
3607 5172 3752 5226 frua.

2171 5287 2292 5327 mur
2318 5271 2458 5325 illius
2494 5271 2858 5325 benevolentia
2892 5287 2904 5322 :
2937 5283 3093 5338 quam
3136 5267 3292 5321 detur
3321 5267 3475 5322 nobis
3503 5266 3749 5321 omnibus

2171 5363 2423 5433 assequi,
2463 5364 2630 5432 gratia
2681 5373 2736 5416 et
2782 5361 3103 5430 benignitate
3147 5359 3360 5414 Domini
3410 5359 3579 5414 nostri
3621 5357 3748 5412 Jesn

2159 5456 2396 5522 Christi,
2430 5457 2520 5509 cui
2554 5455 2726 5527 gloria
2763 5461 2818 5508 et
2852 5453 3139 5522 imperium
3176 5452 3231 5506 in
3271 5450 3471 5506 saecula
3510 5447 3739 5505 saeculo-

2161 5571 2304 5609 rum.
2345 5553 2538 5607 Amen.

2219 5673 2291 5733 (ιι)
2327 5675 2450 5720 Prior
2473 5670 2618 5736 lectio
2643 5675 2720 5717 est
2752 5665 2966 5736 Aquilre,
2996 5663 3149 5736 altera
3193 5663 3475 5736 Symmachi,
3603 5665 3732 5736 quod

2156 5726 2360 5783 duor'tun
2389 5735 2640 5794 Rogiot‘uttt
2664 5739 2750 5778 Mss
2790 5726 3074 5777 auctoritate
3119 5726 3347 5775 ﬁrmatur.
3377 5727 3491 5774 Vide
3522 5726 3732 5787 ltexapls

2161 5803 2338 5846 nostra.
