4070 6340
365 332 468 387 405

788 562 854 618 IN
892 561 1213 618 PSALMUM
1250 557 1531 625 CXXXVI.

368 679 420 732 1.
461 677 630 748 Super
657 677 870 746 [lumina
899 674 1172 745 Babylonis
1197 673 1304 727 illic
1333 673 1553 727 sedimus
1572 714 1588 736 ,
1619 680 1666 726 et
1693 671 1938 739 flet-imus,

803 767 919 818 dum
949 766 1326 820 recordaremur
1352 765 1500 820 Sion.

443 923 492 974 1.
537 919 778 988 Magnum
820 928 901 972 est
939 916 1022 972 his
1047 916 1175 971 viris
1203 930 1312 971 sua:
1349 915 1576 971 civitatis
1603 915 1944 982 desiderium,

368 1027 557 1081 magna
597 1009 798 1065 reditus
825 1009 1103 1076 cupiditas.
1135 1007 1398 1073 Quamdiu
1426 1006 1568 1061 enim
1611 1007 1749 1060 bona
1782 1006 1946 1060 habe-

373 1103 496 1157 bant
528 1103 580 1156 in
606 1102 876 1165 manibus,
912 1100 1102 1169 probra
1130 1109 1184 1154 et
1207 1099 1428 1169 injurias
1456 1099 1650 1154 inferre
1677 1113 1782 1154 non
1807 1098 1947 1153 desi-

367 1198 579 1249 stebant
610 1212 622 1247 :
656 1195 751 1249 sed
780 1204 1056 1261 postquam
1085 1191 1154 1245 ab
1190 1191 1295 1246 illis
1337 1201 1461 1246 sunt
1488 1189 1750 1245 exturbati
1771 1231 1787 1256 ,
1821 1197 1947 1244 tunc

367 1300 550 1339 eorum
596 1284 861 1338 desiderio
904 1281 1075 1336 affecti
1117 1289 1241 1336 sunt
1282 1300 1295 1335 :
1341 1289 1621 1350 propterea
1664 1280 1806 1336 enim
1851 1295 1946 1334 eos

366 1376 586 1444 expulit,
617 1383 673 1428 ut
699 1376 956 1429 excitaret
995 1374 1046 1427 in
1087 1373 1152 1426 iis
1189 1372 1360 1441 majus
1386 1371 1732 1426 desiderium.
1762 1370 1816 1425 Id
1845 1387 1943 1424 au-

363 1474 471 1521 tem
500 1467 635 1520 solet
674 1479 816 1535 serpe
855 1465 994 1520 Deus
1025 1464 1215 1519 facere.
1247 1464 1469 1531 Quando
1509 1464 1652 1518 enim
1676 1506 1690 1529 ,
1723 1464 1847 1518 dum
1891 1467 1942 1518 in

365 1559 590 1613 summis
634 1573 819 1613 sumus
867 1557 1109 1625 deliciis,
1157 1567 1212 1612 et
1257 1557 1486 1611 maxima
1528 1557 1786 1611 bonorum
1828 1559 1944 1628 ejus

365 1651 656 1715 affluentia,
698 1665 804 1703 non
836 1649 1128 1712 sentimus,
1169 1659 1318 1703 curat
1355 1657 1413 1702 ut
1447 1649 1523 1702 eis
1549 1663 1844 1715 careamus,
1887 1659 1944 1704 ut

365 1741 662 1808 privatione
687 1755 868 1794 eorum
896 1739 1156 1807 castigati,
1184 1740 1261 1794 eis
1286 1754 1470 1794 rursus
1494 1739 1592 1794 frui
1621 1756 1938 1810 quazramus.

363 1831 469 1885 Sed
511 1845 738 1900 quanam
777 1830 843 1884 de
871 1845 1028 1884 causa
1065 1830 1322 1885 sedebant
1348 1831 1414 1884 ad
1455 1829 1714 1886 flumina?
1761 1831 1825 1887 Ut
1853 1833 1940 1900 qui

365 1930 545 1975 essent
581 1921 810 1991 captivi,
843 1930 896 1974 et
935 1922 1169 1989 regionis
1204 1920 1435 1976 hostium
1479 1921 1670 1975 finibus
1711 1923 1940 1976 circum-

363 2012 568 2080 scripti,
592 2019 746 2065 extra
771 2027 951 2065 muros
977 2021 1030 2066 et
1057 2013 1218 2066 urbes
1249 2012 1566 2066 habitarent.
1592 2012 1644 2065 2.
1675 2011 1742 2065 In
1767 2013 1940 2066 salici-

364 2102 454 2154 bus
482 2103 536 2154 in
565 2101 728 2154 medio
773 2102 882 2171 ejus
915 2103 1267 2171 suspendimus
1295 2119 1487 2173 organa
1528 2113 1720 2156 nostra.
1767 2103 1936 2168 Alius,

363 2192 595 2246 Citharas
617 2193 689 2262 (a)
714 2206 933 2247 nostras.
957 2193 1126 2261 Alius,
1151 2193 1330 2264 Lyras.
1356 2194 1420 2247 Et
1445 2209 1672 2263 quanam
1693 2195 1759 2249 de
1780 2209 1938 2251 causa

361 2285 595 2340 tulerunt
623 2301 818 2356 organa
849 2302 942 2340 sua
971 2302 1090 2341 cum
1130 2287 1182 2341 in
1217 2288 1574 2356 captivitatem
1604 2289 1935 2355 recederent,

360 2376 450 2444 qui
492 2376 571 2431 eis
611 2377 832 2430 miniu‘ie
874 2385 1029 2431 erant
1071 2378 1261 2432 usuri?
1299 2377 1412 2433 [loc
1455 2395 1666 2449 quoque
1711 2380 1879 2435 fuerat
1907 2396 1935 2435 a

361 2467 471 2520 Deo
500 2468 791 2536 provisum,
823 2476 880 2522 ut
903 2467 991 2522 vel
1026 2469 1077 2522 in
1111 2469 1283 2524 aliena
1304 2469 1524 2539 regione
1551 2469 1808 2526 haberent
1833 2487 1938 2527 mo-

360 2560 595 2612 nimenta
640 2559 834 2627 prioris
877 2560 1201 2628 reipublicze,
1250 2562 1524 2632 magisque
1565 2563 1937 2618 morderentur

357 2663 413 2706 et
435 2651 627 2721 :rgrius
653 2651 874 2720 ferrent,
907 2653 1032 2711 dum
1063 2653 1201 2706 illius
1231 2653 1502 2724 religionis
1541 2663 1596 2709 et
1635 2654 1727 2709 Dei
1763 2657 1934 2711 cultus

358 2742 448 2799 illa
472 2745 621 2813 signa
653 2745 911 2798 viderent.
943 2747 995 2801 '5.
1031 2744 1163 2811 Quia
1200 2747 1307 2800 illic
1348 2747 1779 2819 interrogaverunt
1820 2767 1931 2815 nos,

357 2837 443 2905 qui
470 2837 693 2906 captivos
722 2838 972 2890 durerunt
997 2855 1108 2903 nos,
1137 2839 1283 2893 verba
1309 2841 1636 2895 cantionum:
1666 2852 1711 2894 et
1735 2842 1822 2911 qui
1841 2842 1934 2894 ab-

357 2929 608 2981 duxerunt
631 2945 721 2982 nos
748 2947 765 2982 :
787 2927 1047 2998 Ilynmum
1073 2939 1272 2984 cantate
1290 2932 1431 2986 nobis
1465 2932 1526 2986 de
1552 2933 1756 2986 canticis
1783 2933 1930 2987 Sion.

356 3020 470 3074 Non
504 3037 688 3091 parum
715 3022 841 3076 hinc
876 3022 1294 3088 lucrifaciebant,
1326 3025 1468 3094 quod
1507 3025 1586 3079 eis
1624 3025 1834 3078 barbari
1863 3026 1934 3079 in-

355 3121 580 3175 starent,
609 3120 664 3166 et
688 3113 891 3166 cantica
929 3129 1115 3168 eorum
1138 3114 1322 3169 audire
1361 3125 1634 3184 cuperent.
1678 3116 1809 3171 Vide
1833 3133 1930 3172 au-

357 3213 460 3256 tem
488 3214 740 3270 quantum
781 3205 904 3259 hinc
935 3206 1317 3261 correctionem
1357 3218 1614 3273 ceperunt
1652 3225 1720 3264 ex
1759 3211 1931 3279 capti-

356 3298 535 3349 vitate.
564 3296 665 3360 Qui
688 3297 831 3350 enim
858 3297 1148 3352 insolentes
1175 3297 1296 3352 facti
1319 3299 1641 3365 defecerant,
1669 3311 1723 3356 et
1746 3316 1777 3356 a
1802 3303 1931 3357 reli-

352 3389 508 3456 gione
544 3403 637 3441 sua
665 3387 984 3454 resilicrant,
1027 3399 1080 3443 et
1102 3390 1272 3460 legem
1295 3391 1437 3444 omni
1474 3392 1680 3447 ratione
1718 3395 1932 3448 concul-

353 3486 624 3544 caveraut,
657 3493 715 3532 se
741 3479 792 3532 in
815 3479 982 3533 aliena
1011 3481 1226 3548 regione
1249 3489 1352 3534 tam
1373 3482 1604 3551 graviter
1628 3492 1928 3552 gesserunt,

355 3580 408 3623 ut
440 3571 524 3623 vel
553 3571 862 3640 urgentibus
887 3579 940 3626 et
965 3573 1286 3628 minantibus
1325 3573 1584 3640 barbaris,
1611 3586 1665 3631 ct
1700 3576 1931 3646 undique

354 3661 880 3729 vireumsistentibus,
929 3673 982 3718 et
1021 3665 1204 3720 audire
1231 3667 1593 3734 cupientibus,
1626 3684 1692 3722 ne
1719 3669 1797 3724 sic
1819 3671 1930 3738 qui-

367 3751 470 3805 lem
502 3769 685 3809 eorum
720 3754 985 3810 desiderio
1007 3757 1461 3826 gratificarentur,
1487 3760 1582 3815 sed
1607 3761 1775 3831 legem
1800 3777 1931 3832 pra:-

353 3847 570 3908 ierrertt,
595 3863 820 3917 eamque
839 3849 1120 3917 diligenter
1144 3861 1544 3906 conservarcnt.
1571 3853 1702 3906 Illud
1728 3863 1928 3918 autem,

353 3936 452 4003 Qui
469 3938 804 4004 abduxerunt,
834 3943 968 3994 alius
997 3942 1068 4014 (ὑ)
1095 3943 1250 4009 dixit,
1277 3942 1378 4007 Qui
1402 3954 1694 4014 arroganter
1718 3947 1929 4016 agebant

349 4041 525 4084 contra
553 4047 665 4097 nos,
710 4033 1093 4101 propemodum
1123 4033 1224 4088 hoc
1261 4035 1446 4089 dicens
1481 4051 1496 4088 :
1540 4035 1639 4103 Qui
1679 4047 1834 4091 antea
1874 4038 1927 4091 in

351 4138 447 4176 nos
479 4121 866 4176 invehebantur
890 4163 905 4186 ,
947 4134 1002 4177 et
1047 4124 1099 4176 in
1140 4139 1236 4178 nos
1282 4124 1656 4194 insurgebaut,
1690 4135 1928 4194 tempore

349 4213 482 4267 adeo
511 4214 678 4279 lenes,
725 4215 880 4269 mites
921 4224 975 4269 et
1012 4215 1277 4268 mansueti
1319 4215 1441 4270 facti
1468 4225 1612 4281 sunt,
1651 4227 1708 4270 ut
1734 4217 1930 4272 vellent

349 4303 506 4356 etiam
538 4312 716 4358 nostra
742 4303 928 4360 audire
952 4305 1177 4359 cantica.
1213 4305 1275 4358 lli
1305 4313 1477 4359 tamen
1506 4321 1611 4359 non
1648 4321 1929 4360 concesse-

350 4405 494 4448 runt.
540 4395 724 4450 Vidisti
767 4413 996 4465 quonam
1038 4397 1199 4452 modo
1246 4397 1420 4452 reddit
1464 4397 1629 4452 fortes
1669 4398 1926 4453 afflictio?

349 4485 612 4553 quomodo
657 4488 1047 4556 compunctos?
1091 4488 1358 4557 quomodo
1387 4499 1618 4543 mentem
1661 4490 1927 4546 conterit?

351 4577 570 4633 Flebant
611 4580 790 4646 enim,
820 4590 874 4634 et
917 4581 1084 4651 legem
1129 4582 1517 4647 observabant,
1564 4593 1618 4638 et
1646 4585 1732 4652 qui
1757 4625 1771 4644 ,
1804 4599 1923 4638 cum

350 4672 619 4739 prophetae
644 4671 1096 4742 Iacrymarentur,
1126 4674 1403 4738 ridebant,
1450 4675 1849 4730 ludificabantur
1871 4687 1927 4732 et

349 4764 740 4817 subsanuahant
786 4783 798 4818 :
845 4765 896 4818 hi
937 4781 1077 4820 nunc
1120 4767 1331 4820 nemine
1376 4783 1468 4822 eos
1509 4769 1832 4824 admonente
1856 4771 1924 4824 ad

349 4860 608 4926 lacrytnas
653 4859 1136 4924 convertebantur,
1180 4869 1234 4915 et
1278 4859 1491 4914 ﬂebant.
1540 4860 1618 4915 Ex
1657 4875 1723 4915 eo
1763 4861 1923 4916 etiam

349 4948 631 5015 plurimum
679 4949 942 5002 commodi
994 4951 1356 5019 percipiebant
1411 4951 1610 5006 hostes.
1664 4951 1925 5008 Videbant

348 5039 489 5092 enim
529 5053 622 5093 eos
654 5055 758 5092 non
790 5041 955 5108 premi
986 5041 1322 5108 captivitate,
1354 5057 1452 5097 nec
1489 5043 1794 5097 servitutem
1823 5044 1922 5099 de-

348 5135 496 5196 flere,
521 5147 618 5186 nec
640 5133 776 5202 quod
804 5134 853 5187 in
881 5134 1048 5188 aliena
1077 5135 1296 5204 regione
1320 5134 1637 5200 habitarent,
1666 5136 1759 5191 sed
1779 5137 1920 5207 quod

346 5241 372 5273 a
407 5237 503 5276 suo
534 5223 624 5277 Dei
667 5225 810 5278 cultu
855 5225 1193 5279 excidissent.
1239 5225 1307 5279 Et
1354 5225 1472 5279 ideo
1515 5226 1750 5296 adjecit:
1785 5227 1921 5281 Dum

345 5314 724 5367 reret-darentur
767 5316 915 5369 Sion.
961 5315 1140 5386 Neque
1183 5318 1323 5372 enim
1362 5318 1547 5373 leviter
1591 5327 1791 5374 tantum
1835 5320 1918 5373 lu-

344 5414 499 5472 gent,
533 5405 626 5458 sed
657 5406 816 5460 veluti
846 5407 1108 5476 quoddam
1140 5418 1447 5479 perpetuum
1479 5411 1687 5480 lugendi
1725 5427 1918 5468 munus

345 5505 561 5553 cveunt.
592 5495 850 5563 Quocirca
875 5499 1002 5554 dicit
1029 5500 1082 5554 in
1109 5500 1388 5572 principio,
1419 5502 1674 5570 Sedimus,
1704 5513 1750 5558 et
1776 5505 1916 5574 ﬂevi-

413 5749 485 5808 (a)
517 5743 640 5796 Vide
662 5747 892 5808 Hexapla.

414 5802 490 5875 (ὓ)
521 5811 632 5870 Quis
652 5813 716 5879 sit
737 5802 816 5863 hic
836 5812 1083 5875 interpres
1104 5813 1365 5876 ignoratur.

1387 342 1742 400 EXI‘OSITIO
1780 343 1845 398 IN
1886 343 2205 403 PSALIIUM
2247 349 2524 408 CXXXVI.

3519 368 3622 422 406

2057 488 2190 533 mus.
2218 476 2575 543 significantes
2603 497 2662 537 se
2689 487 2812 541 idco
2834 485 3140 543 consedisse
3167 495 3225 542 ut
3248 487 3451 545 cierent
3477 490 3631 546 fletus

2053 573 2108 621 et
2131 566 2376 634 ejulatus.
2407 568 2511 624 Sed
2551 585 2647 627 cur
2674 575 2753 630 eis
2781 591 2887 632 non
2929 579 3332 648 permittebatur
3357 595 3550 637 canere
3577 585 3630 637 in

2053 657 2226 712 aliena
2256 660 2438 714 terra?
2463 662 2720 728 Quoniam
2751 682 2856 722 non
2882 669 3163 739 oportebat
3197 685 3355 726 aures
3382 671 3630 740 profanas

2051 758 2238 817 audire
2282 759 2372 816 illa
2413 777 2632 818 arcana.
2661 765 2715 820 4.
2749 765 3014 833 Quomodo
3045 769 3356 824 cantabimus
3381 771 3628 826 canticum

2055 851 2257 906 Domini
2284 854 2496 908 interra
2522 857 2688 910 aliena
2711 857 2738 911 .9
2778 859 2890 914 Hoc
2917 867 3036 914 est:
3064 859 3180 914 Non
3207 861 3331 916 licet
3355 862 3511 918 nobis
3536 878 3630 918 ca-

2050 958 2197 997 nere.
2243 944 2360 1003 Etsi
2402 947 2543 1000 enim
2590 962 2620 1000 a
2665 948 2830 1015 patria
2873 949 3186 1018 excidimus,
3235 950 3407 1022 legem
3451 962 3627 1007 tamen

2049 1043 2306 1102 perpetuo
2340 1049 2614 1092 servamus
2632 1077 2646 1102 ,
2679 1038 2836 1107 idque
2864 1039 3291 1110 diligentissime.
3321 1042 3498 1110 Quare
3524 1043 3628 1097 etsi

2048 1124 2102 1178 in
2131 1141 2355 1196 corpora
2382 1129 2673 1184 dominium
2703 1131 2986 1186 obtineatis
3006 1173 3020 1198 ,
3050 1133 3284 1187 animum
3315 1141 3491 1188 tamen
3520 1150 3625 1190 non

2045 1216 2386 1284 superabitis.
2417 1217 2602 1273 Vidisti
2634 1220 2862 1275 animam
2889 1221 2958 1276 ab
2983 1221 3268 1279 afflictione
3308 1240 3426 1280 esse
3451 1225 3621 1280 dedu-

2046 1317 2184 1360 ctam
2215 1307 2280 1362 ad
2310 1310 2542 1364 studium
2574 1312 2847 1380 sapientia:
2869 1355 2885 1380 ,
2915 1315 3274 1385 terumnisque
3311 1326 3366 1370 et
3404 1317 3624 1371 calami-

2046 1399 2238 1452 tatibus
2266 1415 2385 1456 esse
2413 1404 2780 1471 superiorem?
2807 1407 2860 1460 5.
2887 1405 2946 1460 Si
2974 1408 3156 1460 oblitus
3186 1411 3329 1478 fuero
3358 1410 3450 1475 tui,
3473 1407 3625 1462 Jeru-

2041 1493 2220 1556 salem,
2249 1491 2487 1546 oblivioni
2517 1495 2660 1546 detur
2681 1496 2885 1548 dextera
2912 1513 3040 1550 mea.
3074 1499 3126 1551 6.
3153 1497 3419 1552 ΑάΙιιει·εαι
3447 1498 3625 1569 lingua

2044 1597 2154 1634 mea
2181 1583 2409 1650 faucibus
2438 1585 2579 1637 meis.
2613 1583 2746 1639 Vide
2787 1585 2871 1640 hic
2909 1601 3122 1656 quoque
3161 1602 3402 1658 magnam
3433 1587 3624 1642 factam

2044 1672 2410 1727 mutationem.
2464 1674 2564 1741 Qui
2617 1677 2757 1730 enim
2801 1677 3020 1746 singulis
3066 1679 3254 1732 diebus
3302 1678 3620 1742 audiebant,

2043 1759 2158 1816 fore
2187 1769 2243 1815 ut
2269 1777 2334 1816 ex
2365 1763 2574 1819 civitate
2603 1766 3102 1834 exterminarentur,
3132 1778 3185 1823 et
3209 1785 3312 1822 non
3342 1770 3618 1835 curabant,

2042 1867 2183 1906 nunc
2211 1853 2324 1907 dira
2353 1853 2454 1908 sibi
2487 1854 2880 1924 imprecantur,
2911 1858 2955 1911 si
2999 1858 3114 1927 ejus
3143 1862 3248 1912 sint
3277 1859 3450 1914 obllti.
3479 1861 3618 1927 Quid

2041 1951 2122 1994 est
2143 1950 2341 2006 autem,
2369 1942 2620 1997 Oblivioni
2646 1944 2794 1998 detur
2815 1947 3018 2000 dextera
3044 1965 3152 2001 mea
3173 1949 3199 2000 .9
3227 1948 3399 2016 Vires,
3429 1950 3617 2019 inquit,

2041 2045 2174 2084 mete
2217 2033 2321 2086 mei
2368 2033 2764 2102 obliviscantur,
2816 2046 2870 2090 et
2916 2049 3094 2091 mutus
3138 2038 3357 2092 evadam
3406 2052 3621 2110 prepter

2039 2123 2298 2176 malorum
2325 2125 2758 2193 magnitudinem,
2789 2127 2850 2181 Si
2877 2144 2977 2180 non
3005 2130 3274 2182 meminero
3303 2130 3376 2182 tui
3401 2146 3420 2184 :
3447 2131 3492 2184 si
3519 2147 3620 2185 non

2037 2231 2362 2284 prwposuero
2387 2216 2672 2272 Jerusalem
2699 2219 2825 2272 sicut
2853 2220 2870 2250 ¹
2899 2220 2950 2272 in
2980 2220 3227 2289 principio
3267 2220 3454 2275 laetitia:
3477 2238 3618 2276 meat.

2036 2305 2171 2372 Quid
2199 2315 2314 2374 est,
2349 2307 2410 2362 Si
2436 2325 2537 2361 non
2563 2325 2884 2378 prwposuero
2903 2309 3233 2365 Jerusalem?
3271 2311 3386 2365 Non
3417 2313 3616 2378 solum,

2036 2398 2225 2468 inquit,
2273 2400 2346 2453 tui
2386 2402 2680 2456 meminero
2705 2402 2757 2455 in
2785 2402 2938 2467 aliis,
2970 2403 3064 2457 sed
3110 2404 3268 2458 etiam
3309 2405 3360 2457 in
3407 2405 3618 2476 hymnis

2035 2499 2090 2544 et
2118 2490 2169 2544 in
2200 2490 2442 2545 canticis.
2477 2491 2605 2547 Illud
2645 2505 2822 2548 autem
2844 2536 2860 2560 ,
2890 2493 3255 2565 Prwposuero,
3285 2495 3389 2551 hoc
3411 2507 3523 2562 est,
3558 2497 3616 2552 In

2033 2581 2222 2636 cantici
2252 2582 2512 2651 procemio
2535 2598 2600 2638 ac
2625 2585 2878 2653 praeludio
2906 2601 3162 2655 posuero,
3191 2588 3468 2657 loquentes
3492 2603 3615 2644 ver-

2035 2673 2158 2727 bum
2188 2689 2393 2743 eorum,
2434 2675 2524 2744 qui
2569 2674 2723 2730 valde
2759 2676 3083 2741 desiderant,
3131 2678 3238 2732 imo
3261 2692 3389 2732 vero
3429 2693 3615 2734 eorum

2032 2765 2120 2834 qui
2169 2764 2287 2834 ejus
2331 2779 2524 2835 magno
2571 2780 2756 2820 amore
2807 2776 3053 2820 tenentur
3099 2776 3154 2823 et
3198 2768 3612 2823 inflammantur.

2031 2855 2321 2910 Audiamus
2350 2855 2464 2910 hanc
2491 2871 2699 2922 omnes,
2728 2867 2783 2911 et
2805 2856 3092 2912 discamus.
3123 2857 3332 2912 Etenim
3359 2858 3615 2927 quemad-

2033 2945 2249 3002 modum
2276 2946 2332 3001 hi
2359 2962 2483 3001 cum
2509 2947 2578 3002 ab
2618 2963 2681 3002 ea
2708 2947 3044 3012 exciderant,
3076 2957 3200 3002 tunc
3223 2957 3469 3018 quzerunt
3497 2966 3512 3005 :
3541 2949 3613 3004 ita

2031 3040 2192 3094 etiam
2218 3040 2398 3094 multis
2421 3055 2488 3097 ex
2513 3040 2665 3096 nobis
2691 3040 2922 3104 eveniet,
2950 3055 3070 3094 cum
3098 3041 3148 3094 iu
3177 3041 3269 3095 illo
3292 3041 3380 3096 die
3403 3057 3434 3095 a
3461 3041 3614 3097 Jeru—

2030 3131 2198 3185 salem
2241 3129 2441 3186 cadesti
2481 3129 2854 3186 esciderimus.
2886 3127 2992 3186 Sed
3032 3129 3087 3183 hi
3127 3131 3338 3200 quidem
3365 3145 3486 3186 cum
3517 3147 3613 3186 ex-

2030 3222 2308 3290 cidissent,
2337 3235 2487 3291 spem
2519 3221 2782 3277 habebant
2809 3222 3010 3278 reditus
3030 3264 3046 3289 ,
3075 3223 3229 3278 nobis
3257 3231 3434 3279 autem
3462 3225 3610 3279 exci-

2029 3314 2277 3370 dentibus
2319 3313 2463 3369 nulla
2509 3315 2709 3384 reliqua
2746 3329 2868 3384 spes
2908 3323 2991 3370 est
3032 3315 3374 3370 reversionis.
3420 3315 3610 3370 Vermis

2035 3411 2168 3461 enim
2203 3423 2374 3460 eorum
2402 3423 2503 3460 non
2531 3407 2800 3472 morietur,
2831 3407 3036 3476 inquit,
3068 3417 3115 3462 et
3155 3408 3285 3479 ignis
3315 3425 3486 3463 eorum
3511 3427 3612 3466 non

2030 3499 2370 3568 exstinguetur
2399 3496 2588 3568 (Marc.
2611 3496 2666 3552 9.
2688 3496 2799 3568 45).
2829 3495 2896 3551 Et
2925 3496 3044 3552 ideo
3068 3507 3278 3567 oportet
3301 3514 3400 3554 nos
3427 3509 3610 3554 nostra

2029 3588 2332 3658 diligentius
2360 3587 2669 3654 attendere,
2701 3598 2756 3642 et
2785 3587 2839 3641 in
2871 3591 3120 3658 prassenti
3151 3590 3255 3643 vita
3285 3591 3364 3644 sic
3388 3605 3486 3645 nos
3512 3605 3610 3661 ge-

2028 3697 2177 3746 rere,
2206 3689 2395 3736 utnon
2437 3681 2603 3735 simus
2629 3680 2844 3750 captivi,
2889 3696 2990 3735 nec
3028 3681 3185 3736 alieni
3222 3697 3286 3736 ac
3325 3683 3515 3738 remoti
3543 3685 3613 3736 ab

2029 3774 2117 3829 illa
2149 3773 2454 3844 metropoli.
2486 3775 2541 3828 7.
2564 3773 2761 3827 Memor
2789 3784 2911 3840 esto,
2938 3772 3172 3837 Domine,
3201 3774 3424 3843 ﬁliorum
3447 3771 3611 3826 Edoni

2028 3868 2083 3920 in
2108 3866 2190 3920 die
2213 3865 2496 3920 Jerusalem
2520 3881 2538 3918 :
2565 3866 2651 3934 qui
2677 3865 2886 3918 dicunt:
2915 3865 3188 3918 Exinanite
3205 3906 3220 3931 ,
3248 3866 3499 3919 eainauite
3523 3881 3610 3917 us-

2028 3972 2124 4027 que
2147 3955 2214 4010 atl
2242 3956 2572 4024 fundamenta
2596 3956 2724 4026 ejus.
2754 3955 2923 4019 Alius,
2949 3953 3099 4008 Filiis
3131 3953 3317 4008 Edam.
3344 3955 3457 4009 lloc
3481 3970 3612 4024 quo-

2029 4063 2134 4118 que
2173 4047 2394 4102 verbum
2435 4054 2520 4102 est
2561 4061 2746 4101 eorum
2775 4046 2865 4115 qui
2908 4046 3301 4099 inflammantur
3343 4046 3610 4101 desiderio

2028 4140 2277 4195 civitatis.
2323 4139 2436 4193 Hoc
2464 4147 2546 4192 est
2584 4149 2762 4192 autem
2792 4138 2930 4206 quod
2961 4139 3144 4191 diCttltl
3171 4156 3184 4191 :
3214 4138 3407 4192 Poenas
3435 4137 3505 4192 de
3532 4138 3610 4192 eis

2029 4245 2200 4294 sume,
2230 4230 2420 4300 quibus
2444 4244 2546 4282 non
2573 4228 2869 4282 sufficiebat
2888 4228 3026 4297 quod
3053 4237 3206 4296 capta
3233 4238 3376 4282 esset
3403 4228 3606 4292 civitas,

2030 4338 2130 4378 nec
2173 4322 2346 4376 satiati
2393 4330 2545 4375 erant
2585 4320 2702 4390 ejus
2740 4320 3043 4384 eversione,
3085 4319 3179 4375 sed
3226 4321 3512 4384 instabant,
3556 4331 3610 4375 et

2027 4413 2298 4480 dicebant,
2323 4412 2549 4468 Effodite
2568 4411 2818 4482 quamdiu
2841 4410 2999 4466 fuerit
3021 4411 3074 4466 in
3096 4426 3158 4466 ea
3183 4400 3607 4466 fundamentum.

2028 4503 2324 4574 Cupiehant
2361 4503 2502 4556 enim
2542 4517 2610 4557 ne
2648 4502 2803 4556 bases
2844 4501 3056 4570 quidem
3101 4517 3318 4557 manere
3358 4497 3605 4570 civitatis,

2030 4595 2124 4650 sed
2153 4594 2234 4648 vel
2281 4595 2392 4663 ipsa
2423 4595 2538 4663 ejus
2566 4593 2907 4648 fundamenta
2933 4593 3179 4648 convelli.

2097 4687 2153 4740 2.
2185 4685 2248 4740 lli
2279 4695 2455 4740 autem
2484 4693 2637 4740 erant
2662 4684 2884 4750 Arabes,
2906 4685 2994 4754 qui
3022 4699 3127 4738 una
3157 4699 3277 4739 cum
3304 4682 3610 4754 Babyloniis

2029 4779 2244 4834 Judaeos
2271 4778 2613 4832 invaserant:
2646 4791 2870 4845 quorum
2894 4775 3200 4845 frequenter
3223 4776 3466 4831 meminit
3487 4791 3610 4846 pro-

2031 4872 2210 4942 pheta,
2243 4880 2298 4925 et
2328 4884 2422 4924 eos
2447 4851 2602 4923 valde
2629 4866 2999 4936 reprehendit,
3040 4866 3182 4935 quod
3221 4883 3343 4921 eum
3375 4868 3608 4922 interce-

2027 4965 2179 5017 deret
2207 4962 2345 5015 inter
2372 4975 2468 5015 eos
2502 4959 2786 5028 cognatio,
2817 4958 3058 5011 hostibus
3097 4958 3246 5012 fuere
3282 4959 3603 5013 acerbiores.

2031 5056 2083 5109 8.
2113 5053 2250 5106 Filia
2275 5051 2548 5121 Babylonis
2589 5051 2790 5103 misera.
2822 5049 2998 5111 Alius,
3041 5047 3263 5102 Vastata.
3304 5050 3475 5115 Alius,
3509 5049 3602 5104 Di-

2027 5145 2276 5215 ripienda.
2311 5143 2407 5198 Hic
2434 5142 2722 5196 ostendens
2748 5141 2840 5195 Dei
2862 5142 3000 5195 vires
3026 5156 3131 5195 non
3153 5141 3206 5195 in
3239 5141 3551 5197 liberatione
3573 5157 3604 5195 a

2029 5239 2211 5301 malis,
2245 5237 2339 5291 sed
2378 5238 2430 5290 in
2458 5233 2710 5306 parandis
2734 5235 2799 5288 iis
2826 5233 3032 5289 insidiis
3060 5234 3150 5302 qui
3184 5234 3302 5289 illos
3331 5250 3604 5305 oppugna-

2029 5338 2186 5395 runt,
2233 5328 2471 5397 prredicit
2514 5327 2773 5396 propheta
2812 5327 2946 5380 mala
2989 5342 3108 5396 quae
3151 5335 3306 5381 erant
3348 5334 3605 5381 eventura

2028 5421 2306 5493 Babyloni,
2336 5411 2390 5474 et
2417 5427 2572 5472 vocat
2609 5433 2725 5472 eam
2771 5417 3020 5471 miseram
3049 5426 3265 5486 propter
3306 5418 3445 5472 mala
3482 5433 3602 5486 qua:

2028 5515 2168 5567 illam
2198 5521 2350 5565 erant
2381 5513 2625 5565 invasura
2657 5529 2669 5564 :
2702 5510 2755 5564 in
2786 5509 2886 5565 hoc
2909 5525 3118 5580 quoque
3145 5511 3342 5564 docens
3366 5509 3602 5574 Iudaeos,

2092 5698 2103 5725 ι
2143 5691 2276 5750 Illud,
2299 5691 2420 5741 sicut
2439 5726 2453 5746 ,
2477 5688 2715 5751 adjectum
2739 5686 2827 5751 fuit
2849 5701 2944 5751 non
2969 5686 3110 5735 modo
3130 5687 3177 5734 in
3201 5686 3430 5751 ω(κῶᾱὶ
3456 5688 3602 5739 etiam

2031 5755 2406 5808 inversionilms
2428 5749 3091 5813 sytninaclti,i’l‘beodotionis,
3129 5749 3311 5809 quintae
3335 5759 3387 5802 et
3408 5759 3565 5803 sexta:
3586 5764 3601 5802 ε

2034 5817 2083 5866 in
2098 5819 2186 5870 his"
2195 5818 2374 5880 quippe
2397 5810 2620 5865 omnibus
2642 5812 2814 5863 eadem
2835 5810 2980 5862 lectio
3002 5811 3307 5864 observatur.
