4070 6340
436 393 538 448 ιυτ

433 514 487 558 et
527 499 813 558 ostendens
861 499 953 555 Dei
997 497 1286 570 potentiam
1323 513 1444 553 esse
1481 511 1576 564 per
1617 504 1785 550 totum
1822 494 2006 548 orbein

434 603 590 649 terra:
611 601 930 663 porrectam.
954 588 1139 644 Beatus
1164 590 1249 660 qui
1270 589 1506 643 retribuet
1527 587 1613 641 tibi
1636 587 2006 641 retributionem

433 697 592 752 tuam,
625 702 774 756 quam
802 684 1076 739 retribuisti
1100 683 1262 737 nobis.
1293 682 1474 747 Alius,
1508 681 1673 746 Quam
1705 691 1822 732 ante
1848 678 2010 748 fecisti

433 779 575 832 nobis
600 775 696 850 (a).
733 777 789 833 9.
812 775 998 830 Beatus
1023 776 1108 845 qui
1133 774 1335 842 tenebit,
1364 783 1410 828 et
1435 771 1611 827 allidet
1638 771 1875 842 parvulos
1900 779 2010 824 tuos

433 871 504 922 ad
524 879 735 936 petram.

507 959 883 1028 Prophetarum
912 974 1040 1013 tuos.
1068 987 1141 998 —
1163 956 1289 1011 Haec
1318 954 1417 1010 etsi
1460 953 1534 1008 ira
1579 953 1729 1022 plena
1769 959 1894 1005 sunt
1919 964 2012 1004 ve-

435 1050 774 1122 hementique
797 1063 954 1118 pinna
973 1058 1027 1104 et
1049 1047 1309 1118 supplicio
1332 1064 1345 1100 :
1367 1055 1489 1101 sunt
1508 1054 1684 1099 tamen
1704 1043 1862 1099 verba
1887 1057 2012 1112 per-

442 1143 759 1198 turbationis
785 1141 948 1196 animi
989 1142 1348 1211 captivorum,
1379 1139 1466 1209 qui
1495 1152 1738 1208 magnam
1782 1136 2014 1206 aliquam

436 1247 672 1302 pmnam,
704 1240 758 1288 et
785 1230 1111 1288 horrendum
1143 1231 1443 1300 mirumque
1472 1228 1786 1298 supplicium
1818 1235 2007 1296 postn-

437 1325 569 1380 lant.
599 1323 879 1394 Propheta:
898 1323 1040 1379 enim
1067 1322 1234 1377 multa
1261 1337 1403 1391 saepe
1433 1321 1718 1392 loquuntur
1744 1333 1847 1373 non
1877 1327 2015 1372 tatu-

438 1433 596 1486 quam
626 1431 772 1483 suos,
804 1415 899 1470 sed
924 1416 1147 1470 aliorum
1171 1414 1394 1470 affectus
1416 1422 1716 1481 narrantes,
1741 1412 1867 1468 etin
1899 1426 2015 1465 nte-

438 1507 583 1562 dium
630 1506 934 1563 afferentes.
981 1506 1037 1562 Si
1080 1507 1222 1562 enim
1269 1507 1385 1575 ejus
1423 1504 1617 1576 qmeris
1663 1504 2014 1568 sententiam,

439 1601 623 1656 audies
651 1601 936 1667 dicentem,
967 1599 1030 1655 Si
1054 1599 1254 1654 reddidi
1297 1597 1684 1653 retribuentibus
1723 1597 1847 1650 milii
1882 1596 2018 1650 mala

442 1693 615 1762 (Psal.
645 1694 696 1748 7.
725 1694 805 1764 5'),
842 1700 899 1748 et
920 1693 1005 1748 vel
1034 1692 1274 1757 modum,
1309 1691 1400 1762 qui
1425 1707 1454 1744 a
1482 1691 1596 1760 lege
1629 1699 1744 1746 erat
1765 1691 1813 1744 ei
1841 1689 2018 1755 datus,

440 1793 798 1854 superantem.
854 1783 1076 1852 Quando
1131 1792 1310 1838 autem
1362 1791 1546 1838 narrat
1592 1780 2018 1852 perturbationes

441 1876 603 1931 animi
629 1876 875 1940 aliorum,
897 1873 1155 1931 describit
1177 1875 1308 1930 iram
1335 1883 1390 1929 et
1407 1874 1674 1929 dolorem:
1699 1873 1838 1943 quod
1858 1874 2016 1927 etiam

443 1982 585 2022 nunc
613 1965 757 2033 fecit,
788 1964 1092 2021 Iudaeorum
1130 1964 1474 2035 cupiditatem
1506 1965 1557 2018 in
1589 1962 1822 2018 medium
1853 1962 2020 2017 addu-

443 2070 592 2119 cens.
620 2071 846 2125 quorum
886 2057 964 2111 ira
991 2056 1072 2110 vel
1097 2054 1164 2110 ad
1195 2054 1431 2109 infantia:
1456 2049 1622 2124 nsqu'e
1662 2061 1872 2108 aetatem
1899 2068 2020 2123 pro-

443 2147 687 2203 cedebat.
726 2146 932 2202 Novum
958 2161 1064 2202 non
1105 2146 1177 2201 ita
1207 2159 1266 2201 se
1304 2144 1484 2212 habet,
1522 2145 1614 2200 sed
1652 2145 1894 2199 inimicos
1921 2160 2020 2200 no-

443 2247 587 2294 stros
610 2245 664 2293 et
692 2252 933 2306 pascere,
961 2246 1016 2292 et
1037 2236 1115 2293 eis
1140 2236 1317 2292 cibum
1344 2235 1471 2291 dare
1495 2235 1763 2306 jubemur,
1791 2246 1844 2292 et
1863 2250 2022 2291 orare

445 2344 543 2400 pro
566 2329 646 2383 eis
665 2328 756 2398 qui
780 2342 879 2383 nos
898 2326 1150 2383 aerumnis
1175 2326 1432 2382 afﬁciunt.
1455 2326 1567 2382 lioe
1594 2335 1770 2380 autem
1798 2325 2021 2381 facimus

446 2429 665 2490 propter
689 2418 858 2489 legem
885 2434 1005 2489 qua:
1030 2429 1113 2474 est
1137 2417 1292 2474 nobis
1315 2418 1624 2472 constituta.
1649 2417 1902 2485 Qumnam
1923 2424 2022 2471 'au-

447 2517 563 2566 tem‘
579 2526 644 2567 ea
686 2513 804 2566 est?
831 2508 950 2565 Nisi
993 2511 1357 2576 abundaverit,
1386 2509 1576 2582 inquit,
1611 2511 1814 2582 justitia
1859 2521 2023 2564 uestra

448 2605 564 2677 plus
589 2621 740 2675 quam
761 2605 1038 2659 scribarum
1062 2614 1108 2658 et
1130 2603 1539 2669 Pharisaeorum,
1570 2619 1672 2658 non
1697 2603 1947 2658 intrabitis
1970 2604 2024 2656 in

447 2713 658 2763 regnum
683 2696 924 2750 ctelorum
961 2695 1169 2768 (Matth.
1206 2697 1258 2751 5.
1293 2695 1407 2767 20).
1453 2695 1696 2766 Magnum
1741 2709 1869 2765 ergo
1910 2704 2022 2750 stu-

449 2786 592 2840 dium
615 2787 980 2854 adhibeamus,
1011 2795 1066 2842 et
1091 2795 1254 2841 totam
1281 2801 1398 2842 eam
1426 2787 1636 2841 abunde
1652 2787 2021 2853 observemus,

449 2886 508 2931 ut
532 2877 621 2946 qui
648 2876 900 2946 deinceps
926 2878 977 2931 in
1009 2885 1148 2932 terra
1175 2887 1440 2947 tamquam
1472 2879 1522 2932 in
1549 2878 1680 2932 cielo
1703 2877 2023 2944 habitemus,

449 2979 650 3024 etcum
677 2969 881 3039 angelis
901 2968 1094 3024 choros
1119 2968 1396 3024 ducamus.
1431 2969 1503 3024 lta
1534 2969 1673 3024 enim
1693 2969 1867 3024 futura
1894 2983 2030 3040 quo-

448 3079 552 3132 que
593 3062 730 3116 bona
774 3077 1202 3132 consequemur:
1234 3075 1352 3133 qua:
1389 3061 1544 3116 detur
1585 3061 1738 3117 nobis
1779 3061 2028 3116 omnibus

449 3154 693 3224 assequi,
737 3154 907 3223 gratia
936 3164 990 3208 et
1036 3152 1396 3208 misericordia
1441 3153 1652 3208 Domini
1695 3154 1862 3208 nostri
1900 3152 2029 3208 Jesu

449 3246 666 3314 Christi,
692 3247 776 3302 cui
801 3247 966 3317 gloria
988 3255 1042 3302 et
1066 3247 1344 3318 imperium
1374 3247 1427 3301 in
1455 3247 1652 3303 saecula
1683 3249 2025 3307 saeculorum.

450 3339 645 3392 Amen.

860 3426 926 3483 IN
964 3426 1286 3484 PSALMUM
1323 3427 1629 3484 CXXXVII.

599 3538 651 3593 1.
682 3537 966 3608 Conﬁtebor
985 3540 1090 3606 tibi,
1121 3539 1352 3607 Domine,
1375 3542 1429 3596 in
1459 3551 1560 3595 toto
1582 3542 1732 3596 corde
1751 3559 1880 3598 meo.

534 3673 581 3727 i.
613 3674 686 3728 De
735 3673 836 3729 hoc
874 3672 1013 3743 apud
1041 3688 1137 3729 vos
1175 3688 1318 3743 saepe
1365 3673 1613 3729 disserui.
1663 3674 1924 3742 Quocirca
1963 3689 2033 3731 eo

455 3765 820 3838 praetermisso
876 3767 1148 3821 veniemus
1190 3767 1255 3821 ad
1287 3767 1370 3833 id,
1401 3767 1540 3836 quod
1586 3777 1670 3823 est
1708 3769 2026 3838 proximum.

455 3856 588 3920 Quid
619 3856 717 3910 hoc
742 3857 840 3910 sibi
869 3858 1004 3925 vult,
1032 3857 1100 3912 Et
1128 3860 1182 3912 in
1206 3869 1470 3928 conspectu
1494 3861 1788 3930 angelorum
1814 3863 2032 3930 psallunt

454 3945 581 4016 tibi?
607 3946 756 4012 Quod
779 3947 993 4017 quidem
1023 3949 1157 4002 alius
1177 3949 1309 4002 dixit
1333 3950 1615 4017 interpres,
1647 3949 1838 4014 Libere,
1867 3949 2028 4018 Deus,

456 4054 637 4091 canam
659 4049 726 4092 te.
761 4039 930 4106 Alius,
964 4038 1030 4094 In
1057 4051 1326 4111 conspectu
1365 4040 1574 4095 deorum
1599 4042 1810 4096 cantabo
1841 4043 1946 4096 tibi.
1975 4044 2029 4099 Si

455 4145 585 4200 ergo
615 4131 758 4186 dicat
783 4132 1001 4201 angelos
1025 4133 1114 4202 qui
1143 4144 1266 4186 sunt
1295 4132 1347 4186 in
1375 4133 1550 4198 cadis,
1581 4145 1666 4188 est
1695 4134 1746 4189 id
1785 4135 1925 4205 quod
1954 4136 2033 4190 di-

455 4222 593 4275 citur
613 4222 872 4291 ejusmodi
899 4241 911 4276 :
939 4222 1187 4278 Conabor
1212 4239 1408 4279 canere
1433 4239 1554 4279 cum
1582 4227 1804 4295 angelis,
1827 4235 1882 4282 et
1909 4242 2031 4282 cum

458 4313 536 4367 eis
562 4313 888 4368 contendere
906 4354 923 4382 ,
950 4325 1004 4369 et
1026 4313 1250 4369 choreas
1275 4314 1470 4370 dueere
1505 4331 1626 4370 cum
1661 4317 1907 4386 supernis
1936 4333 2032 4388 po-

459 4405 762 4459 testatibus.
804 4405 916 4460 Etsi
944 4406 1086 4461 enim
1131 4416 1318 4461 natura
1351 4405 1811 4473 diﬁ‘eram,animi
1856 4419 2031 4466 tamen

457 4497 750 4561 alacritate,
777 4505 836 4550 ut
861 4511 983 4551 cum
1027 4496 1106 4552 eis
1143 4505 1288 4553 stare
1327 4499 1525 4569 possim
1547 4540 1562 4565 ,
1602 4501 1910 4556 deeertabo.
1941 4501 2034 4558 Sin

457 4596 634 4640 autem
667 4588 988 4656 accipiamus
1013 4587 1154 4659 quod
1187 4589 1386 4644 dictum
1415 4601 1497 4645 est
1519 4607 1584 4646 ex
1616 4592 1839 4647 aliorum
1868 4594 2036 4649 inter-

462 4681 778 4749 pretatione,
808 4680 1017 4736 videtur
1059 4681 1186 4736 mihi
1227 4682 1406 4738 dicere
1443 4683 1510 4739 de
1553 4685 1950 4749 sacerdotibus,
1984 4685 2035 4741 id

459 4769 600 4837 quod
626 4770 694 4824 de
719 4770 818 4824 diis
843 4770 1052 4826 dicitur.
1080 4774 1230 4828 Solet
1247 4776 1386 4828 enim
1412 4773 1682 4846 Scriptura
1703 4778 2032 4834 sacerdotem

461 4876 656 4915 vocare
689 4870 742 4915 et
769 4864 1017 4931 angelum
1049 4874 1102 4919 et
1128 4865 1287 4921 deum
1323 4884 1336 4920 :
1379 4883 1520 4922 nunc
1548 4870 1761 4937 quidem
1803 4871 1984 4926 dicens
2016 4890 2032 4927 :

465 4951 575 5005 Diis
601 4971 702 5006 non
727 4955 1014 5019 maledicos,
1043 4966 1090 5010 et
1114 4958 1331 5025 principi
1355 4960 1531 5030 populi
1552 4961 1623 5012 tui
1647 4977 1749 5014 non
1769 4963 2036 5017 maledices

467 5043 660 5113 (Exod.
695 5045 785 5098 2‘2.
811 5046 902 5115 28)
928 5064 942 5099 :
971 5063 1111 5102 nunc
1142 5059 1318 5104 autem
1352 5049 1563 5104 :Labia
1594 5054 1911 5106 sacerdotum
1939 5069 2035 5108 cu-

462 5135 681 5189 stodient
715 5137 993 5206 judicium,
1025 5147 1072 5190 et
1097 5154 1161 5191 ex
1187 5155 1274 5193 ore
1316 5140 1426 5210 ejus
1462 5142 1723 5210 exquirant
1753 5145 2032 5213 justitiam,

462 5226 701 5295 quoniam
717 5237 788 5280 est
801 5228 1009 5299 angelus
1021 5226 1228 5283 Domini
1239 5232 1592 5300 omnipotentis
1605 5232 1857 5302 (Malach.
1877 5237 1932 5290 Ξ.
1951 5238 2032 5305 7).

465 5319 520 5374 Si
549 5321 704 5374 liceat
735 5335 863 5390 ergo
903 5322 1003 5375 hoc
1038 5321 1107 5374 ita
1145 5323 1408 5392 accipere,
1437 5323 1562 5378 illud
1591 5336 1802 5396 oportet
1843 5328 2036 5384 intelli-

466 5427 588 5481 gere
620 5429 635 5466 :
660 5412 788 5466 Cum
817 5413 1200 5481 sacerdotibus,
1225 5415 1354 5483 ipsis
1375 5415 1743 5473 inchoantibus
1761 5429 1816 5474 et
1840 5436 2038 5489 praece-

463 5503 728 5568 dentibus,
753 5519 873 5557 cum
900 5519 966 5559 eo
983 5521 1090 5575 quo
1111 5521 1204 5575 par
1229 5515 1312 5560 est
1334 5507 1521 5563 ordine
1544 5523 1755 5577 sequar,
1774 5521 1827 5565 et
1847 5527 2035 5570 Cultam

471 5595 604 5649 tibi:
641 5595 891 5661 Quoniam
933 5597 1121 5650 audisti
1159 5598 1330 5651 omnia
1362 5599 1512 5652 uerba
1553 5601 1656 5654 oris
1684 5604 1802 5655 mei.
1846 5603 2035 5660 Vidisti

466 5701 709 5756 magnam
733 5689 1018 5756 gratiarum
1041 5691 1338 5745 actionem?
1370 5691 1544 5746 vidisti
1570 5709 1831 5749 summam
1861 5705 2036 5752 atten-

527 5801 600 5853 (ιι)
634 5808 742 5852 meo
764 5804 1096 5868 interpretatio
1110 5807 1250 5870 juxta
1272 5819 1418 5870 quem
1439 5807 1503 5858 sit
1526 5807 1817 5870 ignoramus.

1139 386 1198 442 S.
1237 383 1514 442 JOANNIS
1551 380 2033 440 CHRYSOSTODII
2073 377 2392 436 ARCHIEP.
2433 381 2965 442 CONSTANTINOP.

3577 389 3685 445 408

2117 493 2356 549 tionem?
2380 493 2494 550 Non
2523 497 2972 566 quemadmodum
3005 499 3246 555 nonnulli
3281 499 3468 555 molles
3495 509 3548 556 et
3575 502 3690 557 dis-

2113 583 2297 651 soluti,
2337 586 2427 655 qui
2457 594 2742 656 antequam
2787 587 3002 657 quidem
3043 590 3334 658 aeeipiant,
3377 599 3502 645 sunt
3526 593 3690 647 vehe-

2113 690 2358 748 mentes,
2390 690 2666 751 postquam
2709 692 2885 737 autem
2929 685 3252 751 acceperint,
3298 687 3690 753 languescunt:

2114 770 2210 826 sed
2239 771 2325 826 hic
2348 772 2561 841 quidem
2577 783 2633 828 ct
2651 783 2934 844 antequam
2957 776 3241 844 acceperit,
3275 787 3446 847 urget,
3469 788 3523 832 et
3545 790 3690 847 post-

2117 877 2273 932 quam
2317 865 2551 934 accepit,
2603 877 2807 937 perstat
2852 881 3017 935 agens
3063 869 3274 923 assidue
3317 869 3533 938 gratias.
3562 869 3695 924 lltnc

2115 962 2291 1008 autem
2309 954 2606 1010 ostenditur
2624 973 2745 1010 eum
2762 973 2922 1028 puras
2943 969 2996 1014 et
3016 959 3243 1028 Optimas
3266 974 3461 1028 preces,
3473 959 3694 1025 fudisse,

2116 1059 2182 1098 ex
2208 1058 2274 1100 eo
2304 1046 2442 1114 quod
2485 1060 2515 1099 a
2556 1047 2662 1101 Deo
2688 1049 2757 1100 sit
2785 1048 3014 1102 auditus.
3065 1047 3177 1102 lloe
3199 1050 3341 1103 enim
3383 1050 3612 1103 maxime
3644 1060 3700 1104 ut

2117 1135 2396 1190 audiamur
2424 1135 2609 1202 efﬁcit,
2629 1137 2841 1207 quando
2869 1153 3053 1207 preces
3079 1139 3127 1193 ei
3153 1149 3318 1210 gratae
3345 1138 3565 1195 fuerint.

2195 1225 2263 1281 Ut
2294 1244 2325 1279 a
2362 1226 2469 1282 Deo
2511 1230 2840 1283 exaudiamur
2872 1231 2926 1284 in
2964 1230 3103 1285 nobis
3139 1243 3231 1286 est.
3257 1261 3332 1274 —
3356 1231 3508 1288 Unde
3538 1233 3698 1288 etiam

2119 1325 2201 1371 est
2225 1318 2276 1372 in
2305 1328 2481 1373 nostra
2512 1328 2772 1388 potestate
2796 1329 2851 1376 ut
2874 1322 3169 1378 audiamur.
3196 1323 3419 1390 Quando
3443 1323 3588 1378 enim
3616 1340 3700 1391 pe-

2120 1410 2282 1465 timus
2310 1427 2427 1480 qtue
2461 1425 2492 1466 a
2519 1412 2629 1467 Deo
2655 1412 2768 1468 dari
2800 1429 2894 1483 par
2917 1423 3032 1481 est,
3059 1415 3268 1486 quando
3293 1415 3452 1471 alacri
3483 1418 3661 1471 anitno
3680 1458 3696 1479 ,

2119 1501 2330 1570 quando
2371 1516 2470 1556 nos
2513 1503 2808 1572 praebemus
2843 1502 3033 1575 dignos
3056 1505 3146 1575 qui
3174 1507 3493 1577 accipiamus
3513 1547 3527 1571 ,
3554 1507 3701 1561 audit

2121 1601 2370 1656 vocatus,
2401 1601 2454 1647 et
2489 1592 2676 1662 implet
2710 1593 2852 1663 quod
2890 1595 3103 1664 petitur.
3131 1595 3189 1650 2.
3217 1597 3450 1652 Adorabo
3473 1598 3542 1651 ad
3575 1607 3699 1652 tem-

2121 1685 2263 1754 plum
2287 1692 2514 1739 sanctum
2538 1695 2699 1740 tuum.
2721 1685 2836 1742 Non
2863 1699 2944 1743 est
2969 1688 3070 1744 hoc
3093 1705 3300 1760 quoque
3324 1706 3486 1761 parva
3511 1693 3697 1757 virtus.

2120 1789 2278 1844 posse
2303 1775 2559 1844 templum
2599 1777 2886 1833 ascendere
2903 1819 2920 1846 ,
2945 1787 2998 1833 et
3025 1781 3398 1838 ascendentem
3423 1797 3542 1838 cum
3570 1799 3700 1853 pura

2122 1863 2344 1920 adorare
2369 1867 2714 1922 conscientia.
2736 1867 2851 1923 Non
2876 1871 3014 1924 enim
3041 1870 3255 1928 ﬂectere
3279 1887 3470 1943 genua,
3498 1889 3596 1929 nec
3624 1875 3704 1928 itt-

2121 1955 2266 2026 gredi
2291 1998 2306 2020 ,
2334 1966 2417 2012 est
2446 1956 2499 2012 id
2527 1957 2666 2029 quod
2692 1959 2943 2030 quaeritur
2961 2001 2977 2028 ,
3006 1961 3100 2016 sed
3135 1977 3256 2018 cum
3297 1964 3403 2018 aeri
3446 1974 3620 2020 mente
3650 1975 3704 2020 ct

2124 2046 2326 2102 intento
2354 2049 2533 2104 animo
2553 2091 2567 2116 ,
2596 2064 2702 2104 non
2727 2065 2951 2120 corpore
2977 2052 3149 2107 solum
3171 2094 3186 2119 ,
3219 2053 3310 2108 sed
3342 2065 3520 2110 mente
3542 2057 3700 2111 etiam

2125 2137 2269 2192 intus
2303 2153 2422 2194 esse
2450 2156 2465 2194 :
2490 2140 2936 2210 quemadmodum
2977 2157 3075 2198 nec
3116 2159 3276 2213 parva
3317 2155 3399 2200 est
3436 2145 3661 2216 dignitas
3684 2189 3700 2214 ,

2123 2227 2489 2284 universorum
2516 2229 2682 2286 Deum
2704 2241 2758 2286 ut
2780 2231 2935 2288 decet
2957 2233 3204 2290 adorare.
3232 2235 3285 2290 Si
3313 2237 3452 2291 enim
3485 2239 3537 2292 in
3567 2242 3704 2307 regi-

2125 2319 2224 2374 bus
2253 2319 2354 2374 hoe
2382 2335 2478 2390 pro
2507 2319 2708 2378 honore
2732 2322 2962 2387 ducitur,
2990 2326 3162 2381 multo
3187 2328 3351 2394 magis
3375 2327 3424 2381 in
3458 2329 3565 2383 Deo
3591 2330 3706 2382 nni-

2127 2425 2421 2466 versorum.
2451 2411 2516 2466 Et
2543 2413 2815 2483 conﬁtebor
2843 2416 3033 2470 nomini
3062 2426 3147 2471 tuo
3178 2435 3328 2488 super
3361 2420 3704 2473 misericordia

2127 2512 2212 2556 tua
2251 2513 2300 2558 et
2335 2504 2537 2558 ueritate
2572 2513 2678 2560 tua.
2709 2505 2844 2574 Quid
2875 2507 2974 2562 ltoc
3011 2510 3128 2563 est?
3155 2509 3320 2580 Agam
3339 2552 3356 2576 ,
3383 2511 3584 2581 inquit,
3615 2513 3704 2566 tibi

2125 2593 2358 2662 gratias,
2395 2595 2537 2665 quod
2581 2611 2823 2666 magnam
2873 2608 3013 2652 tuam
3063 2599 3166 2654 mei
3203 2615 3383 2656 curam
3422 2605 3702 2658 sensierim.

2127 2683 2241 2740 Non
2270 2685 2412 2740 enim
2438 2700 2502 2742 ex
2532 2688 2761 2758 propriis
2787 2699 2934 2745 recte
2970 2690 3122 2744 factis
3159 2704 3514 2763 consequutus
3552 2709 3666 2748 sum
3688 2735 3704 2759 ,

2128 2783 2186 2830 ut
2211 2777 2432 2846 patriam
2464 2779 2779 2847 reciperem,
2810 2787 2865 2834 et
2891 2783 3142 2850 templum
3167 2784 3478 2852 aspicerem,
3513 2785 3605 2838 sed
3636 2800 3703 2838 ex

2128 2867 2489 2924 misericordia
2518 2876 2571 2923 et
2598 2869 2877 2925 clementia
2909 2879 3018 2925 tua.
3051 2871 3273 2942 Propter
3301 2872 3415 2951 hinc
3444 2886 3493 2928 te
3519 2873 3707 2928 adora-

2128 2957 2198 3013 bo
2219 2999 2236 3025 ,
2264 2968 2482 3029 propter
2511 2958 2626 3015 haec
2651 2961 2744 3015 tibi
2771 2961 3090 3028 conﬁtebor,
3121 2963 3261 3034 quod
3299 2979 3418 3019 cum
3461 2980 3613 3035 poena
3654 2976 3709 3022 et

2129 3051 2389 3120 supplicio
2413 3051 2602 3123 dignus
2627 3069 2821 3120 essem,
2845 3063 2899 3110 et
2924 3063 2980 3110 ut
3007 3055 3059 3110 in
3085 3055 3257 3110 aliena
3283 3057 3497 3128 regione
3521 3072 3707 3127 perpe-

2130 3152 2222 3198 tuo
2250 3143 2520 3214 degerem,
2551 3161 2636 3201 me
2664 3147 2769 3202 cito
2794 3148 3072 3204 reduxis‘i.
3100 3149 3347 3217 Quoniam
3375 3152 3711 3222 magni/icasti

2129 3251 2282 3306 super
2308 3254 2452 3292 omne
2473 3254 2652 3294 nomen
2677 3251 2904 3295 sanctum
2927 3251 3086 3296 tuum.
3113 3243 3260 3309 Quod
3285 3243 3430 3309 dicit,
3457 3254 3538 3298 est
3565 3245 3709 3312 ejus-

2130 3329 2272 3386 modi
2305 3348 2318 3385 :
2352 3329 2467 3387 Non
2505 3345 2656 3402 agam
2700 3334 2841 3389 enim
2884 3336 3219 3392 solummodo
3257 3339 3452 3406 gratias
3495 3347 3712 3406 propter

2130 3419 2387 3476 beneﬁcia
2412 3461 2428 3487 ,
2457 3421 2551 3477 sed
2579 3423 2738 3478 etiam
2770 3435 2986 3494 propter
3025 3426 3190 3495 ipsam
3218 3426 3437 3496 gloriam
3467 3426 3703 3480 ineffabi-

2132 3511 2259 3578 lem,
2288 3522 2342 3568 et
2367 3513 2624 3568 inﬁnitam
2653 3516 3117 3584 magniﬁcentiam,
3146 3526 3201 3572 et
3224 3526 3460 3571 naturam
3493 3517 3708 3571 inen:.r—

2131 3604 2374 3659 rabilem.
2405 3604 2744 3676 Magniﬁcasti
2777 3608 2936 3672 enim,
2968 3609 3152 3677 inquit,
3186 3626 3334 3678 super
3363 3627 3506 3663 ontne
3532 3627 3711 3664 nomen

2131 3704 2360 3748 sanctum
2387 3707 2529 3750 tuum
2556 3714 2576 3751 :
2603 3696 2707 3752 hoc
2739 3710 2842 3764 est,
2875 3715 2971 3769 per
2999 3700 3273 3766 beneﬁcia,
3306 3717 3400 3771 per
3424 3701 3714 3766 elementa,

2131 3801 2230 3857 per
2253 3801 2315 3841 ea
2341 3803 2458 3856 qua:
2484 3789 2698 3842 suntin
2737 3790 2915 3853 caelis.
2947 3806 3043 3860 per
3068 3807 3128 3846 ea
3157 3807 3275 3863 quae
3301 3803 3425 3848 sunt
3453 3793 3505 3847 in
3535 3803 3672 3848 terra
3697 3839 3710 3857 ,

2134 3894 2230 3948 per
2258 3895 2475 3950 pmnas,
2508 3896 2604 3951 per
2630 3897 2692 3937 ea
2721 3897 2839 3952 quae
2870 3884 3001 3937 ﬁunt
3035 3883 3087 3938 in
3125 3883 3341 3952 hostes,
3381 3901 3476 3955 per
3503 3901 3563 3940 ea
3595 3903 3712 3956 qute

2133 3967 2267 4024 ﬁunt
2307 3970 2358 4024 in
2399 3970 2704 4027 familiares.
2735 3972 2888 4028 Nulla
2928 3982 3012 4029 est
3047 3975 3186 4030 enim
3228 3991 3349 4046 pars
3376 3985 3632 4031 creatum
3661 3986 3714 4030 tt

2132 4077 2376 4131 superine
2406 4072 2460 4119 et
2498 4064 2716 4120 inferna:
2737 4108 2750 4131 ,
2782 4082 2901 4136 qua:
2930 4083 3037 4123 non
3075 4068 3279 4123 emittat
3318 4084 3499 4124 vocem
3529 4070 3715 4139 quavis

2135 4154 2259 4208 tuba
2285 4155 2587 4218 clariorem,
2614 4157 2989 4226 praedicantem
3016 4160 3244 4215 nominis
3271 4161 3346 4215 tui
3374 4162 3716 4232 magniﬁcen-

2136 4245 2282 4299 tiam.
2319 4245 2442 4301 Sive
2487 4261 2615 4317 ergo
2659 4248 2878 4318 angelos
2915 4249 3146 4317 dixeris,
3177 4252 3293 4306 sive
3329 4253 3673 4321 archangelos
3697 4295 3711 4316 ,

2135 4337 2250 4392 sive
2277 4337 2550 4393 daemones
2570 4380 2586 4406 ,
2615 4339 2728 4394 sive
2754 4339 3016 4396 elementa
3047 4342 3371 4399 insensibilia
3393 4383 3408 4406 ,
3437 4343 3549 4398 sive
3587 4343 3714 4412 lapi-

2135 4425 2252 4492 des,
2275 4427 2387 4483 sive
2405 4431 2630 4495 semina,
2653 4429 2766 4483 sive
2791 4429 2980 4494 solem,
3007 4431 3117 4486 sive
3139 4432 3336 4496 lunam,
3359 4433 3472 4488 sive
3496 4445 3560 4490 te:
3577 4450 3721 4499 ram,

2137 4517 2249 4572 sive
2275 4520 2460 4583 maria,
2488 4519 2601 4574 sive
2626 4519 2817 4588 pisces,
2846 4520 2957 4575 sive
2985 4521 3246 4587 volucres,
3277 4524 3388 4579 sive
3415 4523 3581 4592 lacus,
3604 4526 3716 4578 sive

2139 4609 2333 4674 fontes,
2362 4610 2478 4665 sive
2504 4609 2692 4666 ﬂuvios
2715 4629 2731 4666 :
2756 4626 2849 4680 per
2873 4611 3052 4668 omnia
3078 4629 3269 4669 nomen
3297 4622 3445 4670 tuum
3469 4631 3714 4685 magnum

2137 4704 2454 4758 ostenditur.
2489 4704 2638 4758 Alius
2677 4713 2854 4759 autem
2896 4720 2994 4775 pro
3023 4705 3113 4760 illo
3135 4747 3150 4771 ,
3191 4705 3534 4778 Magni/icasti
3567 4723 3725 4778 super

2138 4810 2285 4849 onme
2311 4811 2487 4849 nomen
2517 4805 2746 4849 sanctum
2775 4805 2932 4859 tuum,
2963 4798 3037 4851 ait
3063 4816 3078 4852 :
3109 4797 3446 4868 Magniﬁcasti
3476 4800 3604 4852 enim
3635 4817 3719 4852 sn-

2141 4903 2230 4956 per
2266 4888 2434 4940 omnia
2474 4887 2677 4941 nomina
2703 4898 2788 4940 tua
2816 4889 3020 4944 verbum
3049 4900 3211 4944 tuum.
3241 4889 3416 4954 Alius,
3447 4889 3719 4960 Eloquium

2140 4986 2302 5033 tuum.
2327 4977 2380 5033 5.
2410 4976 2476 5031 In
2501 4967 2811 5050 quacumque
2836 4980 2918 5034 die
2950 4980 3240 5035 invocavero
3265 4991 3340 5048 te,
3370 4983 3605 5036 velociter
3628 4999 3719 5036 ca:-

2140 5069 2264 5122 audi
2291 5085 2387 5123 me.
2417 5069 2566 5124 Alius
2592 5071 2670 5139 (a)
2689 5112 2706 5137 ,
2738 5069 2804 5124 In
2833 5087 3144 5142 quacumque
3169 5073 3500 5127 die-inuocaui
3528 5083 3602 5138 te,
3633 5090 3722 5127 ex-

2139 5159 2326 5213 audiin
2352 5177 2447 5213 me.
2481 5160 2592 5216 lloc
2615 5162 2774 5216 etiam
2806 5161 2944 5216 Deus
2969 5162 3231 5232 pollicitus
3255 5171 3337 5217 est
3355 5204 3371 5230 ,
3401 5163 3581 5220 dicens
3611 5180 3624 5216 :
3653 5163 3730 5216 Its

2139 5265 2450 5320 quacumque
2473 5251 2556 5305 die
2579 5251 2884 5307 invocaveris
2911 5269 2988 5306 me
3005 5294 3022 5320 ,
3050 5254 3319 5308 exaudiam
3343 5264 3392 5309 te
3409 5294 3423 5318 ,
3452 5263 3499 5309 et
3524 5254 3722 5320 dicam,

2141 5340 2274 5394 Ecce
2301 5341 2530 5410 loquente
2558 5350 2606 5396 te
2629 5342 2808 5397 adsum
2839 5341 3004 5416 (Isai.
3033 5345 3121 5400 58.
3151 5345 3242 5414 6).
3271 5345 3392 5414 Ipse
3415 5344 3593 5416 itaque
3622 5343 3724 5399 huc

2142 5430 2294 5498 petit.
2326 5430 2484 5486 Tales
2506 5431 2647 5486 enim
2675 5442 2801 5488 sunt
2827 5435 3019 5489 animae
3036 5476 3053 5502 ,
3082 5451 3202 5506 quae
3225 5435 3413 5491 dolore
3435 5435 3612 5505 aliquo
3637 5437 3718 5489 af-

2143 5521 2392 5576 ﬁciuntur
2417 5540 2431 5577 :
2457 5524 2640 5578 volunt
2667 5524 2848 5580 videre
2885 5541 2944 5580 se
2981 5542 3140 5597 quam
3182 5527 3413 5596 primum
3449 5525 3662 5581 liberari
3689 5542 3721 5580 a

2142 5612 2316 5667 malis.
2343 5612 2394 5664 Μ
2402 5613 2704 5682 ultiplicabis
2723 5631 2802 5668 me
2821 5615 2874 5670 in
2893 5617 3064 5670 anima
3090 5609 3199 5671 mea
3223 5617 3400 5670 virtute
3418 5625 3528 5672 tua.
3552 5616 3722 5683 Alius,

2145 5701 2460 5757 Coustituisti
2478 5705 2531 5756 in
2555 5706 2725 5758 anima
2747 5722 2854 5760 mea
2876 5708 3098 5763 virtutes.
3127 5707 3258 5765 Nam
3279 5707 3422 5781 quod
3444 5716 3531 5764 est
3554 5708 3719 5779 prius,

2209 5813 2282 5877 (tt)
2318 5815 2400 5864 uie
2423 5821 2676 5879 interpres
2687 5819 2796 5880 quis
2817 5817 2880 5869 sit
2901 5819 3131 5870 nescitur.
