4070 6340
348 364 457 419 4οἹ-

345 479 654 550 ὰπαλλαγῇ,
684 477 822 533 ἀλλά
855 478 948 532 καὶ
992 478 1051 530 ἐν
1088 479 1154 549 τῇ
1185 477 1294 531 τῶν
1335 477 1759 548 πολεμησάντων
1801 477 1922 529 ἐπι-

347 566 537 636 ϐουλῇ,
576 563 830 634 προλέγει
865 561 935 614 τὰ
964 561 1353 633 συμϐησόμενα
1372 564 1440 632 τῇ
1471 561 1749 615 Βαϐυλῶνι
1783 559 1927 614 κακά

347 655 376 706 ὁ
396 650 703 721 προφήτης,
738 647 834 700 καὶ
864 645 1054 700 ἀθλίαν
1081 646 1249 716 αὐτὴν
1277 644 1385 698 ἀπὸ
1409 646 1520 698 τῶν
1549 643 1928 714 καταληψομέ-

348 752 456 787 νων
499 731 684 784 κακῶν
734 731 911 792 καλεῖ,
954 729 1058 783 κάν
1098 729 1272 797 τούτῳ
1307 727 1575 782 παιδεύων
1623 729 1747 790 τοὺς
1795 728 1924 780 Ἰου-

349 817 554 877 δαίους,
589 814 682 867 καὶ
703 813 913 878 δεικνὺς
942 812 1035 864 τοῦ
1065 810 1198 864 Θεοῦ
1221 812 1319 880 τὴν
1353 811 1502 879 ἰσχὺν
1531 811 1803 878 πανταχοῦ
1829 808 1928 878 τῆς

350 901 454 968 γῆς
493 896 880 966 ἐκτεταμένην.
931 893 1232 962 Μακάριος
1272 893 1339 960 ὃς
1386 893 1792 946 ἀνταποδώσω
1831 908 1928 945 σοι

350 983 419 1035 τὸ
440 979 824 1048 ἀνταπόδομά
846 994 984 1039 σου,
1005 977 1037 1030 ὃ
1071 977 1494 1043 άνταπέδωκιις
1517 977 1679 1046 ἡμῖν.
1714 975 1927 1038 Ἀλλος,

357 1070 428 1120 "0
477 1066 886 1134 προεποίησας
936 1063 1098 1133 ἡμῖν.
1142 1063 1443 1131 Μακάριος
1495 1062 1564 1128 ὃς
1618 1060 1928 1131 κρατήσει,

353 1151 452 1206 καί
481 1148 714 1220 ἐδαφιεῖ
726 1149 797 1203 τὰ
819 1146 1008 1214 νήπιά
1029 1163 1144 1201 σου
1171 1145 1320 1215 πρὸς
1340 1145 1456 1214 τὴν
1488 1145 1730 1213 πέτραν.

424 1233 611 1288 Ταῦτα
638 1234 686 1286 εί
711 1232 804 1285 καὶ
831 1229 1026 1286 πολλοῦ
1047 1231 1206 1301 γέμει
1234 1229 1406 1301 θυμοῦ
1436 1230 1529 1283 καὶ
1552 1226 1752 1298 πολλῆς
1772 1225 1932 1282 κολά⁶

354 1337 495 1382 σεως
522 1319 618 1371 καὶ
646 1316 936 1387 τιμωρίας,
967 1315 1118 1386 ὅμως
1149 1314 1244 1368 τοῦ
1272 1313 1477 1377 πάθους
1506 1314 1617 1368 τῶν
1649 1312 1932 1383 αἰχμαλω-

353 1402 646 1458 τισθέντων
678 1403 795 1454 ἐστι
821 1400 889 1454 τὰ
915 1401 1153 1470 ῥήματα,
1190 1398 1393 1468 πολλὴν
1424 1396 1798 1452 ἀπαιτούντων
1833 1393 1932 1466 τὴν

352 1485 643 1556 τιμωρίαν,
693 1483 790 1536 καὶ
837 1483 994 1552 ξένην
1039 1481 1160 1535 τινὰ
1202 1481 1299 1534 καὶ
1346 1479 1647 1552 παράδοξον
1686 1479 1929 1533 κόλασιν.

351 1567 533 1624 Πολλά
559 1567 668 1638 γὰρ
690 1567 743 1620 οῖ
770 1565 1046 1638 προφῆται
1069 1566 1167 1619 οὐκ
1193 1565 1402 1618 οἴκοθεν
1425 1564 1771 1634 φθέγγονται,
1798 1562 1934 1618 ἀλλὰ

353 1655 424 1710 τά
452 1654 655 1724 ἐτέρων
695 1651 843 1722 πάθη
873 1649 1241 1721 διηγούμενοι,
1285 1650 1382 1704 καὶ
1410 1651 1490 1714 είς
1537 1648 1699 1718 μέσον
1738 1648 1934 1718 φέρον-

351 1757 466 1801 τες.
495 1740 590 1790 Ἂν
626 1737 725 1808 μέν
768 1736 878 1806 γὰρ
903 1735 1002 1805 τὴν
1035 1733 1201 1797 αὐτοῦ
1240 1732 1465 1804 γνώμην
1502 1733 1690 1803 ζητῇς,
1723 1733 1933 1806 ἀκούσῃ

353 1822 626 1889 λέγοντος,
653 1820 722 1874 El
751 1817 1142 1872 ἀνταπέδωκα
1177 1816 1303 1883 τοῖς
1328 1815 1801 1870 ἁγταποδιδοῦσί
1831 1834 1951 1885 μοι

357 1902 532 1964 κακὰ,
564 1903 658 1956 καὶ
681 1901 777 1973 τὴν
808 1901 960 1970 παρά
980 1899 1088 1954 τῶν
1115 1900 1298 1969 νόμων
1325 1899 1613 1969 δεδομένην
1637 1898 1784 1969 αὐτῷ
1809 1916 1938 1970 συμ-

354 1988 586 2058 μετρίαν
621 1985 1062 2056 ὐπερϐαίνοντος.
1098 1984 1264 2037 Ὅταν
1291 1982 1347 2036 δὲ
1374 1985 1440 2037 τὰ
1463 1981 1667 2054 ἐτέρων
1686 1982 1937 2054 διηγῆται

355 2071 525 2141 πάθη,
556 2071 648 2124 τὸν
687 2068 856 2139 θυμὸν
891 2067 1040 2140 [405]
1072 2067 1400 2139 ὑπογράφει,
1437 2067 1534 2137 τὴν
1565 2066 1774 2137 ὀδύνην⁸
1815 2067 1842 2120 ὃ
1874 2067 1937 2135 δὴ

355 2154 455 2208 καὶ
497 2153 592 2207 νῦν
633 2152 921 2222 πεποίηκε,
952 2152 1054 2222 τὴν
1085 2150 1378 2221 ἐπιθυμίαν
1403 2150 1500 2222 τὴν
1526 2150 1634 2204 τῶν
1673 2151 1939 2205 Ἰουδαίων

357 2241 439 2302 είς
470 2238 634 2308 μέσον
667 2237 834 2304 ἄγων,
869 2236 918 2289 οἳ
958 2235 1050 2289 καὶ
1081 2235 1240 2306 μέχρι
1270 2235 1369 2304 τῆς
1397 2233 1574 2304 ἀώρου
1604 2234 1819 2305 ἡλικίας
1841 2236 1939 2304 τὴν

357 2322 530 2392 ὀργὴν
582 2320 863 2384 ἐξέτεινον.
913 2319 1050 2371 Ἀλλ’
1085 2319 1146 2371 οὐ
1188 2319 1257 2372 τὰ
1303 2321 1402 2389 τῆς
1448 2319 1657 2388 Καινῆς
1693 2317 1937 2372 τοιαῦτα·

361 2404 502 2458 ἀλλά
535 2404 628 2457 καὶ
658 2402 899 2467 ποτίζειν
931 2402 1024 2455 καὶ
1049 2401 1267 2473 τρέφειν
1303 2404 1432 2466 τοὺς
1468 2403 1694 2472 ἐχθροὺς
1723 2401 1939 2455 κελευό-

359 2488 524 2558 μεθα,
555 2487 810 2559 εὔχεσθαι
843 2487 983 2556 ὑπὲρ
1013 2486 1120 2538 τῶν
1149 2486 1563 2557 ἐπηρεαζόντων
1585 2488 1749 2556 ἡμᾶς.
1770 2485 1942 2538 Τοῦτο

357 2572 418 2626 δέ
454 2572 714 2642 ποιοῦμεν
744 2571 830 2624 διὰ
862 2571 958 2641 τὴν
979 2569 1294 2642 ὡρισμένην
1319 2570 1656 2640 νομοθεσίαν.
1693 2571 1859 2624 Ποίαν
1885 2569 1942 2622 δὲ

359 2656 598 2727 ταύτην;
649 2655 790 2710 Ἐὰν
813 2656 922 2723 γὰρ
951 2667 978 2695 α
1005 2654 1090 2724 μὴ
1125 2655 1500 2722 περισσεύσῃ
1521 2654 1560 2721 ἡ
1584 2653 1940 2722 δικαιοσύνη

359 2738 548 2808 ὑμῶν,
593 2740 747 2810 φησὶ,
790 2739 982 2792 πλέον
1024 2737 1141 2792 τῶν
1189 2738 1573 2808 γραμματέων
1619 2738 1720 2792 καί
1778 2741 1946 2804 Φαρι-

361 2825 572 2882 σαίων.
600 2825 672 2876 οὐ
701 2821 782 2891 μὴ
826 2823 1138 2890 εἰσέλθητε
1179 2824 1269 2888 είς
1314 2823 1430 2889 τὴν
1465 2823 1793 2886 ,βασιλείαν
1825 2823 1946 2876 τῶν

364 2905 658 2975 οὐρανῶν.
701 2906 908 2978 Πολλὴν
939 2906 1118 2959 τοίνυν
1146 2907 1544 2976 ἐπιδειξώμεθα
1577 2909 1676 2978 τὴν
1707 2907 1943 2977 σπουδὴν

363 2991 458 3043 καὶ
491 2991 626 3060 μετά
663 2990 977 3059 περιουσίας
1004 2989 1221 3043 ἅπασαν
1253 2989 1597 3059 φυλάξωμεν,
1632 2991 1726 3044 ἀτε
1758 2989 1943 3042 λοιπὸν

359 3075 438 3140 ὡς
461 3077 518 3127 ἐν
544 3072 757 3144 οὐρανῷ
791 3071 1192 3142 πολιτευόμενοι
1214 3072 1308 3124 ἐπὶ
1332 3072 1454 3142 γῆς,
1481 3072 1572 3124 καὶ
1605 3071 1744 3140 μετὰ
1776 3072 1944 3139 ἀγγέ-

364 3158 472 3211 λων
503 3157 836 3227 χορεύοντες.
877 3154 1035 3208 υῦτω
1073 3154 1182 3224 γὰρ
1224 3155 1318 3208 καὶ
1354 3153 1460 3207 τῶν
1499 3153 1799 3224 μελλόντων
1828 3156 1948 3207 ἐπι-

364 3239 667 3310 τευξόμεθα
695 3238 939 3307 ἀγαθῶν·
973 3233 1047 3291 ὧν
1088 3239 1297 3307 γένοιτο
1329 3238 1538 3300 πάντας
1574 3239 1719 3309 ἡμᾶς
1757 3241 1946 3292 ἐπιτυ-

365 3327 502 3394 χεῖν,
533 3323 714 3393 χάριτι
737 3323 831 3374 καὶ
857 3321 1234 3393 φιλανθρωπίᾳ
1255 3321 1349 3375 τοῦ
1371 3322 1578 3393 Κυρίου
1604 3321 1758 3391 ήμῶν
1774 3321 1947 3392 Ἰησοῦ

365 3406 627 3478 Χριστοῦ,
654 3400 698 3474 ᾧ
727 3408 760 3476 ή
788 3406 912 3472 δόξα
940 3407 1033 3459 καὶ
1059 3406 1116 3459 τὸ
1142 3408 1339 3476 κράτος
1359 3408 1438 3470 είς
1460 3407 1586 3470 τοὺς
1609 3404 1811 3470 αἰῶνας
1838 3405 1949 3459 τῶν

366 3490 598 3545 αἰώνων.
653 3491 710 3542 ’Λ
720 3491 845 3560 μήν.

739 3575 846 3626 ΕΙΣ
878 3574 1016 3627 ΤΟΝ
1052 3574 1197 3628 ΡΛΖ⁹
1234 3574 1557 3630 ΨΑΛΜΟΝ.

377 3657 936 3728 ’Ἐξομολογηξσομαί
968 3672 1087 3722 σοι,
1113 3659 1310 3726 Κύριε.
1344 3659 1415 3712 ἐν
1442 3659 1554 3728 ὅλῃ
1580 3660 1794 3728 καρδίᾳ
1813 3678 1946 3725 μου.

441 3741 512 3796 α’.
550 3741 815 3802 Πολλάκις
845 3742 972 3810 ύμῖν
1005 3743 1132 3812 περὶ
1160 3741 1352 3796 τούτου
1378 3742 1653 3816 διελέχθην
1675 3745 1725 3800 δ.
1751 3748 1951 3805 Διόπερ

373 3825 505 3878 αὐτὸ
539 3824 920 3894 παρελθόντες,
953 3825 1046 3878 ἐπὶ
1076 3827 1136 3879 τὸ
1165 3827 1419 3896 ἐχόμενον
1439 3826 1605 3880 αὐτοῦ
1628 3827 1853 3899 ἥξομεν.
1886 3827 1952 3881 Τί

363 3908 427 3961 δὲ
452 3907 609 3960 τοῦτό
652 3910 790 3971 ἐστι,
832 3907 939 3960 Καὶ
975 3909 1254 3962 ἐνίει-τίον
1292 3909 1562 3978 ἀγγέλων
1588 3910 1766 3979 ψαλῶ
1815 3926 1952 3975 σοι;

373 3992 553 4061 Ὅπερ
573 3991 760 4060 ἔτερος
777 4001 799 4029 ε
821 3987 969 4044 εἶπεν
993 3992 1350 4063 ἑρμηνευτὴς,
1374 3995 1707 4062 Παρρησίᾳ,
1725 3998 1756 4048 ό
1787 3996 1949 4060 Θεὸς,

372 4075 502 4144 ᾷσω
535 4091 626 4127 σε.
666 4074 878 4138 Ἀλλος,
915 4076 1161 4128 Ἔναντι
1187 4076 1336 4128 θεῶν
1355 4077 1690 4144 μελῳδήσω
1718 4094 1836 4132 σοι.
1855 4079 1954 4132 Ἂν

378 4158 478 4229 μὲν
499 4153 592 4210 οὖν
617 4159 744 4220 τοὺς
765 4159 823 4211 ἐν
843 4158 1091 4229 οὐρανοῖς
1116 4159 1378 4226 ἀγγέλους
1400 4159 1555 4233 λέγῃ,
1574 4161 1813 4215 τοιοῦτόν
1838 4161 1953 4213 ἐστι

371 4244 436 4297 1b
466 4243 780 4312 λεγόμενον,
812 4243 895 4295 ὅτι
925 4241 1080 4295 Μετά
1106 4243 1354 4312 ἀγγέλων
1379 4244 1524 4314 ᾄδειν
1555 4243 1832 4316 βιάσομαι,
1860 4245 1954 4298 καὶ

377 4328 741 4399 φιλονεικήσω
779 4327 878 4396 τὴν
913 4326 1144 4396 ἅμιλλαν
1181 4326 1319 4398 πρὸς
1359 4329 1557 4392 αὐτοὺς
1601 4328 1825 4390 θέσθαι,
1861 4330 1956 4382 καὶ

379 4412 738 4482 συγχορεῦσαι
763 4413 884 4473 ταῖς
918 4411 1030 4464 ἄνω
1054 4411 1366 4481 δυνάμεσιν.
1400 4413 1462 4465 Εἰ
1488 4413 1597 4484 γὰρ
1628 4414 1722 4466 καὶ
1748 4417 1815 4485 τῇ
1851 4413 1955 4482 φύ-

380 4513 463 4551 σει
497 4497 775 4563 διέστηκα,
807 4495 924 4548 ἀλλ’
972 4495 1121 4566 ὅμως
1151 4498 1216 4566 τῇ
1266 4495 1541 4567 προθυμίᾳ
1585 4497 1954 4568 ἀμιλλήσομαι

384 4581 501 4650 μετ’
530 4578 753 4632 ἐκείνων
786 4578 997 4647 στῆναι.
1040 4579 1102 4630 Εἰ
1128 4579 1186 4632 δέ
1218 4579 1359 4632 κατὰ
1382 4578 1482 4650 τὴν
1512 4579 1714 4651 ἐτέρων
1744 4579 1957 4634 ἔκδοσιν

379 4662 702 4731 ἐκλάϐωμεν
724 4661 785 4714 τὸ
813 4660 1122 4731 εἰρημένον,
1160 4661 1307 4715 δοκεῖ
1344 4679 1434 4732 μοι
1471 4663 1599 4734 περὶ
1623 4663 1954 4735 τῶνίερέων

379 4746 539 4799 τοῦτο
559 4746 753 4798 εἰπεῖν.
782 4743 941 4805 Ἐθος
961 4743 1070 4814 γὰρ
1091 4747 1156 4812 τῇ
1180 4745 1369 4816 Γραφῇ
1398 4744 1494 4799 καὶ
1519 4746 1750 4813 ἄγγελον
1774 4746 1958 4800 καλεῖν

378 4827 472 4881 τὸν
495 4827 646 4899 ἱερέα
674 4828 768 4881 καὶ
797 4825 946 4880 θεόν·
981 4826 1076 4881 νῦν
1105 4827 1203 4897 μὲν
1235 4827 1469 4896 λέγουσα
1487 4845 1501 4858 ⁵
1535 4829 1718 4896 Θεοὺς
1751 4833 1823 4885 οὺ
1853 4848 1957 4885 κα-

381 4909 762 4978 κολογήσεις,
793 4911 889 4963 καί
925 4909 1186 4976 ἄρχοντα
1213 4909 1319 4963 τοῦ
1347 4910 1501 4963 λαοῦ
1529 4927 1646 4966 σου
1671 4915 1782 4966 οὐκ
1809 4913 1963 4983 ἐρεῖς

382 4991 610 5058 κακῶς·
643 4991 736 5044 νῦν
765 4992 842 5055 δὲ,
886 4993 1068 5059 Xsqu
1111 4990 1313 5059 ἱερέων
1351 4992 1683 5061 φυλάξεται
1724 4997 1960 5062 κρίσιν,

381 5076 479 5132 καί
513 5076 582 5130 ἐκ
622 5076 920 5145 στόματος
953 5073 1141 5134 αὐτοῦ
1172 5072 1497 5142 ζητήσουσι
1543 5077 1960 5146 δικαιοσύνην,

381 5162 474 5214 ὅτι
528 5160 780 5229 ἅγγελος
827 5159 1051 5227 Κυρίου
1102 5159 1580 5228 παντοκράτορός
1620 5161 1811 5215 ἐστιν.
1864 5163 1963 5216 Ἂν

381 5243 562 5298 τοίνυν
593 5243 752 5296 τοῦτο
784 5242 1035 5298 ἐκλαϐεῖν
1076 5237 1132 5315 ᾖ,
1174 5245 1351 5296 ἐκεῖνο
1387 5246 1528 5298 νοεῖν
1564 5244 1666 5310 δεῖ,
1691 5245 1774 5297 ὅτι
1808 5244 1965 5298 Μετά

381 5329 489 5380 τῶν
515 5328 725 5398 ἱερέων,
753 5327 1042 5399 παρόντων
1069 5327 1272 5389 αὐτῶν,
1300 5328 1436 5399 μετά
1459 5327 1561 5399 τῆς
1581 5327 1966 5400 προσηκούσης

446 5415 472 5479 _‘
495 5416 591 5479 [‘ép
611 5419 754 5479 deest
775 5417 825 5463 in
846 5413 958 5463 Sav.

441 5476 471 5515 Ῑ)
497 5476 607 5525 ειν.
635 5477 948 5538 διελέχθημεν.

451 5541 474 5568 ε
498 5537 960 5601 ῌιενειὶεεὶιηειρ.
993 5538 1043 5586 in
1066 5542 1169 5587 uno‘
1187 5538 1354 5587 codice
1377 5538 1535 5601 Regio
1574 5540 1646 5588 sic
1681 5537 1926 5587 habentur
1953 5551 1966 5587 :

385 5599 562 5676 ᾼιιηίιε
587 5599 735 5676 ἔναγςι
754 5601 875 5676 θεῶν
898 5601 1164 5676 μελῳδήσω
1187 5617 1282 5649 σοι.
1297 5599 1970 5676 ξξιωπιίεείιυειέναντίονιθεῶν

385 5661 505 5726 ᾇσω
538 5678 631 5726 σοι.
662 5661 1147 5726 Δῆμε-παρρησιάσωὲ
1167 5679 1260 5710 σοι.
1288 5662 1430 5726 Aljps
1452 5663 1800 5726 ἔναντιίερέων.
1829 5663 1970 5726 Δίὶυδ

386 5721 648 5786 παῤῥησία,
670 5724 779 5781 Θεέ,
800 5721 908 5786 ᾇσω
923 5721 1004 5797 ’σεξ
1029 5721 1188 5795 Paylo
1211 5723 1520 5796 postvMore].
1544 5721 1790 5796 βιάσομαι,
1811 5724 1891 5771 καὶ
1912 5725 1969 5771 ἂν

388 5785 472 5850 μέν
486 5771 722 5850 ἀγγέλους
739 5786 873 5846 λέγῃ,
886 5787 958 5850 ,ὡς
979 5784 1377 5850 ε·ι-τσις-οὐρανοις
1395 5801 1560 5850 ’τουτο
1583 5802 1742 5850 φησιν,
1763 5786 1837 5836 ὅτι
1862 5787 1966 5849 μετ’

389 5821 469 5846 ι--ν
495 5821 548 5847 *ι
566 5821 718 5846 μην-ιι
741 5821 873 5846 ’ωιτη
895 5821 958 5840 “"-
979 5821 1028 5850 *ζ
1054 5821 1142 5853 ’τῖ’
1165 5821 1377 5847 *νγ-’νων
1426 5821 1559 5833 ’ν’-ν
1583 5821 1742 5850 γ-ινυι

386 5847 544 5896 αὐτῶν
561 5847 640 5896 καὶ
663 5847 992 5911 φιλονεικήσω.
1008 5847 1243 5898 Savllium
1267 5846 1537 5909 sequimur.

1404 351 1768 417 EXPOSITIO
1809 357 1876 412 IN
1915 355 2242 412 PSALMUM
2282 354 2588 412 CXXXVII.

3498 347 3599 406 408

2030 473 2285 539 εὐταξίας
2317 471 2745 544 καταρχομένων
2777 469 2998 524 ἐκείνων
3031 464 3454 540 προηγουμένων
3475 464 3601 534 ἓψο-

2031 574 2149 629 μαι,
2183 557 2276 610 καὶ
2315 555 2688 626 ἀκολουθήσω,
2724 553 2820 607 καὶ
2862 553 2978 624 ᾷσω
3013 569 3131 604 σοι·
3157 552 3287 604 Ὅτι
3305 549 3603 629 ,ἤκουσας

2029 628 2226 693 ,πάντα
2261 638 2334 692 τὰ
2358 637 2597 708 ῥήματα
2628 636 2736 690 τοῦ
2767 635 3065 704 στόματός
3089 652 3228 704 μου.
3261 628 3413 695 Εἶδες
3438 632 3603 702 εὐχα-

2034 722 2248 793 ριστίαν
2279 721 2513 791 πολλήν;
2560 716 2700 783 εἶδες
2749 718 3022 789 προσοχὴν
3058 715 3490 786 ἐπιτεταμένην;
3525 715 3602 768 Οὐ

2029 805 2280 876 καθάπερ
2305 803 2436 859 ἔνιοι
2469 803 2577 856 τῶν
2602 803 2816 873 χαύνων
2851 802 2944 854 καὶ
2970 800 3386 871 διαλελυμένων,
3408 800 3537 870 πρὶν
3565 799 3599 871 ἣ

2034 889 2135 959 μὲν
2167 889 2352 942 λαϐεῖν
2406 886 2625 958 σφοδροί
2670 886 2814 950 τινές
2859 887 2998 950 είσι,
3038 883 3179 956 μετά
3225 883 3282 936 δὲ
3320 884 3382 937 τὸ
3419 884 3604 938 λαϐεῖν

2029 972 2506 1036 ἀναπεπτωκότες·
2533 969 2648 1025 ἀλλ’
2677 961 2833 1032 οὗτος
2854 969 2948 1022 καὶ
2971 968 3099 1038 πρὶν
3124 967 3158 1039 ἦ
3187 966 3371 1020 λαϐεῖν
3393 968 3603 1020 ἐπίκει-

2029 1072 2141 1120 ται,
2178 1057 2272 1110 καὶ
2303 1055 2442 1125 μετὰ
2470 1055 2529 1108 τὸ
2561 1054 2744 1107 λαϐεῖν
2773 1053 2924 1125 μένει
2955 1051 3218 1123 διηνεκῶς
3247 1052 3602 1123 εὐχαριστῶν.

2044 1139 2323 1193 Ἐντεῦθεν
2365 1139 2422 1193 δὲ
2475 1139 2787 1199 δείκνυται,
2834 1138 2915 1190 ὅτι
2955 1134 3201 1207 καθαρὰν
3253 1136 3344 1188 καὶ
3379 1135 3606 1204 ἀρίστην

2031 1221 2264 1276 ἐποιεῖτο
2282 1221 2382 1292 τὴν
2401 1221 2589 1293 εὐχὴν,
2610 1221 2674 1273 ἐκ
2695 1220 2790 1274 τοῦ
2814 1218 3145 1288 ἀκουσθῆναι
3169 1217 3319 1287 παρὰ
3337 1217 3429 1270 τοῦ
3448 1217 3604 1270 Θεοῦ.

2030 1303 2203 1358 Τοῦτο
2229 1304 2338 1376 γὰρ
2368 1304 2605 1374 μάλιστα
2623 1303 2777 1375 1406]
2808 1301 3100 1357 ἀκούεσθαι
3133 1303 3296 1366 ποιεῖ,
3319 1301 3442 1354 ὅταν
3467 1300 3608 1354 κατά

2031 1388 2256 1460 γνώμην
2290 1387 2438 1460 αὐτῷ
2471 1390 2504 1459 ή
2529 1389 2662 1458 εὐχὴ
2687 1387 2930 1458 γένηται.

2102 1471 2268 1525 Ὥστε
2293 1471 2389 1525 καὶ
2417 1472 2511 1525 τοῦ
2540 1470 2874 1540 ἀκουσθῆναι
2908 1470 3067 1540 ἡμεῖς
3090 1467 3288 1540 κύριοι.
3306 1467 3474 1521 ὀταν
3500 1464 3610 1536 γὰρ

2031 1555 2206 1609 ταῦτα
2237 1554 2500 1625 αἰτῶμεν.
2536 1555 2573 1609 ἃ
2600 1555 2693 1608 τὸν
2741 1553 2874 1607 Θεὸν
2898 1551 3048 1618 ἀξιον
3080 1552 3283 1615 δοῦναι,
3315 1552 3440 1604 ὅταν
3473 1549 3611 1621 μετά

2035 1637 2368 1709 προθυμίας,
2403 1639 2534 1692 ὃταν
2559 1637 2746 1703 ἀξίους
2778 1637 3004 1699 ἑαυτοὺς
3031 1635 3124 1689 τοῦ
3151 1634 3333 1688 λαϐεῖν
3363 1633 3612 1703 παρέχω-

2039 1737 2160 1790 μεν,
2191 1720 2377 1774 ἀκούει
2412 1721 2578 1774 καλοῦ
2590 1738 2770 1791 μενος,
2816 1719 2910 1774 καὶ
2940 1719 3000 1771 τὸ
3036 1718 3352 1790 αίτούμενον
3389 1717 3608 1786 πληροῖ.

2036 1803 2452 1872 Προσκυνήσω
2483 1805 2633 1870 πρὸς
2655 1803 2806 1857 ναὸν
2843 1803 3014 1872 ἅγιόν
3043 1817 3181 1857 σου.
3211 1802 3284 1855 υύ
3316 1799 3487 1872 μικρά
3519 1797 3613 1851 καὶ

2035 1886 2191 1940 τοῦτο
2215 1886 2382 1957 ἀρετὴ
2412 1888 2473 1941 τὸ
2512 1886 2770 1942 δύνασθαι
2816 1886 3119 1939 ἐπιϐαίνειν
3167 1884 3318 1946 ναοῦ,
3363 1885 3456 1937 καὶ
3492 1885 3612 1937 ἐπι-

2038 1970 2288 2023 ϐαίνοντα
2332 1971 2470 2041 μετὰ
2520 1970 2764 2041 καθαροῦ
2814 1969 3108 2030 συνειδότος
3141 1970 3485 2040 προσκυνεῖν.
3536 1967 3610 2019 υύ

2037 2053 2147 2122 γὰρ
2187 2053 2251 2124 δὴ
2297 2054 2358 2106 τὸ
2391 2053 2609 2124 κάμψαι
2643 2052 2862 2122 γόνατα,
2905 2051 3023 2106 οὐδὲ
3051 2051 3111 2104 τὸ
3152 2050 3414 2103 εἰσελθεῖν
3457 2049 3614 2102 τοῦτό

2038 2139 2155 2189 ἐστι
2195 2137 2256 2190 τὸ
2291 2135 2642 2208 ζητούμενον,
2685 2136 2821 2190 ἀλλὰ
2863 2135 2924 2188 τὸ
2956 2135 3093 2206 μετὰ
3133 2134 3369 2198 διανοίας
3404 2133 3614 2204 θερμῆς

2039 2221 2133 2272 καὶ
2161 2219 2388 2290 γνώμης
2417 2219 2841 2289 συντεταμένης,
2872 2218 2933 2272 τὺ
2964 2218 3037 2290 μὴ
3073 2217 3152 2288 τῷ
3191 2217 3402 2287 σώματι
3434 2219 3615 2287 μόνον,

2041 2304 2177 2357 ἀλλὰ
2208 2305 2303 2358 καὶ
2329 2307 2396 2375 τῇ
2439 2305 2631 2375 γνώμη
2663 2303 2808 2356 ἔνδον
2841 2299 2979 2356 εἶναι
2998 2321 3009 2330 ·
3052 2300 3241 2371 ὥσπερ
3275 2301 3392 2354 οὐδέ
3421 2301 3614 2371 μικρὸν

2042 2385 2257 2457 ἀξίωμα
2281 2388 2342 2441 τὸ
2371 2390 2694 2458 προσκυνεῖν
2722 2387 2812 2440 τὸν
2839 2386 2932 2438 ἐπὶ
2973 2383 3192 2438 πάντων
3222 2385 3374 2444 Θεὸν,
3405 2384 3481 2447 ώς
3509 2383 3614 2454 χρὴ

2045 2471 2390 2540 προσκυνεῖν.
2422 2471 2486 2523 Εἰ
2511 2471 2620 2541 γὰρ
2654 2469 2746 2522 ἐπὶ
2783 2468 2892 2522 τῶν
2929 2467 3191 2537 βασιλέων
3222 2468 3280 2520 ἐν
3311 2466 3615 2535 ἀξιώματος

2041 2553 2199 2606 τοῦτο
2224 2555 2403 2608 κεῖται
2430 2553 2607 2625 μέρει,
2636 2551 2816 2623 πολλῴ
2850 2551 3050 2622 μᾶλλον
3088 2551 3182 2604 ἐπὶ
3216 2551 3312 2604 τοῦ
3340 2551 3448 2604 τῶν
3480 2551 3616 2604 ὅλων

2042 2635 2197 2689 Θεοῦ.
2225 2636 2336 2691 Καὶ
2362 2635 2878 2706 ἐξομολογησομαί
2902 2634 2980 2700 τῷ
3005 2635 3252 2704 ὀνόματί
3274 2651 3390 2688 σου
3416 2633 3511 2687 ἐπὶ
3538 2632 3618 2698 τῷ

2042 2717 2196 2772 ἐλέει
2241 2733 2394 2781 σου,
2440 2719 2538 2773 καί
2570 2717 2645 2787 τῇ
2685 2719 2938 2786 ἀληθείᾳ
2981 2735 3118 2771 σου.
3165 2717 3229 2770 Τί
3272 2718 3386 2769 ἐστι
3419 2715 3616 2779 τοῦτο;

2045 2789 2438 2860 Εὐχαριστήσω
2469 2808 2570 2850 σοι,
2618 2791 2782 2860 φησὶν
2806 2829 2820 2852 ,
2848 2789 2926 2840 ὅτι
2964 2787 3164 2857 πολλῆς
3203 2787 3488 2839 ἀπέλαυσα
3519 2787 3619 2853 τῆς

2046 2872 2393 2943 κηδεμονίας.
2423 2873 2497 2925 υύ
2532 2872 2641 2942 γὰρ
2665 2871 2772 2926 ἀπὸ
2795 2871 2904 2924 τῶν
2932 2870 3145 2923 οἰκείων
3177 2869 3619 2940 κατορθωμάτων

2045 2955 2236 3009 ἔλαϐον
2254 2955 2315 3008 τὸ
2338 2955 2629 3009 ἀπολαϐεῖν
2651 2954 2677 2993 ἀ
2697 2953 2794 3025 τὴν
2822 2953 3075 3024 πατρίδα,
3099 2954 3191 3006 καὶ
3212 2953 3301 3006 τὸν
3323 2953 3446 3007 ναὸν
3469 2953 3620 3014 ἰδεῖν,

2046 3039 2164 3092 ἀλλ’
2201 3037 2309 3094 ἀπὸ
2342 3037 2438 3092 τοῦ
2473 3039 2654 3102 ἐλέους
2695 3055 2787 3091 σου
2819 3036 2911 3092 καὶ
2939 3040 3039 3108 τῆς
3068 3036 3476 3108 φιλανθρωπίας
3504 3053 3618 3088 σου.

2062 3122 2184 3176 Ἐπὶ
2205 3121 2414 3185 τούτοις
2437 3138 2496 3174 σε
2536 3123 2916 3194 προσκυνήσω,
2945 3122 3037 3174 ἐπὶ
3059 3122 3270 3184 τούτοις
3297 3119 3622 3192 ἐξομολογή-

2050 3205 2214 3275 σομαί
2239 3222 2344 3269 σοι,
2383 3204 2466 3258 ὅτι
2508 3203 2656 3269 ἀξιον
2698 3203 2827 3258 ὄντα
2873 3203 3148 3266 κολάσεως
3177 3203 3274 3257 καὶ
3321 3202 3626 3274 τιμωρίας,

2048 3289 2143 3344 καὶ
2172 3287 2435 3358 διηνεκῶς
2481 3289 2540 3341 ἐν
2581 3287 2840 3359 ἀλλοτρίᾳ
2881 3287 3176 3358 διατρίϐειν
3229 3285 3357 3339 ὄντα
3388 3285 3624 3350 δίκαιον,

2047 3372 2255 3443 ταχέως
2301 3373 2665 3443 ἐπανήγαγες.
2704 3371 2825 3426 Ὅτι
2857 3371 3233 3441 ἐμεγάλυνας
3262 3369 3362 3424 ἐπὶ
3407 3369 3530 3425 πᾶν
3556 3370 3624 3423 τὸ

2051 3456 2237 3527 ὄνομα
2265 3457 2331 3510 τὸ
2362 3456 2532 3527 ἅγιόν
2567 3472 2705 3511 σου.
2750 3459 2814 3509 Ὃ
2855 3456 3032 3524 λέγει,
3063 3455 3302 3510 τοιοῦτόν
3350 3456 3516 3508 ἐστιν·
3549 3455 3622 3507 Οὐ

2049 3539 2137 3593 διὰ
2164 3539 2262 3602 τὰς
2292 3539 2610 3610 εὐεργεσίας
2637 3539 3016 3610 εὐχαριστήσω
3053 3538 3233 3608 μόνον,
3268 3537 3403 3591 ἀλλά
3431 3537 3526 3591 καὶ
3557 3536 3624 3592 δι’

2051 3622 2222 3694 αὐτὴν
2256 3621 2354 3694 τὴν
2384 3621 2542 3688 δόξαν
2584 3622 2684 3693 τὴν
2714 3623 2942 3690 ἄφατον,
2977 3623 3070 3677 καὶ
3103 3623 3202 3692 τὴν
3239 3620 3627 3693 μεγαλωσύνη-θ

2051 3706 2148 3778 τὴν
2194 3707 2444 3778 ἄπειρον,
2488 3706 2583 3760 καὶ
2610 3707 2709 3776 τὴν
2747 3704 2907 3774 φύσιν
2944 3705 3043 3776 τὴν
3090 3703 3348 3776 ἄρρητον.
3388 3702 3628 3774 Ἐμεγά-

2051 3793 2246 3856 λυνας
2272 3789 2401 3860 γὰρ,
2428 3789 2614 3861 φησὶν,
2636 3789 2733 3843 ἐπὶ
2757 3787 2881 3844 πᾶν
2899 3787 2967 3843 τὸ
2988 3789 3175 3858 ὄνομα
3197 3787 3260 3841 τὸ
3284 3787 3454 3857 ἅγιόν
3477 3804 3593 3841 σου
3609 3801 3624 3816 ⁸

2051 3872 2319 3935 τουτέστι,
2345 3873 2432 3926 διὰ
2457 3872 2564 3925 τῶν
2593 3871 2944 3942 εὐεργεσιῶν,
2973 3871 3060 3926 διὰ
3083 3872 3191 3924 τῶν
3218 3871 3512 3940 στοιχείων,
3540 3870 3630 3925 διὰ

2051 3955 2162 4008 τῶν
2193 3956 2250 4008 ἐν
2277 3955 2545 4024 οὐρανοῖς,
2577 3954 2665 4009 διά
2707 3953 2817 4006 τῶν
2845 3956 2905 4008 ἐν
2938 3954 3030 4025 γῇ,
3061 3953 3149 4006 διὰ
3182 3952 3288 4007 τῶν
3331 3953 3626 4015 κολάσεων,

2053 4037 2141 4090 διὰ
2167 4036 2272 4091 τῶν
2297 4039 2377 4102 εἰς
2399 4039 2526 4098 τοὺς
2553 4035 2865 4107 πολεμίους,
2887 4035 2975 4090 διὰ
2995 4036 3102 4088 τῶν
3129 4037 3207 4099 είς
3229 4037 3353 4099 τούς
3373 4036 3626 4098 οἰκείους.

2055 4118 2172 4174 Οὐκ
2198 4119 2313 4172 ἐστι
2342 4118 2452 4189 γὰρ
2483 4119 2635 4173 οὐδέν
2665 4120 2831 4190 μέρος
2863 4119 2964 4189 τῆς
2994 4118 3223 4180 κτίσεως
3246 4118 3344 4189 τῆς
3369 4118 3501 4179 ἀνω,
3532 4118 3631 4188 τῆς

2055 4205 2224 4266 κάτω,
2257 4204 2287 4256 ὃ
2318 4205 2391 4275 μὴ
2443 4204 2626 4273 φωνὴν
2659 4204 2852 4275 ἀφίησι
2892 4203 3190 4271 σάλπιγγος
3224 4203 3628 4273 λαμπροτέραν,

2055 4281 2535 4353 ὰνακηρύττουσαν
2555 4281 2651 4336 τοῦ
2679 4281 2939 4351 ὀνόματός
2963 4299 3056 4334 σου
3091 4281 3187 4351 τὴν
3220 4281 3626 4352 μεγαλωσύνην.

2057 4360 2174 4415 Κᾶν
2203 4361 2467 4429 ἀγγέλους
2502 4361 2681 4415 τοίνυν
2719 4363 2901 4433 εἰπῃς.
2939 4360 3043 4414 κᾶν
3097 4361 3491 4431 ἀρχαγγέλους,
3528 4360 3632 4413 κᾶν

2056 4438 2316 4510 δαίμονας
2360 4441 2456 4493 καὶ
2501 4438 2570 4493 τά
2607 4437 2908 4510 ἀναίσθητα
2953 4441 3229 4509 στοιχεῖα,
3275 4438 3380 4493 κᾶν
3431 4437 3633 4502 λίθους,

2057 4520 2159 4573 κᾶν
2189 4520 2498 4590 σπέρματα,
2527 4519 2630 4573 κᾶν
2652 4519 2823 4590 ἥλιον,
2853 4517 2955 4573 κᾶν
2981 4518 3229 4590 σελήνην,
3251 4518 3354 4572 κᾶν
3385 4517 3510 4589 γῆν,
3531 4518 3634 4572 κᾶν

2059 4599 2292 4672 πελάγη,
2333 4600 2438 4654 κᾶν
2481 4599 2675 4668 νηκτὰ,
2714 4600 2818 4653 κᾶν
2853 4597 3096 4662 πετεινὰ,
3130 4598 3234 4653 κᾶν
3266 4596 3504 4672 λίμνας,
3530 4598 3635 4651 κᾶν

2059 4671 2264 4749 πηγὰς,
2286 4676 2389 4732 κᾶν
2420 4680 2717 4749 ποταμοὺς,
2742 4677 2828 4732 διὰ
2860 4677 3075 4732 πάντων
3099 4676 3242 4747 μέγα
3265 4679 3324 4730 τὸ
3349 4671 3520 4748 ὄνομά
3540 4695 3634 4730 σου

2059 4758 2350 4812 δείκνυται.
2387 4755 2613 4826 Ἕτερος
2641 4766 2665 4793 ⁸
2699 4755 2757 4808 δὲ
2795 4754 2914 4807 ἀντί
2942 4753 3058 4816 τοῦ,
3095 4753 3496 4823 Ἐμετάλυνας
3535 4755 3633 4809 ἐπὶ

2061 4835 2185 4892 πᾶν
2215 4837 2282 4890 τὸ
2313 4835 2500 4904 ὄνομα
2527 4835 2591 4888 τὸ
2631 4833 2802 4904 ἅγιόν
2832 4850 2971 4893 σου.
3006 4830 3193 4888 εἶπενο
3226 4832 3637 4903 Ἑμεγάλυνας

2062 4915 2173 4985 γὰρ
2203 4914 2358 4981 ὑπὲρ
2381 4913 2580 4968 πάντα
2607 4915 2678 4967 τὰ
2706 4911 2968 4982 ὀνόματά
2995 4929 3110 4966 σου
3144 4911 3257 4980 τὴν
3276 4912 3468 4981 ῥῆσίν
3496 4927 3633 4966 σου.

2068 4995 2279 5058 Ἄλλος,
2290 4994 2360 5048 Τὸ
2375 4994 2584 5064 λόγιόν
2603 4993 2840 5047 σου.Ἐν
2853 4987 2893 5064 ᾗ
2913 4991 2989 5046 ἂν
3005 4992 3194 5061 ἡμέρῃ
3209 4991 3640 5058 ἐπικαλέσοιιαί

2063 5091 2158 5137 σε,
2197 5073 2350 5142 ταχὺ
2376 5072 2723 5126 ἐπάκουσον
2748 5088 2887 5142 μου.
2921 5071 3134 5137 Ἀλλος,
3171 5065 3323 5143 Ἐνῇ
3346 5071 3422 5126 ἀν
3449 5071 3639 5140 ᾑμέρᾳ

2064 5150 2530 5222 ἑπεκαλεσάμην
2545 5165 2640 5215 σε,
2673 5149 3025 5218 ἐπήκουσάς
3038 5169 3180 5219 μου.
3213 5151 3382 5205 Τοῦτο
3406 5150 3514 5221 γὰρ
3551 5151 3642 5203 καὶ

2065 5233 2093 5284 ὁ
2123 5232 2254 5294 Θεὸς
2287 5229 2649 5301 ἐπηγγείλατο
2676 5230 2720 5296 ῐ,
2750 5230 2920 5300 λέγων
2940 5247 2954 5260 ·
2994 5231 3096 5285 Ἐν
3119 5225 3160 5304 ᾖ
3193 5229 3270 5286 ἂν
3297 5230 3485 5300 ἡμέρᾳ
3517 5231 3640 5282 ἑπι-

2067 5309 2303 5378 καλέσῃ
2330 5309 2871 5379 με,είσακούσομαί
2900 5322 3038 5374 σου,
3067 5309 3165 5363 καί
3185 5308 3318 5376 ἐρῶ,
3353 5307 3508 5361 Ἰδοὺ
3538 5311 3640 5361 λιι·

2067 5390 2322 5454 λοῦντός
2363 5404 2480 5443 σου
2514 5387 2769 5458 πάρειμι.
2823 5389 2931 5443 Καὶ
2978 5388 3139 5452 αὐτὸς
3173 5389 3232 5443 δέ
3277 5387 3434 5442 τοῦτο
3480 5389 3640 5440 αἰτεῖ.

2069 5467 2325 5522 Τοιαῦται
2354 5467 2464 5537 γὰρ
2499 5470 2555 5520 αἱ
2597 5469 2931 5538 ὀδυνώμεναι
2974 5468 3177 5538 ψυχαί·
3205 5467 3467 5538 ταχίστην
3518 5463 3640 5534 βού-

2068 5547 2248 5601 λονται
2294 5545 2392 5617 τὴν
2420 5545 2738 5618 ἀπαλλαγὴν
2777 5548 2886 5602 τῶν
2917 5547 3104 5601 δεινῶν
3141 5547 3284 5600 ίδεῖν.
3324 5538 3639 5609 Πολυωρή-

2069 5643 2199 5692 σεις
2221 5642 2299 5695 με
2334 5625 2404 5679 ἐν
2430 5625 2602 5696 ψυχῇ
2639 5644 2760 5696 μου
2795 5626 3042 5696 δυνάμει
3079 5642 3218 5683 σου.
3243 5625 3460 5691 Ἄλλος,
3493 5629 3641 5680 Συν-

2132 5720 2161 5761 d
2182 5721 2294 5786 ξαν..
2319 5723 2697 5786 κατορθωμάτων
2719 5722 2859 5786 ἔσχον
2882 5722 2938 5770 τὸ
2958 5723 3099 5772 ἀπολ.

2135 5795 2160 5846 e_
2186 5783 2242 5846 liii
2268 5783 2568 5846 illlt'rpfelcs
2587 5787 2670 5846 qui
2691 5783 3079 5845 sinﬁgnoralur.

2141 5843 2160 5881 ἲ
2188 5845 2296 5894 Sav.
2322 5843 2464 5894 τοῦτο
2488 5849 2566 5895 καὶ
2587 5843 2615 5894 ὗ
2634 5847 2772 5902 αὐτὸς
2790 5843 2920 5910 ἐπῖηγ.
