4070 6340
333 423 438 478 109

337 534 541 590 Exaudi
577 550 687 601 me,
717 534 852 591 alius
889 535 1058 603 dixit,
1087 535 1355 591 Exaudiin
1391 553 1488 590 me.
1517 534 1651 604 Quid
1679 543 1759 588 est
1783 548 1908 602 ergo

335 626 476 693 quod
499 626 696 682 dictum
726 626 842 684 est?
865 627 995 693 Quae.
1027 635 1151 681 sunt
1186 627 1291 681 alta
1317 635 1372 682 et
1397 626 1638 681 sublimia
1664 626 1911 679 dicuntur

335 719 517 771 Grates
545 725 800 783 meteora,
825 733 856 772 a
885 718 1048 772 verbo
1072 724 1307 789 αῖρεσθαι,
1330 725 1384 771 et
1405 717 1724 772 elevationes
1749 716 1911 770 maris

334 809 580 865 dicuntur
600 807 789 861 ﬂuctus
811 816 866 862 et
882 807 1248 874 exaltationes,
1271 808 1338 860 ab
1357 821 1421 860 co
1444 805 1584 876 quod
1608 815 1694 860 est
1715 805 1909 860 elevari

334 908 386 953 et
410 899 658 955 exaltari.
680 899 815 955 Illud
841 915 966 970 ergo
985 910 1296 970 πολυωρήσεις
1318 897 1455 953 idem
1481 907 1562 953 est
1585 913 1647 953 ac
1671 897 1715 952 si
1740 897 1907 965 dicas,

336 994 600 1048 Exaltabis
625 1009 728 1056 me,
756 993 994 1047 Estolles
1017 1008 1120 1048 me.
1149 992 1262 1047 Hoc
1287 992 1458 1060 ipsum
1487 1000 1660 1046 autem
1687 991 1904 1044 verbum

334 1086 509 1154 posuit
535 1086 678 1147 alibi,
697 1086 913 1140 dicens:
938 1085 1226 1139 Secundum
1254 1083 1566 1137 altitudinem
1592 1093 1730 1137 tuam
1755 1093 1903 1137 extu-

331 1176 433 1231 listi
461 1173 593 1244 ﬁlios
635 1177 888 1230 hominum
917 1174 1100 1244 (Psal.
1136 1176 1220 1229 11.
1250 1173 1336 1245 9),
1368 1173 1452 1227 ubi
1480 1183 1560 1230 est
1585 1173 1767 1228 Grarce
1791 1179 1908 1226 ἐπο-

333 1275 568 1336 λυώρησας
592 1285 604 1320 :
629 1266 729 1320 hoc
757 1274 872 1331 est,
905 1264 1132 1320 Elevasti
1153 1307 1166 1326 ,
1200 1264 1464 1319 Extulisti.
1495 1265 1566 1318 Ita
1595 1265 1750 1319 etiam
1776 1263 1911 1317 dixit

332 1356 458 1410 illud
480 1365 792 1428 πολυωρήσεις
814 1379 891 1423 με,
921 1365 977 1409 ut
1002 1355 1339 1424 signiﬁcaret,
1367 1353 1612 1422 lmplebis
1635 1369 1719 1408 me
1743 1355 1909 1408 multo

331 1446 555 1516 gaudio,
596 1448 976 1515 sublimemque
1015 1453 1068 1500 et
1109 1455 1341 1499 erectum
1389 1444 1520 1497 mihi
1561 1443 1752 1498 reddes
1789 1443 1907 1496 ani-

333 1555 498 1602 nnnn,
527 1548 581 1592 et
603 1539 740 1607 quod
767 1547 847 1592 est
875 1537 1108 1591 omnium
1137 1537 1444 1599 maximum,
1475 1551 1580 1589 non
1607 1536 1747 1589 sines
1771 1534 1908 1588 hanc

332 1646 502 1683 meam
545 1630 916 1683 exaltationem
961 1641 1014 1681 et
1061 1629 1290 1682 laatitiam
1339 1643 1460 1681 esse
1512 1627 1808 1697 languidam
1855 1634 1910 1680 ct

333 1721 669 1784 imbecillam,
700 1721 790 1773 sed
820 1729 1105 1788 potentem,
1138 1719 1378 1781 validam,
1407 1718 1611 1770 ﬁrmam
1638 1727 1691 1772 et
1719 1718 1907 1771 immo-

331 1810 510 1863 bilem.
547 1811 653 1863 lloc
683 1811 821 1863 enim
849 1810 949 1864 sibi
979 1810 1087 1862 vult
1120 1809 1265 1874 illud,
1299 1809 1522 1862 Extolles
1551 1825 1628 1862 me
1652 1809 1704 1861 in
1730 1808 1900 1861 anima

331 1918 439 1953 mea
468 1902 687 1970 potentia
717 1910 824 1952 tua.

399 1992 452 2045 9..
487 1993 692 2062 Afﬂictis
722 1992 854 2045 Deus
876 1991 1033 2046 adest.
1057 2022 1125 2031 —
1150 1991 1258 2045 Hoc
1284 2002 1364 2046 est
1389 2000 1562 2046 autem
1592 1991 1730 2060 quod
1758 1991 1902 2058 dicit,

333 2083 566 2136 Extollcs
597 2099 682 2135 Ine
727 2082 956 2148 potentia
983 2125 996 2140 .
1029 2083 1226 2135 viribus
1259 2083 1430 2152 eriges
1451 2123 1465 2146 ,
1498 2091 1554 2135 et
1593 2082 1716 2135 mihi
1749 2098 1902 2150 opem

331 2171 488 2227 feres.
539 2173 792 2238 Quocirca
838 2173 974 2228 alius
1020 2188 1228 2242 quoque
1276 2175 1536 2242 interpres
1588 2173 1688 2227 hoc
1734 2173 1902 2242 ipsum

330 2265 636 2331 ostendens,
667 2265 818 2329 dixit,
847 2265 1157 2317 Constituis-ti
1193 2265 1376 2317 animre
1402 2280 1524 2317 mete
1550 2265 1771 2317 virtutes.
1805 2267 1905 2317 lle-

330 2368 414 2411 rte
441 2366 617 2410 autem
656 2356 821 2422 dixit,
859 2357 1052 2408 Anium:
1081 2371 1234 2420 meae,
1266 2355 1406 2423 quod
1437 2365 1516 2408 est
1547 2355 1772 2409 maxime
1814 2355 1904 2408 Dei

334 2449 624 2516 proni-ium,
658 2463 898 2502 recreare
925 2448 1131 2501 animos
1159 2449 1210 2500 in
1235 2446 1626 2514 afﬂictionibus,
1655 2446 1906 2516 quemad-

331 2540 542 2592 modum
573 2539 730 2592 ctiam
771 2539 943 2592 evenit
985 2539 1034 2590 in
1066 2537 1340 2605 apostolis.
1377 2538 1579 2606 Flagris
1610 2539 1749 2592 enim
1782 2539 1902 2592 ρευδὶ

333 2630 731 2684 revertebantur
750 2629 1059 2697 gaudentes,
1085 2631 1152 2682 ita
1177 2645 1358 2683 eorum
1383 2629 1680 2697 erigebatur
1700 2629 1904 2682 animus

331 2727 344 2784 t
372 2723 479 2773 Aet.
507 2722 561 2774 Ei.
591 2722 651 2774 41
677 2723 716 2790 ).
756 2722 866 2774 lloc
889 2730 970 2775 est
1001 2720 1081 2774 vel
1113 2720 1354 2773 maximae
1389 2719 1636 2788 potentia:
1668 2718 1758 2773 Dei
1787 2734 1904 2770 mu-

332 2829 459 2874 nus;
489 2813 589 2866 hoc
615 2815 664 2866 in
695 2814 879 2882 primis
899 2812 1127 2866 03tendit
1151 2811 1265 2879 ejus
1291 2811 1448 2874 vires,
1473 2810 1612 2879 quod
1639 2810 1690 2863 in
1719 2809 1905 2864 mediis

332 2909 482 2961 malis
514 2917 566 2960 ct
606 2907 853 2976 periculis
887 2920 992 2958 nun
1028 2904 1152 2957 sinit
1176 2903 1330 2969 dejici
1359 2901 1614 2955 aninnnn.
1649 2901 1700 2954 4.
1731 2899 1904 2966 Conﬁ-

331 3008 524 3051 tcantur
548 2997 652 3062 tibi,
686 2997 914 3058 Domine,
943 3011 1112 3048 omnes
1138 3010 1276 3064 reges
1302 3007 1466 3058 terrw,
1495 2993 1612 3059 quia
1641 2990 1904 3043 audierunt

331 3092 498 3145 omnia
528 3091 669 3144 verba
699 3090 800 3142 oris
832 3089 924 3142 tui.
960 3087 1090 3141 Vide
1111 3101 1266 3156 quam
1293 3087 1360 3138 sit
1391 3085 1457 3153 pii
1485 3094 1538 3139 et
1560 3084 1694 3152 grati
1719 3084 1902 3137 animi.

331 3184 443 3238 Non
472 3183 600 3236 satis
627 3181 818 3245 habet,
849 3181 892 3235 si
919 3179 1062 3234 solus
1084 3186 1204 3248 agat
1226 3177 1420 3246 gratias
1438 3217 1454 3240 ,
1482 3175 1574 3230 scd
1603 3175 1758 3229 etiam
1787 3190 1904 3227 om-

332 3291 426 3331 nes
445 3276 532 3344 qui
559 3275 885 3328 dominatum
911 3270 1169 3334 obtinent,
1195 3278 1347 3323 vocat
1367 3265 1434 3320 ad
1460 3266 1765 3320 societatem
1786 3279 1905 3334 gra-

333 3367 520 3420 tiarum
545 3363 788 3425 actionis,
817 3369 871 3416 et
900 3361 1042 3429 ipsos
1066 3360 1224 3414 etiam
1244 3358 1329 3428 qui
1356 3363 1564 3426 gestant
1585 3354 1902 3410 diademata.

332 3457 441 3512 Etsi
469 3457 607 3511 cnim
639 3469 825 3524 magna
854 3453 951 3516 sit,
984 3451 1185 3521 inquit,
1215 3466 1396 3507 eorum
1423 3450 1653 3518 potentia
1672 3489 1689 3514 ,
1720 3463 1906 3503 omnes

333 3548 424 3602 tibi
448 3559 621 3601 tamen
644 3546 839 3600 dcbcnt
866 3545 1060 3614 gratias
1085 3558 1240 3612 agere
1264 3556 1361 3612 pro
1389 3541 1450 3594 iis
1475 3542 1630 3595 etiam
1654 3556 1769 3610 qua:
1787 3539 1904 3594 aliis

333 3640 466 3694 facta
497 3649 636 3693 sunt.
669 3638 923 3706 Quocirca
955 3637 1055 3691 hoc
1083 3651 1293 3706 quoque
1318 3633 1650 3702 signiﬁcans,
1683 3631 1904 3700 subjun-

333 3731 442 3797 xit,
485 3729 763 3783 Audierant
800 3729 967 3782 omnia
1005 3727 1149 3780 verba
1187 3727 1288 3780 oris
1324 3725 1413 3778 tui.
1455 3724 1510 3779 Si
1549 3739 1675 3792 ergo
1709 3723 1905 3793 gratias

331 3832 518 3894 agant,
557 3823 837 3891 plurimum
877 3820 1001 3874 hinc
1033 3819 1254 3874 fructum
1293 3817 1533 3886 capient,
1569 3826 1622 3869 et
1660 3830 1902 3884 magmnn

333 3917 535 3970 lucrum
568 3915 776 3968 iacient-
807 3912 950 3967 Talia
979 3911 1116 3966 enim
1149 3920 1234 3964 tua
1261 3908 1399 3963 dona
1429 3917 1552 3962 sunt
1579 3906 1822 3960 omnibus
1853 3907 1904 3958 in

331 4009 508 4064 medio
543 4009 804 4078 proposita
826 4047 842 4071 ,
873 4013 929 4059 ut
957 4005 1044 4074 qui
1080 4003 1292 4065 volunt,
1325 4001 1528 4069 possint
1565 4013 1684 4054 esse
1722 4013 1903 4052 eorum

333 4101 633 4171 participes,
662 4108 716 4154 ct
739 4114 799 4152 ea
832 4096 1121 4166 percipere.
1153 4093 1358 4146 Nullam
1385 4105 1511 4160 ergo
1539 4097 1736 4143 tantam
1765 4088 1902 4141 utili-

334 4204 492 4247 tatem
526 4191 718 4261 poterit
751 4189 828 4242 eis
856 4203 1073 4256 regnum
1105 4183 1294 4237 afferre
1313 4223 1328 4249 ,
1357 4189 1604 4251 quantam
1635 4191 1720 4232 tua
1746 4179 1904 4232 verba

331 4284 534 4338 audire.
575 4282 682 4335 lloc
716 4288 797 4334 est
835 4278 912 4330 eis
949 4275 1236 4338 securitas,
1263 4271 1364 4326 hoc
1397 4271 1569 4335 vires,
1610 4269 1711 4323 hoc
1746 4283 1906 4322 orna-

333 4383 568 4429 mentum
590 4414 603 4435 ,
630 4372 730 4426 hoc
759 4371 918 4425 decus
944 4409 956 4432 ,
999 4367 1100 4421 hoc
1143 4379 1362 4435 regnum
1384 4363 1401 4393 ί
1421 4402 1436 4427 ,
1469 4362 1568 4416 hoc
1595 4373 1674 4415 ρει
1701 4359 1906 4427 imperii

333 4468 511 4520 laetitia
533 4474 587 4519 ct
614 4463 862 4533 potentia.
888 4462 940 4516 5.
967 4459 1032 4513 Et
1052 4466 1248 4511 cantent
1269 4457 1319 4508 in
1343 4454 1431 4508 viis
1448 4451 1712 4506 Domini’.
1735 4451 1902 4514 Alius,

335 4561 400 4614 Et
427 4567 621 4613 cantent
652 4558 753 4610 vias
775 4555 998 4609 Domini.
1027 4553 1081 4608 Si
1107 4566 1232 4618 ergo
1261 4549 1418 4611 dicat,
1452 4549 1515 4600 In
1541 4549 1632 4599 uiis
1659 4547 1774 4606 tuis,
1806 4545 1908 4598 hoc

333 4661 414 4706 cst
438 4652 574 4718 quod
601 4649 746 4709 dicit.
773 4648 826 4703 lu
851 4646 1054 4715 legibus
1080 4646 1199 4706 luis,
1224 4643 1275 4697 in
1297 4642 1456 4711 jussis
1485 4641 1604 4693 tuis.
1630 4637 1683 4692 Si
1706 4646 1902 4699 autem,

343 4743 461 4796 Vias
488 4753 616 4805 tuas,
650 4740 925 4802 Praeclara,
952 4736 1139 4804 inqttit,
1169 4733 1284 4797 hac
1307 4743 1390 4786 tua
1418 4730 1550 4784 facta
1574 4731 1770 4792 dicant,
1798 4729 1909 4780 lan-

332 4835 498 4894 dent,
540 4831 812 4885 celebrent
854 4843 917 4881 ac
962 4825 1248 4896 pra-dicent
1279 4840 1293 4875 :
1325 4821 1427 4876 hoc
1466 4821 1606 4875 enim
1653 4819 1750 4872 sibi
1797 4817 1908 4870 vult

333 4923 482 4981 illud,
509 4921 736 4975 Ctmtcnt.
767 4918 1016 4983 Quoniam
1043 4930 1226 4985 magna
1252 4923 1321 4967 est
1346 4912 1508 4982 gloria
1538 4909 1742 4962 Domini
1766 4923 1783 4960 :
1811 4907 1910 4961 hoc

331 5024 447 5078 est,
480 5013 734 5067 Omnibus
771 5020 949 5079 aperta
975 5049 991 5073 ,
1028 5007 1272 5060 oumibus
1314 5004 1627 5064 manifesta,
1665 5001 1909 5054 omnibus

336 5107 572 5171 evidens,
605 5113 780 5173 parata
812 5102 876 5155 ad
903 5099 1150 5156 onmibns
1172 5097 1424 5152 beneﬁcia
1457 5093 1772 5164 prtestanda,
1796 5107 1911 5145 om-

336 5213 432 5250 nes
460 5195 661 5250 habens
689 5194 787 5246 sibi
817 5192 999 5262 gratiu:
1030 5189 1240 5244 nomine
1266 5188 1544 5242 obnoxios.
1576 5186 1628 5240 6.
1661 5185 1910 5252 Quoniam

335 5291 555 5344 excelsus
587 5288 829 5341 Dominus
855 5327 868 5350 ,
894 5296 940 5339 et
966 5284 1176 5337 humilia
1213 5281 1431 5351 respicit.
1474 5280 1664 5360 Altus,
1705 5279 1906 5347 inquit,

336 5393 544 5445 natura,
573 5379 709 5433 altus
735 5376 1047 5432 substantia.
1069 5373 1171 5428 Sed
1198 5373 1297 5426 hoc
1319 5370 1529 5441 quidem
1553 5386 1690 5423 nunc
1710 5369 1908 5422 dictum

336 5481 450 5535 est,
481 5481 536 5524 ut
561 5486 618 5524 se
652 5469 716 5522 ad
748 5467 1023 5523 Judaicum
1054 5466 1250 5518 cultum
1289 5461 1730 5515 accommodaret.
1759 5457 1908 5524 Quod

335 5577 513 5619 autem
539 5563 798 5634 sequitur,
826 5561 879 5616 id
905 5558 1140 5629 corrigit,
1170 5565 1222 5631 et.
1249 5553 1499 5610 humilem
1525 5553 1819 5607 auditorem
1844 5549 1910 5604 ad

399 5764 418 5797 ι
454 5770 534 5812 lue
556 5777 717 5823 voces,
742 5762 829 5812 hoc
848 5774 1060 5823 regnum,
1089 5758 1267 5806 desunt
1289 5757 1337 5804 in
1353 5753 1541 5803 Savilio.
1606 5821 1612 5823 _
1645 5811 1654 5821 .
1809 5811 1838 5823 ﬂ
1875 5810 1886 5820 _

341 5827 419 5938 Do'
452 5825 591 5892 savii.
615 5830 686 5878 sic
709 5817 862 5876 'alfert
896 5817 1154 5873 lectionem
1183 5827 1285 5867 LXX
1309 5833 1320 5868 :
1351 5823 1401 5868 L‘t
1427 5821 1612 5867 c..tttcnt
1638 5817 1688 5866 in
1713 5817 1908 5866 canticis

411 5897 545 5935 num.

1386 419 1735 477 EXPOSITIO
1772 417 1837 473 IN
1877 415 2198 474 PSALMUM
2237 418 2546 478 CXXXVII.

3489 432 3590 488 “0

2032 552 2273 607 magnam
2299 539 2692 608 intelligentiam
2719 540 2888 611 erigit.
2917 542 3051 611 Quid
3083 544 3185 600 hoc
3205 555 3380 600 autem
3405 558 3505 614 est,
3529 551 3594 603 Et

2019 627 2124 681 alta
2144 629 2344 698 alonge
2366 631 2616 698 cognoscit
2633 630 2658 682 Ρ
2679 631 2719 684 11
2729 631 2775 685 ic
2793 635 2932 686 enim
2954 634 3021 688 de
3049 638 3376 703 pnescieutia
3400 642 3590 708 agitur,

2018 717 2160 787 quod
2185 727 2267 773 est
2293 721 2538 788 potentia:
2569 722 2660 776 Dei
2703 725 2930 778 maxime
2971 728 3236 796 proprium
3269 745 3280 778 :
3315 737 3365 781 et
3394 729 3513 782 ideo
3539 731 3591 783 in

2022 807 2294 876 prophetis
2330 824 2471 878 sarpe
2514 810 2765 880 loquens,
2803 813 2926 868 hinc
2964 815 3016 869 in
3051 831 3144 870 cos
3183 817 3476 882 invehitur,
3505 821 3591 889 qui

2023 905 2270 952 tenentur
2297 915 2476 954 errore
2513 903 2938 956 simulacrorum.
2968 905 3135 971 Alius,
3163 904 3228 958 Et
3251 909 3385 977 quod
3410 910 3592 962 elatum

2016 996 2109 1050 est,
2141 1005 2171 1041 a
2198 987 2344 1059 longe
2366 990 2616 1044 discernit.
2645 994 2811 1056 Alius,
2837 991 2901 1045 Et
2921 995 3148 1049 sublime.
3170 996 3426 1062 Quoniam
3451 999 3590 1052 enim

2016 1078 2170 1145 dixit,
2197 1080 2442 1136 Excelsus
2463 1080 2733 1148 Dominus,
2760 1094 2806 1137 et
2828 1085 3038 1138 humilia
3056 1087 3275 1154 respicit,
3297 1087 3586 1156 subjunxit,

2015 1170 2083 1225 Et
2110 1175 2213 1226 alta
2237 1190 2268 1226 a
2293 1175 2440 1244 longe
2464 1177 2733 1245 cognoscit,
2765 1176 3066 1245 signiﬁcans
3092 1194 3211 1233 eum
3242 1180 3344 1232 alta
3372 1195 3474 1233 non
3504 1195 3589 1233 so-

2015 1259 2288 1317 lummodo
2314 1277 2653 1332 cognoscere,
2681 1267 2772 1318 sed
2797 1267 2954 1319 etiam
2979 1282 3041 1319 ex
3073 1282 3262 1337 magno
3293 1268 3586 1333 intervallo,

2017 1353 2118 1407 hoe
2144 1363 2246 1421 est,
2277 1355 2580 1424 priusquam
2607 1358 2871 1419 eveniant,
2899 1358 3202 1428 priusquam
3228 1359 3586 1428 perﬁciantur,

2014 1447 2317 1516 priusquam
2348 1448 2398 1502 in
2437 1462 2569 1516 opus
2596 1456 2804 1502 exeant.
2833 1449 2887 1502 7.
2921 1449 2982 1503 Si
3007 1450 3324 1503 ambulavero
3349 1452 3400 1504 in
3426 1452 3588 1505 medio

2014 1536 2367 1601 tribulationis,
2399 1538 2669 1605 vivificabis
2706 1555 2799 1590 me.
2843 1538 2954 1592 Non
2986 1538 3135 1602 dixit,
3176 1540 3587 1594 Tribulationem

2014 1629 2273 1694 expelles,
2297 1629 2409 1690 sed,
2433 1628 2487 1682 in
2511 1630 2638 1697 ipsis
2664 1631 2813 1682 malis
2841 1639 3135 1683 manentem
3160 1631 3448 1685 viviﬁcabis
3471 1648 3583 1696 me;

2013 1719 2113 1773 hoc
2139 1727 2238 1785 est,
2267 1719 2470 1774 etiamsi
2498 1721 2550 1772 in
2583 1720 2808 1772 maxima
2845 1719 3074 1788 pericula
3107 1720 3360 1787 incidero,
3391 1723 3587 1790 poteris

2014 1825 2099 1863 me
2128 1824 2447 1862 conservare
2477 1827 2489 1862 :
2518 1809 2656 1878 quod
2684 1819 2765 1863 est
2794 1810 3130 1875 admirabile,
3174 1822 3227 1864 et
3264 1812 3431 1878 majus
3468 1827 3584 1866 om-

2013 1902 2155 1956 nimn
2189 1902 2456 1970 opinione,
2485 1901 2624 1971 quod
2657 1917 2773 1954 cum
2804 1902 3030 1972 undique
3059 1905 3235 1955 hostes
3256 1912 3307 1954 et
3327 1903 3462 1956 mala
3484 1903 3586 1956 cir-

2009 2001 2290 2055 cumstcnt,
2317 1991 2366 2044 in
2397 2002 2506 2046 luto
2529 1994 2837 2056 collocetur,
2865 1994 2950 2060 qui
2973 1993 3037 2046 ab
3060 1993 3136 2046 eis
3162 1993 3581 2047 circumsidetur.

2012 2083 2074 2136 lit
2117 2100 2266 2152 super
2308 2084 2436 2135 iram
2477 2084 2790 2136 inimicorum
2838 2100 3060 2136 meorum
3105 2084 3367 2137 extendisti
3410 2101 3586 2139 manus

2009 2184 2140 2227 tuas.
2171 2174 2338 2237 Alius,
2364 2175 2611 2227 Adversus
2636 2175 3012 2243 respirationem
3035 2175 3345 2228 inimicorum
3369 2193 3586 2228 meorum

2009 2268 2241 2320 extendes
2269 2265 2362 2336 (ιι).
2387 2266 2576 2319 Vidisti
2600 2267 2879 2318 maximam
2904 2281 3022 2318 esse
3047 2267 3332 2335 potentiam
3357 2266 3406 2320 in
3433 2268 3586 2321 utris-

2009 2373 2110 2426 que
2141 2359 2373 2425 partibus
2393 2358 2415 2410 ἲ
2439 2357 2570 2410 Nam
2597 2366 2649 2410 et
2675 2373 2778 2420 me,
2802 2357 2990 2426 inquit,
3016 2358 3104 2426 qui
3131 2358 3179 2409 in
3205 2357 3447 2411 maximis
3470 2373 3584 2411 vcr-

2009 2469 2097 2504 sor
2123 2452 2294 2514 malis,
2325 2465 2642 2504 conservare
2669 2449 2887 2518 poteris,
2916 2457 2968 2501 et
2995 2451 3110 2502 illos
3138 2449 3313 2503 furore
3339 2446 3585 2510 rabieque

2011 2542 2259 2610 percitos,
2288 2553 2341 2594 et
2369 2541 2542 2610 ignem
2574 2542 2854 2609 spirantes,
2881 2539 3113 2608 dejicere
3139 2548 3191 2592 et
3216 2540 3583 2606 comprimere.

2010 2634 2077 2686 Et
2098 2634 2290 2688 salvum
2321 2649 2400 2685 me
2439 2633 2555 2702 fecit
2594 2633 2800 2686 dextera
2837 2643 2940 2685 tua.
2971 2632 3152 2698 Alius,
3186 2631 3249 2683 Et
3289 2631 3481 2684 salvum
3510 2647 3588 2684 me

2011 2727 2157 2796 faciet
2177 2726 2383 2779 dextera
2409 2734 2493 2777 tua
2519 2721 2616 2794 (b),
2642 2723 2742 2777 hoc
2763 2732 2863 2787 est,
2893 2722 3124 2792 potentia
3153 2731 3258 2786 tua,
3285 2721 3452 2774 virtus
3474 2729 3582 2773 tua.

2011 2819 2120 2873 Deo
2157 2818 2300 2872 enim
2339 2825 2464 2871 sunt
2501 2816 2762 2884 expeditae
2795 2814 2896 2868 vias
2925 2829 3110 2868 omnes
3143 2824 3197 2868 et
3234 2813 3501 2877 rationes,
3532 2820 3587 2866 et

2008 2918 2183 2979 potest
2208 2910 2290 2962 vel
2315 2923 2378 2963 ex
2411 2908 2567 2962 rebus
2606 2905 2902 2973 desperatis
2937 2905 3002 2958 ad
3041 2905 3260 2958 salutem
3300 2904 3582 2958 adducere.

2009 3003 2062 3054 8.
2094 3000 2342 3053 Dominus
2367 2999 2602 3051 retribuet
2628 3014 2720 3066 pro
2745 3013 2838 3048 me.
2873 2995 3042 3060 Alius,
3073 2994 3260 3064 Eﬂiciet
3290 2992 3380 3063 (c).
3416 2994 3583 3058 Alius,

2010 3092 2263 3160 I’erﬁciet,
2296 3091 2396 3144 hoc
2425 3099 2524 3154 est,
2557 3089 2851 3144 Ulciscetur
2886 3087 3144 3140 inimicos.
3178 3085 3292 3139 Non
3320 3084 3456 3138 dixit
3488 3100 3584 3136 an-

2012 3195 2137 3248 tem,
2164 3182 2474 3245 Ulciscctur,
2501 3181 2617 3246 sed,
2646 3178 2916 3238 Retribuat,
2949 3175 3236 3230 ostendens
3260 3175 3399 3245 quod
3426 3175 3584 3229 etiam

2009 3276 2052 3329 si
2079 3277 2177 3328 sim
2207 3273 2394 3327 rationi
2422 3271 2703 3326 reddenda:
2727 3269 3004 3331 obnoxius,
3031 3269 3142 3335 ipse
3168 3269 3403 3321 exsolvet
3428 3276 3478 3319 et
3501 3279 3586 3317 sa-

2016 3364 2274 3429 tisfaciet;
2305 3372 2387 3417 est
2413 3364 2553 3416 enim
2585 3360 2860 3428 benignus.
2889 3357 3068 3412 Potest
3092 3366 3267 3410 autem
3300 3355 3399 3409 hoc
3425 3354 3582 3408 etiam

2017 3458 2117 3511 diri
2160 3457 2224 3509 de
2262 3457 2326 3509 iis
2359 3469 2475 3524 qum
2501 3469 2528 3505 a
2560 3452 2772 3505 Christo
2815 3465 2909 3516 pro
2943 3449 3094 3502 nobis
3131 3448 3260 3500 facta
3297 3455 3439 3500 sunt.
3469 3446 3586 3512 Ipse

2013 3549 2152 3602 enim
2182 3563 2276 3616 pro
2302 3545 2452 3599 nobis
2481 3542 2738 3597 retribuit.
2777 3539 2987 3592 Domine
3007 3578 3020 3602 ,
3052 3536 3390 3590 misericordia
3421 3544 3504 3587 tua
3531 3536 3583 3588 in

2008 3643 2268 3697 stantium.
2315 3638 2481 3706 Opera
2520 3650 2758 3687 manuum
2803 3644 3000 3684 tuarum
3041 3646 3103 3681 ne
3139 3627 3404 3696 despicias.
3448 3628 3584 3680 Duas

2010 3735 2161 3789 aﬁ'ert
2196 3733 2453 3791 rationes,
2489 3743 2583 3782 cur
2607 3726 2796 3779 debeat
2825 3722 3034 3791 assequi
3060 3721 3182 3788 ejus
3202 3717 3534 3771 clementiam
3568 3732 3580 3767 :

2012 3841 2167 3878 unam
2207 3821 2419 3891 quidem
2445 3859 2459 3884 ,
2493 3817 2630 3886 quod
2660 3817 2770 3883 ipse
2799 3815 2865 3867 sit
2893 3813 3061 3864 bonus
3089 3821 3143 3862 et
3171 3809 3469 3861 misericors
3489 3847 3502 3868 ,
3532 3815 3586 3858 et

2009 3915 2221 3969 assidue
2245 3912 2580 3968 misericors.
2615 3915 2670 3958 ut
2701 3919 2984 3972 numquam
3017 3901 3454 3964 interrumpatnr,
3488 3910 3585 3948 nec

2011 4005 2253 4066 desinat,
2295 4015 2394 4055 nec
2435 3999 2588 4051 cedat
2628 3996 2744 4064 ejus
2788 3991 3066 4047 clementia
3101 3987 3365 4041 :altcram
3407 3994 3583 4038 autem

2014 4096 2153 4166 quod
2183 4095 2293 4162 ipse
2319 4093 2386 4145 sit
2416 4092 2634 4144 Creator
2659 4094 2713 4139 et
2741 4082 2946 4152 Opifex.

2085 4185 2432 4242 Misericordia
2457 4181 2554 4235 Dei
2582 4195 2682 4232 non
2719 4176 2868 4230 datur
2902 4170 3354 4226 indiscriminatim.
3381 4198 3454 4210 ——
3478 4167 3580 4223 Sed

2011 4275 2452 4350 quemadmodum
2479 4271 2546 4324 ab
2571 4270 2648 4323 eis
2675 4265 2870 4320 servari
2899 4263 3164 4325 volumus,
3199 4262 3267 4312 ita
3296 4261 3451 4313 etiam
3480 4259 3582 4310 mi-

2011 4346 2298 4424 sericordia
2333 4365 2546 4432 dignum
2585 4358 2708 4427 quid
2748 4353 3086 4409 ostendamus
3112 4353 3128 4421 ζ
3149 4351 3312 4404 Exod.
3343 4351 3428 4404 55.
3458 4346 3581 4417 l9).

2011 4458 2286 4515 Miserebor
2314 4455 2478 4518 enim,
2510 4449 2698 4520 inquit,
2725 4447 2866 4516 cujus
2895 4443 3160 4497 miserebor
3185 4440 3355 4511 (Rom.
3386 4439 3439 4493 9.
3473 4440 3582 4508 15).

2009 4552 2123 4607 Non
2167 4549 2308 4604 cnim
2351 4539 2809 4599 indiscriminatim
2851 4551 2972 4590 cum
3012 4532 3154 4587 subit
3191 4529 3582 4590 misericordia,

2012 4641 2104 4697 sed
2145 4640 2257 4708 ipse
2296 4636 2451 4690 etiam
2492 4632 2719 4700 aliquam
2755 4625 3143 4681 distinctionem
3181 4620 3416 4674 adhibet.
3449 4619 3500 4671 Si
3536 4619 3584 4671 id

2010 4733 2150 4787 enim
2181 4729 2376 4782 faceret
2405 4717 2880 4780 indiscriminalirn,
2912 4727 3068 4768 nemo
3098 4725 3343 4778 umquam
3373 4708 3582 4776 punire-

2013 4835 2112 4879 tur.
2144 4820 2399 4891 Quocirca
2431 4829 2533 4868 non
2565 4811 2736 4866 solum
2765 4807 3014 4861 faciamus
3041 4818 3099 4855 ea
3129 4816 3245 4869 qua:
3274 4806 3498 4866 opm-tet.
3533 4806 3585 4850 ut

2015 4911 2425 4970 Iniserieordiam
2469 4914 2890 4972 consequamur,
2932 4896 3023 4949 Sed
3064 4895 3220 4948 etiam
3253 4891 3374 4961 quia
3411 4907 3439 4943 a
3477 4891 3583 4943 Dea

2015 5007 2132 5059 l'acti
2161 5017 2362 5057 sunms.
2395 4999 2527 5052 Eum
2555 4994 2694 5048 enim
2721 4991 2807 5059 qui
2837 5005 2864 5040 a
2895 4989 3001 5041 Deo
3025 4994 3232 5039 creatus
3261 4992 3361 5046 est,
3387 4992 3439 5035 et
3470 4990 3586 5033 tan-

2015 5109 2034 5152 t
2057 5115 2124 5151 nn
2155 5094 2334 5147 habuit
2362 5089 2612 5158 Opiﬁccm
2640 5093 2694 5138 et
2723 5083 2916 5149 Regem
2938 5120 2952 5144 ,
2980 5085 3188 5146 Oportet
3223 5091 3280 5128 se
3310 5074 3376 5127 ita
3403 5087 3588 5140 gerere

2015 5200 2071 5242 ut
2117 5188 2253 5240 illius
2291 5197 2418 5237 cura
2457 5189 2510 5233 et
2549 5174 2871 5246 providentia
2916 5186 2973 5223 se
3015 5185 3117 5220 non
3160 5183 3278 5220 esse
3318 5165 3585 5232 indigmnn

2014 5280 2272 5337 ostendat.
2301 5276 2355 5331 Si
2383 5274 2496 5327 hmc
2524 5269 2796 5328 iaciamus,
2821 5266 2954 5317 bona
2983 5262 3156 5315 futura
3180 5271 3586 5324 eousequetnnr,

2015 5391 2130 5444 qua:
2163 5369 2313 5425 nobis
2342 5365 2611 5432 contingat
2639 5360 2869 5426 assequi.
2899 5355 3062 5422 gratia
3088 5362 3142 5406 et
3169 5349 3450 5405 clementia
3483 5347 3585 5399 Du-

2016 5435 2140 5520 mini
2185 5459 2347 5515 nostri
2387 5457 2512 5511 Jesu
2536 5452 2732 5507 Christi
2757 5489 2772 5514 ,
2799 5449 2881 5502 cui
2911 5445 3073 5515 gloria
3101 5450 3154 5498 et
3191 5440 3470 5510 imperium
3491 5476 3506 5503 ,
3536 5435 3589 5491 in

2015 5557 2204 5616 sagcula
2235 5550 2568 5607 saeculorum.
2601 5545 2793 5599 Amen.

2077 5735 2149 5792 (ιι)
2184 5741 2294 5782 lucc
2316 5724 2654 5792 interpretatio
2677 5714 3051 5792 cstsvmmaebil.

2081 5738 2126 5792 fa
2184 5741 2294 5782 lucc
2316 5735 2654 5789 interpretatio
2677 5735 2753 5770 csr
2773 5735 3051 5782 symmaem.

2081 5735 2151 5859 (bi
2187 5795 2410 5859 ltic_item
2434 5791 2677 5859 interpres
2702 5789 2787 5859 est

2183 5859 2237 5906 lli
2270 5857 2570 5915 interpretes
2590 5849 2671 5910 qui
2695 5849 2793 5896 sint
2812 5849 3070 5893 nescimus.
