4070 6340
431 403 522 457 III
1097 392 1157 450 S.
1197 385 1474 447 JOANNIS
1513 376 1984 439 CllilYSOS'I'OlIl
2025 375 2344 431 ARCIIIEP.
2384 372 2925 431 CONSTANTINOP.

823 508 890 565 IN
927 503 1252 563 PSALMUM
1290 497 1620 557 CXXXVIII.

782 644 834 697 I.
879 636 947 694 In
975 639 1158 709 ﬁnem,
1189 636 1410 690 victoria:
1443 631 1654 686 auctori.

671 755 915 823 Domine,
941 751 1162 826 probasti
1183 768 1281 821 me,
1303 759 1350 807 et
1371 749 1646 821 cognovisti
1673 763 1768 802 me.

503 873 552 926 I.
587 869 852 936 Quomodo
878 885 994 934 vox,
1025 865 1283 938 probasti,
1306 865 1369 919 de
1403 863 1514 918 Deo
1552 859 1877 932 intelligenda
1914 859 2011 923 sit;

431 963 581 1016 sessio
608 972 653 1016 et
682 960 974 1015 resurrectio
1004 958 1157 1030 quid;
1187 956 1281 1011 Dei
1309 956 1642 1026 prwscientia.
1673 983 1742 994 —
1765 950 1900 1018 Quid
1927 949 2012 1004 tli-

429 1055 552 1108 cis?
581 1055 729 1109 novit
758 1055 919 1120 Deus,
951 1061 1228 1123 postquam
1256 1049 1497 1119 probavit
1525 1064 1542 1104 :
1569 1057 1854 1117 antequam
1884 1061 2010 1115 pro-

434 1147 576 1200 bavit
600 1156 778 1201 autem
798 1185 814 1210 ,
852 1159 959 1199 non
988 1142 1179 1198 novit?
1207 1141 1378 1196 Absit.
1405 1138 1681 1208 Quomodo
1709 1138 1850 1193 enim
1876 1177 1892 1201 ,
1920 1134 2010 1205 qui

433 1239 610 1292 omnia
654 1237 802 1293 novit
836 1244 1120 1306 antequam
1163 1232 1393 1289 ﬁerent?
1428 1231 1522 1286 sed
1562 1229 1692 1285 illud
1720 1270 1737 1297 ,
1779 1227 2012 1282 Probasti

436 1345 517 1383 me
543 1327 727 1401 (Dan.
755 1329 844 1384 15.
875 1326 947 1384 42
971 1325 1027 1399 ),
1067 1325 1366 1397 signiﬁcat,
1394 1324 1478 1380 Me
1516 1324 1749 1394 perfecte
1794 1319 2009 1376 novisti.

435 1419 894 1488 Quemadmodum
932 1418 1075 1474 enim
1117 1416 1429 1488 Apostolus,
1473 1414 1686 1486 quando
1723 1412 1850 1467 dicit
1890 1427 2012 1466 eum

434 1512 597 1566 corda
623 1512 846 1566 serutari
873 1509 894 1583 (
917 1511 1066 1566 Rom.
1092 1511 1146 1567 8.
1173 1509 1241 1564 27
1261 1510 1278 1576 )
1301 1551 1315 1573 ,
1346 1524 1453 1564 non
1483 1506 1894 1578 ignorationem,
1917 1504 2012 1559 sed
2051 1546 2056 1551 ς

437 1601 724 1672 perfectam
751 1603 1106 1675 cognitionem
1136 1600 1440 1672 signiﬁcans
1461 1601 1562 1654 hoc
1580 1599 1741 1655 dicit:
1762 1599 1831 1653 ita
1853 1598 2013 1653 etiam

370 1705 377 1712 '
437 1691 524 1748 hic
545 1707 664 1747 cum
695 1692 855 1761 dicit,
893 1691 1132 1750 Probasti
1151 1709 1249 1759 me,
1275 1691 1729 1748 evidentissimam
1754 1689 2015 1760 signiﬁcat

434 1785 789 1855 cognitionem
815 1827 829 1850 ,
870 1785 971 1840 hoc
1009 1794 1126 1851 est,
1152 1783 1231 1838 Tu
1270 1799 1357 1839 me
1393 1783 1626 1853 perfecte
1665 1782 1824 1836 nosti.
1851 1782 1904 1836 2.
1937 1781 2014 1835 Tu

433 1878 707 1948 cognovisti
735 1878 1002 1932 sessionem
1027 1893 1188 1930 meam
1216 1885 1260 1930 et
1281 1875 1688 1930 resurrectionem
1712 1890 1892 1927 meum.
1915 1873 2016 1928 Per

434 1971 725 2025 sessionem
752 1979 806 2025 et
826 1969 1267 2024 resurrectionem
1294 1982 1508 2022 omnem
1530 1966 1689 2020 vitam
1717 1965 2011 2035 signiﬁcat:

435 2059 488 2113 in
517 2059 599 2114 bis
627 2059 770 2114 enim
798 2068 906 2115 tota
933 2059 1038 2112 vita
1076 2067 1254 2112 nostra
1291 2057 1567 2123 consistit;
1599 2056 1857 2119 actiones,
1889 2072 2017 2124 ope-

434 2151 691 2218 rationes,
721 2152 987 2220 ingressus
1007 2159 1061 2204 et
1088 2149 1281 2204 exitus.
1309 2149 1512 2204 Deinde
1534 2149 1783 2218 quoniam
1805 2147 1936 2202 dixit
1961 2149 2013 2202 in

434 2243 715 2314 principio,
740 2241 980 2297 Probasti
1004 2258 1082 2296 me
1109 2258 1128 2296 :
1153 2257 1221 2297 ne
1248 2241 1369 2312 quis
1396 2240 1554 2311 paulo
1579 2239 2017 2295 inconsideratior

434 2342 646 2405 putaret
668 2349 790 2388 eum
814 2348 972 2388 nosse
999 2349 1064 2388 ex
1092 2332 1422 2402 probatione,
1452 2330 1536 2386 vel
1565 2346 1630 2386 ex
1651 2347 1827 2385 rerum
1853 2347 2015 2402 expe-

434 2425 646 2491 rientia,
680 2435 956 2495 propterea
982 2424 1122 2495 quod
1149 2424 1310 2490 dixit,
1338 2423 1419 2477 Tu
1446 2424 1719 2495 cognovisti
1746 2425 2016 2477 sessionem

435 2535 615 2582 meam,
639 2529 684 2572 et
712 2520 1121 2573 resurrectionem
1140 2533 1322 2582 meam,
1343 2514 1465 2570 vide
1484 2514 1749 2586 quomodo
1771 2515 1824 2569 id
1848 2517 2016 2570 corri-

434 2611 510 2682 git
544 2625 639 2680 per
668 2611 718 2677 id
748 2609 889 2679 quod
925 2609 1193 2679 subjungit
1214 2650 1228 2673 ,
1265 2607 1449 2662 dicens
1476 2651 1492 2674 ,
1534 2608 1588 2662 '5.
1619 2607 1696 2661 Tu
1723 2607 2017 2662 intellexisti

434 2703 755 2772 cogitationes
775 2718 909 2755 meas
935 2718 967 2754 a
996 2703 1160 2771 longe.
1191 2700 1295 2756 Per
1323 2701 1424 2754 hoc
1443 2699 1586 2754 enim
1611 2697 2014 2769 signiﬁcatcum

436 2810 543 2849 non
587 2809 745 2850 nosse
776 2810 873 2864 per
911 2794 1276 2864 probationem
1301 2833 1318 2858 ,
1355 2807 1529 2862 neque
1557 2806 1693 2860 opus
1729 2791 1929 2847 habere
1960 2799 2016 2845 ut

435 2887 645 2956 probet,
668 2887 763 2942 sed
790 2901 882 2941 sua
912 2886 1225 2957 prtesciendi
1253 2884 1503 2940 facultate
1526 2885 1666 2940 scire
1689 2884 1892 2938 omnia.
1913 2884 2014 2951 Qui

435 2978 578 3032 enim
606 2977 752 3032 novit
787 2977 1134 3047 cogitationes
1172 2991 1292 3046 qua:
1332 2975 1386 3030 in
1420 2986 1600 3031 mente
1631 2983 1755 3030 sunt
1785 2975 1973 3045 positm
1995 3015 2014 3044 ,

435 3085 541 3124 non
564 3083 700 3139 opus
720 3067 881 3123 habet
900 3076 959 3122 ut
985 3067 1173 3138 probet
1197 3082 1292 3137 per
1311 3081 1496 3136 opera.
1523 3068 1853 3138 Quamquam
1881 3066 2018 3120 alio-

435 3162 524 3231 qui
552 3176 656 3216 non
680 3160 852 3215 solum
875 3175 968 3215 eas
992 3159 1139 3216 novit
1161 3159 1286 3214 dum
1315 3160 1372 3213 in
1401 3169 1579 3215 mente
1598 3170 1898 3226 versantur,
1921 3160 2017 3214 sed

435 3253 593 3308 etiam
626 3255 930 3322 priusquam
956 3253 1157 3307 versari
1184 3251 1479 3321 incipiant:
1519 3266 1618 3307 nec
1655 3253 1829 3308 solum
1863 3263 2016 3308 ante-

436 3360 592 3415 quam
635 3344 835 3400 versari
882 3345 1173 3415 incipiant,
1217 3344 1310 3400 sed
1345 3345 1506 3399 etiam
1545 3344 1705 3414 longo
1733 3356 1855 3400 ante
1885 3355 2018 3400 tem-

437 3452 584 3506 pore.
618 3436 688 3490 Et
711 3435 832 3490 ideo
859 3437 972 3489 haec
993 3436 1177 3490 volens
1205 3435 1503 3506 significare
1525 3476 1540 3501 ,
1567 3435 1840 3506 subjunxit
1863 3436 2014 3502 illud,

438 3526 741 3580 Intellexisti
779 3526 1106 3596 cogitationes
1147 3543 1283 3581 meas
1323 3527 1386 3581 de
1419 3526 1587 3598 longe.
1633 3528 1688 3584 Si
1717 3543 1845 3598 ergo
1873 3531 2021 3584 novit

437 3619 597 3673 etiam
639 3618 984 3689 cogitationes
1011 3619 1150 3673 Deus
1174 3658 1189 3684 ,
1217 3633 1314 3672 cur
1351 3617 1551 3673 inducit
1576 3634 1695 3674 eam
1718 3660 1733 3684 ,
1768 3636 1887 3690 qua:
1927 3637 2021 3690 per

438 3724 600 3777 opera
631 3707 718 3771 ﬁt,
751 3707 1114 3776 probationem
1136 3709 1160 3762 l
1180 3709 1297 3764 Non
1327 3716 1387 3763 ut
1415 3711 1527 3780 ipse
1557 3709 1657 3765 hoc
1686 3710 1893 3780 discat,
1922 3713 2018 3768 sed

441 3812 498 3856 ttt
519 3817 611 3858 eos
638 3803 724 3872 qui
754 3802 838 3856 illa
864 3802 1132 3857 sustinent
1155 3802 1407 3873 probatos
1441 3801 1658 3857 efﬁciat.
1687 3805 2020 3874 Cognoverat

439 3896 582 3951 enim
612 3896 713 3950 Job
739 3904 862 3951 ante
889 3895 1288 3964 experientiam,
1317 3902 1370 3949 et
1397 3893 1518 3949 ideo
1546 3894 1597 3949 id
1628 3896 1916 3952 testabatur
1941 3897 2022 3950 tli-

440 4001 568 4040 ccns
597 4003 610 4039 :
647 3985 815 4039 Homo
841 3987 1033 4056 justus,
1061 4000 1232 4053 verax,
1271 3986 1384 4053 pius
1412 3984 1566 4056 (Job.
1597 3985 1652 4039 2.
1681 3986 1716 4041 5
1739 3986 1777 4056 ).
1803 3986 1906 4042 Sed
1939 3989 2021 4042 in-

441 4075 592 4131 duxit
613 4076 1016 4146 experientiam,
1040 4084 1098 4130 ut
1122 4085 1176 4130 et
1201 4075 1349 4131 illum
1378 4074 1626 4132 redderet
1648 4077 1944 4144 fortiorem,
1969 4089 2024 4133 et

443 4171 638 4226 diaboli
667 4172 1006 4241 redargueret
1031 4171 1444 4240 improbitatem,
1469 4179 1524 4226 et
1543 4171 1676 4226 alios
1703 4173 1817 4242 ejus
1843 4189 2024 4229 exem-

443 4264 532 4334 plo
562 4263 809 4318 meliores
847 4261 1112 4317 redderet.
1146 4262 1213 4316 Et
1240 4261 1368 4331 quid
1399 4263 1609 4318 miraris
1639 4263 1681 4319 si
1711 4263 1814 4319 hoc
1841 4267 2026 4320 fecerit

445 4355 496 4410 in
511 4354 631 4419 Job,
649 4369 768 4408 cum
791 4354 961 4424 ipsum
987 4353 1144 4408 faciat
1159 4353 1317 4409 etiam
1336 4355 1387 4408 in
1407 4357 1806 4424 peccatoribus?
1826 4360 2027 4428 Aperte

447 4448 590 4503 enim
620 4446 822 4502 sciebat
847 4446 1106 4501 Ninivitas
1132 4463 1238 4501 non
1267 4461 1388 4503 esse
1415 4447 1604 4518 dignos
1636 4450 1726 4520 qui
1766 4453 2023 4520 perirent,

447 4542 540 4597 sed
565 4557 655 4612 per
675 4540 1035 4611 paenitentiam
1066 4555 1160 4599 eos
1188 4540 1437 4598 meliores
1459 4541 1700 4610 futuros;
1724 4544 1925 4600 inducit
1951 4555 2029 4601 ta-

449 4651 568 4691 men
590 4641 746 4692 etiam
769 4651 865 4707 per
886 4652 972 4693 res
988 4636 1397 4706 esperientiam;
1423 4645 1476 4691 et
1496 4636 1692 4706 ubique
1709 4639 1873 4693 multa
1896 4654 2030 4709 pne-

451 4727 538 4783 bet
561 4739 868 4798 argumenta
889 4728 1280 4784 evidentissima
1301 4743 1412 4784 suae
1431 4742 1574 4784 cura:
1594 4738 1646 4785 et
1660 4730 2025 4801 providentiae,

451 4834 554 4872 non
583 4829 860 4873 contentus
887 4833 978 4873 sua
1010 4820 1332 4888 cognitione.

525 4909 849 4965 Pra’scientia
877 4911 973 4964 Dei
998 4912 1247 4965 hominem
1275 4912 1459 4966 bonum
1485 4920 1572 4966 aut
1600 4913 1791 4967 malum
1824 4931 1924 4968 non
1945 4914 2029 4983 fa-

453 5004 544 5056 cit.
577 5035 646 5042 —
672 5003 1025 5069 Quamobrem
1068 5003 1278 5058 dicebat
1321 5019 1532 5074 quoque
1567 5003 1879 5075 Unigenitus
1911 5024 1924 5057 :
1969 5007 2030 5061 Si

453 5112 551 5147 non
581 5095 711 5165 facio
741 5111 894 5163 opera
930 5093 1103 5148 Patris
1133 5095 1228 5149 mei
1248 5136 1263 5157 ,
1292 5111 1354 5148 ne
1388 5096 1512 5148 milti
1535 5095 1721 5148 credite
1747 5112 1765 5150 :
1792 5097 1836 5150 si
1864 5108 2031 5149 autent

455 5186 606 5254 facio,
636 5186 726 5239 etsi
749 5186 872 5238 mihi
896 5202 996 5238 non
1019 5185 1253 5252 credatis,
1281 5186 1511 5255 operibus
1531 5186 1713 5241 credite
1733 5187 1912 5260 (Joun.
1941 5189 2028 5243 10.

454 5277 542 5331 '57.
575 5277 704 5349 58).
733 5278 865 5343 Quia
903 5278 1046 5333 enim
1075 5279 1322 5348 permulti
1353 5279 1442 5348 qui
1477 5287 1601 5332 sunt
1639 5281 1916 5334 crassioris
1948 5279 2032 5334 iu-

455 5369 592 5438 genii
618 5410 634 5435 ,
673 5376 729 5424 et
752 5369 897 5424 nullo
924 5369 1034 5425 fere
1063 5384 1222 5424 sensu
1251 5369 1452 5437 prtediti
1477 5410 1492 5434 ,
1526 5369 1688 5423 multa
1717 5369 1900 5424 dicunt
1932 5370 2032 5423 lut-

453 5460 705 5530 jusmodi,
737 5476 928 5530 nempe
951 5460 1091 5516 hunc
1115 5462 1291 5529 elegit,
1325 5460 1465 5516 hunc
1491 5461 1706 5524 dilexit,
1737 5461 1886 5516 illum
1911 5462 2034 5515 odio

459 5551 660 5617 habuit,
689 5561 742 5606 et
774 5561 1051 5622 propterea
1080 5553 1164 5607 hic
1191 5553 1401 5622 quidem
1431 5553 1598 5607 malus
1622 5594 1638 5620 ,
1667 5553 1758 5608 ille
1779 5568 1906 5607 vero
1937 5554 2035 5606 bo-

458 5656 559 5697 nus
586 5642 752 5697 evasit
780 5660 793 5696 :
821 5659 887 5697 ex
916 5643 1074 5698 rebus
1101 5643 1228 5713 ipsis
1254 5643 1536 5714 persuadet
1565 5685 1581 5712 ,
1622 5644 2036 5713 uniuscujusque

460 5733 647 5787 borum
676 5734 989 5789 sententiam
1014 5735 1283 5806 corrigens
1308 5779 1322 5802 ,
1350 5745 1404 5791 et
1428 5733 1480 5791 in
1512 5735 1743 5790 medium
1770 5735 2036 5789 adducens

452 5825 826 5898 probationem
856 5842 951 5899 per
976 5836 1134 5900 Opera
1159 5870 1175 5900 ,
1210 5839 1262 5886 et
1298 5831 1602 5902 pronuntiat
1634 5829 1848 5901 quidem
1875 5828 2035 5885 etiam

3601 371 3708 429 41⁸3

2118 496 2400 558 antequam
2447 501 2535 541 res
2571 485 2851 551 eveniant,
2885 485 3027 540 hunc
3064 485 3261 540 virtute
3301 484 3580 556 prmditum
3606 527 3622 551 ,
3649 495 3706 541 ut

2115 579 2231 649 ejus
2247 579 2558 648 prtesciendi
2580 579 2882 634 facultatem
2905 578 3198 648 intelligant
3226 595 3242 632 :
3265 578 3500 649 adjungit
3525 590 3704 634 autem

2117 670 2277 724 etiam
2320 670 2689 739 probationem
2716 686 2836 740 qua:
2880 670 2940 725 ﬁt
2967 687 3062 740 per
3089 686 3251 741 opera
3276 712 3294 738 ,
3321 687 3389 726 ne
3412 673 3531 741 quis
3559 671 3703 726 dicat

2118 761 2278 830 paulo
2309 761 2752 817 inconsideratior
2782 777 2906 818 eum
2947 762 3108 817 talem
3149 777 3270 818 esse
3312 773 3530 833 propter
3565 779 3699 832 pra?-

2116 855 2417 909 scientiam.
2461 854 2629 910 Porro
2669 853 2788 910 vide
2824 853 3095 924 quomodo
3137 855 3331 910 Paulus
3363 856 3466 910 hoc
3505 855 3700 926 signiﬁ-

2116 953 2222 1007 cat,
2247 944 2434 1000 tlicens
2463 961 2476 997 :
2506 944 2634 1000 Cum
2662 947 2796 1000 enim
2823 945 3052 1000 nondum
3074 946 3182 1000 nati
3203 947 3453 1017 fuissent,
3485 964 3574 1002 nec
3601 949 3692 1002 ali-

2117 1035 2240 1107 quid
2261 1035 2379 1090 boni
2400 1045 2489 1090 aut
2507 1035 2630 1091 mali
2653 1038 2904 1108 fecissent,
2924 1047 2976 1092 ut
2997 1037 3095 1092 Dei
3115 1038 3390 1093 secundum
3415 1040 3705 1093 electionem

2119 1127 2431 1198 propositum
2458 1137 2701 1196 maneret,
2732 1145 2834 1184 non
2865 1145 2931 1184 ea:
2963 1130 3217 1200 operibus,
3245 1130 3334 1184 sed
3367 1147 3429 1184 ea:
3460 1142 3706 1197 vocante,

2117 1221 2308 1275 dictum
2332 1232 2404 1276 est
2429 1222 2475 1276 ei
2497 1262 2513 1288 ,
2539 1223 2676 1294 quod
2703 1224 2870 1294 major
2891 1225 3068 1278 serviet
3093 1224 3274 1278 minori
3305 1224 3494 1293 (Rom.
3525 1223 3576 1280 9.
3605 1226 3704 1279 II-

2120 1317 2246 1384 15).
2288 1314 2471 1385 Neque
2497 1315 2638 1371 enim
2671 1314 2932 1371 factorum
2960 1318 3135 1372 exitus
3157 1326 3241 1372 est
3265 1317 3658 1387 exspectandus
3685 1358 3702 1383 ,

2119 1405 2214 1461 sed
2242 1406 2402 1461 etiam
2428 1415 2552 1461 ante
2585 1420 2649 1460 ea
2675 1406 2824 1461 novit
2862 1407 2978 1476 ipse
3008 1423 3132 1462 eum
3168 1408 3258 1478 qui
3297 1407 3470 1461 malus
3490 1448 3506 1472 ,
3532 1417 3586 1462 et
3613 1408 3706 1477 qui

2121 1515 2225 1554 non
2270 1499 2389 1555 talis
2435 1511 2520 1555 est
2568 1499 2796 1554 futurus.
2842 1499 3092 1555 Semitam
3135 1515 3300 1553 meam
3339 1507 3385 1554 et
3423 1501 3705 1572 funiculum

2121 1609 2288 1646 meum
2330 1593 2637 1664 investigasti
2661 1633 2677 1660 ,
2704 1594 2757 1648 4.
2787 1602 2834 1647 et
2876 1609 3050 1646 omnes
3086 1593 3193 1646 vias
3231 1607 3369 1645 meas
3401 1592 3702 1663 prarvidistis

2120 1685 2577 1752 Quemadmodum
2618 1684 2914 1740 sessionem
2959 1693 3012 1738 et
3057 1685 3502 1738 resurrectionem
3552 1690 3706 1736 vocat

2121 1776 2257 1832 facta
2294 1792 2360 1832 ex
2394 1777 2783 1833 consuetudine
2810 1792 2824 1830 :
2853 1775 3051 1831 ctenim
3081 1788 3181 1830 nos
3206 1775 3366 1830 etiam
3394 1789 3537 1844 saepe
3566 1774 3703 1830 dici-

2122 1887 2241 1926 mus
2271 1889 2284 1926 :
2319 1870 2416 1926 llic
2443 1870 2608 1934 novit,
2637 1869 2904 1940 quomodo
2930 1867 3115 1935 sedet,
3140 1875 3194 1923 et
3220 1866 3490 1938 quomodo
3517 1867 3704 1937 surgit,

2122 1972 2378 2018 testantes
2403 1961 2520 2031 ejus
2546 1963 2836 2032 perfectam
2863 1961 3110 2017 notitiam
3143 1977 3157 2014 :
3190 1961 3262 2016 ita
3304 1962 3392 2016 bic
3425 1960 3588 2016 etiam
3613 1975 3703 2015 se-

2122 2057 2304 2109 mitam
2343 2063 2399 2109 et
2440 2054 2736 2110 funiculum
2775 2055 2905 2109 dicit
2940 2054 3243 2108 universam
3282 2053 3398 2122 ejus
3425 2054 3608 2106 vitam.
3639 2052 3708 2107 Et

2122 2147 2242 2203 ideo
2267 2148 2535 2218 subjungit
2569 2168 2582 2204 :
2620 2148 2683 2202 Et
2707 2165 2878 2202 onmes
2907 2150 3012 2202 vias
3037 2163 3173 2200 meas
3209 2147 3504 2218 prtcvidt'sti.
3537 2147 3704 2201 Porro

2123 2241 2250 2296 illud
2275 2284 2290 2308 ,
2323 2240 2674 2314 Investigasti,
2700 2257 2810 2296 non
2837 2251 2921 2296 est
2946 2240 3062 2311 ejus
3087 2240 3177 2311 qui
3201 2241 3395 2309 quaerit
3417 2279 3432 2304 ,
3467 2254 3564 2294 nec
3587 2238 3706 2307 ejus

2121 2338 2208 2405 qui
2239 2345 2526 2402 scrutatur,
2555 2335 2650 2391 sed
2677 2335 2794 2405 ejus
2818 2335 2909 2405 qui
2937 2334 3084 2388 novit
3108 2333 3360 2403 perfecte.
3390 2331 3502 2387 Hoc
3530 2341 3706 2386 autem

2121 2430 2410 2485 ostendens
2438 2428 2712 2498 subjunxit
2735 2469 2751 2494 ,
2782 2427 3074 2482 Prwvidisti
3095 2443 3113 2481 :
3140 2427 3244 2482 hoc
3267 2435 3353 2482 est
3373 2468 3389 2490 ,
3421 2435 3702 2496 antequam

2123 2521 2312 2576 ﬁerent
2341 2521 2478 2576 nosti
2507 2520 2683 2574 omnia
2723 2519 2857 2574 facta
2901 2519 3036 2573 bona
3067 2527 3122 2573 et
3150 2518 3308 2572 mala.
3345 2518 3480 2585 Quia
3508 2535 3608 2571 non
3633 2526 3706 2572 est

2121 2611 2266 2666 dolus
2298 2613 2352 2665 in
2389 2611 2566 2682 lingua
2587 2625 2720 2667 mea.
2760 2610 2912 2664 Alius
2936 2651 2952 2676 ,
2981 2609 3326 2664 Contradictio
3356 2608 3456 2682 (a),
3487 2608 3597 2662 lloc
3624 2617 3707 2663 est

2121 2703 2409 2757 maximum
2430 2701 2639 2755 virtutis
2659 2699 2928 2764 indicium,
2955 2698 3057 2754 hoc
3082 2708 3164 2754 est
3187 2713 3394 2753 summa
3422 2699 3704 2764 bonorum,

2121 2799 2224 2855 hoc
2245 2807 2329 2854 est
2361 2795 2505 2868 quod
2533 2795 2774 2852 Christus
2809 2795 3041 2848 maxime
3079 2793 3306 2862 requirit
3332 2792 3552 2848 dicens:
3591 2792 3707 2847 Nisi

2121 2888 2479 2945 convertamini
2507 2895 2556 2941 et
2593 2885 2877 2957 efﬁciamini
2904 2885 3030 2938 sicut
3057 2882 3252 2953 parvuli
3278 2925 3292 2948 ,
3320 2900 3422 2938 non
3455 2884 3706 2952 ingredie-

2121 2982 2246 3036 mini
2278 2982 2332 3034 in
2366 2995 2577 3050 regnum
2615 2977 2852 3032 caelorum
2894 2976 3107 3048 (Matth.
3135 2974 3220 3031 I8.
3251 2975 3324 3046 5)
3355 2992 3370 3030 :
3398 2976 3707 3044 simplicita-

2123 3083 2230 3128 tem
2256 3113 2273 3136 ,
2312 3070 2670 3127 innocentiam
2691 3109 2707 3132 ,
2739 3077 2793 3124 ct
2819 3068 2885 3123 ab
2927 3067 3072 3122 omni
3113 3066 3237 3121 dolo
3272 3081 3336 3121 ac
3366 3067 3705 3121 simulatione

2122 3165 2475 3222 remotionem
2505 3162 2831 3233 signiﬁcans.
2853 3159 3114 3227 Quocirca
3142 3159 3415 3228 imperitos
3436 3168 3491 3213 et
3516 3158 3706 3212 idiotas

2121 3261 2281 3330 elegit
2306 3267 2360 3314 et
2384 3258 2554 3313 dixit:
2583 3255 2838 3322 Conﬁteor
2856 3254 2963 3319 tibi,
2983 3252 3160 3318 Pater,
3183 3254 3301 3323 quia
3322 3251 3583 3306 occultasti
3599 3251 3708 3303 Inrc

2123 3369 2154 3406 a
2182 3350 2489 3422 sapientibus
2521 3357 2570 3401 et
2598 3346 2991 3417 intelligentibus
3010 3386 3026 3410 ,
3063 3353 3107 3398 et
3141 3345 3370 3397 revelasti
3397 3359 3456 3396 ea
3485 3342 3706 3414 parvulis

2123 3443 2336 3515 (Matth.
2365 3443 2451 3495 II.
2469 3439 2584 3510 ΞΒ).
2608 3439 2742 3493 Vide
2768 3448 2944 3492 autem
2971 3454 2984 3490 :
3013 3453 3116 3490 non
3139 3435 3290 3500 dixit,
3314 3435 3444 3503 Quia
3471 3434 3704 3504 suscepi,

2122 3546 2177 3593 et
2206 3535 2335 3606 ejeci
2362 3534 2575 3598 dolum;
2615 3531 2710 3587 sed
2731 3572 2746 3598 ,
2773 3529 2924 3597 Quod
2952 3545 3054 3582 non
3095 3528 3189 3582 fuit
3227 3542 3495 3598 umquam,
3534 3542 3708 3596 neque

2124 3627 2358 3697 linguam
2382 3638 2554 3679 meam
2577 3621 2811 3690 suscepit
2838 3619 2924 3674 hic
2947 3618 3184 3682 morbus,
3212 3633 3312 3672 nec
3336 3617 3385 3672 ei
3413 3618 3539 3671 vitio
3568 3617 3708 3671 ullus

2125 3733 2372 3789 umquam
2400 3715 2496 3770 fuit
2520 3713 2586 3769 ad
2612 3729 2696 3768 me
2716 3712 2908 3766 aditus.
2937 3712 2990 3766 5.
3022 3710 3167 3772 Ecce,
3193 3709 3423 3775 Domine,
3443 3721 3497 3762 tu
3516 3725 3707 3781 cogno-

2124 3813 2238 3866 visti
2264 3810 2433 3864 omnia
2460 3807 2730 3862 novissima
2755 3813 2801 3858 et
2827 3805 3052 3874 antiqua.
3081 3801 3197 3858 Non
3235 3801 3584 3872 Cogitationes
3619 3817 3709 3857 so-

2126 3904 2257 3971 lum,
2287 3903 2477 3974 inquit,
2509 3899 2668 3965 nosti,
2697 3912 2795 3953 nec
2820 3897 3058 3952 actiones
3083 3936 3096 3958 ,
3131 3910 3230 3950 nec
3256 3895 3369 3948 vias
3398 3909 3546 3948 meas
3566 3935 3580 3955 ,
3612 3893 3707 3948 scd

2126 3998 2303 4054 omnia
2330 4011 2448 4066 qua:
2476 3995 2690 4049 fuerunt
2715 4001 2770 4046 et
2798 3992 2969 4044 futura
2995 3998 3136 4044 sunt.
3169 3987 3249 4042 Tu
3278 3988 3509 4059 formasti
3536 4004 3635 4052 me,
3660 3997 3708 4040 et

2127 4088 2337 4161 posuisti
2359 4102 2512 4156 super
2529 4100 2610 4138 me
2637 4098 2842 4136 manum
2861 4091 3020 4134 luant.
3050 4073 3105 4134 Α
3123 4079 3432 4149 pra‘scicndi
3463 4077 3708 4132 facultate

2129 4181 2340 4237 transiit
2365 4178 2431 4233 ad
2459 4175 2676 4232 creandi
2715 4181 3036 4245 potestatem
3062 4213 3077 4236 ,
3108 4180 3162 4226 et
3195 4185 3380 4226 rursus
3420 4187 3450 4225 a
3491 4170 3706 4227 creandi

2128 4280 2392 4345 potestate
2418 4269 2485 4324 ad
2515 4265 2829 4339 praesciendi
2869 4264 3192 4318 facultatem.
3220 4261 3334 4317 Non
3366 4262 3536 4316 solum
3563 4263 3706 4316 enim

2129 4382 2228 4424 nos
2254 4365 2402 4435 fecit,
2439 4377 2564 4418 cum
2589 4377 2696 4415 non
2724 4373 2985 4422 essemus,
3015 4356 3109 4412 sed
3139 4356 3301 4412 etiam
3326 4356 3377 4410 in
3402 4356 3513 4426 jam
3541 4354 3710 4410 factos

2129 4459 2336 4516 obtinet
2360 4455 2663 4526 imperium.

2199 4553 2254 4608 ἓ.
2285 4552 2409 4607 Ilzcc
2434 4559 2658 4620 utraque
2677 4549 2744 4602 de
2765 4547 2979 4602 Christo
3005 4544 3199 4600 Paulus
3221 4552 3464 4608 testatur,
3491 4545 3708 4600 dicens:

2132 4644 2472 4716 Multifariam
2497 4641 2762 4712 multisque
2790 4637 2952 4692 modis
2980 4636 3115 4690 Deus
3145 4637 3265 4690 olim
3296 4637 3528 4704 loquutus
3556 4638 3713 4702 patri-

2130 4738 2221 4791 bus
2239 4738 2292 4790 in
2317 4732 2592 4807 praphetis.
2615 4733 2668 4785 in
2688 4728 2920 4784 extremis
2935 4728 3108 4783 diebus
3129 4727 3359 4797 loquutus
3390 4737 3462 4779 est
3491 4727 3630 4780 nobis
3661 4727 3712 4780 in

2132 4829 2291 4896 Filio,
2311 4842 2459 4898 quem
2476 4824 2639 4895 posuit
2660 4821 2892 4876 heredem
2907 4823 3151 4874 omnium.
3175 4817 3375 4874 Deinde
3390 4817 3714 4888 subjungens

2132 4921 2262 4977 dicit
2305 4920 2464 4974 etiam
2507 4913 2774 4985 opiﬁcium
2806 4929 2820 4965 :
2859 4910 2965 4966 Per
3006 4927 3153 4980 quem
3189 4910 3306 4982 fecit
3338 4910 3487 4962 etiam
3529 4913 3715 4964 sa’rula

2137 5011 2321 5088 (Hebr.
2343 5011 2395 5066 1.
2423 5011 2476 5064 1.
2503 5007 2539 5062 2
2559 5005 2600 5080 ).
2638 5007 2705 5062 Ει
2731 5020 2850 5060 cum
2874 5004 2942 5058 de
2966 5003 3082 5072 ejus
3111 5000 3406 5056 substantia
3433 4999 3716 5055 disseruis-

2133 5114 2247 5171 set,
2287 5113 2340 5158 et
2377 5100 2632 5164 dixisset,
2663 5097 2760 5164 Qui
2785 5113 2900 5150 cum
2928 5096 2991 5148 sit
3019 5094 3259 5163 splendor
3284 5093 3490 5164 gloriae,
3525 5103 3569 5146 et
3592 5093 3716 5146 cha-

2133 5207 2296 5254 racter
2321 5194 2612 5251 substantia:
2630 5192 2740 5262 ejus
2767 5189 2928 5260 (Ibid.
2958 5205 3004 5242 v.
3029 5190 3062 5244 '5
3087 5189 3126 5256 ),
3159 5187 3392 5242 ostendit
3416 5186 3575 5241 etiam
3601 5186 3716 5250 ejus

2137 5287 2446 5362 prtesciendi
2473 5284 2776 5340 facultatem
2801 5323 2817 5347 ,
2848 5281 3052 5340 dicens,
3085 5278 3147 5332 Et
3179 5280 3344 5348 ferens
3375 5277 3545 5331 omnia
3572 5277 3718 5329 verbo

2138 5379 2394 5452 potestatis
2416 5393 2543 5432 stuc.
2572 5375 2639 5429 Et
2667 5373 2732 5428 ad
2754 5373 3103 5428 Colosseuses
3127 5370 3366 5425 scribens
3392 5370 3506 5423 lucc
3533 5367 3719 5424 eadem

2138 5488 2325 5530 rursus
2349 5469 2482 5525 dixit
2513 5485 2527 5521 :
2561 5468 2811 5532 Quoniam
2847 5465 2901 5518 in
2935 5481 2992 5518 eo
3035 5473 3202 5517 creata
3239 5473 3358 5516 sunt
3401 5462 3572 5516 omnia
3610 5475 3721 5528 qtae

2137 5575 2254 5622 sunt
2277 5565 2330 5617 in
2351 5563 2488 5616 ca’lis
2515 5569 2559 5615 et
2586 5574 2700 5629 qua:
2723 5557 2776 5610 in
2801 5566 2963 5622 terra,
2995 5555 3097 5609 sive
3123 5557 3327 5619 throni,
3357 5553 3458 5608 sive
3483 5552 3720 5606 domina-

2139 5659 2319 5722 tiones,
2342 5656 2443 5711 sive
2463 5652 2795 5725 principatus,
2817 5649 2920 5703 sive
2935 5657 3221 5718 potestutes,
3235 5645 3406 5700 omnia
3426 5662 3516 5716 per
3531 5645 3718 5713 ipsum,

2205 5771 2277 5832 (a)
2309 5776 2421 5832 "ait:
2446 5765 2780 5832 itrllttt‘pl‘fflfllitl
2823 5763 2872 5810 in
2896 5758 3723 5832 quibusdamexemplaribussxm-

2147 5822 2317 5884 macho
2338 5822 2585 5882 tribuitur:
2604 5827 2727 5877 Vide
2759 5822 2927 5875 notant
2942 5824 2999 5873 ad
3026 5823 3150 5873 [tunc
3177 5823 3340 5874 locum
3361 5823 3408 5872 iu
3431 5822 3686 5886 Ilcxaplis.
