4084 6334
408 402 507 460 411

777 525 886 580 ΕΙΣ
925 526 1057 581 ΤΟΝ
1097 527 1252 582 I’AH'
1292 530 1614 586 ΨΔΔΜΟΝ.

754 609 798 660 Ε
805 610 858 673 ίς
890 610 955 663 τὸ
986 609 1183 676 τέλος,
1211 610 1293 677 τῷ
1329 615 1632 680 νικοποιῷ.

582 689 788 759 Κύριε,
823 690 1188 762 ἐδοκίμασάς
1211 707 1288 764 με
1307 735 1322 761 ,
1363 697 1462 751 καὶ
1488 699 1676 768 ἔγνως
1715 715 1814 769 με.

477 791 547 848 α’.
567 793 632 846 Τί
663 793 841 862 λέγεις
858 812 872 860 ;
894 795 1033 866 μετὰ
1046 797 1108 851 τὸ
1122 799 1415 870 δοκιμάσαι
1432 796 1573 855 οἶδεν
1595 804 1624 854 6
1643 802 1793 868 Θεὸς,
1811 803 1918 875 πρὸ
1933 802 1992 856 δὲ

405 882 700 951 δοκιμάσαι
732 882 833 936 οὐκ
865 880 1035 950 οἷδεν;
1057 885 1213 956 Οὐχὶ,
1243 887 1317 959 μὴ
1346 888 1574 957 γένοιτοέ
1604 891 1727 953 Πῶς
1756 891 1886 962 γὰρ.
1925 891 1986 944 '0

405 969 475 1021 τά
508 970 686 1022 πάντα
713 967 866 1033 εἰδὼς
895 972 1023 1041 πρὶν
1044 974 1312 1040 γενέσεως
1340 976 1555 1042 αὑτῶν;
1583 978 1718 1031 ἀλλά
1737 977 1818 1039 τὺ,
1845 976 1996 1031 Ἐδο-

407 1055 672 1123 κίμασάς
697 1073 793 1126 με,
843 1057 1108 1130 Ἀκριϐῶς
1140 1062 1432 1118 ἐπίστασαί
1467 1082 1560 1134 με,
1589 1065 1755 1118 ἐστίν.
1785 1064 1994 1136 ’Ὠσπερ

408 1141 517 1214 γὰρ
539 1145 566 1196 6
592 1144 1072 1210 ’Λπόστολος,ὂταν
1100 1147 1256 1221 λέγῃ,
1278 1151 1360 1204 ὃτι
1395 1153 1593 1224 ἐρευνᾷ
1618 1153 1716 1220 τάς
1743 1153 1991 1224 καρδίας,

407 1231 509 1284 οὐκ
529 1231 750 1296 ἄγνοιαν
776 1233 1074 1303 ἐμφαίνων,
1095 1235 1231 1291 ἀλλά
1245 1236 1344 1310 τὴν
1362 1233 1565 1311 ἀκριϐῆ
1583 1241 1808 1311 εἴδησιν,
1825 1240 1991 1308 λέγει’

410 1317 553 1370 οῦτω
576 1319 640 1390 δὴ
671 1321 764 1373 καὶ
799 1316 950 1386 οὗτος
974 1319 1167 1392 λέγων,
1197 1325 1592 1396 Ἐδοκίμασάς
1607 1345 1706 1397 με,
1737 1328 1835 1400 τὴν
1859 1326 1996 1396 γνῶ-

415 1421 501 1460 σιν
533 1407 632 1478 τὴν
666 1411 1010 1481 σαφεστάτην
1042 1412 1212 1483 δηλοῖ,
1245 1415 1543 1479 τουτέστιν,
1579 1416 1844 1488 Ἀκριϐῶς
1876 1417 1997 1469 ἐπί-

417 1497 607 1550 στασαί
644 1515 731 1568 με.
764 1499 847 1553 Σὺ
892 1499 1082 1570 ἔγνως
1113 1501 1230 1569 τὴν
1268 1503 1563 1573 καθέδραν
1587 1523 1726 1575 μου,
1762 1505 1858 1560 καὶ
1886 1506 2000 1572 τὴν

417 1585 665 1653 ἓγερσίν
682 1605 825 1655 μου.
853 1589 1140 1661 Καθέδραν
1168 1592 1260 1644 καὶ
1288 1592 1504 1664 ἔγερσιν
1531 1595 1621 1648 τὸν
1653 1595 1764 1663 βίον
1786 1594 2001 1649 ἅπαντά

419 1690 581 1743 φησιν
602 1689 616 1704 ⁶
657 1675 715 1726 ἐν
758 1675 866 1747 γάρ
900 1677 1110 1740 τούτοις
1152 1681 1284 1750 ἡμῖν
1312 1693 1338 1721 α
1372 1682 1400 1733 6
1443 1681 1556 1750 βίος
1577 1699 1589 1711 ’
1621 1683 1719 1745 τὰς
1750 1683 1998 1754 πράξεις,

417 1761 515 1824 τάς
536 1762 835 1833 ἐνεργείας,
867 1763 965 1828 τὰς
987 1765 1244 1830 εἰσόδους,
1269 1767 1368 1830 τὰς
1400 1768 1627 1832 ἐξόδους.
1654 1765 1784 1822 Εἶτα
1815 1769 2002 1841 ἐπειδὴ

420 1849 718 1921 ἀρχόμενος
747 1850 952 1920 ἔλεγεν,
990 1852 1389 1923 Ἐ’δοκὶμασάς
1415 1874 1520 1925 με,
1548 1857 1636 1910 ἵνα
1659 1859 1730 1928 μή
1770 1875 1853 1921 τις
1893 1857 2003 1912 τῶν

420 1939 662 2008 ἀνοήτων
685 1939 902 2010 νομίσῃ,
923 1942 1003 1993 ὅτι
1033 1941 1140 1994 ἀπὺ
1169 1940 1397 2014 δοκιμῆς
1425 1937 1583 2009 οἶδεν,
1611 1943 1644 2016 ἢ
1674 1944 1778 1997 ἀπὸ
1810 1945 2004 2016 πείρας

421 2025 760 2096 πραγμάτων
780 2067 796 2091 ,
851 2025 940 2080 διά
981 2026 1042 2080 τὸ
1076 2029 1269 2094 εἰπεῖν,
1301 2030 1524 2101 Ἔγνως
1563 2031 1678 2100 τὴν
1711 2031 2006 2100 καθέδραν

418 2132 556 2182 μου,
575 2116 673 2168 καὶ
703 2113 821 2184 τὴν
837 2115 1082 2185 ἔγερσιν
1101 2135 1241 2187 μου,
1268 2119 1370 2190 ὅρα
1397 2120 1511 2184 πῶς
1546 2120 1674 2173 αὐτὸ
1700 2119 2004 2192 διορθοῦται

419 2202 510 2256 διὰ
535 2202 634 2272 τῆς
665 2203 984 2274 ἐπαγωγῆς,
1011 2199 1079 2276 ἦς
1104 2207 1351 2278 ἐπήγαγε
1378 2206 1572 2276 λέγων,
1610 2207 1692 2262 Σὺ
1726 2205 2004 2276 συνῆκας

419 2289 564 2356 τοὺς
590 2290 1019 2360 διαλογισμούς
1057 2310 1179 2360 μου
1228 2294 1346 2348 ἀπὸ
1391 2296 1708 2364 μακρόθεν.
1757 2295 2002 2348 Δείκνυσι

421 2378 530 2449 γὰρ
560 2379 648 2432 διά
676 2377 888 2443 τούτου,
913 2381 994 2434 ὅτι
1033 2381 1155 2450 οὐχὶ
1173 2381 1468 2453 δοκιμασίᾳ⁸
1491 2378 1653 2445 οἶδεν,
1679 2383 1799 2436 ούδέ
1830 2381 2001 2436 δεῖται

421 2466 517 2520 τοῦ
560 2468 890 2538 δοκιμάσαι,
939 2467 1076 2522 ἀλλά
1121 2472 1503 2542 προγνωστικῇ
1551 2470 1779 2540 δυνάμει
1828 2471 2007 2523 πάντα

423 2555 735 2609 ἐπίσταται.
779 2556 838 2608 '0
866 2557 976 2627 γάρ
1007 2554 1298 2626 λογισμοὺς
1338 2556 1493 2620 εἰδὼς
1527 2558 1585 2609 ἐν
1622 2557 1698 2626 τῷ
1727 2556 1803 2626 νῷ
1829 2558 1857 2596 ιι
1889 2574 2006 2609 κει-

428 2642 644 2712 μένους,
689 2643 750 2696 οὑ
796 2642 968 2698 δεῖται
995 2644 1096 2714 τῆς
1151 2643 1240 2697 διὰ
1289 2645 1395 2697 τῶν
1437 2643 1615 2714 ἔργων
1665 2646 2004 2715 δοκιμασίας.

429 2731 638 2793 ’Λλλως
666 2731 722 2785 δέ
754 2733 877 2785 ούδέ
915 2732 1268 2804 κινουμένους
1310 2732 1470 2804 μόνον
1499 2735 1556 2787 ἐν
1596 2732 1675 2804 τῷ
1707 2731 1788 2786 νοῒ
1835 2728 2005 2795 οἶδεν,

424 2818 561 2871 ἀλλά
590 2819 684 2872 καὶ
720 2819 850 2890 πρὶν
877 2818 912 2890 ἢ
939 2819 1260 2891 κινηθῆναι·
1297 2821 1393 2874 καὶ
1429 2819 1555 2873 οὐδὲ
1591 2819 1776 2881 ἁπλῶς
1805 2820 1936 2890 πρὶν
1972 2820 2005 2892 ἢ

424 2907 732 2978 κινηθῆναι,
760 2907 896 2961 ἀλλά
917 2909 1012 2961 καὶ
1037 2909 1144 2980 πρὸ
1165 2907 1363 2963 πολλοῦ
1386 2907 1481 2962 τοῦ
1501 2909 1712 2980 χρόνου.
1730 2908 1821 2962 Διὸ
1839 2907 2011 2961 ταῦτα

427 2995 664 3067 δηλῶσαι
702 2995 1042 3066 βουλόμενος,
1067 2996 1314 3067 ἐπήγαγε
1343 2995 1425 3061 τὸ,
1450 2996 1536 3050 Σὺ
1571 2995 1850 3064 συνῆκας
1869 2996 2013 3062 τοὺς
2033 3045 2046 3055 .

428 3083 857 3152 διαλογισμούς
879 3101 998 3154 μου
1024 3083 1142 3138 ἀπὸ
1165 3084 1487 3154 μακρόθεν.
1523 3083 1586 3136 Εἰ
1619 3083 1796 3137 τοίνυν
1822 3079 1962 3138 οἶδεν
1985 3094 2008 3122 ο

429 3175 457 3226 6
495 3173 627 3236 Θεὸς
674 3173 768 3226 καὶ
803 3174 929 3236 τοὺς
961 3172 1369 3243 διαλογισμοὺς,
1415 3172 1558 3236 τινος
1590 3171 1774 3226 ἕνεκεν
1817 3174 2013 3242 ἐπάγει

429 3261 528 3332 τὴν
561 3261 647 3314 διὰ
695 3261 804 3314 τῶν
850 3261 1027 3334 ἔργων
1060 3261 1322 3333 δοκιμήν;
1371 3261 1480 3330 Οὐχ
1517 3261 1606 3315 ἵνα
1643 3260 1808 3325 αὐτὸς
1843 3261 2011 3332 μάθῃ,

432 3351 546 3405 ἀλλ’
577 3351 664 3403 Eva
692 3351 817 3414 τοὺς
844 3351 1212 3421 ὑπομένοντας
1243 3349 1498 3418 δοκίμους
1521 3350 1845 3422 ἐργάσηται.
1862 3350 2015 3403 Ἐπεὶ

433 3441 529 3494 καὶ
555 3439 646 3494 τὸν
677 3439 794 3492 Ἰὼϐ
825 3440 940 3511 ᾔδει
969 3438 1078 3511 πρὸ
1105 3441 1202 3511 τῆς
1222 3439 1421 3512 πείρας
1441 3457 1453 3470 ο
1486 3439 1568 3493 διὸ
1598 3441 1690 3493 καὶ
1717 3438 2016 3511 ἐμαρτύρει

433 3527 636 3596 λέγων·
678 3529 1015 3595 Ἀνθρωπος
1049 3527 1310 3593 δίκαιος,
1347 3525 1674 3595 ἀληθινὸς,
1708 3527 2015 3592 θεοσεσής.

449 3616 587 3669 Ἀλλ’
621 3617 871 3686 ἐπήγαγε
920 3616 1022 3685 τὴν
1056 3617 1273 3687 πεῖραν,
1317 3613 1460 3668 ὥστε
1491 3614 1698 3669 ἐκεῖνόν
1728 3633 1789 3669 τε
1825 3633 2020 3686 καρτε-

441 3702 736 3774 ρικώτερον
769 3702 1140 3776 ἐργάσασθαι,
1176 3704 1272 3756 καὶ
1301 3703 1396 3756 τοῦ
1431 3703 1677 3756 διαϐόλου
1723 3703 1822 3774 τὴν
1855 3721 2022 3774 πονη-

449 3793 572 3863 ρίαν
604 3791 840 3860 ἐλέγξαι,
873 3793 969 3846 καὶ
999 3792 1026 3831 ἀ
1056 3793 1183 3857 τοὺς
1216 3792 1408 3855 ἄλλους
1441 3791 1891 3864 σπουδαιοτέρους
1929 3791 2019 3844 διὰ

440 3879 537 3932 τοῦ
577 3878 1018 3951 παραδείγματος
1069 3879 1316 3951 ποιῆσαι.
1361 3880 1474 3934 Kal
1504 3879 1558 3933 τί
1600 3879 1899 3951 θαυμάζεις
1923 3919 1938 3944 ,
1975 3880 2023 3930 εἰ

443 3969 537 4022 ἐπὶ
567 3968 662 4023 τοῦ
691 3969 811 4023 Ἰὼϐ
837 3968 995 4022 τοῦτο
1025 3969 1344 4040 πεποίηκεν,
1371 3971 1503 4024 ὅπου
1531 3986 1594 4040 γε
1622 3970 1717 4023 καὶ
1746 3967 1897 4041 [MO]
1925 3969 2020 4022 ἐπὶ

443 4058 553 4112 τῶν
584 4056 926 4128 ἁμαρτωλῶν
953 4056 1016 4108 τὸ
1048 4056 1179 4110 αὐτὸ
1209 4068 1232 4096 ο
1260 4057 1592 4128 ἐργάζεται;
1624 4057 1762 4120 Τοὺς
1790 4055 1898 4128 γάρ
1930 4056 2028 4108 Νι-

447 4147 662 4207 νευϊτας
688 4144 804 4215 ᾔδει
841 4143 1028 4212 σαφῶς
1052 4143 1153 4196 οὐκ
1188 4143 1374 4207 ἀξίους
1394 4145 1554 4207 όντας
1583 4143 1865 4207 ἀπολέσαι,
1893 4141 2030 4196 ἀλλά

447 4233 537 4286 διά
577 4233 676 4303 τῆς
717 4231 1002 4301 μετανοίας
1055 4229 1298 4300 βελτίους
1342 4230 1660 4301 ἐσομένους·
1707 4229 1825 4282 ἀλλ’
1878 4229 2029 4301 ὅμως

449 4321 644 4389 ἐπάγει
695 4320 789 4372 καί
829 4319 926 4389 τὴν
971 4317 1062 4372 διὰ
1100 4317 1212 4370 τῶν
1263 4318 1606 4389 πραγμάτων
1661 4320 1894 4387 πεῖρανο
1937 4319 2031 4370 καὶ

449 4406 727 4478 πανταχοῦ
771 4405 972 4468 πολλάς
1016 4403 1322 4468 ἀποδείξεις
1379 4404 1680 4476 παρέχεται
1723 4405 1822 4474 τῆς
1866 4401 2030 4457 αὑτοῦ

451 4493 773 4564 κηδεμονίας
813 4494 908 4546 καὶ
947 4492 1045 4561 τῆς
1081 4490 1508 4562 φιλανθρωπίας,
1539 4490 1640 4544 οὐκ
1690 4489 2030 4562 ἀρκούμενος

449 4583 519 4655 τῇ
551 4579 718 4636 αὑτοῦ
755 4578 952 4648 γνώσει
982 4579 1028 4635 ί.
1333 4603 1339 4610 ·

523 4667 622 4724 Διά
644 4669 804 4723 τοῦτο
833 4667 928 4723 καὶ
950 4670 978 4722 6
1007 4667 1318 4739 Μονογενὴς
1345 4665 1552 4736 ἐλεγενο
1583 4669 1654 4721 El
1679 4665 1766 4736 μὴ
1793 4665 1941 4722 ποιῶ
1961 4664 2035 4719 τὰ

452 4759 596 4829 ἔργα
627 4757 734 4812 τοῦ
774 4757 1006 4823 Πατρός
1035 4772 1190 4825 μου,
1224 4755 1311 4824 μὴ
1353 4755 1666 4809 πιστεύετέ
1688 4769 1828 4824 μοι·
1868 4756 1923 4809 ει
1969 4753 2038 4807 δὲ

453 4845 622 4911 ποιῶ,
652 4845 768 4898 κᾶν
787 4844 915 4913 ἐμοὶ
929 4842 1016 4913 μὴ
1050 4843 1396 4910 πιστεύητε,
1417 4842 1539 4908 τοῖς
1570 4842 1767 4913 ἔργοις
1795 4843 2038 4896 πιστεύ-

456 4951 625 4989 σατε.
673 4933 891 5004 Ἐπειδὴ
942 4931 1055 5003 γάρ
1106 4931 1292 4985 πολλοὶ
1327 4931 1624 5003 παχύτεροι
1671 4931 1768 5002 τὴν
1815 4929 2040 5002 γνώμην

455 5023 628 5088 δντες,
658 5024 756 5076 καὶ
777 5021 1115 5093 ἀναίσθητοι,
1136 5021 1307 5076 πολλά
1329 5021 1555 5076 τοιαῦτα
1581 5020 1933 5090 φθέγγονται,
1953 5021 2036 5074 ὅτι

456 5109 548 5162 τὸν
575 5109 725 5162 δεῖνα
765 5106 1065 5174 ἐξελέξατο,
1102 5109 1318 5162 καὶτὸν
1353 5108 1502 5162 δεῖνα
1540 5108 1788 5180 ἐφίλησε,
1825 5110 1918 5162 καὶ
1950 5105 2044 5161 τὸν

458 5198 608 5253 δεῖνα
642 5199 895 5270 ἐμίσησε,
918 5197 1005 5252 διά
1033 5196 1191 5252 τοῦτο
1222 5201 1251 5252 6
1279 5198 1378 5270 μὲν
1411 5197 1669 5269 πονηρὸς,
1689 5197 1718 5249 6
1745 5196 1804 5250 δὲ
1844 5195 2044 5266 φαῦλος

463 5286 706 5353 ἐγένετο·
752 5285 860 5339 ἀπὸ
908 5285 1015 5337 τῶν
1043 5286 1384 5356 πραγμάτων
1425 5283 1638 5350 πείθει,
1664 5284 1764 5356 τὴν
1810 5284 2042 5339 ἑκάστου

463 5372 666 5427 τούτων
695 5371 1075 5445 διορθούμενος
1105 5371 1461 5445 γνώμην,καὶ
1482 5371 1749 5444 παράγων
1771 5372 1856 5436 είς
1884 5371 2046 5443 μέσον

532 5532 558 5560 ⁸
582 5530 694 5579 Sav.
718 5532 877 5592 ἡμῶν.

531 5592 562 5632 ι
589 5592 724 5641 Unus
750 5590 826 5640 ἐπὶ
857 5593 926 5652 τῷ
949 5591 1034 5652 νῷ,
1060 5598 1113 5640 et
1131 5591 1201 5639 sic
1227 5590 1341 5640 Sat.

533 5655 558 5716 ἦ
581 5652 695 5701 Sav.
721 5651 968 5716 μακρόθεν.
996 5655 1088 5701 Καὶ
1113 5654 1152 5716 εἰ
1172 5653 1289 5708 οἶδε,
1317 5651 1475 5716 φησίν.

532 5714 560 5756 ἃ
583 5717 692 5786 1)υο
716 5712 833 5784 mis:
857 5715 1082 5786 πονηρίαν
1111 5712 1531 5786 ἐμφράξαιὶκαὶίειει
1549 5714 1616 5786 it?
1639 5712 1752 5786 δαν.

539 5795 562 5819 ιι
581 5778 694 5825 Sav.
717 5775 861 5824 τοῦτο
883 5775 1015 5824 αὐτὸ.
1035 5775 1138 5823 Mox
1161 5775 1272 5822 82V.
1297 5776 1385 5823 οὐκ
1403 5775 1557 5831 ἀξίους
1582 5777 1716 5831 ὄντας
1735 5776 2049 5826 ἀπολέσθαι...

473 5840 560 5907 καὶ
575 5841 704 5907 ὅμως
726 5838 906 5907 ἐπάγει.
941 5837 1090 5907 Γοτιε
1111 5835 1288 5888 melius
1309 5837 1597 5902 particulam
1620 5839 1707 5888 οὐκ
1726 5842 2049 5902 ειριωχετιε.
2081 5836 2096 5847 ’

541 5898 560 5939 ί
589 5898 729 5952 Alius
749 5907 804 5964 τῇ
831 5900 902 5948 οἰκ
913 5900 982 5965 εἶα
1003 5899 1188 5948 γνώσει.

1382 408 1744 469 ΕΧΡΟΒΙΤΙΟ
1781 413 1849 470 ΙΝ
1887 412 2224 476 ιιεΑιΜυΜ
2251 418 2590 478 CXXXVIII.

3562 420 3674 477 H9.

2096 539 2198 611 τὴν
2231 541 2339 595 ἀπὸ
2363 541 2472 595 τῶν
2500 541 2675 614 ἔργων
2701 537 2997 603 ἀπόδειξιν,
3033 534 3126 590 καὶ
3151 530 3513 605 ἀποφαίνεται
3550 533 3670 604 μὲν,

2094 627 2193 681 καὶ
2229 627 2338 699 πρὸ
2362 628 2472 682 τῶν
2503 628 2872 700 πραγμάτων,
2902 626 2984 679 ὅτι
3028 625 3279 694 ἐνάρετος
3309 622 3338 674 6
3373 622 3548 684 δεῖνα,
3587 621 3676 675 ἵνα

2098 713 2347 784 μάθωσιν
2387 715 2556 769 αὐτοῦ
2592 715 2693 786 τὴν
2734 710 3145 786 προγνωστικὴν
3187 709 3448 779 δύναμιν·
3481 708 3677 775 ἐπάγει

2097 801 2156 854 δέ
2191 801 2284 856 καὶ
2315 803 2416 875 τὴν
2439 803 2528 858 διὰ
2554 803 2663 857 τῶν
2691 800 3031 876 πραγμάτων
3057 797 3449 870 πληροφορίαν,
3479 797 3565 850 ἵνα
3601 797 3674 867 μή

2098 906 2183 953 τις
2201 889 2310 944 τῶν
2337 891 2580 964 ἀνοήτων
2607 887 2756 964 εἴπῃ,
2782 890 2863 944 ὅτι
2897 887 2985 942 διά
3012 889 3112 960 τὴν
3143 887 3444 959 πρόρρησιν
3469 886 3498 939 6
3531 885 3678 938 δεῖνα

2098 977 2340 1043 τοιοῦτος
2378 975 2470 1051 ἦν.
2513 980 2657 1051 Ὅρα
2697 977 2827 1048 γοῦν
2881 977 2980 1032 καὶ
3017 978 3047 1030 6
3098 975 3310 1038 Παῦλος
3357 973 3478 1038 πῶς
3519 972 3680 1027 τοῦτο

2097 1065 2271 1136 δηλοῖ,
2304 1066 2507 1136 λέγων’
2539 1066 2728 1132 Μήπω
2751 1065 2860 1135 γὰρ
2886 1063 3314 1136 γεννηθέντων,
3345 1060 3498 1130 μηδὲ
3533 1074 3680 1127 πρα-

2099 1153 2339 1219 ξάντων
2367 1171 2425 1209 τι
2469 1154 2697 1225 ἀγαθὸν
2727 1154 2768 1222 ἢ
2800 1151 3008 1216 κακὸν,
3051 1151 3154 1204 ἵνα
3184 1149 3223 1217 ἠ
3264 1148 3390 1201 κατ’
3415 1147 3682 1216 ἐκλογὴν

2100 1242 2386 1311 πρόθεσις
2420 1226 2528 1298 τοῦ
2568 1241 2717 1297 Θεοῦ
2753 1240 2932 1311 μένῃ,
2962 1240 3074 1294 οὐκ
3099 1237 3168 1302 ἐξ
3201 1238 3410 1306 ἔργων,
3437 1234 3576 1289 ἀλλ’
3612 1234 3681 1287 ἐκ

2101 1329 2211 1385 τοῦ
2241 1330 2578 1396 καλοῦντος
2605 1329 2813 1398 ἐρρέθη
2841 1326 3026 1396 αὐτῇ,
3073 1326 3163 1380 ὅτι
3204 1329 3236 1379 ό
3279 1323 3491 1394 μείζων
3537 1321 3679 1375 δουα

2101 1421 2313 1475 λεύσει
2343 1418 2424 1485 τῷ
2467 1418 2784 1474 ἐλάσσονι.
2821 1415 2988 1470 Οὐδὲν
3021 1414 3128 1487 γὰρ
3168 1413 3338 1466 δεῖται
3386 1412 3680 1480 ἀναμεῖναι

2103 1505 2213 1559 τῶν
2237 1505 2414 1579 ἔργων
2441 1505 2504 1558 τὸ
2544 1504 2717 1568 τέλος,
2749 1502 2887 1558 ἀλλὰ
2931 1501 3025 1556 καὶ
3051 1501 3156 1572 πρὸ
3178 1499 3385 1554 τούτων
3412 1494 3550 1552 οἶδεν
3587 1499 3684 1550 αὐ-

2103 1593 2196 1656 τὸς
2217 1593 2308 1646 τὸν
2331 1592 2552 1664 φαῦλον,
2573 1593 2666 1647 καὶ
2680 1591 2768 1645 τὸν
2789 1592 2852 1644 ού
2871 1589 3110 1644 τοιοῦτον
3135 1588 3410 1658 ἐσόμενον.
3431 1585 3550 1654 Thr
3567 1585 3686 1654 τρί-

2106 1683 2214 1734 ϐον
2235 1697 2355 1750 μου
2383 1681 2480 1734 καί
2508 1679 2622 1748 τὴν
2651 1678 2898 1747 σχοῖνόν
2923 1693 3044 1746 μου
3070 1675 3151 1728 σὺ
3179 1675 3554 1742 ἐξιχνίασας,
3583 1672 3684 1726 καί

2107 1768 2312 1834 πάσας
2343 1769 2450 1836 τὰς
2483 1769 2664 1834 ὁδούς
2687 1785 2806 1838 μου
2841 1765 3134 1836 προεῖδες.
3168 1765 3378 1834 ’Ὠσπερ
3420 1761 3687 1830 καθέδραν

2108 1857 2204 1911 καὶ
2228 1856 2443 1930 ἔγερσιν
2485 1856 2586 1920 τὰς
2615 1855 2842 1928 πράξεις
2886 1852 3034 1922 λέγει
3067 1851 3174 1906 ἀπὸ
3205 1852 3306 1922 τῆς
3341 1851 3526 1922 κοινῆς
3562 1866 3688 1901 συν-

2109 1943 2296 2016 ηθείας
2317 1960 2329 1973 ·
2361 1945 2456 1998 καὶ
2495 1944 2604 2014 γάρ
2648 1941 2906 2004 πολλάκις
2942 1941 3035 1994 καὶ
3064 1941 3226 2010 ἡμεῖς
3254 1938 3508 2008 λέγομεν,
3535 1930 3687 1990 Οἶδεν

2109 2033 2138 2086 6
2163 2031 2328 2098 δεῖνα,
2366 2031 2483 2096 πῶς
2539 2029 2807 2100 κάθηται,
2854 2027 2971 2091 πῶς
3003 2027 3276 2098 ἐγείρεται
3297 2067 3312 2091 ,
3351 2024 3450 2096 τὴν
3483 2022 3687 2094 ἀκριϐῆ

2110 2119 2272 2175 αὑτοῦ
2301 2119 2504 2189 γνῶσιν
2533 2117 2936 2190 μαρτυροῦντες
2955 2133 2970 2148 ·
2993 2113 3135 2170 οῦτω
3158 2115 3343 2187 τρίϐον
3367 2115 3459 2168 καὶ
3483 2114 3690 2182 σχοῖνον

2111 2207 2343 2261 ἐνταῦθα
2365 2207 2462 2278 τὴν
2483 2205 2626 2276 ζωὴν
2654 2203 2820 2259 αὑτοῦ
2843 2206 3022 2258 πᾶσαν
3043 2202 3210 2271 λέγει.
3230 2202 3319 2256 Διὸ
3345 2202 3438 2256 καὶ
3463 2200 3657 2266 ἐπάγει
3672 2214 3688 2228 ·

2111 2295 2221 2351 Καὶ
2260 2294 2461 2360 πάσας
2493 2293 2601 2360 τὰς
2631 2293 2810 2359 ὁδούς
2831 2310 2952 2362 μου
2983 2289 3274 2359 προεῖδες.
3309 2289 3419 2344 Καὶ
3455 2287 3514 2342 τὸ
3561 2287 3692 2352 Ἐξ-

2113 2383 2392 2452 ιχνίασας
2429 2381 2506 2438 δὲ.
2543 2381 2603 2433 ού
2648 2378 2936 2450 ζητοῦντός
2958 2381 3126 2438 ἐστιν.
3168 2376 3290 2430 ούδέ
3344 2371 3689 2446 ἐρευνῶντος,

2111 2471 2224 2525 ἀλλ’
2255 2469 2496 2540 ἀκριϐῶς
2525 2468 2912 2539 ἐπισταμένου.
2934 2463 3039 2518 Kal
3067 2464 3226 2517 τοῦτο
3250 2463 3462 2525 δεικνὺς
3485 2463 3694 2530 ἐπήγα-

2111 2577 2196 2629 γε,
2222 2559 2519 2628 Προεῖδεςο
2550 2559 2819 2621 τουτέστι,
2846 2558 2984 2629 Πρὶν
3010 2556 3043 2625 ἢ
3072 2552 3324 2622 γενέσθαι
3349 2547 3494 2614 οἶδας
3518 2550 3696 2612 πάσας

2111 2649 2213 2712 τὰς
2245 2646 2474 2719 πράξεις
2501 2646 2602 2711 τάς
2629 2646 2874 2718 πονηρὰς
2921 2646 3016 2699 καὶ
3046 2646 3150 2709 τὰς
3180 2642 3414 2712 ἀγαθάς.
3433 2643 3560 2694 Ὅτι
3585 2641 3696 2692 οὐκ

2114 2736 2246 2791 ἐστι
2278 2737 2557 2807 δόλος,ὲν
2591 2735 2842 2807 γλώσσῃ
2874 2753 3017 2805 μου.
3048 2735 3264 2796 Ἀλλος,
3301 2727 3697 2798 Ἐτερολογία.

2115 2824 2287 2878 Τοῦτο
2314 2825 2568 2896 μέγιστον
2599 2825 2899 2895 τεκμήριον
2944 2822 3150 2894 ἀρετῆς
3171 2864 3185 2886 ,
3213 2820 3372 2873 τοῦτο
3408 2816 3702 2886 κεφάλαιον

2116 2913 2226 2966 τῶν
2257 2902 2517 2981 ἀγαθῶν,
2561 2912 2721 2966 τοῦτο
2761 2911 2790 2964 ὃ
2837 2911 3071 2981 μάλιστα
3118 2910 3148 2961 6
3186 2907 3422 2979 Χριστὸς
3457 2903 3705 2974 ἐπιζητεῖ

2119 3001 2331 3068 λέγων’
2378 3001 2520 3054 Ἐὰν
2558 2998 2646 3068 μὴ
2693 2997 3036 3066 στραφῆτε,
3079 2996 3178 3050 καὶ
3221 2996 3480 3066 γένησθε
3515 2991 3595 3057 ὡς
3631 2989 3706 3043 τὰ

2120 3087 2345 3150 παιδία,
2375 3089 2448 3141 οὐ
2488 3085 2574 3156 μὴ
2608 3087 2924 3154 εἰσέλθητε
2954 3087 3046 3152 είς
3084 3085 3202 3153 τὴν
3230 3081 3559 3148 ,ϐασιλείαν
3585 3076 3708 3132 τῶν

2122 3176 2421 3246 οὐρανῶν·
2451 3177 2514 3230 τὸ
2562 3176 2789 3236 ἄκακον,
2821 3175 2884 3228 τὸ
2929 3174 3116 3230 ἄδολον
3132 3216 3146 3239 ,
3176 3172 3239 3227 τδ
3285 3171 3562 3226 ἄπλαστον
3609 3167 3705 3220 καὶ

2122 3264 2316 3333 ἀφελὲς
2351 3263 2736 3334 αἰνιττόμενος.
2773 3262 2864 3316 Διὸ
2896 3262 2990 3316 καὶ
3025 3260 3242 3324 ἰδιώτας
3273 3259 3572 3328 ἐξελέξατο,
3605 3256 3703 3309 καὶ

2123 3355 2339 3422 ἐλεγενο
2384 3352 2891 3423 Ἐξομολογοῦμαί
2931 3367 3054 3416 σοι,
3086 3350 3299 3421 Πάτερ,
3330 3350 3421 3403 ὅτι
3450 3345 3712 3413 ἀπέκρυ-

2123 3436 2419 3514 ψςίαύτὰ
2443 3441 2560 3497 ἀπὸ
2579 3440 2790 3512 σοφῶν
2820 3440 2920 3495 καὶ
2956 3439 3251 3507 συνετῶν,
3284 3438 3384 3494 καὶ
3405 3435 3712 3493 ἀπεκάλυ-

2125 3536 2250 3602 ψας
2272 3530 2425 3586 αὐτὰ
2455 3531 2715 3599 νηπίοις.
2739 3529 2902 3600 Ὅρα·
2937 3530 3040 3583 οὐκ
3067 3525 3240 3588 εἶπεν.
3275 3529 3358 3580 ὅτι
3388 3524 3708 3594 Ἐδεξάμην.

2127 3621 2222 3674 καὶ
2249 3619 2520 3673 ἀπέϐαλον
2546 3618 2638 3672 τὸν
2665 3617 2838 3672 δόλον·
2864 3616 3002 3683 ἀλλ’,
3037 3617 3121 3670 ὅτι
3151 3614 3287 3671 Οὐδὲ
3316 3611 3532 3683 ἐγένετό
3558 3628 3708 3672 ποτε,

2128 3707 2247 3762 ούδέ
2277 3706 2450 3775 ἐπέϐη
2478 3706 2576 3778 τῆς
2609 3704 2856 3774 γλώττης
2887 3704 2990 3774 τῆς
3019 3703 3162 3774 ἐμῆς
3191 3701 3340 3755 τουτὶ
3374 3700 3436 3753 τὸ
3473 3698 3712 3766 νόσημα,

2129 3793 2243 3847 ἀλλ’
2269 3792 2468 3855 ἄϐατος
2495 3793 2528 3861 ὴ
2551 3791 2790 3864 πονηρία
2808 3792 2902 3846 ἀπ’
2928 3789 3064 3862 ἐμοῦ
3088 3789 3227 3859 αῦτη
3250 3787 3496 3856 γέγονεν.
3523 3782 3708 3844 Ἰδοὺ,

2131 3882 2326 3952 Κύριε,
2338 3879 2420 3935 σὺ
2434 3878 2518 3949 [41
2532 3878 2778 3952 ηὲγνως
2793 3879 3012 3943 πάντα,
3027 3879 3102 3932 τὰ
3117 3878 3345 3946 ἔσχατα
3355 3873 3453 3928 καὶ
3473 3871 3710 3943 ἀρχαῖα.

2133 3971 2206 4023 Οὐ
2241 3970 2368 4032 τοὺς
2392 3968 2686 4039 λογισμοὺς
2715 3968 2875 4038 μόνον
2903 3963 3072 4030 οἶδας,
3095 3966 3280 4036 φησὶν,
3304 3963 3423 4018 οὐδὲ
3457 3961 3556 4025 τάς
3583 3958 3716 4030 πρά-

2137 4055 2244 4120 ξεις
2277 4073 2402 4126 μου,
2438 4055 2557 4108 ούδέ
2584 4054 2682 4118 τάς
2727 4053 2881 4116 ὁδούς
2913 4070 3038 4124 μου,
3082 4051 3220 4105 ἀλλά
3253 4050 3432 4104 πάντα
3463 4047 3534 4102 τά
3563 4045 3718 4116 γενό-

2141 4160 2275 4214 μενα
2307 4142 2399 4196 καὶ
2425 4142 2677 4214 ἐσόμενα.
2703 4141 2788 4196 Σὺ
2815 4139 3094 4206 ἐπλασάς
3124 4156 3218 4208 με,
3243 4137 3344 4192 καὶ
3375 4137 3595 4202 ἔθηκας
3623 4134 3717 4186 ἐπ’

2137 4229 2241 4299 ἐμὲ
2259 4229 2372 4297 τὴν
2394 4228 2559 4297 χεῖρά
2574 4244 2712 4283 σου.
2728 4227 2863 4282 Ἀπὸ
2885 4227 2982 4298 τῆς
3011 4224 3420 4298 προγνωστικῆς
3439 4221 3720 4292 δυνάμεως

2139 4317 2234 4371 ἐπὶ
2259 4314 2356 4388 τὴν
2381 4315 2774 4387 δημιουργικὴν
2802 4314 3033 4386 μετέϐη,
3068 4314 3163 4366 καὶ
3197 4311 3304 4367 ἀπὸ
3327 4311 3424 4380 τῆς
3461 4309 3720 4380 δημιουρ-

2140 4406 2303 4475 γικῆς
2330 4403 2494 4457 πάλιν
2513 4403 2606 4456 ἐπὶ
2637 4403 2736 4473 τὴν
2769 4401 3202 4473 προγνωστικήν.
3228 4399 3301 4453 Οὐ
3327 4399 3436 4468 γὰρ
3465 4396 3529 4466 δὴ
3561 4397 3719 4464 μόνον

2140 4491 2241 4544 οὐκ
2283 4489 2441 4554 δντας
2472 4490 2746 4561 ἐποίησεν,
2778 4487 2915 4543 ἀλλά
2943 4493 3037 4542 καὶ
3069 4486 3390 4558 γενομένους
3420 4483 3718 4555 διακρατεῖ.

2217 4624 2282 4696 β’.
2323 4624 2508 4677 Ταῦτα
2561 4624 2797 4695 ἐκάτερα
2842 4623 2937 4678 καὶ
2983 4623 3012 4676 6
3055 4621 3268 4684 Παῦλος
3327 4622 3594 4692 μαρτυρεῖ
3645 4619 3724 4689 τῷ

2145 4711 2385 4784 Χριστῷ,
2402 4710 2594 4780 λέγων·
2613 4709 2972 4780 Πολυμερῶς
3001 4709 3098 4763 καὶ
3123 4709 3516 4776 πολυτρόπως
3539 4706 3728 4763 πάλαι

2147 4804 2179 4855 ὁ
2210 4799 2352 4865 Θεὸς
2376 4799 2658 4867 λαλήσας
2679 4798 2802 4865 τοῖς
2829 4797 3127 4866 πατράσιν
3137 4797 3207 4851 ἐν
3224 4796 3350 4862 τοῖς
3372 4794 3724 4866 προφήταις,

2145 4888 2239 4942 ἐπ’
2253 4887 2516 4957 ἐσχάτου
2535 4885 2654 4940 τῶν
2671 4884 2902 4956 ἡμερῶν
2923 4885 3230 4952 ἐλάλησεν
3250 4884 3394 4956 ἡμῖν
3415 4885 3484 4938 ἐν
3508 4881 3638 4950 Υίῷ,
3657 4884 3728 4936 ὃν

2148 4976 2326 5045 ἔθηκε
2357 4977 2734 5046 κληρονόμον
2765 4973 3026 5029 πάντων.
3057 4969 3190 5029 Εἶτα
3215 4975 3434 5040 ἐπάγων
3455 4974 3602 5042 λέγει
3634 4973 3729 5026 καὶ

2148 5063 2247 5136 τὴν
2279 5062 2633 5137 δημιουργίαν
2653 5081 2665 5092 ο
2698 5065 2777 5116 Δι’
2804 5058 2876 5118 οὗ
2909 5064 3008 5117 καὶ
3038 5063 3180 5128 τοὺς
3205 5062 3424 5129 αἰῶνας
3455 5061 3726 5129 ἐποίησε.

2152 5153 2264 5209 Kal
2309 5153 2437 5224 περὶ
2480 5153 2579 5224 τῆς
2607 5152 2794 5215 οὐσίας
2835 5151 2996 5205 αὐτοῦ
3042 5151 3363 5222 διαλεχθεὶς,
3401 5150 3494 5204 καὶ
3537 5148 3730 5215 εἰπὼν,

2159 5243 2264 5308 Ὃς
2284 5240 2370 5294 ὢν
2399 5239 2764 5308 ἀπαύγασμα
2789 5237 2900 5307 τῆς
2927 5239 3134 5307 δόξης,
3163 5238 3258 5292 καὶ
3288 5237 3594 5308 χαρακτὴρ
3624 5235 3733 5304 τῆς

2153 5328 2547 5393 ὑποστάσεως
2575 5325 2784 5389 αὑτοῦ,
2828 5326 3066 5380 δείκνυσι
3109 5326 3199 5378 καὶ
3236 5325 3334 5395 τὴν
3367 5326 3732 5395 προνοητικὴν

2155 5416 2320 5470 αὑτοῦ
2354 5415 2603 5486 δύναμιν,
2635 5413 2807 5482 λέγων
2825 5429 2841 5444 ⁸
2869 5413 3070 5482 Φέρων
3088 5429 3151 5466 τε
3181 5411 3254 5466 τὰ
3291 5411 3488 5466 πάντα
3517 5411 3598 5478 τῷ
3629 5410 3736 5479 pli-

2151 5523 2289 5576 ματι
2319 5503 2428 5572 τῆς
2459 5503 2768 5572 δυνάμεως
2805 5502 3011 5558 αὑτοῦ.
3036 5502 3145 5554 Kal
3177 5500 3576 5555 Κολοσσαεῦσιν
3609 5503 3734 5554 ἐπι-

2159 5593 2393 5648 στέλλων
2423 5590 2492 5644 τὰ
2525 5592 2664 5645 αύτά
2703 5591 2873 5642 ταῦτα
2909 5589 3068 5642 πάλιν
3094 5589 3298 5657 ἔλεγεν,
3332 5589 3461 5642 "Ott
3487 5589 3557 5642 ἐν
3576 5587 3738 5654 αὐτῷ

2159 5681 2405 5748 ἐκτίσθη
2435 5681 2506 5733 τὰ
2529 5679 2726 5732 πάντα
2757 5681 2831 5732 τὰ
2857 5678 2926 5731 ἐν
2951 5677 3074 5743 τοῖς
3098 5678 3374 5744 οὐρανοῖς
3410 5677 3506 5731 καί
3540 5678 3613 5732 τά
3642 5678 3738 5732 ἐπὶ

2159 5770 2270 5838 τῆς
2290 5768 2423 5838 γῆς,
2452 5769 2571 5821 εἴτε
2595 5770 2814 5834 θρόνοι,
2849 5765 2970 5819 εἴτε
3003 5767 3368 5834 κυριότητες,
3393 5766 3513 5820 εἴτε
3537 5767 3737 5836 ἁρχαὶ,

2160 5859 2280 5915 εἴτε
2319 5857 2612 5924 ἐξουσίαι,
2635 5855 2708 5912 τὰ
2741 5854 2936 5910 πάντα
2966 5854 3040 5909 δι’
3067 5853 3280 5925 αὑτοῦ,
3302 5855 3399 5910 καὶ
3429 5857 3513 5923 εἰς
3550 5854 3739 5911 αὑτὸν
