4070 6340
537 401 641 457 M5

536 530 583 569 et
602 532 654 568 tn
685 515 795 583 ipso
821 524 986 566 creata
1014 522 1157 577 sunt,
1185 512 1291 581 ipse
1319 520 1391 565 est
1420 521 1537 563 ante
1572 511 1743 563 omnia
1781 506 2017 579 (Coloss.
2052 506 2103 558 1.

538 608 622 660 l6.
654 606 781 674 l7).
831 604 954 657 Ilaec
998 612 1122 656 sunt
1160 602 1275 670 ejus
1312 599 1527 655 creandi
1566 601 1862 669 potestatis.
1908 595 2107 650 Deinde

534 698 833 750 facultatem
864 693 1173 763 pra-sciendi
1201 694 1524 762 signiﬁcans,
1544 691 1835 761 subjungit.
1860 689 1920 743 Et
1938 691 2107 742 omnia

530 794 582 842 in
609 792 715 857 ipso
744 790 1018 842 consistunt
1043 785 1091 856 (1
1100 784 1251 849 bid.).
1272 782 1505 851 Utraque
1527 784 1639 839 have
1665 797 1845 837 rursus
1873 783 2107 837 Joannes

531 896 739 950 quoque
780 880 1069 933 ostendens
1110 877 1316 931 diccbat
1350 918 1364 938 ,
1409 877 1592 929 Omnia
1633 892 1721 946 per
1758 876 1923 944 ipsum
1969 879 2106 944 facta

527 981 663 1034 sunt,
683 981 726 1022 et
748 970 974 1037 sineipso
997 972 1183 1041 factum
1206 978 1277 1021 est
1303 968 1430 1021 nihil
1454 968 1628 1037 (Joan.
1655 969 1798 1038 1.3).
1821 968 1930 1020 lloc
1949 967 2101 1032 dixit,

528 1062 827 1130 signiﬁcans
842 1062 1187 1114 creationem.
1206 1060 1401 1114 Deinde
1416 1061 1797 1129 providentiam
1821 1060 1959 1114 :Vita
1975 1069 2100 1125 erat,

527 1165 571 1205 et
592 1155 690 1205 vita
710 1155 918 1206 eratqu
937 1155 1193 1205 hominum
1212 1150 1369 1221 (Ibid.
1389 1168 1432 1204 v.
1452 1152 1527 1220 4).
1547 1153 1654 1205 lloc
1668 1153 1826 1206 etiam
1848 1151 2100 1220 propheta

529 1250 611 1301 hic
638 1248 959 1317 significans,
989 1249 1134 1311 dicit,
1167 1247 1239 1300 Tu
1264 1248 1494 1317 formasti
1514 1264 1608 1301 me.
1639 1247 1750 1300 Hoc
1777 1259 1857 1301 est
1882 1246 2097 1315 opilicii.

528 1339 666 1391 llixit
706 1340 864 1393 etiam
899 1339 948 1391 id
986 1340 1123 1408 quod
1162 1350 1243 1392 est
1282 1340 1626 1407 providentia:
1660 1358 1672 1391 :
1701 1339 1930 1393 Posuisti
1952 1356 2102 1409 super

525 1446 603 1481 me
627 1446 827 1482 manum
853 1439 1006 1482 tuam.
1036 1430 1171 1495 Quid
1201 1440 1300 1494 est,
1338 1429 1605 1483 Posuisti?
1632 1430 1808 1499 Regis,
1834 1430 2096 1494 contines,

521 1522 796 1589 eamponis
819 1563 834 1587 ,
868 1530 921 1574 et
949 1532 1145 1590 portas.
1177 1520 1327 1586 Quod
1362 1522 1532 1591 ipsum
1567 1536 1777 1590 quoque
1800 1520 1999 1575 Paulus
2028 1521 2100 1574 si-

520 1613 779 1681 guilieans
801 1652 816 1677 ,
850 1612 981 1665 dixit
1010 1630 1023 1665 :
1054 1610 1122 1664 In
1145 1612 1255 1679 ipso
1295 1612 1503 1665 vivimus
1522 1652 1535 1674 ,
1565 1622 1609 1663 et
1639 1626 1910 1675 movemur,
1938 1621 1983 1665 et
2008 1628 2097 1664 su-

520 1721 632 1757 mus
658 1704 804 1775 (Act.
842 1706 925 1758 17.
952 1703 1083 1775 28).
1113 1704 1226 1759 Non
1258 1706 1428 1759 solum
1456 1704 1597 1758 cuitu
1627 1705 1678 1758 in
1706 1719 1772 1759 eo
1800 1704 1942 1774 quod
1972 1703 2096 1761 facti

519 1812 723 1863 sumus,
750 1797 841 1851 sed
865 1798 1023 1851 etiam
1051 1798 1101 1851 in
1129 1813 1195 1852 eo
1219 1798 1356 1867 quod
1384 1797 1686 1851 exsistimns
1706 1807 1761 1851 et
1785 1812 2059 1851 manemus
2078 1838 2094 1862 ,

520 1892 754 1960 potentia
792 1891 907 1958 ejns
948 1906 1082 1959 opus
1121 1891 1399 1945 habemus.
1445 1890 1501 1945 6.
1548 1890 1801 1945 Mirabitis
1847 1891 1987 1961 facta
2024 1900 2095 1945 est

521 1982 728 2035 scientia
758 1991 844 2034 tua
870 1997 933 2034 ea:
965 1997 1045 2034 me
1074 1982 1400 2051 :confortata
1429 1992 1537 2046 est,
1587 1992 1635 2035 et
1669 1999 1769 2035 non
1815 1992 1989 2047 potero
2027 1982 2095 2035 ad

516 2088 645 2125 eam.
664 2072 832 2137 Alius,
858 2070 1078 2141 Superat
1092 2088 1169 2125 me
1293 2071 1396 2127 Pro
1411 2088 1476 2127 eo
1496 2082 1671 2127 autem
1687 2073 1825 2142 quod
1842 2081 1944 2139 est,
1961 2073 2094 2127 Con-

517 2166 701 2232 [crtata
730 2171 820 2223 est,
847 2161 1001 2224 alius,
1032 2161 1318 2214 Admodum
1348 2161 1483 2215 elata
1508 2171 1597 2217 est.
1632 2162 1780 2229 Quod
1809 2173 1984 2216 autem
2012 2163 2093 2216 di-

513 2253 605 2315 cit,
625 2260 707 2306 est
726 2251 982 2320 ejusmodi
1002 2268 1017 2305 :
1037 2252 1103 2305 Et
1118 2262 1203 2306 tua
1230 2252 1377 2308 fruor
1402 2253 1748 2322 providentia,
1770 2264 1824 2308 et
1851 2254 2091 2324 quamvis

512 2344 676 2396 sciam
708 2356 758 2397 te
792 2345 966 2397 omnia
999 2348 1247 2412 praescire
1275 2386 1291 2409 ,
1331 2356 1382 2400 et
1415 2361 1498 2400 me
1526 2361 1591 2400 ex
1623 2361 1728 2400 non
1756 2348 2089 2401 exstantibus

513 2437 699 2490 fecisse
732 2455 745 2491 :
780 2432 1068 2505 perfectam
1095 2446 1268 2493 tamen
1294 2447 1349 2493 et
1377 2438 1708 2494 manifestam
1737 2457 1842 2495 non
1873 2456 2089 2510 possum

513 2527 708 2583 habere
736 2530 806 2583 tui
834 2530 1227 2600 cognitionem,
1256 2531 1349 2586 sed
1392 2531 1647 2587 mirabilis
1674 2532 1807 2589 facta
1835 2544 1953 2599 est,
1989 2535 2088 2588 hoc

511 2630 592 2673 cst
611 2661 627 2685 ,
661 2622 967 2689 superavit,
994 2622 1222 2676 exaltata
1252 2631 1335 2675 est
1373 2638 1533 2691 super
1562 2639 1666 2689 me,
1697 2624 1920 2679 validior
1944 2624 2079 2679 facta

511 2724 591 2765 est
613 2753 628 2776 ,
647 2727 801 2783 quam
832 2722 889 2767 ut
918 2729 1033 2767 mea
1067 2715 1231 2784 possit
1267 2715 1473 2769 ratione
1505 2714 1883 2785 comprehendi
1914 2736 1927 2771 :
1952 2717 2086 2771 adeo

509 2817 592 2859 est
618 2806 871 2860 mirabilis
896 2848 911 2873 ,
941 2806 1076 2861 adeo
1102 2822 1311 2876 magna.
1342 2807 1478 2875 Quid
1507 2808 1665 2878 igitur
1688 2809 1732 2863 si
1758 2818 1842 2864 est
1867 2809 2082 2879 quidem

509 2897 766 2951 mirabilis
794 2906 848 2950 et
867 2912 1055 2967 magna
1080 2938 1094 2962 ,
1125 2906 1298 2966 potest
1324 2908 1500 2951 autem
1530 2899 1908 2968 comprehendi
1931 2900 1954 2951 ‘t
1982 2900 2085 2955 Ne-

507 3003 790 3058 quaquam.
829 2986 1115 3057 Propterea
1144 2990 1285 3042 enim
1315 2990 1588 3057 subjunxit
1617 3008 1631 3043 :
1670 2989 1791 3043 Non
1823 3002 1995 3061 potero
2017 2993 2085 3045 ad

506 3096 637 3145 eam,
662 3096 729 3133 ne
754 3080 854 3134 hoc
879 3080 1043 3134 dicas.
1074 3080 1298 3146 Quando
1322 3090 1501 3135 autem
1527 3080 1685 3147 dicit,
1711 3080 2081 3152 Cognitioiiem

507 3186 612 3224 non
640 3170 829 3236 habeo,
860 3187 963 3226 non
989 3171 1089 3227 hoc
1113 3173 1273 3239 dicit,
1300 3172 1488 3242 Ignoro
1513 3173 1677 3228 Deum
1695 3215 1711 3240 ,
1736 3176 1828 3229 sed
1854 3216 1869 3240 ,
1900 3174 2083 3231 Perfe-

504 3272 643 3315 ctam
682 3272 736 3315 et
770 3262 1000 3331 undique
1036 3262 1334 3317 absolutam
1370 3273 1425 3318 et
1463 3264 1797 3319 manifestam
1829 3267 1944 3336 ejus
1975 3282 2078 3321 non

506 3354 676 3410 habeo
694 3355 952 3409 notitiam.
969 3356 1120 3423 Quod
1138 3357 1349 3427 quidem
1371 3358 1495 3413 dicit
1516 3359 1675 3413 etiam
1701 3358 1925 3414 Paulus:
1948 3360 2080 3416 Nam

504 3464 625 3500 eum
647 3448 859 3517 quidem
883 3464 1001 3503 esse
1031 3449 1226 3503 scimus
1258 3466 1271 3502 :
1299 3450 1425 3519 quid
1451 3451 1522 3504 sit
1548 3460 1726 3505 autem
1752 3451 2074 3519 substantia,

505 3541 770 3595 nescimus
795 3559 807 3594 :
837 3540 1048 3595 Credere
1073 3542 1202 3595 enim
1229 3550 1425 3611 Oportet
1451 3543 1762 3597 accedentem
1790 3547 1856 3596 ad
1883 3543 2077 3612 Deum,

503 3634 621 3701 quia
648 3643 719 3689 est
748 3632 931 3702 (Hebr.
960 3634 1048 3687 ll.
1080 3633 1154 3703 6).
1184 3632 1298 3686 Non
1325 3633 1478 3699 dixit,
1507 3634 1632 3703 qttid
1657 3634 1727 3689 sit
1749 3634 2075 3699 substantia;

507 3724 607 3777 hoc
647 3724 788 3777 enim
833 3724 962 3778 nulli
1003 3737 1081 3778 est
1111 3725 1398 3793 cognitum.
1432 3725 1583 3793 Quod
1623 3726 1693 3781 sit
1732 3726 1991 3797 benignus
2027 3736 2082 3782 et

503 3818 773 3882 clemens,
806 3817 1048 3871 novimus
1069 3859 1082 3880 ,
1114 3816 1253 3886 quod
1283 3818 1351 3872 sit
1378 3817 1640 3874 humanus
1659 3860 1673 3885 ,
1697 3821 1835 3890 quod
1864 3821 2033 3876 bonus
2062 3837 2076 3886 ;

502 3915 755 3978 quantum
778 3922 904 3962 vero
924 3908 993 3963 sit
1013 3910 1332 3978 ignoramus.
1354 3910 1457 3965 Sed
1474 3910 1561 3966 hic
1577 3911 1659 3965 bis
1678 3912 1922 3967 omnibus
1947 3928 2081 3981 prae-

504 3999 767 4053 termissis
788 4039 801 4062 ,
832 4000 1082 4068 proponit
1108 4000 1248 4054 aliud
1280 4001 1419 4071 quod
1446 4002 1658 4057 videtur
1684 4017 1803 4058 esse
1840 4004 2075 4068 facilius,

410 4136 422 4148 .
502 4099 555 4144 et
587 4090 686 4144 hoc
712 4105 923 4160 quoque
950 4105 1009 4145 se
1034 4090 1164 4145 dicit
1191 4095 1453 4161 ignorare.
1481 4093 1596 4149 Non
1626 4095 1798 4149 solum
1820 4136 1835 4160 ,
1869 4095 2032 4165 inquit
2060 4136 2075 4161 ,

505 4200 609 4237 non
640 4183 759 4237 dico
786 4183 1036 4253 quidnam
1063 4185 1131 4238 sit
1167 4184 1459 4240 substantia
1484 4226 1501 4252 ,
1530 4202 1704 4257 neque
1729 4199 1984 4257 quantum
2010 4189 2080 4244 sit

504 4274 703 4340 bonus;
732 4274 845 4329 hmo
870 4275 1011 4330 enim
1041 4292 1145 4330 non
1173 4292 1328 4346 posse
1352 4278 1731 4349 comprehendi
1760 4289 1844 4334 est
1871 4281 1921 4335 in
1950 4296 2079 4335 con-

503 4365 672 4431 fesso;
714 4365 806 4422 sed
847 4368 1007 4421 etiam
1032 4367 1303 4437 quomodo
1342 4369 1413 4422 sit
1452 4368 1650 4438 ubique
1673 4410 1689 4435 ,
1719 4386 1823 4425 non
1862 4386 2078 4441 possum

500 4457 679 4512 dicere
706 4475 719 4510 :
752 4458 846 4513 sed
873 4457 975 4513 hoc
998 4474 1208 4530 quoque
1227 4469 1443 4529 superat
1468 4470 1704 4517 nostram
1727 4465 2078 4534 comprehen-

500 4548 729 4602 sionem.
771 4549 1028 4617 Quocirca
1066 4566 1185 4605 cum
1231 4551 1451 4606 dixisset
1489 4570 1504 4605 :
1540 4552 1793 4608 Mirabilis
1833 4557 1967 4626 facta
2006 4566 2078 4611 est

499 4641 705 4693 scientia
731 4650 815 4693 tua
843 4659 904 4695 ea:
932 4659 1029 4708 me,
1065 4642 1335 4711 subjunxit
1358 4662 1371 4697 :
1400 4646 1450 4698 7.
1475 4643 1587 4710 Quo
1609 4645 1690 4699 ibo
1709 4663 1742 4699 a
1767 4647 1946 4717 spiritu
1969 4659 2074 4715 tuo,

500 4741 546 4782 et
572 4746 667 4799 quo
686 4747 717 4783 a
739 4732 869 4799 facie
886 4741 973 4785 tua
999 4734 1236 4803 fugiam?
1264 4735 1316 4788 8.
1343 4734 1404 4789 Si
1428 4737 1697 4791 escendero
1725 4738 1777 4791 in
1803 4738 2001 4801 cretum,
2025 4750 2079 4793 tu

501 4823 604 4873 illic
632 4838 683 4873 es
701 4838 720 4874 :
740 4824 783 4875 si
808 4823 1105 4877 descendero
1131 4825 1183 4877 in
1200 4825 1474 4896 infernum,
1497 4828 1637 4881 ades.
1666 4828 1720 4882 9.
1746 4829 2078 4899 Sisumpsero

503 4928 690 4979 pennas
718 4929 853 4966 meas
873 4914 1099 4967 diluculo
1123 4957 1137 4979 ,
1170 4924 1218 4969 et
1246 4915 1533 4970 Itabitavero
1557 4918 1611 4969 in
1637 4920 1869 4971 extremis
1897 4920 2073 4973 maris.

501 5004 647 5056 Alius
673 5046 685 5066 ,
734 5005 985 5059 Mansero.
1028 5006 1115 5061 10.
1160 5006 1359 5061 Etenim
1393 5009 1514 5063 illuc
1538 5009 1730 5083 (Alius,
1760 5010 1941 5066 Adhuc
1964 5014 2029 5066 ibi
2056 5016 2075 5084 )

501 5109 679 5145 manus
706 5103 790 5146 tua
819 5095 1029 5148 deducet
1058 5114 1136 5150 me
1156 5139 1172 5163 ,
1203 5108 1247 5151 et
1275 5099 1454 5152 tenebit
1482 5117 1561 5153 me
1583 5100 1790 5155 dextera
1816 5113 1920 5157 tua.
1952 5104 2073 5174 Spi-

502 5183 660 5238 ritum
685 5194 738 5238 et
765 5186 948 5239 faciem
975 5186 1106 5241 dicit
1134 5189 1297 5243 Deum
1335 5190 1529 5260 ipsum.
1555 5191 1667 5247 Hoc
1693 5204 1794 5261 est,
1822 5194 1936 5262 Quo
1963 5210 1992 5249 a
2025 5207 2075 5250 te

501 5277 847 5345 proficiscar?
876 5276 1061 5334 Omnia
1102 5280 1322 5350 imples,
1355 5283 1601 5338 omnibus
1633 5284 1760 5339 ades
1785 5326 1799 5349 ,
1840 5301 1945 5341 non
1983 5303 2075 5356 per

501 5378 677 5436 partes
700 5410 717 5433 ,
745 5368 840 5423 sed
867 5370 1114 5424 omnibus
1141 5372 1297 5425 simul
1327 5381 1487 5427 totus.
1520 5374 1587 5428 Et
1624 5385 1902 5445 postquam
1942 5378 2075 5433 dixit

498 5474 617 5526 quze
643 5468 767 5513 sunt
790 5474 1039 5528 superne,
1067 5472 1120 5515 et
1144 5478 1260 5531 qua:
1289 5463 1512 5528 inferne,
1546 5465 1925 5535 longitudinem
1951 5508 1966 5533 ,
1999 5469 2074 5522 la-

497 5550 773 5605 titudinem
795 5595 811 5619 ,
842 5555 1247 5623 profunditatem
1273 5599 1287 5621 ,
1316 5575 1437 5611 eum
1466 5560 1657 5629 ubique
1696 5561 1885 5616 adeSSe
1912 5564 2074 5631 signi-

500 5642 639 5697 ﬁcat.
668 5643 781 5699 Non
808 5646 939 5700 dixit
967 5655 1142 5701 autem
1173 5665 1186 5701 :
1214 5648 1561 5720 Quocumque
1588 5652 1768 5709 abiero
1787 5695 1802 5723 ,
1835 5657 2073 5727 sequeris

557 5821 631 5886 (a)
662 5829 771 5874 llaec
788 5824 1124 5889 interpretatio
1150 5834 1222 5877 est
1245 5829 1523 5892 Symmachi.

1469 391 1823 451 EXPOSITIO
1860 391 1925 447 IN
1966 387 2284 447 PSALML‘M
2321 391 2646 453 CXXXVIII.

3682 412 3786 471 4N

2215 522 2321 574 me,
2352 518 2407 563 et
2432 526 2517 565 me
2542 513 2795 568 retinebis
2826 531 2839 568 :
2872 514 2995 583 sed,
3017 516 3361 588 Quocumque
3388 520 3602 587 abiero,
3634 531 3690 579 tu
3720 526 3777 580 il-

2214 600 2281 652 lic
2308 616 2365 655 es
2391 619 2404 655 :
2436 602 2536 658 hoc
2557 614 2657 667 est,
2684 604 2794 659 lllic
2821 616 2872 661 te
2899 609 3109 663 invenio
3134 626 3219 664 me
3248 614 3659 680 praevenientem
3684 656 3700 680 ,
3731 626 3787 673 et

2211 690 2330 743 ideo
2366 690 2537 757 dicit,
2583 693 2835 750 Mirabilis
2872 702 3008 767 facta
3048 709 3122 753 est
3159 703 3365 755 scientia
3393 712 3480 756 tua
3504 719 3567 759 ea:
3600 722 3699 761 me.
3728 707 3785 762 Si

2209 795 2327 834 eam
2367 796 2472 836 non
2511 783 2747 850 perfecte
2775 786 2948 853 nosti,
2971 788 3151 855 dices,
3193 791 3459 859 quomodo
3500 795 3638 850 nosti
3667 810 3785 851 eam

2208 887 2327 927 esse
2353 875 2689 931 mirabilem?
2718 878 2869 945 Quod
2890 894 3062 934 meam
3091 892 3307 951 superet
3331 885 3617 953 rationem,
3644 889 3783 958 quod

2210 974 2440 1019 mentem
2468 980 2640 1021 meam
2666 968 2908 1023 excedat.
2927 965 3068 1024 Nam
3089 972 3294 1028 radium
3320 990 3530 1046 quoque
3555 979 3784 1034 solarem

2208 1068 2311 1106 non
2342 1069 2625 1124 possumus
2651 1068 2834 1127 aperte
2870 1074 3195 1130 cognoscere
3226 1080 3239 1117 ε
3271 1073 3325 1119 et
3355 1074 3531 1121 tamen
3562 1080 3786 1139 propter

2208 1142 2309 1199 hoc
2330 1144 2498 1214 ipsum
2525 1162 2646 1201 eum
2672 1150 2901 1205 maxime
2925 1151 3287 1207 admiramur:
3316 1154 3387 1208 ita
3415 1157 3577 1211 etiam
3601 1158 3669 1213 de
3692 1160 3783 1215 Dei

2205 1238 2553 1303 cognitione:
2610 1255 2782 1310 neque
2828 1256 2952 1296 eum
3002 1244 3219 1299 omnino
3262 1246 3611 1315 ignoramus;
3658 1264 3785 1306 eum

2202 1328 2343 1381 enim
2373 1342 2493 1383 esse
2514 1330 2732 1397 scimus,
2760 1341 2815 1386 et
2842 1348 2962 1389 esse
2982 1335 3289 1405 benignum,
3317 1338 3651 1406 clementem,
3683 1341 3781 1395 bo-

2204 1433 2331 1470 num
2350 1458 2364 1482 ,
2395 1420 2795 1475 misericordem
2821 1464 2836 1489 ,
2863 1432 2919 1477 et
2944 1438 3063 1480 esse
3093 1427 3288 1496 ubique
3318 1445 3334 1482 :
3359 1430 3484 1499 quid
3508 1431 3579 1486 sit
3603 1442 3781 1488 autem

2201 1509 2493 1563 substantia
2520 1551 2535 1575 ,
2564 1510 2648 1565 vel
2677 1523 2871 1581 quanta
2900 1516 3005 1569 sint
3035 1533 3154 1585 qua:
3178 1504 3317 1573 dicta
3348 1530 3503 1586 sunt,
3533 1523 3614 1577 vel
3644 1538 3779 1592 quo-

2201 1599 2361 1654 modo
2389 1601 2460 1655 sit
2485 1600 2678 1672 ubique
2702 1643 2719 1671 ,
2766 1603 2867 1659 hoc
2907 1606 3236 1675 ignoramus.
3276 1608 3562 1681 Postquam
3604 1613 3780 1684 itaque

2199 1691 2339 1745 dixit
2364 1693 2679 1761 quibusnam
2711 1711 2774 1749 ex
2806 1697 2966 1752 rebus
2991 1700 3250 1755 mirabilis
3276 1699 3412 1756 facta
3437 1711 3521 1757 est
3552 1706 3775 1759 scientia

2200 1793 2306 1849 tua,
2337 1794 2392 1840 et
2418 1785 2725 1855 prmdicavit
2745 1789 2861 1857 ejus
2883 1791 3221 1860 praesciendi,
3248 1794 3486 1860 creandi,
3516 1804 3571 1850 et
3598 1798 3780 1867 provi-

2196 1877 2353 1933 dendi
2385 1878 2684 1937 facultatem
2707 1923 2722 1947 ,
2755 1882 3232 1956 substantiamque,
3262 1902 3383 1956 qua!
3410 1902 3509 1944 nec
3532 1904 3779 1960 compre-

2198 1969 2394 2034 bendi,
2435 1986 2534 2027 nec
2560 1973 2811 2043 explicari
2850 1984 3023 2044 potest
3049 1993 3065 2033 :
3093 1978 3251 2033 aliam
3286 1993 3470 2036 rursus
3494 1980 3659 2036 refert
3683 1997 3779 2052 po-

2197 2070 2442 2117 testatem
2465 2104 2478 2126 ,
2506 2078 2625 2133 qua:
2669 2065 2780 2135 ipsa
2805 2082 3017 2137 quoque
3052 2084 3241 2139 magna
3265 2070 3597 2128 dubitatione
3622 2073 3777 2143 plena

2193 2163 2297 2220 est,
2325 2154 2370 2209 si
2400 2155 2609 2211 ratione
2634 2168 2922 2226 quaaratur.
2950 2158 3084 2215 Nam
3116 2160 3228 2230 ipsa
3258 2163 3639 2233 comprehendi
3668 2180 3774 2221 non

2194 2256 2386 2315 potest.
2420 2248 2676 2317 Quanam
2704 2265 2832 2321 ergo
2855 2266 2917 2306 ea
2941 2254 3066 2307 est?
3092 2252 3293 2310 Etenim
3326 2256 3451 2311 illuc
3482 2274 3661 2314 manus
3689 2270 3776 2315 tua

2192 2337 2402 2392 deducet
2426 2357 2507 2395 me
2528 2382 2543 2407 ,
2571 2350 2619 2395 et
2653 2343 2835 2397 tenebit
2864 2361 2943 2398 me
2966 2345 3171 2399 dextera
3191 2356 3298 2400 tua.
3327 2347 3438 2404 Hoc
3464 2360 3547 2405 est
3569 2392 3586 2417 ,
3615 2350 3776 2407 Potes

2191 2431 2405 2487 eflicere
2429 2442 2486 2487 ut
2512 2432 2756 2489 homines
2781 2435 2872 2506 qui
2901 2437 2952 2492 in
2978 2452 3169 2509 magna
3198 2448 3252 2495 et
3276 2442 3455 2510 gravia
3483 2444 3620 2499 mala
3647 2446 3775 2501 inci-

2189 2521 2405 2587 derint,
2447 2524 2695 2593 gravibus
2740 2525 2846 2581 illis
2889 2527 3045 2582 malis
3078 2529 3301 2587 minime
3340 2530 3695 2603 illaqueentur
3719 2545 3775 2591 et

2192 2613 2554 2683 implicentur.

2260 2706 2314 2760 3.
2339 2705 2641 2777 llocitaque
2666 2707 3045 2780 interpretans,
3069 2711 3343 2782 subjunxit
3373 2732 3387 2769 :
3419 2715 3507 2770 ll.
3537 2713 3607 2770 Et
3632 2716 3765 2782 dixi,

2192 2794 2434 2851 Forsitan
2456 2799 2672 2853 tenebrat
2686 2802 3055 2856 conculcabunt
3077 2819 3175 2869 me,
3201 2813 3245 2856 et
3268 2820 3369 2858 noa:
3395 2804 3700 2863 illuminatio
3719 2808 3773 2864 in

2186 2889 2379 2943 deliciis
2400 2892 2541 2944 meis.
2568 2892 2654 2947 12.
2690 2894 2822 2959 Quia
2846 2897 3063 2950 tenebrisI
3088 2912 3188 2949 non
3216 2896 3619 2953 obscurabuntur
3646 2918 3677 2953 a
3700 2910 3770 2965 te,

2185 2990 2233 3033 et
2262 2996 2364 3034 nox
2399 2982 2529 3035 sicut
2558 2982 2665 3036 dies
2701 2984 3088 3040 illuminabitur.
3119 2985 3267 3041 Sicut
3295 2988 3511 3043 tenebrae
3528 2992 3637 3060 ejus
3656 3032 3671 3057 ,
3693 2993 3766 3046 ita

2185 3083 2232 3126 et
2252 3074 2418 3128 lumen
2437 3076 2567 3143 ejus.
2598 3076 2883 3147 Postquam
2910 3079 3043 3134 dixit
3079 3080 3325 3151 superius
3368 3097 3463 3149 ea,
3494 3099 3612 3151 qua:
3640 3100 3772 3141 enu-

2186 3167 2407 3231 meravi,
2425 3174 2480 3223 et
2497 3183 2595 3222 una
2612 3182 2732 3223 cum
2756 3170 2880 3235 illis,
2896 3186 3016 3225 eum
3033 3187 3136 3228 non
3154 3171 3325 3226 solum
3346 3172 3535 3228 adesse
3553 3174 3764 3246 ubique,

2184 3258 2276 3312 sed
2304 3258 2463 3313 etiam
2489 3259 2787 3326 deducere,
2821 3260 3109 3317 defendere
3149 3274 3204 3318 et
3232 3264 3441 3319 munire
3465 3282 3480 3328 ;
3503 3266 3770 3337 subiungit

2183 3348 2435 3418 deinceps
2454 3390 2468 3413 ,
2492 3349 2545 3404 in
2575 3366 2640 3404 eo
2668 3367 2879 3422 quoque
2906 3354 3195 3409 ostendens
3235 3353 3366 3424 quid
3411 3355 3723 3411 admirabile
3744 3398 3763 3423 ,

2185 3454 2289 3494 non
2326 3441 2497 3496 solum
2536 3442 2679 3512 quod
2710 3443 2913 3498 muniat
2931 3452 2985 3498 et
3014 3454 3289 3515 protegat,
3316 3446 3409 3501 sed
3437 3448 3595 3501 etiam
3625 3449 3765 3517 quod

2183 3545 2340 3601 supra
2361 3548 2536 3588 rerum
2564 3543 2826 3589 naturam.
2848 3535 2981 3590 Cum
3011 3536 3153 3591 enim
3180 3537 3399 3594 dixisset
3423 3581 3439 3605 ,
3462 3536 3669 3593 Tenebit
3689 3556 3768 3593 me

2183 3625 2386 3679 dextera
2405 3634 2490 3679 tua
2509 3667 2523 3690 ,
2547 3634 2601 3682 et
2620 3668 2635 3693 ,
2666 3626 2887 3681 Deducat
2929 3645 3037 3693 me,
3074 3630 3346 3698 subjunxit
3376 3629 3451 3704 (a)
3476 3649 3490 3685 :
3528 3630 3590 3684 Et
3618 3632 3726 3686 dixi
3747 3674 3760 3695 ,

2183 3715 2425 3771 Forsitan
2460 3718 2676 3772 tenebra:
2712 3720 3077 3774 conculcabunt
3122 3737 3218 3774 me.
3250 3723 3405 3778 Alius
3426 3763 3442 3789 ,
3475 3722 3536 3778 Si
3557 3723 3763 3791 dixero,

2182 3807 2426 3862 Forsitan
2456 3812 2669 3864 tenebra:
2695 3820 2857 3880 tegent
2880 3828 2976 3864 me.
2999 3813 3167 3878 Alius,
3198 3813 3439 3883 Operient
3466 3831 3562 3869 me.

2256 3901 2490 3956 Tenebra:
2516 3903 2742 3973 afﬂictio;
2770 3919 2873 3957 no.1:
2895 3904 3243 3969 calamitates;
3272 3906 3625 3959 elementorum
3645 3922 3766 3976 ope-

2181 3995 2314 4047 ratio
2364 3993 2417 4046 in
2445 3994 2755 4047 contrarium
2802 4010 2833 4047 a
2862 3992 2971 4047 Deo
2991 4036 3006 4060 ,
3050 4011 3163 4047 cum
3192 3994 3331 4059 vult,
3362 3996 3662 4050 traducitur.
3695 4027 3764 4038 —

2182 4087 2440 4141 Tenebrae
2470 4088 2556 4142 hic
2584 4086 2881 4156 significant
2909 4086 3273 4141 afﬂictionem.
3298 4088 3447 4156 Quod
3476 4098 3652 4143 autem
3682 4089 3764 4143 di-

2181 4180 2273 4243 cit,
2304 4187 2387 4233 est
2405 4179 2665 4248 ejusmodi
2700 4196 2714 4233 :
2745 4177 3136 4233 Circumsessus
3164 4194 3281 4234 sum
3312 4195 3341 4233 a
3373 4180 3547 4245 malis,
3567 4189 3624 4236 et
3646 4181 3756 4237 dixi

2181 4271 2311 4325 mihi
2340 4272 2469 4341 ipsi,
2497 4271 2837 4341 Superabuut
2862 4286 2949 4326 me
2987 4272 3148 4325 mala.
3197 4272 3306 4326 lloc
3333 4273 3473 4327 enim
3523 4273 3624 4328 sibi
3650 4274 3764 4329 vult

2183 4363 2330 4427 illud,
2366 4362 2605 4418 Tenebrae
2625 4381 2702 4417 me
2723 4362 3104 4417 conculcabunt.
3138 4364 3305 4426 Alius.
3342 4364 3580 4419 Tenebra:
3599 4376 3760 4437 tegent

2180 4471 2277 4509 me.
2312 4453 2378 4507 Et
2402 4470 2504 4508 nea:
2526 4455 2829 4509 illuminatio
2848 4456 2902 4508 in
2930 4454 3123 4508 deliciis
3147 4456 3288 4509 meis.
3320 4456 3500 4522 Alius,
3532 4456 3654 4512 No.1:
3678 4458 3763 4512 ln-

2181 4548 2298 4601 cida
2334 4547 2470 4600 circa
2510 4562 2607 4599 me.
2637 4546 2774 4613 Quid
2805 4547 2906 4601 hoc
2925 4547 3044 4601 est?
3072 4547 3183 4617 Ego
3227 4546 3341 4601 ham
3368 4548 3582 4616 quidem
3609 4549 3761 4619 dixi,

2181 4639 2381 4709 inquit,
2425 4654 2492 4693 ex
2540 4654 2715 4693 rerum
2768 4648 2954 4693 natura
2998 4649 3291 4709 reputans:
3321 4650 3540 4710 repente
3586 4654 3761 4697 anu-tn

2181 4730 2320 4787 mala
2365 4739 2563 4784 mutata
2588 4739 2713 4785 sunt
2742 4730 2793 4783 in
2821 4730 2958 4784 bona
2988 4746 3005 4787 :
3038 4731 3146 4785 imo
3177 4747 3304 4785 vero
3342 4732 3483 4786 mala
3510 4748 3613 4787 non
3642 4751 3762 4786 mn-

2183 4831 2291 4877 tata
2342 4833 2465 4877 sunt
2515 4824 2567 4876 in
2615 4823 2751 4876 bona
2777 4862 2793 4887 ,
2822 4822 2915 4876 sed
2959 4822 3113 4878 malis
3153 4825 3489 4879 manentibus
3516 4840 3762 4895 magnam

2181 4916 2324 4971 sensi
2347 4916 2744 4984 benignitatem.
2769 4914 2883 4969 Non
2912 4914 3046 4969 dixit
3069 4916 3233 4982 enim,
3273 4916 3387 4971 Nox
3417 4916 3591 4973 deleta
3635 4929 3716 4972 est
3747 4960 3761 4982 ,

2180 5008 2297 5073 sed,
2330 5007 2451 5061 Nox
2466 5008 2562 5076 fuit
2586 5007 2777 5071 lucida;
2807 5006 2911 5061 hoc
2938 5016 3040 5074 est,
3074 5009 3187 5064 Nox
3215 5025 3438 5064 manens
3463 5026 3588 5076 nox,
3624 5011 3760 5065 mala

2180 5101 2407 5164 scilicet,
2427 5108 2482 5154 et
2506 5100 2834 5156 calamitates
2859 5102 2946 5170 (ea
2972 5103 3113 5156 enim
3146 5104 3319 5157 noctis
3342 5105 3557 5160 nomine
3589 5104 3758 5175 signi-

2183 5194 2326 5263 ﬁcat)
2365 5211 2469 5249 non
2503 5202 2788 5264 potuerunt
2837 5209 2923 5249 me
2950 5196 3269 5250 conculcare
3290 5238 3303 5259 ,
3336 5196 3430 5251 sed
3470 5196 3567 5251 fuit
3588 5197 3673 5251 lux
3705 5197 3757 5252 in

2182 5299 2357 5354 nocte,
2392 5288 2494 5344 hoc
2533 5296 2635 5351 est,
2667 5289 2768 5343 mei
2794 5288 2994 5343 exstitit
3020 5288 3277 5344 defensio.
3306 5289 3586 5343 Contraria
3613 5291 3758 5345 enim

2182 5382 2233 5436 in
2263 5380 2543 5437 contrariis
2562 5388 2616 5435 et
2646 5380 2778 5435 ﬁunt
2801 5389 2856 5435 et
2898 5389 3183 5451 apparent,
3215 5380 3430 5451 quando
3455 5382 3567 5435 vult
3594 5382 3752 5436 Deus.

2183 5475 2375 5529 Annon
2406 5474 2580 5529 vidisti
2609 5484 2665 5529 et
2691 5473 2960 5530 fornacem
3000 5474 3271 5529 ardentem
3291 5514 3306 5538 ,
3339 5483 3394 5529 et
3417 5489 3594 5529 rorem
3627 5476 3757 5530 sibi-

2241 5586 2315 5649 (a)
2346 5594 2457 5649 ttae
2476 5588 2654 5649 omnia,
2679 5596 2799 5637 cum
2824 5585 2950 5636 enim
2973 5586 3252 5649 dixisset...
3278 5586 3542 5648 subjunxit,
3558 5588 3767 5637 deerant

2178 5649 2227 5698 in
2251 5647 2413 5697 Muret.
2446 5655 2499 5697 et
2519 5648 2683 5711 savil.,
2710 5649 2798 5711 sed
2836 5655 2950 5697 sunt
2990 5651 3039 5698 in
3071 5648 3177 5697 aliis
3209 5647 3589 5711 exemplaribus.
3635 5659 3756 5700 Pl'lOl

2178 5711 2327 5759 lectio
2368 5721 2614 5775 sequens,
2640 5709 2685 5759 si
2726 5709 2940 5775 dixero,
2988 5718 3105 5769 etc.,
3142 5717 3219 5775 est
3254 5709 3394 5771 juxta
3416 5713 3759 5775 Symmachum,

2178 5775 2307 5822 sicut
2330 5769 2475 5821 etiam
2496 5769 2576 5821 illa
2601 5772 2943 5837 interpretatio
2966 5785 3075 5836 qua:
3098 5771 3240 5834 paulo
3258 5769 3370 5835 post
3392 5769 3633 5839 sequitur,
3659 5769 3761 5827 uad:

2184 5835 2346 5885 tacula
2363 5846 2494 5885 arca
2523 5846 2619 5885 me.

2204 5846 2346 5886 uetaa
2363 5846 2494 5886 arca
2523 5846 2619 5886 me.
