  <div class='ocr_page' id='page_1' title='image "/cluster/home/n/w/nwhite01/storage/ocr_20150623/55/nnc1.0046980016/405.png"; bbox 0 0 4070 6340; ppageno 0'>
   <div class='ocr_carea' id='block_1_1' title="bbox 331 431 436 489">
    <p class='ocr_par' dir='ltr' id='par_1_1' title="bbox 331 431 436 489">
     <span class='ocr_line' id='line_1_1' title="bbox 331 431 436 489; baseline -0.038 0"><span class='ocrx_word' id='word_1_1' title='bbox 331 431 436 489; x_wconf 71' lang='grc'><strong>415</strong></span> 
     </span>
    </p>
   </div>
   <div class='ocr_carea' id='block_1_2' title="bbox 325 521 1902 611">
    <p class='ocr_par' dir='ltr' id='par_1_2' title="bbox 325 521 1902 611">
     <span class='ocr_line' id='line_1_2' title="bbox 325 521 1902 611; baseline -0.015 -12"><span class='ocrx_word' id='word_1_2' title='bbox 325 543 549 608; x_wconf 86' lang='lat' dir='ltr'><strong>lantem,</strong></span> <span class='ocrx_word' id='word_1_3' title='bbox 567 551 621 597; x_wconf 88' lang='lat' dir='ltr'><strong>et</strong></span> <span class='ocrx_word' id='word_1_4' title='bbox 649 553 818 611; x_wconf 88' lang='lat' dir='ltr'><strong>neque</strong></span> <span class='ocrx_word' id='word_1_5' title='bbox 846 538 988 593; x_wconf 84' lang='lat' dir='ltr'><strong>illam</strong></span> <span class='ocrx_word' id='word_1_6' title='bbox 1013 533 1297 605; x_wconf 77' lang='lat' dir='ltr'><strong>exstingui,</strong></span> <span class='ocrx_word' id='word_1_7' title='bbox 1323 546 1422 586; x_wconf 91' lang='lat' dir='ltr'><strong>nec</strong></span> <span class='ocrx_word' id='word_1_8' title='bbox 1450 529 1592 585; x_wconf 87' lang='lat' dir='ltr'><strong>hunc</strong></span> <span class='ocrx_word' id='word_1_9' title='bbox 1619 521 1902 586; x_wconf 81' lang='lat' dir='ltr'><strong>exsiccari,</strong></span> 
     </span>
    </p>
   </div>
   <div class='ocr_carea' id='block_1_3' title="bbox 330 615 1905 705">
    <p class='ocr_par' dir='ltr' id='par_1_3' title="bbox 330 615 1905 705">
     <span class='ocr_line' id='line_1_3' title="bbox 330 615 1905 705; baseline -0.013 -14"><span class='ocrx_word' id='word_1_10' title='bbox 330 647 386 693; x_wconf 89' lang='lat' dir='ltr'><strong>et</strong></span> <span class='ocrx_word' id='word_1_11' title='bbox 408 634 719 705; x_wconf 71' lang='lat' dir='ltr'><strong>grandinem</strong></span> <span class='ocrx_word' id='word_1_12' title='bbox 745 629 901 684; x_wconf 90' lang='lat' dir='ltr'><strong>simul</strong></span> <span class='ocrx_word' id='word_1_13' title='bbox 925 637 980 682; x_wconf 89' lang='lat' dir='ltr'><strong>et</strong></span> <span class='ocrx_word' id='word_1_14' title='bbox 1004 624 1298 682; x_wconf 83' lang='lat' dir='ltr'><strong>ﬂammam?</strong></span> <span class='ocrx_word' id='word_1_15' title='bbox 1325 620 1604 680; x_wconf 86' lang='lat' dir='ltr'><strong>Uudcnam</strong></span> <span class='ocrx_word' id='word_1_16' title='bbox 1627 632 1757 689; x_wconf 89' lang='lat' dir='ltr'><strong>ergo</strong></span> <span class='ocrx_word' id='word_1_17' title='bbox 1777 657 1792 680; x_wconf 94' lang='lat'><strong>,</strong></span> <span class='ocrx_word' id='word_1_18' title='bbox 1819 615 1905 670; x_wconf 91' lang='lat' dir='ltr'><strong>dic</strong></span> 
     </span>
    </p>
   </div>
   <div class='ocr_carea' id='block_1_4' title="bbox 332 708 1904 790">
    <p class='ocr_par' dir='ltr' id='par_1_4' title="bbox 332 708 1904 790">
     <span class='ocr_line' id='line_1_4' title="bbox 332 708 1904 790; baseline -0.013 -11"><span class='ocrx_word' id='word_1_19' title='bbox 332 725 462 780; x_wconf 88' lang='lat' dir='ltr'><strong>mihi</strong></span> <span class='ocrx_word' id='word_1_20' title='bbox 484 765 500 790; x_wconf 94' lang='lat'><strong>,</strong></span> <span class='ocrx_word' id='word_1_21' title='bbox 527 721 629 777; x_wconf 91' lang='lat' dir='ltr'><strong>hoc</strong></span> <span class='ocrx_word' id='word_1_22' title='bbox 657 720 857 775; x_wconf 90' lang='lat' dir='ltr'><strong>factum</strong></span> <span class='ocrx_word' id='word_1_23' title='bbox 883 718 1007 773; x_wconf 87' lang='lat' dir='ltr'><strong>est?</strong></span> <span class='ocrx_word' id='word_1_24' title='bbox 1026 713 1302 784; x_wconf 83' lang='lat' dir='ltr'><strong>Quomodo</strong></span> <span class='ocrx_word' id='word_1_25' title='bbox 1343 721 1518 766; x_wconf 88' lang='lat' dir='ltr'><strong>autem</strong></span> <span class='ocrx_word' id='word_1_26' title='bbox 1549 708 1745 762; x_wconf 90' lang='lat' dir='ltr'><strong>factum</strong></span> <span class='ocrx_word' id='word_1_27' title='bbox 1790 712 1904 768; x_wconf 90' lang='lat' dir='ltr'><strong>est,</strong></span> 
     </span>
    </p>
   </div>
   <div class='ocr_carea' id='block_1_5' title="bbox 335 797 1905 876">
    <p class='ocr_par' dir='ltr' id='par_1_5' title="bbox 335 797 1905 876">
     <span class='ocr_line' id='line_1_5' title="bbox 335 797 1905 876; baseline -0.012 -6"><span class='ocrx_word' id='word_1_28' title='bbox 335 817 461 872; x_wconf 91' lang='lat' dir='ltr'><strong>volo</strong></span> <span class='ocrx_word' id='word_1_29' title='bbox 482 817 639 869; x_wconf 90' lang='lat' dir='ltr'><strong>scire.</strong></span> <span class='ocrx_word' id='word_1_30' title='bbox 668 813 779 867; x_wconf 91' lang='lat' dir='ltr'><strong>lmo</strong></span> <span class='ocrx_word' id='word_1_31' title='bbox 815 825 943 865; x_wconf 90' lang='lat' dir='ltr'><strong>vero</strong></span> <span class='ocrx_word' id='word_1_32' title='bbox 972 823 1072 864; x_wconf 90' lang='lat' dir='ltr'><strong>nec</strong></span> <span class='ocrx_word' id='word_1_33' title='bbox 1087 808 1208 862; x_wconf 93' lang='lat' dir='ltr'><strong>volo</strong></span> <span class='ocrx_word' id='word_1_34' title='bbox 1234 805 1445 876; x_wconf 88' lang='lat' dir='ltr'><strong>quidem</strong></span> <span class='ocrx_word' id='word_1_35' title='bbox 1473 803 1610 856; x_wconf 90' lang='lat' dir='ltr'><strong>scire</strong></span> <span class='ocrx_word' id='word_1_36' title='bbox 1651 797 1905 853; x_wconf 88' lang='lat' dir='ltr'><strong>modum:</strong></span> 
     </span>
    </p>
   </div>
   <div class='ocr_carea' id='block_1_6' title="bbox 334 895 1905 978">
    <p class='ocr_par' dir='ltr' id='par_1_6' title="bbox 334 895 1905 978">
     <span class='ocr_line' id='line_1_6' title="bbox 334 895 1905 978; baseline -0.013 -15"><span class='ocrx_word' id='word_1_37' title='bbox 334 923 507 978; x_wconf 91' lang='lat' dir='ltr'><strong>neque</strong></span> <span class='ocrx_word' id='word_1_38' title='bbox 531 907 674 961; x_wconf 91' lang='lat' dir='ltr'><strong>enim</strong></span> <span class='ocrx_word' id='word_1_39' title='bbox 715 911 890 974; x_wconf 93' lang='lat' dir='ltr'><strong>potest</strong></span> <span class='ocrx_word' id='word_1_40' title='bbox 918 901 1028 956; x_wconf 84' lang='lat' dir='ltr'><strong>fieri</strong></span> <span class='ocrx_word' id='word_1_41' title='bbox 1053 918 1068 955; x_wconf 88' lang='lat'><strong>:</strong></span> <span class='ocrx_word' id='word_1_42' title='bbox 1098 899 1192 956; x_wconf 88' lang='lat' dir='ltr'><strong>sed</strong></span> <span class='ocrx_word' id='word_1_43' title='bbox 1224 897 1416 952; x_wconf 89' lang='lat' dir='ltr'><strong>factum</strong></span> <span class='ocrx_word' id='word_1_44' title='bbox 1444 895 1624 956; x_wconf 88' lang='lat' dir='ltr'><strong>credo;</strong></span> <span class='ocrx_word' id='word_1_45' title='bbox 1660 907 1781 946; x_wconf 91' lang='lat' dir='ltr'><strong>cum</strong></span> <span class='ocrx_word' id='word_1_46' title='bbox 1807 905 1905 945; x_wconf 85' lang='lat' dir='ltr'><strong>au-</strong></span> 
     </span>
    </p>
   </div>
   <div class='ocr_carea' id='block_1_7' title="bbox 335 990 1908 1069">
    <p class='ocr_par' dir='ltr' id='par_1_7' title="bbox 335 990 1908 1069">
     <span class='ocr_line' id='line_1_7' title="bbox 335 990 1908 1069; baseline -0.011 -14"><span class='ocrx_word' id='word_1_47' title='bbox 335 1009 441 1055; x_wconf 91' lang='lat' dir='ltr'><strong>tem</strong></span> <span class='ocrx_word' id='word_1_48' title='bbox 462 999 550 1069; x_wconf 86' lang='lat' dir='ltr'><strong>qui</strong></span> <span class='ocrx_word' id='word_1_49' title='bbox 576 997 698 1053; x_wconf 90' lang='lat' dir='ltr'><strong>fecit</strong></span> <span class='ocrx_word' id='word_1_50' title='bbox 720 997 886 1050; x_wconf 86' lang='lat' dir='ltr'><strong>adoro</strong></span> <span class='ocrx_word' id='word_1_51' title='bbox 913 1012 927 1048; x_wconf 90' lang='lat'><strong>:</strong></span> <span class='ocrx_word' id='word_1_52' title='bbox 964 993 1194 1048; x_wconf 80' lang='lat' dir='ltr'><strong>Plurima</strong></span> <span class='ocrx_word' id='word_1_53' title='bbox 1223 993 1354 1045; x_wconf 84' lang='lat' dir='ltr'><strong>enim</strong></span> <span class='ocrx_word' id='word_1_54' title='bbox 1380 990 1490 1056; x_wconf 82' lang='lat' dir='ltr'><strong>ejus</strong></span> <span class='ocrx_word' id='word_1_55' title='bbox 1529 991 1664 1059; x_wconf 77' lang='lat' dir='ltr'><strong>facta</strong></span> <span class='ocrx_word' id='word_1_56' title='bbox 1685 995 1798 1041; x_wconf 88' lang='lat' dir='ltr'><strong>sunt</strong></span> <span class='ocrx_word' id='word_1_57' title='bbox 1818 1001 1908 1039; x_wconf 86' lang='lat' dir='ltr'><strong>oc-</strong></span> 
     </span>
    </p>
   </div>
   <div class='ocr_carea' id='block_1_8' title="bbox 334 1071 1906 1157">
    <p class='ocr_par' dir='ltr' id='par_1_8' title="bbox 334 1071 1906 1157">
     <span class='ocr_line' id='line_1_8' title="bbox 334 1071 1906 1157; baseline -0.01 -13"><span class='ocrx_word' id='word_1_58' title='bbox 334 1091 470 1144; x_wconf 86' lang='lat' dir='ltr'><strong>culta</strong></span> <span class='ocrx_word' id='word_1_59' title='bbox 497 1099 542 1143; x_wconf 83' lang='lat' dir='ltr'><strong>et</strong></span> <span class='ocrx_word' id='word_1_60' title='bbox 565 1104 751 1142; x_wconf 87' lang='lat' dir='ltr'><strong>arcana</strong></span> <span class='ocrx_word' id='word_1_61' title='bbox 785 1085 968 1157; x_wconf 85' lang='lat' dir='ltr'><strong>(Eccli.</strong></span> <span class='ocrx_word' id='word_1_62' title='bbox 1002 1082 1090 1138; x_wconf 87' lang='grc'><strong>16.</strong></span> <span class='ocrx_word' id='word_1_63' title='bbox 1119 1071 1237 1149; x_wconf 64' lang='grc'><strong>22).</strong></span> <span class='ocrx_word' id='word_1_64' title='bbox 1263 1081 1377 1136; x_wconf 85' lang='grc' dir='ltr'><strong>Νοη</strong></span> <span class='ocrx_word' id='word_1_65' title='bbox 1410 1078 1583 1133; x_wconf 75' lang='lat' dir='ltr'><strong>vidisti</strong></span> <span class='ocrx_word' id='word_1_66' title='bbox 1623 1076 1764 1147; x_wconf 90' lang='lat' dir='ltr'><strong>quod</strong></span> <span class='ocrx_word' id='word_1_67' title='bbox 1786 1089 1906 1130; x_wconf 88' lang='lat' dir='ltr'><strong>cum</strong></span> 
     </span>
    </p>
   </div>
   <div class='ocr_carea' id='block_1_9' title="bbox 334 1169 1908 1249">
    <p class='ocr_par' dir='ltr' id='par_1_9' title="bbox 334 1169 1908 1249">
     <span class='ocr_line' id='line_1_9' title="bbox 334 1169 1908 1249; baseline -0.007 -13"><span class='ocrx_word' id='word_1_68' title='bbox 334 1182 452 1236; x_wconf 89' lang='lat' dir='ltr'><strong>dies</strong></span> <span class='ocrx_word' id='word_1_69' title='bbox 475 1188 640 1246; x_wconf 85' lang='lat' dir='ltr'><strong>esset,</strong></span> <span class='ocrx_word' id='word_1_70' title='bbox 667 1176 886 1249; x_wconf 83' lang='lat' dir='ltr'><strong>perinde</strong></span> <span class='ocrx_word' id='word_1_71' title='bbox 909 1185 1070 1245; x_wconf 90' lang='lat' dir='ltr'><strong>atque</strong></span> <span class='ocrx_word' id='word_1_72' title='bbox 1096 1175 1148 1230; x_wconf 90' lang='lat' dir='ltr'><strong>in</strong></span> <span class='ocrx_word' id='word_1_73' title='bbox 1178 1173 1414 1228; x_wconf 88' lang='lat' dir='ltr'><strong>tenebris</strong></span> <span class='ocrx_word' id='word_1_74' title='bbox 1439 1169 1720 1241; x_wconf 75' lang='lat' dir='ltr'><strong>palpabunt</strong></span> <span class='ocrx_word' id='word_1_75' title='bbox 1740 1169 1908 1238; x_wconf 62' lang='lat' dir='ltr'><strong>Egy-</strong></span> 
     </span>
    </p>
   </div>
   <div class='ocr_carea' id='block_1_10' title="bbox 339 1260 1912 1343">
    <p class='ocr_par' dir='ltr' id='par_1_10' title="bbox 339 1260 1912 1343">
     <span class='ocr_line' id='line_1_10' title="bbox 339 1260 1912 1343; baseline -0.01 -14"><span class='ocrx_word' id='word_1_76' title='bbox 339 1273 431 1343; x_wconf 88' lang='lat' dir='ltr'><strong>ptii</strong></span> <span class='ocrx_word' id='word_1_77' title='bbox 460 1292 473 1327; x_wconf 90' lang='lat'><strong>:</strong></span> <span class='ocrx_word' id='word_1_78' title='bbox 512 1281 565 1327; x_wconf 91' lang='lat' dir='ltr'><strong>et</strong></span> <span class='ocrx_word' id='word_1_79' title='bbox 595 1287 716 1326; x_wconf 89' lang='lat' dir='ltr'><strong>cum</strong></span> <span class='ocrx_word' id='word_1_80' title='bbox 761 1270 938 1324; x_wconf 86' lang='lat' dir='ltr'><strong>omnia</strong></span> <span class='ocrx_word' id='word_1_81' title='bbox 987 1274 1310 1335; x_wconf 87' lang='lat' dir='ltr'><strong>occuparent</strong></span> <span class='ocrx_word' id='word_1_82' title='bbox 1358 1262 1590 1317; x_wconf 70' lang='lat' dir='ltr'><strong>tenebrae</strong></span> <span class='ocrx_word' id='word_1_83' title='bbox 1614 1303 1628 1323; x_wconf 90' lang='lat'><strong>,</strong></span> <span class='ocrx_word' id='word_1_84' title='bbox 1661 1260 1912 1314; x_wconf 80' lang='lat' dir='ltr'><strong>videbant</strong></span> 
     </span>
    </p>
   </div>
   <div class='ocr_carea' id='block_1_11' title="bbox 337 1351 1909 1424">
    <p class='ocr_par' dir='ltr' id='par_1_11' title="bbox 337 1351 1909 1424">
     <span class='ocr_line' id='line_1_11' title="bbox 337 1351 1909 1424; baseline -0.01 -6"><span class='ocrx_word' id='word_1_85' title='bbox 337 1363 590 1419; x_wconf 72' lang='lat' dir='ltr'><strong>Israelita:</strong></span> <span class='ocrx_word' id='word_1_86' title='bbox 617 1380 630 1416; x_wconf 92' lang='lat'><strong>:</strong></span> <span class='ocrx_word' id='word_1_87' title='bbox 660 1371 854 1416; x_wconf 91' lang='lat' dir='ltr'><strong>etcum</strong></span> <span class='ocrx_word' id='word_1_88' title='bbox 884 1365 1066 1415; x_wconf 80' lang='lat' dir='ltr'><strong>essent</strong></span> <span class='ocrx_word' id='word_1_89' title='bbox 1092 1371 1275 1411; x_wconf 85' lang='lat' dir='ltr'><strong>rursus</strong></span> <span class='ocrx_word' id='word_1_90' title='bbox 1301 1355 1350 1408; x_wconf 91' lang='lat' dir='ltr'><strong>in</strong></span> <span class='ocrx_word' id='word_1_91' title='bbox 1383 1353 1637 1424; x_wconf 90' lang='lat' dir='ltr'><strong>principio</strong></span> <span class='ocrx_word' id='word_1_92' title='bbox 1665 1351 1909 1406; x_wconf 87' lang='lat' dir='ltr'><strong>tenebra-</strong></span> 
     </span>
    </p>
   </div>
   <div class='ocr_carea' id='block_1_12' title="bbox 338 1444 1909 1520">
    <p class='ocr_par' dir='ltr' id='par_1_12' title="bbox 338 1444 1909 1520">
     <span class='ocr_line' id='line_1_12' title="bbox 338 1444 1909 1520; baseline -0.008 -11"><span class='ocrx_word' id='word_1_93' title='bbox 338 1471 486 1520; x_wconf 90' lang='lat' dir='ltr'><strong>rum,</strong></span> <span class='ocrx_word' id='word_1_94' title='bbox 535 1455 622 1508; x_wconf 89' lang='lat' dir='ltr'><strong>lux</strong></span> <span class='ocrx_word' id='word_1_95' title='bbox 648 1453 727 1507; x_wconf 89' lang='lat' dir='ltr'><strong>eis</strong></span> <span class='ocrx_word' id='word_1_96' title='bbox 769 1451 944 1506; x_wconf 82' lang='lat' dir='ltr'><strong>illuxit</strong></span> <span class='ocrx_word' id='word_1_97' title='bbox 991 1450 1043 1504; x_wconf 89' lang='lat' dir='ltr'><strong>in</strong></span> <span class='ocrx_word' id='word_1_98' title='bbox 1073 1446 1288 1503; x_wconf 86' lang='lat' dir='ltr'><strong>medio?</strong></span> <span class='ocrx_word' id='word_1_99' title='bbox 1325 1446 1536 1500; x_wconf 71' lang='lat' dir='ltr'><strong>Naturae</strong></span> <span class='ocrx_word' id='word_1_100' title='bbox 1559 1444 1699 1499; x_wconf 84' lang='lat' dir='ltr'><strong>enim</strong></span> <span class='ocrx_word' id='word_1_101' title='bbox 1731 1457 1909 1498; x_wconf 87' lang='lat' dir='ltr'><strong>rerum</strong></span> 
     </span>
    </p>
   </div>
   <div class='ocr_carea' id='block_1_13' title="bbox 338 1538 1913 1613">
    <p class='ocr_par' dir='ltr' id='par_1_13' title="bbox 338 1538 1913 1613">
     <span class='ocr_line' id='line_1_13' title="bbox 338 1538 1913 1613; baseline -0.008 -13"><span class='ocrx_word' id='word_1_102' title='bbox 338 1560 552 1613; x_wconf 85' lang='lat' dir='ltr'><strong>semper</strong></span> <span class='ocrx_word' id='word_1_103' title='bbox 570 1553 653 1598; x_wconf 89' lang='lat' dir='ltr'><strong>est</strong></span> <span class='ocrx_word' id='word_1_104' title='bbox 672 1541 959 1605; x_wconf 89' lang='lat' dir='ltr'><strong>Dominus,</strong></span> <span class='ocrx_word' id='word_1_105' title='bbox 988 1540 1078 1610; x_wconf 90' lang='lat' dir='ltr'><strong>qui</strong></span> <span class='ocrx_word' id='word_1_106' title='bbox 1109 1538 1233 1594; x_wconf 92' lang='lat' dir='ltr'><strong>fecit</strong></span> <span class='ocrx_word' id='word_1_107' title='bbox 1261 1547 1497 1591; x_wconf 89' lang='lat' dir='ltr'><strong>naturam</strong></span> <span class='ocrx_word' id='word_1_108' title='bbox 1522 1577 1537 1601; x_wconf 91' lang='lat'><strong>,</strong></span> <span class='ocrx_word' id='word_1_109' title='bbox 1571 1551 1675 1589; x_wconf 90' lang='lat' dir='ltr'><strong>non</strong></span> <span class='ocrx_word' id='word_1_110' title='bbox 1704 1545 1762 1589; x_wconf 92' lang='lat' dir='ltr'><strong>ut</strong></span> <span class='ocrx_word' id='word_1_111' title='bbox 1789 1549 1913 1602; x_wconf 87' lang='lat' dir='ltr'><strong>pro-</strong></span> 
     </span>
    </p>
   </div>
   <div class='ocr_carea' id='block_1_14' title="bbox 337 1623 1914 1703">
    <p class='ocr_par' dir='ltr' id='par_1_14' title="bbox 337 1623 1914 1703">
     <span class='ocr_line' id='line_1_14' title="bbox 337 1623 1914 1703; baseline -0.007 -15"><span class='ocrx_word' id='word_1_112' title='bbox 337 1633 498 1689; x_wconf 83' lang='lat' dir='ltr'><strong>ducat</strong></span> <span class='ocrx_word' id='word_1_113' title='bbox 521 1648 640 1703; x_wconf 73' lang='lat' dir='ltr'><strong>qua:</strong></span> <span class='ocrx_word' id='word_1_114' title='bbox 669 1647 772 1686; x_wconf 90' lang='lat' dir='ltr'><strong>non</strong></span> <span class='ocrx_word' id='word_1_115' title='bbox 799 1639 942 1694; x_wconf 89' lang='lat' dir='ltr'><strong>sunt,</strong></span> <span class='ocrx_word' id='word_1_116' title='bbox 972 1629 1065 1683; x_wconf 88' lang='lat' dir='ltr'><strong>sed</strong></span> <span class='ocrx_word' id='word_1_117' title='bbox 1095 1637 1151 1682; x_wconf 91' lang='lat' dir='ltr'><strong>ut</strong></span> <span class='ocrx_word' id='word_1_118' title='bbox 1178 1626 1442 1681; x_wconf 89' lang='lat' dir='ltr'><strong>manentia</strong></span> <span class='ocrx_word' id='word_1_119' title='bbox 1468 1626 1519 1680; x_wconf 90' lang='lat' dir='ltr'><strong>in</strong></span> <span class='ocrx_word' id='word_1_120' title='bbox 1548 1634 1732 1678; x_wconf 90' lang='lat' dir='ltr'><strong>natura</strong></span> <span class='ocrx_word' id='word_1_121' title='bbox 1759 1623 1914 1678; x_wconf 89' lang='lat' dir='ltr'><strong>aliter</strong></span> 
     </span>
    </p>
   </div>
   <div class='ocr_carea' id='block_1_15' title="bbox 341 1713 1912 1793">
    <p class='ocr_par' dir='ltr' id='par_1_15' title="bbox 341 1713 1912 1793">
     <span class='ocr_line' id='line_1_15' title="bbox 341 1713 1912 1793; baseline -0.008 -15"><span class='ocrx_word' id='word_1_122' title='bbox 341 1737 598 1793; x_wconf 82' lang='lat' dir='ltr'><strong>apparere</strong></span> <span class='ocrx_word' id='word_1_123' title='bbox 640 1720 856 1776; x_wconf 77' lang='lat' dir='ltr'><strong>efficiat.</strong></span> <span class='ocrx_word' id='word_1_124' title='bbox 890 1717 1022 1787; x_wconf 83' lang='lat' dir='ltr'><strong>Quia</strong></span> <span class='ocrx_word' id='word_1_125' title='bbox 1051 1715 1265 1772; x_wconf 72' lang='lat' dir='ltr'><strong>tenebrat</strong></span> <span class='ocrx_word' id='word_1_126' title='bbox 1291 1731 1390 1770; x_wconf 91' lang='lat' dir='ltr'><strong>non</strong></span> <span class='ocrx_word' id='word_1_127' title='bbox 1436 1713 1834 1770; x_wconf 77' lang='lat' dir='ltr'><strong>obscurabuntur</strong></span> <span class='ocrx_word' id='word_1_128' title='bbox 1880 1730 1912 1766; x_wconf 88' lang='lat' dir='ltr'><strong>a</strong></span> 
     </span>
    </p>
   </div>
   <div class='ocr_carea' id='block_1_16' title="bbox 343 1803 1909 1881">
    <p class='ocr_par' dir='ltr' id='par_1_16' title="bbox 343 1803 1909 1881">
     <span class='ocr_line' id='line_1_16' title="bbox 343 1803 1909 1881; baseline -0.006 -15"><span class='ocrx_word' id='word_1_129' title='bbox 343 1823 411 1868; x_wconf 83' lang='lat' dir='ltr'><strong>te.</strong></span> <span class='ocrx_word' id='word_1_130' title='bbox 439 1812 611 1878; x_wconf 79' lang='lat' dir='ltr'><strong>Alius,</strong></span> <span class='ocrx_word' id='word_1_131' title='bbox 635 1812 782 1881; x_wconf 82' lang='lat' dir='ltr'><strong>Apud</strong></span> <span class='ocrx_word' id='word_1_132' title='bbox 811 1821 876 1866; x_wconf 87' lang='lat' dir='ltr'><strong>te.</strong></span> <span class='ocrx_word' id='word_1_133' title='bbox 917 1808 985 1863; x_wconf 80' lang='lat' dir='ltr'><strong>Et</strong></span> <span class='ocrx_word' id='word_1_134' title='bbox 1011 1825 1113 1862; x_wconf 69' lang='lat' dir='ltr'><strong>nox</strong></span> <span class='ocrx_word' id='word_1_135' title='bbox 1137 1808 1264 1861; x_wconf 87' lang='lat' dir='ltr'><strong>sicut</strong></span> <span class='ocrx_word' id='word_1_136' title='bbox 1287 1807 1392 1860; x_wconf 83' lang='lat' dir='ltr'><strong>dies</strong></span> <span class='ocrx_word' id='word_1_137' title='bbox 1418 1805 1786 1859; x_wconf 84' lang='lat' dir='ltr'><strong>illuminabitur</strong></span> <span class='ocrx_word' id='word_1_138' title='bbox 1810 1803 1909 1876; x_wconf 89' lang='lat' dir='ltr'><strong>(a).</strong></span> 
     </span>
    </p>
   </div>
   <div class='ocr_carea' id='block_1_17' title="bbox 342 1896 1912 1971">
    <p class='ocr_par' dir='ltr' id='par_1_17' title="bbox 342 1896 1912 1971">
     <span class='ocr_line' id='line_1_17' title="bbox 342 1896 1912 1971; baseline -0.008 -10"><span class='ocrx_word' id='word_1_139' title='bbox 342 1907 513 1971; x_wconf 81' lang='lat' dir='ltr'><strong>Alius,</strong></span> <span class='ocrx_word' id='word_1_140' title='bbox 552 1904 657 1960; x_wconf 79' lang='lat' dir='ltr'><strong>Sed</strong></span> <span class='ocrx_word' id='word_1_141' title='bbox 681 1912 727 1958; x_wconf 90' lang='lat' dir='ltr'><strong>et</strong></span> <span class='ocrx_word' id='word_1_142' title='bbox 757 1919 858 1957; x_wconf 79' lang='lat' dir='ltr'><strong>nea:</strong></span> <span class='ocrx_word' id='word_1_143' title='bbox 882 1911 937 1956; x_wconf 90' lang='lat' dir='ltr'><strong>ut</strong></span> <span class='ocrx_word' id='word_1_144' title='bbox 963 1901 1068 1955; x_wconf 80' lang='lat' dir='ltr'><strong>dies</strong></span> <span class='ocrx_word' id='word_1_145' title='bbox 1085 1897 1362 1970; x_wconf 73' lang='lat' dir='ltr'><strong>apparebit.</strong></span> <span class='ocrx_word' id='word_1_146' title='bbox 1383 1897 1527 1953; x_wconf 90' lang='lat' dir='ltr'><strong>Sicut</strong></span> <span class='ocrx_word' id='word_1_147' title='bbox 1545 1896 1755 1952; x_wconf 65' lang='lat' dir='ltr'><strong>tenebrae</strong></span> <span class='ocrx_word' id='word_1_148' title='bbox 1782 1897 1912 1966; x_wconf 83' lang='lat' dir='ltr'><strong>ejus,</strong></span> 
     </span>
    </p>
   </div>
   <div class='ocr_carea' id='block_1_18' title="bbox 339 1987 1913 2061">
    <p class='ocr_par' dir='ltr' id='par_1_18' title="bbox 339 1987 1913 2061">
     <span class='ocr_line' id='line_1_18' title="bbox 339 1987 1913 2061; baseline -0.006 -11"><span class='ocrx_word' id='word_1_149' title='bbox 339 1998 412 2050; x_wconf 89' lang='lat' dir='ltr'><strong>ita</strong></span> <span class='ocrx_word' id='word_1_150' title='bbox 437 2007 484 2050; x_wconf 90' lang='lat' dir='ltr'><strong>et</strong></span> <span class='ocrx_word' id='word_1_151' title='bbox 505 1994 596 2049; x_wconf 71' lang='lat' dir='ltr'><strong>lux</strong></span> <span class='ocrx_word' id='word_1_152' title='bbox 623 1995 751 2061; x_wconf 81' lang='lat' dir='ltr'><strong>ejus.</strong></span> <span class='ocrx_word' id='word_1_153' title='bbox 789 1993 938 2047; x_wconf 81' lang='lat' dir='ltr'><strong>Alius</strong></span> <span class='ocrx_word' id='word_1_154' title='bbox 955 2032 972 2058; x_wconf 94' lang='lat'><strong>,</strong></span> <span class='ocrx_word' id='word_1_155' title='bbox 1003 1990 1207 2046; x_wconf 82' lang='lat' dir='ltr'><strong>Similes</strong></span> <span class='ocrx_word' id='word_1_156' title='bbox 1227 1999 1341 2044; x_wconf 86' lang='lat' dir='ltr'><strong>sunt</strong></span> <span class='ocrx_word' id='word_1_157' title='bbox 1367 1987 1576 2043; x_wconf 63' lang='lat' dir='ltr'><strong>tenebras</strong></span> <span class='ocrx_word' id='word_1_158' title='bbox 1599 1997 1644 2042; x_wconf 87' lang='lat' dir='ltr'><strong>et</strong></span> <span class='ocrx_word' id='word_1_159' title='bbox 1668 1988 1758 2042; x_wconf 77' lang='lat' dir='ltr'><strong>lux</strong></span> <span class='ocrx_word' id='word_1_160' title='bbox 1783 1988 1913 2058; x_wconf 82' lang='lat' dir='ltr'><strong>ejus.</strong></span> 
     </span>
    </p>
   </div>
   <div class='ocr_carea' id='block_1_19' title="bbox 340 2076 1910 2149">
    <p class='ocr_par' dir='ltr' id='par_1_19' title="bbox 340 2076 1910 2149">
     <span class='ocr_line' id='line_1_19' title="bbox 340 2076 1910 2149; baseline -0.007 -8"><span class='ocrx_word' id='word_1_161' title='bbox 340 2085 508 2142; x_wconf 80' lang='lat' dir='ltr'><strong>Recte</strong></span> <span class='ocrx_word' id='word_1_162' title='bbox 557 2085 709 2148; x_wconf 90' lang='lat' dir='ltr'><strong>dixit,</strong></span> <span class='ocrx_word' id='word_1_163' title='bbox 738 2083 781 2137; x_wconf 82' lang='lat' dir='ltr'><strong><em>A</em></strong></span> <span class='ocrx_word' id='word_1_164' title='bbox 811 2093 856 2138; x_wconf 90' lang='lat' dir='ltr'><strong>te</strong></span> <span class='ocrx_word' id='word_1_165' title='bbox 875 2122 892 2148; x_wconf 94' lang='lat'><strong>,</strong></span> <span class='ocrx_word' id='word_1_166' title='bbox 920 2082 1021 2136; x_wconf 91' lang='lat' dir='ltr'><strong>hoc</strong></span> <span class='ocrx_word' id='word_1_167' title='bbox 1049 2091 1171 2147; x_wconf 88' lang='lat' dir='ltr'><strong>est,</strong></span> <span class='ocrx_word' id='word_1_168' title='bbox 1196 2078 1350 2149; x_wconf 81' lang='lat' dir='ltr'><strong>Apud</strong></span> <span class='ocrx_word' id='word_1_169' title='bbox 1380 2087 1469 2144; x_wconf 91' lang='lat' dir='ltr'><strong>te;</strong></span> <span class='ocrx_word' id='word_1_170' title='bbox 1511 2079 1832 2149; x_wconf 76' lang='lat' dir='ltr'><strong>significans,</strong></span> <span class='ocrx_word' id='word_1_171' title='bbox 1868 2076 1910 2130; x_wconf 89' lang='lat' dir='ltr'><strong>si</strong></span> 
     </span>
    </p>
   </div>
   <div class='ocr_carea' id='block_1_20' title="bbox 341 2167 1915 2242">
    <p class='ocr_par' dir='ltr' id='par_1_20' title="bbox 341 2167 1915 2242">
     <span class='ocr_line' id='line_1_20' title="bbox 341 2167 1915 2242; baseline -0.006 -11"><span class='ocrx_word' id='word_1_172' title='bbox 341 2177 594 2242; x_wconf 88' lang='lat' dir='ltr'><strong>volueris,</strong></span> <span class='ocrx_word' id='word_1_173' title='bbox 619 2175 852 2230; x_wconf 65' lang='lat' dir='ltr'><strong>tenebrat</strong></span> <span class='ocrx_word' id='word_1_174' title='bbox 891 2189 998 2228; x_wconf 92' lang='lat' dir='ltr'><strong>non</strong></span> <span class='ocrx_word' id='word_1_175' title='bbox 1027 2183 1185 2228; x_wconf 90' lang='lat' dir='ltr'><strong>erunt</strong></span> <span class='ocrx_word' id='word_1_176' title='bbox 1213 2171 1444 2226; x_wconf 71' lang='lat' dir='ltr'><strong>tenebrae</strong></span> <span class='ocrx_word' id='word_1_177' title='bbox 1472 2209 1489 2236; x_wconf 94' lang='lat'><strong>,</strong></span> <span class='ocrx_word' id='word_1_178' title='bbox 1514 2171 1608 2225; x_wconf 87' lang='lat' dir='ltr'><strong>sed</strong></span> <span class='ocrx_word' id='word_1_179' title='bbox 1637 2184 1755 2238; x_wconf 74' lang='lat' dir='ltr'><strong>qua:</strong></span> <span class='ocrx_word' id='word_1_180' title='bbox 1783 2167 1915 2221; x_wconf 90' lang='lat' dir='ltr'><strong>lucis</strong></span> 
     </span>
    </p>
   </div>
   <div class='ocr_carea' id='block_1_21' title="bbox 343 2259 1916 2335">
    <p class='ocr_par' dir='ltr' id='par_1_21' title="bbox 343 2259 1916 2335">
     <span class='ocr_line' id='line_1_21' title="bbox 343 2259 1916 2335; baseline -0.007 -12"><span class='ocrx_word' id='word_1_181' title='bbox 343 2277 486 2332; x_wconf 90' lang='lat' dir='ltr'><strong>sunt,</strong></span> <span class='ocrx_word' id='word_1_182' title='bbox 517 2266 818 2322; x_wconf 89' lang='lat' dir='ltr'><strong>ostendent.</strong></span> <span class='ocrx_word' id='word_1_183' title='bbox 847 2266 913 2322; x_wconf 87' lang='lat' dir='ltr'><strong>Et</strong></span> <span class='ocrx_word' id='word_1_184' title='bbox 946 2265 1066 2320; x_wconf 92' lang='lat' dir='ltr'><strong>ideo</strong></span> <span class='ocrx_word' id='word_1_185' title='bbox 1101 2265 1374 2335; x_wconf 85' lang='lat' dir='ltr'><strong>subjunxit</strong></span> <span class='ocrx_word' id='word_1_186' title='bbox 1392 2305 1408 2330; x_wconf 92' lang='lat'><strong>,</strong></span> <span class='ocrx_word' id='word_1_187' title='bbox 1433 2262 1556 2317; x_wconf 66' lang='lat' dir='ltr'><strong>Non;</strong></span> <span class='ocrx_word' id='word_1_188' title='bbox 1573 2267 1700 2317; x_wconf 79' lang='lat' dir='ltr'><strong>sicut</strong></span> <span class='ocrx_word' id='word_1_189' title='bbox 1725 2260 1828 2314; x_wconf 86' lang='lat' dir='ltr'><strong>dies</strong></span> <span class='ocrx_word' id='word_1_190' title='bbox 1853 2259 1916 2313; x_wconf 86' lang='lat' dir='ltr'><strong>il-</strong></span> 
     </span>
    </p>
   </div>
   <div class='ocr_carea' id='block_1_22' title="bbox 345 2349 1916 2427">
    <p class='ocr_par' dir='ltr' id='par_1_22' title="bbox 345 2349 1916 2427">
     <span class='ocr_line' id='line_1_22' title="bbox 345 2349 1916 2427; baseline -0.006 -14"><span class='ocrx_word' id='word_1_191' title='bbox 345 2359 689 2423; x_wconf 85' lang='lat' dir='ltr'><strong>luminabitur,</strong></span> <span class='ocrx_word' id='word_1_192' title='bbox 718 2357 948 2412; x_wconf 86' lang='lat' dir='ltr'><strong>reddens</strong></span> <span class='ocrx_word' id='word_1_193' title='bbox 972 2356 1116 2427; x_wconf 90' lang='lat' dir='ltr'><strong>quod</strong></span> <span class='ocrx_word' id='word_1_194' title='bbox 1152 2355 1406 2426; x_wconf 72' lang='lat' dir='ltr'><strong>praecedit</strong></span> <span class='ocrx_word' id='word_1_195' title='bbox 1433 2354 1665 2424; x_wconf 85' lang='lat' dir='ltr'><strong>apertius</strong></span> <span class='ocrx_word' id='word_1_196' title='bbox 1684 2393 1701 2420; x_wconf 90' lang='lat'><strong>,</strong></span> <span class='ocrx_word' id='word_1_197' title='bbox 1732 2361 1786 2406; x_wconf 90' lang='lat' dir='ltr'><strong>et</strong></span> <span class='ocrx_word' id='word_1_198' title='bbox 1815 2349 1916 2404; x_wconf 88' lang='lat' dir='ltr'><strong>hoc</strong></span> 
     </span>
    </p>
   </div>
   <div class='ocr_carea' id='block_1_23' title="bbox 344 2447 1916 2518">
    <p class='ocr_par' dir='ltr' id='par_1_23' title="bbox 344 2447 1916 2518">
     <span class='ocr_line' id='line_1_23' title="bbox 344 2447 1916 2518; baseline -0.006 -12"><span class='ocrx_word' id='word_1_199' title='bbox 344 2451 540 2506; x_wconf 90' lang='lat' dir='ltr'><strong>indicat</strong></span> <span class='ocrx_word' id='word_1_200' title='bbox 571 2467 584 2504; x_wconf 91' lang='lat'><strong>:</strong></span> <span class='ocrx_word' id='word_1_201' title='bbox 611 2449 740 2518; x_wconf 84' lang='lat' dir='ltr'><strong>Quae</strong></span> <span class='ocrx_word' id='word_1_202' title='bbox 766 2457 890 2504; x_wconf 91' lang='lat' dir='ltr'><strong>sunt</strong></span> <span class='ocrx_word' id='word_1_203' title='bbox 919 2447 1024 2504; x_wconf 91' lang='lat' dir='ltr'><strong>diei</strong></span> <span class='ocrx_word' id='word_1_204' title='bbox 1041 2489 1057 2516; x_wconf 94' lang='lat'><strong>,</strong></span> <span class='ocrx_word' id='word_1_205' title='bbox 1085 2463 1188 2504; x_wconf 87' lang='lat' dir='ltr'><strong>nox</strong></span> <span class='ocrx_word' id='word_1_206' title='bbox 1214 2447 1461 2504; x_wconf 87' lang='lat' dir='ltr'><strong>ostendet</strong></span> <span class='ocrx_word' id='word_1_207' title='bbox 1479 2487 1496 2512; x_wconf 94' lang='lat'><strong>,</strong></span> <span class='ocrx_word' id='word_1_208' title='bbox 1527 2460 1633 2500; x_wconf 91' lang='lat' dir='ltr'><strong>non</strong></span> <span class='ocrx_word' id='word_1_209' title='bbox 1653 2458 1809 2498; x_wconf 87' lang='lat' dir='ltr'><strong>secus</strong></span> <span class='ocrx_word' id='word_1_210' title='bbox 1837 2451 1916 2496; x_wconf 89' lang='lat' dir='ltr'><strong>at-</strong></span> 
     </span>
    </p>
   </div>
   <div class='ocr_carea' id='block_1_24' title="bbox 343 2537 1914 2616">
    <p class='ocr_par' dir='ltr' id='par_1_24' title="bbox 343 2537 1914 2616">
     <span class='ocr_line' id='line_1_24' title="bbox 343 2537 1914 2616; baseline -0.005 -17"><span class='ocrx_word' id='word_1_211' title='bbox 343 2559 448 2614; x_wconf 87' lang='lat' dir='ltr'><strong>que</strong></span> <span class='ocrx_word' id='word_1_212' title='bbox 470 2559 533 2598; x_wconf 91' lang='lat' dir='ltr'><strong>ea</strong></span> <span class='ocrx_word' id='word_1_213' title='bbox 560 2559 678 2613; x_wconf 65' lang='lat' dir='ltr'><strong>quae</strong></span> <span class='ocrx_word' id='word_1_214' title='bbox 703 2551 830 2598; x_wconf 88' lang='lat' dir='ltr'><strong>sunt</strong></span> <span class='ocrx_word' id='word_1_215' title='bbox 852 2541 970 2611; x_wconf 90' lang='lat' dir='ltr'><strong>ejus</strong></span> <span class='ocrx_word' id='word_1_216' title='bbox 999 2541 1232 2616; x_wconf 89' lang='lat' dir='ltr'><strong>propria.</strong></span> <span class='ocrx_word' id='word_1_217' title='bbox 1257 2539 1478 2609; x_wconf 85' lang='lat' dir='ltr'><strong>Quando</strong></span> <span class='ocrx_word' id='word_1_218' title='bbox 1503 2540 1646 2595; x_wconf 91' lang='lat' dir='ltr'><strong>enim</strong></span> <span class='ocrx_word' id='word_1_219' title='bbox 1677 2537 1815 2592; x_wconf 87' lang='lat' dir='ltr'><strong>Deus</strong></span> <span class='ocrx_word' id='word_1_220' title='bbox 1831 2551 1914 2591; x_wconf 84' lang='lat' dir='ltr'><strong>vo-</strong></span> 
     </span>
    </p>
   </div>
   <div class='ocr_carea' id='block_1_25' title="bbox 345 2628 1911 2704">
    <p class='ocr_par' dir='ltr' id='par_1_25' title="bbox 345 2628 1911 2704">
     <span class='ocr_line' id='line_1_25' title="bbox 345 2628 1911 2704; baseline -0.006 -14"><span class='ocrx_word' id='word_1_221' title='bbox 345 2636 538 2700; x_wconf 90' lang='lat' dir='ltr'><strong>luerit,</strong></span> <span class='ocrx_word' id='word_1_222' title='bbox 579 2635 816 2704; x_wconf 89' lang='lat' dir='ltr'><strong>operatio</strong></span> <span class='ocrx_word' id='word_1_223' title='bbox 849 2634 1234 2689; x_wconf 89' lang='lat' dir='ltr'><strong>elementorum</strong></span> <span class='ocrx_word' id='word_1_224' title='bbox 1260 2631 1482 2688; x_wconf 89' lang='lat' dir='ltr'><strong>vertitur</strong></span> <span class='ocrx_word' id='word_1_225' title='bbox 1516 2629 1570 2686; x_wconf 91' lang='lat' dir='ltr'><strong>in</strong></span> <span class='ocrx_word' id='word_1_226' title='bbox 1610 2628 1873 2684; x_wconf 89' lang='lat' dir='ltr'><strong>contraria</strong></span> <span class='ocrx_word' id='word_1_227' title='bbox 1894 2668 1911 2693; x_wconf 93' lang='lat'><strong>,</strong></span> 
     </span>
    </p>
   </div>
   <div class='ocr_carea' id='block_1_26' title="bbox 345 2713 1915 2797">
    <p class='ocr_par' dir='ltr' id='par_1_26' title="bbox 345 2713 1915 2797">
     <span class='ocr_line' id='line_1_26' title="bbox 345 2713 1915 2797; baseline -0.005 -16"><span class='ocrx_word' id='word_1_228' title='bbox 345 2742 495 2797; x_wconf 72' lang='lat' dir='ltr'><strong>teque</strong></span> <span class='ocrx_word' id='word_1_229' title='bbox 524 2725 678 2780; x_wconf 80' lang='lat' dir='ltr'><strong>facile</strong></span> <span class='ocrx_word' id='word_1_230' title='bbox 698 2734 856 2795; x_wconf 89' lang='lat' dir='ltr'><strong>atque</strong></span> <span class='ocrx_word' id='word_1_231' title='bbox 895 2725 949 2779; x_wconf 91' lang='lat' dir='ltr'><strong>in</strong></span> <span class='ocrx_word' id='word_1_232' title='bbox 976 2723 1188 2794; x_wconf 87' lang='lat' dir='ltr'><strong>propria</strong></span> <span class='ocrx_word' id='word_1_233' title='bbox 1213 2713 1313 2780; x_wconf 86' lang='lat' dir='ltr'><strong>sibi</strong></span> <span class='ocrx_word' id='word_1_234' title='bbox 1355 2723 1504 2778; x_wconf 91' lang='lat' dir='ltr'><strong>initio</strong></span> <span class='ocrx_word' id='word_1_235' title='bbox 1530 2722 1744 2776; x_wconf 89' lang='lat' dir='ltr'><strong>tributa.</strong></span> <span class='ocrx_word' id='word_1_236' title='bbox 1772 2720 1828 2776; x_wconf 82' lang='lat' dir='ltr'><strong>Si</strong></span> <span class='ocrx_word' id='word_1_237' title='bbox 1859 2729 1915 2774; x_wconf 92' lang='lat' dir='ltr'><strong>tu</strong></span> 
     </span>
    </p>
   </div>
   <div class='ocr_carea' id='block_1_27' title="bbox 343 2813 1915 2882">
    <p class='ocr_par' dir='ltr' id='par_1_27' title="bbox 343 2813 1915 2882">
     <span class='ocr_line' id='line_1_27' title="bbox 343 2813 1915 2882; baseline -0.003 -9"><span class='ocrx_word' id='word_1_238' title='bbox 343 2819 486 2874; x_wconf 90' lang='lat' dir='ltr'><strong>enim</strong></span> <span class='ocrx_word' id='word_1_239' title='bbox 511 2817 771 2882; x_wconf 90' lang='lat' dir='ltr'><strong>volueris,</strong></span> <span class='ocrx_word' id='word_1_240' title='bbox 800 2816 870 2870; x_wconf 89' lang='lat' dir='ltr'><strong>ita</strong></span> <span class='ocrx_word' id='word_1_241' title='bbox 899 2817 1002 2871; x_wconf 89' lang='lat' dir='ltr'><strong>erit</strong></span> <span class='ocrx_word' id='word_1_242' title='bbox 1026 2831 1153 2882; x_wconf 84' lang='lat' dir='ltr'><strong>nox,</strong></span> <span class='ocrx_word' id='word_1_243' title='bbox 1183 2824 1238 2871; x_wconf 90' lang='lat' dir='ltr'><strong>et</strong></span> <span class='ocrx_word' id='word_1_244' title='bbox 1262 2817 1330 2870; x_wconf 92' lang='lat' dir='ltr'><strong>ita</strong></span> <span class='ocrx_word' id='word_1_245' title='bbox 1374 2815 1591 2870; x_wconf 85' lang='lat' dir='ltr'><strong>habebit</strong></span> <span class='ocrx_word' id='word_1_246' title='bbox 1612 2814 1783 2869; x_wconf 89' lang='lat' dir='ltr'><strong>lucem</strong></span> <span class='ocrx_word' id='word_1_247' title='bbox 1815 2813 1915 2868; x_wconf 85' lang='lat' dir='ltr'><strong>sibi</strong></span> 
     </span>
    </p>
   </div>
   <div class='ocr_carea' id='block_1_28' title="bbox 344 2905 1913 2977">
    <p class='ocr_par' dir='ltr' id='par_1_28' title="bbox 344 2905 1913 2977">
     <span class='ocr_line' id='line_1_28' title="bbox 344 2905 1913 2977; baseline -0.004 -13"><span class='ocrx_word' id='word_1_248' title='bbox 344 2909 646 2964; x_wconf 87' lang='lat' dir='ltr'><strong>attributam</strong></span> <span class='ocrx_word' id='word_1_249' title='bbox 671 2950 686 2973; x_wconf 91' lang='lat'><strong>,</strong></span> <span class='ocrx_word' id='word_1_250' title='bbox 712 2917 771 2964; x_wconf 91' lang='lat' dir='ltr'><strong>ut</strong></span> <span class='ocrx_word' id='word_1_251' title='bbox 794 2907 1060 2962; x_wconf 84' lang='lat' dir='ltr'><strong>tenebras.</strong></span> <span class='ocrx_word' id='word_1_252' title='bbox 1089 2906 1347 2974; x_wconf 88' lang='lat' dir='ltr'><strong>Quocirca</strong></span> <span class='ocrx_word' id='word_1_253' title='bbox 1373 2905 1476 2960; x_wconf 91' lang='lat' dir='ltr'><strong>hoc</strong></span> <span class='ocrx_word' id='word_1_254' title='bbox 1507 2919 1720 2977; x_wconf 90' lang='lat' dir='ltr'><strong>quoque</strong></span> <span class='ocrx_word' id='word_1_255' title='bbox 1745 2905 1913 2974; x_wconf 85' lang='lat' dir='ltr'><strong>signi-</strong></span> 
     </span>
    </p>
   </div>
   <div class='ocr_carea' id='block_1_29' title="bbox 346 2997 1917 3069">
    <p class='ocr_par' dir='ltr' id='par_1_29' title="bbox 346 2997 1917 3069">
     <span class='ocr_line' id='line_1_29' title="bbox 346 2997 1917 3069; baseline -0.002 -16"><span class='ocrx_word' id='word_1_256' title='bbox 346 3000 512 3054; x_wconf 85' lang='lat' dir='ltr'><strong>ficans</strong></span> <span class='ocrx_word' id='word_1_257' title='bbox 537 3039 554 3064; x_wconf 90' lang='lat'><strong>,</strong></span> <span class='ocrx_word' id='word_1_258' title='bbox 585 2998 858 3069; x_wconf 89' lang='lat' dir='ltr'><strong>subjunxit</strong></span> <span class='ocrx_word' id='word_1_259' title='bbox 889 3016 903 3053; x_wconf 88' lang='lat'><strong>:</strong></span> <span class='ocrx_word' id='word_1_260' title='bbox 932 2997 1076 3053; x_wconf 85' lang='lat' dir='ltr'><strong>Sicut</strong></span> <span class='ocrx_word' id='word_1_261' title='bbox 1115 2997 1328 3052; x_wconf 65' lang='lat' dir='ltr'><strong>tenebras</strong></span> <span class='ocrx_word' id='word_1_262' title='bbox 1371 2997 1480 3067; x_wconf 79' lang='lat' dir='ltr'><strong>eius</strong></span> <span class='ocrx_word' id='word_1_263' title='bbox 1501 3037 1518 3063; x_wconf 93' lang='lat'><strong>,</strong></span> <span class='ocrx_word' id='word_1_264' title='bbox 1547 2997 1620 3050; x_wconf 91' lang='lat' dir='ltr'><strong>ita</strong></span> <span class='ocrx_word' id='word_1_265' title='bbox 1658 3005 1706 3051; x_wconf 90' lang='lat' dir='ltr'><strong>et</strong></span> <span class='ocrx_word' id='word_1_266' title='bbox 1749 2997 1917 3051; x_wconf 84' lang='lat' dir='ltr'><strong>lumen</strong></span> 
     </span>
    </p>
   </div>
   <div class='ocr_carea' id='block_1_30' title="bbox 346 3087 1917 3160">
    <p class='ocr_par' dir='ltr' id='par_1_30' title="bbox 346 3087 1917 3160">
     <span class='ocr_line' id='line_1_30' title="bbox 346 3087 1917 3160; baseline -0.003 -16"><span class='ocrx_word' id='word_1_267' title='bbox 346 3090 473 3160; x_wconf 79' lang='lat' dir='ltr'><strong>ejus.</strong></span> <span class='ocrx_word' id='word_1_268' title='bbox 507 3088 629 3143; x_wconf 63' lang='lat' dir='ltr'><strong>llaec</strong></span> <span class='ocrx_word' id='word_1_269' title='bbox 665 3088 733 3143; x_wconf 92' lang='lat' dir='ltr'><strong>de</strong></span> <span class='ocrx_word' id='word_1_270' title='bbox 762 3088 1042 3143; x_wconf 90' lang='lat' dir='ltr'><strong>elementis</strong></span> <span class='ocrx_word' id='word_1_271' title='bbox 1066 3087 1279 3157; x_wconf 88' lang='lat' dir='ltr'><strong>quidem</strong></span> <span class='ocrx_word' id='word_1_272' title='bbox 1321 3088 1535 3158; x_wconf 86' lang='lat' dir='ltr'><strong>preprie</strong></span> <span class='ocrx_word' id='word_1_273' title='bbox 1573 3087 1711 3143; x_wconf 76' lang='lat' dir='ltr'><strong>dicta</strong></span> <span class='ocrx_word' id='word_1_274' title='bbox 1753 3095 1876 3141; x_wconf 90' lang='lat' dir='ltr'><strong>sunt</strong></span> <span class='ocrx_word' id='word_1_275' title='bbox 1897 3125 1917 3152; x_wconf 94' lang='lat'><strong>,</strong></span> 
     </span>
    </p>
   </div>
   <div class='ocr_carea' id='block_1_31' title="bbox 348 3177 1920 3250">
    <p class='ocr_par' dir='ltr' id='par_1_31' title="bbox 348 3177 1920 3250">
     <span class='ocr_line' id='line_1_31' title="bbox 348 3177 1920 3250; baseline -0.002 -16"><span class='ocrx_word' id='word_1_276' title='bbox 348 3179 712 3250; x_wconf 90' lang='lat' dir='ltr'><strong>metaphoricc</strong></span> <span class='ocrx_word' id='word_1_277' title='bbox 740 3190 920 3234; x_wconf 90' lang='lat' dir='ltr'><strong>autem</strong></span> <span class='ocrx_word' id='word_1_278' title='bbox 943 3180 1102 3234; x_wconf 88' lang='lat' dir='ltr'><strong>etiam</strong></span> <span class='ocrx_word' id='word_1_279' title='bbox 1125 3177 1194 3234; x_wconf 89' lang='lat' dir='ltr'><strong>de</strong></span> <span class='ocrx_word' id='word_1_280' title='bbox 1217 3179 1396 3234; x_wconf 86' lang='lat' dir='ltr'><strong>rebus.</strong></span> <span class='ocrx_word' id='word_1_281' title='bbox 1431 3179 1508 3234; x_wconf 89' lang='lat' dir='ltr'><strong>Ex</strong></span> <span class='ocrx_word' id='word_1_282' title='bbox 1530 3178 1722 3249; x_wconf 89' lang='lat' dir='ltr'><strong>quibus</strong></span> <span class='ocrx_word' id='word_1_283' title='bbox 1745 3185 1920 3232; x_wconf 87' lang='lat' dir='ltr'><strong>osten-</strong></span> 
     </span>
    </p>
   </div>
   <div class='ocr_carea' id='block_1_32' title="bbox 348 3268 1917 3340">
    <p class='ocr_par' dir='ltr' id='par_1_32' title="bbox 348 3268 1917 3340">
     <span class='ocr_line' id='line_1_32' title="bbox 348 3268 1917 3340; baseline -0.003 -15"><span class='ocrx_word' id='word_1_284' title='bbox 348 3271 489 3325; x_wconf 88' lang='lat' dir='ltr'><strong>ditur</strong></span> <span class='ocrx_word' id='word_1_285' title='bbox 517 3285 670 3340; x_wconf 88' lang='lat' dir='ltr'><strong>posse</strong></span> <span class='ocrx_word' id='word_1_286' title='bbox 702 3269 872 3324; x_wconf 89' lang='lat' dir='ltr'><strong>Deum</strong></span> <span class='ocrx_word' id='word_1_287' title='bbox 898 3278 1097 3324; x_wconf 90' lang='lat' dir='ltr'><strong>tantam</strong></span> <span class='ocrx_word' id='word_1_288' title='bbox 1123 3268 1317 3324; x_wconf 75' lang='lat' dir='ltr'><strong>afferre</strong></span> <span class='ocrx_word' id='word_1_289' title='bbox 1353 3268 1590 3338; x_wconf 87' lang='lat' dir='ltr'><strong>requiem</strong></span> <span class='ocrx_word' id='word_1_290' title='bbox 1615 3282 1678 3323; x_wconf 90' lang='lat' dir='ltr'><strong>ac</strong></span> <span class='ocrx_word' id='word_1_291' title='bbox 1702 3281 1917 3322; x_wconf 85' lang='lat' dir='ltr'><strong>recrea-</strong></span> 
     </span>
    </p>
   </div>
   <div class='ocr_carea' id='block_1_33' title="bbox 350 3359 1919 3432">
    <p class='ocr_par' dir='ltr' id='par_1_33' title="bbox 350 3359 1919 3432">
     <span class='ocr_line' id='line_1_33' title="bbox 350 3359 1919 3432; baseline -0.004 -15"><span class='ocrx_word' id='word_1_292' title='bbox 350 3365 548 3418; x_wconf 90' lang='lat' dir='ltr'><strong>tionem</strong></span> <span class='ocrx_word' id='word_1_293' title='bbox 574 3364 638 3416; x_wconf 91' lang='lat' dir='ltr'><strong>iis</strong></span> <span class='ocrx_word' id='word_1_294' title='bbox 661 3363 748 3432; x_wconf 90' lang='lat' dir='ltr'><strong>qui</strong></span> <span class='ocrx_word' id='word_1_295' title='bbox 780 3361 833 3416; x_wconf 92' lang='lat' dir='ltr'><strong>in</strong></span> <span class='ocrx_word' id='word_1_296' title='bbox 874 3360 1193 3416; x_wconf 80' lang='lat' dir='ltr'><strong>afflictiones</strong></span> <span class='ocrx_word' id='word_1_297' title='bbox 1231 3359 1500 3427; x_wconf 89' lang='lat' dir='ltr'><strong>incidunt,</strong></span> <span class='ocrx_word' id='word_1_298' title='bbox 1543 3369 1795 3430; x_wconf 81' lang='lat' dir='ltr'><strong>quantam</strong></span> <span class='ocrx_word' id='word_1_299' title='bbox 1822 3359 1919 3412; x_wconf 88' lang='lat' dir='ltr'><strong>ba-</strong></span> 
     </span>
    </p>
   </div>
   <div class='ocr_carea' id='block_1_34' title="bbox 350 3449 1917 3522">
    <p class='ocr_par' dir='ltr' id='par_1_34' title="bbox 350 3449 1917 3522">
     <span class='ocr_line' id='line_1_34' title="bbox 350 3449 1917 3522; baseline -0.002 -15"><span class='ocrx_word' id='word_1_300' title='bbox 350 3455 476 3508; x_wconf 89' lang='lat' dir='ltr'><strong>heut</strong></span> <span class='ocrx_word' id='word_1_301' title='bbox 504 3455 539 3506; x_wconf 93' lang='lat' dir='ltr'><strong>ii</strong></span> <span class='ocrx_word' id='word_1_302' title='bbox 568 3454 655 3522; x_wconf 92' lang='lat' dir='ltr'><strong>qui</strong></span> <span class='ocrx_word' id='word_1_303' title='bbox 678 3461 894 3506; x_wconf 90' lang='lat' dir='ltr'><strong>utuntur</strong></span> <span class='ocrx_word' id='word_1_304' title='bbox 914 3451 1075 3506; x_wconf 82' lang='lat' dir='ltr'><strong>rebus</strong></span> <span class='ocrx_word' id='word_1_305' title='bbox 1102 3449 1370 3514; x_wconf 89' lang='lat' dir='ltr'><strong>secundis,</strong></span> <span class='ocrx_word' id='word_1_306' title='bbox 1401 3460 1584 3519; x_wconf 90' lang='lat' dir='ltr'><strong>utpote</strong></span> <span class='ocrx_word' id='word_1_307' title='bbox 1611 3450 1702 3520; x_wconf 92' lang='lat' dir='ltr'><strong>qui</strong></span> <span class='ocrx_word' id='word_1_308' title='bbox 1733 3465 1917 3504; x_wconf 92' lang='lat' dir='ltr'><strong>curam</strong></span> 
     </span>
    </p>
   </div>
   <div class='ocr_carea' id='block_1_35' title="bbox 348 3541 1921 3614">
    <p class='ocr_par' dir='ltr' id='par_1_35' title="bbox 348 3541 1921 3614">
     <span class='ocr_line' id='line_1_35' title="bbox 348 3541 1921 3614; baseline 0 -16"><span class='ocrx_word' id='word_1_309' title='bbox 348 3554 497 3614; x_wconf 87' lang='lat' dir='ltr'><strong>gerat</strong></span> <span class='ocrx_word' id='word_1_310' title='bbox 525 3543 849 3598; x_wconf 85' lang='lat' dir='ltr'><strong>aﬂlictionis.</strong></span> <span class='ocrx_word' id='word_1_311' title='bbox 885 3542 996 3597; x_wconf 81' lang='lat' dir='ltr'><strong>lloc</strong></span> <span class='ocrx_word' id='word_1_312' title='bbox 1015 3551 1097 3597; x_wconf 88' lang='lat' dir='ltr'><strong>est</strong></span> <span class='ocrx_word' id='word_1_313' title='bbox 1124 3542 1269 3597; x_wconf 91' lang='lat' dir='ltr'><strong>enim</strong></span> <span class='ocrx_word' id='word_1_314' title='bbox 1293 3541 1636 3605; x_wconf 88' lang='lat' dir='ltr'><strong>incredibile,</strong></span> <span class='ocrx_word' id='word_1_315' title='bbox 1665 3550 1721 3597; x_wconf 92' lang='lat' dir='ltr'><strong>et</strong></span> <span class='ocrx_word' id='word_1_316' title='bbox 1750 3541 1921 3612; x_wconf 88' lang='lat' dir='ltr'><strong>majus</strong></span> 
     </span>
    </p>
   </div>
   <div class='ocr_carea' id='block_1_36' title="bbox 351 3630 1922 3703">
    <p class='ocr_par' dir='ltr' id='par_1_36' title="bbox 351 3630 1922 3703">
     <span class='ocr_line' id='line_1_36' title="bbox 351 3630 1922 3703; baseline -0.001 -17"><span class='ocrx_word' id='word_1_317' title='bbox 351 3632 616 3703; x_wconf 81' lang='lat' dir='ltr'><strong>Opinione,</strong></span> <span class='ocrx_word' id='word_1_318' title='bbox 647 3631 790 3701; x_wconf 86' lang='lat' dir='ltr'><strong>quod</strong></span> <span class='ocrx_word' id='word_1_319' title='bbox 832 3631 994 3686; x_wconf 91' lang='lat' dir='ltr'><strong>etiam</strong></span> <span class='ocrx_word' id='word_1_320' title='bbox 1022 3631 1074 3686; x_wconf 92' lang='lat' dir='ltr'><strong>in</strong></span> <span class='ocrx_word' id='word_1_321' title='bbox 1096 3631 1292 3702; x_wconf 83' lang='lat' dir='ltr'><strong>Joseph</strong></span> <span class='ocrx_word' id='word_1_322' title='bbox 1326 3630 1538 3687; x_wconf 88' lang='lat' dir='ltr'><strong>accidit.</strong></span> <span class='ocrx_word' id='word_1_323' title='bbox 1561 3630 1742 3702; x_wconf 85' lang='lat' dir='ltr'><strong>Neque</strong></span> <span class='ocrx_word' id='word_1_324' title='bbox 1778 3633 1922 3686; x_wconf 90' lang='lat' dir='ltr'><strong>enim</strong></span> 
     </span>
    </p>
   </div>
   <div class='ocr_carea' id='block_1_37' title="bbox 354 3723 1924 3795">
    <p class='ocr_par' dir='ltr' id='par_1_37' title="bbox 354 3723 1924 3795">
     <span class='ocr_line' id='line_1_37' title="bbox 354 3723 1924 3795; baseline -0.001 -15"><span class='ocrx_word' id='word_1_325' title='bbox 354 3734 460 3780; x_wconf 89' lang='lat' dir='ltr'><strong>tam</strong></span> <span class='ocrx_word' id='word_1_326' title='bbox 505 3725 629 3780; x_wconf 89' lang='lat' dir='ltr'><strong>felix</strong></span> <span class='ocrx_word' id='word_1_327' title='bbox 671 3724 858 3780; x_wconf 83' lang='lat' dir='ltr'><strong>fuisset</strong></span> <span class='ocrx_word' id='word_1_328' title='bbox 895 3723 1014 3795; x_wconf 89' lang='lat' dir='ltr'><strong>ejus</strong></span> <span class='ocrx_word' id='word_1_329' title='bbox 1060 3739 1374 3792; x_wconf 89' lang='lat' dir='ltr'><strong>successus,</strong></span> <span class='ocrx_word' id='word_1_330' title='bbox 1407 3739 1507 3781; x_wconf 91' lang='lat' dir='ltr'><strong>nec</strong></span> <span class='ocrx_word' id='word_1_331' title='bbox 1534 3732 1738 3780; x_wconf 86' lang='lat' dir='ltr'><strong>tantum</strong></span> <span class='ocrx_word' id='word_1_332' title='bbox 1781 3732 1924 3781; x_wconf 89' lang='lat' dir='ltr'><strong>esset</strong></span> 
     </span>
    </p>
   </div>
   <div class='ocr_carea' id='block_1_38' title="bbox 354 3817 1920 3889">
    <p class='ocr_par' dir='ltr' id='par_1_38' title="bbox 354 3817 1920 3889">
     <span class='ocr_line' id='line_1_38' title="bbox 354 3817 1920 3889; baseline -0.001 -16"><span class='ocrx_word' id='word_1_333' title='bbox 354 3818 610 3874; x_wconf 90' lang='lat' dir='ltr'><strong>honorem</strong></span> <span class='ocrx_word' id='word_1_334' title='bbox 653 3827 1013 3887; x_wconf 91' lang='lat' dir='ltr'><strong>consequutus</strong></span> <span class='ocrx_word' id='word_1_335' title='bbox 1065 3818 1120 3872; x_wconf 91' lang='lat' dir='ltr'><strong>in</strong></span> <span class='ocrx_word' id='word_1_336' title='bbox 1167 3827 1386 3889; x_wconf 88' lang='lat' dir='ltr'><strong>paterna</strong></span> <span class='ocrx_word' id='word_1_337' title='bbox 1431 3817 1592 3874; x_wconf 91' lang='lat' dir='ltr'><strong>domo</strong></span> <span class='ocrx_word' id='word_1_338' title='bbox 1641 3818 1920 3885; x_wconf 87' lang='lat' dir='ltr'><strong>habitans,</strong></span> 
     </span>
    </p>
   </div>
   <div class='ocr_carea' id='block_1_39' title="bbox 352 3909 1919 3980">
    <p class='ocr_par' dir='ltr' id='par_1_39' title="bbox 352 3909 1919 3980">
     <span class='ocr_line' id='line_1_39' title="bbox 352 3909 1919 3980; baseline 0 -16"><span class='ocrx_word' id='word_1_339' title='bbox 352 3917 606 3980; x_wconf 83' lang='lat' dir='ltr'><strong>quautam</strong></span> <span class='ocrx_word' id='word_1_340' title='bbox 635 3909 1017 3978; x_wconf 84' lang='lat' dir='ltr'><strong>venumdatus,</strong></span> <span class='ocrx_word' id='word_1_341' title='bbox 1047 3921 1102 3966; x_wconf 92' lang='lat' dir='ltr'><strong>et</strong></span> <span class='ocrx_word' id='word_1_342' title='bbox 1126 3910 1179 3965; x_wconf 91' lang='lat' dir='ltr'><strong>in</strong></span> <span class='ocrx_word' id='word_1_343' title='bbox 1209 3910 1368 3965; x_wconf 92' lang='lat' dir='ltr'><strong>domo</strong></span> <span class='ocrx_word' id='word_1_344' title='bbox 1396 3910 1672 3965; x_wconf 89' lang='lat' dir='ltr'><strong>barbarica</strong></span> <span class='ocrx_word' id='word_1_345' title='bbox 1721 3910 1919 3966; x_wconf 90' lang='lat' dir='ltr'><strong>educa-</strong></span> 
     </span>
    </p>
   </div>
   <div class='ocr_carea' id='block_1_40' title="bbox 355 3999 1922 4069">
    <p class='ocr_par' dir='ltr' id='par_1_40' title="bbox 355 3999 1922 4069">
     <span class='ocr_line' id='line_1_40' title="bbox 355 3999 1922 4069; baseline -0.001 -14"><span class='ocrx_word' id='word_1_346' title='bbox 355 4009 459 4055; x_wconf 89' lang='lat' dir='ltr'><strong>tus.</strong></span> <span class='ocrx_word' id='word_1_347' title='bbox 487 3999 588 4055; x_wconf 84' lang='lat' dir='ltr'><strong>Per</strong></span> <span class='ocrx_word' id='word_1_348' title='bbox 616 4001 758 4069; x_wconf 89' lang='lat' dir='ltr'><strong>ipsos</strong></span> <span class='ocrx_word' id='word_1_349' title='bbox 779 4000 924 4054; x_wconf 88' lang='lat' dir='ltr'><strong>enim</strong></span> <span class='ocrx_word' id='word_1_350' title='bbox 954 3999 1290 4056; x_wconf 90' lang='lat' dir='ltr'><strong>insidiatores</strong></span> <span class='ocrx_word' id='word_1_351' title='bbox 1318 4001 1364 4055; x_wconf 92' lang='lat' dir='ltr'><strong>ei</strong></span> <span class='ocrx_word' id='word_1_352' title='bbox 1388 4001 1777 4055; x_wconf 87' lang='lat' dir='ltr'><strong>contexcbatur</strong></span> <span class='ocrx_word' id='word_1_353' title='bbox 1803 4000 1922 4055; x_wconf 87' lang='lat' dir='ltr'><strong>dia-</strong></span> 
     </span>
    </p>
   </div>
   <div class='ocr_carea' id='block_1_41' title="bbox 312 4085 1923 4164">
    <p class='ocr_par' dir='ltr' id='par_1_41' title="bbox 312 4085 1923 4164">
     <span class='ocr_line' id='line_1_41' title="bbox 312 4085 1923 4164; baseline -0.002 -15"><span class='ocrx_word' id='word_1_354' title='bbox 312 4085 320 4092; x_wconf 65' lang='grc'><strong>⁷</strong></span> <span class='ocrx_word' id='word_1_355' title='bbox 354 4094 528 4161; x_wconf 88' lang='lat' dir='ltr'><strong>dema,</strong></span> <span class='ocrx_word' id='word_1_356' title='bbox 553 4101 607 4148; x_wconf 92' lang='lat' dir='ltr'><strong>et</strong></span> <span class='ocrx_word' id='word_1_357' title='bbox 633 4092 1038 4162; x_wconf 85' lang='lat' dir='ltr'><strong>comparabatur</strong></span> <span class='ocrx_word' id='word_1_358' title='bbox 1062 4107 1314 4164; x_wconf 87' lang='lat' dir='ltr'><strong>purpura,</strong></span> <span class='ocrx_word' id='word_1_359' title='bbox 1343 4103 1396 4148; x_wconf 90' lang='lat' dir='ltr'><strong>et</strong></span> <span class='ocrx_word' id='word_1_360' title='bbox 1425 4092 1491 4146; x_wconf 90' lang='lat' dir='ltr'><strong>ab</strong></span> <span class='ocrx_word' id='word_1_361' title='bbox 1519 4091 1748 4146; x_wconf 77' lang='lat' dir='ltr'><strong>infamia:</strong></span> <span class='ocrx_word' id='word_1_362' title='bbox 1767 4107 1923 4146; x_wconf 58' lang='lat' dir='ltr'><strong>occa.</strong></span> 
     </span>
    </p>
   </div>
   <div class='ocr_carea' id='block_1_42' title="bbox 354 4181 1926 4254">
    <p class='ocr_par' dir='ltr' id='par_1_42' title="bbox 354 4181 1926 4254">
     <span class='ocr_line' id='line_1_42' title="bbox 354 4181 1926 4254; baseline -0.003 -14"><span class='ocrx_word' id='word_1_363' title='bbox 354 4186 507 4240; x_wconf 90' lang='lat' dir='ltr'><strong>sione</strong></span> <span class='ocrx_word' id='word_1_364' title='bbox 529 4185 745 4240; x_wconf 89' lang='lat' dir='ltr'><strong>honoris</strong></span> <span class='ocrx_word' id='word_1_365' title='bbox 772 4193 829 4239; x_wconf 92' lang='lat' dir='ltr'><strong>et</strong></span> <span class='ocrx_word' id='word_1_366' title='bbox 850 4185 998 4254; x_wconf 90' lang='lat' dir='ltr'><strong>regni</strong></span> <span class='ocrx_word' id='word_1_367' title='bbox 1022 4185 1071 4240; x_wconf 90' lang='lat' dir='ltr'><strong>ei</strong></span> <span class='ocrx_word' id='word_1_368' title='bbox 1095 4199 1253 4240; x_wconf 90' lang='lat' dir='ltr'><strong>causa</strong></span> <span class='ocrx_word' id='word_1_369' title='bbox 1282 4183 1563 4254; x_wconf 88' lang='lat' dir='ltr'><strong>processit.</strong></span> <span class='ocrx_word' id='word_1_370' title='bbox 1592 4181 1780 4238; x_wconf 85' lang='lat' dir='ltr'><strong>Vidisti</strong></span> <span class='ocrx_word' id='word_1_371' title='bbox 1802 4198 1926 4252; x_wconf 83' lang='lat' dir='ltr'><strong>quo-</strong></span> 
     </span>
    </p>
   </div>
   <div class='ocr_carea' id='block_1_43' title="bbox 354 4275 1927 4347">
    <p class='ocr_par' dir='ltr' id='par_1_43' title="bbox 354 4275 1927 4347">
     <span class='ocr_line' id='line_1_43' title="bbox 354 4275 1927 4347; baseline -0.001 -15"><span class='ocrx_word' id='word_1_372' title='bbox 354 4278 514 4332; x_wconf 89' lang='lat' dir='ltr'><strong>modo</strong></span> <span class='ocrx_word' id='word_1_373' title='bbox 537 4277 868 4347; x_wconf 86' lang='lat' dir='ltr'><strong>interpretati</strong></span> <span class='ocrx_word' id='word_1_374' title='bbox 907 4291 1090 4332; x_wconf 88' lang='lat' dir='ltr'><strong>sumus</strong></span> <span class='ocrx_word' id='word_1_375' title='bbox 1110 4275 1270 4343; x_wconf 89' lang='lat' dir='ltr'><strong>illud,</strong></span> <span class='ocrx_word' id='word_1_376' title='bbox 1303 4276 1427 4331; x_wconf 71' lang='lat' dir='ltr'><strong>Non:</strong></span> <span class='ocrx_word' id='word_1_377' title='bbox 1449 4278 1575 4332; x_wconf 87' lang='lat' dir='ltr'><strong>sicut</strong></span> <span class='ocrx_word' id='word_1_378' title='bbox 1603 4278 1708 4332; x_wconf 89' lang='lat' dir='ltr'><strong>dies</strong></span> <span class='ocrx_word' id='word_1_379' title='bbox 1735 4277 1927 4340; x_wconf 81' lang='lat' dir='ltr'><strong>illumi-</strong></span> 
     </span>
    </p>
   </div>
   <div class='ocr_carea' id='block_1_44' title="bbox 354 4371 1925 4442">
    <p class='ocr_par' dir='ltr' id='par_1_44' title="bbox 354 4371 1925 4442">
     <span class='ocr_line' id='line_1_44' title="bbox 354 4371 1925 4442; baseline -0.002 -14"><span class='ocrx_word' id='word_1_380' title='bbox 354 4375 579 4428; x_wconf 88' lang='lat' dir='ltr'><strong>nabitur?</strong></span> <span class='ocrx_word' id='word_1_381' title='bbox 601 4373 680 4428; x_wconf 84' lang='lat' dir='ltr'><strong>Ad</strong></span> <span class='ocrx_word' id='word_1_382' title='bbox 709 4374 810 4428; x_wconf 90' lang='lat' dir='ltr'><strong>hoc</strong></span> <span class='ocrx_word' id='word_1_383' title='bbox 830 4381 1038 4440; x_wconf 88' lang='lat' dir='ltr'><strong>autem,</strong></span> <span class='ocrx_word' id='word_1_384' title='bbox 1063 4373 1210 4428; x_wconf 87' lang='lat' dir='ltr'><strong>Sicut</strong></span> <span class='ocrx_word' id='word_1_385' title='bbox 1235 4371 1447 4427; x_wconf 67' lang='lat' dir='ltr'><strong>tenebrat</strong></span> <span class='ocrx_word' id='word_1_386' title='bbox 1471 4373 1580 4442; x_wconf 86' lang='lat' dir='ltr'><strong>ejus</strong></span> <span class='ocrx_word' id='word_1_387' title='bbox 1602 4412 1618 4438; x_wconf 95' lang='lat'><strong>,</strong></span> <span class='ocrx_word' id='word_1_388' title='bbox 1644 4371 1715 4424; x_wconf 91' lang='lat' dir='ltr'><strong>ita</strong></span> <span class='ocrx_word' id='word_1_389' title='bbox 1755 4372 1925 4425; x_wconf 87' lang='lat' dir='ltr'><strong>lumen</strong></span> 
     </span>
    </p>
   </div>
   <div class='ocr_carea' id='block_1_45' title="bbox 354 4465 1926 4537">
    <p class='ocr_par' dir='ltr' id='par_1_45' title="bbox 354 4465 1926 4537">
     <span class='ocr_line' id='line_1_45' title="bbox 354 4465 1926 4537; baseline -0.001 -17"><span class='ocrx_word' id='word_1_390' title='bbox 354 4469 482 4537; x_wconf 83' lang='lat' dir='ltr'><strong>ejus,</strong></span> <span class='ocrx_word' id='word_1_391' title='bbox 517 4467 567 4522; x_wconf 93' lang='lat' dir='ltr'><strong>id</strong></span> <span class='ocrx_word' id='word_1_392' title='bbox 596 4467 766 4536; x_wconf 85' lang='lat' dir='ltr'><strong>ipsum</strong></span> <span class='ocrx_word' id='word_1_393' title='bbox 781 4466 957 4522; x_wconf 86' lang='lat' dir='ltr'><strong>dicere</strong></span> <span class='ocrx_word' id='word_1_394' title='bbox 981 4480 1200 4522; x_wconf 88' lang='lat' dir='ltr'><strong>necesse</strong></span> <span class='ocrx_word' id='word_1_395' title='bbox 1217 4474 1300 4521; x_wconf 89' lang='lat' dir='ltr'><strong>est</strong></span> <span class='ocrx_word' id='word_1_396' title='bbox 1325 4483 1338 4518; x_wconf 91' lang='lat'><strong>:</strong></span> <span class='ocrx_word' id='word_1_397' title='bbox 1363 4465 1500 4520; x_wconf 90' lang='lat' dir='ltr'><strong>sicut</strong></span> <span class='ocrx_word' id='word_1_398' title='bbox 1520 4465 1643 4530; x_wconf 69' lang='lat' dir='ltr'><strong>illae,</strong></span> <span class='ocrx_word' id='word_1_399' title='bbox 1663 4465 1740 4519; x_wconf 92' lang='lat' dir='ltr'><strong>sic</strong></span> <span class='ocrx_word' id='word_1_400' title='bbox 1765 4465 1926 4520; x_wconf 89' lang='lat' dir='ltr'><strong>etiam</strong></span> 
     </span>
    </p>
   </div>
   <div class='ocr_carea' id='block_1_46' title="bbox 356 4556 1924 4628">
    <p class='ocr_par' dir='ltr' id='par_1_46' title="bbox 356 4556 1924 4628">
     <span class='ocr_line' id='line_1_46' title="bbox 356 4556 1924 4628; baseline -0.001 -14"><span class='ocrx_word' id='word_1_401' title='bbox 356 4559 459 4614; x_wconf 92' lang='lat' dir='ltr'><strong>hoc</strong></span> <span class='ocrx_word' id='word_1_402' title='bbox 481 4558 602 4625; x_wconf 90' lang='lat' dir='ltr'><strong>erit,</strong></span> <span class='ocrx_word' id='word_1_403' title='bbox 630 4575 736 4612; x_wconf 91' lang='lat' dir='ltr'><strong>non</strong></span> <span class='ocrx_word' id='word_1_404' title='bbox 761 4560 936 4628; x_wconf 90' lang='lat' dir='ltr'><strong>specie</strong></span> <span class='ocrx_word' id='word_1_405' title='bbox 957 4566 1183 4624; x_wconf 87' lang='lat' dir='ltr'><strong>tantum,</strong></span> <span class='ocrx_word' id='word_1_406' title='bbox 1205 4556 1299 4613; x_wconf 89' lang='lat' dir='ltr'><strong>sed</strong></span> <span class='ocrx_word' id='word_1_407' title='bbox 1321 4557 1548 4611; x_wconf 91' lang='lat' dir='ltr'><strong>Domino</strong></span> <span class='ocrx_word' id='word_1_408' title='bbox 1570 4568 1662 4612; x_wconf 92' lang='lat' dir='ltr'><strong>tuo</strong></span> <span class='ocrx_word' id='word_1_409' title='bbox 1687 4565 1924 4613; x_wconf 88' lang='lat' dir='ltr'><strong>mutante</strong></span> 
     </span>
    </p>
   </div>
   <div class='ocr_carea' id='block_1_47' title="bbox 355 4645 1925 4718">
    <p class='ocr_par' dir='ltr' id='par_1_47' title="bbox 355 4645 1925 4718">
     <span class='ocr_line' id='line_1_47' title="bbox 355 4645 1925 4718; baseline -0.002 -15"><span class='ocrx_word' id='word_1_410' title='bbox 355 4663 536 4703; x_wconf 82' lang='lat' dir='ltr'><strong>rerum</strong></span> <span class='ocrx_word' id='word_1_411' title='bbox 563 4657 793 4703; x_wconf 90' lang='lat' dir='ltr'><strong>naturas.</strong></span> <span class='ocrx_word' id='word_1_412' title='bbox 826 4649 910 4704; x_wconf 77' lang='grc'><strong>13.</strong></span> <span class='ocrx_word' id='word_1_413' title='bbox 938 4648 1070 4716; x_wconf 84' lang='lat' dir='ltr'><strong>Quia</strong></span> <span class='ocrx_word' id='word_1_414' title='bbox 1095 4657 1148 4702; x_wconf 89' lang='lat' dir='ltr'><strong>tu</strong></span> <span class='ocrx_word' id='word_1_415' title='bbox 1186 4647 1448 4718; x_wconf 87' lang='lat' dir='ltr'><strong>possedisti</strong></span> <span class='ocrx_word' id='word_1_416' title='bbox 1467 4663 1607 4701; x_wconf 88' lang='lat' dir='ltr'><strong>renes</strong></span> <span class='ocrx_word' id='word_1_417' title='bbox 1633 4663 1789 4710; x_wconf 86' lang='lat' dir='ltr'><strong>meos,</strong></span> <span class='ocrx_word' id='word_1_418' title='bbox 1817 4645 1925 4700; x_wconf 63' lang='lat' dir='ltr'><strong>Dav</strong></span> 
     </span>
    </p>
   </div>
   <div class='ocr_carea' id='block_1_48' title="bbox 355 4739 1924 4811">
    <p class='ocr_par' dir='ltr' id='par_1_48' title="bbox 355 4739 1924 4811">
     <span class='ocr_line' id='line_1_48' title="bbox 355 4739 1924 4811; baseline 0.003 -19"><span class='ocrx_word' id='word_1_419' title='bbox 355 4741 488 4792; x_wconf 88' lang='lat' dir='ltr'><strong>mine</strong></span> <span class='ocrx_word' id='word_1_420' title='bbox 511 4757 530 4793; x_wconf 88' lang='lat'><strong><em>:</em></strong></span> <span class='ocrx_word' id='word_1_421' title='bbox 558 4739 816 4808; x_wconf 82' lang='lat' dir='ltr'><strong>suscepisti</strong></span> <span class='ocrx_word' id='word_1_422' title='bbox 839 4755 917 4793; x_wconf 90' lang='lat' dir='ltr'><strong>me</strong></span> <span class='ocrx_word' id='word_1_423' title='bbox 957 4739 1022 4793; x_wconf 87' lang='lat' dir='ltr'><strong>de</strong></span> <span class='ocrx_word' id='word_1_424' title='bbox 1046 4749 1185 4794; x_wconf 88' lang='lat' dir='ltr'><strong>utero</strong></span> <span class='ocrx_word' id='word_1_425' title='bbox 1211 4740 1385 4793; x_wconf 89' lang='lat' dir='ltr'><strong>matris</strong></span> <span class='ocrx_word' id='word_1_426' title='bbox 1414 4755 1556 4794; x_wconf 73' lang='lat' dir='ltr'><strong>mete.</strong></span> <span class='ocrx_word' id='word_1_427' title='bbox 1589 4739 1658 4793; x_wconf 90' lang='lat' dir='ltr'><strong>Et</strong></span> <span class='ocrx_word' id='word_1_428' title='bbox 1679 4755 1924 4811; x_wconf 63' lang='lat' dir='ltr'><strong>quaenam</strong></span> 
     </span>
    </p>
   </div>
   <div class='ocr_carea' id='block_1_49' title="bbox 354 4829 1922 4900">
    <p class='ocr_par' dir='ltr' id='par_1_49' title="bbox 354 4829 1922 4900">
     <span class='ocr_line' id='line_1_49' title="bbox 354 4829 1922 4900; baseline 0 -14"><span class='ocrx_word' id='word_1_429' title='bbox 354 4840 437 4886; x_wconf 91' lang='lat' dir='ltr'><strong>est</strong></span> <span class='ocrx_word' id='word_1_430' title='bbox 465 4831 580 4886; x_wconf 82' lang='lat' dir='ltr'><strong>haec</strong></span> <span class='ocrx_word' id='word_1_431' title='bbox 598 4831 977 4900; x_wconf 86' lang='lat' dir='ltr'><strong>consequentia</strong></span> <span class='ocrx_word' id='word_1_432' title='bbox 997 4845 1119 4886; x_wconf 90' lang='lat' dir='ltr'><strong>cum</strong></span> <span class='ocrx_word' id='word_1_433' title='bbox 1147 4830 1227 4886; x_wconf 90' lang='lat' dir='ltr'><strong>eis</strong></span> <span class='ocrx_word' id='word_1_434' title='bbox 1246 4846 1365 4900; x_wconf 74' lang='lat' dir='ltr'><strong>qua:</strong></span> <span class='ocrx_word' id='word_1_435' title='bbox 1383 4829 1524 4886; x_wconf 85' lang='lat' dir='ltr'><strong>dicta</strong></span> <span class='ocrx_word' id='word_1_436' title='bbox 1549 4833 1708 4886; x_wconf 85' lang='lat' dir='ltr'><strong>sunt?</strong></span> <span class='ocrx_word' id='word_1_437' title='bbox 1736 4830 1922 4900; x_wconf 80' lang='lat' dir='ltr'><strong>Magna</strong></span> 
     </span>
    </p>
   </div>
   <div class='ocr_carea' id='block_1_50' title="bbox 354 4921 1923 4992">
    <p class='ocr_par' dir='ltr' id='par_1_50' title="bbox 354 4921 1923 4992">
     <span class='ocr_line' id='line_1_50' title="bbox 354 4921 1923 4992; baseline 0 -16"><span class='ocrx_word' id='word_1_438' title='bbox 354 4922 570 4990; x_wconf 89' lang='lat' dir='ltr'><strong>quidem</strong></span> <span class='ocrx_word' id='word_1_439' title='bbox 594 4932 770 4988; x_wconf 90' lang='lat' dir='ltr'><strong>certe,</strong></span> <span class='ocrx_word' id='word_1_440' title='bbox 792 4931 846 4977; x_wconf 88' lang='lat' dir='ltr'><strong>et</strong></span> <span class='ocrx_word' id='word_1_441' title='bbox 873 4937 992 4992; x_wconf 62' lang='lat' dir='ltr'><strong>quae</strong></span> <span class='ocrx_word' id='word_1_442' title='bbox 1020 4921 1173 4977; x_wconf 85' lang='lat' dir='ltr'><strong>valde</strong></span> <span class='ocrx_word' id='word_1_443' title='bbox 1209 4923 1464 4978; x_wconf 73' lang='lat' dir='ltr'><strong>cohmret.</strong></span> <span class='ocrx_word' id='word_1_444' title='bbox 1499 4922 1756 4989; x_wconf 88' lang='lat' dir='ltr'><strong>Quoniam</strong></span> <span class='ocrx_word' id='word_1_445' title='bbox 1779 4921 1923 4977; x_wconf 90' lang='lat' dir='ltr'><strong>enim</strong></span> 
     </span>
    </p>
   </div>
   <div class='ocr_carea' id='block_1_51' title="bbox 354 5012 1924 5084">
    <p class='ocr_par' dir='ltr' id='par_1_51' title="bbox 354 5012 1924 5084">
     <span class='ocr_line' id='line_1_51' title="bbox 354 5012 1924 5084; baseline 0.003 -20"><span class='ocrx_word' id='word_1_446' title='bbox 354 5012 487 5065; x_wconf 80' lang='lat' dir='ltr'><strong>dixit</strong></span> <span class='ocrx_word' id='word_1_447' title='bbox 516 5012 584 5067; x_wconf 89' lang='lat' dir='ltr'><strong>de</strong></span> <span class='ocrx_word' id='word_1_448' title='bbox 614 5021 757 5067; x_wconf 90' lang='lat' dir='ltr'><strong>tanta</strong></span> <span class='ocrx_word' id='word_1_449' title='bbox 781 5013 898 5082; x_wconf 84' lang='lat' dir='ltr'><strong>ejus</strong></span> <span class='ocrx_word' id='word_1_450' title='bbox 939 5013 1171 5084; x_wconf 90' lang='lat' dir='ltr'><strong>potentia</strong></span> <span class='ocrx_word' id='word_1_451' title='bbox 1191 5053 1207 5079; x_wconf 93' lang='lat'><strong>,</strong></span> <span class='ocrx_word' id='word_1_452' title='bbox 1249 5013 1488 5068; x_wconf 85' lang='lat' dir='ltr'><strong>ostendit</strong></span> <span class='ocrx_word' id='word_1_453' title='bbox 1525 5013 1776 5082; x_wconf 91' lang='lat' dir='ltr'><strong>deinceps</strong></span> <span class='ocrx_word' id='word_1_454' title='bbox 1801 5029 1924 5068; x_wconf 89' lang='lat' dir='ltr'><strong>eum</strong></span> 
     </span>
    </p>
   </div>
   <div class='ocr_carea' id='block_1_52' title="bbox 356 5102 1923 5174">
    <p class='ocr_par' dir='ltr' id='par_1_52' title="bbox 356 5102 1923 5174">
     <span class='ocr_line' id='line_1_52' title="bbox 356 5102 1923 5174; baseline 0.002 -19"><span class='ocrx_word' id='word_1_455' title='bbox 356 5105 429 5157; x_wconf 90' lang='lat' dir='ltr'><strong>uti</strong></span> <span class='ocrx_word' id='word_1_456' title='bbox 477 5103 573 5157; x_wconf 90' lang='lat' dir='ltr'><strong>hac</strong></span> <span class='ocrx_word' id='word_1_457' title='bbox 623 5111 882 5174; x_wconf 88' lang='lat' dir='ltr'><strong>potestate</strong></span> <span class='ocrx_word' id='word_1_458' title='bbox 925 5102 995 5158; x_wconf 87' lang='lat' dir='ltr'><strong>ad</strong></span> <span class='ocrx_word' id='word_1_459' title='bbox 1043 5102 1326 5158; x_wconf 87' lang='lat' dir='ltr'><strong>utilitatem</strong></span> <span class='ocrx_word' id='word_1_460' title='bbox 1365 5111 1421 5158; x_wconf 90' lang='lat' dir='ltr'><strong>et</strong></span> <span class='ocrx_word' id='word_1_461' title='bbox 1463 5103 1779 5160; x_wconf 84' lang='lat' dir='ltr'><strong>beneficium</strong></span> <span class='ocrx_word' id='word_1_462' title='bbox 1819 5102 1923 5158; x_wconf 86' lang='lat' dir='ltr'><strong>ho-</strong></span> 
     </span>
    </p>
   </div>
   <div class='ocr_carea' id='block_1_53' title="bbox 353 5197 579 5250">
    <p class='ocr_par' dir='ltr' id='par_1_53' title="bbox 353 5197 579 5250">
     <span class='ocr_line' id='line_1_53' title="bbox 353 5197 579 5250; baseline -0.004 0"><span class='ocrx_word' id='word_1_463' title='bbox 353 5197 579 5250; x_wconf 80' lang='lat' dir='ltr'><strong>lllllllJlll.</strong></span> 
     </span>
    </p>
   </div>
   <div class='ocr_carea' id='block_1_54' title="bbox 428 5286 1925 5360">
    <p class='ocr_par' dir='ltr' id='par_1_54' title="bbox 428 5286 1925 5360">
     <span class='ocr_line' id='line_1_54' title="bbox 428 5286 1925 5360; baseline 0 -18"><span class='ocrx_word' id='word_1_464' title='bbox 428 5289 693 5343; x_wconf 83' lang='lat' dir='ltr'><strong>Possessor</strong></span> <span class='ocrx_word' id='word_1_465' title='bbox 716 5288 788 5342; x_wconf 88' lang='lat' dir='ltr'><strong>rei</strong></span> <span class='ocrx_word' id='word_1_466' title='bbox 815 5303 1056 5356; x_wconf 68' lang='lat' dir='ltr'><strong>possessa:</strong></span> <span class='ocrx_word' id='word_1_467' title='bbox 1092 5303 1266 5342; x_wconf 87' lang='lat' dir='ltr'><strong>curam</strong></span> <span class='ocrx_word' id='word_1_468' title='bbox 1291 5289 1433 5360; x_wconf 83' lang='lat' dir='ltr'><strong>gerit.</strong></span> <span class='ocrx_word' id='word_1_469' title='bbox 1457 5317 1528 5328; x_wconf 97' lang='lat'><strong>—</strong></span> <span class='ocrx_word' id='word_1_470' title='bbox 1550 5286 1625 5342; x_wconf 92' lang='lat' dir='ltr'><strong>Ne</strong></span> <span class='ocrx_word' id='word_1_471' title='bbox 1647 5288 1764 5358; x_wconf 91' lang='lat' dir='ltr'><strong>quis</strong></span> <span class='ocrx_word' id='word_1_472' title='bbox 1782 5287 1925 5342; x_wconf 89' lang='lat' dir='ltr'><strong>enim</strong></span> 
     </span>
    </p>
   </div>
   <div class='ocr_carea' id='block_1_55' title="bbox 354 5381 1921 5452">
    <p class='ocr_par' dir='ltr' id='par_1_55' title="bbox 354 5381 1921 5452">
     <span class='ocr_line' id='line_1_55' title="bbox 354 5381 1921 5452; baseline 0.001 -19"><span class='ocrx_word' id='word_1_473' title='bbox 354 5381 610 5450; x_wconf 82' lang='lat' dir='ltr'><strong>insipiens</strong></span> <span class='ocrx_word' id='word_1_474' title='bbox 638 5381 868 5447; x_wconf 88' lang='lat' dir='ltr'><strong>diceret,</strong></span> <span class='ocrx_word' id='word_1_475' title='bbox 901 5381 968 5436; x_wconf 90' lang='lat' dir='ltr'><strong>Et</strong></span> <span class='ocrx_word' id='word_1_476' title='bbox 988 5381 1112 5452; x_wconf 89' lang='lat' dir='ltr'><strong>quid</strong></span> <span class='ocrx_word' id='word_1_477' title='bbox 1141 5381 1256 5435; x_wconf 74' lang='lat' dir='ltr'><strong>hzec</strong></span> <span class='ocrx_word' id='word_1_478' title='bbox 1275 5382 1341 5436; x_wconf 90' lang='lat' dir='ltr'><strong>ad</strong></span> <span class='ocrx_word' id='word_1_479' title='bbox 1361 5397 1478 5447; x_wconf 91' lang='lat' dir='ltr'><strong>me,</strong></span> <span class='ocrx_word' id='word_1_480' title='bbox 1505 5382 1550 5437; x_wconf 91' lang='lat' dir='ltr'><strong>si</strong></span> <span class='ocrx_word' id='word_1_481' title='bbox 1573 5391 1656 5436; x_wconf 91' lang='lat' dir='ltr'><strong>est</strong></span> <span class='ocrx_word' id='word_1_482' title='bbox 1679 5397 1921 5451; x_wconf 89' lang='lat' dir='ltr'><strong>magnus,</strong></span> 
     </span>
    </p>
   </div>
   <div class='ocr_carea' id='block_1_56' title="bbox 351 5473 1925 5544">
    <p class='ocr_par' dir='ltr' id='par_1_56' title="bbox 351 5473 1925 5544">
     <span class='ocr_line' id='line_1_56' title="bbox 351 5473 1925 5544; baseline 0.002 -20"><span class='ocrx_word' id='word_1_483' title='bbox 351 5480 404 5524; x_wconf 94' lang='lat' dir='ltr'><strong>et</strong></span> <span class='ocrx_word' id='word_1_484' title='bbox 432 5482 618 5542; x_wconf 92' lang='lat' dir='ltr'><strong>potens</strong></span> <span class='ocrx_word' id='word_1_485' title='bbox 637 5513 650 5535; x_wconf 90' lang='lat'><strong>,</strong></span> <span class='ocrx_word' id='word_1_486' title='bbox 677 5481 731 5526; x_wconf 88' lang='lat' dir='ltr'><strong>et</strong></span> <span class='ocrx_word' id='word_1_487' title='bbox 759 5474 1069 5542; x_wconf 65' lang='lat' dir='ltr'><strong>prfesciendi</strong></span> <span class='ocrx_word' id='word_1_488' title='bbox 1100 5474 1349 5528; x_wconf 77' lang='lat' dir='ltr'><strong>facultate</strong></span> <span class='ocrx_word' id='word_1_489' title='bbox 1390 5473 1678 5544; x_wconf 76' lang='lat' dir='ltr'><strong>przeditus?</strong></span> <span class='ocrx_word' id='word_1_490' title='bbox 1704 5473 1925 5528; x_wconf 87' lang='lat' dir='ltr'><strong>ostende</strong></span> 
     </span>
    </p>
   </div>
   <div class='ocr_carea' id='block_1_57' title="bbox 351 5561 1920 5635">
    <p class='ocr_par' dir='ltr' id='par_1_57' title="bbox 351 5561 1920 5635">
     <span class='ocr_line' id='line_1_57' title="bbox 351 5561 1920 5635; baseline 0.002 -22"><span class='ocrx_word' id='word_1_491' title='bbox 351 5561 395 5614; x_wconf 91' lang='lat' dir='ltr'><strong>si</strong></span> <span class='ocrx_word' id='word_1_492' title='bbox 429 5562 552 5631; x_wconf 90' lang='lat' dir='ltr'><strong>quid</strong></span> <span class='ocrx_word' id='word_1_493' title='bbox 581 5579 643 5617; x_wconf 89' lang='lat' dir='ltr'><strong>ex</strong></span> <span class='ocrx_word' id='word_1_494' title='bbox 665 5577 730 5617; x_wconf 89' lang='lat' dir='ltr'><strong>eo</strong></span> <span class='ocrx_word' id='word_1_495' title='bbox 757 5563 888 5616; x_wconf 84' lang='lat' dir='ltr'><strong>lucri</strong></span> <span class='ocrx_word' id='word_1_496' title='bbox 915 5563 1167 5618; x_wconf 90' lang='lat' dir='ltr'><strong>faciamus</strong></span> <span class='ocrx_word' id='word_1_497' title='bbox 1194 5582 1208 5618; x_wconf 90' lang='lat'><strong>:</strong></span> <span class='ocrx_word' id='word_1_498' title='bbox 1231 5564 1522 5634; x_wconf 91' lang='lat' dir='ltr'><strong>subjunxit,</strong></span> <span class='ocrx_word' id='word_1_499' title='bbox 1547 5563 1627 5618; x_wconf 87' lang='lat' dir='ltr'><strong>Tu</strong></span> <span class='ocrx_word' id='word_1_500' title='bbox 1654 5563 1920 5635; x_wconf 83' lang='lat' dir='ltr'><strong>possedisti</strong></span> 
     </span>
    </p>
   </div>
   <div class='ocr_carea' id='block_1_58' title="bbox 355 5655 1926 5725">
    <p class='ocr_par' dir='ltr' id='par_1_58' title="bbox 355 5655 1926 5725">
     <span class='ocr_line' id='line_1_58' title="bbox 355 5655 1926 5725; baseline 0.004 -17"><span class='ocrx_word' id='word_1_501' title='bbox 355 5669 496 5708; x_wconf 84' lang='lat' dir='ltr'><strong>renes</strong></span> <span class='ocrx_word' id='word_1_502' title='bbox 525 5671 676 5719; x_wconf 86' lang='lat' dir='ltr'><strong>meos,</strong></span> <span class='ocrx_word' id='word_1_503' title='bbox 707 5670 738 5709; x_wconf 93' lang='lat' dir='ltr'><strong>a</strong></span> <span class='ocrx_word' id='word_1_504' title='bbox 769 5663 912 5725; x_wconf 88' lang='lat' dir='ltr'><strong>parte</strong></span> <span class='ocrx_word' id='word_1_505' title='bbox 932 5655 1115 5711; x_wconf 89' lang='lat' dir='ltr'><strong>dicens</strong></span> <span class='ocrx_word' id='word_1_506' title='bbox 1138 5664 1306 5712; x_wconf 90' lang='lat' dir='ltr'><strong>totum</strong></span> <span class='ocrx_word' id='word_1_507' title='bbox 1353 5655 1645 5716; x_wconf 90' lang='lat' dir='ltr'><strong>hominem.</strong></span> <span class='ocrx_word' id='word_1_508' title='bbox 1693 5656 1809 5714; x_wconf 92' lang='lat' dir='ltr'><strong>Non</strong></span> <span class='ocrx_word' id='word_1_509' title='bbox 1840 5665 1926 5714; x_wconf 91' lang='lat' dir='ltr'><strong>est</strong></span> 
     </span>
    </p>
   </div>
   <div class='ocr_carea' id='block_1_59' title="bbox 415 5832 1676 5897">
    <p class='ocr_par' dir='ltr' id='par_1_59' title="bbox 415 5832 1676 5897">
     <span class='ocr_line' id='line_1_59' title="bbox 415 5832 1676 5897; baseline 0.003 -17"><span class='ocrx_word' id='word_1_510' title='bbox 415 5833 490 5895; x_wconf 85' lang='lat' dir='ltr'><strong>(a)</strong></span> <span class='ocrx_word' id='word_1_511' title='bbox 523 5837 631 5882; x_wconf 58' lang='lat' dir='ltr'><strong>itare</strong></span> <span class='ocrx_word' id='word_1_512' title='bbox 649 5832 1132 5897; x_wconf 78' lang='lat' dir='ltr'><strong>iuterpretatiojuxta</strong></span> <span class='ocrx_word' id='word_1_513' title='bbox 1152 5845 1300 5897; x_wconf 86' lang='lat' dir='ltr'><strong>quem</strong></span> <span class='ocrx_word' id='word_1_514' title='bbox 1320 5833 1383 5885; x_wconf 87' lang='lat' dir='ltr'><strong>sit</strong></span> <span class='ocrx_word' id='word_1_515' title='bbox 1413 5833 1676 5897; x_wconf 74' lang='lat' dir='ltr'><strong>ignoratur.</strong></span> 
     </span>
    </p>
   </div>
   <div class='ocr_carea' id='block_1_60' title="bbox 1026 401 2840 478">
    <p class='ocr_par' dir='ltr' id='par_1_60' title="bbox 1026 401 2840 478">
     <span class='ocr_line' id='line_1_60' title="bbox 1026 401 2840 478; baseline -0.013 0"><span class='ocrx_word' id='word_1_516' title='bbox 1026 421 1086 478; x_wconf 91' lang='lat' dir='ltr'><strong>S.</strong></span> <span class='ocrx_word' id='word_1_517' title='bbox 1123 416 1401 476; x_wconf 78' lang='lat' dir='ltr'><strong>JOANNIS</strong></span> <span class='ocrx_word' id='word_1_518' title='bbox 1438 405 1915 471; x_wconf 78' lang='lat' dir='ltr'><strong>CllRYSOSTOMI</strong></span> <span class='ocrx_word' id='word_1_519' title='bbox 1951 403 2266 462; x_wconf 79' lang='lat' dir='ltr'><strong>ARCHIEP.</strong></span> <span class='ocrx_word' id='word_1_520' title='bbox 2305 401 2840 460; x_wconf 80' lang='lat' dir='ltr'><strong>CONSTANTINOP.</strong></span> 
     </span>
    </p>
   </div>
   <div class='ocr_carea' id='block_1_61' title="bbox 3479 398 3584 454">
    <p class='ocr_par' dir='ltr' id='par_1_61' title="bbox 3479 398 3584 454">
     <span class='ocr_line' id='line_1_61' title="bbox 3479 398 3584 454; baseline 0 -1"><span class='ocrx_word' id='word_1_521' title='bbox 3479 398 3584 454; x_wconf 63' lang='lat'><strong>“6</strong></span> 
     </span>
    </p>
   </div>
   <div class='ocr_carea' id='block_1_62' title="bbox 2011 512 3580 588">
    <p class='ocr_par' dir='ltr' id='par_1_62' title="bbox 2011 512 3580 588">
     <span class='ocr_line' id='line_1_62' title="bbox 2011 512 3580 588; baseline -0.006 -15"><span class='ocrx_word' id='word_1_522' title='bbox 2011 529 2190 575; x_wconf 90' lang='lat' dir='ltr'><strong>autem</strong></span> <span class='ocrx_word' id='word_1_523' title='bbox 2236 519 2336 574; x_wconf 88' lang='lat' dir='ltr'><strong>hoc</strong></span> <span class='ocrx_word' id='word_1_524' title='bbox 2363 533 2583 588; x_wconf 87' lang='lat' dir='ltr'><strong>parvum</strong></span> <span class='ocrx_word' id='word_1_525' title='bbox 2625 515 2691 570; x_wconf 91' lang='lat' dir='ltr'><strong>ad</strong></span> <span class='ocrx_word' id='word_1_526' title='bbox 2719 523 2923 584; x_wconf 90' lang='lat' dir='ltr'><strong>partem</strong></span> <span class='ocrx_word' id='word_1_527' title='bbox 2966 512 3136 568; x_wconf 87' lang='lat' dir='ltr'><strong>laudis</strong></span> <span class='ocrx_word' id='word_1_528' title='bbox 3186 513 3532 582; x_wconf 75' lang='lat' dir='ltr'><strong>providentia:</strong></span> <span class='ocrx_word' id='word_1_529' title='bbox 3563 554 3580 578; x_wconf 88' lang='lat'><strong>,</strong></span> 
     </span>
    </p>
   </div>
   <div class='ocr_carea' id='block_1_63' title="bbox 2009 604 3586 679">
    <p class='ocr_par' dir='ltr' id='par_1_63' title="bbox 2009 604 3586 679">
     <span class='ocr_line' id='line_1_63' title="bbox 2009 604 3586 679; baseline -0.004 -14"><span class='ocrx_word' id='word_1_530' title='bbox 2009 624 2128 665; x_wconf 88' lang='lat' dir='ltr'><strong>esse</strong></span> <span class='ocrx_word' id='word_1_531' title='bbox 2159 609 2253 664; x_wconf 90' lang='lat' dir='ltr'><strong>Dei</strong></span> <span class='ocrx_word' id='word_1_532' title='bbox 2281 608 2688 679; x_wconf 89' lang='lat' dir='ltr'><strong>possessionem.</strong></span> <span class='ocrx_word' id='word_1_533' title='bbox 2711 606 2808 672; x_wconf 87' lang='lat' dir='ltr'><strong>Qui</strong></span> <span class='ocrx_word' id='word_1_534' title='bbox 2831 605 2972 660; x_wconf 89' lang='lat' dir='ltr'><strong>enim</strong></span> <span class='ocrx_word' id='word_1_535' title='bbox 3001 604 3257 673; x_wconf 83' lang='lat' dir='ltr'><strong>possidet,</strong></span> <span class='ocrx_word' id='word_1_536' title='bbox 3289 621 3471 660; x_wconf 86' lang='lat' dir='ltr'><strong>curam</strong></span> <span class='ocrx_word' id='word_1_537' title='bbox 3491 622 3586 674; x_wconf 74' lang='lat' dir='ltr'><strong>ge-</strong></span> 
     </span>
    </p>
   </div>
   <div class='ocr_carea' id='block_1_64' title="bbox 2009 696 3580 772">
    <p class='ocr_par' dir='ltr' id='par_1_64' title="bbox 2009 696 3580 772">
     <span class='ocr_line' id='line_1_64' title="bbox 2009 696 3580 772; baseline -0.003 -16"><span class='ocrx_word' id='word_1_538' title='bbox 2009 703 2080 756; x_wconf 86' lang='lat' dir='ltr'><strong>rit</strong></span> <span class='ocrx_word' id='word_1_539' title='bbox 2097 710 2152 756; x_wconf 92' lang='lat' dir='ltr'><strong>et</strong></span> <span class='ocrx_word' id='word_1_540' title='bbox 2177 700 2435 772; x_wconf 90' lang='lat' dir='ltr'><strong>providet.</strong></span> <span class='ocrx_word' id='word_1_541' title='bbox 2459 699 2714 767; x_wconf 85' lang='lat' dir='ltr'><strong>Quocirca</strong></span> <span class='ocrx_word' id='word_1_542' title='bbox 2738 699 2840 752; x_wconf 91' lang='lat' dir='ltr'><strong>hoc</strong></span> <span class='ocrx_word' id='word_1_543' title='bbox 2865 713 3075 767; x_wconf 87' lang='lat' dir='ltr'><strong>quoque</strong></span> <span class='ocrx_word' id='word_1_544' title='bbox 3113 696 3416 766; x_wconf 84' lang='lat' dir='ltr'><strong>significans</strong></span> <span class='ocrx_word' id='word_1_545' title='bbox 3435 739 3454 765; x_wconf 91' lang='lat'><strong>,</strong></span> <span class='ocrx_word' id='word_1_546' title='bbox 3481 700 3580 752; x_wconf 83' lang='lat' dir='ltr'><strong>ad-</strong></span> 
     </span>
    </p>
   </div>
   <div class='ocr_carea' id='block_1_65' title="bbox 2005 789 3582 862">
    <p class='ocr_par' dir='ltr' id='par_1_65' title="bbox 2005 789 3582 862">
     <span class='ocr_line' id='line_1_65' title="bbox 2005 789 3582 862; baseline 0.001 -18"><span class='ocrx_word' id='word_1_547' title='bbox 2005 791 2125 862; x_wconf 89' lang='lat' dir='ltr'><strong>jicit</strong></span> <span class='ocrx_word' id='word_1_548' title='bbox 2161 793 2410 862; x_wconf 88' lang='lat' dir='ltr'><strong>deinceps</strong></span> <span class='ocrx_word' id='word_1_549' title='bbox 2453 791 2592 860; x_wconf 87' lang='lat' dir='ltr'><strong>quod</strong></span> <span class='ocrx_word' id='word_1_550' title='bbox 2636 790 2896 860; x_wconf 86' lang='lat' dir='ltr'><strong>sequitur,</strong></span> <span class='ocrx_word' id='word_1_551' title='bbox 2922 789 3198 861; x_wconf 73' lang='lat' dir='ltr'><strong>Suscepisti</strong></span> <span class='ocrx_word' id='word_1_552' title='bbox 3231 809 3311 844; x_wconf 87' lang='lat' dir='ltr'><strong>me</strong></span> <span class='ocrx_word' id='word_1_553' title='bbox 3351 792 3414 846; x_wconf 91' lang='lat' dir='ltr'><strong>de</strong></span> <span class='ocrx_word' id='word_1_554' title='bbox 3441 803 3582 846; x_wconf 84' lang='lat' dir='ltr'><strong>utero</strong></span> 
     </span>
    </p>
   </div>
   <div class='ocr_carea' id='block_1_66' title="bbox 2011 882 3580 952">
    <p class='ocr_par' dir='ltr' id='par_1_66' title="bbox 2011 882 3580 952">
     <span class='ocr_line' id='line_1_66' title="bbox 2011 882 3580 952; baseline 0.003 -17"><span class='ocrx_word' id='word_1_555' title='bbox 2011 883 2186 936; x_wconf 86' lang='lat' dir='ltr'><strong>matris</strong></span> <span class='ocrx_word' id='word_1_556' title='bbox 2235 898 2374 937; x_wconf 78' lang='lat' dir='ltr'><strong>mete.</strong></span> <span class='ocrx_word' id='word_1_557' title='bbox 2408 882 2520 936; x_wconf 89' lang='lat' dir='ltr'><strong>lloc</strong></span> <span class='ocrx_word' id='word_1_558' title='bbox 2560 891 2678 948; x_wconf 91' lang='lat' dir='ltr'><strong>est,</strong></span> <span class='ocrx_word' id='word_1_559' title='bbox 2714 883 2973 952; x_wconf 83' lang='lat' dir='ltr'><strong>Perpetuo</strong></span> <span class='ocrx_word' id='word_1_560' title='bbox 3019 899 3105 936; x_wconf 92' lang='lat' dir='ltr'><strong>mc</strong></span> <span class='ocrx_word' id='word_1_561' title='bbox 3151 884 3422 949; x_wconf 79' lang='lat' dir='ltr'><strong>ninniisti,</strong></span> <span class='ocrx_word' id='word_1_562' title='bbox 3451 886 3580 940; x_wconf 85' lang='lat' dir='ltr'><strong>mihi</strong></span> 
     </span>
    </p>
   </div>
   <div class='ocr_carea' id='block_1_67' title="bbox 2011 975 3584 1046">
    <p class='ocr_par' dir='ltr' id='par_1_67' title="bbox 2011 975 3584 1046">
     <span class='ocr_line' id='line_1_67' title="bbox 2011 975 3584 1046; baseline 0.003 -19"><span class='ocrx_word' id='word_1_563' title='bbox 2011 975 2304 1046; x_wconf 90' lang='lat' dir='ltr'><strong>providisti,</strong></span> <span class='ocrx_word' id='word_1_564' title='bbox 2330 976 2433 1029; x_wconf 91' lang='lat' dir='ltr'><strong>mei</strong></span> <span class='ocrx_word' id='word_1_565' title='bbox 2458 989 2640 1029; x_wconf 90' lang='lat' dir='ltr'><strong>curam</strong></span> <span class='ocrx_word' id='word_1_566' title='bbox 2659 975 2866 1044; x_wconf 77' lang='lat' dir='ltr'><strong>gessisti</strong></span> <span class='ocrx_word' id='word_1_567' title='bbox 2894 1016 2907 1039; x_wconf 93' lang='lat'><strong>,</strong></span> <span class='ocrx_word' id='word_1_568' title='bbox 2935 989 2998 1028; x_wconf 93' lang='lat' dir='ltr'><strong>ac</strong></span> <span class='ocrx_word' id='word_1_569' title='bbox 3027 985 3194 1030; x_wconf 91' lang='lat' dir='ltr'><strong>tutum</strong></span> <span class='ocrx_word' id='word_1_570' title='bbox 3219 977 3490 1032; x_wconf 84' lang='lat' dir='ltr'><strong>reddidisti</strong></span> <span class='ocrx_word' id='word_1_571' title='bbox 3517 982 3584 1032; x_wconf 83' lang='lat' dir='ltr'><strong>ab</strong></span> 
     </span>
    </p>
   </div>
   <div class='ocr_carea' id='block_1_68' title="bbox 2013 1066 3580 1137">
    <p class='ocr_par' dir='ltr' id='par_1_68' title="bbox 2013 1066 3580 1137">
     <span class='ocr_line' id='line_1_68' title="bbox 2013 1066 3580 1137; baseline 0.003 -15"><span class='ocrx_word' id='word_1_572' title='bbox 2013 1069 2228 1122; x_wconf 91' lang='lat' dir='ltr'><strong>iueuutc</strong></span> <span class='ocrx_word' id='word_1_573' title='bbox 2254 1076 2440 1130; x_wconf 75' lang='lat' dir='ltr'><strong>:t-tatc,</strong></span> <span class='ocrx_word' id='word_1_574' title='bbox 2471 1069 2537 1121; x_wconf 92' lang='lat' dir='ltr'><strong>ab</strong></span> <span class='ocrx_word' id='word_1_575' title='bbox 2568 1067 2695 1137; x_wconf 80' lang='lat' dir='ltr'><strong>ipsis</strong></span> <span class='ocrx_word' id='word_1_576' title='bbox 2727 1066 2929 1130; x_wconf 80' lang='lat' dir='ltr'><strong>fasciis,</strong></span> <span class='ocrx_word' id='word_1_577' title='bbox 2953 1076 3008 1121; x_wconf 90' lang='lat' dir='ltr'><strong>et</strong></span> <span class='ocrx_word' id='word_1_578' title='bbox 3033 1083 3150 1137; x_wconf 72' lang='lat' dir='ltr'><strong>qua:</strong></span> <span class='ocrx_word' id='word_1_579' title='bbox 3181 1069 3321 1134; x_wconf 83' lang='lat' dir='ltr'><strong>dixi,</strong></span> <span class='ocrx_word' id='word_1_580' title='bbox 3351 1071 3580 1127; x_wconf 83' lang='lat' dir='ltr'><strong>docuisti</strong></span> 
     </span>
    </p>
   </div>
   <div class='ocr_carea' id='block_1_69' title="bbox 2013 1157 3580 1235">
    <p class='ocr_par' dir='ltr' id='par_1_69' title="bbox 2013 1157 3580 1235">
     <span class='ocr_line' id='line_1_69' title="bbox 2013 1157 3580 1235; baseline 0.002 -22"><span class='ocrx_word' id='word_1_581' title='bbox 2013 1158 2172 1213; x_wconf 87' lang='lat' dir='ltr'><strong>rebus</strong></span> <span class='ocrx_word' id='word_1_582' title='bbox 2200 1159 2344 1228; x_wconf 86' lang='lat' dir='ltr'><strong>ipsis.</strong></span> <span class='ocrx_word' id='word_1_583' title='bbox 2381 1159 2464 1212; x_wconf 71' lang='grc'><strong>14.</strong></span> <span class='ocrx_word' id='word_1_584' title='bbox 2492 1157 2777 1226; x_wconf 82' lang='lat' dir='ltr'><strong>Conﬁtebor</strong></span> <span class='ocrx_word' id='word_1_585' title='bbox 2798 1158 2894 1212; x_wconf 76' lang='lat' dir='ltr'><strong>‘tibi</strong></span> <span class='ocrx_word' id='word_1_586' title='bbox 2911 1159 3038 1235; x_wconf 36' lang='lat' dir='ltr'><strong>.quia</strong></span> <span class='ocrx_word' id='word_1_587' title='bbox 3067 1160 3349 1214; x_wconf 84' lang='lat' dir='ltr'><strong>terribiliter</strong></span> <span class='ocrx_word' id='word_1_588' title='bbox 3378 1170 3580 1233; x_wconf 71' lang='lat' dir='ltr'><strong>indgni-</strong></span> 
     </span>
    </p>
   </div>
   <div class='ocr_carea' id='block_1_70' title="bbox 2014 1249 3584 1325">
    <p class='ocr_par' dir='ltr' id='par_1_70' title="bbox 2014 1249 3584 1325">
     <span class='ocr_line' id='line_1_70' title="bbox 2014 1249 3584 1325; baseline 0.004 -22"><span class='ocrx_word' id='word_1_589' title='bbox 2014 1251 2190 1320; x_wconf 82' lang='lat' dir='ltr'><strong>ﬁcatus</strong></span> <span class='ocrx_word' id='word_1_590' title='bbox 2216 1267 2267 1304; x_wconf 88' lang='lat' dir='ltr'><strong>es</strong></span> <span class='ocrx_word' id='word_1_591' title='bbox 2293 1265 2311 1303; x_wconf 89' lang='lat'><strong><em>:</em></strong></span> <span class='ocrx_word' id='word_1_592' title='bbox 2333 1249 2581 1302; x_wconf 87' lang='lat' dir='ltr'><strong>mirabilia</strong></span> <span class='ocrx_word' id='word_1_593' title='bbox 2608 1265 2760 1314; x_wconf 82' lang='lat' dir='ltr'><strong>Opera</strong></span> <span class='ocrx_word' id='word_1_594' title='bbox 2790 1259 2874 1302; x_wconf 85' lang='lat' dir='ltr'><strong>tua</strong></span> <span class='ocrx_word' id='word_1_595' title='bbox 2898 1291 2913 1317; x_wconf 87' lang='lat'><strong>,</strong></span> <span class='ocrx_word' id='word_1_596' title='bbox 2937 1259 2982 1303; x_wconf 91' lang='lat' dir='ltr'><strong>et</strong></span> <span class='ocrx_word' id='word_1_597' title='bbox 3004 1251 3174 1305; x_wconf 89' lang='lat' dir='ltr'><strong>anima</strong></span> <span class='ocrx_word' id='word_1_598' title='bbox 3192 1269 3301 1306; x_wconf 89' lang='lat' dir='ltr'><strong>mea</strong></span> <span class='ocrx_word' id='word_1_599' title='bbox 3329 1259 3584 1325; x_wconf 72' lang='lat' dir='ltr'><strong>cognoscit</strong></span> 
     </span>
    </p>
   </div>
   <div class='ocr_carea' id='block_1_71' title="bbox 2013 1341 3586 1411">
    <p class='ocr_par' dir='ltr' id='par_1_71' title="bbox 2013 1341 3586 1411">
     <span class='ocr_line' id='line_1_71' title="bbox 2013 1341 3586 1411; baseline 0.006 -16"><span class='ocrx_word' id='word_1_600' title='bbox 2013 1343 2182 1395; x_wconf 86' lang='lat' dir='ltr'><strong>nimis.</strong></span> <span class='ocrx_word' id='word_1_601' title='bbox 2214 1341 2348 1409; x_wconf 91' lang='lat' dir='ltr'><strong>Quid</strong></span> <span class='ocrx_word' id='word_1_602' title='bbox 2381 1342 2482 1396; x_wconf 93' lang='lat' dir='ltr'><strong>hoc</strong></span> <span class='ocrx_word' id='word_1_603' title='bbox 2505 1341 2610 1396; x_wconf 83' lang='lat' dir='ltr'><strong>est?</strong></span> <span class='ocrx_word' id='word_1_604' title='bbox 2638 1341 2864 1396; x_wconf 83' lang='lat' dir='ltr'><strong>Finxisti</strong></span> <span class='ocrx_word' id='word_1_605' title='bbox 2905 1357 2992 1398; x_wconf 89' lang='lat' dir='ltr'><strong>me</strong></span> <span class='ocrx_word' id='word_1_606' title='bbox 3014 1382 3030 1408; x_wconf 96' lang='lat'><strong>,</strong></span> <span class='ocrx_word' id='word_1_607' title='bbox 3054 1345 3253 1411; x_wconf 87' lang='lat' dir='ltr'><strong>inquit,</strong></span> <span class='ocrx_word' id='word_1_608' title='bbox 3277 1347 3372 1401; x_wconf 89' lang='lat' dir='ltr'><strong>sed</strong></span> <span class='ocrx_word' id='word_1_609' title='bbox 3403 1352 3586 1404; x_wconf 78' lang='lat' dir='ltr'><strong>nescio</strong></span> 
     </span>
    </p>
   </div>
   <div class='ocr_carea' id='block_1_72' title="bbox 2013 1433 3582 1506">
    <p class='ocr_par' dir='ltr' id='par_1_72' title="bbox 2013 1433 3582 1506">
     <span class='ocr_line' id='line_1_72' title="bbox 2013 1433 3582 1506; baseline 0.006 -20"><span class='ocrx_word' id='word_1_610' title='bbox 2013 1433 2279 1504; x_wconf 85' lang='lat' dir='ltr'><strong>quomodo</strong></span> <span class='ocrx_word' id='word_1_611' title='bbox 2320 1434 2534 1488; x_wconf 85' lang='lat' dir='ltr'><strong>finxeris</strong></span> <span class='ocrx_word' id='word_1_612' title='bbox 2559 1451 2573 1487; x_wconf 92' lang='lat'><strong>:</strong></span> <span class='ocrx_word' id='word_1_613' title='bbox 2603 1433 2881 1502; x_wconf 87' lang='lat' dir='ltr'><strong>provides,</strong></span> <span class='ocrx_word' id='word_1_614' title='bbox 2915 1435 3009 1489; x_wconf 91' lang='lat' dir='ltr'><strong>sed</strong></span> <span class='ocrx_word' id='word_1_615' title='bbox 3055 1451 3159 1490; x_wconf 90' lang='lat' dir='ltr'><strong>non</strong></span> <span class='ocrx_word' id='word_1_616' title='bbox 3184 1453 3396 1506; x_wconf 89' lang='lat' dir='ltr'><strong>possum</strong></span> <span class='ocrx_word' id='word_1_617' title='bbox 3424 1440 3582 1496; x_wconf 89' lang='lat' dir='ltr'><strong>simul</strong></span> 
     </span>
    </p>
   </div>
   <div class='ocr_carea' id='block_1_73' title="bbox 2015 1523 3584 1602">
    <p class='ocr_par' dir='ltr' id='par_1_73' title="bbox 2015 1523 3584 1602">
     <span class='ocr_line' id='line_1_73' title="bbox 2015 1523 3584 1602; baseline 0.008 -24"><span class='ocrx_word' id='word_1_618' title='bbox 2015 1523 2398 1593; x_wconf 89' lang='lat' dir='ltr'><strong>providentiam</strong></span> <span class='ocrx_word' id='word_1_619' title='bbox 2417 1538 2628 1578; x_wconf 92' lang='lat' dir='ltr'><strong>omnem</strong></span> <span class='ocrx_word' id='word_1_620' title='bbox 2653 1526 2858 1580; x_wconf 90' lang='lat' dir='ltr'><strong>ratione</strong></span> <span class='ocrx_word' id='word_1_621' title='bbox 2879 1526 3349 1596; x_wconf 86' lang='lat' dir='ltr'><strong>comprehendere.</strong></span> <span class='ocrx_word' id='word_1_622' title='bbox 3378 1529 3584 1602; x_wconf 83' lang='lat' dir='ltr'><strong>Ubique</strong></span> 
     </span>
    </p>
   </div>
   <div class='ocr_carea' id='block_1_74' title="bbox 2014 1613 3578 1688">
    <p class='ocr_par' dir='ltr' id='par_1_74' title="bbox 2014 1613 3578 1688">
     <span class='ocr_line' id='line_1_74' title="bbox 2014 1613 3578 1688; baseline 0.003 -18"><span class='ocrx_word' id='word_1_623' title='bbox 2014 1631 2094 1682; x_wconf 91' lang='lat' dir='ltr'><strong>es,</strong></span> <span class='ocrx_word' id='word_1_624' title='bbox 2117 1613 2211 1670; x_wconf 90' lang='lat' dir='ltr'><strong>sed</strong></span> <span class='ocrx_word' id='word_1_625' title='bbox 2232 1630 2298 1669; x_wconf 89' lang='lat' dir='ltr'><strong>ne</strong></span> <span class='ocrx_word' id='word_1_626' title='bbox 2326 1614 2429 1669; x_wconf 92' lang='lat' dir='ltr'><strong>hoc</strong></span> <span class='ocrx_word' id='word_1_627' title='bbox 2462 1614 2675 1684; x_wconf 90' lang='lat' dir='ltr'><strong>quidem</strong></span> <span class='ocrx_word' id='word_1_628' title='bbox 2700 1617 2814 1669; x_wconf 91' lang='lat' dir='ltr'><strong>scio</strong></span> <span class='ocrx_word' id='word_1_629' title='bbox 2845 1632 2950 1686; x_wconf 91' lang='lat' dir='ltr'><strong>quo</strong></span> <span class='ocrx_word' id='word_1_630' title='bbox 2977 1627 3158 1688; x_wconf 89' lang='lat' dir='ltr'><strong>pacto.</strong></span> <span class='ocrx_word' id='word_1_631' title='bbox 3189 1618 3337 1674; x_wconf 87' lang='lat' dir='ltr'><strong>Nosti</strong></span> <span class='ocrx_word' id='word_1_632' title='bbox 3369 1621 3578 1688; x_wconf 84' lang='lat' dir='ltr'><strong>futura,</strong></span> 
     </span>
    </p>
   </div>
   <div class='ocr_carea' id='block_1_75' title="bbox 2015 1707 3584 1778">
    <p class='ocr_par' dir='ltr' id='par_1_75' title="bbox 2015 1707 3584 1778">
     <span class='ocr_line' id='line_1_75' title="bbox 2015 1707 3584 1778; baseline 0.007 -15"><span class='ocrx_word' id='word_1_633' title='bbox 2015 1716 2071 1764; x_wconf 90' lang='lat' dir='ltr'><strong>et</strong></span> <span class='ocrx_word' id='word_1_634' title='bbox 2095 1707 2376 1778; x_wconf 63' lang='lat' dir='ltr'><strong>praeterita,</strong></span> <span class='ocrx_word' id='word_1_635' title='bbox 2399 1716 2452 1761; x_wconf 89' lang='lat' dir='ltr'><strong>et</strong></span> <span class='ocrx_word' id='word_1_636' title='bbox 2479 1721 2668 1760; x_wconf 88' lang='lat' dir='ltr'><strong>arcana</strong></span> <span class='ocrx_word' id='word_1_637' title='bbox 2692 1709 2883 1762; x_wconf 93' lang='lat' dir='ltr'><strong>mentis</strong></span> <span class='ocrx_word' id='word_1_638' title='bbox 2909 1709 3180 1766; x_wconf 89' lang='lat' dir='ltr'><strong>hominum</strong></span> <span class='ocrx_word' id='word_1_639' title='bbox 3209 1731 3223 1768; x_wconf 93' lang='lat'>:</span> <span class='ocrx_word' id='word_1_640' title='bbox 3245 1713 3338 1767; x_wconf 92' lang='lat' dir='ltr'><strong>sed</strong></span> <span class='ocrx_word' id='word_1_641' title='bbox 3363 1731 3461 1772; x_wconf 93' lang='lat' dir='ltr'><strong>nec</strong></span> <span class='ocrx_word' id='word_1_642' title='bbox 3485 1718 3584 1774; x_wconf 84' lang='lat' dir='ltr'><strong>hoc</strong></span> 
     </span>
    </p>
   </div>
   <div class='ocr_carea' id='block_1_76' title="bbox 2017 1799 3580 1868">
    <p class='ocr_par' dir='ltr' id='par_1_76' title="bbox 2017 1799 3580 1868">
     <span class='ocr_line' id='line_1_76' title="bbox 2017 1799 3580 1868; baseline 0.007 -16"><span class='ocrx_word' id='word_1_643' title='bbox 2017 1813 2230 1868; x_wconf 87' lang='lat' dir='ltr'><strong>possum</strong></span> <span class='ocrx_word' id='word_1_644' title='bbox 2277 1799 2480 1852; x_wconf 90' lang='lat' dir='ltr'><strong>ratione</strong></span> <span class='ocrx_word' id='word_1_645' title='bbox 2520 1799 2988 1867; x_wconf 88' lang='lat' dir='ltr'><strong>comprehendere.</strong></span> <span class='ocrx_word' id='word_1_646' title='bbox 3020 1801 3188 1858; x_wconf 79' lang='lat' dir='ltr'><strong>Mittas</strong></span> <span class='ocrx_word' id='word_1_647' title='bbox 3235 1809 3376 1862; x_wconf 89' lang='lat' dir='ltr'><strong>enim</strong></span> <span class='ocrx_word' id='word_1_648' title='bbox 3406 1825 3580 1864; x_wconf 90' lang='lat' dir='ltr'><strong>rerum</strong></span> 
     </span>
    </p>
   </div>
   <div class='ocr_carea' id='block_1_77' title="bbox 2017 1897 3584 1962">
    <p class='ocr_par' dir='ltr' id='par_1_77' title="bbox 2017 1897 3584 1962">
     <span class='ocr_line' id='line_1_77' title="bbox 2017 1897 3584 1962; baseline 0.004 -12"><span class='ocrx_word' id='word_1_649' title='bbox 2017 1905 2251 1962; x_wconf 91' lang='lat' dir='ltr'><strong>naturas,</strong></span> <span class='ocrx_word' id='word_1_650' title='bbox 2271 1904 2326 1951; x_wconf 90' lang='lat' dir='ltr'><strong>et</strong></span> <span class='ocrx_word' id='word_1_651' title='bbox 2350 1897 2482 1952; x_wconf 89' lang='lat' dir='ltr'><strong>facis</strong></span> <span class='ocrx_word' id='word_1_652' title='bbox 2511 1907 2567 1952; x_wconf 92' lang='lat' dir='ltr'><strong>ut</strong></span> <span class='ocrx_word' id='word_1_653' title='bbox 2592 1909 2866 1954; x_wconf 91' lang='lat' dir='ltr'><strong>manentes</strong></span> <span class='ocrx_word' id='word_1_654' title='bbox 2895 1899 3178 1956; x_wconf 87' lang='lat' dir='ltr'><strong>ostendant</strong></span> <span class='ocrx_word' id='word_1_655' title='bbox 3198 1902 3461 1956; x_wconf 91' lang='lat' dir='ltr'><strong>contraria</strong></span> <span class='ocrx_word' id='word_1_656' title='bbox 3487 1919 3498 1955; x_wconf 91' lang='lat'><strong>:</strong></span> <span class='ocrx_word' id='word_1_657' title='bbox 3529 1912 3584 1957; x_wconf 88' lang='lat' dir='ltr'><strong>et</strong></span> 
     </span>
    </p>
   </div>
   <div class='ocr_carea' id='block_1_78' title="bbox 2015 1988 3584 2063">
    <p class='ocr_par' dir='ltr' id='par_1_78' title="bbox 2015 1988 3584 2063">
     <span class='ocr_line' id='line_1_78' title="bbox 2015 1988 3584 2063; baseline 0.003 -21"><span class='ocrx_word' id='word_1_658' title='bbox 2015 1988 2086 2043; x_wconf 92' lang='lat' dir='ltr'><strong>ita</strong></span> <span class='ocrx_word' id='word_1_659' title='bbox 2113 2004 2298 2044; x_wconf 89' lang='lat' dir='ltr'><strong>rursus</strong></span> <span class='ocrx_word' id='word_1_660' title='bbox 2326 1989 2593 2044; x_wconf 84' lang='lat' dir='ltr'><strong>contraria</strong></span> <span class='ocrx_word' id='word_1_661' title='bbox 2622 1989 2824 2057; x_wconf 80' lang='lat' dir='ltr'><strong>educis,</strong></span> <span class='ocrx_word' id='word_1_662' title='bbox 2858 1992 3078 2062; x_wconf 89' lang='lat' dir='ltr'><strong>perinde</strong></span> <span class='ocrx_word' id='word_1_663' title='bbox 3099 2007 3162 2048; x_wconf 93' lang='lat' dir='ltr'><strong>ac</strong></span> <span class='ocrx_word' id='word_1_664' title='bbox 3187 1993 3233 2048; x_wconf 90' lang='lat' dir='ltr'><strong>si</strong></span> <span class='ocrx_word' id='word_1_665' title='bbox 3260 2003 3440 2049; x_wconf 93' lang='lat' dir='ltr'><strong>esseut</strong></span> <span class='ocrx_word' id='word_1_666' title='bbox 3462 2009 3584 2063; x_wconf 82' lang='lat' dir='ltr'><strong>pro-</strong></span> 
     </span>
    </p>
   </div>
   <div class='ocr_carea' id='block_1_79' title="bbox 2017 2081 2875 2152">
    <p class='ocr_par' dir='ltr' id='par_1_79' title="bbox 2017 2081 2875 2152">
     <span class='ocr_line' id='line_1_79' title="bbox 2017 2081 2875 2152; baseline 0.005 -18"><span class='ocrx_word' id='word_1_667' title='bbox 2017 2081 2130 2152; x_wconf 90' lang='lat' dir='ltr'><strong>pria</strong></span> <span class='ocrx_word' id='word_1_668' title='bbox 2151 2089 2206 2142; x_wconf 87' lang='lat' dir='ltr'><strong>et</strong></span> <span class='ocrx_word' id='word_1_669' title='bbox 2232 2081 2350 2149; x_wconf 89' lang='lat' dir='ltr'><strong>ejus</strong></span> <span class='ocrx_word' id='word_1_670' title='bbox 2377 2091 2580 2136; x_wconf 75' lang='lat' dir='ltr'><strong>natura:</strong></span> <span class='ocrx_word' id='word_1_671' title='bbox 2603 2083 2875 2138; x_wconf 90' lang='lat' dir='ltr'><strong>attributa.</strong></span> 
     </span>
    </p>
   </div>
   <div class='ocr_carea' id='block_1_80' title="bbox 2085 2170 3577 2244">
    <p class='ocr_par' dir='ltr' id='par_1_80' title="bbox 2085 2170 3577 2244">
     <span class='ocr_line' id='line_1_80' title="bbox 2085 2170 3577 2244; baseline 0.001 -16"><span class='ocrx_word' id='word_1_672' title='bbox 2085 2173 2139 2228; x_wconf 78' lang='grc'><strong>4.</strong></span> <span class='ocrx_word' id='word_1_673' title='bbox 2161 2170 2290 2227; x_wconf 90' lang='lat' dir='ltr'><strong>Cum</strong></span> <span class='ocrx_word' id='word_1_674' title='bbox 2323 2173 2500 2243; x_wconf 91' lang='lat' dir='ltr'><strong>itaque</strong></span> <span class='ocrx_word' id='word_1_675' title='bbox 2519 2174 2635 2229; x_wconf 78' lang='lat' dir='ltr'><strong>haec</strong></span> <span class='ocrx_word' id='word_1_676' title='bbox 2662 2175 2837 2229; x_wconf 91' lang='lat' dir='ltr'><strong>omnia</strong></span> <span class='ocrx_word' id='word_1_677' title='bbox 2858 2175 3181 2244; x_wconf 85' lang='lat' dir='ltr'><strong>collegisset,</strong></span> <span class='ocrx_word' id='word_1_678' title='bbox 3206 2185 3260 2233; x_wconf 77' lang='lat' dir='ltr'><strong>et</strong></span> <span class='ocrx_word' id='word_1_679' title='bbox 3289 2177 3468 2232; x_wconf 89' lang='lat' dir='ltr'><strong>divino</strong></span> <span class='ocrx_word' id='word_1_680' title='bbox 3488 2192 3577 2232; x_wconf 84' lang='lat' dir='ltr'><strong>es-</strong></span> 
     </span>
    </p>
   </div>
   <div class='ocr_carea' id='block_1_81' title="bbox 2017 2264 3580 2335">
    <p class='ocr_par' dir='ltr' id='par_1_81' title="bbox 2017 2264 3580 2335">
     <span class='ocr_line' id='line_1_81' title="bbox 2017 2264 3580 2335; baseline 0.002 -16"><span class='ocrx_word' id='word_1_681' title='bbox 2017 2273 2101 2319; x_wconf 89' lang='lat' dir='ltr'><strong>set</strong></span> <span class='ocrx_word' id='word_1_682' title='bbox 2145 2265 2335 2335; x_wconf 91' lang='lat' dir='ltr'><strong>spiritu</strong></span> <span class='ocrx_word' id='word_1_683' title='bbox 2376 2264 2619 2332; x_wconf 85' lang='lat' dir='ltr'><strong>afilatus,</strong></span> <span class='ocrx_word' id='word_1_684' title='bbox 2648 2281 2835 2335; x_wconf 84' lang='lat' dir='ltr'><strong>magna</strong></span> <span class='ocrx_word' id='word_1_685' title='bbox 2863 2281 2993 2322; x_wconf 89' lang='lat' dir='ltr'><strong>voce</strong></span> <span class='ocrx_word' id='word_1_686' title='bbox 3017 2267 3304 2332; x_wconf 82' lang='lat' dir='ltr'><strong>clamavit,</strong></span> <span class='ocrx_word' id='word_1_687' title='bbox 3345 2267 3534 2321; x_wconf 89' lang='lat' dir='ltr'><strong>dicens</strong></span> <span class='ocrx_word' id='word_1_688' title='bbox 3568 2287 3580 2322; x_wconf 92' lang='lat'><strong>:</strong></span> 
     </span>
    </p>
   </div>
   <div class='ocr_carea' id='block_1_82' title="bbox 2016 2353 3580 2426">
    <p class='ocr_par' dir='ltr' id='par_1_82' title="bbox 2016 2353 3580 2426">
     <span class='ocr_line' id='line_1_82' title="bbox 2016 2353 3580 2426; baseline 0.001 -16"><span class='ocrx_word' id='word_1_689' title='bbox 2016 2353 2302 2424; x_wconf 77' lang='lat' dir='ltr'><strong>Conﬁtebor</strong></span> <span class='ocrx_word' id='word_1_690' title='bbox 2328 2355 2436 2415; x_wconf 84' lang='lat' dir='ltr'><strong>tibi.</strong></span> <span class='ocrx_word' id='word_1_691' title='bbox 2450 2357 2568 2426; x_wconf 85' lang='lat' dir='ltr'><strong>quia</strong></span> <span class='ocrx_word' id='word_1_692' title='bbox 2592 2355 2873 2410; x_wconf 74' lang='lat' dir='ltr'><strong>tenibtliter</strong></span> <span class='ocrx_word' id='word_1_693' title='bbox 2893 2357 3241 2426; x_wconf 75' lang='lat' dir='ltr'><strong>magniﬁcatus</strong></span> <span class='ocrx_word' id='word_1_694' title='bbox 3264 2375 3334 2418; x_wconf 85' lang='lat' dir='ltr'><strong>es,</strong></span> <span class='ocrx_word' id='word_1_695' title='bbox 3357 2357 3458 2412; x_wconf 89' lang='lat' dir='ltr'><strong>hoc</strong></span> <span class='ocrx_word' id='word_1_696' title='bbox 3477 2367 3580 2424; x_wconf 90' lang='lat' dir='ltr'><strong>est,</strong></span> 
     </span>
    </p>
   </div>
   <div class='ocr_carea' id='block_1_83' title="bbox 2018 2446 3586 2520">
    <p class='ocr_par' dir='ltr' id='par_1_83' title="bbox 2018 2446 3586 2520">
     <span class='ocr_line' id='line_1_83' title="bbox 2018 2446 3586 2520; baseline 0.002 -19"><span class='ocrx_word' id='word_1_697' title='bbox 2018 2446 2277 2502; x_wconf 86' lang='lat' dir='ltr'><strong>mirabilis</strong></span> <span class='ocrx_word' id='word_1_698' title='bbox 2301 2447 2589 2516; x_wconf 87' lang='lat' dir='ltr'><strong>apparuisti</strong></span> <span class='ocrx_word' id='word_1_699' title='bbox 2615 2487 2630 2512; x_wconf 94' lang='lat'><strong>,</strong></span> <span class='ocrx_word' id='word_1_700' title='bbox 2659 2455 2713 2502; x_wconf 91' lang='lat' dir='ltr'><strong>et</strong></span> <span class='ocrx_word' id='word_1_701' title='bbox 2737 2463 2797 2502; x_wconf 90' lang='lat' dir='ltr'><strong>es</strong></span> <span class='ocrx_word' id='word_1_702' title='bbox 2824 2447 3100 2502; x_wconf 90' lang='lat' dir='ltr'><strong>mirabilis.</strong></span> <span class='ocrx_word' id='word_1_703' title='bbox 3135 2447 3394 2504; x_wconf 83' lang='lat' dir='ltr'><strong>Mirabilia</strong></span> <span class='ocrx_word' id='word_1_704' title='bbox 3433 2467 3586 2520; x_wconf 85' lang='lat' dir='ltr'><strong>opem</strong></span> 
     </span>
    </p>
   </div>
   <div class='ocr_carea' id='block_1_84' title="bbox 2020 2539 3582 2610">
    <p class='ocr_par' dir='ltr' id='par_1_84' title="bbox 2020 2539 3582 2610">
     <span class='ocr_line' id='line_1_84' title="bbox 2020 2539 3582 2610; baseline 0.003 -18"><span class='ocrx_word' id='word_1_705' title='bbox 2020 2549 2127 2602; x_wconf 90' lang='lat' dir='ltr'><strong>tua,</strong></span> <span class='ocrx_word' id='word_1_706' title='bbox 2157 2547 2204 2592; x_wconf 89' lang='lat' dir='ltr'><strong>et</strong></span> <span class='ocrx_word' id='word_1_707' title='bbox 2231 2539 2403 2592; x_wconf 88' lang='lat' dir='ltr'><strong>anima</strong></span> <span class='ocrx_word' id='word_1_708' title='bbox 2427 2555 2538 2593; x_wconf 87' lang='lat' dir='ltr'><strong>mea</strong></span> <span class='ocrx_word' id='word_1_709' title='bbox 2561 2541 2815 2610; x_wconf 87' lang='lat' dir='ltr'><strong>cognoscit</strong></span> <span class='ocrx_word' id='word_1_710' title='bbox 2842 2542 3012 2595; x_wconf 86' lang='lat' dir='ltr'><strong>nimis.</strong></span> <span class='ocrx_word' id='word_1_711' title='bbox 3044 2542 3110 2595; x_wconf 87' lang='lat' dir='ltr'><strong>Et</strong></span> <span class='ocrx_word' id='word_1_712' title='bbox 3133 2542 3260 2610; x_wconf 86' lang='lat' dir='ltr'><strong>quid</strong></span> <span class='ocrx_word' id='word_1_713' title='bbox 3283 2543 3353 2597; x_wconf 90' lang='lat' dir='ltr'><strong>de</strong></span> <span class='ocrx_word' id='word_1_714' title='bbox 3381 2551 3431 2597; x_wconf 93' lang='lat' dir='ltr'><strong>te</strong></span> <span class='ocrx_word' id='word_1_715' title='bbox 3450 2585 3465 2606; x_wconf 87' lang='lat'><strong>,</strong></span> <span class='ocrx_word' id='word_1_716' title='bbox 3497 2545 3548 2596; x_wconf 89' lang='lat' dir='ltr'><strong>in</strong></span> <span class='ocrx_word' id='word_1_717' title='bbox 3567 2573 3582 2584; x_wconf 87' lang='lat'><strong>-</strong></span> 
     </span>
    </p>
   </div>
   <div class='ocr_carea' id='block_1_85' title="bbox 2019 2631 3588 2704">
    <p class='ocr_par' dir='ltr' id='par_1_85' title="bbox 2019 2631 3588 2704">
     <span class='ocr_line' id='line_1_85' title="bbox 2019 2631 3588 2704; baseline 0.003 -19"><span class='ocrx_word' id='word_1_718' title='bbox 2019 2633 2151 2702; x_wconf 88' lang='lat' dir='ltr'><strong>quit,</strong></span> <span class='ocrx_word' id='word_1_719' title='bbox 2182 2631 2322 2694; x_wconf 91' lang='lat' dir='ltr'><strong>dico,</strong></span> <span class='ocrx_word' id='word_1_720' title='bbox 2345 2646 2466 2686; x_wconf 90' lang='lat' dir='ltr'><strong>cum</strong></span> <span class='ocrx_word' id='word_1_721' title='bbox 2496 2648 2614 2702; x_wconf 74' lang='lat' dir='ltr'><strong>qua:</strong></span> <span class='ocrx_word' id='word_1_722' title='bbox 2638 2647 2668 2686; x_wconf 92' lang='lat' dir='ltr'><strong>a</strong></span> <span class='ocrx_word' id='word_1_723' title='bbox 2701 2642 2752 2687; x_wconf 86' lang='lat' dir='ltr'><strong>te</strong></span> <span class='ocrx_word' id='word_1_724' title='bbox 2780 2633 2933 2695; x_wconf 85' lang='lat' dir='ltr'><strong>fiunt.</strong></span> <span class='ocrx_word' id='word_1_725' title='bbox 2966 2649 3212 2704; x_wconf 84' lang='lat' dir='ltr'><strong>magnum</strong></span> <span class='ocrx_word' id='word_1_726' title='bbox 3235 2634 3460 2691; x_wconf 84' lang='lat' dir='ltr'><strong>habeant</strong></span> <span class='ocrx_word' id='word_1_727' title='bbox 3487 2639 3588 2690; x_wconf 85' lang='lat' dir='ltr'><strong>mi-</strong></span> 
     </span>
    </p>
   </div>
   <div class='ocr_carea' id='block_1_86' title="bbox 2020 2724 3586 2798">
    <p class='ocr_par' dir='ltr' id='par_1_86' title="bbox 2020 2724 3586 2798">
     <span class='ocr_line' id='line_1_86' title="bbox 2020 2724 3586 2798; baseline 0.002 -17"><span class='ocrx_word' id='word_1_728' title='bbox 2020 2725 2283 2781; x_wconf 83' lang='lat' dir='ltr'><strong>raculum?</strong></span> <span class='ocrx_word' id='word_1_729' title='bbox 2306 2724 2507 2781; x_wconf 89' lang='lat' dir='ltr'><strong>Deinde</strong></span> <span class='ocrx_word' id='word_1_730' title='bbox 2523 2726 2736 2781; x_wconf 90' lang='lat' dir='ltr'><strong>mittens</strong></span> <span class='ocrx_word' id='word_1_731' title='bbox 2762 2727 2938 2780; x_wconf 92' lang='lat' dir='ltr'><strong>omnia</strong></span> <span class='ocrx_word' id='word_1_732' title='bbox 2968 2728 3234 2796; x_wconf 87' lang='lat' dir='ltr'><strong>persequi,</strong></span> <span class='ocrx_word' id='word_1_733' title='bbox 3261 2729 3473 2798; x_wconf 88' lang='lat' dir='ltr'><strong>propria</strong></span> <span class='ocrx_word' id='word_1_734' title='bbox 3505 2731 3586 2785; x_wconf 93' lang='lat' dir='ltr'><strong>sui</strong></span> 
     </span>
    </p>
   </div>
   <div class='ocr_carea' id='block_1_87' title="bbox 2020 2815 3588 2890">
    <p class='ocr_par' dir='ltr' id='par_1_87' title="bbox 2020 2815 3588 2890">
     <span class='ocr_line' id='line_1_87' title="bbox 2020 2815 3588 2890; baseline 0.003 -20"><span class='ocrx_word' id='word_1_735' title='bbox 2020 2817 2207 2871; x_wconf 82' lang='lat' dir='ltr'><strong>notitia</strong></span> <span class='ocrx_word' id='word_1_736' title='bbox 2242 2824 2525 2872; x_wconf 87' lang='lat' dir='ltr'><strong>contentus</strong></span> <span class='ocrx_word' id='word_1_737' title='bbox 2551 2815 2682 2871; x_wconf 92' lang='lat' dir='ltr'><strong>dicit</strong></span> <span class='ocrx_word' id='word_1_738' title='bbox 2714 2834 2727 2871; x_wconf 92' lang='lat'>:</span> <span class='ocrx_word' id='word_1_739' title='bbox 2760 2816 2828 2870; x_wconf 80' lang='lat' dir='ltr'><strong>Et</strong></span> <span class='ocrx_word' id='word_1_740' title='bbox 2855 2819 3023 2870; x_wconf 85' lang='lat' dir='ltr'><strong>anima</strong></span> <span class='ocrx_word' id='word_1_741' title='bbox 3061 2834 3172 2872; x_wconf 83' lang='lat' dir='ltr'><strong>mea</strong></span> <span class='ocrx_word' id='word_1_742' title='bbox 3214 2821 3465 2890; x_wconf 84' lang='lat' dir='ltr'><strong>cognoscit</strong></span> <span class='ocrx_word' id='word_1_743' title='bbox 3511 2822 3588 2874; x_wconf 79' lang='lat' dir='ltr'><strong>ni-</strong></span> 
     </span>
    </p>
   </div>
   <div class='ocr_carea' id='block_1_88' title="bbox 2019 2907 3592 2979">
    <p class='ocr_par' dir='ltr' id='par_1_88' title="bbox 2019 2907 3592 2979">
     <span class='ocr_line' id='line_1_88' title="bbox 2019 2907 3592 2979; baseline 0.004 -16"><span class='ocrx_word' id='word_1_744' title='bbox 2019 2909 2134 2963; x_wconf 83' lang='lat' dir='ltr'><strong>mis.</strong></span> <span class='ocrx_word' id='word_1_745' title='bbox 2162 2907 2276 2965; x_wconf 90' lang='lat' dir='ltr'><strong>Non</strong></span> <span class='ocrx_word' id='word_1_746' title='bbox 2300 2909 2570 2979; x_wconf 75' lang='lat' dir='ltr'><strong>cognoscit</strong></span> <span class='ocrx_word' id='word_1_747' title='bbox 2603 2909 2934 2964; x_wconf 90' lang='lat' dir='ltr'><strong>solummodo</strong></span> <span class='ocrx_word' id='word_1_748' title='bbox 2957 2951 2972 2974; x_wconf 87' lang='lat'><strong>,</strong></span> <span class='ocrx_word' id='word_1_749' title='bbox 2995 2908 3086 2963; x_wconf 90' lang='lat' dir='ltr'><strong>sed</strong></span> <span class='ocrx_word' id='word_1_750' title='bbox 3119 2909 3274 2965; x_wconf 85' lang='lat' dir='ltr'><strong>valde</strong></span> <span class='ocrx_word' id='word_1_751' title='bbox 3303 2919 3360 2965; x_wconf 93' lang='lat' dir='ltr'><strong>et</strong></span> <span class='ocrx_word' id='word_1_752' title='bbox 3379 2911 3592 2970; x_wconf 81' lang='lat' dir='ltr'><strong>intense</strong></span> 
     </span>
    </p>
   </div>
   <div class='ocr_carea' id='block_1_89' title="bbox 2018 3001 3588 3072">
    <p class='ocr_par' dir='ltr' id='par_1_89' title="bbox 2018 3001 3588 3072">
     <span class='ocr_line' id='line_1_89' title="bbox 2018 3001 3588 3072; baseline 0.001 -16"><span class='ocrx_word' id='word_1_753' title='bbox 2018 3003 2310 3072; x_wconf 79' lang='lat' dir='ltr'><strong>cognoscit.</strong></span> <span class='ocrx_word' id='word_1_754' title='bbox 2337 3001 2391 3058; x_wconf 92' lang='lat' dir='ltr'><strong>Si</strong></span> <span class='ocrx_word' id='word_1_755' title='bbox 2421 3013 2597 3058; x_wconf 87' lang='lat' dir='ltr'><strong>autem</strong></span> <span class='ocrx_word' id='word_1_756' title='bbox 2623 3001 2925 3068; x_wconf 79' lang='lat' dir='ltr'><strong>cognoscit,</strong></span> <span class='ocrx_word' id='word_1_757' title='bbox 2958 3003 3222 3070; x_wconf 85' lang='lat' dir='ltr'><strong>quomodo</strong></span> <span class='ocrx_word' id='word_1_758' title='bbox 3247 3003 3380 3058; x_wconf 85' lang='lat' dir='ltr'><strong>dixit</strong></span> <span class='ocrx_word' id='word_1_759' title='bbox 3406 3013 3588 3068; x_wconf 79' lang='lat' dir='ltr'><strong>antea,</strong></span> 
     </span>
    </p>
   </div>
   <div class='ocr_carea' id='block_1_90' title="bbox 2020 3091 3597 3164">
    <p class='ocr_par' dir='ltr' id='par_1_90' title="bbox 2020 3091 3597 3164">
     <span class='ocr_line' id='line_1_90' title="bbox 2020 3091 3597 3164; baseline 0.001 -18"><span class='ocrx_word' id='word_1_760' title='bbox 2020 3091 2271 3148; x_wconf 66' lang='lat' dir='ltr'><strong>Hirabilis</strong></span> <span class='ocrx_word' id='word_1_761' title='bbox 2295 3096 2429 3164; x_wconf 78' lang='lat' dir='ltr'><strong>facta</strong></span> <span class='ocrx_word' id='word_1_762' title='bbox 2447 3101 2517 3145; x_wconf 86' lang='lat' dir='ltr'><strong>est</strong></span> <span class='ocrx_word' id='word_1_763' title='bbox 2542 3091 2747 3145; x_wconf 88' lang='lat' dir='ltr'><strong>scientia</strong></span> <span class='ocrx_word' id='word_1_764' title='bbox 2771 3099 2856 3143; x_wconf 85' lang='lat' dir='ltr'><strong>tua</strong></span> <span class='ocrx_word' id='word_1_765' title='bbox 2879 3107 2912 3144; x_wconf 89' lang='lat' dir='ltr'><strong>a</strong></span> <span class='ocrx_word' id='word_1_766' title='bbox 2935 3107 3031 3157; x_wconf 89' lang='lat' dir='ltr'><strong>me,</strong></span> <span class='ocrx_word' id='word_1_767' title='bbox 3062 3092 3347 3162; x_wconf 76' lang='lat' dir='ltr'><strong>confortata</strong></span> <span class='ocrx_word' id='word_1_768' title='bbox 3375 3103 3468 3160; x_wconf 88' lang='lat' dir='ltr'><strong>est,</strong></span> <span class='ocrx_word' id='word_1_769' title='bbox 3491 3110 3597 3148; x_wconf 80' lang='lat' dir='ltr'><strong>non</strong></span> 
     </span>
    </p>
   </div>
   <div class='ocr_carea' id='block_1_91' title="bbox 2021 3181 3594 3255">
    <p class='ocr_par' dir='ltr' id='par_1_91' title="bbox 2021 3181 3594 3255">
     <span class='ocr_line' id='line_1_91' title="bbox 2021 3181 3594 3255; baseline 0.001 -18"><span class='ocrx_word' id='word_1_770' title='bbox 2021 3193 2192 3255; x_wconf 87' lang='lat' dir='ltr'><strong>potero</strong></span> <span class='ocrx_word' id='word_1_771' title='bbox 2219 3182 2287 3236; x_wconf 84' lang='lat' dir='ltr'><strong>ad</strong></span> <span class='ocrx_word' id='word_1_772' title='bbox 2313 3183 2460 3237; x_wconf 77' lang='lat' dir='ltr'><strong>eam?</strong></span> <span class='ocrx_word' id='word_1_773' title='bbox 2485 3181 2708 3237; x_wconf 78' lang='lat' dir='ltr'><strong>Maxime</strong></span> <span class='ocrx_word' id='word_1_774' title='bbox 2737 3197 2752 3236; x_wconf 87' lang='lat'>:</span> <span class='ocrx_word' id='word_1_775' title='bbox 2779 3195 2900 3236; x_wconf 89' lang='lat' dir='ltr'><strong>nam</strong></span> <span class='ocrx_word' id='word_1_776' title='bbox 2941 3181 3066 3236; x_wconf 91' lang='lat' dir='ltr'><strong>illud</strong></span> <span class='ocrx_word' id='word_1_777' title='bbox 3110 3182 3322 3250; x_wconf 90' lang='lat' dir='ltr'><strong>quidem</strong></span> <span class='ocrx_word' id='word_1_778' title='bbox 3351 3193 3499 3238; x_wconf 90' lang='lat' dir='ltr'><strong>certe</strong></span> <span class='ocrx_word' id='word_1_779' title='bbox 3527 3184 3594 3240; x_wconf 89' lang='lat' dir='ltr'><strong>de</strong></span> 
     </span>
    </p>
   </div>
   <div class='ocr_carea' id='block_1_92' title="bbox 2022 3272 3593 3346">
    <p class='ocr_par' dir='ltr' id='par_1_92' title="bbox 2022 3272 3593 3346">
     <span class='ocr_line' id='line_1_92' title="bbox 2022 3272 3593 3346; baseline -0.001 -16"><span class='ocrx_word' id='word_1_780' title='bbox 2022 3276 2136 3346; x_wconf 89' lang='lat' dir='ltr'><strong>ipso</strong></span> <span class='ocrx_word' id='word_1_781' title='bbox 2163 3275 2362 3331; x_wconf 89' lang='lat' dir='ltr'><strong>dictum</strong></span> <span class='ocrx_word' id='word_1_782' title='bbox 2387 3281 2501 3339; x_wconf 85' lang='lat' dir='ltr'><strong>est,</strong></span> <span class='ocrx_word' id='word_1_783' title='bbox 2533 3272 2634 3328; x_wconf 93' lang='lat' dir='ltr'><strong>hoc</strong></span> <span class='ocrx_word' id='word_1_784' title='bbox 2659 3287 2784 3328; x_wconf 86' lang='lat' dir='ltr'><strong>vero</strong></span> <span class='ocrx_word' id='word_1_785' title='bbox 2803 3273 2870 3330; x_wconf 89' lang='lat' dir='ltr'><strong>de</strong></span> <span class='ocrx_word' id='word_1_786' title='bbox 2897 3274 3166 3341; x_wconf 76' lang='lat' dir='ltr'><strong>oneribus.</strong></span> <span class='ocrx_word' id='word_1_787' title='bbox 3204 3273 3357 3341; x_wconf 89' lang='lat' dir='ltr'><strong>Quod</strong></span> <span class='ocrx_word' id='word_1_788' title='bbox 3399 3274 3443 3330; x_wconf 92' lang='lat' dir='ltr'><strong>si</strong></span> <span class='ocrx_word' id='word_1_789' title='bbox 3489 3274 3593 3329; x_wconf 85' lang='lat' dir='ltr'><strong>huc</strong></span> 
     </span>
    </p>
   </div>
   <div class='ocr_carea' id='block_1_93' title="bbox 2022 3365 3596 3438">
    <p class='ocr_par' dir='ltr' id='par_1_93' title="bbox 2022 3365 3596 3438">
     <span class='ocr_line' id='line_1_93' title="bbox 2022 3365 3596 3438; baseline 0.001 -18"><span class='ocrx_word' id='word_1_790' title='bbox 2022 3381 2234 3438; x_wconf 90' lang='lat' dir='ltr'><strong>quoque</strong></span> <span class='ocrx_word' id='word_1_791' title='bbox 2256 3365 2324 3422; x_wconf 91' lang='lat' dir='ltr'><strong>de</strong></span> <span class='ocrx_word' id='word_1_792' title='bbox 2353 3366 2470 3436; x_wconf 90' lang='lat' dir='ltr'><strong>ipso</strong></span> <span class='ocrx_word' id='word_1_793' title='bbox 2493 3365 2688 3421; x_wconf 91' lang='lat' dir='ltr'><strong>dictum</strong></span> <span class='ocrx_word' id='word_1_794' title='bbox 2718 3375 2796 3421; x_wconf 90' lang='lat' dir='ltr'><strong>est</strong></span> <span class='ocrx_word' id='word_1_795' title='bbox 2821 3405 2838 3431; x_wconf 93' lang='lat'><strong>,</strong></span> <span class='ocrx_word' id='word_1_796' title='bbox 2879 3366 3005 3421; x_wconf 93' lang='lat' dir='ltr'><strong>illud</strong></span> <span class='ocrx_word' id='word_1_797' title='bbox 3045 3366 3337 3422; x_wconf 88' lang='lat' dir='ltr'><strong>dixerimus</strong></span> <span class='ocrx_word' id='word_1_798' title='bbox 3383 3384 3396 3420; x_wconf 94' lang='lat'><strong>:</strong></span> <span class='ocrx_word' id='word_1_799' title='bbox 3442 3367 3596 3422; x_wconf 81' lang='lat' dir='ltr'><strong>Novit</strong></span> 
     </span>
    </p>
   </div>
   <div class='ocr_carea' id='block_1_94' title="bbox 2022 3457 3590 3528">
    <p class='ocr_par' dir='ltr' id='par_1_94' title="bbox 2022 3457 3590 3528">
     <span class='ocr_line' id='line_1_94' title="bbox 2022 3457 3590 3528; baseline -0.001 -14"><span class='ocrx_word' id='word_1_800' title='bbox 2022 3474 2143 3514; x_wconf 90' lang='lat' dir='ltr'><strong>cum</strong></span> <span class='ocrx_word' id='word_1_801' title='bbox 2168 3473 2288 3513; x_wconf 88' lang='lat' dir='ltr'><strong>esse</strong></span> <span class='ocrx_word' id='word_1_802' title='bbox 2334 3457 2652 3524; x_wconf 90' lang='lat' dir='ltr'><strong>mirabilem,</strong></span> <span class='ocrx_word' id='word_1_803' title='bbox 2701 3473 2970 3527; x_wconf 86' lang='lat' dir='ltr'><strong>maguum,</strong></span> <span class='ocrx_word' id='word_1_804' title='bbox 3027 3457 3295 3512; x_wconf 87' lang='lat' dir='ltr'><strong>excelsum</strong></span> <span class='ocrx_word' id='word_1_805' title='bbox 3325 3457 3490 3528; x_wconf 89' lang='lat' dir='ltr'><strong>:quid</strong></span> <span class='ocrx_word' id='word_1_806' title='bbox 3519 3460 3590 3514; x_wconf 92' lang='lat' dir='ltr'><strong>sit</strong></span> 
     </span>
    </p>
   </div>
   <div class='ocr_carea' id='block_1_95' title="bbox 2023 3547 3596 3619">
    <p class='ocr_par' dir='ltr' id='par_1_95' title="bbox 2023 3547 3596 3619">
     <span class='ocr_line' id='line_1_95' title="bbox 2023 3547 3596 3619; baseline -0.006 -13"><span class='ocrx_word' id='word_1_807' title='bbox 2023 3559 2198 3606; x_wconf 88' lang='lat' dir='ltr'><strong>autem</strong></span> <span class='ocrx_word' id='word_1_808' title='bbox 2219 3549 2511 3605; x_wconf 89' lang='lat' dir='ltr'><strong>substantia</strong></span> <span class='ocrx_word' id='word_1_809' title='bbox 2541 3549 2749 3619; x_wconf 90' lang='lat' dir='ltr'><strong>(eadem</strong></span> <span class='ocrx_word' id='word_1_810' title='bbox 2776 3547 2916 3602; x_wconf 89' lang='lat' dir='ltr'><strong>enim</strong></span> <span class='ocrx_word' id='word_1_811' title='bbox 2943 3563 3127 3602; x_wconf 90' lang='lat' dir='ltr'><strong>rursus</strong></span> <span class='ocrx_word' id='word_1_812' title='bbox 3149 3547 3366 3613; x_wconf 86' lang='lat' dir='ltr'><strong>dicam),</strong></span> <span class='ocrx_word' id='word_1_813' title='bbox 3385 3557 3440 3604; x_wconf 89' lang='lat' dir='ltr'><strong>et</strong></span> <span class='ocrx_word' id='word_1_814' title='bbox 3461 3565 3596 3619; x_wconf 84' lang='lat' dir='ltr'><strong>quo.</strong></span> 
     </span>
    </p>
   </div>
   <div class='ocr_carea' id='block_1_96' title="bbox 2023 3636 3595 3710">
    <p class='ocr_par' dir='ltr' id='par_1_96' title="bbox 2023 3636 3595 3710">
     <span class='ocr_line' id='line_1_96' title="bbox 2023 3636 3595 3710; baseline -0.002 -14"><span class='ocrx_word' id='word_1_815' title='bbox 2023 3656 2148 3697; x_wconf 90' lang='lat' dir='ltr'><strong>nam</strong></span> <span class='ocrx_word' id='word_1_816' title='bbox 2174 3639 2333 3695; x_wconf 90' lang='lat' dir='ltr'><strong>modo</strong></span> <span class='ocrx_word' id='word_1_817' title='bbox 2355 3639 2425 3694; x_wconf 92' lang='lat' dir='ltr'><strong>sit</strong></span> <span class='ocrx_word' id='word_1_818' title='bbox 2450 3639 2566 3709; x_wconf 90' lang='lat' dir='ltr'><strong>ejus</strong></span> <span class='ocrx_word' id='word_1_819' title='bbox 2587 3638 2836 3708; x_wconf 87' lang='lat' dir='ltr'><strong>majestas</strong></span> <span class='ocrx_word' id='word_1_820' title='bbox 2862 3647 2915 3692; x_wconf 91' lang='lat' dir='ltr'><strong>ct</strong></span> <span class='ocrx_word' id='word_1_821' title='bbox 2939 3636 3349 3708; x_wconf 80' lang='lat' dir='ltr'><strong>magnificentia,</strong></span> <span class='ocrx_word' id='word_1_822' title='bbox 3367 3646 3421 3693; x_wconf 91' lang='lat' dir='ltr'><strong>et</strong></span> <span class='ocrx_word' id='word_1_823' title='bbox 3445 3639 3595 3710; x_wconf 88' lang='lat' dir='ltr'><strong>quis-</strong></span> 
     </span>
    </p>
   </div>
   <div class='ocr_carea' id='block_1_97' title="bbox 2025 3729 3594 3801">
    <p class='ocr_par' dir='ltr' id='par_1_97' title="bbox 2025 3729 3594 3801">
     <span class='ocr_line' id='line_1_97' title="bbox 2025 3729 3594 3801; baseline -0.002 -12"><span class='ocrx_word' id='word_1_824' title='bbox 2025 3750 2145 3790; x_wconf 90' lang='lat' dir='ltr'><strong>nam</strong></span> <span class='ocrx_word' id='word_1_825' title='bbox 2191 3734 2261 3788; x_wconf 89' lang='lat' dir='ltr'><strong>sit</strong></span> <span class='ocrx_word' id='word_1_826' title='bbox 2302 3731 2491 3788; x_wconf 91' lang='lat' dir='ltr'><strong>modus</strong></span> <span class='ocrx_word' id='word_1_827' title='bbox 2515 3746 2697 3786; x_wconf 90' lang='lat' dir='ltr'><strong>eorum</strong></span> <span class='ocrx_word' id='word_1_828' title='bbox 2727 3745 2845 3798; x_wconf 73' lang='lat' dir='ltr'><strong>quae</strong></span> <span class='ocrx_word' id='word_1_829' title='bbox 2874 3729 3014 3785; x_wconf 90' lang='lat' dir='ltr'><strong>dicta</strong></span> <span class='ocrx_word' id='word_1_830' title='bbox 3043 3740 3188 3797; x_wconf 90' lang='lat' dir='ltr'><strong>sunt,</strong></span> <span class='ocrx_word' id='word_1_831' title='bbox 3219 3731 3429 3801; x_wconf 87' lang='lat' dir='ltr'><strong>ignorat</strong></span> <span class='ocrx_word' id='word_1_832' title='bbox 3457 3749 3471 3785; x_wconf 91' lang='lat'><strong>:</strong></span> <span class='ocrx_word' id='word_1_833' title='bbox 3501 3732 3594 3787; x_wconf 93' lang='lat' dir='ltr'><strong>sed</strong></span> 
     </span>
    </p>
   </div>
   <div class='ocr_carea' id='block_1_98' title="bbox 2025 3821 3596 3894">
    <p class='ocr_par' dir='ltr' id='par_1_98' title="bbox 2025 3821 3596 3894">
     <span class='ocr_line' id='line_1_98' title="bbox 2025 3821 3596 3894; baseline -0.001 -14"><span class='ocrx_word' id='word_1_834' title='bbox 2025 3839 2088 3881; x_wconf 84' lang='lat' dir='ltr'><strong>ea</strong></span> <span class='ocrx_word' id='word_1_835' title='bbox 2119 3825 2231 3894; x_wconf 90' lang='lat' dir='ltr'><strong>ipsa</strong></span> <span class='ocrx_word' id='word_1_836' title='bbox 2261 3823 2521 3893; x_wconf 85' lang='lat' dir='ltr'><strong>ignoratio</strong></span> <span class='ocrx_word' id='word_1_837' title='bbox 2541 3829 3007 3890; x_wconf 84' lang='lat' dir='ltr'><strong>estargumcutum</strong></span> <span class='ocrx_word' id='word_1_838' title='bbox 3028 3821 3367 3892; x_wconf 86' lang='lat' dir='ltr'><strong>cognitionis,</strong></span> <span class='ocrx_word' id='word_1_839' title='bbox 3386 3822 3596 3878; x_wconf 75' lang='lat' dir='ltr'><strong>etiamsi</strong></span> 
     </span>
    </p>
   </div>
   <div class='ocr_carea' id='block_1_99' title="bbox 2027 3912 3598 3985">
    <p class='ocr_par' dir='ltr' id='par_1_99' title="bbox 2027 3912 3598 3985">
     <span class='ocr_line' id='line_1_99' title="bbox 2027 3912 3598 3985; baseline -0.002 -13"><span class='ocrx_word' id='word_1_840' title='bbox 2027 3918 2095 3973; x_wconf 90' lang='lat' dir='ltr'><strong>sit</strong></span> <span class='ocrx_word' id='word_1_841' title='bbox 2133 3916 2377 3970; x_wconf 92' lang='lat' dir='ltr'><strong>mirabile</strong></span> <span class='ocrx_word' id='word_1_842' title='bbox 2427 3912 2570 3985; x_wconf 90' lang='lat' dir='ltr'><strong>quod</strong></span> <span class='ocrx_word' id='word_1_843' title='bbox 2609 3913 2807 3968; x_wconf 92' lang='lat' dir='ltr'><strong>dictum</strong></span> <span class='ocrx_word' id='word_1_844' title='bbox 2860 3922 2962 3969; x_wconf 90' lang='lat' dir='ltr'><strong>est.</strong></span> <span class='ocrx_word' id='word_1_845' title='bbox 3012 3913 3142 3968; x_wconf 86' lang='lat' dir='ltr'><strong>Nam</strong></span> <span class='ocrx_word' id='word_1_846' title='bbox 3189 3928 3338 3969; x_wconf 88' lang='lat' dir='ltr'><strong>mare</strong></span> <span class='ocrx_word' id='word_1_847' title='bbox 3386 3930 3598 3983; x_wconf 84' lang='lat' dir='ltr'><strong>quoque</strong></span> 
     </span>
    </p>
   </div>
   <div class='ocr_carea' id='block_1_100' title="bbox 2026 4004 3598 4081">
    <p class='ocr_par' dir='ltr' id='par_1_100' title="bbox 2026 4004 3598 4081">
     <span class='ocr_line' id='line_1_100' title="bbox 2026 4004 3598 4081; baseline -0.001 -17"><span class='ocrx_word' id='word_1_848' title='bbox 2026 4018 2278 4081; x_wconf 90' lang='lat' dir='ltr'><strong>quantum</strong></span> <span class='ocrx_word' id='word_1_849' title='bbox 2307 4007 2393 4073; x_wconf 88' lang='lat' dir='ltr'><strong>sit,</strong></span> <span class='ocrx_word' id='word_1_850' title='bbox 2427 4006 2762 4077; x_wconf 91' lang='lat' dir='ltr'><strong>ignoramus;</strong></span> <span class='ocrx_word' id='word_1_851' title='bbox 2789 4014 2842 4060; x_wconf 92' lang='lat' dir='ltr'><strong>et</strong></span> <span class='ocrx_word' id='word_1_852' title='bbox 2866 4013 3037 4060; x_wconf 88' lang='lat' dir='ltr'><strong>tamen</strong></span> <span class='ocrx_word' id='word_1_853' title='bbox 3056 4013 3272 4076; x_wconf 91' lang='lat' dir='ltr'><strong>propter</strong></span> <span class='ocrx_word' id='word_1_854' title='bbox 3297 4004 3398 4061; x_wconf 90' lang='lat' dir='ltr'><strong>hoc</strong></span> <span class='ocrx_word' id='word_1_855' title='bbox 3427 4005 3598 4076; x_wconf 87' lang='lat' dir='ltr'><strong>ipsum</strong></span> 
     </span>
    </p>
   </div>
   <div class='ocr_carea' id='block_1_101' title="bbox 2027 4097 3697 4175">
    <p class='ocr_par' dir='ltr' id='par_1_101' title="bbox 2027 4097 3697 4175">
     <span class='ocr_line' id='line_1_101' title="bbox 2027 4097 3697 4175; baseline -0.006 -16"><span class='ocrx_word' id='word_1_856' title='bbox 2027 4117 2177 4159; x_wconf 79' lang='lat' dir='ltr'><strong>mare</strong></span> <span class='ocrx_word' id='word_1_857' title='bbox 2203 4101 2434 4156; x_wconf 87' lang='lat' dir='ltr'><strong>maxime</strong></span> <span class='ocrx_word' id='word_1_858' title='bbox 2464 4098 2727 4164; x_wconf 90' lang='lat' dir='ltr'><strong>novimus,</strong></span> <span class='ocrx_word' id='word_1_859' title='bbox 2751 4097 2890 4169; x_wconf 90' lang='lat' dir='ltr'><strong>quod</strong></span> <span class='ocrx_word' id='word_1_860' title='bbox 2915 4097 3032 4168; x_wconf 90' lang='lat' dir='ltr'><strong>ejus</strong></span> <span class='ocrx_word' id='word_1_861' title='bbox 3057 4113 3358 4154; x_wconf 89' lang='lat' dir='ltr'><strong>mensuram</strong></span> <span class='ocrx_word' id='word_1_862' title='bbox 3389 4100 3597 4154; x_wconf 84' lang='lat' dir='ltr'><strong>neseia-</strong></span> <span class='ocrx_word' id='word_1_863' title='bbox 3683 4161 3697 4175; x_wconf 43' lang='lat'><em>.</em></span> 
     </span>
    </p>
   </div>
   <div class='ocr_carea' id='block_1_102' title="bbox 2028 4189 3598 4262">
    <p class='ocr_par' dir='ltr' id='par_1_102' title="bbox 2028 4189 3598 4262">
     <span class='ocr_line' id='line_1_102' title="bbox 2028 4189 3598 4262; baseline -0.003 -12"><span class='ocrx_word' id='word_1_864' title='bbox 2028 4211 2167 4250; x_wconf 90' lang='lat' dir='ltr'><strong>mus.</strong></span> <span class='ocrx_word' id='word_1_865' title='bbox 2189 4193 2245 4250; x_wconf 90' lang='lat' dir='ltr'><strong>Si</strong></span> <span class='ocrx_word' id='word_1_866' title='bbox 2264 4194 2384 4262; x_wconf 88' lang='lat' dir='ltr'><strong>quis</strong></span> <span class='ocrx_word' id='word_1_867' title='bbox 2407 4201 2584 4247; x_wconf 88' lang='lat' dir='ltr'><strong>autem</strong></span> <span class='ocrx_word' id='word_1_868' title='bbox 2607 4191 2747 4246; x_wconf 91' lang='lat' dir='ltr'><strong>dicat</strong></span> <span class='ocrx_word' id='word_1_869' title='bbox 2767 4205 2825 4246; x_wconf 91' lang='lat' dir='ltr'><strong>se</strong></span> <span class='ocrx_word' id='word_1_870' title='bbox 2847 4205 3004 4245; x_wconf 86' lang='lat' dir='ltr'><strong>nosse</strong></span> <span class='ocrx_word' id='word_1_871' title='bbox 3027 4189 3140 4260; x_wconf 91' lang='lat' dir='ltr'><strong>ejus</strong></span> <span class='ocrx_word' id='word_1_872' title='bbox 3160 4190 3524 4260; x_wconf 89' lang='lat' dir='ltr'><strong>quantitatem,</strong></span> <span class='ocrx_word' id='word_1_873' title='bbox 3553 4191 3598 4245; x_wconf 91' lang='lat' dir='ltr'><strong>is</strong></span> 
     </span>
    </p>
   </div>
   <div class='ocr_carea' id='block_1_103' title="bbox 2028 4281 3597 4355">
    <p class='ocr_par' dir='ltr' id='par_1_103' title="bbox 2028 4281 3597 4355">
     <span class='ocr_line' id='line_1_103' title="bbox 2028 4281 3597 4355; baseline -0.003 -14"><span class='ocrx_word' id='word_1_874' title='bbox 2028 4294 2111 4341; x_wconf 91' lang='lat' dir='ltr'><strong>est</strong></span> <span class='ocrx_word' id='word_1_875' title='bbox 2127 4285 2216 4355; x_wconf 91' lang='lat' dir='ltr'><strong>qui</strong></span> <span class='ocrx_word' id='word_1_876' title='bbox 2246 4284 2297 4338; x_wconf 95' lang='lat' dir='ltr'><strong>id</strong></span> <span class='ocrx_word' id='word_1_877' title='bbox 2328 4283 2532 4354; x_wconf 88' lang='lat' dir='ltr'><strong>ignorat</strong></span> <span class='ocrx_word' id='word_1_878' title='bbox 2559 4282 2806 4346; x_wconf 82' lang='lat' dir='ltr'><strong>maxime.</strong></span> <span class='ocrx_word' id='word_1_879' title='bbox 2829 4282 2924 4336; x_wconf 83' lang='lat' dir='ltr'><strong>Est</strong></span> <span class='ocrx_word' id='word_1_880' title='bbox 2949 4281 3107 4352; x_wconf 87' lang='lat' dir='ltr'><strong>igitur</strong></span> <span class='ocrx_word' id='word_1_881' title='bbox 3132 4281 3394 4352; x_wconf 90' lang='lat' dir='ltr'><strong>professio</strong></span> <span class='ocrx_word' id='word_1_882' title='bbox 3413 4285 3597 4352; x_wconf 88' lang='lat' dir='ltr'><strong>cogni-</strong></span> 
     </span>
    </p>
   </div>
   <div class='ocr_carea' id='block_1_104' title="bbox 2030 4373 3598 4446">
    <p class='ocr_par' dir='ltr' id='par_1_104' title="bbox 2030 4373 3598 4446">
     <span class='ocr_line' id='line_1_104' title="bbox 2030 4373 3598 4446; baseline -0.003 -13"><span class='ocrx_word' id='word_1_883' title='bbox 2030 4377 2208 4444; x_wconf 91' lang='lat' dir='ltr'><strong>tionis,</strong></span> <span class='ocrx_word' id='word_1_884' title='bbox 2227 4392 2343 4446; x_wconf 73' lang='lat' dir='ltr'><strong>qua:</strong></span> <span class='ocrx_word' id='word_1_885' title='bbox 2371 4375 2544 4445; x_wconf 88' lang='lat' dir='ltr'><strong>arguit</strong></span> <span class='ocrx_word' id='word_1_886' title='bbox 2572 4374 2923 4445; x_wconf 88' lang='lat' dir='ltr'><strong>ignorantiam</strong></span> <span class='ocrx_word' id='word_1_887' title='bbox 2956 4389 2969 4427; x_wconf 89' lang='lat'><strong>:</strong></span> <span class='ocrx_word' id='word_1_888' title='bbox 2997 4382 3052 4428; x_wconf 92' lang='lat' dir='ltr'><strong>et</strong></span> <span class='ocrx_word' id='word_1_889' title='bbox 3077 4381 3159 4428; x_wconf 90' lang='lat' dir='ltr'><strong>est</strong></span> <span class='ocrx_word' id='word_1_890' title='bbox 3184 4373 3464 4443; x_wconf 90' lang='lat' dir='ltr'><strong>ignoratio,</strong></span> <span class='ocrx_word' id='word_1_891' title='bbox 3481 4389 3598 4444; x_wconf 73' lang='lat' dir='ltr'><strong>quze</strong></span> 
     </span>
    </p>
   </div>
   <div class='ocr_carea' id='block_1_105' title="bbox 2029 4464 3599 4524">
    <p class='ocr_par' dir='ltr' id='par_1_105' title="bbox 2029 4464 3599 4524">
     <span class='ocr_line' id='line_1_105' title="bbox 2029 4464 3599 4524; baseline -0.004 0"><span class='ocrx_word' id='word_1_892' title='bbox 2029 4468 2184 4524; x_wconf 90' lang='lat' dir='ltr'><strong>nobis</strong></span> <span class='ocrx_word' id='word_1_893' title='bbox 2212 4467 2315 4524; x_wconf 92' lang='lat' dir='ltr'><strong>fert</strong></span> <span class='ocrx_word' id='word_1_894' title='bbox 2345 4467 2704 4523; x_wconf 89' lang='lat' dir='ltr'><strong>testimonium</strong></span> <span class='ocrx_word' id='word_1_895' title='bbox 2735 4464 2802 4521; x_wconf 92' lang='lat' dir='ltr'><strong>de</strong></span> <span class='ocrx_word' id='word_1_896' title='bbox 2830 4464 3070 4520; x_wconf 89' lang='lat' dir='ltr'><strong>scientia.</strong></span> <span class='ocrx_word' id='word_1_897' title='bbox 3095 4465 3182 4520; x_wconf 83' lang='grc'><strong>15.</strong></span> <span class='ocrx_word' id='word_1_898' title='bbox 3203 4464 3322 4520; x_wconf 89' lang='lat' dir='ltr'><strong>Non</strong></span> <span class='ocrx_word' id='word_1_899' title='bbox 3344 4475 3418 4520; x_wconf 88' lang='lat' dir='ltr'><strong>est</strong></span> <span class='ocrx_word' id='word_1_900' title='bbox 3431 4465 3599 4520; x_wconf 79' lang='lat' dir='ltr'><strong>occul-</strong></span> 
     </span>
    </p>
   </div>
   <div class='ocr_carea' id='block_1_106' title="bbox 2029 4555 3598 4628">
    <p class='ocr_par' dir='ltr' id='par_1_106' title="bbox 2029 4555 3598 4628">
     <span class='ocr_line' id='line_1_106' title="bbox 2029 4555 3598 4628; baseline -0.004 -14"><span class='ocrx_word' id='word_1_901' title='bbox 2029 4568 2186 4614; x_wconf 84' lang='lat' dir='ltr'><strong>talum</strong></span> <span class='ocrx_word' id='word_1_902' title='bbox 2205 4575 2260 4614; x_wconf 86' lang='lat' dir='ltr'><strong>os</strong></span> <span class='ocrx_word' id='word_1_903' title='bbox 2282 4575 2442 4612; x_wconf 89' lang='lat' dir='ltr'><strong>meum</strong></span> <span class='ocrx_word' id='word_1_904' title='bbox 2467 4574 2500 4611; x_wconf 93' lang='lat' dir='ltr'><strong>a</strong></span> <span class='ocrx_word' id='word_1_905' title='bbox 2537 4568 2584 4612; x_wconf 92' lang='lat' dir='ltr'><strong>te</strong></span> <span class='ocrx_word' id='word_1_906' title='bbox 2601 4557 2734 4628; x_wconf 82' lang='lat' dir='ltr'><strong>quod</strong></span> <span class='ocrx_word' id='word_1_907' title='bbox 2763 4556 2923 4628; x_wconf 82' lang='lat' dir='ltr'><strong>feciin</strong></span> <span class='ocrx_word' id='word_1_908' title='bbox 2951 4556 3004 4609; x_wconf 89' lang='lat' dir='ltr'><strong>in</strong></span> <span class='ocrx_word' id='word_1_909' title='bbox 3027 4556 3220 4610; x_wconf 88' lang='lat' dir='ltr'><strong>occulto</strong></span> <span class='ocrx_word' id='word_1_910' title='bbox 3245 4572 3264 4611; x_wconf 91' lang='lat'><strong><em>:</em></strong></span> <span class='ocrx_word' id='word_1_911' title='bbox 3287 4564 3335 4610; x_wconf 87' lang='lat' dir='ltr'><strong>et</strong></span> <span class='ocrx_word' id='word_1_912' title='bbox 3370 4555 3598 4610; x_wconf 84' lang='lat' dir='ltr'><strong>substan-</strong></span> 
     </span>
    </p>
   </div>
   <div class='ocr_carea' id='block_1_107' title="bbox 2031 4646 3598 4720">
    <p class='ocr_par' dir='ltr' id='par_1_107' title="bbox 2031 4646 3598 4720">
     <span class='ocr_line' id='line_1_107' title="bbox 2031 4646 3598 4720; baseline -0.002 -15"><span class='ocrx_word' id='word_1_913' title='bbox 2031 4651 2101 4705; x_wconf 91' lang='lat' dir='ltr'><strong>tia</strong></span> <span class='ocrx_word' id='word_1_914' title='bbox 2119 4667 2228 4704; x_wconf 91' lang='lat' dir='ltr'><strong>mea</strong></span> <span class='ocrx_word' id='word_1_915' title='bbox 2254 4650 2307 4704; x_wconf 88' lang='lat' dir='ltr'><strong>in</strong></span> <span class='ocrx_word' id='word_1_916' title='bbox 2325 4648 2645 4720; x_wconf 77' lang='lat' dir='ltr'><strong>inferioribus</strong></span> <span class='ocrx_word' id='word_1_917' title='bbox 2673 4656 2839 4702; x_wconf 83' lang='lat' dir='ltr'><strong>teme.</strong></span> <span class='ocrx_word' id='word_1_918' title='bbox 2881 4646 3136 4717; x_wconf 92' lang='lat' dir='ltr'><strong>Loquitur</strong></span> <span class='ocrx_word' id='word_1_919' title='bbox 3161 4661 3346 4702; x_wconf 89' lang='lat' dir='ltr'><strong>rursus</strong></span> <span class='ocrx_word' id='word_1_920' title='bbox 3377 4647 3445 4703; x_wconf 89' lang='lat' dir='ltr'><strong>de</strong></span> <span class='ocrx_word' id='word_1_921' title='bbox 3483 4647 3598 4716; x_wconf 86' lang='lat' dir='ltr'><strong>ejus</strong></span> 
     </span>
    </p>
   </div>
   <div class='ocr_carea' id='block_1_108' title="bbox 2029 4737 3596 4813">
    <p class='ocr_par' dir='ltr' id='par_1_108' title="bbox 2029 4737 3596 4813">
     <span class='ocr_line' id='line_1_108' title="bbox 2029 4737 3596 4813; baseline -0.003 -17"><span class='ocrx_word' id='word_1_922' title='bbox 2029 4742 2352 4813; x_wconf 89' lang='lat' dir='ltr'><strong>cognitione,</strong></span> <span class='ocrx_word' id='word_1_923' title='bbox 2383 4749 2436 4795; x_wconf 92' lang='lat' dir='ltr'><strong>et</strong></span> <span class='ocrx_word' id='word_1_924' title='bbox 2480 4739 2712 4794; x_wconf 89' lang='lat' dir='ltr'><strong>ostendit</strong></span> <span class='ocrx_word' id='word_1_925' title='bbox 2753 4753 2874 4793; x_wconf 90' lang='lat' dir='ltr'><strong>eum</strong></span> <span class='ocrx_word' id='word_1_926' title='bbox 2906 4737 3023 4794; x_wconf 70' lang='lat' dir='ltr'><strong>hzec</strong></span> <span class='ocrx_word' id='word_1_927' title='bbox 3071 4738 3211 4793; x_wconf 91' lang='lat' dir='ltr'><strong>scire</strong></span> <span class='ocrx_word' id='word_1_928' title='bbox 3248 4737 3445 4792; x_wconf 90' lang='lat' dir='ltr'><strong>omnia.</strong></span> <span class='ocrx_word' id='word_1_929' title='bbox 3505 4737 3596 4791; x_wconf 81' lang='lat' dir='ltr'><strong>Vel</strong></span> 
     </span>
    </p>
   </div>
   <div class='ocr_carea' id='block_1_109' title="bbox 2030 4826 3597 4902">
    <p class='ocr_par' dir='ltr' id='par_1_109' title="bbox 2030 4826 3597 4902">
     <span class='ocr_line' id='line_1_109' title="bbox 2030 4826 3597 4902; baseline -0.004 -16"><span class='ocrx_word' id='word_1_930' title='bbox 2030 4847 2158 4902; x_wconf 89' lang='lat' dir='ltr'><strong>ergo</strong></span> <span class='ocrx_word' id='word_1_931' title='bbox 2203 4831 2332 4886; x_wconf 89' lang='lat' dir='ltr'><strong>dicit</strong></span> <span class='ocrx_word' id='word_1_932' title='bbox 2360 4845 2480 4886; x_wconf 89' lang='lat' dir='ltr'><strong>eum</strong></span> <span class='ocrx_word' id='word_1_933' title='bbox 2505 4831 2682 4884; x_wconf 88' lang='lat' dir='ltr'><strong>omnia</strong></span> <span class='ocrx_word' id='word_1_934' title='bbox 2713 4843 2872 4884; x_wconf 90' lang='lat' dir='ltr'><strong>nosse</strong></span> <span class='ocrx_word' id='word_1_935' title='bbox 2889 4843 3103 4896; x_wconf 89' lang='lat' dir='ltr'><strong>arcana,</strong></span> <span class='ocrx_word' id='word_1_936' title='bbox 3129 4828 3208 4883; x_wconf 93' lang='lat' dir='ltr'><strong>vel</strong></span> <span class='ocrx_word' id='word_1_937' title='bbox 3233 4827 3428 4898; x_wconf 91' lang='lat' dir='ltr'><strong>aliquid</strong></span> <span class='ocrx_word' id='word_1_938' title='bbox 3455 4826 3597 4882; x_wconf 87' lang='lat' dir='ltr'><strong>aliud</strong></span> 
     </span>
    </p>
   </div>
   <div class='ocr_carea' id='block_1_110' title="bbox 2032 4917 3598 4994">
    <p class='ocr_par' dir='ltr' id='par_1_110' title="bbox 2032 4917 3598 4994">
     <span class='ocr_line' id='line_1_110' title="bbox 2032 4917 3598 4994; baseline -0.003 -16"><span class='ocrx_word' id='word_1_939' title='bbox 2032 4922 2543 4994; x_wconf 82' lang='lat' dir='ltr'><strong>signiﬁcat,nempe</strong></span> <span class='ocrx_word' id='word_1_940' title='bbox 2593 4920 2966 4976; x_wconf 90' lang='lat' dir='ltr'><strong>formationem</strong></span> <span class='ocrx_word' id='word_1_941' title='bbox 3017 4929 3071 4974; x_wconf 92' lang='lat' dir='ltr'><strong>et</strong></span> <span class='ocrx_word' id='word_1_942' title='bbox 3123 4918 3488 4976; x_wconf 89' lang='lat' dir='ltr'><strong>creationem:</strong></span> <span class='ocrx_word' id='word_1_943' title='bbox 3521 4917 3598 4973; x_wconf 89' lang='lat' dir='ltr'><strong>Ne</strong></span> 
     </span>
    </p>
   </div>
   <div class='ocr_carea' id='block_1_111' title="bbox 2031 5010 3598 5086">
    <p class='ocr_par' dir='ltr' id='par_1_111' title="bbox 2031 5010 3598 5086">
     <span class='ocr_line' id='line_1_111' title="bbox 2031 5010 3598 5086; baseline -0.005 -14"><span class='ocrx_word' id='word_1_944' title='bbox 2031 5032 2153 5072; x_wconf 93' lang='lat' dir='ltr'><strong>cum</strong></span> <span class='ocrx_word' id='word_1_945' title='bbox 2197 5015 2425 5086; x_wconf 85' lang='lat' dir='ltr'><strong>fingerer</strong></span> <span class='ocrx_word' id='word_1_946' title='bbox 2449 5013 2680 5084; x_wconf 87' lang='lat' dir='ltr'><strong>quidem,</strong></span> <span class='ocrx_word' id='word_1_947' title='bbox 2712 5027 2799 5068; x_wconf 91' lang='lat' dir='ltr'><strong>me</strong></span> <span class='ocrx_word' id='word_1_948' title='bbox 2827 5011 3115 5081; x_wconf 83' lang='lat' dir='ltr'><strong>ignorasti,</strong></span> <span class='ocrx_word' id='word_1_949' title='bbox 3145 5010 3239 5066; x_wconf 90' lang='lat' dir='ltr'><strong>sed</strong></span> <span class='ocrx_word' id='word_1_950' title='bbox 3261 5010 3438 5065; x_wconf 88' lang='lat' dir='ltr'><strong>omnia</strong></span> <span class='ocrx_word' id='word_1_951' title='bbox 3463 5011 3598 5065; x_wconf 83' lang='lat' dir='ltr'><strong>scie-</strong></span> 
     </span>
    </p>
   </div>
   <div class='ocr_carea' id='block_1_112' title="bbox 2032 5101 3597 5175">
    <p class='ocr_par' dir='ltr' id='par_1_112' title="bbox 2032 5101 3597 5175">
     <span class='ocr_line' id='line_1_112' title="bbox 2032 5101 3597 5175; baseline -0.004 -13"><span class='ocrx_word' id='word_1_952' title='bbox 2032 5108 2149 5174; x_wconf 91' lang='lat' dir='ltr'><strong>bas,</strong></span> <span class='ocrx_word' id='word_1_953' title='bbox 2176 5121 2298 5162; x_wconf 91' lang='lat' dir='ltr'><strong>cum</strong></span> <span class='ocrx_word' id='word_1_954' title='bbox 2324 5105 2438 5160; x_wconf 59' lang='lat' dir='ltr'><strong>haec</strong></span> <span class='ocrx_word' id='word_1_955' title='bbox 2457 5103 2708 5175; x_wconf 90' lang='lat' dir='ltr'><strong>paulatim</strong></span> <span class='ocrx_word' id='word_1_956' title='bbox 2739 5111 2928 5157; x_wconf 88' lang='lat' dir='ltr'><strong>natura</strong></span> <span class='ocrx_word' id='word_1_957' title='bbox 2950 5109 3276 5166; x_wconf 89' lang='lat' dir='ltr'><strong>contexeret,</strong></span> <span class='ocrx_word' id='word_1_958' title='bbox 3309 5101 3514 5156; x_wconf 89' lang='lat' dir='ltr'><strong>tametsi</strong></span> <span class='ocrx_word' id='word_1_959' title='bbox 3545 5103 3597 5156; x_wconf 89' lang='lat' dir='ltr'><strong>in</strong></span> 
     </span>
    </p>
   </div>
   <div class='ocr_carea' id='block_1_113' title="bbox 2031 5192 3599 5266">
    <p class='ocr_par' dir='ltr' id='par_1_113' title="bbox 2031 5192 3599 5266">
     <span class='ocr_line' id='line_1_113' title="bbox 2031 5192 3599 5266; baseline -0.006 -13"><span class='ocrx_word' id='word_1_960' title='bbox 2031 5213 2228 5254; x_wconf 90' lang='lat' dir='ltr'><strong>arcano</strong></span> <span class='ocrx_word' id='word_1_961' title='bbox 2250 5207 2580 5266; x_wconf 89' lang='lat' dir='ltr'><strong>operaretur,</strong></span> <span class='ocrx_word' id='word_1_962' title='bbox 2608 5203 2663 5250; x_wconf 89' lang='lat' dir='ltr'><strong>et</strong></span> <span class='ocrx_word' id='word_1_963' title='bbox 2690 5203 2955 5264; x_wconf 89' lang='lat' dir='ltr'><strong>tamquam</strong></span> <span class='ocrx_word' id='word_1_964' title='bbox 2985 5194 3036 5248; x_wconf 92' lang='lat' dir='ltr'><strong>in</strong></span> <span class='ocrx_word' id='word_1_965' title='bbox 3077 5192 3269 5248; x_wconf 82' lang='lat' dir='ltr'><strong>inlimis</strong></span> <span class='ocrx_word' id='word_1_966' title='bbox 3305 5203 3457 5248; x_wconf 68' lang='lat' dir='ltr'><strong>terra:</strong></span> <span class='ocrx_word' id='word_1_967' title='bbox 3479 5208 3599 5262; x_wconf 83' lang='lat' dir='ltr'><strong>par-</strong></span> 
     </span>
    </p>
   </div>
   <div class='ocr_carea' id='block_1_114' title="bbox 2033 5284 3596 5356">
    <p class='ocr_par' dir='ltr' id='par_1_114' title="bbox 2033 5284 3596 5356">
     <span class='ocr_line' id='line_1_114' title="bbox 2033 5284 3596 5356; baseline -0.006 -9"><span class='ocrx_word' id='word_1_968' title='bbox 2033 5294 2172 5347; x_wconf 90' lang='lat' dir='ltr'><strong>tibus</strong></span> <span class='ocrx_word' id='word_1_969' title='bbox 2199 5308 2213 5345; x_wconf 93' lang='lat'><strong>:</strong></span> <span class='ocrx_word' id='word_1_970' title='bbox 2239 5299 2362 5344; x_wconf 87' lang='lat' dir='ltr'><strong>sunt</strong></span> <span class='ocrx_word' id='word_1_971' title='bbox 2383 5299 2555 5344; x_wconf 90' lang='lat' dir='ltr'><strong>tamen</strong></span> <span class='ocrx_word' id='word_1_972' title='bbox 2589 5288 2702 5354; x_wconf 91' lang='lat' dir='ltr'><strong>tibi,</strong></span> <span class='ocrx_word' id='word_1_973' title='bbox 2730 5287 2918 5356; x_wconf 89' lang='lat' dir='ltr'><strong>inquit,</strong></span> <span class='ocrx_word' id='word_1_974' title='bbox 2949 5286 3121 5341; x_wconf 84' lang='lat' dir='ltr'><strong>omnia</strong></span> <span class='ocrx_word' id='word_1_975' title='bbox 3153 5284 3289 5339; x_wconf 90' lang='lat' dir='ltr'><strong>nuda</strong></span> <span class='ocrx_word' id='word_1_976' title='bbox 3314 5294 3370 5340; x_wconf 85' lang='lat' dir='ltr'><strong>et</strong></span> <span class='ocrx_word' id='word_1_977' title='bbox 3392 5295 3596 5354; x_wconf 85' lang='lat' dir='ltr'><strong>aperta.</strong></span> 
     </span>
    </p>
   </div>
   <div class='ocr_carea' id='block_1_115' title="bbox 2031 5373 3598 5448">
    <p class='ocr_par' dir='ltr' id='par_1_115' title="bbox 2031 5373 3598 5448">
     <span class='ocr_line' id='line_1_115' title="bbox 2031 5373 3598 5448; baseline -0.006 -11"><span class='ocrx_word' id='word_1_978' title='bbox 2031 5383 2180 5437; x_wconf 88' lang='lat' dir='ltr'><strong>Alius</strong></span> <span class='ocrx_word' id='word_1_979' title='bbox 2203 5390 2378 5435; x_wconf 91' lang='lat' dir='ltr'><strong>autem</strong></span> <span class='ocrx_word' id='word_1_980' title='bbox 2410 5380 2674 5448; x_wconf 87' lang='lat' dir='ltr'><strong>interpres</strong></span> <span class='ocrx_word' id='word_1_981' title='bbox 2711 5378 2789 5432; x_wconf 91' lang='lat' dir='ltr'><strong>sic</strong></span> <span class='ocrx_word' id='word_1_982' title='bbox 2821 5377 2961 5430; x_wconf 90' lang='lat' dir='ltr'><strong>dixit</strong></span> <span class='ocrx_word' id='word_1_983' title='bbox 2987 5393 3000 5428; x_wconf 89' lang='lat'><strong>:</strong></span> <span class='ocrx_word' id='word_1_984' title='bbox 3036 5375 3152 5428; x_wconf 85' lang='lat' dir='ltr'><strong>Non</strong></span> <span class='ocrx_word' id='word_1_985' title='bbox 3174 5373 3334 5428; x_wconf 77' lang='lat' dir='ltr'><strong>uelata</strong></span> <span class='ocrx_word' id='word_1_986' title='bbox 3351 5384 3515 5429; x_wconf 87' lang='lat' dir='ltr'><strong>sunto</strong></span> <span class='ocrx_word' id='word_1_987' title='bbox 3539 5390 3598 5428; x_wconf 83' lang='lat' dir='ltr'><strong>sa</strong></span> 
     </span>
    </p>
   </div>
   <div class='ocr_carea' id='block_1_116' title="bbox 2032 5464 3597 5541">
    <p class='ocr_par' dir='ltr' id='par_1_116' title="bbox 2032 5464 3597 5541">
     <span class='ocr_line' id='line_1_116' title="bbox 2032 5464 3597 5541; baseline -0.005 -15"><span class='ocrx_word' id='word_1_988' title='bbox 2032 5489 2142 5526; x_wconf 88' lang='lat' dir='ltr'><strong>mea</strong></span> <span class='ocrx_word' id='word_1_989' title='bbox 2163 5488 2197 5526; x_wconf 93' lang='lat' dir='ltr'><strong>a</strong></span> <span class='ocrx_word' id='word_1_990' title='bbox 2223 5480 2290 5538; x_wconf 92' lang='lat' dir='ltr'><strong>te,</strong></span> <span class='ocrx_word' id='word_1_991' title='bbox 2317 5469 2494 5541; x_wconf 84' lang='lat' dir='ltr'><strong>quibus</strong></span> <span class='ocrx_word' id='word_1_992' title='bbox 2517 5471 2680 5540; x_wconf 79' lang='lat' dir='ltr'><strong>factus</strong></span> <span class='ocrx_word' id='word_1_993' title='bbox 2709 5483 2820 5522; x_wconf 86' lang='lat' dir='ltr'><strong>sum</strong></span> <span class='ocrx_word' id='word_1_994' title='bbox 2842 5467 2895 5521; x_wconf 90' lang='lat' dir='ltr'><strong>in</strong></span> <span class='ocrx_word' id='word_1_995' title='bbox 2914 5465 3107 5520; x_wconf 91' lang='lat' dir='ltr'><strong>occulto</strong></span> <span class='ocrx_word' id='word_1_996' title='bbox 3137 5464 3235 5537; x_wconf 91' lang='lat' dir='ltr'><strong>(a).</strong></span> <span class='ocrx_word' id='word_1_997' title='bbox 3252 5466 3403 5520; x_wconf 86' lang='lat' dir='ltr'><strong>Alius</strong></span> <span class='ocrx_word' id='word_1_998' title='bbox 3423 5505 3440 5532; x_wconf 95' lang='lat'><strong>,</strong></span> <span class='ocrx_word' id='word_1_999' title='bbox 3474 5464 3523 5518; x_wconf 86' lang='grc' dir='ltr'><em>Ν</em></span> <span class='ocrx_word' id='word_1_1000' title='bbox 3530 5480 3597 5518; x_wconf 84' lang='grc' dir='ltr'><strong>οη</strong></span> 
     </span>
    </p>
   </div>
   <div class='ocr_carea' id='block_1_117' title="bbox 2095 5638 3600 5710">
    <p class='ocr_par' dir='ltr' id='par_1_117' title="bbox 2095 5638 3600 5710">
     <span class='ocr_line' id='line_1_117' title="bbox 2095 5638 3600 5710; baseline -0.006 -12"><span class='ocrx_word' id='word_1_1001' title='bbox 2095 5649 2167 5710; x_wconf 82' lang='grc' dir='ltr'><strong>(α)</strong></span> <span class='ocrx_word' id='word_1_1002' title='bbox 2198 5654 2310 5696; x_wconf 74' lang='lat' dir='ltr'><strong>l—ttec</strong></span> <span class='ocrx_word' id='word_1_1003' title='bbox 2331 5647 2460 5710; x_wconf 82' lang='lat' dir='ltr'><strong>prior</strong></span> <span class='ocrx_word' id='word_1_1004' title='bbox 2482 5645 2817 5710; x_wconf 74' lang='lat' dir='ltr'><strong>interpretatio</strong></span> <span class='ocrx_word' id='word_1_1005' title='bbox 2853 5649 2932 5710; x_wconf 68' lang='lat' dir='ltr'><strong>est</strong></span> <span class='ocrx_word' id='word_1_1006' title='bbox 2949 5643 3086 5703; x_wconf 85' lang='lat' dir='ltr'><strong>juxta</strong></span> <span class='ocrx_word' id='word_1_1007' title='bbox 3126 5638 3600 5710; x_wconf 75' lang='lat' dir='ltr'><strong>Aquilam,_sect_tnda</strong></span> 
     </span>
    </p>
   </div>
   <div class='ocr_carea' id='block_1_118' title="bbox 2026 5697 3601 5774">
    <p class='ocr_par' dir='ltr' id='par_1_118' title="bbox 2026 5697 3601 5774">
     <span class='ocr_line' id='line_1_118' title="bbox 2026 5697 3601 5774; baseline -0.008 -16"><span class='ocrx_word' id='word_1_1008' title='bbox 2026 5697 2529 5774; x_wconf 66' lang='lat' dir='ltr'><strong>jttxta_sytnm&#39;:ichum,</strong></span> <span class='ocrx_word' id='word_1_1009' title='bbox 2555 5697 2705 5774; x_wconf 61' lang='lat' dir='ltr'><strong>teitia</strong></span> <span class='ocrx_word' id='word_1_1010' title='bbox 2727 5697 2881 5774; x_wconf 88' lang='lat' dir='ltr'><strong>juxta&#39;_</strong></span> <span class='ocrx_word' id='word_1_1011' title='bbox 2907 5697 3162 5774; x_wconf 61' lang='lat' dir='ltr'><strong>uicerunt}:</strong></span> <span class='ocrx_word' id='word_1_1012' title='bbox 3185 5697 3246 5774; x_wconf 69' lang='lat' dir='ltr'><strong>&#39;t_n</strong></span> <span class='ocrx_word' id='word_1_1013' title='bbox 3268 5697 3601 5774; x_wconf 43' lang='lat' dir='ltr'><strong>his&#39;leetioni-</strong></span> 
     </span>
    </p>
   </div>
   <div class='ocr_carea' id='block_1_119' title="bbox 2033 5758 3599 5883">
    <p class='ocr_par' dir='ltr' id='par_1_119' title="bbox 2033 5758 3599 5883">
     <span class='ocr_line' id='line_1_119' title="bbox 2033 5758 3599 5882; baseline -0.006 -61"><span class='ocrx_word' id='word_1_1014' title='bbox 2033 5758 2126 5882; x_wconf 59' lang='lat' dir='ltr'><strong>llius</strong></span> <span class='ocrx_word' id='word_1_1015' title='bbox 2147 5758 2324 5882; x_wconf 50' lang='grc' dir='ltr'><strong>ἷξῇυἱιι</strong></span> <span class='ocrx_word' id='word_1_1016' title='bbox 2347 5758 2643 5822; x_wconf 82' lang='lat' dir='ltr'><strong>diversitatis</strong></span> <span class='ocrx_word' id='word_1_1017' title='bbox 2663 5758 2950 5819; x_wconf 63' lang='lat' dir='ltr'><strong>observatur</strong></span> <span class='ocrx_word' id='word_1_1018' title='bbox 2974 5767 3020 5815; x_wconf 87' lang='lat' dir='ltr'><strong>in</strong></span> <span class='ocrx_word' id='word_1_1019' title='bbox 3038 5762 3178 5815; x_wconf 76' lang='lat' dir='ltr'><strong>savii.</strong></span> <span class='ocrx_word' id='word_1_1020' title='bbox 3202 5762 3294 5814; x_wconf 82' lang='lat' dir='ltr'><strong>sed</strong></span> <span class='ocrx_word' id='word_1_1021' title='bbox 3309 5758 3472 5812; x_wconf 74' lang='lat' dir='ltr'><strong>Iorel.</strong></span> <span class='ocrx_word' id='word_1_1022' title='bbox 3497 5773 3599 5811; x_wconf 80' lang='lat' dir='ltr'><strong>me-</strong></span> 
     </span>
     <span class='ocr_line' id='line_1_120' title="bbox 2055 5845 2314 5883; baseline -0.008 -1"><span class='ocrx_word' id='word_1_1023' title='bbox 2055 5845 2130 5882; x_wconf 80' lang='lat' dir='ltr'><strong>nts</strong></span> <span class='ocrx_word' id='word_1_1024' title='bbox 2247 5845 2274 5883; x_wconf 90' lang='lat' dir='ltr'><strong>e</strong></span> <span class='ocrx_word' id='word_1_1025' title='bbox 2301 5866 2314 5880; x_wconf 95' lang='lat'><strong>.</strong></span> 
     </span>
    </p>
   </div>
  </div>
