4070 6340
430 378 538 434 M5

432 485 575 551 εἶδες
603 488 697 542 καὶ
735 488 964 560 κάμινον
992 489 1399 563 ἀναπτομένην,
1426 495 1520 546 καὶ
1552 493 1743 566 δρόσον
1771 493 2014 565 διασυρί-

435 573 657 638 ζουσαν,
691 573 786 626 καὶ
814 572 938 627 οὔτε
977 574 1194 644 ἐκείνην
1225 574 1614 649 σϐεννυμένην,
1645 576 1770 632 οὔτε
1807 576 2013 647 ταύτην

436 658 854 730 ξηραινομένην,
886 660 981 712 καὶ
1011 659 1254 730 χάλαζαν
1295 661 1388 714 καὶ
1419 661 1592 730 φλόγα
1631 662 1765 733 ὁμοῦ
1791 680 1808 730 ;
1844 660 2015 716 Πόθεν

433 744 527 800 οὖν
553 747 714 800 τοῦτο
739 747 965 816 γέγονεν
986 765 1000 810 ;
1024 749 1146 801 εἰπέ
1178 765 1288 820 μοι.
1321 749 1446 813 Πῶς
1477 749 1531 802 δέ
1562 749 1798 820 ἐγένετο,
1832 747 2016 820 βούλο-

437 848 536 900 μαι
587 831 799 901 μαθεῖν.
851 830 1064 885 Μᾶλλον
1113 831 1169 884 δέ
1214 831 1335 885 ούδέ
1381 832 1567 906 μαθεῖν
1617 832 1874 904 βούλομαι
1919 831 2012 885 τὸν

433 916 664 984 τρόπον·
699 915 822 968 οὒδέ
855 915 964 986 γὰρ
991 915 1212 968 δυνατόν
1232 933 1247 949 ο
1274 917 1514 970 πιστεύω
1561 917 1618 971 δὲ
1659 915 1737 987 τῷ
1782 933 2014 986 γεγενη·

437 997 605 1068 μένῳ,
626 997 720 1050 καί
741 997 1033 1069 προσκυνῶ
1059 999 1150 1052 τὸν
1175 1001 1497 1070 ποιήσαντα.
1519 999 1596 1054 Τὰ
1622 999 1733 1069 τὰρ
1759 999 2014 1053 πλείονα

436 1079 555 1131 τῶν
589 1080 778 1150 ἔργων
809 1081 997 1136 αὺτοῦ
1033 1081 1104 1135 ἐν
1133 1083 1522 1152 ἀποκρύφοις.
1563 1084 1677 1136 Ούκ
1726 1079 1886 1149 εἶδες,
1930 1083 2012 1136 ὅτι

434 1162 650 1234 ἡμέρας
675 1163 842 1235 οὔσης
880 1165 1190 1236 ἐψηλάφουν
1214 1167 1262 1218 οἰ
1285 1166 1572 1234 Αἰγύπτιοι
1605 1167 1682 1229 ώς
1712 1168 1770 1220 ἐν
1807 1166 2010 1234 σκότει,

436 1248 530 1300 καὶ
556 1248 780 1312 σκότους
806 1248 987 1302 πάντα
1007 1248 1328 1319 κατέχοντος
1356 1250 1546 1320 ἐώρων
1578 1251 1628 1302 οί
1653 1250 2009 1322 Ἰσραηλῖται,

435 1331 529 1384 καὶ
572 1333 722 1403 παρὰ
765 1333 867 1404 τὴν
908 1332 1082 1404 ἀρχὴν
1122 1332 1283 1387 πάλιν
1331 1333 1559 1398 σκότους
1598 1333 1752 1398 ὖντος
1800 1333 1862 1386 τὸ
1895 1333 2012 1402 φῶς

435 1415 676 1486 ἔλαμψεν
721 1417 778 1468 ἐν
813 1416 893 1488 τῷ
933 1417 1120 1487 μέσως
1166 1417 1446 1487 Πανταχοῦ
1469 1419 1579 1488 γάρ
1607 1418 1704 1488 τῆς
1735 1417 1844 1472 τῶν
1878 1435 2012 1490 πρα-

434 1499 659 1568 τμάτων
689 1500 904 1568 φύσεως
945 1499 1150 1571 Κύριος
1181 1503 1210 1554 ὁ
1243 1503 1505 1573 ποιήσας,
1537 1501 1634 1572 οὐχ
1661 1501 1803 1555 ὥστε
1833 1520 2013 1574 παρα-

435 1585 626 1649 γαγεῖν
671 1584 772 1636 ούκ
821 1583 971 1648 ὄντα,
1020 1583 1133 1636 ἀλλ’
1173 1583 1317 1636 ὥστε
1362 1585 1595 1654 μένοντα
1647 1585 1702 1638 ἐν
1739 1589 1805 1657 τῇ
1853 1589 2013 1654 φύσει

435 1665 639 1736 ἑτέρως
665 1667 1106 1736 παρασκευάζειν
1135 1667 1276 1721 αύτά
1299 1667 1760 1723 δείκνυσθαι.”οτι
1789 1672 2014 1736 σκότος

434 1751 507 1802 οὐ
552 1750 1020 1818 σκοτισθήσεται
1051 1751 1169 1806 ἀπὸ
1205 1751 1346 1805 σοῦ.
1383 1751 1630 1824 Ἕτερος,
1678 1754 1844 1823 Παρὰ
1889 1755 2012 1810 σοί.

434 1831 546 1887 Καὶ
573 1833 689 1897 νὺξ
713 1835 793 1899 ὡς
832 1834 1025 1904 ἡμέρα
1052 1835 1517 1905 φωτισθήσεται.
1547 1837 1794 1908 Ἕτερος,
1837 1839 2016 1892 Ἀλλὰ

435 1916 534 1969 καὶ
565 1916 682 1981 νὺξ
701 1930 725 1957 α
754 1919 835 1983 ὡς
875 1918 1065 1988 ἡμέρα
1099 1919 1293 1988 φανεῖ.
1331 1921 1425 1986 Ὡς
1454 1921 1520 1974 τὸ
1555 1924 1773 1987 σκότος
1804 1921 2012 1990 αὐτῆς,

433 1999 588 2052 οὕτω
615 2002 712 2053 καὶ
736 2001 800 2054 τὸ
825 2001 950 2070 φῶς
969 2003 1682 2076 αὺτῆςῘΕτεροςπΟμοιον
1702 2007 1767 2059 τὸ
1794 2007 2017 2072 σκότος

435 2083 533 2136 καί
568 2085 633 2137 τὸ
667 2085 794 2153 φῶς
820 2085 1030 2155 αὐτῆς.
1064 2086 1264 2151 Καλῶς
1298 2083 1471 2154 εἶπεν,
1511 2089 1645 2142 Ἂπό
1687 2089 1826 2155 σοῦ,
1860 2107 2016 2142 τουτ-

434 2166 570 2231 έστι,
601 2168 758 2240 Παρά
787 2169 896 2222 σοί·
927 2169 1122 2241 δηλῶν,
1156 2171 1239 2225 ὃτι
1279 2172 1376 2224 Ἂν
1406 2171 1694 2242 βουληθῇς,
1733 2173 1794 2224 τὸ
1826 2173 2015 2239 σκότος

435 2250 534 2304 οὐκ
564 2251 715 2305 ἔσται
747 2253 960 2316 σκότος,
993 2253 1130 2307 ἀλλά
1171 2254 1241 2306 τά
1281 2254 1458 2324 φωτὸς
1500 2256 1890 2320 ἐπιδείξεταιδ.
1925 2259 2018 2311 Διὸ

435 2334 713 2406 ἐπήγαγε,
743 2336 853 2392 Καὶ
873 2337 990 2402 νὺξ
1020 2338 1102 2404 ὡς
1122 2337 1314 2407 ἡμέρα
1351 2340 1816 2408 φωτισθήσεται.
1849 2344 2016 2412 σαφέ-

438 2435 628 2492 στερον
682 2421 743 2475 τὸ
793 2423 1058 2495 πρότερον
1113 2423 1306 2486 ποιῶν,
1354 2426 1445 2478 καί
1503 2425 1774 2479 δείκνυσιν
1817 2428 1900 2480 ὅτι
1949 2428 2016 2481 τὰ

435 2505 648 2574 ⁴ἡμέρας
682 2505 1011 2573 ἐπιδείξεται
1050 2509 1082 2578 ἡ
1118 2509 1244 2574 νὺξ,
1275 2508 1349 2572 ώς
1377 2508 1448 2562 τά
1483 2508 1612 2564 ἴδια.
1646 2512 1815 2566 Ὅταν
1849 2514 1956 2584 γὰρ
1985 2516 2014 2567 ὁ

435 2588 568 2651 Θεὸς
627 2588 892 2660 βουληθῇ,
948 2591 1081 2659 πρὸς
1143 2592 1211 2644 τὰ
1260 2593 1482 2646 ἐναντία
1534 2593 1856 2664 μεθίσταται
1907 2596 2016 2650 τῶν

437 2671 717 2739 στοιχείων
743 2674 775 2743 η
805 2673 1073 2742 ἐνέργεια,
1103 2672 1276 2738 οὕτως
1306 2675 1456 2748 [414]
1494 2677 1739 2748 ἀκριϐῶς
1776 2681 1914 2751 πρὸς
1945 2680 2017 2734 τὰ

435 2754 656 2808 ἐναντία
679 2795 692 2819 ,
741 2758 816 2820 ὼς
852 2757 989 2826 πρὸς
1017 2758 1087 2811 τὰ
1132 2759 1307 2812 οἰκεῖα
1347 2761 1498 2832 παρά
1535 2763 1634 2833 τὴν
1677 2765 1852 2835 ἀρχὴν
1886 2783 2016 2835 συγ-

435 2836 754 2909 κεκλήρωτο
783 2850 831 2893 ο.
851 2842 975 2894 Ἐὰν
998 2843 1104 2914 γάρ
1137 2843 1201 2896 σὺ
1229 2841 1520 2915 βουληθῇς,
1543 2847 1764 2917 τοιαύτη
1797 2849 1948 2901 ἕσται

437 2922 570 2987 νὺξ,
629 2925 724 2976 καὶ
773 2924 946 2989 οὕτως
1001 2929 1114 2993 ἕξει
1169 2928 1230 2980 τὸ
1292 2929 1407 2997 φῶς
1470 2931 2013 3003 συγκεκληρωμένον,

436 3003 628 3076 ὥσπερ
665 3006 726 3060 τὸ
753 3009 958 3072 σκότος.
1007 3011 1100 3063 Διὸ
1148 3012 1241 3064 καὶ
1284 3013 1440 3065 τοῦτο
1473 3013 1666 3084 δηλῶν,
1700 3018 2012 3086 ἐπήγαγεν·

447 3087 544 3152 Ὠς
570 3089 638 3143 τὸ
673 3093 895 3158 σκότος
920 3092 1138 3162 αὐτῆς,
1186 3096 1338 3148 οὕτω
1386 3098 1484 3149 καὶ
1525 3097 1590 3150 τὸ
1633 3099 1759 3167 φῶς
1803 3099 2012 3168 αὐτῆς.

437 3171 624 3226 Ταῦτα
657 3176 872 3246 εἴρηται
908 3176 1008 3247 μὲν
1035 3178 1242 3248 κυρίως
1275 3181 1368 3234 ἐπὶ
1401 3180 1509 3234 τῶν
1534 3185 1833 3252 στοιχείων,
1853 3203 2018 3255 μετα-

439 3255 682 3324 φορικῶς
709 3257 766 3310 δέ
794 3259 888 3311 ἐπὶ
915 3259 1026 3313 τῶν
1053 3263 1416 3332 πραγμάτων.
1468 3264 1584 3334 Ἀφ’
1613 3260 1689 3320 ῶν
1720 3266 2014 3332 δείκνυται,

435 3339 522 3394 ὅτι
554 3341 776 3396 δύναται
807 3346 837 3397 ὁ
869 3345 1000 3408 Θεὸς
1031 3348 1088 3399 ἐν
1121 3349 1242 3410 ταῖς
1270 3347 1480 3418 θλίψεσι
1524 3351 1796 3422 τοσαύτην
1836 3353 2018 3407 ἄνεσιν

442 3425 671 3495 ποιῆσαι
718 3430 830 3490 τοῖς
882 3429 1271 3500 ἐμπίπτουσιν,
1322 3433 1455 3502 ὅσην
1489 3435 1554 3488 ἂν
1581 3437 1694 3499 τοῖς
1735 3439 1793 3490 ἐν
1837 3429 2019 3491 ἀνέσει

439 3503 561 3562 οὖσι
585 3550 600 3575 ,
636 3511 878 3583 προνοῶν
922 3512 1023 3583 τῆς
1070 3514 1322 3583 θλίψεως.
1360 3517 1432 3570 Τὸ
1473 3518 1581 3590 γὰρ
1611 3520 1674 3589 δὴ
1706 3521 2020 3590 θαυμαστὸν

443 3595 540 3648 καὶ
573 3596 877 3667 παράδοξον
907 3597 1100 3664 τοῦτο,
1149 3599 1285 3671 ὅπερ
1331 3600 1396 3671 δὴ
1439 3603 1531 3656 καὶ
1564 3605 1657 3656 ἐπὶ
1688 3603 1784 3658 τοῦ
1823 3605 2019 3677 Ἰωσὴφ

441 3679 681 3748 γέγονεν.
729 3681 805 3733 Ού
849 3681 957 3750 γάρ
997 3683 1268 3755 τοσαύτης
1313 3685 1621 3741 ἀπέλαυσεν
1670 3692 1877 3754 ἐκεῖνος
1928 3693 2021 3744 ἀν-

441 3762 611 3826 έσεως
653 3763 746 3817 καὶ
793 3767 956 3837 τιμῆς
1009 3767 1107 3838 τὴν
1145 3769 1404 3840 πατρῴαν
1442 3773 1617 3826 οἰκίαν
1653 3774 1839 3838 οἰκῶν,
1889 3778 2022 3848 ὅσην

441 3845 694 3930 πραθεὶς,
731 3850 824 3901 καὶ
863 3850 922 3902 ἐν
965 3849 1277 3924 βαρϐαρικῇ
1320 3856 1654 3926 τρεφόμενος
1699 3861 1869 3930 οἰκίᾳ.
1911 3845 2021 3914 καὶ

441 3927 510 3980 δι’
540 3930 720 3982 αὐτῶν
747 3931 856 3986 τῶν
883 3932 1188 3988 ἐπιϐούλων
1215 3936 1366 4006 αὐτῷ
1390 3938 1450 3991 τὸ
1477 3939 1711 4011 διάδημα
1745 3927 2018 4011 ὑφαίνετο,

442 4011 536 4097 καὶ
570 4014 602 4083 η
643 4013 901 4086 ἁλουργὶς
933 4019 1368 4085 κατεσκευάζετο
1390 4060 1404 4085 ,
1455 4024 1548 4076 καὶ
1592 4026 1624 4094 ή
1668 4025 1765 4095 τῆς
1799 4028 2022 4097 ἀτιμίας

389 4153 398 4164 ,
442 4093 701 4182 ὑπόθεσις
739 4097 883 4182 αύτη
931 4099 1102 4171 τιμῆς
1139 4101 1289 4171 αύτῷ
1337 4104 1434 4156 καὶ
1478 4093 1755 4174 βασιλείας
1801 4093 2023 4182 ἀφορμὴ

440 4178 681 4248 γέγονεν.
733 4177 888 4245 Εἶδες
939 4183 1058 4246 πῶς
1102 4184 1594 4257 ἠρμηνεύσαμενά,
1641 4191 1720 4243 ὅτι
1772 4195 1900 4256 Νὺξ
1913 4177 2024 4260 -ὧς

442 4263 634 4332 ’ἡμέρα
664 4266 1144 4333 φωτισθήσεταις
1199 4268 1341 4338 Πρὸς
1373 4269 1430 4322 δὲ
1461 4271 1541 4338 τὸ,
1588 4275 1683 4339 Ὡς
1707 4274 1774 4328 τὸ
1804 4281 2024 4344 σκότος

441 4347 634 4417 αὐτῆς
653 4389 670 4414 ,
694 4349 848 4403 οὕτω
895 4351 996 4405 καὶ
1025 4350 1092 4405 τὸ
1119 4351 1246 4420 φῶς
1275 4351 1489 4422 αὐτῆς,
1514 4355 1678 4410 πάλιν
1712 4359 1926 4430 ἀνάγκη
1965 4363 2024 4414 τὸ

441 4433 577 4487 αὐτὸ
606 4435 817 4487 εἰπεῖν’
853 4434 1045 4507 ῶσπερ
1089 4436 1294 4502 ἐκεῖνο,
1339 4437 1482 4490 οὕτω
1529 4441 1811 4495 καὶτοῦτο
1851 4445 2024 4514 αὐτῆς

442 4517 632 4586 ἔσται,
660 4519 721 4571 ού
762 4520 1070 4591 φαντασίᾳ,
1099 4519 1236 4574 ἀλλά
1268 4519 1362 4574 σοῦ
1392 4521 1490 4575 τοῦ
1536 4524 1744 4595 Κυρίου
1773 4527 1881 4580 τῶν
1923 4529 2024 4596 φύ-

444 4618 584 4654 σεων
616 4601 685 4654 τά
727 4603 1034 4674 πράγματα
1079 4603 1481 4674 μετατιθέντος.
1516 4607 1637 4661 Ὅτι
1671 4609 1753 4663 σὺ
1786 4612 2024 4680 ἐκτήσω

441 4685 587 4749 τοὺς
638 4687 898 4756 νεφρούς
949 4704 1091 4756 μου,
1141 4689 1358 4755 Κύριε’
1420 4689 1754 4746 ιίντελὰϐου
1790 4711 1912 4761 μου
1957 4695 2025 4748 ἐκ

443 4771 702 4840 γαστρὸς
718 4773 944 4840 μητρός
964 4791 1105 4841 μου.
1123 4773 1233 4825 Καὶ
1254 4773 1382 4826 ποία
1407 4772 1549 4845 αὕτη
1569 4774 1860 4832 ἀκολουθία
1886 4778 2024 4850 πρὸς

441 4854 511 4907 τά
539 4857 838 4926 εἰρημένας
864 4855 1040 4928 Πολλὴ
1071 4857 1171 4927 μὲν
1199 4852 1292 4910 οὗν
1317 4857 1413 4909 καὶ
1447 4857 1650 4928 σφόδρα
1674 4863 2020 4932 συνημμένη.

455 4937 674 5009 Ἐπειδὴ
721 4937 830 5010 γάρ
881 4934 1002 4992 εἷπε
1053 4939 1182 5011 περὶ
1231 4939 1335 5010 τῆς
1384 4940 1668 5012 δυνάμεως
1711 4943 1878 4996 αὑτοῦ
1925 4945 2025 5015 τῆς

441 5025 734 5094 τοσαύτης,
771 5023 1011 5079 δείκνυσι
1035 5023 1241 5092 λοιπὸν,
1265 5026 1347 5078 ὅτι
1375 5027 1443 5095 τῇ
1475 5025 1703 5096 δυνάμει
1740 5027 1912 5100 ταύτῃ
1942 5033 2023 5094 εἰς

441 5104 504 5162 τὸ
537 5109 648 5170 τοῖς
695 5107 1004 5177 ἀνθρώποις
1031 5108 1307 5181 χρήσιμον
1333 5107 1602 5180 κέχρηται
1629 5110 1725 5164 καὶ
1756 5111 1893 5182 πρὸς
1910 5112 2024 5184 ’τὴν

443 5190 784 5260 εὐεργεσίαν.
1577 5205 1580 5210 ·

519 5273 637 5326 Ἵνα
674 5273 784 5344 γάρ
821 5274 896 5345 μή
925 5291 1008 5338 τις
1036 5274 1173 5348 λέγῃ
1196 5275 1306 5329 τῶν
1331 5275 1599 5347 ἀνοήτων,
1627 5277 1739 5332 Καὶ
1767 5277 1822 5331 τί
1849 5279 2022 5335 ταῦτα

443 5355 583 5428 πρὸς
611 5357 733 5427 ἐμὲ,
756 5359 806 5410 εἰ
839 5358 1034 5428 μέγας,
1069 5360 1164 5410 καὶ
1189 5357 1434 5426 δυνατὸς,
1461 5359 1556 5414 καὶ
1579 5364 2022 5432 προγνωστικός;

511 5452 538 5480 ⁸
565 5449 676 5499 Haec
696 5451 1060 5514 interpretatio,
1106 5451 1229 5500 ἀλλὰ
1257 5454 1339 5500 καὶ
1358 5453 1456 5513 νύξ,
1481 5459 1600 5513 etc.,
1628 5458 1706 5502 est
1727 5454 2020 5514 Symmachi.

446 5511 617 5582 _I.e_cti0
649 5511 885 5582 aequitatis,
922 5513 1090 5582 ᾗμοιον
1130 5515 1186 5561 τὸ
1221 5516 1393 5570 σκότος
1438 5511 1519 5564 καὶ
1540 5511 1596 5563 τὸ
1625 5517 1724 5578 φῶς
1741 5511 1900 5582 αὐτῆς,
1925 5533 2025 5569 non

443 5573 656 5636 habetur
673 5573 1000 5636 iu’Hexapli’s.

507 5641 536 5676 ὑ
565 5634 674 5683 Sav.
702 5636 824 5683 ἀλλά
845 5634 903 5683 rb
926 5637 1024 5698 φῶς
1044 5637 1339 5686 ἐπιδείξεται.

510 5698 674 5770 cﬁav.
707 5698 824 5770 πρὸς
866 5698 928 5744 τὰ
953 5698 1152 5770 ἐναντία,
1184 5701 1484 5770 ,ὡς-πρὸς,ῖά
1511 5702 1682 5769 οἰκεῖα,
1707 5706 1771 5763 ὡς
1790 5705 2019 5770 παρὰ.....

447 5759 818 5823 κεκλήρωτο,οί
835 5772 946 5806 mox
964 5759 1158 5818 τοιαύτη
1178 5759 1347 5820 ἑο·τίνή
1371 5764 1468 5818 νύξ.

511 5822 542 5864 d
559 5822 669 5873 δαν.
687 5822 993 5886 ἡρμήνευσεν.
1013 5823 1153 5874 Alius
1179 5825 1492 5886 ἑρμηνεύεται.

1428 371 1794 438 ΕΧΡΟΞῙΤΙΟ
1833 381 1901 435 IN
1930 375 2261 434 PSALSIUM
2300 379 2630 438 CXXXVIII.

3599 377 3695 436 {I6

2117 491 2290 558 δεῖξον
2310 495 2364 548 ετ
2394 511 2445 547 τι
2485 495 2843 568 κερδαίνομεν
2875 495 3152 551 ἐντεῦθεν·
3191 494 3438 566 ἐπήγαγε
3471 491 3553 560 τὺ,
3579 495 3699 548 Ὅτι

2117 574 2201 628 σὺ
2242 576 2480 645 ἐκτήσω
2526 579 2668 646 τοὺς
2702 581 2963 650 νεφρούς
3008 597 3150 650 μου,
3201 578 3309 632 ἀπὸ
3366 577 3565 649 μέρους
3610 576 3701 630 τὸν

2117 657 2297 711 πάντα
2325 659 2497 728 λέγων
2543 661 2848 732 ἄνθρωπον.
2883 665 2956 716 Οὐ
3019 663 3213 735 μικρὸν
3241 663 3297 715 δὲ
3324 661 3482 715 τοῦτο
3509 661 3589 722 εἰς
3619 661 3692 728 ἐγ·

2118 741 2331 813 κωμίου
2385 744 2550 815 μέρος
2580 747 2675 800 καὶ
2707 749 2962 818 προνοίας
2986 788 3002 813 ,
3047 747 3108 800 τὸ
3147 748 3332 818 κτῆμα
3361 742 3499 798 εἶναι
3540 743 3698 796 Θεοῦ.

2127 824 2188 878 '0
2230 827 2335 898 γάρ
2371 825 2650 898 κτώμενος
2687 831 2782 883 καὶ
2819 831 3044 902 κήδεται
3074 830 3168 884 καὶ
3203 831 3440 901 προνοεῖ.
3476 827 3566 880 Διὺ
3605 826 3700 880 καὶ

2116 905 2276 960 τοῦτο
2297 909 2494 980 δηλῶν,
2529 912 2853 984 προστίθησι
2873 913 2934 966 τὸ
2961 914 3106 984 ἐξῆς,
3138 913 3310 982 λέγων
3333 924 3356 951 θ
3374 927 3389 942 ο
3436 909 3700 965 Ἃντελά-

2118 992 2227 1044 ϐου
2263 1011 2384 1060 μου
2419 993 2488 1048 ἐκ
2533 995 2796 1064 γαστρὸς
2836 997 2948 1065 τῆς
2976 999 3202 1066 μητρός
3245 1015 3384 1066 μου.
3415 995 3695 1062 Τουτέστι,

2116 1073 2206 1126 διά
2232 1075 2433 1141 παντός
2465 1094 2534 1149 με
2564 1079 2872 1150 ἐτείχισας,
2902 1080 3238 1150 προενόησας
3257 1121 3272 1145 ,
3313 1079 3600 1151 ἡοφαλίσω
3633 1080 3697 1133 ἐκ

2114 1155 2342 1229 πρώτης
2367 1162 2466 1232 τῆς
2495 1160 2710 1231 ἡλικίας
2731 1203 2748 1228 ,
2782 1161 2841 1228 ἐξ
2872 1161 3050 1215 αὐτῶν
3074 1163 3182 1216 τῶν
3224 1162 3574 1233 σπαργάνων,
3603 1163 3698 1215 καὶ

2114 1238 2289 1293 ταῦτα
2313 1240 2400 1295 διὰ
2428 1243 2536 1298 τῶν
2569 1243 2748 1314 ἔργων
2773 1245 2959 1298 αὐτῶν
2995 1246 3321 1310 ἐπαίδευσας
3354 1244 3496 1316 άπερ
3521 1239 3695 1298 εἷπον.

2129 1321 2678 1396 Ἐξομολογήσομαί
2715 1343 2836 1394 σοι,
2885 1329 2975 1383 ὅτι
3006 1329 3269 1399 φοϐερῶς
3315 1327 3697 1398 ἐθαυμαστώ-

2116 1409 2262 1475 θης’
2309 1408 2614 1478 θαυμάσια
2657 1411 2730 1465 τὰ
2772 1412 2916 1481 ἔργα
2963 1429 3102 1476 σου,
3138 1413 3237 1466 καὶ
3285 1414 3324 1480 ἡ
3368 1411 3538 1480 ψυχή
3573 1430 3695 1482 μου

2116 1490 2396 1562 γινώσκει
2441 1493 2699 1562 σφόδρα.
2755 1497 2821 1548 Τί
2865 1498 2981 1550 ἐστι
3029 1497 3215 1562 τοῦτο;
3274 1496 3556 1560 Ἐπλασάς
3601 1513 3692 1566 με,

2117 1576 2304 1646 φησὶν,
2341 1576 2456 1630 ἀλλ’
2482 1579 2583 1631 οὐκ
2625 1574 2744 1632 οἶδα
2793 1580 2911 1644 πῶς
2959 1580 3234 1645 ἔπλασαςο
3268 1583 3539 1652 προνοεῖς,
3580 1579 3694 1632 ἀλλ’

2115 1659 2177 1710 οὐ
2202 1658 2436 1729 δύναμαι
2471 1662 2650 1714 πᾶσαν
2672 1661 2808 1732 ὁμοῦ
2844 1681 2910 1716 πε
2921 1664 3163 1735 ριλαϐεῖν
3186 1663 3284 1733 τὴν
3305 1665 3561 1735 πρόνοιαν
3585 1664 3696 1725 τοῖς

2115 1741 2415 1812 λογισμοῖς.
2480 1745 2762 1816 Πανταχοῦ
2826 1748 3128 1818 ὑπάρχεις,
3195 1749 3308 1801 ἀλλ’
3366 1747 3486 1800 οὐδὲ
3539 1746 3696 1798 τοῦτο

2116 1824 2436 1895 ἐπίσταμαι.
2471 1828 2551 1881 Τά
2589 1829 2848 1896 μέλλοντα
2888 1832 3140 1902 πρόοιδας
3161 1830 3203 1899 τ,
3246 1833 3339 1885 καὶ
3381 1831 3446 1883 τὰ
3499 1847 3698 1901 προγεο

2116 1910 2412 1980 γενημένα,
2442 1913 2534 1964 καὶ
2561 1911 2631 1964 τὰ
2654 1913 2942 1984 ἀπόρρητα
2971 1915 3067 1985 τῆς
3098 1916 3332 1978 διανοίας
3357 1915 3464 1966 τῶν
3494 1914 3698 1984 ἀνθρώ-

2119 2009 2236 2044 πων
2256 2009 2269 2023 ’
2297 1993 2411 2045 ἀλλ’
2438 1995 2558 2047 οὐδὲ
2587 1995 2745 2048 τοῦτο
2779 1999 2890 2059 τοῖς
2941 1997 3221 2069 λογισμοῖς
3253 1998 3578 2051 καταλαϐεῖν
3603 1999 3693 2050 δύ-

2117 2091 2309 2145 ναμαι.
2355 2078 2727 2142 Μεταϐἀλλεις
2777 2080 2887 2150 γάρ
2929 2080 3040 2133 τῶν
3080 2083 3420 2152 πραγμάτων
3449 2082 3545 2148 τάς
3592 2083 3696 2151 φύ-

2118 2175 2255 2224 σεις,
2281 2159 2378 2212 καὶ
2418 2161 2686 2232 μενούσας
2729 2162 2797 2215 τὰ
2827 2164 3044 2216 ἐναντία
3076 2165 3484 2220 ἐπιδείκνυσθαι
3515 2183 3698 2236 παρα-

2118 2243 2438 2309 σκευάζεις,
2466 2248 2560 2299 καὶ
2584 2245 2653 2299 τὰ
2679 2249 2704 2286 ε
2733 2247 2952 2301 ἐναντία
2981 2246 3122 2301 οὕτω
3154 2249 3317 2302 πάλιν
3346 2251 3584 2319 ἐξάγεις,
3621 2249 3699 2313 ώς

2116 2327 2292 2380 οἰκεῖα
2322 2328 2416 2380 καὶ
2446 2329 2589 2382 κατὰ
2618 2330 2780 2398 φύσιν
2812 2329 3336 2403 συγκεκληρωμένα.

2186 2410 2248 2462 δ’.
2270 2411 2455 2465 Ταῦτα
2471 2411 2534 2484 δὴ
2555 2413 2732 2466 πάντα
2752 2413 2912 2467 πάλιν
2935 2414 3279 2484 συναγαγὼν,
3298 2416 3392 2470 καὶ
3407 2414 3698 2484 γενόμενος

2122 2491 2274 2566 [415]
2306 2495 2491 2560 ἔνθους
2515 2537 2529 2560 ,
2557 2496 2822 2567 ἀνέκραξε
2856 2497 3032 2567 μέγα,
3058 2498 3262 2568 λέγων⁹
3309 2500 3364 2552 Ἐ
3370 2498 3698 2568 ἐξομολογή-

2117 2579 2301 2647 σομαί
2331 2596 2450 2645 σοι,
2475 2579 2565 2634 ὅτι
2593 2579 2856 2650 φοϐερῶς
2884 2581 3355 2651 ὲθαυμαστώθης
3377 2622 3392 2647 ,
3425 2582 3696 2645 τουτέστι,

2117 2660 2429 2732 θαυμαστὸς
2463 2665 2689 2734 ἐφάνης,
2725 2665 2816 2716 καὶ
2847 2662 3156 2734 θαυμαστὸς
3185 2661 3256 2720 εἴ.
3291 2666 3604 2735 Θαυμάσαι
3628 2666 3701 2718 τὰ

2116 2743 2260 2813 ἔργα
2290 2760 2429 2812 σου,
2462 2747 2560 2801 καὶ
2584 2747 2621 2814 ὴ
2659 2745 2826 2815 ψυχή
2857 2764 2976 2815 μου
3002 2747 3276 2817 γινώσκει
3307 2749 3560 2818 σφόδρα.
3590 2747 3701 2800 Καὶ

2115 2828 2168 2879 τί
2201 2828 2365 2898 λέγω,
2400 2831 2567 2901 φησὶ,
2611 2831 2739 2900 περὶ
2791 2828 2907 2891 σοῦ,
2940 2831 3073 2884 ὅπου
3118 2849 3180 2899 γε
3223 2833 3317 2884 καὶ
3360 2833 3428 2884 τὰ
3466 2833 3570 2884 ὑπὸ
3605 2831 3698 2883 σοῦ

2117 2911 2379 2982 γινόμενα
2410 2913 2542 2965 πολὺ
2583 2913 2646 2964 τὸ
2695 2911 2877 2982 θαῦμα
2918 2913 3066 2984 ἔχεις
3105 2911 3238 2968 Εἶτα
3275 2915 3434 2984 ἀφεὶς
3485 2915 3701 2968 ᾶπαντα

2118 2995 2455 3059 ἐπεξελθεῖν,
2490 2996 2740 3068 ἀρκεῖται
2782 2998 2848 3067 τῇ
2894 2997 3069 3070 οἰκείᾳ
3099 2997 3319 3066 γνώσει,
3350 2998 3524 3066 λέγων
3545 3013 3558 3026 °
3587 2997 3698 3050 Καὶ

2119 3079 2158 3145 ἡ
2199 3078 2370 3147 ψυχή
2396 3096 2517 3147 μου
2559 3079 2842 3147 γινώσκει
2886 3081 3139 3150 σφόδρα.
3178 3081 3289 3152 Οὐχ
3327 3079 3512 3143 ἁπλῶς
3540 3077 3702 3146 γινώ⁴

2123 3179 2241 3214 σκει
2263 3204 2278 3228 ,
2314 3164 2450 3216 ἀλλὰ
2482 3165 2618 3233 μετὰ
2652 3164 2959 3229 ἐπιτάσεως
2980 3207 2996 3231 ,
3031 3166 3202 3235 φησὶ,
3237 3165 3374 3236 μετὰ
3407 3163 3703 3234 σφοδρότη-

2119 3261 2233 3308 τος.
2281 3247 2390 3298 Καὶ
2436 3249 2485 3300 εἰ
2530 3246 2809 3316 γινώσκει,
2849 3249 2966 3312 πῶς
3011 3248 3196 3317 ἔλεγεν
3249 3245 3577 3319 ἔμπροσθεν,
3619 3246 3701 3300 ὅτι

2133 3328 2588 3399 Ἐθαυμαστώθη
2624 3333 2662 3400 ἠ
2689 3333 2913 3402 γνῶσίς
2936 3347 3054 3385 σου
3079 3331 3149 3394 ἐξ
3181 3330 3348 3400 ἐμοῦ,
3385 3327 3701 3398 ἐκραταιώ-

2122 3414 2216 3479 θη⁸
2247 3415 2319 3467 οὺ
2334 3415 2421 3482 μὴ
2454 3413 2717 3486 δύνωμαι
2748 3417 2898 3485 πρὸς
2931 3415 3161 3482 αὺτήν;
3200 3415 3450 3470 Μάλιστα
3479 3414 3577 3486 μὲν
3609 3410 3702 3468 οὗν

2122 3496 2298 3549 ἐκεῖνο
2333 3501 2460 3568 περὶ
2491 3500 2652 3552 αὑτοῦ
2707 3503 2940 3572 εἴρηται,
2987 3501 3144 3555 τοῦτο
3194 3500 3252 3552 δὲ
3294 3501 3424 3571 περὶ
3472 3500 3581 3553 τῶν
3611 3499 3702 3571 ἔρ·

2121 3595 2255 3647 γων.
2290 3581 2426 3634 Εἱδέ
2444 3585 2537 3635 καὶ
2567 3584 2695 3654 περὶ
2720 3583 2884 3637 αὑτοῦ
2910 3583 3090 3651 τοῦτο,
3119 3585 3297 3637 ἐκεῖνο
3327 3584 3394 3638 ἂν
3427 3585 3700 3653 εἴποιμεν,

2121 3663 2203 3715 ὃτι
2235 3668 2514 3732 γινώσκει,
2545 3667 2624 3719 ὅτι
2654 3667 2988 3738 θαυμαστὸς,
3017 3669 3098 3720 ὅτι
3134 3668 3328 3739 μέγας,
3362 3668 3445 3721 ὅτι
3476 3667 3697 3738 ὑψηλόςο

2120 3749 2182 3802 τὸ
2230 3750 2286 3803 δὲ
2313 3751 2364 3804 τί
2395 3752 2491 3822 τὴν
2520 3753 2707 3805 οὐσίαν
2747 3753 2949 3824 (πάλιν
2983 3753 3092 3824 γὰρ
3119 3753 3187 3806 τὰ
3212 3752 3353 3806 αύτά
3386 3752 3568 3825 ἐρῶ),
3606 3753 3702 3804 καὶ

2123 3833 2346 3905 πῶς¹ιὴ
2379 3835 2760 3908 μεγαλωσύνη,
2795 3837 2889 3890 καὶ
2915 3837 2996 3899 τίς
3029 3839 3057 3888 ὁ
3083 3836 3285 3908 τρόπος
3322 3835 3431 3888 τῶν
3479 3836 3706 3906 εἰρημέ-

2123 3935 2250 3980 νων,
2301 3919 2519 3985 ἀγνοεῖ·
2568 3919 2682 3972 ἀλλ’
2735 3919 2768 3990 η
2823 3920 3015 3988 ἄγνοια
3067 3919 3206 3991 α’ύτη
3255 3916 3510 3988 γνώσεώς
3556 3919 3704 3969 ἐστιν

2125 4001 2420 4064 ἀπόδειξις.
2457 4003 2504 4054 εί
2530 4003 2623 4054 καί⁵
2648 4002 2958 4072 θαυμαστὸν
2984 4003 3044 4055 τὸ
3075 4003 3383 4074 εἰρημένον.
3423 4000 3577 4053 Ἐπεὶ
3610 4001 3703 4053 καὶ

2123 4075 2221 4153 τὴν
2251 4085 2520 4137 θάλατταν
2560 4086 2766 4157 πηλίκη
2796 4085 2879 4148 τίς
2909 4087 3059 4139 ἐστιν
3087 4085 3523 4155 ἀγνοοῦμεν,καὶ
3553 4085 3704 4155 ὅμως

2123 4167 2190 4220 δι’
2215 4168 2347 4220 αὐτὸ
2379 4168 2476 4238 μὲν
2507 4165 2600 4222 οὖν
2635 4169 2795 4223 τοῦτο
2839 4169 3076 4239 μάλιστα
3105 4169 3260 4240 ἴσμεν
3288 4167 3584 4229 θάλασσαν,
3622 4168 3703 4219 ὃτι

2124 4251 2426 4321 ἀγνοοῦμεν
2463 4253 2634 4322 αὐτῆς
2673 4252 2736 4304 τὸ
2769 4253 2986 4324 μέτρον.
3021 4252 3082 4304 Εἰ
3111 4251 3168 4304 δέ
3196 4268 3277 4314 τις
3316 4251 3465 4320 λέγει
3504 4250 3703 4304 εἰδέναι

2125 4335 2293 4405 αὐτῆς
2321 4336 2417 4406 τὴν
2453 4336 2726 4406 ποσότητα
2745 4376 2760 4401 ,
2792 4330 2946 4399 οὗτος
2987 4334 3222 4406 μάλιστά
3253 4337 3400 4388 ἐστιν
3442 4338 3470 4388 ὁ
3492 4334 3703 4402 ἀγνοῶι

2127 4419 2318 4489 αὑτήν.
2375 4420 2537 4471 Ὥστε
2591 4418 2738 4472 ἔστιν
2797 4420 3107 4488 ἀπαγγελία
3169 4418 3424 4488 γνώσεως
3481 4419 3703 4488 ἄγνοιαι

2129 4503 2448 4572 ἐλέγχουσα,
2505 4503 2598 4555 καὶ
2638 4502 2786 4556 ἐστιν
2832 4503 3025 4570 ἄγνοια
3069 4501 3272 4571 γνῶσιν
3326 4504 3457 4573 ἡμῖν
3499 4519 3702 4574 μαρτυ-

2131 4585 2318 4659 ροῦσα.
2375 4588 2495 4640 Οὐκ
2535 4587 2755 4655 ἐκρύϐη
2800 4586 2866 4640 τὸ
2910 4586 3134 4640 ὀστοῦν
3173 4605 3294 4656 μου
3330 4588 3448 4640 ἀπὸ
3494 4589 3632 4652 σοῦ,
3671 4586 3701 4639 ὃ

2125 4671 2420 4737 ἐποίησας
2445 4669 2514 4723 ἐν
2533 4669 2732 4739 κρυερῇ
2756 4688 2769 4700 ⁸
2796 4671 2894 4723 καὶ
2919 4671 2956 4738 ἡ
2985 4671 3328 4735 ὑπόστασις
3350 4689 3470 4740 μου
3491 4671 3560 4724 ἐν
3580 4672 3703 4737 τοῖς

2126 4753 2484 4819 κατωτάτοις
2520 4749 2627 4824 τῆς
2664 4752 2795 4824 γῆς.
2825 4754 2993 4807 Πάλιν
3031 4756 3158 4824 περί
3191 4755 3288 4826 τῆς
3321 4755 3574 4822 γνώσεως
3609 4756 3704 4807 αύ-

2124 4838 2219 4891 τοῦ
2265 4838 2599 4906 διαλέγεται,
2643 4839 2940 4892 καὶταῦτα
2986 4839 3162 4892 πάντα
3201 4839 3396 4892 εἰδέναι
3431 4838 3702 4892 δείκνυσιν

2125 4923 2309 4977 αὐτόν.
2337 4925 2408 4975 Ἢ
2441 4919 2533 4975 οὖν
2579 4923 2758 4976 πάντα
2808 4923 2972 4976 αὑτοῦ
3011 4925 3081 4977 τά
3113 4925 3402 4995 ἀπόρρητα
3450 4923 3618 4992 λέγει,
3667 4926 3698 4994 ἢ

2125 5006 2313 5079 ἕτερόν
2344 5025 2395 5060 τι
2428 5007 2746 5073 αἰνίττεται,
2778 5007 2876 5080 τὴν
2907 5008 3287 5079 δημιουργίαν,
3327 5011 3417 5062 καὶ
3446 5010 3545 5079 τὴν
3589 5009 3704 5062 διά⁴

2126 5092 2326 5146 πλασιν
2348 5109 2361 5124 ο
2404 5092 2498 5145 καὶ
2523 5093 2606 5146 ὅτι
2630 5092 2750 5145 οὐδὲ
2775 5093 3145 5163 πλαττομένου
3172 5110 3224 5146 τι
3254 5094 3551 5165 ἠγνόησας,
3567 5093 3699 5146 ἀλλὰ

2126 5175 2305 5230 πάντα
2335 5177 2607 5247 ἠπίστασο
2637 5175 2779 5230 κατὰ
2807 5176 3002 5248 μικρὸν
3049 5178 3148 5248 τῆς
3198 5177 3412 5247 φύσεως
3445 5177 3701 5247 ὑφαινού-

2126 5275 2249 5329 σης,
2276 5261 2453 5312 καίτοι
2477 5260 2536 5313 ἐν
2565 5260 2862 5332 ἀπορρήτῳ
2887 5261 3057 5332 αὐτῆς
3087 5261 3482 5332 ἐργαζομένης,
3510 5263 3602 5315 καὶ
3625 5261 3700 5323 ὡς

2125 5344 2184 5396 ἐν
2218 5344 2554 5406 κατωτάτοις
2585 5345 2682 5414 τῆς
2712 5345 2816 5416 γῆς
2835 5363 2848 5375 θ
2879 5345 2995 5398 ἀλλ’
3029 5347 3180 5416 ὅμως
3204 5349 3305 5411 σοὶ,
3339 5347 3492 5414 φησὶ,
3520 5346 3700 5398 πάντα

2124 5430 2309 5501 γυμνά
2342 5433 2436 5484 καὶ
2481 5431 2976 5502 τετραχηλισμένα.
3013 5432 3239 5502 Ἕτερος
3269 5433 3322 5484 δέ
3356 5433 3697 5502 ἑρμηνευτὴς

2190 5535 2215 5562 θ
2238 5525 2318 5574 Sic
2355 5525 2490 5584 Sat-3,
2523 5531 2670 5587 atque
2697 5528 2763 5574 ita
2789 5525 2911 5586 legit
2947 5524 3224 5587 interpres;
3253 5525 3305 5571 in
3329 5523 3450 5573 Mor.
3476 5525 3618 5584 illud,
3643 5524 3700 5573 τὸ

2123 5589 2227 5646 ἑξῆς
2250 5589 2416 5648 λέγων,
2441 5586 2604 5636 deest;
2629 5587 2780 5636 Paulo
2799 5593 2908 5648 post
2934 5586 3045 5633 Sav.
3067 5588 3363 5648 προενοήσω.

2192 5649 2211 5686 ί
2239 5652 2382 5698 Alius
2397 5650 2625 5698 ποοεῖδες.

2192 5663 2208 5686 ι
2239 5663 2382 5698 Alius
2397 5663 2625 5712 προεισες.

2188 5714 2216 5753 Β
2239 5711 2324 5760 Sic
2343 5712 2455 5760 Sav.
2479 5713 2651 5772 sicque
2674 5711 2798 5771 legit
2816 5707 2995 5769 interp.
3011 5708 3144 5773 ﬂor.
3163 5710 3248 5773 καὶ
3280 5709 3394 5773 πρὸς
3419 5709 3495 5756 τά.

2163 5773 2215 5846 ..ιι
2241 5773 2446 5837 Coujlcit
2470 5768 2681 5824 Suvilius
2717 5768 2798 5820 ia!
2834 5768 2981 5829 πόση.
3011 5769 3120 5820 Mox
3163 5768 3332 5822 Muret}
3365 5774 3445 5820 καὶ
3469 5774 3500 5829 ή
3533 5768 3696 5831 ἄγνοια

2125 5852 2261 5895 αντη.
