4084 6334
393 347 499 400 ιιγ

393 461 568 526 οὕτως
600 459 782 514 είπενσ
828 460 950 514 οὐκ
990 459 1378 535 ἐπεκαλύφθη
1412 466 1484 521 τὰ
1515 467 1668 524 ὀστᾶ
1694 488 1813 538 μου
1845 468 1965 524 ἀπὸ

391 544 532 608 σοῦ,
574 540 666 610 οἷς
714 543 1006 611 ἐποιήθην
1041 545 1112 598 ἐν
1150 547 1494 617 ἀποκρύφῳ.
1549 552 1792 622 Ἕτερος,
1843 554 1966 606 Οὐκ

391 625 568 681 ἔλαθέ
592 641 666 680 σε
704 626 744 692 ἠ
789 627 1149 694 κραταίωσίς
1172 647 1314 698 μου,
1351 631 1432 700 ἢν
1469 633 1762 703 ἐποιήθην
1795 636 1864 688 έν
1887 633 1968 699 τῷ

393 708 632 778 γρυπτῷ
652 723 666 738 ο
700 708 1056 776 ἐποικίλθην
1083 711 1165 776 ὠς
1215 712 1286 766 ἐν
1318 714 1441 781 τοῖς
1468 716 1824 784 κατωτάτοις
1858 716 1968 785 τῆς

392 791 526 860 γῆς.
557 791 748 856 Ἀλλος
775 833 788 855 ,
823 793 945 845 Οὐκ
975 792 1154 847 ἔλαθέ
1183 812 1258 849 σε
1289 797 1328 863 ἠ
1363 797 1619 867 δύναμίς
1648 817 1785 869 μου,
1826 799 1865 868 ἢ
1893 801 1968 856 τὰ

392 872 544 928 ὀστᾶ.
570 892 688 943 μου
711 873 829 928 ἀπὸ
856 874 994 939 σοῦ,
1036 877 1125 931 ὅτι
1161 877 1261 932 καί
1303 879 1597 948 ἐποιήθην
1621 881 1692 934 ἐν
1726 881 1963 950 κρυφῇ,

389 958 810 1026 ἐξεικονίσθην
837 959 906 1012 ἐν
932 958 1057 1024 τοῖς
1078 963 1438 1029 κατωτάτοις
1466 962 1575 1031 τῆς
1601 962 1730 1034 γῆς.
1757 965 1965 1029 Πάντες

393 1041 493 1112 μὲν
521 1037 614 1096 οὖν
644 1041 712 1096 τά
742 1041 880 1095 αύτά
913 1043 1190 1111 λέγουσιν,
1219 1046 1302 1098 ὅτι
1331 1045 1574 1117 ἀκριϐῶς
1601 1049 1696 1100 καὶ⁵
1725 1047 1961 1101 πλαττό-

393 1125 555 1195 μενόν
589 1143 657 1195 με
689 1126 979 1179 ἐπίστασαι
1007 1128 1151 1181 κατά
1189 1129 1387 1200 μέρος,
1414 1131 1507 1182 καὶ
1537 1130 1698 1201 μέχρι
1732 1131 1840 1184 τῶν
1873 1147 1964 1202 με·

390 1209 498 1263 λῶν
525 1210 756 1263 ἕκαστον
792 1206 936 1274 οἶδας
959 1251 976 1277 ,
1014 1212 1106 1264 καὶ
1149 1213 1248 1282 τῆς
1291 1212 1586 1284 αὐξήσεως.
1623 1215 1832 1285 Ὥσπερ
1869 1214 1964 1269 καὶ

389 1294 418 1346 ὁ
452 1293 684 1364 Χριστὸς
724 1293 872 1362 λέγει
893 1310 906 1324 ·
957 1293 1141 1364 Ὑμῶν
1173 1295 1241 1348 δὲ
1268 1297 1365 1349 καὶ
1396 1299 1454 1351 al
1494 1297 1692 1365 τρίχες
1719 1297 1831 1365 τῆς
1869 1316 1962 1352 κε-

389 1377 592 1446 φαλῆς
619 1377 1008 1446 ἠριθμημέναι
1033 1379 1210 1433 εἰσίν.
1245 1379 1408 1449 Ὀμοῦ
1441 1381 1498 1433 δὲ
1542 1383 1635 1435 καὶ
1675 1383 1802 1454 περὶ
1828 1399 1961 1453 προ-

394 1459 542 1524 νοίας
572 1460 666 1513 καὶ
689 1459 940 1528 γνώσεως
969 1462 1248 1532 ἐμφαίνων
1277 1464 1305 1514 ό
1333 1461 1489 1531 λόγος
1518 1464 1654 1517 ἐστί.
1695 1465 1763 1519 Τὸ
1784 1466 1961 1520 ἀκατ-

387 1541 684 1610 έργαστόν
721 1560 840 1611 μου
882 1538 1047 1597 εἶδον
1099 1547 1151 1598 οί
1210 1545 1507 1614 ὀφθαλμοί
1553 1561 1671 1601 σου
1692 1559 1739 1602 ι.
1785 1548 1858 1600 Ἦ
1898 1547 1959 1601 τὸ

389 1624 522 1678 αὐτὸ
546 1624 708 1679 πάλιν
734 1626 918 1697 φησὶν,
953 1627 1034 1680 ὅτι
1064 1627 1175 1681 Καὶ
1205 1627 1528 1698 ἀμόρφωτόν
1565 1649 1632 1702 με
1667 1631 1833 1702 ᾔδειςο
1864 1632 1958 1685 καὶ

389 1706 497 1777 γὰρ
518 1705 668 1779 [HG]
708 1707 893 1778 ἕτερος
917 1707 1090 1772 οὕτως
1119 1707 1290 1774 εἶπεν,
1310 1711 1676 1780 Ἆμόρφωτόν
1692 1731 1770 1782 με
1796 1709 1961 1768 δίδον

388 1792 441 1843 οἱ
471 1791 768 1860 ὀφθαλμοί
803 1807 952 1845 σουσ
1001 1791 1034 1862 ἢ
1077 1792 1169 1845 ἐπὶ
1211 1793 1320 1846 τῶν
1362 1795 1612 1864 πράξεων
1644 1797 1842 1861 αὐτῶν,
1876 1798 1957 1852 ὅτι

389 1872 563 1926 καὶτὸ
595 1873 822 1944 μηδέπω
850 1875 1090 1947 πραχθὲν
1124 1871 1263 1930 είδον
1290 1878 1341 1930 οί
1372 1879 1642 1951 ὀφθαλμοί
1688 1898 1803 1936 σου.
1843 1882 1957 1936 Kal

387 1955 487 2008 ἐπί
511 1957 574 2009 τὸ
593 1957 836 2021 ,βιϐλίον
861 1973 979 2012 σου
1003 1957 1220 2025 πάντες
1256 1962 1690 2030 γραφήσονται.
1715 1964 1958 2033 Ἡμέρας

387 2037 912 2106 πλασθήσονταιι),
940 2041 1040 2095 καὶ
1064 2043 1262 2108 οὐθείς
1281 2044 1352 2097 ἐν
1376 2044 1602 2112 αὐτοῖς.
1636 2047 1867 2116 Ἀσαφές
1894 2047 1958 2101 τὸ

388 2122 697 2191 εἰρημένον,
716 2122 853 2176 άλλά
876 2123 956 2177 δεῖ
981 2126 1046 2178 ἐκ
1072 2125 1173 2193 τῆς
1198 2126 1516 2191 ἀκολουθίας
1537 2127 1632 2181 καὶ
1656 2128 1750 2182 τοῦ
1768 2131 1956 2201 ἐτέρου

388 2206 671 2277 ἑρμηνέως
718 2207 848 2261 αὐτὸ
894 2208 1177 2280 θηρεῦσαι.
1228 2211 1293 2262 ὐ
1345 2212 1454 2280 γὰρ
1499 2211 1665 2282 λέγει.
1719 2212 1957 2268 τοιοῦτόν

388 2290 528 2352 ἐστι,
555 2289 877 2360 συμφωνοῦν
897 2291 976 2361 τῷ
1005 2291 1271 2364 προτέρῳ.
1298 2294 1362 2346 Τί
1388 2294 1445 2346 δὲ
1469 2289 1537 2365 ἦν
1562 2294 1624 2348 τὸ
1656 2295 1953 2367 πρότερον;

402 2371 765 2441 Ἆμόρφωτόν
785 2391 862 2441 με
885 2370 1050 2428 εἶδον
1083 2378 1136 2429 οί
1184 2376 1479 2446 ὀφθαλμοί
1507 2393 1622 2432 σου
1641 2396 1656 2411 ο
1690 2379 1953 2445 τουτέστι,

392 2455 617 2526 μηδέπω
659 2455 894 2510 λαϐόντα
925 2457 1116 2523 τύπον,
1161 2457 1240 2510 ἐτι
1275 2459 1661 2530 πλαττόμενον,
1691 2461 1770 2513 ἔτι
1803 2462 1958 2530 ὑφαι-

387 2539 632 2608 νόμενον,
663 2539 758 2592 καὶ
794 2539 937 2594 οὕτω
979 2558 1046 2612 με
1074 2535 1214 2594 εἶδον
1248 2542 1466 2610 σαφῶς,
1513 2543 1589 2606 ὡς
1627 2543 1830 2598 ἐκεῖνον
1863 2545 1956 2599 τὸν

391 2623 856 2694 μεμορφωμένον,
909 2623 984 2687 ὡς
1029 2626 1232 2677 ἐκεῖνον
1282 2624 1374 2677 τὸν
1418 2627 1832 2698 τετυπωμένον,
1879 2627 1955 2692 ῶς

389 2706 594 2758 ἐκεῖνον
622 2705 712 2758 τὸν
746 2705 1195 2777 πεπληρωμένον,
1231 2707 1325 2759 καὶ
1346 2707 1600 2778 οὐδεμιᾶς
1631 2711 1843 2782 ἡμέρας
1873 2711 1954 2764 ἔτι

386 2787 636 2857 δεόμενον
679 2787 817 2860 πρὸς
856 2789 956 2859 τὴν
993 2791 1305 2860 ἀπάρτισιν.
1353 2792 1464 2844 Καὶ
1507 2792 1595 2848 ἴνα
1645 2793 1820 2864 μάθῃς
1871 2795 1954 2848 ὅτι

384 2870 545 2925 τοῦτό
602 2873 740 2934 ἐστι,
796 2871 1024 2925 ἄκουσον
1083 2875 1180 2943 τῆς
1239 2874 1538 2946 ἑρμηνείας
1588 2877 1684 2930 τοῦ
1727 2879 1949 2950 ἐτέρου·

398 2955 775 3024 Ἀμὸρφωτόν
810 2973 888 3024 με
929 2955 1205 3024 προεῑδον
1240 2960 1293 3011 οἱ
1333 2959 1628 3028 ὀφθαλμοί
1657 2976 1794 3022 σου.
1833 2960 1955 3014 σὺν

386 3036 509 3103 τοῖς
536 3037 607 3090 ἐν
627 3036 702 3104 τῇ
721 3038 916 3103 βίϐλῳ
936 3052 1054 3092 σου
1082 3038 1232 3094 πᾶσι
1261 3041 1703 3111 γεγραμμένοις,
1734 3041 1955 3111 ἡμέρας

385 3120 838 3189 πλασσομένοις
862 3160 878 3186 ,
931 3123 1041 3175 οὐκ
1081 3121 1411 3191 ἐνδεούσης
1455 3123 1730 3193 οὐδεμιᾶς
1757 3137 1805 3180 ε.
1851 3127 1954 3180 Σὺν

386 3204 612 3266 ἐκείνοις
649 3219 716 3273 με
761 3197 920 3266 εἶδες,
960 3204 1142 3275 φησὶν,
1177 3205 1380 3277 ὁμοίως
1425 3207 1656 3269 ἐκείνοις
1686 3225 1753 3278 με
1792 3201 1952 3274 εἶδες,

385 3289 498 3349 τοῖς
522 3286 916 3355 πλασσομένοις
948 3289 1005 3339 ἐν
1045 3290 1162 3352 ταῖς
1210 3289 1444 3359 ἡμέραις
1473 3290 1672 3356 αὐτῶν,
1700 3290 1953 3362 ἡμέραις,

387 3365 475 3434 αἶς
503 3370 604 3423 ούκ
644 3369 814 3422 ἐνέδει
857 3369 1083 3440 οὐδεμία
1109 3371 1310 3442 ἡμέρα.
1343 3374 1526 3428 Ταῦτα
1565 3375 1623 3427 δέ
1655 3376 1822 3444 λέγει,
1857 3377 1955 3446 οὐχ

387 3455 462 3518 ὡς
494 3452 702 3524 βιϐλίου
728 3452 879 3516 ὄντος
909 3454 1044 3516 ἀνω,
1069 3455 1189 3508 οὐδὲ
1215 3456 1292 3519 ῶς
1319 3457 1744 3529 ἐγγραφομένων
1768 3460 1952 3524 τινῶν,

388 3537 523 3590 ἀλλά
555 3537 655 3606 τὴν
689 3535 894 3606 ἀκριϐῆ
924 3537 1124 3604 γνῶσιν
1151 3537 1238 3593 διὰ
1277 3539 1372 3592 τοῦ
1409 3541 1615 3611 βιϐλίου
1648 3544 1952 3613 σημαίνων,

388 3621 578 3691 ὥσπερ
605 3622 732 3672 ὅταν
766 3619 960 3691 φησίν⁸
996 3623 1254 3676 Ἤκουσε
1291 3625 1526 3692 Κύριος.
1555 3626 1652 3678 καί
1693 3628 1957 3694 ἔγραψεν

386 3705 685 3770 ένβίϐλῳ.
719 3705 829 3756 Καὶ
871 3703 1052 3767 πάλιν,
1085 3705 1288 3760 Βίϐλοι
1331 3707 1746 3777 ἀνεῴχθησαν.
1795 3709 1957 3778 Ἐμοί

390 3787 459 3840 δὲ
485 3788 627 3841 λίαν
655 3785 1026 3856 ἐτιμήθησαν
1052 3789 1108 3841 οί
1127 3789 1292 3856 φίλοι
1319 3804 1456 3856 σου,
1489 3795 1520 3845 ό
1549 3793 1712 3858 Θεός.
1742 3793 1953 3858 Ἀλλος,

394 3872 575 3940 Τίμιοι
621 3870 902 3940 ἐγένοντο
945 3873 1000 3925 οί
1057 3871 1278 3940 ἑταῖροί
1327 3890 1463 3927 σου.
1516 3875 1590 3928 Ού
1637 3876 1808 3946 μικρά
1862 3877 1958 3931 καὶ

390 3955 548 4009 τοῦτο
580 3954 776 4026 ἀρετὴ,
813 3954 876 4008 τὸ
909 3956 1036 4020 τοὺς
1076 3955 1172 4009 τοῦ
1210 3956 1347 4010 Θεοῦ
1390 3957 1577 4028 φίλους
1620 3957 1710 4012 διὰ
1757 3960 1957 4030 πολλῆς

387 4039 540 4108 άγειν
589 4038 777 4108 τιμῆς.
850 4037 1194 4109 Προενόησάς
1256 4057 1380 4110 μου,
1441 4044 1626 4111 φησὶν,
1680 4042 1778 4095 οὐκ
1827 4043 1958 4098 ὄντα

389 4122 730 4192 παρήγαγες,
760 4121 1088 4190 διακρατεῖς,
1117 4122 1212 4175 καὶ
1240 4121 1350 4191 ἐγὼ
1392 4123 1595 4195 ταύτην
1633 4124 1826 4195 δίδωμι
1858 4127 1957 4197 τὴν

387 4205 639 4276 ἀμοιϐὴν,
670 4205 796 4267 τοὺς
823 4203 1008 4273 φίλους
1037 4221 1130 4258 σου
1153 4205 1351 4275 τιμῶν.
1381 4207 1534 4260 Λίαν
1569 4207 1958 4277 ἑκραταιώθη-

387 4305 510 4344 σαν
538 4293 598 4342 αι
637 4286 816 4354 ἀρχαί
845 4286 1060 4341 αὐτῶν.
1093 4289 1412 4352 Τουτέστιν,
1456 4289 1609 4343 αὐτοὶ
1656 4293 1960 4362 ἐκραταιώ-

389 4373 582 4443 θησαν.
630 4370 821 4434 Ἀλλος
866 4370 1027 4440 φησί’
1073 4371 1133 4424 Τί
1173 4372 1553 4441 παμπληθεῖς
1601 4375 1661 4428 al
1703 4374 1960 4444 κεφαλαί

388 4453 632 4516 αὐτῶν;
667 4454 846 4524 Ὅπερ
886 4455 982 4506 καὶ
1013 4453 1378 4525 σαφέστερον
1409 4457 1606 4524 ἐπάγει
1645 4458 1788 4529 γάρ·
1836 4458 1960 4523 Ἐξ-

389 4538 786 4608 αριθμήσομαι
818 4537 1061 4604 αὐτοὺς,
1083 4538 1179 4590 καί
1207 4537 1360 4605 ὑπὲρ
1392 4538 1589 4608 ἅμμον
1616 4541 1961 4609 πληθυνθή-

389 4640 620 4679 σονται.
673 4620 814 4690 Ἐγὼ
874 4623 973 4692 μὲν
1023 4623 1220 4686 αὐτοὺς
1278 4622 1444 4692 τιμῶ,
1497 4625 1562 4678 σὺ
1619 4625 1677 4678 δὲ
1733 4625 1962 4690 πολλοὺς

391 4709 585 4770 ποιεῖς,
615 4706 710 4760 καὶ
752 4705 980 4776 ψάμμου
1026 4704 1270 4768 πλείουςο
1301 4707 1361 4758 ού
1399 4705 1559 4776 μόνον
1610 4707 1664 4760 δέ
1710 4707 1958 4772 πολλοὺς,

391 4790 527 4844 ἀλλά
557 4789 650 4842 καὶ
677 4787 950 4858 ἰσχυρούς.
991 4789 1064 4840 Τὸ
1093 4787 1223 4860 γὰρ,
1241 4787 1779 4858 Ἐκραταιὼθησαν,
1803 4789 1962 4844 τοῦτό

390 4875 528 4928 ἐστι.
576 4872 685 4925 Kal
727 4869 919 4940 διπλῆν
950 4871 1095 4940 λέγει
1139 4872 1240 4941 τὴν
1282 4871 1604 4943 εὐημερίαν,
1649 4875 1750 4944 τήν
1783 4890 1843 4925 τε
1881 4875 1962 4937 είς

394 4959 626 5027 πλῆθος,
678 4958 776 5027 τήν
811 4972 869 5006 τε
911 4957 989 5016 εἰς
1040 4953 1222 5025 ἰσχύος
1271 4955 1528 5007 ἐπίδοσιν.
1574 4956 1960 5025 Ἐξηγέρθην,

392 5042 491 5094 καὶ
540 5042 628 5094 ἔτι
667 5040 780 5108 εἰμὶ
823 5039 975 5108 μετὰ
1016 5040 1152 5093 σοῦ.
1193 5039 1406 5104 Ἄλλος,
1445 5040 1823 5106 Ἐξυπνὼσω,
1862 5041 1964 5095 καὶ

393 5131 479 5193 εὶς
509 5127 596 5181 ἀεὶ
621 5128 834 5195 ἔσομαι
869 5124 1028 5193 παρὰ
1056 5125 1176 5178 σοί.

467 5218 527 5263 ε’.
549 5212 623 5263 Ού
653 5211 844 5282 μικρὸν
869 5209 1025 5262 τοῦτο
1041 5209 1241 5280 ἀρετῆς
1266 5211 1509 5280 σημεῖον,
1531 5211 1591 5264 τὸ
1612 5213 1668 5265 ἐν
1695 5211 1964 5284 εὐημερίᾳ

398 5295 578 5364 μένειν
616 5294 713 5366 τὴν
759 5293 958 5364 ἀρετὴν
994 5291 1372 5364 διατηροῦντα.
1419 5293 1609 5347 Πολλοὶ
1656 5294 1784 5364 γοῦν
1825 5297 1964 5348 ἀποη

395 5377 690 5440 λαύσαντες
733 5376 1066 5448 εὐπραγίας,
1108 5375 1451 5430 ἐπελάθοντο.
1515 5376 1654 5431 Ἀλλ’
1691 5379 1790 5431 οὐκ
1831 5377 1962 5447 ἐγὼ,

457 5509 483 5536 ⁸
505 5505 597 5554 Hic
618 5505 858 5564 quoddam
879 5505 1259 5552 additamentum
1284 5506 1334 5554 in
1361 5517 1449 5552 ms.
1476 5506 1634 5554 veteri
1657 5508 1706 5553 in
1746 5506 1964 5564 margine

395 5565 1095 5630 positumfuissgtestiﬁcatut'
1115 5567 1287 5630 Sas‘ilq
1308 5569 1356 5613 in
1382 5566 1657 5630 haecyerba
1669 5571 1713 5630 οί
1737 5567 1966 5630 ὀφθαλμοί

397 5626 505 5704 μρυ,
545 5627 684 5684 Cujus
709 5627 1025 5704 add‘itament‘i
1072 5628 1263 5704 in‘iti’n’m
1300 5631 1438 5704 gerat:
1490 5626 1719 5704 ’λὶπίτοῦ
1741 5626 1833 5704 πρὸ
1879 5626 1965 5704 τοῦ

393 5690 571 5737 πλάσαι
598 5704 674 5749 με,
700 5689 855 5749 φησὶν,
883 5689 912 5744 ἦ
935 5704 980 5734 τι
1004 5689 1050 5736 ἐν
1081 5690 1149 5748 τῷ
1175 5689 1264 5751 βίῳ
1307 5689 1610 5751 ἐργάσασθαι,
1652 5699 1748 5739 etc.
1782 5689 1838 5738 In
1871 5689 1966 5739 alio

396 5758 559 5798 autem
584 5751 753 5819 οοίιίοο
778 5749 884 5819 ὴσεε
923 5750 1202 5808 marginalis
1224 5757 1356 5819 notat
1382 5752 1654 5819 in__seriem
1689 5753 1964 5819 transierat,

398 5823 546 5869 quam
584 5815 755 5868 utpote
795 5817 1082 5856 extraneam
1119 5813 1366 5870 expunxit
1406 5813 1513 5862 illc.
1539 5818 1592 5858 et
1615 5827 1702 5859 nns
1737 5813 1966 5860 similiter

404 5871 592 5937 Inigﬁa‘m
617 5869 838 5937 fepitpus.
866 5868 990 5937 infra
1011 5869 1238 5936 .Satilius
1257 5874 1285 5928 ἢ
1309 5874 1415 5934 περὶ
1441 5875 1536 5920 τῶν
1562 5875 1772 5937 πράξεων
1792 5875 1966 5922 αὐτῶν.

468 5927 494 5965 b
518 5929 628 5988 ξεν.
653 5931 823 5988 ἡμέραι
842 5928 1204 5984 πλασθήσονιαιη

519 5985 652 6035 Unus
673 5985 759 6034 οὐκ
780 5989 1026 6045 ἐνδεούσης
1049 5989 1206 6047 αὐτοῖς
1224 5993 1454 6054 οὐδεμιᾶς.

1079 345 1138 403 S.
1177 345 1463 406 JOANNIS
1499 349 1988 409 CIIRYSOSTOMI
2025 351 2344 408 AHCHIEP.
2384 350 2930 410 CONSTANTINOP.

3541 353 3647 409 ιιε

2077 472 2276 540 φησιν,
2323 469 2458 523 ἀλλά
2506 471 2600 522 καὶ
2642 471 2882 534 ἀναστάς
2902 511 2919 536 ,
2965 469 3278 534 τουτέστιν,
3314 468 3648 539 ἀπαλλαγεὶς

2073 549 2182 602 τῶν
2207 548 2415 608 δεινῶν,
2443 549 2530 601 ἀεὶ
2579 549 2717 616 μετὰ
2750 547 2843 601 σοῦ
2871 548 3087 619 ἔσομαι.
3129 548 3265 602 Ἐὰν
3287 548 3649 616 ἀποκτείνῃς

2073 625 2480 695 ἁμαρτωλοὺς,
2511 627 2544 678 ὀ
2567 625 2730 691 Θεός.
2750 627 2825 677 Οὐ
2846 624 3004 678 τοῦτό
3026 643 3212 696 φησιν,
3241 626 3322 680 ὅτι
3358 625 3483 678 Ἐὰν
3511 627 3645 679 ἀπο-

2073 705 2308 778 κτείνῃς,
2345 705 2467 757 τότε
2511 703 2742 774 ἔσομαι·
2782 704 2899 758 ἀλλ’
2951 706 3127 757 ἐκεῖνο
3178 704 3280 776 μὲν
3327 705 3424 758 καὶ
3479 706 3645 776 χωρὶς

2071 782 2260 836 τούτου
2289 783 2653 853 ἐπήγγελται·
2687 783 2829 835 αίτεῖ
2851 782 2906 836 δέ
2934 783 3094 836 τοῦτο
3115 784 3390 852 γενέσθαι,
3419 784 3520 854 οὐχ
3559 787 3648 839 ἵνα

2071 860 2309 932 ἀφανίσῃ
2351 861 2450 932 τὴν
2495 861 2686 913 οὐσίαν
2727 859 2826 932 τὴν
2879 861 2989 914 τῶν
3023 861 3346 934 ἀνθρώπων.
3395 862 3512 916 ἀλλ’
3561 863 3649 915 ἵνα

2074 941 2350 1012 μεταϐάλῃ
2379 941 2575 1003 αὐτοὺς
2608 943 2672 994 ἐκ
2700 941 2797 1011 τῆς
2835 941 3108 1012 ἁμαρτίας
3161 942 3255 994 ἐπὶ
3278 941 3643 1010 δικαιοσύνην.

2070 1020 2145 1072 Ού
2199 1022 2306 1091 γὰρ
2350 1017 2524 1085 εἶπεν,
2577 1020 2672 1072 ἐὰν
2715 1019 3042 1091 ἀποκτείνῃς
3084 1019 3439 1091 ἀνθρώπους,
3487 1021 3643 1083 ἀλλά,

2079 1095 2500 1166 .Αμαρτωλούς,
2531 1097 2762 1169 Ἐτερος
2809 1097 2867 1149 δὲ
2907 1097 3031 1150 ἀντὶ
3075 1097 3172 1151 τοῦ
3220 1098 3644 1167 Ἆμαρτωλοὺς,

2069 1176 2423 1244 Παραὸάτην
2469 1172 2613 1238 εἶπε,
2667 1176 2799 1246 περὶ
2840 1175 2948 1229 τῶν
3001 1176 3274 1247 πολεμίων
3319 1176 3491 1246 λέγων
3538 1177 3645 1230 τῶν

2068 1256 2262 1309 εἴδωλα
2294 1255 2767 1326 προσκυνούντων.
3350 1299 3356 1305 .

2143 1336 2381 1404 Ἄνδρες
2401 1335 2685 1404 αἱμάτων,
2711 1334 3032 1388 ἑκκλίνατε
3060 1335 3163 1389 ἀπ’
3192 1334 3362 1404 ἐμοῦ.
3387 1333 3644 1404 Αίμάτων

2067 1415 2266 1486 ἄνδρας
2322 1417 2448 1478 τοὺς
2500 1413 2754 1484 φονικούς
2803 1429 2954 1484 φησι,
3004 1413 3178 1485 [M7]
3223 1414 3351 1477 τοὺς
3407 1416 3642 1482 σφαγαῖς

2067 1494 2375 1563 χαίροντας.
2435 1493 2511 1546 Ού
2559 1493 2731 1564 μικρά
2777 1493 2836 1546 δὲ
2881 1492 2977 1544 καὶ
3017 1491 3156 1562 αὕτη
3216 1491 3351 1561 πρὸς
3403 1491 3643 1543 ἐπίδοσιν

2067 1572 2267 1642 ἀρετῆς
2308 1575 2340 1642 ἠ
2384 1572 2522 1634 ὁδὸς,
2572 1572 2634 1624 τὸ
2669 1571 2891 1641 φεύγειν
2938 1571 3032 1624 καὶ
3076 1571 3361 1640 ἀποπηδᾷν
3398 1570 3498 1632 τὰς
3533 1568 3642 1620 τῶν

2065 1649 2320 1701 τοιούτων
2349 1647 2656 1710 συνουσίας.
2701 1644 2832 1701 Εἶτα
2857 1647 2951 1701 καὶ
2991 1648 3025 1718 ὴ
3057 1647 3205 1702 αἰτία
3225 1665 3239 1678 ⁶
3271 1649 3384 1701 ’Ότι
3411 1647 3642 1713 έρισταί

2065 1725 2207 1780 ἐστε
2243 1729 2330 1793 είς
2376 1727 2824 1796 διαλογισμούς.
2863 1725 3087 1791 Ἀλλος,
3126 1729 3353 1793 Οἷτινες
3392 1725 3639 1780 ἀντελά-

2063 1804 2268 1873 λησάν
2317 1820 2415 1859 σοι
2458 1805 2874 1874 διαλογισμόν.
2928 1805 3152 1870 Ἀλλος,
3205 1807 3334 1859 Ὅτι
3392 1805 3639 1871 παρεπι-

2064 1885 2294 1951 κρανάν
2335 1901 2410 1938 σε
2459 1885 2531 1938 ἐν
2585 1886 2970 1952 κακοϐουλίᾳ.
3019 1883 3160 1954 Ὅρα
3209 1884 3285 1954 μὴ
3331 1883 3400 1937 τὰ
3446 1879 3638 1934 ἐαυτοῦ

2065 1963 2360 2034 ζητοῦντα,
2397 1963 2534 2017 ἀλλὰ
2581 1963 2670 2016 διὰ
2698 1964 2797 2033 τὴν
2831 1965 2911 2027 είς
2939 1963 3030 2016 τὸν
3069 1962 3202 2015 θεὸν
3234 1962 3392 2033 ὓϐριν
3426 1962 3640 2030 ἀποπη-

2063 2042 2237 2096 δῶντα
2259 2082 2272 2105 ,
2304 2043 2400 2096 καὶ
2440 2042 2714 2113 φεύγοντα
2741 2043 2842 2112 τὴν
2871 2041 3007 2112 πρὸς
3039 2042 3280 2104 ἐκείνους
3329 2040 3635 2093 συνουσίαν.

2065 2125 2174 2177 Kal
2197 2123 2306 2195 γὰρ
2340 2125 2434 2176 καὶ
2477 2123 2636 2176 τοῦτο
2659 2123 2759 2193 τῆς
2791 2123 3066 2186 ἀπωλείας
3095 2125 3207 2186 τοῖς
3246 2122 3520 2185 Ἰουδαίοις
3554 2123 3639 2174 αἱ-

2062 2219 2176 2256 τιον
2224 2205 2439 2270 γέγονε,
2488 2201 2548 2254 τὸ
2601 2203 2713 2264 τοῖς
2764 2204 3020 2272 πονηροῖς
3065 2199 3484 2270 ἀναμίγνυσθαι.
3541 2204 3638 2255 Διά

2063 2280 2222 2333 τοῦτο
2283 2283 2378 2334 καὶ
2425 2281 2590 2350 νόμον
2644 2279 2980 2350 ἐλάμϐανον,
3039 2281 3134 2333 καὶ
3184 2280 3333 2349 νόμῳ
3391 2278 3636 2348 διετειχί-

2065 2359 2218 2422 ζοντο
2265 2361 2359 2412 ἀπ’
2403 2358 2603 2422 αὐτῶν,
2642 2359 2736 2412 καὶ
2787 2357 2885 2420 τάς
2934 2356 3071 2428 πρὸς
3113 2357 3308 2418 αὐτοὺς
3339 2358 3637 2426 ἐπιγαμίας

2063 2437 2284 2506 φεύγειν
2329 2437 2670 2503 ἐκελεύοντο,
2724 2436 2818 2490 καὶ
2868 2436 2977 2488 ἀπὸ
3033 2435 3134 2504 τῆς
3179 2435 3454 2502 Αἰγύπτου
3515 2438 3636 2487 τότε

2061 2517 2402 2581 ἐξελθόντες,
2469 2517 2563 2568 ἐπὶ
2620 2517 2718 2583 τῆς
2789 2515 2995 2584 ἐρήμου
3064 2514 3474 2584 τεσσαράκοντα
3541 2513 3637 2582 ἐτη

2063 2596 2185 2650 καθ’
2236 2595 2460 2658 ἑαυτοὺς
2500 2594 2845 2648 ἐπλάττοντο.
2889 2593 2988 2645 Δια
3043 2592 3200 2645 τοῦτο
3239 2594 3334 2645 καὶ
3385 2593 3637 2661 φραγμὺς

2061 2676 2090 2727 ό
2155 2675 2316 2745 νόμος
2379 2674 2632 2742 ἐλέγετο,
2697 2674 2792 2727 ἆτε
2856 2671 3193 2741 πανταχόθεν
3248 2672 3428 2734 αὐτοῖς
3481 2687 3638 2743 περι-

2062 2754 2346 2826 κείμενος,
2389 2754 2615 2816 καὶτὰς
2678 2751 2814 2824 πρὸς
2869 2753 2994 2814 τοὺς
3048 2751 3318 2820 πονηροὺς
3371 2751 3631 2803 ἀναστέλ-

2061 2833 2169 2886 λων
2218 2833 2538 2895 συνουσίαςσ
2582 2831 2986 2900 εὐεξαπάτητον
3026 2831 3134 2902 γὰρ
3168 2831 3346 2882 αὐτῶν
3388 2829 3449 2882 τὸ
3483 2827 3632 2902 ἦθος,

2061 2911 2328 2964 εὐάλωτον
2388 2913 2482 2963 καὶ
2531 2909 2976 2980 εὐπερίτρεπτον.
3033 2912 3344 2976 Any-artat
3401 2909 3488 2972 είς
3532 2924 3637 2976 μα-

2061 2993 2372 3056 ταιότητας
2428 2989 2535 3054 τὰς
2598 2992 2806 3052 πόλεις
2858 3001 2997 3040 σου.
3044 2987 3309 3056 Ἕτερος,
3349 2986 3636 3055 Ἑπήρυη-

2061 3083 2184 3121 σαν
2207 3069 2470 3137 ματαίως
2506 3066 2811 3134 amcam
2846 3065 3031 3120 σουά.
3067 3066 3282 3128 Ἄλλος,
3332 3068 3395 3117 Ol
3435 3063 3636 3131 ἐχθροί

2061 3165 2198 3202 σου.
2229 3147 2328 3200 Διά
2352 3147 2509 3199 τοῦτο
2530 3145 2719 3216 φεύγει
2757 3147 2849 3199 καὶ
2873 3146 3127 3215 ἀποπηδᾷ
3147 3185 3161 3208 ,
3203 3145 3284 3196 ὃτι
3315 3146 3633 3214 ἐπ..ρθησ.‹ν

2063 3228 2205 3280 κατά
2233 3227 2331 3298 τῆς
2357 3225 2451 3278 τοῦ
2473 3226 2608 3279 Θεοῦ
2634 3227 2814 3296 δόξης,
2848 3227 2931 3278 ὄτι
2971 3225 3341 3295 παρηνόμουν,
3383 3226 3464 3291 ὅτι
3509 3222 3634 3292 βλά-

2065 3321 2254 3375 σφημα
2308 3305 2635 3373 ἐφθέγγοντο
2667 3307 2908 3374 ῥήματα.
2960 3305 3106 3370 Οὐχὶ
3142 3302 3281 3368 τοὺς
3301 3300 3634 3369 μισοῦντας

2062 3399 2171 3445 σε,
2220 3383 2428 3450 Κύριε,
2469 3382 2768 3449 ἐμίσησα,
2811 3379 2911 3433 καὶ
2948 3381 3045 3433 ἐπὶ
3095 3380 3218 3444 τοῖς
3257 3377 3490 3446 ἐχθροῖς
3518 3393 3633 3429 σου

2061 3465 2462 3533 ἐξετηκόμην;
2499 3465 2734 3516 Τέλειον
2759 3463 2942 3532 μῖσος
2982 3461 3237 3531 ἐμίσουν
3265 3460 3512 3524 αὐτούς·
3548 3460 3635 3522 εἰς

2062 3544 2311 3613 ἐχθροὺς
2336 3542 2616 3612 ἐγένοντό
2641 3561 2764 3611 μοι.
2809 3543 2964 3595 Οῦτω
3002 3542 3096 3594 καὶ
3127 3541 3155 3590 ὁ
3197 3540 3328 3602 Θεὸς
3372 3538 3634 3608 ἐπηγγεί-

2061 3623 2214 3685 λατο,
2253 3623 2557 3692 ἐχθραίνειν
2601 3626 2712 3685 τοῖς
2762 3622 2994 3694 ἐχθροῖς,
3038 3621 3133 3672 καὶ
3155 3619 3487 3671 ἀντικεῖσθαι
3524 3620 3635 3678 τοῖς

2061 3703 2455 3770 ἀντικειμένοις
2506 3701 2708 3764 αὐτοῖς.
2766 3701 2950 3752 Ταῦτα
2994 3700 3104 3769 γὰρ
3163 3698 3396 3769 μάλιστα
3457 3695 3635 3765 φιλίας

2061 3781 2354 3852 τεκμήρια.
2392 3779 2501 3831 Καὶ
2542 3779 2702 3842 αὐτὸς
2743 3779 2922 3832 τοίνυν
2966 3777 3250 3848 ἀμειϐεται
3289 3777 3382 3830 τὸν
3407 3775 3535 3826 θεὸν
3566 3775 3634 3827 δι’

2063 3859 2359 3930 ἐκατέρων.
2403 3858 2686 3931 Ἀνωτέρω
2717 3859 2815 3928 μέν
2858 3859 2966 3927 γὰρ
2995 3857 3127 3926 ἔφη,
3177 3855 3339 3924 Ἐμοί
3389 3854 3457 3907 δὲ
3493 3855 3637 3907 λίαν

2062 3938 2434 4007 ἐτιμήθησαν
2453 3940 2507 3991 οί
2528 3939 2693 4006 φίλοι
2715 3954 2854 4002 σου,
2881 3941 2912 3991 ό
2931 3937 3074 4002 Θεός
3092 3951 3106 3966 ο
3136 3934 3368 3986 ἐνταῦθα
3385 3932 3463 3994 δὲ,
3489 3932 3636 3997 Τοὺς

2057 4016 2392 4087 μισοῦντὰς
2419 4033 2493 4070 σε
2517 4019 2812 4086 έμίσησω
2842 4017 3004 4069 κάκεῖ
3037 4013 3158 4084 μεθ’
3180 4011 3504 4082 ὑπερϐολῆς,
3541 4011 3636 4062 καὶ

2063 4095 2298 4149 ἐνταῦθα
2330 4095 2448 4166 μεθ’
2490 4094 2816 4166 ὑπερϐολῆς.
2853 4095 2927 4148 Οὐ
2966 4094 3096 4163 γὰρ,
3149 4093 3466 4160 Ἐμίσησα,
3502 4088 3637 4158 φησὶ

2067 4174 2247 4244 μόνον,
2290 4175 2426 4227 ἀλλά
2456 4175 2570 4234 καὶ,
2611 4172 3029 4241 Ἐξετηκόμην.
3078 4169 3417 4238 Δοκίμασόν
3446 4182 3551 4234 με,
3601 4167 3636 4218 ό

2065 4254 2230 4319 Θεὸς,
2272 4253 2370 4306 καί
2407 4251 2586 4320 γνῶθι
2632 4251 2748 4320 τὴν
2782 4251 3033 4318 καρδίαν
3058 4266 3197 4318 μου.
3242 4247 3500 4300 Ἕτασόν
3532 4261 3630 4313 με,

2065 4332 2163 4384 καὶ
2183 4329 2362 4400 γνῶθι
2385 4331 2491 4397 τὰς
2512 4331 2747 4398 τρίϐους
2759 4347 2900 4399 μου,
2929 4328 3026 4381 καὶ
3048 4329 3138 4381 ιδε
3151 4329 3205 4379 εί
3229 4326 3367 4392 ὁδὸς
3387 4326 3636 4392 ἀνομίας

2064 4410 2135 4464 ἐν
2161 4411 2312 4479 ἐμοί,
2352 4408 2453 4463 καὶ
2497 4409 2807 4478 όδήγησόν
2831 4426 2908 4478 με
2937 4409 3007 4461 έν
3033 4405 3149 4472 ὀδῷ
3184 4408 3411 4472 αίωνίᾳ.
3446 4405 3636 4458 Καίτοι

2066 4507 2130 4559 γε
2157 4490 2456 4560 ἀρχόμενος
2487 4488 2669 4556 ἔλεγεν
2691 4505 2704 4519 ·
2751 4487 3149 4558 Ἐδοκίμασάς
3176 4502 3273 4555 με,
3305 4486 3398 4537 καί
3449 4486 3637 4552 ἔγνως

2061 4585 2159 4638 με.
2188 4570 2271 4622 Σὺ
2304 4568 2492 4637 ἔγνως
2512 4567 2626 4635 τὴν
2651 4567 2945 4634 καθέδραν
2963 4583 3104 4636 μου,
3131 4565 3229 4618 καὶ
3257 4563 3370 4632 τὴν
3397 4564 3639 4631 ἕτερσίν

2062 4666 2200 4719 μου.
2231 4647 2314 4702 Σὺ
2341 4647 2612 4715 συνῆκας
2643 4647 2784 4710 τοὺς
2814 4645 3236 4715 διαλογισμούς
3251 4661 3366 4712 μου
3386 4644 3501 4696 ἀπὸ
3527 4657 3639 4710 μα-

2067 4727 2300 4795 κρόθενο
2340 4725 2455 4792 τὴν
2491 4726 2689 4792 τρίϐον
2708 4742 2828 4794 μου
2861 4723 2956 4776 καὶ
2987 4723 3100 4790 τὴν
3131 4723 3382 4790 σχοῖνόν
3400 4739 3519 4788 μου
3541 4719 3638 4782 ἐξ-

2069 4808 2367 4877 ιχνίασας.
2393 4805 2503 4859 Kal
2529 4805 2731 4871 πάσας
2765 4804 2870 4869 τὰς
2897 4802 3074 4868 ὁδούς
3089 4821 3208 4871 μου
3239 4801 3524 4869 προεῖδες.

2067 4875 2254 4955 ἔγνως
2286 4885 2500 4946 πάντα,
2537 4883 2609 4936 τὰ
2628 4884 2858 4952 ἔσχατα
2895 4882 2993 4934 καί
3033 4884 3104 4934 τὰ
3133 4882 3370 4948 ἀρχαῖα.
3402 4881 3524 4942 Πῶς
3547 4875 3637 4931 οὖν

2069 4966 2300 5020 ἐνταῦθα
2330 4965 2518 5028 πάλιν,
2543 4963 2616 5025 ὡς
2657 4964 2822 5032 μήπω
2855 4961 3267 5029 δοκισμασθεὶς,
3304 4959 3640 5027 Δοκίμασόν

2063 5063 2160 5115 με,
2199 5043 2380 5112 λέγει;
2422 5043 2584 5113 Ὁρᾷς
2613 5043 2693 5094 ὅτι
2720 5040 3083 5112 ἀνθρωπίναις
3113 5039 3373 5109 κέχρηται
3412 5038 3640 5103 λεξεσιν,

2069 5127 2168 5195 οὐχ
2223 5124 2309 5176 ἵνα
2355 5125 2420 5193 τῇ
2475 5121 2722 5191 εὐτελείᾳ
2771 5120 3204 5190 παραμένωμεν,
3253 5118 3367 5170 ἀλλ’
3421 5119 3506 5170 ἵνα
3554 5117 3642 5168 διά

2071 5209 2289 5258 πάντων
2349 5202 2748 5271 συναγαγόντες
2805 5201 2896 5270 τὴν
2949 5199 3228 5271 θεοπρεπῆ
3296 5199 3503 5251 ἔννοιαν
3562 5199 3643 5258 είς

2071 5287 2249 5356 ὑψηλά
2293 5283 2580 5354 ἀναϐῶμεν
2621 5284 2886 5353 νοήματα.
2944 5280 3344 5350 Δοκιμασθῆναι
3392 5280 3498 5350 γὰρ
3549 5278 3643 5330 καὶ

2080 5366 2374 5436 ἐτασθῆναι
2399 5367 2568 5428 αίτεῖ,
2608 5365 2708 5433 οὐχ
2753 5364 2838 5416 ῖνα
2883 5361 2995 5431 γνῷ
3026 5363 3124 5432 τὴν
3154 5361 3378 5432 καρδίαν
3405 5359 3568 5413 αὑτοῦ
3614 5360 3646 5412 ὁ

2074 5448 2180 5518 πρὸ
2208 5448 2396 5500 τούτου
2424 5445 2577 5508 εἰδὼς
2615 5447 2812 5507 πάντα,
2845 5445 2937 5496 καὶ
2967 5443 3072 5514 πρὸ
3095 5442 3380 5512 γενέσεως,
3409 5441 3521 5494 ἀλλ’
3558 5441 3646 5493 ἵνα

2071 5529 2288 5599 γνῶμεν
2318 5529 2476 5598 ἡμεῖς
2503 5527 2553 5579 οἱ
2581 5527 2689 5579 ἀπὸ
2728 5526 2826 5595 τῆς
2860 5524 3134 5586 ἐκϐάσεως
3164 5523 3272 5576 τῶν
3305 5522 3645 5594 πραγμάτων

2135 5618 2160 5656 d
2181 5618 2263 5668 Sic
2291 5619 2389 5667 duo
2425 5631 2539 5666 mss.
2565 5616 2693 5666 Editi
2720 5615 2935 5679 ματαίως
2953 5619 2996 5663 οἱ
3035 5614 3362 5679 ἐναντίοιγσου.
3385 5613 3484 5679 εει]
3518 5613 3645 5679 ἀνϊί⁶

2075 5681 2204 5739 ζηλοί
2227 5697 2316 5750 σου
2359 5692 2474 5728 vera
2505 5675 2799 5750 agsgrtaq'ne
2827 5677 2973 5750 Iectin
3013 5684 3100 5750 εει
3119 5677 3354 5750 ᾼςυὶιειξρ
3377 5679 3422 5722 οἱ
3445 5675 3644 5741 ἐναντίοι

2074 5738 2163 5789 σου
2183 5751 2259 5790 est
2280 5741 2567 5801 Symmachi.
2590 5740 2684 5790 Cur
2707 5748 2870 5787 autem
2895 5738 2974 5786 ubi
2997 5740 3040 5784 οἱ
3063 5738 3130 5786 0'
3149 5738 3421 5801 1d;‘1:0).5lc
3447 5752 3550 5788 σου.
3571 5738 3644 5784 ci-

2074 5801 2239 5853 vitates
2259 5798 2382 5858 mils,
2407 5802 2608 5856 habent.
2653 5802 2735 5849 alii
2762 5801 3068 5860 interpretes
3101 5805 3195 5847 tam
3221 5798 3513 5857 disparatam
3537 5810 3648 5860 ier-

2075 5867 2264 5911 sinnent
2291 5857 2458 5913 edant.
2497 5862 2732 5917 ἀντίζηὶοί
2765 5878 2872 5917 σου,
2900 5857 2952 5907 bl
3006 5859 3203 5906 ἐναντίοι
3240 5875 3347 5915 σου,
3389 5857 3552 5908 wnndi
3593 5867 3648 5907 cl

2075 5921 2348 5974 aduersarii
2373 5921 2459 5980 tui.
2484 5924 2606 5972 illud
2629 5929 2766 5970 certe
2802 5922 2990 5980 evenit,
3030 5920 3161 5980 quod
3180 5928 3281 5982 -ινν
3304 5919 3472 5970 civitas
3490 5927 3543 5970 et
3571 5930 3651 5983 “ty

2079 5995 2298 6046 inimicus
2324 5995 2504 6056 plurali
2524 5995 2768 6059 gaudeant
2783 5993 2959 6044 iisdem
2991 5993 3174 6055 scripto
3203 5989 3401 6041 litteris.
