4070 6340
309 318 408 373 417

306 435 451 488 latuit
478 443 525 487 te
543 432 785 504 fortitudo
813 448 922 487 mea
940 447 1039 503 qua
1065 434 1229 504 factus
1253 446 1363 485 sunt
1389 430 1442 483 in
1468 426 1662 482 occulto
1687 439 1706 477 :
1741 420 1878 476 varie

305 535 594 595 compactus
612 541 724 579 sum
761 534 815 578 ut
843 526 898 579 in
916 524 1103 592 inﬁmis
1131 531 1293 576 teme.
1319 520 1491 586 Alius,
1517 517 1639 573 Non
1663 517 1810 571 latuit
1835 525 1883 568 te

308 617 526 682 potentia
551 631 660 670 mea
678 631 766 669 seu
793 631 907 668 ossa
931 630 1041 668 mea
1063 655 1077 677 ,
1104 613 1222 683 quia
1243 616 1405 682 factus
1429 627 1542 664 sum
1575 609 1630 662 in
1659 607 1877 670 occulto,

307 709 495 779 efﬁctus
521 724 635 761 sum
661 708 714 761 in
739 707 926 776 inﬁmis
953 716 1120 760 terras.
1151 705 1350 759 Omnes
1375 716 1504 773 ergo
1548 699 1733 756 eadem
1765 699 1880 769 ipsa

308 801 614 871 loquuntur,
642 815 854 870 nempe,
881 799 1006 855 dum
1031 800 1278 868 Iingerer,
1308 811 1394 851 me
1422 795 1652 865 perfecte
1678 792 1878 848 forma-

307 905 415 950 tum
447 909 545 965 per
585 903 763 965 partes
793 893 1021 958 novisti,
1049 902 1104 946 et
1136 888 1549 960 unumquodque
1582 886 1880 942 membrum

306 995 361 1041 et
400 987 517 1056 ejus
546 1000 756 1056 quoque
795 985 1184 1040 incrementum
1221 981 1440 1037 scivisti.
1488 978 1642 1046 Quod
1678 986 1732 1034 et
1768 978 1882 1047 ipse

306 1079 466 1134 etiam
504 1077 633 1133 dicit
677 1075 920 1133 Christus
963 1093 976 1131 :
1041 1073 1206 1129 Vestri
1256 1083 1426 1127 autem
1471 1070 1648 1142 capilli
1698 1069 1880 1138 capitis

305 1186 477 1225 omnes
496 1169 742 1224 numerati
766 1176 880 1222 sunt
912 1165 1060 1238 (Luc.
1091 1164 1178 1218 12.
1203 1162 1279 1237 7).
1306 1161 1471 1218 Simul
1491 1170 1670 1215 autem
1685 1168 1739 1215 et
1756 1173 1880 1228 pro-

308 1262 594 1317 videntium
635 1269 686 1314 ct
723 1259 998 1314 scientiam
1028 1257 1217 1311 eodem
1261 1267 1510 1311 sermone
1555 1250 1881 1322 explicatam

307 1353 775 1426 deprehendimus.
809 1351 894 1406 16.
923 1348 1280 1420 Imperfectum
1305 1363 1467 1401 meum
1492 1345 1722 1399 viderunt
1749 1343 1882 1397 oculi

308 1449 400 1502 tui.
450 1446 545 1502 Vel
584 1446 723 1500 idem
756 1445 928 1514 ipsum
958 1455 1142 1497 rursus
1169 1440 1331 1505 dicit,
1364 1453 1451 1492 me
1478 1436 1562 1492 vel
1600 1435 1880 1490 informem

308 1537 481 1602 nosti;
509 1535 644 1592 alius
689 1535 830 1589 enim
880 1533 957 1588 sic
987 1532 1136 1598 dixit,
1197 1529 1477 1602 Informem
1527 1543 1606 1580 me
1649 1527 1882 1580 viderunt

309 1631 442 1685 oculi
469 1629 540 1684 tui
562 1627 686 1684 :vel
722 1627 790 1682 de
817 1626 945 1696 ipsis
983 1624 1301 1686 actionibus,
1330 1635 1522 1689 nempe
1553 1617 1695 1689 quod
1742 1633 1882 1671 non-

307 1722 433 1778 dum
483 1721 674 1776 factum
710 1729 825 1775 erat
869 1718 1116 1773 viderunt
1157 1713 1294 1770 oeuli
1337 1713 1430 1768 tui.
1463 1711 1527 1764 Et
1549 1712 1601 1764 in
1623 1708 1748 1763 libro
1797 1717 1883 1760 tuo

308 1830 479 1868 omnes
507 1812 803 1866 scribentur.
840 1809 933 1864 Die
969 1808 1338 1878 formabuntur.
1361 1813 1405 1858 et
1431 1818 1574 1856 neruo
1592 1802 1644 1853 in
1665 1800 1752 1853 eis.
1788 1798 1884 1851 Est

309 1907 590 1960 obscurum
637 1902 786 1967 illud,
821 1901 913 1955 sed
937 1907 1146 1968 oportet
1175 1896 1224 1951 id
1255 1894 1433 1950 venari
1462 1908 1527 1947 ex
1553 1891 1689 1945 serie
1717 1897 1772 1942 et
1817 1903 1882 1940 ex

310 1997 414 2051 alio
445 1997 752 2063 interprete.
791 1990 943 2060 Quod
997 1989 1137 2044 enim
1175 1987 1335 2048 dicit,
1367 1985 1468 2039 tale
1504 1992 1586 2037 est
1611 2022 1628 2047 ,
1653 1981 1702 2035 ei
1741 1977 1881 2048 quod

311 2087 584 2156 praecessit
616 2084 961 2140 conveniens.
993 2080 1130 2148 Quid
1161 2089 1336 2133 autem
1365 2076 1674 2147 praecessit?
1705 2071 1882 2140 Infor-

306 2195 438 2234 mem
460 2194 538 2230 me
556 2175 792 2229 viderunt
812 2169 954 2223 oculi
974 2171 1085 2221 tui:
1105 2169 1318 2228 hocest,
1334 2181 1454 2219 cum
1469 2166 1705 2217 nondum
1730 2164 1891 2213 ullam

311 2272 540 2340 figuram
565 2265 950 2333 suscepissem,
977 2275 1099 2314 cum
1132 2257 1310 2313 adhuc
1353 2256 1582 2326 tingerer
1617 2263 1670 2309 et
1693 2256 1893 2307 forma-

310 2378 417 2427 rer,
437 2375 522 2414 me
551 2372 702 2426 teque
726 2366 912 2424 aperte
933 2353 1206 2414 viderunt,
1237 2358 1293 2403 ut
1313 2364 1457 2411 eum,
1481 2348 1571 2415 qui
1608 2354 1692 2401 est
1723 2345 1892 2415 figura

311 2450 588 2523 praeditus,
612 2455 664 2501 et
691 2446 838 2499 nullo
859 2443 945 2497 die
975 2451 1096 2512 eget
1116 2440 1182 2495 ad
1212 2455 1366 2494 suam
1392 2438 1799 2507 perfectionem.
1831 2435 1894 2488 Et

315 2553 374 2598 ut
395 2543 536 2597 scias
565 2541 664 2594 hoc
687 2538 760 2592 ita
793 2551 935 2600 esse,
959 2535 1082 2588 audi
1106 2533 1604 2602 interpretationem
1631 2529 1888 2583 alterius:

322 2635 604 2704 lnformem
626 2647 706 2684 me
737 2629 1086 2699 prteritlerunt
1114 2625 1252 2680 oculi
1277 2627 1354 2678 tui
1373 2625 1478 2695 (a),
1503 2640 1620 2677 cum
1653 2621 1894 2676 omnibus

314 2725 399 2794 qui
424 2725 475 2777 in
500 2721 626 2777 libro
646 2732 730 2775 tuo
751 2720 922 2788 scripti
950 2727 1064 2772 sunt
1085 2759 1099 2782 ,
1123 2717 1206 2787 qui
1227 2725 1344 2769 sunt
1365 2714 1622 2784 effingendi
1649 2711 1788 2765 nullo
1808 2710 1890 2763 die

315 2814 592 2882 deficiente.
611 2813 744 2867 Cum
778 2811 902 2875 illis,
924 2809 1111 2877 inquit,
1141 2823 1226 2861 me
1255 2805 1428 2860 vidisti
1445 2803 1533 2874 qui
1549 2804 1813 2872 tinguntur
1835 2801 1886 2854 in

316 2908 501 2962 diebus
511 2920 714 2970 eorum,
733 2903 922 2974 quibus
940 2902 1112 2956 nullus
1131 2900 1246 2955 dies
1270 2899 1454 2954 defuit.
1472 2897 1596 2952 Hazc
1617 2905 1792 2949 autem
1808 2893 1888 2948 di-

317 3000 388 3054 cit
405 3006 509 3053 n0n
523 2997 671 3068 quasi
697 2997 766 3051 sit
795 2995 928 3049 liber
953 2995 1003 3048 in
1024 2995 1287 3063 supernis,
1311 3006 1409 3046 nec
1427 2991 1577 3061 quasi
1595 2990 1684 3043 ulli
1711 2986 1890 3055 scripti

320 3091 445 3156 sint,
490 3089 583 3142 sed
637 3086 921 3156 perfectam
949 3083 1302 3154 cognitionem
1343 3099 1436 3153 per
1466 3082 1656 3135 librum
1685 3078 1892 3148 signiﬁ-

319 3196 471 3245 cans,
498 3177 943 3249 quemadmodum
975 3175 1184 3244 quando
1205 3175 1356 3240 dicit,
1385 3173 1588 3227 Audivit
1614 3171 1886 3233 Dominus,

321 3283 369 3327 et
391 3273 590 3342 scripsit
617 3270 670 3324 in
700 3269 826 3322 libro
853 3267 1101 3336 (Malach.
1152 3267 1205 3320 5.
1238 3267 1346 3336 16).
1398 3265 1467 3319 Ει
1501 3278 1709 3328 rursus,
1751 3261 1894 3316 Libri

326 3365 493 3433 aperti
513 3371 630 3417 sunt
655 3360 813 3434 (Dan.
841 3359 894 3413 7.
925 3358 1032 3430 10).
1059 3359 1144 3412 17.
1167 3356 1296 3411 Mihi
1320 3367 1489 3411 autem
1513 3357 1661 3410 nimis
1683 3355 1890 3408 honori-

324 3455 461 3523 ﬁcati
501 3461 616 3508 sunt
659 3451 810 3505 amici
868 3451 960 3517 tui,
1013 3448 1174 3504 Deus.
1216 3449 1388 3516 Alius,
1427 3447 1646 3503 Pretiosi
1692 3449 1895 3518 fuerunt

324 3548 476 3601 antici
529 3548 602 3600 tui
644 3545 741 3616 (ὁ).
771 3544 885 3599 Νοη
917 3543 1122 3599 esthoc
1149 3557 1310 3614 parva
1355 3542 1545 3605 virtus,
1574 3540 1666 3595 Dei
1693 3540 1895 3593 amicos

329 3641 533 3695 honore
557 3638 790 3694 afficere.
820 3637 1038 3701 Curam,
1068 3636 1277 3706 inquit,
1324 3634 1426 3689 mei
1466 3632 1715 3704 gessisti,
1763 3647 1847 3685 me
1879 3671 1893 3696 ,

326 3751 446 3792 eum
473 3751 574 3789 non
605 3749 777 3790 essem
802 3775 816 3797 ,
859 3731 1174 3802 produxisti,
1219 3747 1305 3785 me
1344 3732 1486 3800 regis
1512 3739 1565 3783 et
1607 3727 1847 3783 contines
1882 3743 1895 3779 :

328 3844 426 3898 ego
446 3835 622 3881 autem
656 3826 792 3880 hanc
816 3824 984 3879 reddo
1011 3823 1514 3887 remunerationem,
1537 3819 1739 3873 amicos
1780 3825 1898 3871 tuos

335 3921 632 3975 houorans.
663 3917 840 3972 Nimis
879 3917 1168 3986 confortati
1203 3923 1325 3970 sunt
1351 3915 1677 3985 principatus
1707 3926 1910 3965 eorum.

335 4013 452 4069 Hoc
472 4023 578 4077 est,
595 4012 701 4082 Ipsi
721 4010 884 4064 validi
908 4018 960 4064 et
979 4015 1224 4078 potentes
1248 4005 1372 4060 facti
1397 4014 1544 4061 sunt.
1569 4005 1722 4058 Alius
1745 4003 1910 4057 dicit:

337 4104 510 4172 Quam
529 4102 848 4172 multiplicia
877 4110 999 4155 sunt
1025 4099 1199 4167 capita
1217 4113 1396 4151 eorum
1411 4095 1504 4167 (c)!
1523 4094 1676 4161 Quod
1697 4093 1914 4162 quidem

335 4197 655 4258 estclarius;
674 4191 1110 4262 subjungitenim
1129 4207 1141 4242 :
1157 4188 1244 4242 i8.
1264 4188 1617 4242 Dinumerabo
1635 4203 1742 4248 eos,
1757 4194 1806 4239 et
1827 4199 1916 4237 su-

333 4302 425 4354 per
436 4301 651 4339 arenam
666 4277 1677 4350 multiplicabunturEgoquidemipsos
1689 4277 1919 4338 honoro,

339 4385 393 4430 tu
418 4385 593 4429 autem
623 4372 818 4426 multos
840 4369 993 4435 facis,
1021 4379 1181 4438 atque
1211 4367 1344 4421 adeo
1371 4365 1551 4437 plures
1568 4378 1729 4418 arena
1760 4381 1774 4417 :
1800 4378 1903 4415 non

337 4467 505 4520 solum
554 4471 730 4518 autem
765 4462 961 4516 multos
985 4501 1000 4526 ,
1050 4458 1145 4514 sed
1177 4459 1335 4513 etiam
1381 4456 1547 4511 fortes
1576 4469 1639 4510 ac
1681 4455 1905 4509 validos.

339 4557 450 4611 Iloc
474 4553 616 4610 enim
666 4554 767 4608 sibi
798 4553 908 4606 vult
965 4550 1114 4615 illttd,
1146 4548 1431 4619 Confortati
1457 4557 1594 4602 sunt.
1633 4545 1905 4614 Dupliccm

337 4659 514 4704 autem
545 4647 674 4702 dicit
720 4645 1146 4715 prosperitatem,
1196 4641 1550 4698 multitudinis
1600 4640 1822 4702 scilicet,
1857 4647 1910 4692 ct

338 4739 548 4794 roboris
583 4739 987 4800 incrementum.
1018 4735 1311 4802 Enurrexi,
1338 4744 1384 4788 et
1407 4732 1576 4786 adhuc
1596 4747 1708 4785 sum
1725 4740 1908 4784 tecum.

340 4831 508 4890 Alius.
542 4827 834 4894 Excitabor,
859 4836 906 4882 et
931 4844 1018 4882 ero
1037 4842 1232 4898 semper
1249 4835 1428 4880 tecum.

411 4921 466 4974 5.
506 4919 620 4973 Νοη
655 4927 738 4973 est
776 4917 879 4974 hoc
917 4933 1133 4988 parvum
1164 4917 1369 4987 signum
1396 4916 1639 4980 virtutis,
1672 4913 1723 4968 in
1749 4913 1912 4969 rebus

342 5009 588 5066 secundis
635 5009 880 5063 virtutem
929 5017 1184 5078 perpetuo
1229 5021 1566 5062 conservare.
1609 5005 1790 5066 Multi,
1833 5004 1913 5059 in-

340 5102 487 5172 quit,
538 5115 659 5155 cum
709 5114 797 5154 res
847 5100 926 5154 eis
969 5099 1218 5156 secunda:
1267 5097 1602 5159 evenissent,
1651 5096 1724 5150 tui
1762 5093 1911 5149 obliti

343 5201 486 5248 sunt.
519 5192 587 5246 At
614 5206 718 5245 non
747 5205 879 5261 ego,
909 5189 1114 5259 inquit,
1145 5188 1241 5244 sed
1264 5189 1423 5244 etiam
1449 5203 1568 5242 cum
1597 5185 1911 5252 exsurrexi,

343 5285 446 5340 hoc
481 5291 595 5347 est,
625 5299 746 5339 cum
775 5297 890 5337 sum
921 5282 1172 5337 liberatus
1199 5296 1228 5335 a
1256 5280 1442 5346 malis,
1473 5294 1684 5349 semper
1709 5293 1804 5347 ero
1829 5284 1913 5332 te-

341 5393 484 5433 cum.
529 5375 616 5430 19.
644 5375 704 5430 Si
730 5374 1002 5439 occideris,
1032 5371 1169 5426 Deus
1188 5412 1202 5434 ,
1229 5381 1526 5441 peccatores.
1557 5369 1672 5424 Non
1703 5369 1803 5423 hoc
1831 5368 1914 5422 di-

341 5471 446 5534 cit,
483 5471 538 5526 Si
581 5467 872 5532 occideris,
912 5474 1036 5520 tunc
1061 5479 1154 5520 ero
1180 5471 1355 5520 tecum
1386 5480 1400 5517 :
1426 5463 1520 5520 sed
1543 5462 1673 5519 illud
1698 5461 1912 5534 quidem

405 5578 480 5698 fa)
513 5585 622 5650 tunc
643 5577 981 5650 Interpretatio
1005 5582 1082 5649 est
1102 5575 1384 5646 Symmachi.

431 5642 478 5698 ὁ)
512 5647 596 5689 the
617 5643 863 5698 lnterpres
883 5651 991 5698 quis
1013 5645 1077 5687 snt
1099 5644 1329 5686 nescitur.

431 5638 478 5700 ὁ)
512 5643 596 5689 ttie
617 5638 863 5702 lnterpres
883 5639 991 5702 quis
1013 5639 1077 5687 sit
1099 5638 1329 5702 nescitur.

403 5698 478 5766 (c)
512 5709 621 5754 ttae
635 5698 971 5765 interpretatio
993 5704 1068 5750 est
1083 5698 1358 5762 Symmachi.

1359 304 1716 367 EXPOSITIO
1755 304 1818 359 IN
1858 303 2183 360 PSALMUM
2212 303 2542 361 CXXXVIII.

3453 312 3559 368 M8

1991 419 2148 473 etiam
2194 419 2394 490 abSque
2440 421 2541 476 hoc
2578 422 2854 492 promisit;
2895 422 3024 493 petit
3063 430 3238 478 autem
3283 421 3384 478 hoc
3407 421 3559 490 fleri,

1989 524 2094 562 non
2123 519 2178 562 ut
2204 508 2381 564 deleat
2409 510 2680 565 hominum
2709 512 3053 567 substantiam
3073 554 3090 579 ,
3121 512 3214 568 sed
3242 523 3300 568 ut
3327 527 3421 567 eos
3439 529 3560 567 mu-

1987 609 2062 655 tet
2090 615 2119 654 a
2147 613 2362 670 peccato
2392 604 2444 657 in
2469 605 2746 669 justitiam.
2774 605 2886 660 Non
2907 606 3216 670 dixitenim,
3238 607 3294 662 Si
3317 607 3560 662 homines

1985 694 2196 748 occidas
2219 734 2236 758 ,
2267 694 2359 748 sed
2385 736 2400 759 ,
2433 693 2745 750 Peccatum.
2791 698 2937 750 Alius
2971 706 3142 752 autem
3184 713 3279 767 pro
3316 713 3382 753 eo
3417 699 3557 768 quod

1986 795 2102 852 est,
2145 785 2471 850 Peccatorcs,
2506 787 2667 849 dixit,
2714 786 3149 858 Trrmsgressorent
3189 786 3288 856 (a),
3339 789 3558 858 loquens

1984 875 2052 930 de
2081 875 2318 931 hostibus
2337 876 2614 930 simulacra
2638 876 3003 932 adorautibus.

2068 963 2174 1018 Viri
2191 967 2490 1036 sanguinum
2511 965 2773 1036 fugiendi;
2801 965 3015 1032 improbi
3038 966 3246 1028 vitandi,
3278 967 3360 1020 lea:
3383 983 3561 1034 sepes;

1983 1055 2286 1110 Judtcorunt
2317 1055 2739 1110 mutabilitas.—
2758 1054 2863 1109 Viri
2881 1055 3182 1125 sanguinum
3204 1097 3220 1121 ,
3248 1057 3490 1110 decliuate
3528 1077 3560 1112 a

1985 1163 2084 1201 me.
2117 1146 2272 1201 Viros
2307 1148 2620 1216 sanguiuum
2659 1145 2786 1200 dicit
2827 1143 3046 1200 sicarios
3070 1185 3084 1209 ,
3133 1147 3420 1202 homicidas
3443 1187 3461 1214 ,
3503 1160 3560 1203 et

1985 1240 2074 1310 qui
2117 1239 2265 1295 ccede
2301 1239 2564 1293 lzetantur.
2594 1238 2710 1294 Non
2739 1247 2820 1293 est
2842 1245 3016 1292 autem
3044 1237 3128 1292 hic
3148 1254 3340 1309 parvus
3364 1241 3560 1309 gradus

1987 1331 2051 1384 ad
2097 1331 2476 1385 incrementum
2515 1330 2722 1383 virtutis
2766 1328 2944 1398 fugere
2990 1337 3045 1381 et
3086 1329 3293 1384 resilire
3321 1331 3388 1382 ab
3417 1331 3559 1397 ejus-

1984 1421 2130 1474 modi
2173 1419 2448 1474 hominum
2491 1419 2972 1488 congressionibus.
3001 1417 3202 1472 Deinde
3226 1419 3560 1488 sultjungitur

1975 1511 2139 1568 etiam
2163 1525 2330 1565 causa
2354 1526 2367 1562 :
2391 1508 2482 1564 20.
2504 1509 2641 1575 Quia
2664 1508 2885 1579 litigiosi
2909 1508 3032 1562 estis
3054 1507 3107 1559 in
3129 1507 3554 1576 cogitationibus.

1978 1605 2155 1671 Alius,
2172 1603 2278 1670 Qui
2297 1601 2544 1656 adversus
2559 1611 2607 1656 te
2619 1603 2866 1656 dixerunt
2890 1602 3254 1670 cogitationem
3271 1598 3366 1664 (ὁ).
3387 1599 3559 1662 Alius,

1989 1693 2241 1760 Quoniam
2278 1691 2690 1746 exacerbaverunt
2734 1701 2780 1744 te
2807 1692 2857 1742 in
2883 1692 3014 1742 malo
3033 1689 3262 1744 consilio.
3289 1689 3418 1744 Vide
3436 1703 3558 1745 eum

1987 1801 2091 1840 non
2115 1801 2354 1854 quaerere
2382 1783 2520 1853 quod
2559 1799 2709 1838 suum
2738 1791 2818 1837 est
2840 1824 2856 1848 ,
2879 1783 2969 1836 sed
2996 1792 3209 1850 propter
3235 1781 3345 1835 Deo
3371 1781 3559 1834 factam

1987 1876 2230 1947 injuriam
2280 1876 2522 1942 resilire,
2565 1884 2620 1930 et
2663 1875 2840 1943 fugere
2865 1875 3074 1929 illorum
3102 1875 3560 1928 consuetudinem.

1989 1969 2098 2024 Hoc
2139 1970 2279 2023 enim
2323 1967 2519 2022 Judzeis
2559 1966 2655 2020 fuit
2696 1981 2851 2021 causa
2899 1966 3174 2026 interitus,
3209 1966 3346 2036 quod
3385 1981 3564 2020 versa-

1988 2068 2171 2113 rentur
2198 2074 2317 2112 cum
2339 2058 2610 2127 improbis.
2634 2057 2889 2125 Quocirca
2915 2058 3082 2127 legem
3111 2073 3321 2126 quoque
3342 2072 3561 2126 accepe-

1988 2160 2143 2213 runt,
2176 2150 2366 2219 aclcge
2391 2149 2772 2218 separabantur
2797 2147 2863 2201 ab
2891 2148 2988 2206 eis.
3015 2158 3066 2202 et
3103 2147 3425 2215 jubebantur
3470 2163 3562 2201 eo—

1989 2259 2104 2295 rum
2133 2243 2300 2296 vitare
2321 2242 2562 2311 conjugia
2580 2283 2594 2305 ,
2621 2257 2847 2310 cumque
2877 2251 2999 2294 tunc
3028 2241 3282 2295 exiissem
3303 2243 3370 2294 ab
3398 2239 3562 2310 Αἰξων-

1991 2344 2104 2404 pto,
2131 2333 2474 2404 quadraginta
2517 2335 2668 2387 annis
2697 2335 2918 2388 seorsim
2944 2333 3151 2388 fuerunt
3178 2334 3228 2387 in
3257 2334 3561 2387 solitudine.

1989 2428 2242 2494 Quocirca
2285 2427 2369 2481 lex
2413 2426 2772 2496 appellabatur
2810 2440 2994 2494 sepes,
3036 2425 3174 2494 quod
3215 2440 3309 2479 eos
3336 2425 3566 2496 undique

1989 2517 2375 2579 circumdaret,
2407 2525 2666 2570 eteorum
2696 2514 3132 2571 consuetudinem
3161 2530 3280 2568 eum
3309 2514 3460 2568 malls
3479 2530 3568 2567 co-

1991 2614 2196 2659 erceret
2225 2622 2239 2658 :
2283 2614 2436 2659 erant
2474 2605 2615 2660 enim
2661 2621 2845 2660 eorum
2877 2619 3052 2658 mores
3074 2615 3228 2673 captu
3254 2619 3317 2658 ac
3341 2605 3570 2657 circum-

1991 2699 2192 2768 scriptu
2232 2696 2412 2751 faciles
2433 2738 2448 2759 ,
2493 2705 2546 2750 et
2571 2697 2867 2750 mutabiles.
2900 2696 3156 2764 Accipient
3183 2696 3234 2747 in
3255 2695 3472 2748 uanitate
3494 2695 3569 2746 ci-

1991 2791 2164 2843 vitates
2205 2798 2336 2843 tuas.
2383 2789 2529 2843 Alius
2550 2830 2564 2850 ,
2603 2788 2738 2842 Vane
2772 2788 2889 2841 eloti
2924 2799 3038 2841 sunt
3065 2788 3229 2840 tumuli
3257 2789 3348 2840 tui.
3377 2787 3524 2840 Alius
3543 2829 3558 2850 ,

1995 2877 2195 2932 Inimici
2237 2880 2327 2931 lui.
2363 2879 2645 2948 Propterea
2679 2877 2882 2947 fugitet
2909 2877 3112 2939 resilit,
3141 2876 3280 2946 quod
3306 2876 3562 2930 adversus

1996 2971 2086 3026 Dei
2129 2972 2350 3041 gloriam
2399 2970 2522 3024 elati
2570 2978 2726 3030 sunt,
2773 2968 2912 3038 quod
2955 2983 3014 3022 se
3051 2967 3228 3037 inique
3253 2976 3567 3036 gesserunt,

1995 3061 2137 3133 quod
2182 3061 2340 3115 verba
2388 3059 2692 3129 hlasphema
2730 3059 2932 3128 loquuti
2975 3066 3118 3112 sunt.
3159 3057 3250 3112 2|.
3283 3057 3465 3111 Nonne
3487 3058 3574 3126 qui

1995 3156 2207 3210 oderunt
2226 3163 2272 3207 te
2293 3195 2308 3219 ,
2339 3152 2548 3206 Domine
2568 3193 2584 3219 ,
2609 3152 2812 3205 oderam
2831 3193 2846 3217 ,
2869 3160 2914 3203 et
2941 3167 3092 3220 super
3109 3150 3335 3203 inimicos
3359 3159 3469 3203 tuos
3495 3159 3575 3202 ta-

1995 3246 2286 3304 bescebam?
2310 3245 2397 3299 22.
2429 3244 2658 3314 Perfecto
2687 3243 2802 3296 odio
2828 3243 3031 3296 oderam
3054 3240 3170 3294 illos
3199 3259 3218 3294 :
3244 3240 3431 3294 inimici
3450 3239 3574 3309 facti

1997 3349 2112 3394 sunt
2156 3339 2297 3392 mihi.
2343 3337 2416 3392 Ita
2457 3337 2617 3391 etiam
2658 3336 2798 3390 Deus
2842 3333 3104 3404 pollicitus
3129 3341 3212 3388 est
3240 3348 3300 3387 se
3328 3332 3572 3387 hostibus

2000 3431 2204 3486 hostem
2253 3429 2481 3483 futurum
2509 3467 2526 3493 ,
2575 3436 2628 3482 et
2669 3425 2987 3480 adversariis
3040 3425 3269 3478 futurum
3317 3423 3572 3477 adversa-

2001 3526 2158 3580 rium.
2205 3523 2330 3578 Ilaec
2369 3523 2510 3576 enim
2556 3529 2677 3576 sunt
2720 3520 2949 3574 maxime
2991 3518 3138 3588 signa
3163 3517 3430 3572 amicitiae.
3461 3516 3578 3586 Ipse

2001 3619 2178 3685 itaque
2209 3616 2316 3670 Deo
2343 3629 2437 3684 per
2459 3620 2741 3683 utrumque
2759 3611 2926 3666 vicem
2947 3609 3137 3665 reddit.
3163 3609 3418 3678 Superius
3434 3609 3578 3663 enim

2000 3711 2132 3764 dixit
2149 3751 2164 3774 ,
2197 3709 2326 3763 Mihi
2343 3716 2507 3761 autem
2533 3706 2677 3759 valde
2701 3704 2929 3758 honorati
2953 3711 3068 3758 sunt
3087 3703 3237 3756 amici
3265 3703 3371 3765 tui,
3405 3698 3540 3753 Deus
3562 3718 3580 3764 ;

2002 3802 2088 3857 hic
2116 3811 2295 3855 autem
2318 3841 2333 3864 ,
2369 3799 2470 3851 Eos
2488 3797 2574 3868 qui
2593 3807 2641 3850 te
2657 3796 2868 3850 oderunt
2892 3795 2975 3849 odi
2998 3811 3016 3848 :
3039 3795 3142 3848 illic
3162 3807 3321 3862 supra
3344 3792 3576 3855 modum,

2003 3905 2057 3950 et
2103 3896 2187 3950 hic
2214 3907 2423 3963 quoque
2449 3905 2608 3960 supra
2639 3889 2874 3944 modum.
2903 3887 3018 3942 Non
3047 3887 3217 3940 solum
3243 3885 3386 3941 enim
3413 3884 3579 3949 dicit,

2007 3987 2245 4049 Oderunt,
2275 3983 2367 4038 sed
2397 3983 2578 4046 etiam,
2608 3979 2940 4034 Tabescebam
2961 4019 2974 4031 .
2998 3977 3089 4032 25.
3110 3976 3281 4030 Proba
3301 3993 3398 4042 me,
3425 3974 3580 4037 Deus,

2005 4090 2051 4132 et
2083 4078 2204 4131 scito
2248 4092 2334 4127 cor
2371 4089 2556 4127 meum.
2599 4071 2866 4140 Interroga
2900 4085 3008 4131 me,
3043 4076 3089 4122 et
3115 4083 3357 4139 cognosce
3379 4066 3581 4119 semitas

2005 4186 2140 4224 meas
2181 4183 2199 4222 :
2237 4167 2326 4221 24.
2359 4177 2404 4219 et
2427 4165 2538 4218 vide
2560 4163 2601 4218 si
2627 4164 2706 4217 uia
2729 4161 3004 4230 iniquitatis
3031 4160 3083 4212 in
3110 4176 3189 4212 me
3213 4167 3320 4224 est,
3351 4167 3398 4210 et
3422 4157 3586 4209 deduc

2006 4275 2085 4312 me
2121 4258 2175 4312 in
2217 4258 2296 4310 uia
2332 4266 2536 4310 (eterna.
2582 4253 2737 4323 Atqui
2774 4252 2907 4306 dixit
2938 4252 2990 4305 in
3017 4249 3276 4319 principio
3307 4265 3320 4302 :
3352 4247 3586 4302 Probasti

2011 4364 2120 4414 me,
2157 4358 2202 4402 et
2229 4346 2501 4416 cognovisti
2524 4359 2618 4396 me.
2651 4343 2730 4396 Tu
2759 4343 3029 4411 cognovisti
3058 4341 3324 4394 sessionem
3349 4355 3510 4393 meam
3539 4347 3586 4393 et

2009 4439 2414 4493 resurrectionem
2455 4451 2636 4489 meam.
2683 4433 2981 4487 Intellexisti
3015 4432 3335 4502 cogitationes
3364 4447 3497 4484 meas
3524 4430 3588 4485 dc

2011 4531 2160 4600 longe
2195 4544 2215 4583 :
2252 4528 2476 4582 semitam
2502 4541 2663 4578 meam
2691 4534 2734 4577 et
2767 4523 3044 4594 funiculum
3073 4538 3235 4575 meum
3257 4522 3584 4592 investigasti.

2011 4619 2078 4674 Et
2098 4635 2266 4672 omnes
2292 4621 2396 4670 vias
2423 4616 2712 4688 prtevidisti.
2738 4614 2812 4668 Tu
2832 4615 3104 4685 cognovisti
3131 4613 3299 4666 omnia
3320 4613 3589 4667 novissima

2013 4721 2061 4765 et
2088 4711 2310 4778 antiqua.
2338 4707 2617 4776 Quomodo
2646 4723 2773 4775 ergo
2802 4707 2888 4761 hic
2915 4719 3098 4760 rursus
3126 4704 3288 4770 dicit,
3319 4711 3587 4774 tamquam

2015 4801 2246 4855 nondum
2275 4799 2526 4868 probatus
2550 4838 2565 4860 ,
2598 4795 2765 4850 Proba
2793 4813 2870 4848 me
2890 4795 2916 4848 .7
2944 4795 3104 4849 Vides
3129 4793 3396 4864 quomodo
3426 4795 3592 4848 utitur

2015 4891 2260 4945 humanis
2286 4887 2603 4942 dictionibus
2621 4929 2636 4953 ,
2671 4902 2773 4940 non
2797 4897 2851 4940 ut
2878 4885 2928 4940 in
2951 4901 3011 4939 ea
3033 4886 3232 4940 vilitate
3255 4901 3589 4945 maneamus,

2016 4983 2109 5037 sed
2151 4991 2209 5036 ut
2233 4995 2350 5035 cum
2382 4982 2488 5034 Deo
2516 4980 2727 5049 dignam
2758 4979 3127 5047 cogitationem
3154 4993 3251 5048 per
3275 4979 3451 5032 omnia
3479 4977 3593 5031 col-

2017 5075 2332 5146 legerimus,
2377 5073 2443 5127 ad
2494 5073 2650 5126 altam
2697 5071 3117 5126 conscendamus
3165 5069 3590 5140 intelligentiam.

2017 5167 2155 5223 Petit
2194 5165 2335 5220 enim
2373 5174 2432 5218 ut
2473 5165 2724 5233 probetur
2761 5171 2816 5216 et
2855 5162 3216 5228 examinetur,
3257 5175 3364 5216 non
3395 5169 3452 5214 ut
3476 5159 3595 5229 ejus

2017 5273 2111 5312 cor
2156 5264 2471 5326 cognoscat,
2517 5254 2611 5326 qui
2660 5261 2785 5308 ante
2825 5253 3000 5308 omnia
3030 5255 3206 5319 novit,
3235 5253 3394 5308 etiam
3421 5251 3595 5320 prius-

2017 5364 2173 5417 quam
2219 5348 2578 5419 gignerentur,
2600 5344 2692 5400 sed
2735 5353 2791 5400 ut
2826 5359 2926 5399 nos
2964 5358 3342 5413 cognoscamus
3365 5383 3379 5405 .
3409 5343 3498 5412 qui
3528 5358 3594 5398 ex

2018 5455 2194 5496 rerum
2225 5439 2367 5494 exitu
2406 5437 2685 5494 discimus.
2727 5437 2836 5491 lloc
2868 5437 3008 5490 enim
3049 5435 3150 5490 sibi
3177 5435 3287 5491 vult
3313 5435 3401 5490 hic
3427 5435 3550 5489 illud
3575 5475 3593 5502 ,

2080 5574 2154 5697 ξαζ
2183 5579 2294 5622 Haec
2315 5572 2431 5621 item
2458 5570 2798 5633 interpretatio
2817 5575 2894 5619 est
2913 5566 3191 5630 Symmachi.

2105 5636 2133 5684 b
2186 5641 2296 5682 [nec
2317 5646 2514 5697 quoque
2537 5632 2876 5696 Iutcrpretntlo
2894 5638 2970 5681 cst
2985 5640 3191 5694 symmac

2046 5628 2514 5760 65:)q3izﬁpmquoquc
2537 5628 2876 5696 luicrpretetlo
2894 5628 2970 5681 cst
2985 5628 3265 5694 symmachi.
3281 5635 3498 5692 sequens
3512 5640 3591 5679 au-
