4070 6340
482 329 587 387 M9

483 445 650 500 Proba
677 457 772 494 me.
808 437 875 493 Et
901 435 1012 491 ride
1036 435 1080 490 si
1108 433 1188 490 via
1211 431 1488 505 iniquitatis
1512 430 1565 485 in
1593 445 1672 485 me
1695 437 1770 484 est
1789 468 1804 493 ,
1826 437 1873 482 et
1896 427 2058 481 deduc

478 552 560 590 me
580 534 632 586 in
659 532 736 584 uia
759 539 967 584 (eterna.

560 623 650 676 Via
692 633 878 676 eterna
914 619 996 672 cia
1019 615 1230 670 uirtutis.
1256 643 1328 654 —
1351 613 1604 681 Quaenam
1657 617 1741 665 est
1766 616 1942 663 autem
1973 607 2056 662 via

476 727 675 772 :ctcrna
700 754 714 774 ,
758 711 858 765 nisi
901 706 1224 778 spiritualis,
1264 714 1319 761 et
1355 718 1473 774 quae
1498 702 1644 757 ducit
1663 699 1716 756 in
1741 709 1929 756 calum
1959 740 1976 765 ,
2004 709 2060 754 et

475 806 626 874 cujus
670 819 772 858 non
804 811 886 856 est
915 799 1077 854 linis?
1103 798 1219 853 Alia
1244 796 1387 852 enim
1419 794 1597 849 omnia
1625 798 1750 848 sunt
1779 791 1976 846 caduca
2005 801 2061 845 et

478 905 848 952 momentanea
873 934 889 959 ,
937 900 992 947 et
1037 891 1144 945 vita
1181 888 1431 959 pratsenti
1476 884 1883 942 concluduntur.
1911 885 2059 951 Quo-

474 992 614 1044 circa
653 988 899 1042 omnibus
926 983 1295 1054 praetermissis
1323 981 1463 1034 illam
1492 977 1683 1050 quzerit
1709 993 1827 1048 qua:
1856 986 1937 1032 est
1961 975 2060 1030 im-

476 1080 748 1142 mortalis,
797 1092 915 1146 qua:
956 1084 1039 1128 est
1082 1072 1417 1128 interminata
1443 1110 1460 1136 ,
1505 1085 1624 1140 qua:
1662 1069 1728 1122 ad
1767 1067 1924 1122 finem
1951 1081 2057 1121 non

477 1171 733 1240 pervenit.
780 1165 1059 1234 Quomodo
1096 1174 1272 1218 autem
1314 1161 1606 1217 deducetur
1629 1159 1748 1230 quis
1773 1159 1838 1212 ad
1865 1155 2058 1211 illam?

475 1264 530 1318 Si
577 1262 666 1316 Dei
722 1261 918 1314 auxilio
947 1257 1182 1321 fruatur,
1211 1265 1263 1309 et
1293 1269 1354 1310 ea
1381 1269 1500 1321 qua:
1523 1267 1618 1306 sua
1639 1259 1763 1306 sunt
1785 1249 2055 1314 conferat,

477 1355 723 1406 virtutem
767 1361 1117 1419 persequens,
1169 1343 1514 1414 philosophia!
1543 1341 1785 1407 deditus,
1817 1351 1873 1396 et
1900 1341 2058 1394 rebus

485 1457 603 1510 quze
649 1439 714 1492 ad
765 1438 903 1492 hanc
944 1437 1102 1489 vitam
1150 1433 1452 1503 pertinent,
1501 1430 1766 1486 excelsior
1814 1429 2055 1484 effectus.

475 1535 605 1600 Quzc
651 1532 791 1585 enim
841 1528 907 1583 ad
951 1527 1097 1582 illam
1124 1526 1286 1579 vitam
1312 1522 1612 1593 pertinent,
1640 1535 1746 1575 non
1773 1529 1898 1574 sunt
1918 1518 2057 1573 fluxa

475 1632 529 1676 et
570 1630 960 1675 momentanea.
997 1618 1174 1672 Virtus
1212 1630 1439 1684 namque
1468 1614 1588 1668 talis
1613 1621 1696 1668 est
1725 1630 1739 1666 :
1767 1611 1926 1668 habet
1950 1611 2060 1666 fru-

475 1723 589 1767 ctus
607 1712 692 1781 qui
725 1720 980 1780 perpetuo
1009 1708 1223 1772 ﬂorent,
1243 1715 1298 1761 et
1323 1721 1610 1775 numquam
1639 1703 1976 1766 ﬂaccescunt,
2004 1714 2059 1758 et

477 1805 611 1858 bona
644 1803 964 1857 immortalia
994 1817 1023 1855 a
1056 1803 1158 1855 line
1182 1809 1236 1854 et
1259 1799 1327 1854 ab
1353 1799 1567 1854 interitu
1601 1801 1817 1852 omnino
1839 1797 2010 1852 aliena
2039 1815 2054 1852 :

476 1911 593 1964 qua:
635 1894 792 1948 detur
833 1893 987 1947 nobis
1032 1891 1277 1946 omnibus
1317 1889 1604 1958 consequi,
1634 1890 1800 1958 gratia
1829 1897 1882 1942 et
1909 1887 2060 1941 beni-

477 1986 678 2054 gnitate
717 1984 921 2037 Domini
964 1982 1130 2036 nostri
1157 1980 1284 2035 Jesu
1309 1978 1541 2044 Christi,
1573 1979 1658 2034 cui
1685 1978 1848 2047 gloria
1875 1987 1928 2033 et
1955 1979 2058 2032 im-

478 2076 681 2145 perium
705 2115 721 2140 ,
769 2089 911 2129 nunc
952 2081 1006 2127 et
1043 2086 1257 2141 semper
1283 2111 1298 2136 ,
1341 2069 1472 2125 etin
1500 2068 1690 2124 siccula
1718 2069 2054 2123 smculornin.

476 2168 669 2220 Amen.

901 2294 968 2350 IN
992 2292 1309 2350 PSAthUM
1337 2292 1626 2349 CXXXIX.

479 2410 532 2463 Ξ.
579 2407 732 2478 Eripe
771 2423 876 2473 nte,
914 2405 1158 2467 Domine,
1185 2405 1246 2459 ab
1269 2406 1469 2460 homine
1492 2404 1624 2460 malo
1653 2421 1668 2459 :
1696 2420 1728 2458 a
1756 2405 1862 2460 viro
1886 2405 2056 2478 iniquo

1135 2497 1271 2565 eripe
1297 2513 1393 2550 me.

551 2611 599 2662 l.
638 2607 879 2662 Voluntas
908 2608 1045 2661 mala
1080 2607 1331 2661 hominem
1374 2608 1595 2680 pejorem
1622 2609 1743 2680 facit
1779 2609 1934 2680 (eris;
1962 2611 2056 2664 ho-

479 2699 598 2752 mini
641 2699 848 2751 noxium
868 2697 996 2751 nihil
1019 2707 1200 2768 prater
1219 2709 1515 2768 peccatum;
1543 2700 1692 2753 homo
1720 2701 1926 2754 vitiosus
1950 2703 2058 2772 fera

477 2789 772 2859 improbior.
799 2819 873 2829 —
901 2789 999 2844 Ubi
1038 2804 1177 2844 nunc
1215 2791 1452 2860 suntqui
1479 2790 1664 2846 dicunt
1687 2831 1702 2856 ,
1733 2793 1909 2858 Quare
1931 2801 2058 2847 sunt

478 2882 640 2937 ferte?
684 2897 850 2952 quare
887 2881 1119 2952 scorpii?
1160 2896 1326 2952 quare
1373 2881 1609 2951 viperae?
1634 2881 1774 2937 Ecce
1798 2881 1942 2938 enini
1972 2885 2055 2938 in-

478 2984 690 3030 ventum
735 2983 819 3029 est
864 2974 1094 3038 animal,
1137 2973 1278 3044 quod
1305 2973 1562 3042 majorem
1590 2974 1825 3028 ostendit
1855 2976 2056 3043 ἰιιιιιινοο

478 3067 693 3124 bitatem
714 3108 730 3134 ,
772 3083 880 3122 non
910 3083 976 3122 ex
1005 3078 1189 3122 natura
1209 3108 1226 3133 ,
1268 3067 1362 3122 sed
1392 3082 1459 3121 ex
1487 3066 1652 3121 libera
1681 3067 1847 3121 animi
1873 3068 2059 3122 volun-

476 3167 618 3226 tate,
650 3173 840 3228 nempe
871 3157 1050 3212 homo.
1081 3152 1208 3210 Ideo
1225 3153 1491 3225 propheta
1526 3173 1740 3229 quoque
1764 3158 1865 3214 iliis
1886 3159 2058 3213 omni-

484 3251 586 3305 bus
637 3249 1042 3320 praetermissis,
1092 3256 1244 3318 rogat
1290 3258 1348 3302 ut
1389 3248 1458 3302 ab
1491 3260 1559 3303 eo
1597 3245 1880 3305 liberatur.
1921 3248 2059 3317 Quid

481 3359 641 3412 ergo,
682 3343 769 3397 die
822 3341 981 3408 mihi,
1020 3355 1240 3410 quaeso,
1279 3341 1531 3411 quoniam
1576 3340 1621 3394 is
1665 3340 1783 3394 talis
1805 3351 1920 3407 est,
1954 3358 2058 3396 non

482 3434 715 3503 oportuit
753 3433 893 3502 gigni
938 3432 1216 3486 homines?
1259 3431 1368 3487 Sed
1405 3442 1661 3486 extrema:
1700 3439 1783 3486 est
1813 3435 2060 3488 amentia:

477 3524 579 3580 hoc
623 3525 831 3578 discere
873 3540 886 3576 :
934 3523 1064 3578 nihil
1109 3524 1248 3578 enim
1279 3521 1529 3593 estquod
1557 3522 1714 3577 laedat
1742 3523 2015 3580 hominem
2040 3566 2057 3590 ,

477 3615 578 3669 nisi
608 3615 782 3668 solum
814 3623 1088 3684 peccatum
1123 3631 1136 3666 :
1167 3628 1233 3668 eo
1256 3625 1433 3668 autem
1457 3614 1669 3670 sublato
1690 3655 1704 3679 ,
1734 3617 1910 3670 omnia
1936 3628 2061 3670 sunt

477 3706 648 3762 facilia
674 3747 688 3769 ,
734 3707 974 3776 expedita
996 3747 1011 3771 ,
1055 3720 1118 3761 ac
1146 3707 1424 3776 tranquilla
1457 3723 1470 3761 :
1499 3707 1945 3778 quemadmodum
1967 3751 1980 3772 ,
2013 3711 2058 3764 si

476 3800 529 3854 id
575 3801 742 3865 adsit,
769 3809 891 3855 sunt
917 3801 1096 3854 omnia
1126 3801 1365 3870 scopuli,
1389 3809 1733 3871 tempestates
1761 3812 1815 3856 et
1843 3802 2059 3856 naufra-

477 3893 579 3960 gia.
622 3891 790 3946 Nemo
831 3901 1008 3946 autem
1054 3906 1151 3946 nos
1179 3891 1531 3959 condemnet,
1559 3892 1604 3947 si
1635 3892 1871 3948 dicamus
1899 3894 2059 3948 vitio-

478 3998 595 4036 sum
637 3981 904 4036 hominem
950 3997 1069 4037 esse
1097 3981 1209 4036 fera
1239 3983 1618 4051 improbiorem
1647 3999 1662 4037 :
1694 3998 1755 4038 ea
1783 3985 1924 4038 enim
1957 3985 2056 4039 etsi

485 4076 776 4128 naturalem
820 4087 925 4128 non
972 4075 1130 4130 habet
1158 4075 1616 4131 mansuetudinem
1641 4116 1656 4141 ,
1686 4085 1858 4145 potest
1884 4086 2059 4133 tamen

479 4165 636 4220 facile
679 4165 891 4236 decipi,
935 4175 988 4220 et
1034 4166 1086 4221 id
1127 4167 1270 4235 quod
1303 4177 1422 4235 est,
1453 4183 1571 4224 esse
1597 4169 1872 4224 cernitur:
1903 4171 2062 4226 homo

477 4268 655 4312 autem
701 4275 788 4327 qui
834 4259 1007 4313 scelus
1053 4259 1340 4314 meditatur
1377 4301 1391 4326 ,
1417 4269 1474 4314 et
1500 4261 1680 4315 multis
1705 4276 1765 4315 se
1790 4261 1948 4316 larvis
1976 4264 2059 4318 in-

478 4350 638 4413 duit,
684 4350 842 4418 longe
883 4349 1149 4404 difficilius
1196 4350 1510 4406 observatur
1550 4360 1603 4406 et
1648 4361 1863 4407 cavetur
1904 4368 2060 4422 quam

483 4441 624 4504 fera,
671 4449 727 4493 ut
770 4441 859 4509 qui
904 4441 1018 4495 ovis
1064 4441 1257 4510 pellem
1289 4458 1434 4511 saepe
1463 4459 1571 4512 pra:
1598 4458 1658 4498 se
1689 4445 1857 4511 ferat,
1881 4446 2062 4516 lupum

480 4540 657 4586 autem
685 4531 824 4584 intus
845 4532 1067 4585 occultet
1101 4548 1114 4584 :
1145 4541 1199 4587 et
1221 4532 1343 4587 ideo
1361 4534 1533 4599 multi,
1558 4533 1684 4588 dum
1715 4549 1820 4588 non
1846 4545 2059 4602 cavent,

485 4621 537 4676 in
587 4621 846 4689 ejusmodi
901 4620 1174 4675 hominum
1235 4623 1454 4693 laqueos
1500 4624 1756 4679 incidunt.
1801 4626 2062 4693 Quoniam

481 4727 610 4781 ergo
639 4727 743 4765 non
768 4711 921 4766 facile
945 4711 1269 4781 deprehendi
1311 4725 1532 4783 possunt
1561 4714 1821 4784 ejusmodi
1849 4716 2062 4785 bestiae,

482 4804 738 4874 preplieta
781 4803 847 4857 ad
879 4819 1064 4873 preces
1091 4806 1420 4858 convertitur
1445 4845 1458 4868 ,
1491 4814 1546 4858 et
1575 4805 1665 4859 Dei
1694 4805 1942 4874 implorat
1965 4822 2063 4859 an-

481 4896 664 4950 xilium
687 4936 702 4958 ,
733 4904 787 4948 ut
815 4911 844 4947 a
873 4895 1063 4948 talibus
1092 4894 1345 4949 liberetur
1373 4895 1598 4950 insidiis.
1626 4895 1897 4964 Ejusmodi
1922 4897 2063 4952 enim

484 4985 725 5039 homines
755 5000 895 5054 saepe
924 4985 1066 5040 subit
1088 4985 1362 5051 diabolus,
1395 4995 1450 5040 et
1477 4987 1548 5039 ita
1578 4985 1721 5040 ferit.
1752 4986 1909 5040 Multa
1935 5002 2064 5056 ergo

482 5086 644 5143 sunt,
673 5093 790 5146 qua:
819 5077 1040 5132 tendunt
1065 5078 1295 5147 undique
1324 5076 1564 5132 insidias.
1596 5076 1728 5132 Nam
1757 5079 1918 5132 homo
1943 5094 2065 5133 sce—

483 5170 682 5224 leratus
725 5169 824 5224 hoc
871 5168 1024 5232 facit,
1055 5180 1106 5224 et
1136 5186 1306 5224 saevus
1331 5171 1540 5225 daemon
1573 5171 1772 5226 bellum
1801 5172 1940 5242 gerit
1962 5215 1977 5234 ,
2007 5185 2070 5230 et,

483 5261 815 5316 intoleranda
847 5262 1068 5316 tentatio
1097 5261 1393 5315 molestiam
1418 5262 1654 5317 exhibet.
1677 5262 1941 5330 Quocirca
1968 5264 2064 5317 do-

483 5369 667 5409 cemur
691 5363 902 5407 orantes
928 5353 1105 5406 dicere
1125 5393 1140 5416 ,
1174 5351 1255 5405 Ne
1283 5369 1374 5406 nos
1397 5353 1608 5406 inducas
1633 5354 1684 5406 in
1718 5355 2062 5420 Mutationem,

483 5445 572 5500 sed
599 5445 752 5498 libera
781 5461 871 5499 nos
899 5455 931 5498 a
963 5445 1096 5498 malo
1127 5444 1338 5512 (Matth.
1373 5447 1428 5500 6.
1461 5447 1572 5513 l5).
1605 5445 1780 5499 Varia:
1811 5457 1936 5500 sunt
1968 5463 2063 5515 pu-

481 5551 601 5602 gnae
619 5577 636 5600 ,
662 5537 907 5605 aciesque
929 5535 1262 5607 multiplices,
1295 5547 1348 5591 et
1375 5545 1588 5606 oportet
1612 5551 1732 5590 esse
1759 5546 1970 5606 paratos
1992 5537 2060 5591 ad

485 5629 686 5682 omnia.
731 5628 878 5683 Sicut
923 5628 1062 5681 enini
1100 5628 1188 5698 qui
1229 5627 1296 5680 ad
1340 5642 1488 5682 mare
1517 5640 1599 5682 ρει
1627 5641 1979 5693 accessurus,
2011 5635 2064 5682 et

491 5732 753 5788 aquarum
779 5716 1129 5774 vfolcntarnm
1153 5716 1433 5789 impetum,
1473 5717 1577 5773 vim
1609 5718 1915 5774 immanium
1937 5733 2064 5776 vcn-

1161 317 1221 376 S.
1260 315 1538 375 JOANNIS
1572 310 2042 372 CilRYSOSTOMl
2081 309 2397 368 ARClllEP.
2437 305 2973 366 CONSTANTINOP.

3640 308 3746 365 £20

2171 434 2376 484 torum.
2424 422 2643 478 nubium
2689 435 3006 476 concursum
3033 461 3049 484 ,
3099 434 3366 490 rupesque
3404 425 3459 476 et
3497 420 3746 488 scopulos

2165 515 2422 579 marinos,
2451 513 2745 567 bellnarum
2775 511 3145 579 irruptioncm,
3172 510 3458 579 piratarum
3488 510 3749 566 incursio-

2164 622 2316 668 nem,
2364 607 2554 660 famem
2573 645 2590 671 ,
2637 604 2777 658 sitim
2803 645 2818 668 ,
2854 603 3136 657 stationem
3165 616 3272 658 non
3301 604 3430 656 satis
3459 612 3624 656 tutam
3655 617 3744 656 na-

2165 699 2353 763 vibus,
2384 707 2662 752 nautarum
2692 695 3140 764 contemptionem
3159 737 3175 758 ,
3205 693 3382 750 viatici
3408 695 3670 763 inopiam,
3695 704 3749 748 et

2163 801 2510 858 quantumque
2563 795 2689 840 sunt
2739 784 3038 854 ejusmodi,
3085 783 3245 841 debet
3295 785 3634 840 considerare
3683 801 3747 840 ac

2167 879 2472 948 prospicere
2494 917 2512 945 ,
2556 885 2611 932 et
2657 876 2912 932 adversus
2950 891 3012 931 ea
3041 878 3215 930 omnia
3241 878 3410 932 aciem
3438 877 3699 932 imtrnere
3734 897 3747 930 :

2164 969 2235 1024 ita
2262 970 2421 1024 etiam
2447 969 2536 1036 qui
2563 967 2707 1022 venit
2735 965 2786 1021 in
2814 967 3054 1035 euripum
3081 967 3201 1020 vita:
3231 968 3528 1036 praesentis,
3555 968 3743 1022 adver-

2164 1076 2256 1116 sus
2284 1061 2527 1131 corporis
2551 1060 2859 1114 affectiones
2876 1101 2891 1125 ,
2923 1059 3179 1116 adversus
3203 1060 3418 1114 morbos
3438 1061 3632 1125 animi,
3655 1061 3750 1115 ad-

2163 1167 2349 1207 versus
2394 1150 2668 1205 hominum
2715 1151 2931 1204 insidias
2954 1192 2969 1214 ,
3009 1151 3266 1206 adversus
3304 1153 3634 1206 inimicorum
3663 1153 3747 1207 in-

2160 1256 2346 1298 cursus
2370 1281 2386 1307 ,
2435 1248 2622 1296 contra
2671 1241 2914 1295 lictorum
2957 1241 3248 1296 amicorum
3284 1241 3531 1307 fraudes,
3563 1254 3745 1300 contra

2161 1342 2527 1403 paupertatem
2571 1348 2633 1386 ac
2677 1343 2934 1386 tormenta
2954 1373 2969 1398 ,
2999 1333 3255 1388 adversus
3284 1335 3664 1404 contumelias,
3689 1343 3746 1392 et

2162 1425 2465 1478 daamonum
2509 1424 2796 1493 phalanges
2835 1424 3137 1494 diabolique
3166 1425 3394 1480 furorem
3414 1467 3429 1490 ,
3461 1442 3556 1495 par
3579 1441 3660 1482 eSt
3689 1437 3749 1482 ut

2162 1530 2221 1570 se
2264 1524 2545 1584 praeparet,
2578 1516 2624 1569 si
2653 1515 2865 1585 quidem
2900 1515 2968 1569 sit
2997 1516 3049 1570 in
3081 1515 3260 1570 urbem
3291 1516 3490 1586 regiam
3517 1532 3744 1586 perven-

2163 1616 2313 1662 turus
2336 1647 2351 1672 ,
2381 1615 2438 1662 et
2465 1607 2733 1662 mercibus
2761 1615 2982 1661 onustus
3001 1607 3054 1662 in
3083 1618 3289 1677 portum
3318 1609 3661 1678 appulsurus.

2236 1697 2476 1751 Diabolus
2511 1698 2737 1752 absolute
2772 1698 2982 1762 malus;
3021 1699 3185 1752 malus
3223 1697 3320 1753 sibi
3341 1697 3440 1769 ipsi
3460 1698 3558 1753 soli
3585 1707 3744 1753 nocet.

2159 1817 2229 1826 —
2253 1788 2424 1856 Atque
2450 1786 2538 1841 hic
2563 1787 2778 1856 quidem
2803 1797 2958 1842 vocat
2982 1788 3183 1842 malum
3205 1787 3470 1843 hominem
3497 1806 3510 1841 :
3536 1789 3746 1858 quando

2162 1886 2342 1933 autem
2393 1877 2624 1947 loquitur
2669 1877 2738 1932 de
2785 1877 3032 1943 diabolo,
3081 1877 3326 1933 absolute
3367 1878 3498 1932 dicit
3526 1879 3744 1932 malum.

2161 1969 2399 2036 Quanam
2439 1969 2506 2023 de
2533 1969 2735 2022 causa?
2765 1969 3024 2035 Quoniam
3057 1968 3170 2037 ipse
3195 1977 3278 2023 est
3311 1977 3461 2038 pater
3485 1969 3743 2038 improbi-

2167 2060 2286 2113 tatis
2312 2076 2325 2112 :
2358 2069 2412 2113 et
2441 2059 2560 2114 ideo
2586 2058 2780 2113 dicitur
2805 2058 2974 2113 malus
3003 2073 3098 2128 per
3124 2059 3493 2114 excellentiam
3518 2100 3533 2124 ,
3569 2069 3622 2112 et
3652 2074 3747 2129 pro

2161 2152 2376 2206 nomine
2429 2151 2646 2220 prOprio
2691 2149 2884 2204 sufﬁcit
2925 2149 3240 2219 adjectivum
3286 2159 3503 2219 prepter
3542 2150 3747 2219 insigne

2160 2242 2344 2296 vitium
2369 2283 2383 2306 ,
2427 2242 2568 2311 quod
2594 2241 2806 2312 quidem
2839 2257 2944 2296 non
2971 2252 3053 2296 est
3077 2242 3290 2297 insitum
3320 2252 3542 2309 natura,
3573 2242 3665 2296 sed
3692 2241 3742 2297 ei

2159 2335 2402 2388 accessit.
2431 2332 2582 2400 Quod
2612 2333 2656 2387 si
2687 2332 2845 2387 etiam
2873 2332 3012 2388 seire
3044 2332 3177 2388 velis
3205 2331 3346 2387 unde
3367 2333 3436 2386 sit
3459 2332 3744 2388 deductum

2161 2441 2354 2480 nomen
2402 2424 2789 2494 improbitatis,
2837 2441 3080 2494 magnum
3110 2439 3320 2495 quoque
3359 2425 3482 2479 hinc
3512 2425 3740 2480 fructum

2159 2516 2444 2587 percipies.
2491 2515 2804 2585 lmprobitas
2843 2515 2984 2570 enim
3031 2514 3216 2572 Graece
3239 2516 3380 2572 dicta
3404 2525 3488 2572 est
3514 2529 3744 2590 πονηρία,

2159 2621 2226 2661 eo
2266 2605 2405 2676 quod
2453 2614 2620 2668 πόνον,
2666 2606 2766 2660 hoc
2807 2615 2889 2660 est
2911 2647 2925 2671 ,
2956 2607 3187 2661 laborem
3213 2615 3270 2662 et
3297 2623 3585 2663 aerumnam
3619 2624 3744 2680 pos-

2161 2700 2359 2756 sessori
2403 2699 2607 2756 alferat.
2635 2699 2894 2768 Quocirca
2924 2699 3136 2769 quidam
3168 2701 3382 2769 sapiens
3411 2701 3512 2757 hoc
3540 2701 3747 2770 signiti-

2159 2805 2288 2846 cans
2329 2792 2459 2846 dicit
2489 2809 2506 2844 :
2536 2790 2599 2846 Si
2625 2793 2693 2845 sis
2721 2791 2911 2856 malus,
2943 2791 3078 2844 solus
3105 2791 3305 2846 [tauries
3333 2791 3469 2846 mala
3499 2807 3517 2846 :
3544 2793 3623 2846 sin
3651 2791 3745 2847 bo-

2159 2899 2254 2938 nus
2272 2923 2287 2949 ,
2312 2883 2400 2937 tibi
2423 2881 2520 2953 ipsi
2539 2893 2686 2953 atque
2708 2883 2807 2936 tuis
2824 2881 3065 2952 proximis
3091 2880 3271 2953 (Prov.
3303 2881 3358 2937 9.
3389 2881 3501 2956 12).
3527 2884 3590 2938 Et
3609 2899 3747 2954 quo-

2161 2974 2319 3029 modo
2344 3015 2358 3038 ,
2383 2974 2524 3030 dicet
2552 2974 2838 3044 quispiam,
2866 2974 3042 3028 malus
3067 2973 3214 3028 solus
3243 2971 3381 3029 mala
3411 2973 3624 3032 haurit?
3651 2979 3748 3029 At-

2162 3068 2253 3137 qui
2297 3066 2490 3122 multos
2536 3067 2743 3137 probris
2787 3075 2840 3120 et
2869 3064 3207 3120 contumeliis
3230 3062 3414 3120 afficit.
3445 3065 3548 3122 Sed
3575 3066 3748 3120 nemi-

2162 3173 2286 3213 nem
2329 3159 2512 3225 laedit,
2555 3158 2644 3228 qui
2688 3171 2792 3211 non
2827 3157 2898 3212 sit
2922 3157 3098 3212 mollis
3119 3196 3139 3225 ,
3164 3155 3383 3226 ignavus
3409 3163 3466 3212 et
3492 3156 3652 3212 iners.
3681 3156 3748 3212 Et

2162 3249 2206 3304 si
2237 3249 2366 3306 velis
2388 3291 2403 3316 ,
2435 3249 2573 3304 man
2602 3248 2816 3302 homine
2839 3247 3094 3314 dimisso,
3128 3247 3300 3317 ipsum
3329 3249 3525 3302 malum
3551 3249 3750 3302 daemo-

2163 3357 2286 3398 nem
2331 3343 2385 3396 in
2414 3341 2645 3397 medium
2675 3340 3018 3396 adducamus.
3051 3341 3145 3396 Dic
3173 3341 3305 3396 mihi
3335 3352 3544 3410 autem,
3569 3355 3748 3396 annon

2162 3449 2373 3488 onlnem
2413 3448 2561 3487 suam
2604 3432 2789 3488 effudit
2834 3432 3270 3503 improbitatem?
3293 3448 3419 3488 num
3447 3434 3583 3488 laesit
3607 3433 3749 3488 Job?

2163 3539 2340 3578 annon
2384 3524 2531 3578 illum
2570 3524 2781 3594 quidem
2822 3523 3054 3579 reddidit
3092 3524 3408 3590 clariorem,
3439 3525 3538 3579 sibi
3566 3538 3743 3581 autem

2163 3617 2462 3686 graviorem
2491 3615 2692 3683 lapsum
2715 3617 3056 3686 procuravit?
3081 3616 3215 3684 Quid
3239 3631 3364 3674 vero
3387 3616 3545 3673 Cain?
3573 3634 3747 3673 annon

2164 3708 2311 3762 solus
2356 3709 2492 3763 mala
2538 3708 2750 3764 hausit?
2799 3707 2950 3774 Non,
2997 3710 3197 3779 inquit,
3248 3709 3345 3766 sed
3388 3712 3549 3766 etiam
3593 3712 3747 3766 Abel.

2165 3801 2442 3868 Quomodo
2464 3841 2480 3868 ,
2511 3809 2566 3854 et
2590 3816 2692 3869 qua
2723 3799 2965 3854 ratione?
2985 3800 3116 3866 Quia
3143 3801 3388 3857 celeriter
3409 3803 3749 3857 transtulissus

2166 3899 2249 3946 est
2291 3895 2344 3945 in
2389 3900 2596 3960 portmn
2641 3891 2801 3944 nullis
2827 3891 3074 3946 [luctibus
3098 3891 3376 3961 agitatum.
3403 3879 3518 3948 Sed.
3541 3892 3640 3948 hoc
3669 3903 3750 3947 est

2165 3983 2451 4036 maximum
2495 3997 2664 4052 genus
2704 3982 2982 4050 beneficii,
3015 3983 3155 4054 quod
3196 3999 3257 4039 re
3283 3999 3312 4038 a
3341 3997 3402 4040 se
3435 3994 3580 4040 recte
3605 3994 3748 4054 gesta

2166 4075 2354 4129 obicrit
2374 4114 2390 4139 ,
2420 4075 2559 4144 quod
2589 4075 2642 4129 in
2671 4077 2942 4131 communi
2975 4087 3176 4132 natura:
3200 4076 3381 4133 debito
3402 4079 3566 4148 probe
3587 4094 3747 4148 nego-

2167 4167 2328 4220 tiatus
2370 4165 2457 4220 sit.
2489 4165 2620 4220 Nam
2648 4166 2789 4237 quod
2819 4177 2936 4223 erat
2964 4169 3083 4223 aliis
3107 4184 3390 4225 commune
3408 4210 3422 4234 ,
3450 4180 3507 4226 et
3532 4171 3748 4226 accide-

2168 4258 2254 4312 bat
2281 4273 2345 4311 ex
2376 4259 2728 4324 necessitate,
2759 4257 2860 4314 hoc
2889 4260 2936 4314 ei
2963 4275 3081 4315 cum
3111 4261 3287 4329 ampla
3318 4261 3566 4317 mercede
3593 4277 3747 4315 acce-

2166 4347 2263 4402 dit.
2313 4347 2425 4403 lloc
2471 4364 2578 4403 non
2621 4359 2736 4404 erat
2773 4349 2970 4404 malum
3011 4351 3308 4418 sustinere,
3353 4352 3446 4406 sed
3469 4353 3748 4406 clariorem

2167 4439 2327 4507 capiti
2355 4454 2607 4494 coronam
2634 4441 2934 4508 imponere.
2965 4440 3099 4508 Quid
3129 4456 3255 4496 vero
3275 4441 3472 4513 Joseph
3500 4444 3749 4498 heserunt

2167 4527 2396 4584 fratres?
2426 4545 2601 4586 nonne
2636 4532 2733 4600 ipsi
2762 4531 2859 4585 soli
2887 4532 3024 4586 mala
3053 4531 3388 4589 hauserunt?
3415 4537 3485 4589 At
3509 4534 3642 4600 fuit,
3671 4538 3750 4590 in-

2167 4619 2316 4692 quit,
2360 4636 2567 4676 servus.
2606 4621 2742 4689 Quid
2785 4622 2932 4676 tum?
2978 4623 3089 4692 Ego
3125 4639 3252 4679 vero
3293 4625 3413 4680 dico
3439 4640 3561 4681 eum
3588 4627 3747 4680 etiam

2169 4715 2403 4768 vinctum
2435 4715 2451 4746 ί
2497 4713 2680 4769 fuisse.
2709 4715 2814 4770 Sed
2845 4732 2948 4769 non
2977 4725 3059 4770 est
3083 4716 3184 4772 hoc
3211 4718 3352 4787 quod
3372 4720 3650 4789 queritur,
3680 4735 3748 4775 an

2169 4805 2329 4860 fuerit
2369 4821 2557 4861 servus
2576 4847 2592 4873 ,
2622 4816 2676 4862 et
2712 4808 2764 4862 in
2793 4808 3016 4863 vinculis
3049 4826 3062 4862 :
3094 4809 3188 4864 sed
3217 4825 3283 4863 an
3311 4826 3375 4866 ex
3404 4826 3471 4866 eo
3497 4811 3748 4867 danmum

2170 4896 2334 4950 ullum
2360 4897 2646 4968 acceperit.
2669 4896 3002 4953 Contrarium
3029 4901 3170 4955 enim
3201 4901 3498 4958 invenimus
3516 4944 3532 4967 ,
3561 4920 3752 4975 nempe

2170 5002 2292 5041 eum
2343 4988 2564 5056 plurima
2618 4988 2878 5045 lucratum
2928 5004 3083 5057 esse,
3131 4993 3300 5061 utqui
3329 4993 3558 5064 sitapud
3587 4995 3750 5050 Deum

2172 5079 2447 5148 plurimam
2498 5077 2741 5134 fiduciam
2780 5091 3169 5150 consequutus,
3199 5093 3254 5136 et
3279 5097 3376 5153 per
3400 5099 3462 5140 ea
3488 5101 3607 5154 qua:
3634 5101 3752 5141 esse

2171 5169 2483 5224 videbantur
2510 5171 2807 5238 contraria,
2834 5183 3156 5242 prasentem
3187 5174 3452 5245 acceperit
3479 5178 3749 5247 prosperi-

2173 5269 2352 5314 tatem.

2242 5348 2267 5403 l
2277 5351 2468 5421 mprobi
2505 5369 2604 5406 non
2630 5353 2868 5421 timendi,
2897 5354 2986 5408 sed
3013 5355 3305 5412 miserandi.
3336 5356 3494 5413 Malis
3536 5359 3753 5413 Itomini~

2173 5443 2261 5496 bus
2287 5459 2386 5496 non
2413 5443 2778 5500 insultandunt.
2811 5445 3160 5516 lmproborum
3191 5450 3494 5504 consuetudo
3528 5453 3752 5504 vitanda.

2171 5563 2242 5576 —
2264 5533 2342 5589 Ne
2369 5535 2526 5604 igitur
2554 5536 2832 5593 timeamus
2855 5539 3147 5610 improbos,
3168 5541 3263 5596 sed
3290 5557 3475 5596 eorum
3501 5545 3754 5598 miserea-

2237 5667 2254 5700 ¹
2288 5667 2551 5742 “eitum?
2573 5674 2814 5742 "eritsi"?
2834 5673 2937 5741 quin
2961 5680 3138 5732 δισιὸτης
3151 5708 3166 5731 ν
3184 5687 3287 5742 [τίὲν
3307 5681 3520 5740 δισβδτκν
3539 5689 3586 5742 in
3599 5695 3738 5740 textu

2160 5729 2328 5782 ϐιωςο
2356 5727 2564 5793 legerat,
2586 5735 2750 5793 vertit,
2783 5727 3050 5798 Doininum,
3087 5727 3196 5800 ιζίὸς
3219 5727 3443 5787 vinem-lu.
3539 5727 3737 5742 ...ιν-η-
3775 5727 3780 5750 ς
