4084 6334
550 313 644 372 42!

548 430 668 480 νυνὶ
694 427 751 480 δὲ
780 426 984 494 οὐκέτι,
1007 427 1114 480 τῶν
1147 429 1390 499 οὐρανῶν
1415 428 1550 500 ἡμῖν
1583 432 1768 486 λοιπὸν
1784 442 1803 463 ⁸
1835 433 2119 506 ἠνεῳγμέ-

551 527 679 576 νων,
717 511 811 565 καὶ
852 512 961 565 τῶν
993 510 1294 583 ἀνθρώπων
1330 513 1578 582 ἀγγέλων
1599 516 1930 587 γενομένων.
1971 516 2122 571 Ἐπεὶ

553 594 648 647 καὶ
676 593 864 665 θηρίον
889 595 1028 665 μετά
1056 595 1258 666 πολλῆς
1286 597 1557 667 ἐμπῖπτον
1585 600 1683 667 τῆς
1721 599 1900 671 ῥύμης
1927 603 1993 672 τῇ
2025 597 2120 651 τοῦ

551 678 774 749 δόρατος
798 678 993 748 αἰχμῇ.
1016 678 1162 732 δοκεῖ
1188 680 1287 749 μὲν
1307 679 1397 732 τὸν
1423 681 1719 750 κατέχοντα
1749 682 1810 735 τὸ
1833 684 1958 754 δόρυ
1981 683 2122 752 ἀμύ-

552 762 738 815 νεσθαι
768 761 818 825 δ,
853 763 1044 816 ἐαυτὸν
1078 763 1134 816 δέ
1166 764 1475 835 περιπείρει
1502 764 1858 837 χαλεπωτέρᾳ
1899 765 2080 836 πληγῇ
2106 779 2119 792 ·

553 846 647 897 καὶ
674 845 703 895 0
731 844 866 916 πρὸς
892 846 1093 917 κέντρα
1112 845 1400 913 λακτίζων,
1426 846 1622 917 ὁμοίως
1652 847 1778 911 τοὺς
1822 847 1989 911 πόδας
2034 848 2121 901 αί-

557 928 767 997 μάττει.

627 1010 692 1079 β’.
718 1010 969 1064 Τοιοῦτόν
992 1012 1137 1064 ἐστιν
1157 1012 1190 1080 ἡ
1214 1010 1403 1082 ἀρετὴ,
1424 1011 1623 1083 κέντρα
1647 1013 1741 1065 καὶ
1762 1011 1910 1081 ξίφος
1929 1014 2126 1082 ἠκονη-

556 1094 693 1163 μένα
714 1109 728 1121 ’
754 1095 803 1146 οἰ
832 1093 889 1146 δὲ
921 1095 1147 1165 πονηροὶ
1177 1094 1376 1158 πάντες
1403 1095 1511 1148 τῶν
1547 1095 1750 1166 θηρίων
1787 1094 2001 1167 χείρους
2030 1093 2127 1148 καὶ

556 1174 942 1249 αλογὼτεροιο.
967 1178 1135 1230 Ὅταν
1171 1178 1351 1232 τοίνυν
1379 1177 1573 1232 ἐπίωσι
1605 1182 1717 1242 τοῖς
1741 1179 1984 1247 ἀγαθοῖς,
2009 1179 2129 1232 ἐαυ-

554 1260 681 1323 τοὺς
730 1258 1108 1331 χαλεπώτερον
1134 1261 1534 1332 περιπείρουσι,
1576 1263 1702 1325 τοὺς
1750 1262 1849 1332 μὲν
1889 1262 1969 1324 είς
1995 1263 2128 1332 χρή-

561 1362 706 1415 ματα
731 1344 1047 1414 πολλάκιςῆ
1088 1342 1316 1414 σώματα
1348 1343 1695 1415 ζημιοῦντες,
1742 1345 1897 1398 αὐτοὶ
1947 1345 2005 1399 δὲ
2047 1346 2128 1409 είς

556 1427 732 1499 ψυχὴν
769 1427 1284 1498 παραϐλαπτόμενοι
1306 1427 1405 1497 τὴν
1448 1428 1617 1490 ὅντως
1654 1427 1875 1500 ζημίαν.
1916 1429 1978 1482 Εἰ
2019 1427 2129 1499 γὰρ

561 1513 829 1565 ἔϐλαπτεν
857 1513 1001 1582 ἡμᾶς
1020 1511 1043 1548 ἀ
1068 1513 1144 1574 είς
1165 1511 1265 1582 τὴν
1293 1511 1500 1565 οἰκείαν
1521 1511 1767 1582 ἀρετὴνή
1791 1511 1897 1565 τῶν
1922 1510 2132 1583 χρημά-

560 1597 667 1649 τῶν
693 1596 859 1667 ζημία
883 1635 897 1657 ,
922 1596 1021 1648 ούκ
1062 1596 1127 1648 ἂν
1157 1595 1444 1648 ἐκέλευσεν
1485 1597 1513 1646 ὁ
1543 1595 1751 1658 Παῦλος
1793 1594 2128 1659 ἀδικεῖσθαι,

563 1680 655 1733 καὶ
705 1681 778 1751 μὴ
836 1680 1058 1736 ἆδικεῖν.
1121 1679 1181 1731 Εἰ
1236 1679 1407 1731 κακὸν
1457 1682 1519 1731 τὸ
1546 1678 1848 1732 ἀδικεῖσθαι
1888 1675 1977 1750 ἦν,
2028 1680 2130 1732 οὐκ

560 1765 625 1819 ἂν
661 1766 689 1816 0
724 1764 830 1816 τῶν
886 1762 1103 1830 ἀγαθῶν
1147 1760 1440 1832 νομοθέτης
1491 1760 1639 1816 κακά
1687 1762 1933 1827 ἐπέταξε.
1984 1763 2132 1836 Πλὴν

563 1848 697 1901 ἀλλὰ
720 1848 811 1900 καὶ
831 1845 972 1898 οῦτω
997 1844 1105 1898 τῶν
1135 1846 1470 1917 πραγμάτων
1508 1844 1771 1915 ἐχόντων,
1800 1846 1862 1899 ού
1897 1846 1977 1899 δεῖ
2018 1850 2132 1911 τοῖς

563 1931 823 2001 πονηροῖς
853 1930 1142 1999 ἐπιπηδᾷν,
1172 1928 1292 1980 οὐδὲ
1312 1928 1476 1997 ὁμόσε
1505 1930 1721 1999 χωρεῖν,
1753 1926 1888 1981 ἀλλὰ
1910 1928 2131 1999 φεύγειν

562 2014 657 2065 καὶ
682 2012 947 2065 ἐκκλίνειν
964 2010 1142 2064 αὐτῶν
1170 2010 1269 2075 τάς
1295 2010 1577 2074 συνουσίας
1597 2028 1610 2040 ·
1633 2010 1884 2074 ἐπιόντας
1907 2011 1965 2065 δὲ
1996 2012 2133 2083 μετά

562 2095 810 2166 ἀνδρείας
837 2094 1110 2165 δέχεσθαι.
1147 2094 1246 2146 Διά
1276 2094 1385 2163 γὰρ
1410 2093 1567 2146 τοῦτο
1603 2093 1939 2164 κελευόμεθα
1976 2094 2133 2165 εὔχε-

566 2179 711 2243 σθαι,
746 2180 820 2250 μὴ
846 2178 1105 2237 εἰσελθεῖν
1147 2180 1225 2241 εἰς
1256 2178 1581 2249 πειρασμόν.
1623 2177 1715 2231 Διὸ
1756 2179 1853 2232 καὶ
1866 2174 2019 2244 οὗτος
2054 2182 2133 2234 εί-

564 2260 702 2327 πὼν,
731 2261 970 2326 Ἐξελοῦ
993 2279 1091 2331 με,
1122 2263 1316 2329 Κύριε,
1333 2261 1401 2325 ἐξ
1413 2260 1726 2328 ἀνθρώπου
1739 2261 2026 2330 πονηροῦ,
2044 2264 2136 2315 ἐπ-

542 2376 545 2381 »
564 2354 686 2414 ἀγει
700 2345 781 2410 τὸ,
799 2345 942 2399 Ἀπὸ
957 2344 1175 2413 ἀνδρὸς
1188 2343 1401 2398 ἀδίκου
1413 2343 1605 2413 ῥῦσαί
1619 2359 1718 2412 με·
1741 2344 1902 2398 πάλιν
1919 2345 2133 2413 γενικὸν

564 2427 737 2498 ὄνομα
764 2428 861 2499 τῆς
891 2427 1086 2489 κακίας
1116 2426 1304 2490 τιθείς.
1329 2426 1402 2480 Ού
1435 2425 1544 2497 γάρ
1575 2426 1761 2491 ἁπλῶς
1790 2426 1881 2481 τὸν
1912 2429 2038 2499 περὶ
2066 2428 2137 2482 τά

564 2514 819 2582 χρήματα
842 2510 1043 2576 ἄδικον,
1076 2509 1209 2563 ἀλλά
1230 2509 1320 2564 τὸν
1336 2511 1465 2582 περὶ
1488 2510 1664 2564 πάντα
1687 2510 1919 2564 ἐνταῦθα
1962 2510 2131 2578 λέγει.

566 2592 735 2660 Ἀξιοί
750 2593 807 2647 δέ
829 2592 1110 2665 ρυσθῆναι,
1140 2591 1280 2646 ὥστε
1303 2593 1441 2663 μήτε
1474 2595 1810 2671 περιπεσεῖν,
1849 2595 1984 2664 μήτε
2014 2593 2134 2647 κατ’

565 2677 770 2730 ἐκεῖνον
799 2676 1072 2746 γενέσθαι.
1098 2677 1205 2729 Καὶ
1236 2676 1337 2746 οὐχ
1359 2675 1550 2741 ἀπλῶς
1571 2679 1729 2740 αἰτεῖ,
1757 2676 1891 2730 ἀλλά
1911 2676 1979 2729 τά
2007 2677 2135 2746 παρ’

565 2762 761 2815 ἐαυτοῦ
791 2759 1234 2829 συνεισενεγκὼν.
1268 2760 1367 2814 Διά
1385 2777 1468 2813 τοι
1493 2759 1651 2815 τοῦτο
1684 2762 1741 2813 ἐν
1765 2760 1845 2831 τῷ
1872 2760 2015 2813 τέλει
2041 2758 2136 2813 τοῦ

566 2845 832 2916 προτέρου
858 2845 1074 2915 ψαλμοῦ
1112 2841 1297 2913 φυγὼν
1343 2844 1542 2906 αὐτοὺς
1587 2844 1682 2897 καὶ
1717 2843 1815 2915 τὴν
1863 2843 2000 2915 πρὸς
2035 2844 2137 2896 αύ-

563 2928 691 2992 τοῦς
722 2929 1027 2983 συνουσίαν.
1053 2926 1286 2980 ἐνταῦθα
1325 2925 1425 2997 τὴν
1470 2924 1623 2996 παρά
1658 2925 1750 2978 τοῦ
1785 2925 1919 2979 Θεοῦ
1966 2926 2139 2997 ῥοπὴν

565 3012 727 3066 αἰτεῖ.
743 3013 888 3064 Ἐκεῖ
907 3022 931 3050 θ
952 3011 1050 3082 μὲν
1083 3012 1190 3079 7&9
1209 3010 1277 3063 τά
1292 3011 1420 3081 παρ’
1431 3009 1627 3062 ἐαυτοῦ
1644 3011 1929 3080 εἰσήνεγκε
1943 3009 2138 3078 λέγων,

571 3093 820 3162 Ἄνδρες
852 3094 1132 3164 αἱμάτων,
1151 3093 1464 3147 ἑκκλίνατε
1489 3093 1585 3145 ἀπ’
1601 3093 1768 3161 ἐμοῦ,
1793 3092 1884 3146 ὅτι
1911 3093 2142 3162 ἐρισταί

565 3178 706 3230 ἐστε
735 3180 822 3244 εὶς
854 3178 1284 3247 διαλογισμούς
1302 3194 1317 3209 ⁸
1349 3176 1583 3231 ἐνταῦθα
1612 3176 1667 3229 δὲ
1699 3176 1789 3229 τὸν
1809 3176 1941 3229 Θεὸν
1966 3192 2141 3247 παρα-

568 3259 724 3313 καλεῖ
758 3260 1019 3331 ρυσθῆναι
1051 3260 1157 3313 ἀπὸ
1188 3260 1287 3330 τῆς
1317 3260 1582 3330 πονηρίας
1616 3258 1814 3313 αὐτῶν.
1857 3260 1930 3313 Οὐ
1949 3258 2058 3329 7&9
2078 3256 2141 3312 τὸ

567 3343 730 3415 τυχὸν
751 3345 830 3406 εἰς
876 3343 1172 3413 ἀσφαλείας
1196 3343 1373 3411 λόγον,
1412 3344 1505 3396 καὶ
1543 3342 1744 3408 ἀδείας,
1772 3342 1866 3395 καὶ
1912 3342 2141 3417 ἐλευθε-

572 3428 717 3499 ρίας,
747 3427 839 3479 καὶ
870 3427 1059 3497 ἡδονῆς
1108 3427 1346 3498 ἁπάσης,
1385 3426 1447 3479 τὸ
1470 3425 1580 3480 τῶν
1621 3426 1876 3480 τοιούτων
1914 3426 2141 3498 ῥύεσθαι

575 3510 867 3578 συλλόγων,
898 3511 992 3565 καὶ
1021 3511 1096 3574 ὡς
1116 3510 1451 3583 πορρωτάτω
1493 3509 1867 3581 κατασκηνοῦν
1903 3510 2001 3580 τῆς
2033 3509 2143 3563 τῶν

571 3595 824 3667 πονηρῶν
852 3593 1155 3658 συνουσίας,
1179 3594 1291 3648 ἀλλ’
1325 3595 1359 3664 ἡ
1389 3593 1617 3664 μεγίστη
1652 3594 1810 3647 τοῦτο
1851 3593 2137 3665 εύημερία.

571 3674 706 3732 Εἶτα
734 3678 1064 3748 ὑπογράφων
1083 3677 1261 3730 αὐτῶν
1285 3676 1385 3746 τὴν
1412 3675 1695 3746 πονηρίαν,
1728 3677 1921 3745 ἐπάγει
1948 3679 2042 3731 καὶ
2058 3677 2143 3730 λέ-

571 3779 677 3831 γει·
716 3761 942 3826 Οττινες
980 3761 1334 3829 ἐλογίσαντο
1359 3759 1689 3814 ἀδικίανὲν
1730 3760 2146 3829 καρδίᾳυὸλην

572 3846 687 3914 τὴν
715 3844 944 3915 ἡμέραν
970 3842 1420 3913 παρετάσσοντο
1471 3843 1794 3913 πολέμους.
1831 3839 1982 3909 Εἶδες
2024 3844 2144 3910 πῶς

571 3927 917 3998 δυσφύλακτα
934 3928 1003 3981 τὰ
1031 3927 1211 4000 θηρία,
1239 3929 1382 3982 κατά
1395 3926 1631 3981 διάνοιαν
1654 3926 1971 3998 τυρεύοντες
2008 3927 2023 3967 ί
2074 3928 2145 3983 τὰ

572 4011 737 4073 κακά,
771 4013 867 4065 καὶ
911 4010 1384 4082 κατακρύπτοντες
1418 4012 1477 4064 ἐν
1513 4012 1624 4074 τοῖς
1668 4010 1999 4082 ἀπορρήτοις
2043 4011 2143 4077 τὰς

572 4095 883 4158 ἐπιϐουλάς.
934 4096 1316 4164 Ἐλογίσαντο
1335 4093 1464 4164 γὰρ,
1491 4095 1675 4165 φησὶν,
1706 4095 1777 4147 ἐν
1806 4094 1883 4163 τῇ
1911 4095 2140 4165 καρδίᾳ·

572 4179 868 4240 τουτέστιν,
896 4178 995 4232 οὐκ
1022 4178 1127 4245 ἔξω
1168 4179 1511 4249 προήνεγκαν
1548 4177 1703 4240 τέως,
1730 4177 1841 4230 ἀλλ’
1888 4178 2146 4250 ἔστρεφον

575 4264 721 4316 ἔνδον
743 4272 769 4311 8
793 4262 1070 4327 ὠδίνοντες
1097 4263 1193 4335 τὴν
1232 4261 1517 4335 πονηρίαν,
1552 4262 1647 4315 καὶ
1671 4261 1729 4314 τὺ
1744 4261 1808 4330 δὴ
1836 4262 2147 4333 χαλεπώτε-

579 4364 691 4416 ρον,
722 4347 842 4417 οὐχὶ
873 4346 1362 4417 συναρπασθέντες,
1385 4345 1506 4397 οὐδέ
1528 4346 1980 4416 περιτραπέντες,
2011 4345 2149 4400 ἀλλά

580 4431 777 4503 μελέτῃ
816 4430 879 4483 τὸ
933 4432 1165 4502 πρᾶγμα
1220 4428 1553 4500 ποιούμενοι,
1582 4429 1752 4482 Τοῦτο
1782 4429 1890 4502 γάρ
1924 4431 2039 4484 ἐστὶ
2065 4430 2147 4496 τὸ,

579 4512 729 4586 [421]
768 4512 1148 4582 Ἐλογίζοντο,
1202 4511 1339 4582 μετά
1369 4511 1624 4581 σπουδῆς,
1666 4511 1804 4582 μετά
1845 4513 2151 4583 προθυμίας

578 4597 816 4667 ἀπάσης.
845 4597 1039 4663 Ὅλην
1060 4596 1175 4663 τὴν
1202 4594 1432 4664 ἡμέραν
1469 4593 1926 4662 παρετάσσοντο
1973 4597 2153 4651 πολέ-

574 4699 747 4751 μους.
787 4682 890 4734 Τὸν
928 4681 1040 4752 βίον
1079 4681 1293 4734 ἅπαντα
1316 4680 1404 4733 διά
1441 4680 1633 4734 τούτου
1670 4679 1839 4751 δηλοῖ.
1875 4681 2152 4752 Πολέμους

578 4766 635 4819 δὲ
658 4766 892 4820 ἐνταῦθα
921 4767 983 4819 ού
1019 4764 1244 4829 τούτους
1265 4763 1513 4828 τοὺςπέπὶ
1541 4763 1649 4818 τῶν
1678 4764 2034 4835 παρατάξεων
2059 4766 2153 4819 καὶ

579 4847 667 4901 διὰ
701 4848 809 4902 τῶν
839 4848 1040 4911 ὃπλων,
1074 4848 1211 4902 ἀλλά
1238 4849 1363 4911 τοὺς
1412 4846 1501 4900 διὰ
1524 4847 1632 4900 τῶν
1658 4846 1959 4902 ἐπιϐουλῶν
1980 4850 2152 4902 αἰνίτ-

580 4948 753 4995 τεται,
784 4930 875 4994 οὓς
917 4932 1012 4984 καὶ
1036 4933 1094 4985 ἐν
1116 4932 1342 5003 ἀγοραῖς
1388 4930 1483 4984 καὶ⁵
1512 4932 1571 4984 ἐν
1601 4931 1800 4993 οἰκίαις
1828 4930 2151 5001 πολεμοῦσιν

581 5013 878 5084 ἄνθρωποι,
910 5014 970 5068 ού
1014 5014 1235 5086 θώρακα
1276 5014 1602 5085 ἐνδυόμενοι,
1641 5013 1762 5067 οὐδὲ
1788 5013 1989 5068 ἀσπίδα
2019 5031 2153 5083 προ-

645 5099 668 5126 “
700 5098 749 5146 In
776 5098 895 5147 Mor.
918 5100 1081 5147 λοιπόν
1104 5098 1265 5148 deest.

644 5159 673 5198 1³
695 5162 804 5209 Sav.
831 5162 1115 5221 ἀμύνασθαι.

645 5224 670 5285 ’ξ
696 5223 736 5285 LA
746 5222 844 5270 lius
854 5225 943 5285 καὶ
963 5223 1261 5285 ἀγριώτεροι.

645 5282 675 5355 ξ
691 5281 802 5355 ξεν.
829 5283 869 5330 εί
886 5284 967 5332 οὖν
985 5281 1377 5355 ᾗϐλατπενὴμᾷς.

650 5345 675 5409 ξ
693 5343 820 5409 Tres
838 5345 1126 5409 πιεθηροπήν
1147 5343 1282 5409 καλεῖ
1302 5343 1417 5409 ἐκεῖ.

654 5402 674 5442 ί
702 5408 814 5483 δεῖ.
838 5402 1122 5483 τυρεύὸντις.
1151 5407 1269 5455 Mor.
1305 5404 1590 5467 θηρεύοντες,
1631 5405 1795 5455 minus
1823 5412 1978 5456 recte.
2028 5404 2151 5457 Ibid.

587 5468 699 5518 Sav.
721 5468 803 5518 καὶ
822 5468 1119 5530 κρύπτοντες.

651 5529 856 5601 “ﬁdem
893 5531 998 5601 an:
1023 5533 1194 5601 ,έμενον
1234 5530 1381 5601 ενβον-
1403 5527 1664 5601 Ιπιίεεβυρ
1701 5541 1817 5601 πρεςξς
1841 5528 1947 5601 eam
1983 5544 2155 5601 «.mp-

586 5593 856 5653 πασθέντες,
878 5591 1000 5653 οὐδὲ
1018 5590 1411 5653 ὕφαρκασθέντες,
1440 5590 1564 5639 ἀλλὰ
1587 5592 1693 5653 μελ.
1718 5591 1823 5653 Alii
1839 5590 2152 5653 ut_in_lexti1.

594 5656 646 5716 II}
678 5651 852 5716 Morel.
876 5651 1018 5716 illud,
1045 5648 1154 5700 οὐδὲ
1169 5648 1775 5716 ϊςεριτραπιίντες,κείσεται.Δ
1794 5648 1945 5716 Savil_.
1970 5650 2153 5716 ibidem

592 5714 695 5773 οὐχὶ
738 5714 1120 5774 συναρπαγέντες,
1166 5712 1284 5769 οὐδὲ⁴
1307 5712 1680 5776 περιτραπέντες,
1704 5712 1824 5761 ἀλλὰ
1868 5714 2061 5773 μελέτην
2099 5714 2155 5761 τὸ

592 5778 784 5834 πρᾶγμα
804 5776 1093 5834 ποιούμενοι.
1472 5800 1475 5807 ·

1194 314 1254 370 S.
1292 314 1577 373 JOANNIS
1612 316 2100 375 CHRYSOSTOMI
2138 313 2462 374 ARCHIEP.
2500 314 3052 373 CONSTANTINOP.

3689 321 3793 378 49.2

2223 429 2565 499 ϐαλλόμενοι,
2586 429 2702 481 ἀλλ’
2728 429 2851 483 ἀντὶ
2883 432 3084 494 παντὸς
3118 429 3285 484 ὅπλου
3324 432 3390 503 τῇ
3431 430 3665 503 πονηρίᾳ
3705 450 3798 489 κε-

2224 512 2503 582 χρημένοι,
2530 513 2620 566 καὶ
2653 513 2872 583 ῥήματα
2903 511 3072 583 βελῶν
3122 512 3422 585 πικρότερα
3474 513 3791 580 ἁκονῶντες.

2225 592 2298 648 Τὸ
2337 595 2589 666 μέγιστον
2631 594 2689 646 δέ
2737 595 2917 648 αὐτῶν
2949 596 3049 665 τῆς
3100 595 3319 659 κακίας,
3356 596 3454 667 οὐχ
3484 597 3565 650 ὅτι
3591 596 3797 671 δολεριὶ

2229 678 2407 749 μόνον,
2447 678 2557 731 οὐδ’
2605 678 2687 731 ὃτι
2739 677 2960 732 ὖπουλοι
2993 679 3043 744 ιι,
3096 679 3204 732 οὐδ’
3246 680 3328 732 ὅτι
3362 681 3499 751 πρὸς
3528 681 3796 753 πολέμους

2225 761 2432 831 ἔτοιμοι
2465 763 2559 814 καὶ
2595 760 2794 832 μάχας,
2820 762 2934 815 ἀλλ’
2957 763 3040 815 ὄτι
3070 763 3162 815 καὶ
3191 763 3279 816 διὰ
3308 764 3508 828 παντὸς
3534 764 3629 818 τοῦ
3653 765 3791 836 βίου,

2227 845 2321 896 καὶ
2366 844 2622 897 οὐδέποτε
2677 846 2965 917 ἀνακωχὴν
3020 846 3175 918 ἔσχον
3202 848 3301 918 τῆς
3329 849 3573 919 χαλεπῆς
3596 850 3796 923 ταύτης

2227 929 2606 1002 παρατάξεως.
2655 930 2845 983 Καίτοι
2904 948 2967 999 γε
3001 930 3054 983 εἴ
3100 947 3163 1000 γε
3196 931 3476 986 ἐϐούλοντο
3519 932 3794 1005 πολεμεῖν,

2229 1013 2423 1082 ἑτέραν
2453 1009 2596 1082 εἶχον
2625 1012 2839 1067 δικαίαν
2872 1013 3148 1070 ὑπόθεσιν.
3180 1014 3334 1068 Κατά
3351 1016 3459 1087 γὰρ
3484 1014 3593 1069 τῶν
3618 1019 3796 1088 ἁμαρ-

2227 1114 2294 1167 τη
2304 1096 2488 1160 μάτων
2520 1097 2766 1151 ἵστασθαι
2797 1097 2922 1162 ἔδει,
2945 1100 3039 1151 καὶ¹
3067 1098 3204 1170 πρὸς
3237 1098 3329 1152 τὸν
3347 1099 3591 1154 διάϐολον
3617 1117 3797 1172 παρα-

2227 1180 2539 1247 τάττεσθαι,
2581 1181 2830 1253 καὶπρὸς
2857 1182 2928 1235 τά
2964 1184 3246 1254 νοσήματα
3272 1184 3370 1254 τῆς
3420 1183 3599 1254 ψυχῆς
3628 1185 3800 1256 μάχε-

2230 1264 2375 1326 σθαι,
2400 1264 2495 1318 καὶ
2525 1265 2667 1319 κατά
2689 1264 2798 1319 τῶν
2838 1265 3106 1336 δαιμόνων
3137 1266 3337 1337 ἁκονᾷν
3378 1264 3447 1318 τά
3477 1266 3624 1337 ξίφη.
3651 1268 3711 1320 Ol
3740 1268 3800 1320 δέ

2229 1348 2414 1419 ἐκείνῃ
2455 1348 2554 1419 μὲν
2582 1347 2705 1411 οὐδὲ
2737 1348 3109 1420 προκύπτουσι
3135 1352 3203 1420 τῇ
3234 1349 3558 1420 παρατάξει,
3583 1348 3722 1402 κατά
3743 1349 3801 1403 δὲ

2231 1431 2477 1501 ἀλλήλων
2503 1430 2842 1501 βάλλουσιτά
2873 1431 3021 1503 βέλη.
3040 1432 3375 1499 Ἠκόνησαν
3401 1430 3691 1500 γλῶσσαν
3702 1434 3805 1487 ai:-

2233 1513 2354 1568 τῶν
2379 1515 2521 1569 ὡσεὶ
2546 1514 2754 1583 ὄφεως·
2775 1513 2861 1580 ιὸς
2882 1513 3159 1568 ἀσπίδων
3183 1513 3302 1568 ὑπὸ
3319 1514 3390 1568 τὰ
3409 1516 3583 1584 χείλη
3606 1515 3805 1569 αὐτῶν

2232 1598 2348 1652 ἀεί.
2403 1593 2557 1661 Εἶδες
2611 1596 2711 1667 τῆς
2766 1597 2963 1661 κακίας
3012 1598 3110 1669 τὴν
3171 1597 3520 1665 δυσγένειαν;
3588 1599 3673 1665 Ἐξ
3710 1600 3805 1652 ἀν-

2233 1679 2467 1751 θρώπων
2509 1679 2672 1751 θηρία
2711 1683 2873 1743 ποιεῖ,
2926 1680 3158 1744 ἀσπίδας
3203 1680 3297 1733 καὶ
3345 1681 3516 1750 ὄφεις,
3569 1683 3662 1734 καὶ
3706 1682 3806 1750 τὴν

2231 1762 2478 1832 γλῶτταν
2506 1762 2604 1834 τὴν
2648 1762 2872 1834 λογικὴν
2931 1763 3069 1835 πρὸς
3126 1763 3338 1834 ἐκείνην
3374 1763 3670 1834 καταφέρει
3706 1763 3805 1834 τὴν

2233 1845 2549 1918 θηριωδίαν.
2579 1846 2759 1917 Ὅπερ
2784 1845 2843 1899 δὲ
2867 1846 3122 1917 ἀνωτέρω
3149 1844 3429 1917 ᾐτιάσατο,
3463 1845 3622 1899 τοῦτο
3645 1846 3806 1899 πάλιν

2234 1932 2327 1985 καὶ
2348 1929 2580 1984 ἐνταῦθα
2617 1933 2932 2001 κατηγορεῖ.
2966 1932 3123 1984 Ποῖον
3158 1929 3225 1998 δὴ
3246 1928 3437 1994 τοῦτο;
3494 1928 3598 1997 Ἱὸς
3626 1931 3808 1985 ἀσπί-

2233 2015 2353 2068 δων
2375 2015 2491 2070 ὑπὸ
2522 2015 2594 2069 τὰ
2634 2015 2807 2082 χείλη
2842 2013 3058 2077 αὐτῶν,
3122 2016 3306 2085 φησὶν,
3330 2012 3426 2067 ἀεὶ
3465 2014 3511 2079 ί,
3538 2014 3806 2077 τουτέστι,

2233 2097 2514 2167 διηνεκῶς.
2569 2098 2779 2169 Ὠσπερ
2810 2096 2918 2169 γὰρ
2952 2098 3208 2169 ἀνωτέρω
3251 2095 3423 2167 εἶπεν,
3478 2101 3670 2167 Ὅλην
3690 2097 3810 2166 τὴν

2235 2180 2462 2250 ἡμέραν
2475 2180 2929 2250 παρετάσσοντο
2946 2179 3268 2250 πολέμους·
3285 2182 3426 2237 οῦτω
3444 2182 3539 2238 καὶ
3552 2180 3807 2244 ἐνταῦθα,

2248 2265 2582 2333 Ὴκόνησαν
2604 2263 2877 2334 γλῶτταν
2906 2262 3105 2318 αὐτῶν
3127 2265 3269 2320 ὡσεὶ
3287 2268 3495 2336 ὄφεως·
3527 2267 3616 2333 ἰὸς
3638 2266 3812 2320 ἀσπί-

2235 2346 2357 2400 δων
2379 2347 2495 2401 ὑπὸ
2533 2346 2608 2401 τὰ
2654 2347 2828 2417 χείλη
2865 2345 3066 2401 αὐτῶν
3102 2347 3217 2402 ἀεί.
3242 2348 3285 2401 Τ
3288 2348 3316 2401 0
3352 2348 3460 2419 7&9
3498 2348 3813 2418 Διάψιιλμα

2235 2430 2394 2484 τοῦτο
2415 2429 2566 2501 δηλοῖ
2593 2430 2889 2500 πανταχοῦ.
2942 2430 3052 2484 Καὶ
3110 2431 3391 2503 Ἐϐραϊστὶ
3437 2432 3553 2489 Σὲλ
3592 2432 3808 2504 εἴρηται

2236 2512 2298 2565 τὸ
2324 2512 2623 2583 διάψαλμα,
2663 2513 2800 2585 ὅπερ
2821 2512 2992 2579 ἐστὶν,
3014 2512 3120 2567 ἀεί.
3149 2514 3341 2568 Καίτοι
3370 2531 3434 2584 γε
3455 2514 3550 2567 καὶ
3581 2515 3640 2567 ἐν
3674 2514 3808 2587 βρα-

2239 2598 2325 2666 χεῖ
2356 2594 2531 2666 καιρῷ
2559 2596 2813 2666 φορτικὸν
2850 2596 2884 2666 ἡ
2930 2596 3115 2662 κακία,
3152 2597 3280 2652 ὅταν
3322 2596 3378 2650 δὲ
3426 2597 3520 2651 καὶ¹
3552 2597 3813 2669 διηνεκῶς

2239 2676 2409 2748 αὐτὴν
2439 2677 2684 2748 μετίωσι,
2709 2678 2804 2731 καὶ
2844 2677 2976 2748 μηδὲ
3003 2678 3162 2750 κόρον
3194 2679 3533 2751 λαμϐάνωσι,
3559 2680 3716 2734 ποίαν
3744 2679 3816 2734 ἂν

2242 2764 2419 2833 σχοῖεν
2453 2764 2810 2833 συγγνώμην;
2841 2763 2999 2815 ποίαν
3042 2763 3372 2832 ἁπολογίαν;
3416 2764 3813 2834 Φύλαξόνμε,

2239 2847 2435 2914 Κύριε,
2466 2846 2535 2899 ἐκ
2562 2846 2759 2914 χειρὸς
2785 2846 3157 2916 ἁμαρτωλοῦ·
3193 2849 3311 2902 ἀπὸ
3336 2847 3661 2917 ἀνθρώπων
3683 2847 3815 2901 ἀδί-

2240 2945 2362 2982 κων
2392 2926 2605 2993 ἐξελοῦ
2620 2945 2716 2999 με.
2742 2930 2969 2995 Οἵτινες
2986 2930 3400 3000 διελογίσαντο
3419 2931 3527 2985 τοῦ
3552 2933 3816 2985 ὑποσκε-

2238 3013 2410 3066 λίσαι
2439 3011 2511 3065 τὰ
2538 3008 2870 3081 διαϐήματά
2885 3014 3353 3082 μου.Ἕκρυψαν
3374 3017 3426 3067 οὶ
3442 3013 3819 3082 ὑπερήφανοι

2241 3094 2464 3165 παγίδα
2509 3108 2632 3165 μοι’
2683 3094 2781 3148 καὶ
2809 3095 3104 3164 σχοινίοις
3124 3095 3417 3151 διέτειναν
3453 3096 3672 3167 παγίδα
3691 3095 3818 3163 τοῖς

2241 3180 2389 3233 ποσί
2405 3195 2551 3249 μου·
2574 3179 2831 3249 ἐχόμενα
2870 3180 3068 3246 τρίϐου
3111 3179 3430 3235 σκάνδαλα
3465 3180 3668 3235 ἐθεντό
3689 3198 3817 3250 μοι.

2243 3262 2409 3316 Οὐδὲν
2436 3260 2761 3332 ἀδικώτερον
2798 3261 2907 3314 τῶν
2932 3262 3129 3316 κακίαν
3154 3263 3462 3333 μετιόντων,
3481 3263 3530 3317 οἳ
3578 3262 3684 3335 πρὸ
3708 3263 3820 3316 τῶν

2244 3345 2417 3400 ἄλλων
2444 3345 2543 3407 τὰς
2572 3343 2780 3397 ἑαυτῶν
2808 3344 3053 3397 ἀδικοῦσι
3093 3344 3290 3415 ψυχάς.
3341 3347 3507 3400 Ὅταν
3529 3346 3636 3417 γάρ
3667 3345 3820 3399 αὐτοὶ

2247 3427 2542 3482 σκανδάλου
2569 3428 2824 3497 γίνωνται
2856 3430 3041 3490 αἴτιοι,
3089 3428 3216 3483 ὅταν
3257 3427 3350 3482 τοῦ
3383 3428 3518 3481 Θεοῦ
3546 3429 3643 3500 τὴν
3658 3427 3818 3493 δόξαν

2246 3511 2398 3582 παρά
2423 3511 2530 3565 τῶν
2552 3513 2792 3582 ἀνοήτων
2816 3511 3170 3583 λοιδορεῖσθαι
3194 3512 3670 3581 παρασκευάζωσι,
3686 3513 3819 3566 ὅταν

2244 3596 2314 3649 τά
2334 3595 2658 3666 ὀφειλόμενα
2688 3595 2749 3647 οὐ
2804 3593 3171 3648 κατατιθῶσιν
3213 3596 3261 3660 ί,
3318 3594 3454 3648 ἀλλά
3499 3596 3594 3648 καὶ
3640 3592 3820 3664 ψυχὴν

2246 3680 2339 3733 καὶ
2386 3677 2547 3749 σῶμα
2590 3678 2844 3742 λαϐόντες
2886 3679 3038 3750 παρὰ
3082 3677 3177 3731 τοῦ
3226 3678 3605 3749 φιλανθρώπου
3659 3677 3817 3740 Θεοῦ,

2246 3761 2603 3833 ἀγνωμονῶσι
2634 3762 2761 3831 περὶ
2793 3761 2892 3824 τὰς
2913 3759 3170 3833 ἀμοιϐάς,
3205 3763 3300 3814 καὶ
3326 3761 3530 3831 κόσμου
3561 3761 3819 3814 τοσούτω

2248 3846 2345 3899 καὶ
2377 3844 2698 3915 τηλικούτου
2749 3843 3116 3908 ἀπολαύοντες
3147 3843 3375 3912 ἀγαθοῦ,
3417 3846 3529 3907 τοῖς
3556 3842 3820 3907 ἐναντίοις

2247 3926 2583 3998 ἁμείϐωνται
2613 3928 2704 3981 τὸν
2732 3927 3048 4001 εὐεργέτην,
3070 3927 3123 3980 τί
3142 3926 3347 3981 τούτων
3375 3927 3571 3995 γένοιτ’
3595 3926 3663 3980 ἂν
3705 3925 3821 3979 ἁδι-

2248 4009 2518 4081 κώτερον;
2552 4009 2606 4064 τί
2660 4009 2719 4063 δὲ
2756 4011 3261 4081 ἀγνωμονέστερον;
3298 4009 3391 4064 καὶ
3434 4009 3497 4063 τὸ
3545 4009 3611 4080 δὴ
3640 4008 3822 4078 μεῖζον

2248 4094 2342 4148 καὶ
2396 4095 2557 4150 πλέον
2598 4096 2678 4158 εἰς
2732 4095 2931 4159 κακίας
2985 4092 3308 4165 ὑπερϐολὴν,
3350 4095 3432 4147 ὃτι
3473 4093 3568 4146 καὶ
3615 4094 3821 4163 ἑτέροις

2247 4179 2573 4252 ἐπηρεάζειν
2617 4177 2973 4249 ἐπιχειροῦσι.
3027 4179 3449 4247 Διελογίσαντο
3501 4178 3631 4249 γὰρ,
3666 4178 3819 4247 φησὶ,

2251 4263 2357 4318 τοῦ
2393 4262 2801 4319 ὑποσκελίσαι
2832 4262 2904 4314 τὰ
2930 4259 3261 4329 διαϐήματά
3292 4278 3429 4328 μου.
3462 4261 3524 4313 Εἰ
3552 4260 3608 4312 δέ
3637 4262 3713 4330 μὴ
3742 4260 3821 4322 εἰς

2252 4348 2411 4418 ἔργον
2441 4344 2590 4418 [422]
2624 4342 2845 4415 ἐξῆλθεν
2876 4345 2905 4396 0
2933 4343 3212 4414 λογισμὸς,
3243 4340 3400 4395 τοῦτο
3427 4343 3526 4413 τῆς
3554 4340 3648 4394 τοῦ
3686 4339 3821 4393 Θεοῦ

2251 4428 2658 4499 φιλανθρωπίας
2704 4427 2927 4496 γέγονεν
2974 4426 3133 4497 ἔργον
3163 4425 3214 4482 Ιι.
3249 4424 3418 4490 Αὐτὸς
3455 4425 3564 4495 γὰρ
3608 4422 3824 4494 διέκοψε

2248 4512 2317 4565 τά
2339 4529 2473 4581 πονη
2481 4511 2549 4581 ρὰ
2586 4510 2762 4563 αὐτῶν
2785 4507 3141 4579 βουλεύματα.

2319 4601 2389 4663 γ’.
2418 4594 2529 4646 Καὶ
2552 4594 2653 4665 ὅρα
2687 4593 2803 4655 πῶς
2826 4588 2895 4664 ἦν
2935 4591 3348 4663 μεμελετημένη
3379 4592 3413 4661 ή
3442 4588 3695 4660 πονηρία,
3727 4588 3825 4641 καὶ

2256 4677 2391 4748 μετά
2414 4677 2650 4746 σπουδῆς
2679 4677 2712 4746 ἡ
2745 4676 3025 4744 ἐπιϐουλή.
3050 4677 3159 4729 Καὶ
3204 4676 3312 4744 γὰρ
3346 4673 3605 4744 ἔκρυψαν,
3623 4673 3717 4725 καὶ
3742 4673 3847 4725 δι-’

2252 4762 2483 4825 έτειναν,
2512 4759 2609 4812 καὶ
2641 4758 2875 4828 ἐχόμενα
2892 4758 3102 4829 τρίϐου,
3134 4757 3273 4810 ὥστε
3301 4757 3492 4828 καὶτῷ
3521 4760 3705 4826 μήκει,
3730 4757 3827 4808 καὶ

2251 4842 2330 4914 τῷ
2353 4842 2654 4914 λανθάνειν,
2679 4842 2774 4894 καὶ
2806 4840 2884 4911 τῷ
2923 4840 3149 4911 πλησίον
3187 4840 3402 4906 τείνειν,
3437 4840 3577 4893 ἑλεῖν
3595 4840 3690 4894 καὶ
3713 4855 3829 4909 χει-

2254 4907 2555 4999 ρῶσασθαί.
2614 4907 2946 4995 Δημιουργοὶ
2996 4907 3105 4994 γὰρ
3160 4923 3407 4992 ἐγένοντο
3458 4924 3557 4993 τῆς
3605 4907 3825 4986 κακίας,

2254 5008 2588 5081 πανταχόθεν
2619 5008 2949 5070 ἐκτείνοντες
2984 5007 3083 5069 τὰς
3105 5006 3308 5075 πάγας,
3333 5006 3392 5059 ἒν
3429 5005 3589 5077 ἔργον
3604 5005 3833 5075 τιθέμε-

2253 5114 2357 5162 νοι,
2383 5097 2444 5149 τὸ
2474 5095 2737 5149 καθελεῖν.
2774 5092 2962 5146 Βούλει
2998 5091 3187 5162 μαθεῖν
3230 5093 3345 5155 πῶς
3371 5093 3465 5144 καὶ
3515 5093 3543 5145 ὁ
3579 5089 3831 5155 διάϐολος

2252 5179 2476 5234 τοιαῦτα
2508 5178 2687 5247 τίθησι
2711 5177 2956 5246 σχοινίοις
2998 5175 3141 5245 Ὅρα
3168 5174 3329 5227 πάλιν
3369 5175 3462 5228 ἐπὶ
3496 5174 3590 5227 τοῦ
3626 5173 3749 5227 Ἰὼϐ
3765 5175 3831 5228 τὸ

2255 5265 2489 5335 πρᾶγμα
2523 5261 2838 5331 συμϐαῖνον.
2886 5257 2951 5310 Τί
2990 5259 3101 5326 γὰρ
3125 5255 3454 5327 πλατύτερον
3488 5257 3748 5323 ἐκείνων;
3774 5256 3834 5310 τε

2251 5347 2310 5400 δὲ
2344 5348 2712 5419 μακρότερον;
2744 5344 2798 5399 τί
2823 5344 2880 5399 δὲ
2899 5343 3211 5416 ἐγγύτερον,
3232 5343 3363 5395 ὅπου
3392 5358 3456 5411 γε
3477 5341 3576 5394 ούκ
3605 5342 3663 5393 ἐν
3693 5357 3833 5409 συγ-

2314 5458 2344 5497 h
2370 5459 2516 5519 Illud,
2528 5458 2626 5508 οὐδ’
2637 5458 2710 5507 ὅτι
2733 5458 2950 5515 ῧπουλοι,
2963 5456 3197 5519 deeralin
3217 5454 3458 5519 Ποῖ-,θεὰ
3476 5450 3831 5519 ῂεὺείιιτίιιει.

2322 5520 2339 5559 ί
2366 5515 2511 5569 Humi
2529 5521 2688 5569 locum
2707 5519 2780 5569 sic
2797 5520 2944 5568 elfert
2962 5518 3116 5567 Savil.
3140 5531 3154 5567 :
3180 5517 3318 5565 ποῖον
3336 5517 3389 5564 δὲ
3417 5515 3562 5564 τοῦτο
3585 5516 3643 5563 τὸ
3666 5533 3691 5555 σι
3716 5515 3827 5571 ﬁsi;

2265 5582 2353 5639 Ἰὸς
2378 5597 2398 5656 ξ
2419 5583 2511 5656 γὰρ
2533 5599 2558 5624 «ι
2583 5582 2798 5654 ἀσπίδων
2818 5581 2912 5629 ὑπὸ
2928 5580 2990 5628 τὰ
3023 5581 3158 5642 χείλη
3187 5579 3364 5638 αὐτῶν,
3393 5593 3412 5625 ι
3438 5578 3596 5640 φησὶν,
3625 5595 3651 5618 ιι
3678 5576 3776 5635 ἀεί,
3802 5594 3833 5617 ι-

2254 5659 2469 5692 τουτεστι
2486 5659 2726 5700 οιηνεκως.

2325 5708 2338 5757 i
2370 5704 2453 5754 Sic
2477 5710 2587 5756 δαν.
2621 5704 2740 5752 Mor.
2775 5702 3122 5753 κατατιθέασιν.

2326 5772 2350 5807 κ
2376 5770 2487 5819 Sav.
2512 5770 2673 5830 γέγονε
2687 5767 2985 5829 κατόρθωμα.
