4070 6340
317 369 410 424 iii
1397 346 1755 407 EXPOSITIO
1793 345 1858 402 IN
1897 345 2218 401 PSALMUM
2257 345 2540 402 CXXXIX.

317 499 455 538 mur.
517 481 666 534 Tunc
716 479 858 533 enim
898 476 1019 546 jure
1061 472 1272 544 quidem
1318 480 1470 525 erant
1501 466 1752 530 timendi,
1784 478 1906 518 cum

319 573 554 629 nondmn
598 581 778 640 aperta
826 577 972 624 esset
1015 567 1119 620 alta
1153 565 1236 618 via
1263 605 1278 628 ,
1307 578 1428 633 qua:
1456 561 1677 615 duceret
1701 557 1765 612 ad
1795 556 1913 626 phi-

318 664 615 733 lOSOphiam
647 680 660 714 :
690 676 829 715 nunc
847 670 1027 716 autem
1065 673 1168 711 non
1211 655 1438 724 amplius
1461 696 1476 719 ,
1509 668 1629 706 cum
1659 651 1911 717 deinceps

317 757 437 811 cadi
481 756 634 810 nobis
683 761 931 824 pateant,
981 760 1036 806 et
1083 749 1326 803 homines
1363 745 1537 816 angeli
1580 742 1750 798 ell'ecti
1781 741 1906 796 sint.

317 849 450 905 Nam
494 855 550 902 et
590 846 760 900 bestia
801 859 920 914 quas
947 857 1068 898 cum
1101 854 1294 910 magno
1326 838 1523 907 impetu
1557 836 1708 890 irruit
1733 835 1785 888 in
1819 834 1912 886 lia-

317 953 414 996 sta:
442 940 646 1003 aciem,
673 937 885 992 videtur
915 933 1130 1005 quidem
1161 947 1284 986 eum
1314 930 1495 984 ulcisci
1525 928 1615 997 qui
1648 935 1793 981 tenet
1817 924 1911 978 ha-

319 1042 454 1086 stam
476 1072 491 1094 ,
540 1044 726 1084 verum
770 1026 973 1094 sibiipsi
1003 1024 1217 1094 gravius
1247 1021 1438 1075 vulnus
1469 1018 1659 1088 inﬂigit
1691 1036 1705 1072 :
1737 1026 1792 1071 et
1818 1014 1910 1085 qui

317 1136 503 1181 contra
535 1123 807 1178 stimulum
833 1119 1093 1181 calcitrat,
1124 1115 1306 1170 itidem
1335 1112 1499 1182 pedes
1520 1110 1619 1164 sibi
1642 1117 1907 1164 cruentat.

385 1217 444 1271 2.
499 1215 641 1269 Talis
691 1221 774 1268 est
817 1212 1021 1274 virtus,
1053 1206 1300 1262 stimulus
1341 1214 1396 1259 et
1430 1203 1639 1273 gladius
1674 1209 1860 1255 acutus
1893 1217 1907 1253 :

318 1321 509 1361 omnes
556 1315 733 1358 autem
785 1301 1009 1371 improbi
1059 1307 1183 1354 sunt
1218 1295 1551 1360 deteriores,
1595 1300 1650 1348 et
1690 1291 1911 1346 rationis

320 1399 486 1468 magis
519 1405 766 1466 expertes
794 1408 954 1464 quam
981 1392 1187 1446 bestia».
1216 1389 1440 1456 Quando
1468 1402 1596 1458 ergo
1626 1387 1794 1441 bonos
1825 1385 1908 1438 iu-

321 1491 540 1554 vadunt,
569 1503 628 1542 se
657 1487 799 1557 ipsos
820 1486 1034 1556 gravius
1049 1481 1360 1543 confodiunt
1384 1499 1396 1534 :
1418 1480 1519 1534 illis
1539 1478 1751 1550 quidem
1771 1493 1912 1547 sarpe

322 1579 373 1634 in
407 1578 628 1648 pecunia
649 1618 664 1644 ,
689 1575 773 1631 vel
798 1579 957 1630 etiam
989 1575 1042 1627 in
1066 1586 1291 1642 corpore
1315 1569 1566 1624 damnum
1589 1567 1908 1624 aﬂ'ereutes:

323 1670 531 1740 seipsos
579 1678 754 1722 autem
797 1665 850 1719 in
891 1665 1066 1718 anima
1089 1704 1104 1730 ,
1136 1661 1276 1732 quod
1304 1661 1516 1731 quidem
1547 1668 1630 1714 est
1659 1673 1788 1714 vere
1812 1658 1910 1712 da-

323 1776 506 1814 mnum
531 1802 544 1825 ,
581 1758 858 1813 la-dcutes.
895 1756 952 1812 Si
979 1756 1121 1810 enim
1152 1755 1205 1809 in
1236 1754 1449 1824 pr0pria
1480 1767 1577 1807 nos
1601 1753 1794 1807 virtute
1823 1752 1915 1806 la:-

322 1855 474 1909 deret
514 1853 766 1907 damnum
813 1850 1086 1921 pecuniae,
1127 1863 1232 1903 non
1269 1846 1610 1917 praecepisset
1637 1845 1830 1900 Paulus
1856 1853 1914 1898 ut

324 1946 568 2018 injuriam
620 1954 959 2015 pateremur,
1008 1957 1113 1996 non
1160 1949 1334 1994 autem
1368 1939 1662 1994 iaceremus
1687 1937 1762 2007 (1.
1792 1935 1912 1992 Cor.

324 2039 378 2094 6.
417 2038 495 2106 7).
538 2036 595 2091 Si
624 2036 821 2090 malum
850 2041 994 2089 esset
1023 2032 1216 2103 injuria
1245 2030 1384 2086 allici
1409 2071 1425 2095 ,
1458 2045 1564 2084 non
1589 2030 1680 2099 qui
1703 2040 1785 2083 est
1815 2027 1913 2081 bo—

325 2145 514 2185 norum
558 2129 829 2197 legislator
863 2125 1000 2180 mala
1036 2124 1304 2194 inussisset.
1337 2122 1532 2177 Verum
1563 2120 1802 2191 quamvis
1827 2136 1914 2176 res

326 2221 396 2274 ita
441 2234 501 2274 se
546 2218 811 2280 habeant,
862 2232 968 2270 non
1003 2222 1213 2284 oportet
1241 2211 1395 2266 malis
1420 2212 1707 2278 insultare,
1737 2227 1834 2269 nec
1861 2211 1912 2264 in

325 2324 418 2364 eos
465 2310 718 2380 impetum
762 2307 968 2372 facere,
1014 2304 1107 2358 sed
1153 2318 1339 2358 eorum
1383 2302 1548 2356 vitare
1576 2301 1916 2380 consuetudi-

327 2418 448 2456 nem
483 2420 496 2454 :
525 2403 570 2453 si
611 2399 897 2461 invadunt,
930 2396 1047 2451 forti
1077 2405 1128 2449 et
1156 2409 1415 2465 generoso
1442 2393 1621 2447 animo
1645 2409 1738 2447 eos
1768 2377 1914 2447 exci-

327 2510 475 2564 pere.
511 2493 632 2547 Ideo
660 2493 802 2547 enim
829 2491 1080 2561 jubemur
1105 2502 1292 2554 orare,
1323 2502 1390 2542 ne
1418 2488 1676 2541 intremus
1706 2487 1760 2540 in
1794 2495 1912 2541 ten-

329 2587 601 2641 tationem.
641 2583 898 2650 Quocirca
938 2581 1052 2652 ipse
1077 2593 1285 2650 quoque
1313 2593 1435 2632 cum
1461 2576 1721 2644 dixisset,
1756 2576 1911 2648 Eripe

327 2694 406 2731 me
427 2718 441 2741 ,
481 2675 729 2740 Domine,
760 2672 821 2726 ab
849 2672 1050 2726 homine
1073 2671 1206 2724 malo
1226 2711 1241 2735 ,
1273 2669 1575 2738 subjunxit,
1610 2667 1654 2722 Α
1679 2669 1786 2722 viro
1810 2669 1913 2722 ini-

327 2785 424 2838 quo
466 2768 604 2837 eripe
646 2782 724 2820 me
770 2780 789 2818 :
833 2778 1036 2833 ponens
1067 2775 1252 2816 rursus
1277 2759 1528 2830 generale
1555 2773 1751 2814 nomen
1778 2759 1912 2812 vitii.

329 2860 442 2916 Non
478 2860 649 2913 solum
677 2859 816 2913 enim
847 2871 966 2911 eum
997 2855 1083 2925 qui
1117 2854 1168 2908 in
1197 2853 1417 2923 pecunia
1437 2892 1453 2919 ,
1482 2850 1576 2906 sed
1604 2866 1725 2906 eum
1753 2851 1913 2906 etiam

330 2954 417 3022 qui
460 2951 618 3007 estin
649 2949 898 3004 omnibus
925 2948 1042 3002 aliis
1073 2947 1302 3015 injustas
1333 2945 1418 3000 hic
1446 2944 1592 2999 dicit.
1623 2944 1794 3014 Rogat
1814 2959 1914 2998 au-

331 3055 437 3099 tem
500 3052 557 3097 ttt
617 3041 902 3107 liberetur,
963 3053 1030 3093 ne
1072 3037 1226 3092 cadat
1265 3052 1363 3091 nec
1416 3036 1504 3089 ﬁat
1561 3043 1618 3090 ut
1668 3035 1759 3090 ille
1807 3041 1912 3090 est.

330 3136 444 3190 Non
496 3134 626 3204 petit
672 3131 946 3196 absolute,
1005 3130 1104 3183 nisi
1159 3144 1282 3184 cum
1338 3142 1431 3183 sua
1481 3126 1625 3197 prius
1670 3127 1914 3181 contule-

331 3231 415 3286 rit.
473 3230 538 3283 Et
584 3227 702 3283 ideo
739 3241 860 3280 cum
905 3226 957 3279 in
1005 3225 1110 3280 line
1153 3223 1342 3294 prioris
1387 3223 1580 3277 Psalmi
1621 3237 1713 3277 eos
1748 3222 1914 3292 fugis-

331 3331 459 3388 set,
509 3331 561 3375 et
600 3335 784 3374 eorum
828 3317 1298 3381 consuetudinem,
1338 3315 1423 3369 hic
1465 3315 1593 3383 petit
1634 3314 1724 3368 Dei
1768 3315 1917 3368 auxi-

331 3415 482 3468 lium.
535 3413 645 3467 llltc
689 3413 830 3467 enim
872 3426 990 3480 qua:
1032 3423 1126 3463 sua
1170 3417 1323 3462 erant
1362 3407 1660 3462 contulerat
1696 3407 1912 3471 dicens,

341 3506 450 3560 Viri
483 3505 785 3576 sanguinum
805 3545 819 3566 ,
851 3503 1097 3557 declinata
1123 3519 1155 3555 a
1181 3517 1294 3567 me,
1326 3500 1445 3570 quia
1471 3499 1674 3569 litigiosi
1709 3498 1827 3552 estis
1864 3498 1917 3550 in

333 3596 712 3667 cogitationibus
757 3594 954 3665 (Psal.
1008 3593 1132 3649 158.
1188 3592 1299 3662 i9)
1343 3609 1356 3646 :
1412 3591 1498 3645 hic
1541 3599 1716 3644 autem
1767 3597 1920 3659 rogat

334 3689 500 3744 Deum
531 3695 586 3742 ut
613 3687 868 3742 liberetur
897 3684 965 3738 ab
992 3699 1177 3738 eorum
1217 3683 1574 3752 improbitate.
1623 3679 1737 3734 Non
1775 3679 1916 3734 enim

336 3795 551 3849 parvum
576 3786 667 3833 aut
695 3778 809 3832 leve
844 3776 971 3845 quid
1001 3786 1083 3831 est
1118 3774 1184 3830 ad
1208 3777 1568 3836 securitatem,
1603 3772 1670 3826 ad
1699 3772 1915 3828 liberta-

336 3882 464 3933 tem,
487 3879 541 3925 et
565 3883 778 3923 omnem
805 3867 1154 3936 voluptatem,
1184 3865 1401 3920 liberari
1447 3879 1475 3918 a
1519 3863 1610 3918 tali
1637 3862 1914 3918 hominum
1951 3888 1958 3894 -

335 3972 498 4023 metu,
541 3971 592 4014 et
616 3975 774 4029 quant
802 3958 1110 4028 longissime
1136 3956 1204 4010 ab
1229 3957 1594 4025 improborum
1640 3962 1920 4009 consuetu-

336 4054 460 4107 dine
487 4051 711 4116 versari,
753 4051 862 4103 imo
899 4063 1028 4103 vero
1071 4061 1260 4116 magna
1311 4056 1393 4102 est
1437 4045 1682 4100 felicitas.
1721 4044 1920 4100 Deinde

339 4147 572 4214 ipsorum
626 4142 936 4197 describens
988 4139 1422 4209 improbitatem,
1478 4138 1624 4192 addit
1685 4148 1740 4193 et
1786 4137 1861 4192 ait
1902 4155 1916 4190 :

339 4239 388 4292 5.
426 4237 526 4303 Qui
552 4237 893 4305 cogitaverunt
915 4233 1226 4301 iniquitatem
1261 4232 1312 4282 in
1337 4229 1490 4283 corde
1518 4245 1536 4282 :
1565 4239 1670 4282 tota
1699 4229 1780 4281 die
1801 4244 1922 4282 con-

338 4329 607 4381 sumebant
635 4325 834 4395 prwlia.
867 4321 1056 4376 Vidisti
1083 4319 1351 4391 quomodo
1379 4319 1488 4372 sint
1515 4317 1663 4381 lene,
1687 4333 1805 4388 qua:
1833 4318 1919 4371 vix

338 4419 512 4473 caveri
548 4425 787 4486 possunt,
831 4426 887 4469 ut
915 4413 1006 4484 qui
1049 4413 1187 4467 mala
1219 4412 1270 4466 in
1304 4411 1483 4466 animo
1523 4411 1918 4474 machinentur,

340 4519 394 4564 ct
423 4511 597 4564 celent
626 4507 678 4561 iu
704 4508 911 4562 areanis
951 4504 1187 4559 insidias.
1233 4503 1609 4574 Cogitaverunt,
1650 4503 1840 4572 inquit,
1868 4503 1921 4556 in

339 4602 520 4664 corde;
545 4601 645 4654 hoc
670 4607 776 4662 est,
808 4614 914 4651 non
945 4606 1094 4652 extra
1133 4597 1490 4667 protulerunt,
1528 4595 1622 4649 sed
1646 4594 1786 4648 intus
1811 4594 1922 4663 agi-

343 4695 526 4748 tabant
567 4703 622 4747 et
656 4691 940 4746 versabant
980 4691 1152 4745 scelus
1179 4689 1555 4758 parturientes,
1586 4697 1642 4742 et
1667 4688 1810 4759 quod
1841 4697 1924 4742 est

342 4787 580 4842 omnium
609 4785 1004 4854 gravissimum,
1037 4797 1142 4836 non
1165 4783 1340 4852 aliqua
1372 4781 1674 4836 temeritate
1699 4780 1918 4844 inducti,

346 4895 444 4934 nec
465 4879 721 4947 perversi,
760 4877 852 4931 sed
875 4891 1088 4930 omnem
1134 4890 1353 4945 operam
1379 4882 1436 4929 et
1461 4874 1694 4928 studium
1723 4889 1779 4928 in
1805 4889 1923 4928 eam

345 4985 458 5024 rem
496 4969 851 5024 conferentes.
884 4965 996 5020 Hoc
1035 4967 1176 5020 enim
1207 4965 1308 5020 sibi
1344 4965 1456 5018 vult
1481 4964 1630 5030 illud,
1662 4961 1924 5036 Cogitaoe-

345 5071 484 5127 runt,
520 5075 710 5129 nempe
748 5059 892 5114 omni
933 5057 1127 5120 studio,
1171 5065 1225 5111 et
1255 5057 1483 5110 maxima
1530 5053 1694 5110 animi
1735 5057 1927 5110 alacri-

350 5163 476 5207 tate.
510 5151 638 5204 Tota
677 5150 758 5203 die
801 5148 1162 5202 constituebant
1190 5148 1390 5217 praelia.
1425 5147 1527 5201 Per
1571 5147 1687 5201 haec
1713 5161 1925 5202 omnem

346 5246 508 5297 vitam
539 5241 821 5311 signiﬁcat.
851 5239 996 5293 Bella
1022 5248 1198 5292 autem
1225 5237 1546 5304 subiudicat,
1580 5253 1686 5293 non
1716 5253 1777 5294 ea
1808 5253 1928 5308 quae

350 5335 607 5388 instructa
638 5332 776 5394 acie,
799 5345 898 5385 nec
926 5345 1042 5399 quas
1071 5330 1232 5383 armis
1258 5338 1535 5397 geruntur,
1569 5329 1662 5384 sed
1692 5345 1808 5398 quae
1832 5345 1930 5400 pa-

351 5428 478 5481 ratis
501 5424 724 5486 insidiis,
748 5438 866 5492 qua:
891 5432 946 5476 et
970 5423 1022 5475 in
1054 5419 1168 5475 foro
1197 5431 1252 5475 et
1271 5421 1412 5474 domi
1436 5430 1628 5490 gerunt
1657 5422 1924 5487 homines,

351 5533 456 5571 non
505 5517 723 5570 thorace
765 5513 956 5579 induti,
1002 5527 1102 5567 nec
1150 5513 1338 5583 clypeo
1388 5513 1631 5580 protecti,
1679 5512 1775 5568 sed
1832 5528 1930 5581 pro

349 5607 596 5662 mortibus
638 5606 803 5660 armis
842 5605 1182 5675 improbitate
1222 5613 1454 5670 utentes,
1503 5614 1557 5659 et
1605 5605 1765 5659 verba
1808 5605 1931 5660 telis

351 5698 626 5753 acerbiora
669 5698 958 5752 mittentes.
1006 5695 1362 5765 lmprobitatis
1407 5704 1584 5750 autem
1626 5711 1809 5750 eorum
1850 5705 1933 5751 est

356 5794 458 5846 hoc
486 5790 796 5857 maximum,
826 5788 969 5859 quod
1001 5802 1107 5843 non
1138 5788 1312 5843 solum
1353 5788 1460 5844 sint
1505 5789 1698 5856 dolosi,
1742 5791 1846 5846 licti
1874 5800 1928 5847 et

3498 354 3604 410 422

2028 463 2390 530 simulatores,
2441 479 2540 519 nec
2569 466 2708 535 quod
2736 466 2802 520 ad
2831 467 2966 523 bella
2998 478 3052 524 et
3078 470 3256 541 praelia
3287 475 3475 542 parati,
3507 479 3600 532 sed

2023 554 2181 607 etiam
2207 554 2348 624 quod
2378 570 2472 624 per
2500 565 2660 611 totam
2703 557 2886 625 vitam,
2927 562 3047 616 tetri
3093 563 3248 633 hujus
3278 565 3399 620 belli
3443 570 3603 624 nulla:

2022 647 2130 701 sint
2158 646 2403 701 induciae.
2437 648 2596 718 Atqui
2627 649 2672 703 si
2699 650 2946 705 volebant
2971 651 3304 724 belligerare,
3333 657 3490 714 aliam
3517 661 3603 728 ju-

2024 747 2161 793 stam
2199 740 2323 794 belli
2348 740 2569 810 gcreudi
2596 756 2810 797 causam
2843 743 3130 800 habebant.
3159 747 3429 805 Adversus
3454 752 3596 805 enim

2020 843 2233 900 peccata
2255 831 2548 899 decertare,
2573 843 2625 888 et
2644 842 2825 888 contra
2847 834 3114 892 diabolum
3141 840 3310 896 aciem
3336 843 3606 899 instruxere

2021 922 2317 991 oportebat.
2361 939 2593 993 pugnare
2634 929 2818 978 contra
2866 929 3083 983 morbos
3111 931 3322 998 animat,
3363 949 3519 989 enses
3552 934 3604 988 iu

2020 1013 2291 1068 daemones
2313 1030 2525 1069 acuere.
2562 1015 2622 1070 lli
2653 1022 2829 1071 autem
2869 1018 3010 1072 illam
3041 1021 3211 1076 aciem
3246 1039 3314 1078 ne
3341 1025 3600 1094 aspiciunt

2019 1104 2256 1173 quidem,
2289 1105 2384 1159 sed
2408 1106 2508 1160 tela
2540 1106 2678 1161 inter
2702 1121 2760 1162 se
2797 1118 2981 1162 mutuo
3003 1110 3325 1180 jaculantur.
3349 1115 3404 1169 4.
3433 1115 3600 1170 Acue-

2019 1206 2138 1250 runt
2175 1197 2403 1268 linguam
2427 1215 2571 1252 suam
2614 1200 2745 1253 sicut
2789 1204 3030 1270 serpentis
3051 1219 3071 1257 :
3093 1220 3333 1260 venenum
3360 1208 3596 1277 ospidunt

2020 1290 2110 1343 sub
2131 1291 2277 1344 labiis
2304 1308 2477 1345 eorum
2506 1309 2720 1362 semper.
2758 1293 2944 1349 Vidisti
2976 1313 3133 1366 quam
3161 1300 3228 1354 sit
3260 1301 3492 1371 ignobile
3520 1304 3604 1356 vi-

2021 1381 2189 1436 tium?
2223 1383 2346 1438 lacit
2371 1399 2435 1438 ex
2459 1383 2763 1440 hominibus
2790 1387 3007 1456 bestias,
3051 1392 3262 1459 aspides
3292 1403 3344 1449 et
3384 1410 3604 1464 serpen-

2022 1483 2124 1540 tes,
2157 1481 2214 1528 et
2258 1475 2491 1545 linguam
2522 1476 2667 1532 illam
2695 1493 2814 1548 quae
2857 1480 3152 1538 disserendi
3179 1497 3441 1554 potestate
3473 1503 3608 1557 prae-

2020 1564 2129 1619 dita
2160 1575 2262 1632 est,
2293 1567 2361 1621 ad
2405 1567 2560 1623 istam
2591 1569 2856 1625 feritatem
2884 1571 3116 1629 deducit.
3154 1574 3206 1630 ld
3249 1587 3425 1632 autem
3453 1580 3604 1649 cujus

2020 1672 2113 1712 eos
2136 1660 2378 1728 superius
2401 1663 2685 1725 accusavit,
2716 1680 2858 1719 nunc
2876 1682 3086 1736 quoque
3112 1669 3189 1724 eis
3211 1671 3412 1738 objicit.
3443 1673 3606 1740 Quid-

2021 1764 2143 1802 nam
2172 1761 2349 1804 autem
2382 1751 2508 1806 illud
2538 1754 2651 1807 est?
2686 1754 2944 1809 Venenum
2969 1759 3205 1826 aspidum
3231 1761 3319 1814 sub
3350 1763 3496 1817 labiis
3517 1782 3604 1818 eo-

2019 1857 2153 1902 rum,
2202 1841 2392 1911 inquit,
2430 1860 2626 1914 semper
2669 1846 2767 1918 (a),
2803 1847 2907 1902 hoc
2934 1858 3017 1905 est
3053 1850 3302 1917 assidue,
3339 1854 3608 1921 Quemad-

2023 1932 2237 1984 modum
2287 1934 2429 1988 enim
2471 1937 2716 2004 superius
2751 1937 2904 2003 dixit,
2947 1939 3075 1994 Tota
3119 1943 3202 1996 die
3239 1948 3605 2002 constituebant

2022 2025 2200 2092 prcelia
2229 2041 2249 2078 :
2274 2026 2344 2080 ita
2393 2026 2480 2082 hic
2520 2028 2702 2095 etiam,
2737 2031 2991 2086 Acuerunt
3032 2034 3259 2104 linguam
3300 2055 3445 2092 suam
3479 2041 3607 2095 sicut

2021 2116 2264 2184 serpentis
2290 2132 2309 2170 :
2339 2133 2585 2172 venenum
2611 2121 2847 2189 aspidum
2887 2123 2978 2177 sub
3022 2125 3167 2180 labiis
3190 2145 3362 2182 eorum
3388 2148 3605 2202 semper.

2022 2203 2134 2259 lloc
2153 2206 2295 2260 enim
2324 2208 2519 2278 ubique
2543 2210 2804 2280 significat
2833 2211 3149 2283 Diapsalma.
3183 2217 3483 2288 Diapsalma
3504 2240 3602 2276 au-

2021 2303 2127 2350 tem
2154 2296 2412 2354 llebraice
2433 2300 2634 2354 dictum
2657 2313 2738 2357 est
2756 2303 2867 2368 Set,
2892 2305 3032 2373 quod
3056 2315 3156 2373 cst,
3186 2324 3418 2380 semper.
3441 2313 3601 2384 Atqui

2022 2389 2210 2444 vitium
2242 2392 2329 2447 vel
2357 2392 2552 2463 exiguo
2585 2403 2825 2464 tempore
2848 2412 2937 2453 res
2962 2410 3044 2454 est
3062 2402 3244 2470 gravis
3265 2413 3322 2458 et
3349 2406 3600 2461 molesta:

2019 2480 2236 2548 quando
2263 2492 2440 2537 autem
2471 2483 2521 2538 id
2565 2485 2775 2540 assidue
2803 2499 3212 2559 persequuntur,
3245 2508 3343 2549 nec
3380 2510 3475 2550 eos
3504 2498 3605 2552 ulla

2020 2573 2136 2643 ejus
2161 2575 2304 2642 capit
2327 2575 2566 2643 satietas,
2594 2593 2840 2648 quaenam
2872 2580 2953 2635 eis
2979 2584 3130 2638 venia
3172 2583 3286 2639 dari
3327 2596 3524 2656 potest,
3554 2601 3608 2645 et

2018 2680 2260 2734 quautam
2285 2666 2389 2720 erit
2411 2681 2596 2721 eorum
2618 2668 2857 2725 defensio
2877 2670 2900 2722 ?
2921 2671 2973 2726 5.
3004 2671 3215 2727 Custodi
3238 2692 3336 2742 me,
3363 2677 3603 2746 Domine,

2019 2755 2082 2809 de
2106 2772 2258 2809 manu
2280 2758 2576 2826 peccatoris,
2603 2760 2664 2811 ab
2696 2759 2979 2816 hominibus
3008 2763 3192 2834 iniquis
3217 2767 3356 2837 eripe
3379 2785 3476 2822 me.
3507 2770 3608 2836 Qui

2021 2849 2363 2916 cogitaverunt
2403 2849 2735 2920 supplantare
2777 2869 2976 2922 gressus
3015 2872 3171 2911 meos.
3222 2858 3275 2912 6.
3321 2859 3608 2916 Absconda-

2020 2948 2138 2992 runt
2167 2939 2369 3009 superbi
2393 2941 2628 3013 laqueum
2669 2944 2794 2998 mihi
2817 2960 2836 2999 :
2857 2955 2903 2998 et
2932 2947 3139 3017 funibus
3168 2953 3497 3007 extenderunt
3521 2954 3602 3008 la-

2019 3047 2200 3099 queunt
2249 3032 2458 3102 pedibus
2509 3034 2634 3088 meis
2657 3050 2676 3088 :
2689 3036 2848 3105 juxta
2887 3038 2982 3092 iter
3025 3042 3275 3096 scandala
3331 3057 3609 3114 posuerunt

2022 3125 2164 3177 mihi.
2197 3125 2338 3178 Nihil
2369 3135 2453 3180 est
2495 3127 2728 3198 iniquius
2769 3130 2834 3184 iis
2863 3131 2954 3201 qui
2976 3132 3158 3188 vitium
3189 3149 3604 3208 persequuntur,

2020 3217 2109 3286 qui
2154 3227 2279 3274 ante
2325 3217 2462 3274 alios
2511 3234 2636 3275 suas
2680 3222 2914 3292 ipsorum
2965 3225 3166 3281 laadunt
3206 3230 3432 3287 animas.
3472 3233 3604 3288 Cum

2022 3311 2165 3364 enim
2209 3310 2307 3378 ipsi
2336 3311 2444 3365 sint
2489 3323 2734 3369 auctores
2771 3313 3101 3382 oli'ensionis,
3132 3335 3253 3374 cum
3282 3321 3521 3380 efﬁciant
3549 3336 3608 3384 ut

2023 3403 2114 3458 Dei
2145 3404 2329 3472 gloria:
2356 3403 2668 3461 detrahatur
2700 3407 2768 3462 ab
2797 3409 3187 3480 insipientibus,
3214 3428 3336 3471 cum
3363 3433 3469 3474 non
3507 3435 3606 3475 ex-

2023 3497 2228 3553 solvant
2261 3512 2378 3566 quze
2401 3497 2616 3565 debent,
2659 3501 2752 3556 sed
2777 3502 2865 3572 qui
2890 3518 3085 3575 corpus
3115 3515 3170 3562 et
3193 3509 3424 3566 animam
3452 3528 3482 3566 a
3512 3513 3608 3570 be-

2025 3589 2185 3693 nigno
2209 3598 2263 3644 et
2289 3591 2538 3646 clementi
2563 3593 2669 3648 Deo
2697 3598 3018 3666 acceperint,
3045 3601 3152 3655 sint
3176 3604 3394 3672 agenda:
3419 3607 3606 3676 gratia:

2022 3687 2384 3751 immemores,
2433 3693 2489 3740 et
2533 3687 2618 3756 qui
2652 3695 2854 3743 tantum
2889 3703 3261 3750 ornamentum
3311 3705 3368 3752 et
3408 3698 3608 3755 bonum

2023 3777 2367 3845 acceperint,
2427 3777 2760 3836 benefactori
2812 3799 2912 3837 suo
2959 3787 3227 3842 contraria
3279 3792 3609 3859 rependant,

2024 3868 2152 3939 quid
2198 3868 2282 3924 his
2323 3869 2481 3925 fuerit
2523 3871 2811 3941 iujustius?
2857 3875 2983 3944 quid
3028 3892 3158 3933 vero
3198 3880 3494 3950 ingratius?
3548 3885 3616 3940 Et

2023 3960 2165 4030 quod
2191 3970 2274 4016 est
2301 3961 2492 4032 majus,
2514 3971 2567 4018 et
2592 3979 2752 4018 omne
2780 3967 2960 4020 scelus
2983 3978 3220 4036 superat,
3244 3972 3377 4028 alios
3399 3989 3615 4044 quoque

2027 4051 2223 4108 lmdere
2247 4064 2526 4109 conantur.
2559 4055 2911 4125 ﬂagitaverunt
2935 4061 3076 4114 enim
3097 4101 3112 4124 ,
3145 4062 3334 4133 inquit,
3358 4067 3584 4136 supplan

2027 4154 2136 4199 tare
2161 4162 2363 4217 gressus
2401 4163 2556 4201 meos.
2597 4146 2750 4215 Quod
2776 4148 2822 4203 si
2867 4150 3006 4220 quod
3051 4155 3356 4222 cogitabant
3393 4159 3614 4214 minime

2027 4241 2272 4296 ell'ectum
2315 4249 2418 4306 est,
2463 4239 2514 4296 id
2543 4257 2754 4313 quoque
2792 4258 3015 4300 summa:
3046 4245 3142 4302 Dei
3181 4247 3482 4306 clementia:
3520 4253 3616 4306 ad-

2027 4335 2372 4390 scribendum
2395 4343 2495 4391 est.
2523 4335 2642 4406 lpse
2678 4336 2820 4390 enim
2861 4337 3121 4394 scelerata
3169 4356 3355 4396 eorum
3387 4344 3610 4400 consilia

2027 4426 2308 4493 eoul'regit.

2099 4519 2154 4572 5.
2200 4516 2329 4572 Vide
2368 4525 2547 4574 autem
2586 4533 2746 4589 quam
2797 4520 3109 4578 meditatum
3149 4533 3265 4580 erat
3306 4528 3503 4595 scelus,
3555 4540 3612 4585 et

2028 4618 2227 4678 quanto
2272 4608 2447 4665 studio
2477 4620 2676 4679 parate
2715 4612 2943 4668 insidiae.
2987 4614 3334 4674 Oecultarunt
3364 4622 3511 4676 enim
3558 4635 3612 4678 et

2031 4699 2404 4764 extenderunt,
2433 4700 2593 4770 idque
2621 4700 2773 4770 juxta
2817 4703 2938 4768 iter,
2981 4713 3041 4759 ut
3068 4723 3133 4762 ex
3169 4707 3518 4779 longitudine,
3548 4730 3615 4769 ex

2030 4790 2250 4846 latebris
2266 4801 2320 4847 et
2344 4791 2483 4862 quod
2514 4808 2682 4863 prope
2712 4795 3010 4864 tenderent,
3035 4810 3288 4869 Cuperem
3305 4813 3360 4857 et
3386 4804 3442 4859 in
3463 4821 3614 4861 suam

2029 4891 2349 4953 potestatem
2389 4884 2714 4954 redigerent.
2758 4886 2997 4943 Fuerunt
3025 4892 3167 4946 enim
3197 4894 3418 4951 sceleris
3443 4899 3614 4952 artiti-

2032 4989 2144 5038 ces,
2191 4974 2316 5028 dum
2363 4975 2582 5045 laqueos
2611 4977 2844 5048 undique
2883 4982 3254 5050 extenderent,
3301 4987 3404 5043 hoc
3450 5005 3615 5044 unum

2033 5065 2134 5120 sibi
2166 5065 2465 5121 faciendum
2492 5078 2808 5138 statuentes,
2836 5080 2893 5125 ut
2919 5088 3038 5129 eum
3067 5077 3374 5145 perderent.
3411 5081 3501 5137 Vis
3534 5085 3618 5138 vi-

2033 5157 2163 5212 dere
2199 5159 2467 5228 quomodo
2504 5161 2656 5216 funes
2687 5163 2938 5219 extendat
2967 5165 3248 5225 diabolus?
3276 5170 3409 5227 Vide
3435 5190 3619 5230 rursus

2035 5249 2087 5303 id
2109 5249 2252 5318 quod
2273 5249 2374 5305 Job
2415 5252 2628 5307 accidit.
2655 5254 2791 5321 Quid
2831 5256 2973 5311 enim
3001 5258 3104 5313 illis
3134 5260 3323 5314 latius?
3353 5265 3475 5332 quid
3505 5266 3618 5320 lon-

2035 5339 2178 5411 gius?
2211 5341 2342 5411 quid
2379 5359 2506 5397 vero
2534 5345 2907 5416 propinquius,
2947 5365 3066 5404 cum
3094 5367 3199 5406 non
3227 5355 3400 5409 solum
3431 5359 3483 5412 in
3513 5374 3610 5415 co~

2107 5531 2182 5595 (ιι)
2207 5535 2412 5605 Semper
2447 5535 2583 5598 (ἀεί).
2620 5537 2704 5586 Sic
2726 5537 3042 5603 interpretari
3081 5543 3212 5592 solet
3242 5541 3421 5605 Aquila
3447 5557 3622 5594 vocem

2045 5595 2476 5689 ῌεδτᾳξᾳτηξηδῠ.
2501 5595 2591 5689 De,
2611 5595 2942 5682 Diapsalmate
2973 5640 3107 5689 saepe
3143 5595 3358 5679 diximus
3383 5631 3430 5678 in
3453 5632 3622 5680 Hexa-

2046 5686 2163 5762 ξιξ.
2196 5687 2328 5762 l'l‘lud‘
2353 5701 2518 5758 porro,
2543 5665 2676 5751 n50,
2702 5665 2948 5762 ξξτὶέρηξέ

2049 5745 2282 5861 gignat):
2311 5745 2824 5861 gisvzfgrgoornnibuvs
2852 5754 2964 5807 vide
2986 5745 3620 5822 pralimiuaria-nostiauad

2044 5807 2282 5870 llexapla,
2309 5823 2358 5870 p.
2385 5807 2443 5861 77
2468 5818 2522 5863 et
2541 5813 2619 5861 80.
