4070 6340
507 349 612 405 ιεξδ

507 469 682 537 gnatis
723 475 777 521 et
826 466 1032 530 amicis,
1073 481 1172 522 nec
1207 467 1260 520 iit
1289 483 1457 524 uxore
1494 480 1718 534 tantum,
1750 470 1843 524 sed
1873 470 1922 523 in
1967 469 2086 538 ipso

504 559 624 625 ejus
671 572 897 626 corpore
945 559 1191 627 laqueum
1239 559 1558 613 tetenderit?
1588 560 1638 614 7.
1671 559 1794 613 Dixi
1843 558 2080 624 Domino,

508 648 644 702 Deus
669 663 807 702 meus
830 666 880 702 es
907 661 959 702 tu
985 665 1000 702 :
1031 648 1234 714 exaudi,
1266 649 1498 716 Domine,
1527 665 1694 704 vocem
1719 651 2084 720 deprecationis

506 756 647 792 tltew.
688 743 737 794 8.
786 738 1022 805 Domine,
1062 739 1294 805 Domine,
1330 742 1485 794 virtus
1517 742 1695 796 salutis
1732 757 1870 795 mete.
1911 742 2080 809 Alius,

511 832 742 886 Potentia
769 834 947 887 salutis
984 849 1125 886 metu.
1158 833 1444 902 Postquam
1473 833 1603 887 dixit
1632 835 1824 888 bellum
1863 844 1916 888 et
1953 835 2082 888 insi-

504 925 641 991 dias,
698 935 752 978 et
799 923 1033 980 ostendit
1079 927 1217 980 mala
1269 940 1388 981 esse
1429 926 2082 997 intolerabilia:confugit

503 1015 756 1084 deinceps
793 1015 858 1070 ad
888 1015 1301 1085 inexpugnabile
1347 1017 1622 1083 auxilium,
1652 1032 1682 1071 e
1709 1017 1842 1071 Caelo
1869 1017 2078 1087 adjuto-

508 1123 616 1164 rem
642 1109 950 1177 implorans,
979 1109 1068 1179 qui
1099 1109 1211 1163 lucc
1235 1117 1406 1177 potest
1434 1108 1674 1179 frangere
1699 1120 1752 1163 et
1776 1108 2077 1179 profligare.

574 1200 797 1269 Aﬁlictus
835 1209 887 1252 ut
927 1199 996 1251 ad
1039 1197 1200 1253 Deum
1245 1199 1525 1268 confugiat.
1549 1229 1619 1238 —
1648 1199 1760 1253 iloc
1800 1208 1882 1252 est
1922 1215 2081 1268 argu-

509 1303 738 1346 mentum
766 1293 1011 1360 generosi
1046 1292 1231 1358 animi,
1263 1291 1364 1346 hoc
1401 1302 1482 1347 est
1507 1293 1714 1361 signum
1745 1292 1934 1345 mentis
1960 1307 2078 1360 qua:

501 1397 711 1444 tt-tteltlt'
736 1385 911 1438 studio
948 1384 1246 1453 sapientia},
1287 1399 1410 1439 cum
1452 1385 1565 1439 inec
1603 1385 2072 1450 circumsteterint,

500 1494 606 1530 non
637 1475 924 1545 confugere
948 1476 1014 1530 ad
1045 1475 1332 1530 humanum
1363 1475 1638 1542 auxilium,
1670 1491 1766 1530 nec
1788 1474 1853 1530 ad
1877 1486 2074 1529 morta-

505 1569 578 1624 les
606 1569 974 1639 cogitationes,
1020 1569 1112 1624 sed
1154 1568 1206 1624 in
1242 1569 1430 1625 etelum
1475 1568 1764 1638 respicere,
1810 1577 1865 1622 et
1909 1567 2073 1622 Deum

501 1665 586 1732 qui
619 1663 814 1733 ubique
841 1679 1075 1734 praesens
1105 1673 1185 1718 est
1217 1664 1482 1729 invocare,
1515 1678 1621 1716 non
1648 1671 1826 1715 autem
1855 1668 2074 1715 contur-

499 1757 634 1821 lari,
664 1755 911 1811 animove
956 1756 1306 1810 consternari.
1339 1754 1467 1808 Vide
1498 1763 1674 1808 autem
1716 1753 1985 1822 quomodo
2020 1761 2077 1806 ut

497 1864 564 1899 eo
590 1847 805 1917 dignutn
833 1854 918 1902 est
941 1846 1099 1900 verba
1119 1847 1375 1901 contexit.
1408 1846 1519 1900 Non
1551 1845 1684 1900 dixit
1711 1845 1873 1909 enim,
1898 1844 1952 1898 lu
1976 1844 2074 1899 hac

499 1949 552 1993 et
579 1937 630 1990 in
659 1937 744 1992 illa
773 1953 834 1992 re
863 1951 948 1992 me
975 1948 1118 1993 recte
1140 1939 1299 2007 gessi,
1328 1952 1447 2002 nec,
1473 1937 1621 1992 Hanc
1649 1936 1728 1992 vel
1760 1937 1895 1990 hanc
1919 1936 2075 2006 justi-

499 2031 622 2084 tiam
651 2039 899 2099 0peratus
922 2045 1038 2084 sum
1068 2048 1082 2086 :
1107 2029 1202 2084 sed
1224 2030 1387 2098 quid?
1418 2029 1550 2082 Deus
1572 2044 1708 2082 meus
1727 2045 1779 2081 es
1801 2038 1870 2091 tu,
1905 2026 2075 2080 maxi-

497 2139 635 2177 mam
663 2138 875 2178 causam
904 2124 1134 2179 af’ferens
1166 2140 1262 2178 cur
1289 2133 1433 2193 petat
1477 2124 1751 2186 auxilium,
1774 2123 1914 2192 quod
1947 2136 2074 2176 con-

497 2217 660 2286 fugiat
713 2215 778 2270 ad
822 2217 1121 2278 Dominum.
1168 2216 1443 2285 Opificem,
1486 2225 1542 2270 et
1581 2215 1804 2286 Regem.
1845 2213 2069 2278 Exaudi,

499 2309 729 2372 Domine,
770 2324 938 2361 vocem
966 2308 1329 2378 deprecationis
1368 2322 1508 2369 mete,
1559 2305 1795 2369 Domine,
1835 2305 2069 2372 Domine,

495 2404 651 2454 virtus
692 2400 871 2454 salutis
901 2415 1043 2455 meat.
1078 2399 1247 2466 Dixit,
1285 2399 1473 2462 Virtus,
1513 2413 1607 2453 seu
1641 2397 1896 2466 potentia,
1942 2396 2073 2450 salu-

495 2495 578 2556 tis,
612 2492 900 2547 ostendens
924 2506 1044 2546 esse
1075 2490 1235 2545 etiam
1273 2489 1560 2560 potentiam
1594 2504 1764 2558 poenae
1789 2497 1843 2542 et
1871 2487 2072 2557 suppli-

494 2586 584 2638 cii.
645 2584 747 2639 Scd
797 2583 1088 2653 praebuisti,
1134 2583 1323 2651 inquit,
1374 2581 1504 2636 mihi
1562 2582 1810 2636 virtutem
1861 2581 2066 2636 salutis.

495 2676 650 2729 Petes
688 2676 828 2729 enim
873 2685 926 2729 et
970 2689 1163 2728 nocere
1209 2685 1261 2727 et
1295 2673 1361 2726 de
1406 2673 1580 2727 medio
1613 2672 1834 2726 tollere:
1867 2671 1960 2725 sed
2004 2669 2071 2724 ad

495 2781 665 2821 meam
695 2766 917 2820 salutem
946 2774 1032 2820 tua
1056 2781 1270 2834 semper
1297 2766 1532 2834 potentia
1557 2779 1682 2817 usus
1710 2779 1786 2817 es.
1814 2763 1944 2817 Vide
1973 2777 2070 2816 au-

494 2867 599 2911 tem
625 2872 857 2912 amorem
876 2857 1120 2911 dicentis.
1144 2856 1246 2911 Per
1268 2857 1632 2924 repetitionem
1651 2855 1815 2922 enim,
1840 2862 1894 2908 et
1928 2853 2069 2924 quod

492 2947 765 3018 adjecerit,
794 2946 989 3002 Salutis
1013 2963 1156 3010 mete,
1185 2947 1420 3002 ostendit
1440 2961 1684 3016 magnam
1712 2944 2067 3000 affectionem.

495 3040 816 3094 Obumbrasti
860 3055 1012 3110 super
1057 3049 1209 3109 caput
1262 3056 1422 3092 meum
1475 3039 1528 3090 in
1574 3039 1656 3091 die
1695 3037 1831 3090 belli.
1887 3036 2069 3092 Vidisti

488 3141 695 3200 gratum
721 3130 1000 3184 animum?
1026 3129 1208 3185 Priora
1237 3135 1288 3182 in
1320 3129 1627 3182 memoriam
1665 3135 1898 3193 revocat,
1927 3127 2067 3197 quod

489 3239 611 3278 eum
641 3225 844 3279 scilicet
873 3225 923 3278 in
952 3232 1065 3278 tuto
1102 3223 1465 3278 collocaverit.
1518 3221 1629 3275 Hoc
1654 3223 1795 3275 enim
1831 3221 1931 3274 sibi
1959 3220 2069 3275 vult

489 3315 657 3382 illud,
713 3313 1052 3369 Obumbrasti.
1100 3313 1232 3369 Vide
1280 3324 1454 3367 autem
1509 3312 1773 3382 quomodo
1819 3309 2068 3366 ostendat

490 3420 643 3474 quam
681 3404 732 3459 id
763 3406 872 3460 Deo
901 3404 1054 3460 facile
1080 3405 1167 3460 sit.
1193 3405 1305 3459 Non
1332 3405 1472 3459 enim
1499 3405 1650 3470 dixit,
1683 3406 1840 3469 Ante,
1868 3403 1985 3470 sed,
2009 3403 2063 3458 In

488 3497 622 3564 ipso,
653 3496 837 3566 inquit,
876 3495 982 3559 die,
1013 3494 1224 3564 quando
1268 3495 1404 3548 mala
1443 3495 1813 3562 imminebant,
1853 3493 2065 3566 quando

490 3599 600 3644 erat
631 3589 884 3642 instructa
910 3589 1072 3653 acies,
1103 3587 1313 3658 quando
1343 3587 1596 3643 versabar
1622 3588 1672 3642 in
1701 3590 1946 3644 maximis
1974 3604 2066 3659 pe-

488 3682 687 3747 riculis,
733 3687 858 3736 tunc
891 3695 978 3736 me
1008 3681 1060 3735 in
1093 3688 1204 3734 tuto
1238 3681 1530 3735 collocasti.
1565 3680 1748 3751 Neque
1799 3681 1940 3734 enim
1972 3690 2064 3735 aut

487 3781 762 3840 apparatu,
793 3780 885 3825 aut
921 3770 1290 3826 exhortatione
1329 3771 1435 3824 ulla
1474 3771 1613 3826 Deus
1637 3771 1857 3840 indiget,
1890 3781 1945 3824 ut
1971 3770 2060 3840 qui

487 3865 618 3918 sciat
655 3879 773 3932 qua:
813 3874 936 3917 sunt
981 3863 1284 3932 prmsentia,
1329 3861 1521 3924 futura,
1569 3872 1622 3915 et
1652 3862 1940 3931 praeterita,
1970 3862 2060 3931 qui

485 3955 660 4008 omnia
690 3953 877 4022 possit,
913 3968 1125 4023 semper
1157 3953 1314 4016 adsit,
1358 3965 1412 4008 et
1447 3963 1643 4023 prtesto
1673 3955 1741 4008 sit
1778 3954 1844 4008 ad
1875 3953 2058 4008 feren-

484 4046 605 4106 dum
631 4046 908 4099 auxilium.
937 4045 1140 4100 Deinde
1166 4045 1452 4100 ostendens
1477 4047 1736 4115 insignem
1761 4046 2055 4112 victoriam,

483 4146 534 4190 et
560 4152 820 4190 summam
847 4137 1207 4204 securitatem,
1230 4153 1337 4192 non
1366 4136 1519 4202 dixit,
1543 4137 1778 4193 Servasti
1805 4153 1889 4192 me
1917 4154 1931 4190 :
1965 4137 2058 4192 sed

480 4231 644 4301 quid?
675 4231 994 4287 Obumbrasti
1020 4247 1039 4286 :
1066 4231 1170 4286 hoc
1197 4243 1299 4297 est,
1340 4240 1398 4286 ut
1425 4246 1493 4287 ne
1529 4232 1802 4286 minimam
1842 4230 2056 4301 quidem

482 4323 780 4378 molestiam
803 4323 1142 4388 sustinerem,
1167 4323 1411 4390 effecisti,
1433 4338 1495 4378 ac
1515 4338 1581 4378 ne
1601 4333 1788 4378 :estum
1806 4323 2053 4394 quidem:

481 4412 575 4466 sed
599 4428 685 4466 me
712 4414 765 4466 in
797 4421 940 4467 tanta
965 4414 1271 4479 securitate,
1299 4422 1353 4468 et
1382 4429 1485 4468 una
1524 4428 1646 4469 cum
1689 4415 1974 4471 securitate
2003 4415 2054 4469 in

482 4517 624 4560 tanta
647 4505 980 4575 iucunditate
1014 4515 1069 4561 et
1106 4506 1269 4560 animi
1312 4507 1490 4576 quiete
1530 4507 1826 4571 collocasti,
1867 4517 1928 4562 ut
1958 4523 2058 4562 nec

481 4599 620 4652 ullus
647 4597 794 4652 calor
821 4597 952 4652 mihi
981 4597 1278 4653 molestiam
1322 4597 1622 4664 exhiberet,
1651 4599 1746 4654 sed
1787 4600 1840 4653 in
1871 4601 2056 4656 umbra

477 4689 715 4743 suaviter
741 4703 974 4760 agerem,
1002 4690 1138 4744 liber
1162 4689 1367 4745 scilicet
1404 4706 1469 4746 ac
1493 4702 1732 4746 rem0tus
1765 4707 1795 4746 a
1823 4693 1977 4748 malis
2001 4702 2056 4749 et

476 4780 884 4834 calamitatibus.
912 4780 1172 4849 Quocirca
1203 4781 1478 4852 subiunxit
1526 4781 1677 4846 illud,
1709 4781 2053 4850 Obumbrasti,

479 4887 540 4925 ea
568 4871 775 4926 ratione
812 4872 972 4925 etiam
1002 4871 1307 4942 significans
1343 4888 1501 4943 quam
1529 4885 1832 4942 promptum
1874 4883 1929 4928 et
1970 4890 2057 4930 ex-

479 4964 712 5034 peditum
743 4963 811 5018 sit
839 4963 931 5019 Dei
957 4964 1234 5029 auxilium,
1257 4979 1448 5035 nempe
1477 4980 1574 5035 per
1603 4964 1803 5019 umbra:
1833 4983 2049 5038 nomen,

479 5055 700 5124 perinde
742 5070 806 5110 ac
850 5055 895 5109 si
941 5055 1166 5121 diceret,
1195 5055 1403 5112 Sufficit
1445 5057 1491 5111 si
1537 5066 1738 5112 tantum
1783 5059 1950 5126 adsis,
2002 5070 2058 5116 et

475 5151 654 5205 omnia
678 5149 849 5216 soluta
888 5157 1061 5203 erunt.
1092 5149 1145 5205 9.
1177 5147 1298 5204 Non
1324 5150 1495 5206 tradas
1515 5167 1610 5214 me,
1640 5150 1874 5220 Domine,
1908 5170 1940 5207 a
1968 5154 2054 5206 de-

472 5243 658 5296 siderio
683 5257 793 5296 meo
832 5243 1100 5313 peccatori.
1133 5241 1302 5308 Alius,
1335 5241 1420 5297 Ne
1447 5243 1555 5306 des,
1584 5242 1819 5309 Domine,
1851 5246 2051 5299 deside-

472 5335 551 5386 ria
580 5333 759 5400 injusti
798 5332 896 5405 (α).
936 5332 1089 5399 Quod
1128 5341 1305 5387 autem
1348 5333 1498 5399 dicit,
1532 5345 1616 5390 est
1651 5335 1909 5405 ejusmodi
1937 5336 2051 5392 :Ne

471 5425 736 5479 concedas
754 5423 806 5479 ei
824 5423 1144 5478 desiderium
1173 5439 1330 5479 suum
1357 5435 1543 5480 contra
1579 5442 1687 5491 me,
1717 5425 1765 5480 id
1794 5436 1896 5493 est,
1921 5429 2053 5495 Quae

471 5518 731 5571 adversus
759 5529 845 5569 me
867 5514 1157 5581 desiderat,
1184 5531 1253 5570 ne
1283 5517 1558 5585 permittas
1588 5528 1640 5572 ιιι
1665 5519 1777 5588 ipse
1808 5519 2047 5588 impleat.

470 5607 584 5663 Non
605 5607 737 5662 dixit
768 5617 944 5664 autem
974 5623 1092 5678 quae
1111 5607 1397 5676 desiderat,
1422 5609 1538 5676 sed,
1571 5611 1614 5662 Α
1643 5610 1888 5665 desiderio
1917 5627 2046 5681 meo,

532 5783 607 5845 (ιι)
637 5791 747 5836 Hec
767 5787 1106 5850 bitcrpretatio
1131 5796 1204 5838 est
1215 5788 1487 5848 Symmachi
1513 5796 1566 5840 et
1596 5791 1951 5843 Theodotionis.

1252 353 1310 407 S.
1349 351 1626 408 JOANNIS
1659 350 2128 408 CHRYSOSTOMI
2157 351 2469 410 ARCHIEP.
2513 358 3038 419 CONSTANTINOP.

3670 380 3773 438 ηδ

2202 469 2385 525 volens
2441 474 2546 530 tale
2589 478 2714 547 quid
2757 480 3058 549 significare
3089 500 3101 536 :
3131 501 3198 540 ne
3249 488 3508 545 tantillum
3559 496 3770 564 quidem

2191 566 2522 619 concesseris
2555 581 2760 633 eorum,
2789 587 2909 641 quae
2947 573 3235 630 desiderat.
3265 578 3421 636 Tales
3455 585 3600 640 enim
3645 602 3769 645 sunt

2191 650 2418 720 improbi
2449 673 2461 708 :
2490 670 2611 710 cum
2652 661 2882 716 maxima
2918 651 3206 733 cupiditate
3233 669 3285 724 in
3318 674 3617 740 proximum
3655 695 3769 733 mo-

2189 741 2390 836 liuntur
2416 747 2654 815 insidias,
2684 753 3130 820 quemadmodum
3169 758 3412 816 diabolus
3437 779 3671 836 quoque,
3701 769 3768 824 de

2187 847 2293 928 quo
2318 834 2446 890 dicit
2473 855 2486 892 :
2518 837 2706 894 Circuit
2727 851 2982 914 tamquam
3010 847 3088 900 leo
3119 851 3342 920 rugiens,
3375 834 3602 924 querens
3622 876 3767 928 quem

2185 924 2387 979 devoret
2406 929 2483 999 (1.
2513 928 2656 984 Petr.
2693 932 2746 987 5.
2776 933 2852 1004 8).
2881 935 2952 989 Ita
2983 936 3084 992 Job
3103 940 3293 1008 cupide
3327 958 3608 1013 aggressus
3634 924 3725 1005 est
3749 971 3762 1006 :

2189 1013 2262 1069 ita
2304 1018 2465 1072 etiam
2490 1019 2558 1074 de
2600 1021 2758 1076 Petro
2793 1023 3095 1081 invadendo
3135 1032 3510 1089 consultabat:
3545 1047 3600 1092 et
3646 1040 3765 1094 ideo

2185 1104 2400 1161 dicebat
2427 1126 2442 1163 :
2474 1109 2680 1176 Quoties
2721 1115 2954 1184 expetivit
2980 1127 3028 1171 te
3050 1129 3254 1176 satanas
3277 1124 3503 1180 cribrare
3536 1139 3592 1181 ut
3630 1133 3763 1183 triti-

2184 1212 2298 1250 cum
2327 1197 2479 1266 (Luc.
2503 1200 2592 1254 '22.
2618 1202 2750 1274 5i)?
2779 1204 2962 1260 Vidisti
2993 1221 3246 1278 quantam
3288 1214 3529 1270 habuerit
3555 1221 3758 1288 cupidi-

2185 1293 2382 1346 tatem?
2418 1295 2550 1348 Sunt
2588 1297 2747 1350 etiam
2795 1299 3041 1356 homines
3074 1307 3162 1372 qui
3195 1307 3387 1361 invidia
3432 1311 3666 1378 adducti,
3706 1325 3758 1369 et

2181 1381 2322 1450 quod
2364 1383 2518 1437 malis
2565 1386 2812 1443 laetentur
2853 1391 2992 1446 illius
3039 1395 3222 1448 vitium
3270 1399 3562 1452 imitantur.
3614 1404 3758 1470 Quos

2180 1471 2394 1540 quidem
2415 1475 2638 1530 miseros
2663 1482 2895 1546 appellat
2915 1483 3186 1552 Scriptura
3211 1486 3415 1552 dicetis,
3455 1491 3536 1545 Vra
3563 1495 3647 1561 qui
3670 1496 3759 1549 Iz-

2186 1565 2364 1618 tamini
2387 1568 2554 1632 malis,
2584 1570 2670 1638 qui
2701 1571 3018 1630 delectamini
3042 1577 3095 1629 in
3137 1581 3388 1634 eversione
3414 1583 3756 1652 improborum

2180 1653 2362 1725 (Prov.
2393 1657 2445 1713 2.
2479 1659 2604 1730 id);
2653 1662 2810 1732 idque
2845 1668 3034 1720 merito
3064 1686 3076 1720 :
3102 1668 3203 1724 hoc
3232 1679 3315 1724 est
3352 1674 3491 1727 enim
3520 1677 3665 1744 pravi
3703 1688 3756 1732 et

2179 1751 2415 1820 corrupti
2453 1753 2638 1808 animi.
2678 1755 2734 1810 Si
2766 1758 2905 1811 enim
2929 1760 3234 1827 dolendum,
3278 1764 3755 1836 ingemisceudum,

2178 1839 2480 1896 deflendum
2517 1856 2600 1898 est
2637 1859 2855 1916 propter
2884 1863 2977 1904 eos
3003 1854 3090 1920 qui
3119 1863 3360 1922 pereunt,
3386 1871 3540 1925 quam
3569 1874 3756 1913 conse-

2178 1942 2408 2002 quentur
2429 1938 2654 2003 veniam,
2685 1949 2774 1994 aut
2797 1956 2896 2011 qua
2923 1951 3140 1999 utentur
3166 1945 3493 2014 defensione,
3519 1950 3607 2019 qui
3641 1961 3754 2005 tan-

2179 2033 2288 2078 tum
2312 2027 2459 2081 abest
2487 2038 2546 2083 ut
2573 2045 2758 2088 eorum
2784 2033 3156 2104 misereantur,
3187 2038 3421 2094 utetiam
3447 2043 3752 2111 gaudeant?

2176 2118 2367 2172 Annon
2395 2120 2574 2174 vidisti
2605 2122 2775 2192 ipsum
2803 2140 3014 2195 quoque
3037 2127 3310 2184 Christum
3333 2146 3453 2186 cum
3485 2145 3626 2189 esset
3653 2149 3752 2204 pu-

2177 2208 2424 2276 niturus,
2471 2211 2667 2267 deflere
2719 2225 3030 2284 pereuntem
3073 2218 3408 2276 Jerusalem?
3463 2238 3568 2278 non
3605 2226 3751 2281 vides

2177 2297 2334 2352 etiam
2376 2300 2593 2356 Paulum
2639 2315 2857 2376 propter
2881 2308 3108 2363 aliorum
3146 2310 3418 2367 interitum
3448 2325 3749 2384 gementem

2177 2400 2231 2444 et
2265 2391 2574 2460 lugentem?
2613 2395 2720 2450 Sed
2749 2406 2873 2452 sunt
2922 2401 3164 2455 nonnulli
3207 2402 3341 2456 adeo
3373 2405 3663 2474 depravati,
3694 2416 3752 2462 ut

2177 2495 2397 2536 suorum
2445 2487 2701 2540 malorum
2745 2487 2990 2543 solatium
3020 2491 3220 2545 alienas
3260 2508 3526 2548 aerumnas
3567 2496 3752 2550 existi-

2175 2581 2344 2628 ment.
2373 2571 2727 2644 Cogitaverunt
2769 2590 2944 2632 contra
2969 2597 3066 2644 me,
3108 2599 3170 2636 ne
3208 2582 3522 2654 derelinquas
3561 2603 3656 2653 me,
3689 2603 3752 2642 ne

2177 2664 2306 2733 forte
2341 2665 2622 2720 excitentur
2649 2686 2844 2737 semper
2883 2671 2984 2740 (a).
3030 2673 3140 2728 Hoc
3177 2676 3317 2729 enim
3349 2678 3447 2730 sibi
3481 2679 3591 2732 vult
3617 2679 3750 2733 Dia-

2174 2756 2390 2826 psalma.
2419 2758 2587 2824 Alius,
2623 2759 2702 2813 Ne
2726 2763 2975 2830 discedas,
3002 2781 3062 2817 ne
3081 2765 3209 2831 forte
3229 2766 3532 2822 excitentur.

2247 2845 2512 2901 Meditatio
2539 2850 2589 2901 in
2616 2851 2745 2904 vitiis
2767 2853 3019 2920 pessima;
3047 2855 3222 2908 vitium
3249 2857 3341 2909 sibi
3370 2858 3634 2926 ipsipaena
3652 2869 3743 2916 est.

2173 2965 2244 2977 —
2273 2937 2384 2992 Hoc
2429 2950 2511 2994 est
2554 2941 2797 2998 scelerati
2837 2954 2889 2997 et
2935 2948 3171 3015 corrupti
3215 2949 3399 3014 animi,
3443 2953 3655 3021 quando
3695 2962 3750 3007 et

2173 3030 2398 3083 consilio
2441 3041 2496 3084 et
2536 3033 2646 3086 etio
2687 3046 2738 3086 et
2779 3035 3124 3092 meditatione
3161 3054 3296 3108 opus
3333 3049 3415 3094 est
3444 3041 3510 3094 ad
3542 3043 3746 3098 vitium.

2172 3119 2287 3174 Non
2335 3124 2602 3177 sufficiunt
2643 3142 2760 3195 qua:
2805 3137 3021 3196 repente
3064 3131 3240 3185 fiunt:
3283 3147 3386 3185 non
3431 3136 3569 3186 enim
3619 3137 3747 3190 satis

2171 3221 2293 3264 sunt
2327 3211 2392 3265 ad
2435 3229 2532 3269 nos
2562 3215 2860 3284 perdendos
2885 3234 3004 3287 qua:
3031 3229 3230 3275 temere
3273 3231 3326 3276 et
3363 3223 3749 3281 inconsiderate

2173 3313 2468 3372 patrantur,
2511 3307 2604 3361 sed
2649 3308 2895 3374 consilio,
2940 3319 3183 3381 tempore
3227 3323 3282 3368 et
3323 3316 3747 3373 consideratione

2173 3395 2264 3448 tibi
2285 3411 2418 3464 opus
2444 3407 2528 3451 est
2547 3396 2615 3452 ad
2642 3399 2848 3454 vitium.

2243 3488 2294 3541 4.
2337 3488 2576 3556 Quanam
2623 3506 2754 3561 ergo
2790 3493 2953 3548 uteris
2981 3493 3308 3564 defensione,
3351 3512 3469 3552 cum
3515 3499 3745 3556 studium

2170 3587 2224 3634 et
2248 3579 2572 3651 diligentiam
2603 3583 2846 3650 adhibes,
2877 3594 2933 3640 ut
2964 3587 3150 3642 vitium
3191 3604 3464 3656 exerceas,
3508 3606 3625 3644 cum
3651 3607 3746 3660 pro

2170 3671 2322 3724 malis
2361 3672 2614 3726 faciendis
2655 3676 2945 3740 consultas,
2986 3689 3040 3730 et
3087 3679 3260 3732 socios
3295 3680 3591 3734 adsciscis?
3633 3682 3738 3736 Sed

2167 3761 2287 3816 vide
2303 3762 2451 3815 istius
2469 3761 2839 3818 humilitatem.
2857 3765 2970 3820 Non
2995 3765 3127 3821 dixit
3142 3769 3302 3832 enim,
3322 3769 3395 3823 Ne
3412 3770 3746 3841 derelinquas

2167 3869 2274 3916 me,
2303 3856 2553 3923 quoniam
2575 3870 2690 3910 sum
2716 3857 2928 3927 dignus,
2962 3875 3030 3915 ne
3054 3877 3141 3915 me
3169 3861 3508 3932 derelinquas
3528 3875 3746 3935 propter

2165 3947 2326 4000 vitam
2359 3947 2410 4000 in
2441 3948 2637 4003 virtute
2678 3962 2850 4004 aetam
2878 3951 3012 4026 :gsed
3049 3953 3209 4019 quid?
3241 3953 3322 4007 Ne
3351 3959 3480 4025 forte
3509 3959 3738 4010 exulten-

2166 4047 2288 4103 tur;
2317 4037 2419 4093 hoc
2455 4050 2556 4107 est,
2587 4039 2665 4096 Ne
2694 4041 2823 4095 fiant
2847 4045 3259 4113 arrogantiores,
3295 4054 3348 4100 et
3375 4062 3444 4102 ne
3487 4049 3537 4101 in
3569 4049 3742 4117 majo-

2165 4144 2276 4183 rem
2305 4131 2576 4198 erigantur
2601 4130 2937 4186 insolentiam
2981 4142 3197 4202 propter
3234 4150 3405 4189 meam
3433 4137 3742 4193 derelictio-

2165 4236 2306 4275 nem.
2344 4221 2431 4276 10.
2458 4219 2624 4292 Caput
2650 4225 2888 4278 circuitus
2921 4241 3114 4291 eorum,
3154 4227 3294 4281 labor
3323 4227 3567 4283 labiorum
3596 4232 3738 4302 ipso-

2163 4330 2276 4366 rum
2301 4315 2487 4385 operiet
2513 4332 2615 4369 eos.
2653 4317 2824 4382 Alius,
2864 4316 3195 4373 Exacerbatio
3225 4337 3395 4374 eorum
3419 4323 3503 4393 qui
3534 4341 3610 4377 me
3638 4325 3741 4377 cir-

2162 4407 2423 4473 cumdant,
2473 4406 2615 4462 labor
2663 4407 2909 4461 labiorum
2945 4410 3169 4477 ipsorum
3214 4414 3405 4482 Operiat
3452 4417 3587 4484 ipsos
3639 4415 3738 4486 (b).

2162 4497 2455 4552 Circuitum
2496 4497 2580 4552 hic
2609 4498 2739 4554 dicit
2779 4511 3120 4566 conventum,
3161 4518 3490 4571 consessum,
3535 4507 3736 4576 impro-

2162 4589 2284 4644 bam
2328 4589 2618 4657 officinam,
2670 4592 2893 4646 scelesta
2928 4594 3169 4648 consilia.
3199 4595 3352 4662 Quod
3389 4607 3564 4652 autem
3609 4597 3740 4654 dicit

2161 4691 2245 4736 est
2285 4682 2544 4751 ejusmodi
2580 4700 2594 4736 :
2629 4683 2746 4754 Ipsa
2793 4685 3049 4740 scelerata
3095 4688 3337 4754 consilia,
3383 4699 3438 4744 et
3475 4700 3633 4758 caput
3677 4705 3742 4746 ac

2161 4791 2366 4829 summa
2400 4775 2626 4846 improbi
2649 4788 2703 4831 et
2729 4777 2999 4846 depravati
3035 4780 3219 4846 animi,
3245 4781 3356 4850 ipsa
3378 4797 3473 4837 eos
3503 4783 3742 4838 obruerit

2161 4877 2215 4922 et
2241 4867 2550 4938 perdiderit.
2583 4867 2753 4922 Labor
2795 4869 3040 4924 fabiorum
3081 4871 3327 4941 ipsorum.
3360 4872 3621 4929 Laborem
3653 4875 3742 4930 hic

2161 4966 2319 5012 vocat
2361 4959 2780 5027 improbitatem.
2812 4960 2920 5017 Res
2947 4970 3032 5016 est
3061 4962 3204 5017 enim
3231 4963 3496 5032 ejusmodi
3536 4965 3740 5036 impro-

2161 5053 2297 5106 bitas
2333 5069 2344 5104 :
2379 5051 2532 5106 affert
2575 5053 2624 5106 ei
2667 5054 2758 5121 qui
2805 5053 2949 5108 illam
3001 5054 3239 5124 possidet
3293 5058 3532 5123 exitium,
3579 5070 3636 5113 et
3678 5067 3741 5112 ut

2158 5145 2414 5198 obruatur
2442 5143 2622 5200 efficit.
2665 5144 2778 5200 Hoc
2815 5146 2866 5199 in
2909 5146 3072 5201 David
3109 5149 3318 5202 accidit.
3347 5148 3742 5220 Exspectabam

2159 5239 2302 5291 enim
2332 5237 2446 5292 fore
2471 5246 2527 5291 ut
2567 5237 2619 5291 in
2662 5237 2801 5291 mala
2831 5237 3140 5307 gravissima
3164 5237 3460 5294 incideret:
3494 5241 3582 5295 ille
3610 5256 3740 5296 vero

2157 5329 2327 5384 evasit
2353 5329 2568 5384 clarior.
2593 5326 2772 5394 Certe,
2806 5329 2993 5400 inquit,
3021 5329 3119 5385 sed
3151 5329 3252 5386 hoc
3275 5346 3379 5386 non
3399 5347 3582 5402 quatro
3610 5351 3624 5388 :
3650 5347 3742 5388 ve-

2221 5481 2292 5546 (α)
2317 5483 2523 5546 semper
2548 5479 2691 5546 fasi).
2720 5480 2826 5529 Hoc
2850 5493 2912 5528 ex
2940 5479 3130 5546 Aquilae
3162 5476 3383 5546 editione
3415 5481 3737 5546 desumptum

2158 5541 2271 5593 esse
2296 5541 2512 5593 videtur.
2536 5541 2726 5601 Oua'de
2757 5555 2812 5591 re
2852 5541 3046 5590 necnOn
3070 5542 3133 5588 de
3170 5541 3500 5602 Diapsalmate
3531 5541 3642 5590 vide
3676 5555 3740 5592 ea

2158 5620 2271 5668 qua!
2299 5607 2450 5666 paulo
2474 5612 2590 5668 ante
2616 5602 2918 5668 dicebamus.
2956 5604 3073 5668 Htec
3095 5615 3242 5664 porro
3266 5601 3430 5668 lectio
3462 5606 3511 5652 in
3537 5606 3740 5668 vulgata

2160 5662 2470 5718 Antiochena
2514 5664 2735 5714 editione
2778 5663 2926 5712 fuisse
2968 5662 3190 5723 videtur,
3234 5671 3289 5712 ut
3331 5663 3432 5713 alia
3473 5662 3647 5713 multa'
3671 5679 3737 5713 ex

2162 5727 2408 5786 Origenis-
2421 5726 2659 5789 Hexaplis
2680 5727 2952 5789 desumpta.

2226 5789 2295 5851 (ὁ)
2325 5790 2440 5838 Haec
2474 5786 2818 5851 interpretatio
2839 5786 2915 5837 est
2932 5788 3076 5849 juxta
3107 5786 3471 5847 Symmachum.
