4070 6340
340 368 446 426 n3

336 487 520 556 τενέσι
564 485 744 555 μόνον,
803 484 925 540 οὑδὲ
970 486 1160 556 φίλοις,
1214 485 1336 538 οὐδὲ
1366 487 1424 538 ἐν
1453 484 1695 555 γυναικὶ,
1719 483 1833 538 ἀλλ’
1857 484 1915 536 ἐν

340 575 490 647 αὐτῷ
531 575 610 646 τῷ
655 575 865 646 σώματι
888 576 986 646 τὴν
1017 574 1216 644 παγίδα
1254 575 1447 646 ἔθηκεν
1471 591 1484 640 ;
1512 570 1674 627 Εἷπα
1701 572 1781 639 τῷ
1803 577 1919 627 Κυ-

337 665 463 736 ρίῳ·
510 667 652 730 Θεός
672 682 790 733 μου
819 660 878 718 εἴ
897 665 1000 718 σύ·
1027 663 1322 726 ἐνώτισαι,
1351 665 1546 730 Κύριε,
1571 661 1686 730 τὴν
1710 661 1921 731 φωνὴν

343 753 452 822 τῆς
479 752 742 820 δεήσεώς
767 771 905 822 μου.
946 754 1141 820 Κύριε,
1178 752 1372 820 Κύριε,
1395 751 1648 819 δύναμις
1669 749 1781 818 τῆς
1804 763 1922 803 σω-

344 843 552 908 τηρίας
567 859 706 910 μου.
746 840 936 903 Ἀλλος
969 852 1017 906 ι,
1055 839 1284 907 Κράτος
1312 838 1424 906 τῆς
1457 838 1760 905 σωτηρίας
1779 853 1918 905 μου.

344 929 529 982 Εἰπὼν
569 929 658 982 τὸν
707 928 942 998 πόλεμον
980 929 1074 980 καὶ
1108 928 1208 989 τάς
1245 925 1556 988 ἐπιϐουλὰς,
1607 925 1704 979 καὶ
1746 921 1924 987 δείξας

347 1017 594 1087 ἀφόρητα
623 1017 691 1070 τά
731 1015 899 1079 δεινὰ,
952 1015 1284 1083 καταφεύγει
1318 1013 1504 1067 λοιπὸν
1527 1015 1619 1067 ἐπὶ
1649 1013 1747 1084 τὴν
1777 1011 1927 1081 ἀχεί-

353 1121 522 1176 ρωτον
541 1103 876 1173 συμμαχίαν,
896 1102 1005 1155 ἀπὸ
1021 1101 1114 1155 τοῦ
1127 1103 1186 1155 06
1194 1102 1354 1174 ρανοῦ
1377 1101 1558 1155 καλῶν
1576 1101 1666 1154 τὸν
1689 1098 1880 1171 βοηθὸν
1896 1098 1924 1136 δ

350 1193 522 1248 ταῦτα
547 1193 706 1247 λῦσαι
730 1193 1044 1264 δυνάμενον.

423 1282 594 1336 Τοῦτο
608 1282 783 1353 ψυχῆς
797 1283 1051 1352 γενναίας
1077 1282 1294 1353 δεῖγμα,
1311 1283 1473 1337 τοῦτο
1507 1282 1798 1353 φιλοσόφου
1821 1284 1930 1338 δια-

350 1370 522 1435 νοίας,
557 1371 717 1441 ἡνίκα
742 1371 808 1425 ἂν
844 1371 1017 1425 ταῦτα
1057 1371 1392 1442 πανταχόθεν
1445 1371 1805 1442 περίκεινται,
1850 1373 1924 1443 μὴ

353 1459 718 1528 καταφεύγειν
734 1461 814 1523 εἰς
843 1459 1192 1530 ἀνθρωπίνην
1218 1459 1550 1530 συμμαχίαν,
1578 1459 1711 1531 μηδὲ
1741 1462 1822 1525 εἰς
1850 1461 1930 1514 λο-

353 1548 583 1616 γισμοὺς
610 1547 856 1615 θνητοὺς,
892 1547 1028 1601 ἀλλά
1073 1549 1211 1619 πρὸς
1237 1548 1330 1600 τόν
1374 1549 1604 1620 οὐρανὸν
1639 1551 1793 1621 ὁρᾷν,
1833 1552 1928 1604 καὶ

355 1634 630 1705 πανταχοῦ
665 1636 907 1704 παρόντα
955 1635 1140 1689 καλεῖν
1165 1636 1256 1690 τδν
1289 1621 1421 1690 Θεδν
1449 1678 1465 1700 ,
1505 1637 1641 1708 μηδὲ
1676 1640 1774 1709 τῆς
1800 1639 1931 1693 ἀθυ-

358 1722 486 1793 μίας
526 1722 791 1791 γίνεσθαι,
825 1723 1038 1778 καὶτοῦ
1071 1723 1323 1796 θορύϐου,
1382 1726 1476 1778 καὶ
1522 1725 1626 1795 τῆς
1667 1727 1930 1798 ταραχῆς.

356 1813 466 1865 Καὶ
494 1815 594 1884 ὅρα
622 1813 738 1876 πῶς
764 1813 931 1879 ἀξίως
973 1814 1167 1868 ἑαυτοῦ
1196 1816 1288 1868 τὸν
1325 1815 1480 1883 λόγον
1511 1815 1929 1882 κατασκευάζει.

357 1901 432 1953 06
471 1902 581 1971 γὰρ
621 1896 763 1963 εἷπε,
800 1903 872 1954 Τὸ
905 1903 999 1956 καὶ
1046 1903 1107 1956 16
1138 1902 1500 1973 κατώρθωσα,
1525 1904 1618 1957 καὶ
1652 1904 1810 1975 τήνδε
1836 1905 1944 1973 τὴν·

357 1989 698 2061 δικαιοσύνην
731 1992 1094 2062 εἰργασάμηνο
1136 1991 1270 2045 ἀλλά
1312 1991 1394 2060 τί;
1429 1993 1572 2059 Θεός
1595 2012 1714 2063 μου
1747 1990 1806 2048 εἴ
1829 1993 1934 2056 σὺ,

361 2079 616 2149 μέγιστον
670 2079 944 2151 δικαίωμα
1002 2083 1319 2152 συμμαχίας
1395 2083 1831 2154 προϐαλλόμενος
1874 2083 1936 2135 τὸ

357 2167 494 2237 πρὸς
541 2167 815 2234 Δεσπότην
864 2169 1250 2238 καταφεύγειν,
1297 2169 1391 2221 καὶ
1440 2170 1798 2240 Δημιουργὸν,
1843 2169 1938 2222 καί¹

359 2253 611 2306 Βασιλέα.
670 2253 998 2320 Ἐνώτισαι,
1032 2256 1226 2323 Κύριε,
1258 2254 1374 2319 τὴν
1419 2255 1630 2325 φωνὴν
1654 2254 1763 2323 τῆς
1802 2255 1937 2322 δεή-

359 2339 514 2407 σεώς
536 2360 676 2410 μου,
715 2343 910 2410 Κύριε,
938 2343 1134 2410 Κύριε,
1175 2343 1425 2412 δύναμις
1485 2341 1590 2410 τῆς
1640 2344 1940 2411 σωτηρίας

355 2447 495 2498 μου.
537 2430 796 2498 Δύναμις
827 2427 937 2497 τῆς
967 2431 1261 2499 σωτηρίας
1293 2427 1436 2496 εἷπε,
1469 2432 1685 2494 δεικνὺς
1713 2433 1793 2485 ὅτι
1823 2432 1939 2485 ἐστι

361 2519 455 2571 καὶ
483 2515 710 2588 δύναμις
733 2517 1005 2580 κολάσεως
1034 2519 1127 2570 καὶ
1164 2518 1454 2588 τιμωρίας.
1503 2518 1640 2572 Ἀλλ’
1674 2519 1798 2589 ἐμοὶ
1841 2519 1940 2590 τὴν

360 2604 587 2674 δύναμιν
637 2607 735 2676 τῆς
794 2605 1087 2676 σωτηρίας,
1147 2606 1297 2676 φησὶ,
1359 2606 1654 2677 παρέσχες.
1704 2608 1942 2662 Δύνασαι

365 2695 462 2764 μὲν
491 2693 600 2764 γὰρ
656 2695 750 2746 καὶ
782 2695 968 2758 κακῶς
1026 2697 1198 2748 ποιεῖν
1228 2697 1321 2747 καὶ
1381 2697 1642 2766 ἀναιρεῖν·
1694 2697 1810 2749 ἀλλ’
1855 2697 1942 2749 ἀεὶ

363 2782 496 2853 πρὸς
537 2782 805 2853 σωτηρίαν
828 2781 925 2853 τὴν
981 2783 1118 2853 ἐμὴν
1174 2785 1394 2854 ἐχρήσω
1427 2787 1493 2854 τῇ
1549 2783 1774 2852 δυνάμει
1823 2801 1938 2838 σου.

362 2871 471 2923 Καὶ
489 2871 591 2939 ὅρα
617 2871 708 2923 τὸν
733 2870 896 2924 πόθον
919 2869 1011 2923 τοῦ
1035 2871 1302 2939 λέγοντος.
1320 2869 1409 2940 Τῷ
1433 2873 1540 2943 γάρ
1563 2870 1944 2942 διπλασιασμῷ

363 2957 458 3010 καὶ
479 2955 555 3026 τῷ
594 2957 930 3027 προσθεῖναι,
972 2957 1090 3025 Τῆς
1133 2959 1432 3025 σωτηρίας
1447 2977 1589 3027 μου,
1623 2958 1821 3032 πολλὴν
1843 2959 1946 3012 δείο

363 3061 518 3096 κνυσι
549 3046 644 3114 τὴν
668 3043 925 3097 διάθεσιν.
971 3045 1368 3112 Ἔπεσιιίιισας
1414 3047 1510 3101 ἐπὶ
1540 3048 1654 3116 τὴν
1673 3052 1947 3119 κεφαλήν

360 3149 479 3201 μου
503 3131 572 3184 ἐν
605 3131 795 3201 ἡμέρᾳ
845 3131 1133 3201 πολέμου.
1185 3129 1336 3196 Εἶδες
1360 3133 1455 3205 τὴν
1494 3136 1816 3207 εὐχάριστον
1841 3139 1946 3209 ψυ-

365 3221 495 3290 χήνς
540 3219 661 3275 Τῶν
713 3221 996 3292 προτέρων
1031 3224 1439 3293 ἀναμιμνήσκει
1489 3225 1702 3291 ἐαυτὸν,
1748 3227 1830 3281 ὅτι
1887 3229 1944 3280 ἐν

366 3309 638 3381 ἀσφαλείᾳ
682 3308 1017 3380 κατέστησεν
1074 3311 1254 3363 αὑτόν.
1315 3312 1486 3366 Τοῦτο
1535 3314 1645 3385 γάρ
1697 3315 1814 3368 ἐστι
1861 3317 1943 3383 τὸ,

380 3401 806 3466 Ἐπεσκίασας.
833 3399 937 3455 Καὶ
953 3402 1054 3473 ὅρα
1082 3402 1142 3454 τὸ
1164 3399 1384 3455 εὔκολον
1411 3402 1506 3456 τοῦ
1537 3403 1670 3456 Θεοῦ
1705 3405 1821 3468 πῶς
1836 3405 1948 3458 δεί-

369 3507 577 3544 κνυσιν.
609 3489 683 3542 06
716 3488 823 3560 γὰρ
859 3485 1002 3553 εἷπε,
1036 3488 1148 3560 Πρὸ
1184 3489 1398 3554 τούτου,
1437 3489 1673 3553 ἁλλ’,Ἐν
1709 3491 1843 3562 αὐτῇ
1879 3494 1946 3563 τῇ

369 3580 572 3650 ἡμέρα,
601 3579 786 3648 φησὶν,
814 3579 901 3632 ὅτε
931 3578 1000 3632 τά
1047 3576 1197 3632 δεινά
1220 3578 1402 3650 ᾔρετο,
1443 3580 1531 3632 ὅτε
1577 3581 1612 3651 ἡ
1648 3582 1948 3652 παράταξις

369 3663 457 3738 ἦν,
493 3667 580 3719 ὅτε
615 3667 744 3738 περὶ
796 3666 904 3720 τῶν
945 3667 1188 3737 ἐσχάτων
1227 3666 1588 3733 ἐκινδύνευον,
1621 3669 1740 3722 τότε
1791 3687 1857 3741 με
1891 3671 1949 3723 ἐν

371 3754 640 3826 ἀσφαλείᾳ
657 3753 1016 3825 κατέστησας.
1051 3756 1124 3808 06
1147 3754 1255 3826 γὰρ
1287 3759 1640 3826 παρασκευῆς
1669 3757 1742 3828 οῆ
1773 3775 1951 3828 παρα-

373 3842 616 3912 κλήσεως
646 3841 815 3895 δεῖται
851 3842 881 3893 ὁ
913 3842 1042 3906 Θεὸς
1078 3842 1256 3896 πάντα
1278 3843 1456 3909 εἰδὼς,
1491 3845 1560 3897 τά
1584 3862 1644 3897 τε
1683 3847 1950 3916 παρόντα,

373 3930 441 3983 τά
465 3947 524 3982 τε
567 3929 844 3999 μέλλοντα,
880 3930 952 3984 τά
979 3947 1038 3982 τε
1068 3931 1350 3999 γεγονότα,
1392 3933 1486 3985 καὶ
1524 3934 1699 3986 πάντα
1723 3934 1955 4005 δυνάμε-

373 4035 482 4082 νος,
510 4018 602 4071 καὶ
620 4018 704 4070 ἀεὶ
733 4016 1017 4086 παρεστὼς
1041 4018 1254 4088 ἕτοιμος
1287 4021 1366 4083 είς
1396 4019 1668 4091 βοήθειαν.
1701 4018 1832 4076 Εἶτα
1861 4023 1955 4094 δη-

374 4105 483 4158 λῶν
511 4106 609 4178 τὴν
639 4105 942 4176 ὑπερϐολὴν
971 4105 1072 4176 τῆς
1106 4103 1258 4178 [425]
1299 4107 1455 4179 νίκης
1506 4110 1599 4162 καὶ
1641 4111 1742 4180 τῆς
1777 4114 1954 4180 ἀσφα-

375 4193 544 4260 λείας,
575 4195 675 4248 οὑκ
698 4189 1132 4258 εἷπεν,Ἐσωσάς
1167 4195 1404 4266 με·ἀλλά
1429 4197 1950 4267 τί;Ἐπεσκίασας-·

375 4285 672 4352 τουτέστιν,
693 4284 813 4338 οὑδὲ
830 4284 889 4337 τὸ
905 4285 1070 4356 τυχὸν
1095 4285 1337 4357 λυπηρὶιν
1359 4287 1648 4358 ὑπομεῖναι
1671 4290 1952 4360 ἐποίησας,

377 4373 498 4426 οὐδὲ
533 4374 655 4426 ὅσον
702 4373 809 4426 ἀπὸ
843 4371 1143 4443 καύματος·
1177 4373 1291 4426 ἀλλ’
1327 4375 1385 4428 ἐν
1416 4375 1652 4448 τοσαύτη
1686 4378 1954 4450 κατέστη-

380 4481 478 4528 σας
497 4461 784 4536 ἀσφαλείᾳ,
817 4464 910 4517 καὶ
943 4463 1081 4536 μετὰ
1116 4463 1214 4534 τῆς
1252 4464 1552 4534 ἀσφαλείας
1575 4467 1632 4519 ἐν
1661 4468 1823 4539 ἡδονῇ
1864 4470 1956 4524 καὶ

376 4554 582 4618 ἀνέσει,
612 4553 687 4616 ὡς
713 4552 848 4624 μηδὲ
871 4555 1055 4624 τυχεῖν
1083 4552 1290 4624 θέρμης
1316 4554 1462 4617 τινὸς
1488 4553 1781 4627 λυπούσης,
1820 4556 1955 4610 ἀλλὰ

381 4643 508 4712 σκιᾷ
537 4641 829 4712 ἐντρυφᾷν,
878 4641 1149 4708 τουτέστι,
1178 4644 1246 4713 τῇ
1288 4641 1397 4696 τῶν
1435 4641 1623 4696 δεινῶν
1666 4643 1953 4716 ἀπαλλαγῇ

379 4733 474 4785 καὶ
499 4730 802 4802 ἐλευθερίᾳ.
832 4731 933 4783 Διά
959 4730 1117 4784 τοῦτο
1138 4732 1385 4802 ἐπήγαγε
1410 4733 1492 4798 τὸ,
1534 4733 1952 4798 Ἐπεσκίασας,

378 4817 537 4872 τοῦτό
563 4835 624 4870 τε
671 4818 802 4870 αὐτὸ
851 4817 1050 4890 δηλῶν,
1094 4819 1188 4872 καὶ
1230 4819 1291 4872 τὸ
1325 4817 1542 4873 εὔκολον
1577 4822 1672 4892 τῆς
1705 4821 1956 4892 βοηθείας

377 4904 472 4959 τοῦ
502 4905 637 4959 Θεοῦ
659 4905 893 4969 δεικνὺς,
922 4905 1010 4959 διὰ
1045 4905 1139 4959 τοῦ
1153 4909 1250 4977 τῆς
1272 4909 1427 4970 σκιᾶς
1451 4908 1732 4978 ὀνόματος,
1757 4909 1956 4963 ὡσανεὶ

379 4994 585 5062 ἔλεγεν,
615 4993 802 5064 Ἀρκεῖ
819 4994 1066 5064 παρεῖναί
1089 5011 1150 5046 σε
1191 4995 1370 5064 μόνον,
1392 4995 1488 5048 καὶ
1506 4997 1681 5049 πάντα
1717 4996 1952 5053 λέλυται.

378 5083 477 5151 Μὴ
503 5081 782 5150 παραδῷς
817 5098 915 5152 με,
956 5086 1148 5151 Κύριε,
1192 5083 1311 5136 ἀπὸ
1351 5082 1462 5152 τῆς
1494 5085 1806 5156 ἐπιθυμίας
1835 5105 1954 5157 μου

377 5169 723 5242 ἁμαρτωλῷ.
763 5172 974 5234 Ἄλλος,
1014 5171 1111 5238 Μὴ
1141 5171 1278 5239 δῷς,
1303 5175 1496 5242 Κύριε,
1515 5177 1621 5239 τὰς
1642 5177 1958 5247 ἐπιθυμίας

377 5260 485 5314 τοῦ
509 5260 875 5327 παρανόμου.
907 5261 971 5311 Ὃ
991 5259 1048 5312 δέ
1086 5259 1253 5330 λέγει,
1280 5261 1436 5315 τοῦτό
1455 5264 1592 5316 ἐστι’
1612 5265 1702 5334 Μὴ
1723 5265 1828 5336 δῷς
1847 5268 1956 5320 ἀπὸ

375 5351 474 5421 τῆς
494 5347 786 5418 ἐπιθυμίας
819 5347 922 5418 τῆς
957 5349 1076 5402 κατ’
1112 5348 1267 5419 ἐμοῦ,
1309 5352 1604 5416 τουτέστιν,
1626 5354 1662 5408 ἀ
1700 5357 1957 5427 ἐπιθυμεῖ

381 5438 498 5490 κατ’
521 5436 677 5507 ἐμοῦ,
717 5436 892 5490 ταῦτα
915 5435 996 5508 μὴ
1026 5439 1168 5509 ἀφῇς
1203 5439 1367 5493 αὑτὸν
1388 5441 1691 5512 πληρῶσαι.
1716 5446 1824 5498 Καὶ
1855 5447 1955 5500 οὑκ

378 5521 551 5590 εἶπεν,
576 5528 641 5577 Ἀ
663 5526 941 5598 ἐπιθυμεῖ,
982 5527 1116 5596 ἀλλ’,
1161 5529 1302 5583 Ἀπὸ
1334 5529 1444 5600 τῆς
1479 5533 1792 5605 ἐπιθυμίας
1810 5556 1954 5607 μου,

442 5706 467 5770 ξ·
491 5705 609 5770 Quis
631 5707 691 5754 sit
708 5706 791 5770 hic
816 5707 1062 5770 interpres
1090 5705 1360 5770 ignoratur.

441 5765 470 5805 Β
496 5769 604 5815 Sav.
643 5769 801 5816 καλῶν
823 5769 904 5815 τὸν
925 5765 1062 5818 Θεὸν.

445 5831 467 5856 τ
493 5831 630 5877 Alius
652 5831 937 5890 μελλήσεως.

1401 365 1767 425 EXPOSITIO
1802 365 1870 421 IN
1902 364 2238 422 PSALMUM
2277 362 2561 422 CXXXIX.

3508 350 3615 408 εει

2027 483 2271 536 τοιοῦτόν
2304 501 2356 536 τι
2395 481 2716 553 βουλόμενος
2751 477 3010 549 δηλῶσαι·
3033 472 3182 546 Μηδέ
3205 471 3399 544 μικρόν
3418 485 3472 522 τι
3506 465 3612 539 δῷς

2028 561 2104 621 ὧν
2123 567 2397 638 ἐπιθυμεῖ.
2422 564 2662 620 Τοιοῦτοι
2708 564 2818 634 γάρ
2851 562 2904 614 οἱ
2954 557 3199 631 πονηροί·
3240 555 3378 628 μετά
3416 553 3615 623 πολλῆς

2028 657 2128 726 τῆς
2149 655 2440 726 ἐπιθυμίας
2460 655 2557 726 τὴν
2577 653 2722 707 κατά
2757 651 2865 705 τῶν
2907 648 3133 721 πλησίον
3163 645 3487 726 ἐργάζονται
3507 644 3617 695 ἐπι-

2030 724 2248 816 ϐουλὴν,
2286 724 2538 814 καθάπερ
2575 742 2668 795 καὶ
2701 741 2731 794 6
2764 737 3028 800 διάϐολος,
3052 735 3181 805 περὶ
3216 724 3276 785 οὗ
3311 747 3495 801 φησιν,
3533 729 3616 781 ὅτι

2031 831 2407 902 Περιέρχεται
2430 831 2510 896 ὡς
2526 829 2684 885 ,ζέων
2699 825 3055 895 ὠρυόμενος,
3082 819 3267 889 tamin“
3288 821 3422 873 τίνα
3442 833 3618 870 κατα-

2033 921 2163 987 πίῃ.
2187 918 2344 973 Οὕτω
2371 918 2486 990 μετ’
2513 915 2810 988 ἐπιθυμίας
2832 909 3136 984 προσέϐαλε
3173 908 3249 979 τῷ
3284 907 3422 960 Ίώϐ·
3446 904 3618 966 οὑτως

2033 1005 2346 1062 ἐϐουλεύετο
2364 1005 2442 1076 τῷ
2457 1004 2650 1076 Πέτρῳ
2670 1000 3014 1072 προσϐαλεῖν·
3031 997 3115 1051 διδ
3135 997 3228 1050 καὶ
3249 990 3621 1062 ἔλεγε-Ποσεί-

2035 1113 2126 1162 κις
2142 1094 2485 1165 ἐξῃτήσατο
2497 1107 2571 1146 σε
2592 1095 2624 1146 ὁ
2658 1087 2930 1154 Σατανᾶς
2958 1084 3230 1141 σινιάσαι
3252 1100 3325 1137 σε
3352 1083 3434 1146 ὠς
3459 1080 3484 1120 ά
3514 1079 3621 1132 τεέν

2035 1184 2248 1247 altor;
2286 1179 2436 1245 Εἶδες
2471 1181 2645 1250 πόσην
2684 1173 2830 1249 εἶχεν
2867 1173 3204 1246 ἐπιθυμίαν;
3246 1170 3369 1224 Εἰσὶ
3399 1170 3492 1223 καὶ
3529 1166 3622 1220 ἄνα·

2037 1272 2245 1343 θρωποι
2283 1270 2492 1324 ἐκείνου
2518 1265 2806 1338 ζηλοῦντες
2840 1262 3039 1318 κακίαν
3069 1261 3174 1316 ὑπὸ
3197 1257 3494 1343 βασκανίας
3529 1254 3623 1343 καὶ

2039 1341 2254 1429 φθόνου,
2292 1355 2496 1412 καὶτοῦ
2521 1356 2732 1428 χαίρειν
2762 1353 2855 1407 ἐπὶ
2874 1353 3082 1415 κακοῖς.
3105 1347 3216 1412 Οὓς
3235 1347 3329 1400 καὶ
3348 1341 3622 1404 ταλανίξει

2039 1445 2558 1520 ἡΤραφὴπλέγουσα,
2579 1441 2723 1497 Οὐαί
2749 1452 2774 1481 ο
2805 1444 2860 1496 οἱ
2896 1437 3351 1510 εὐφραινόμενοι
3383 1430 3484 1484 ἐπὶ

2039 1517 2188 1600 κοῖς,
2211 1517 2602 1604 οὶγχαίροντες
2626 1531 2724 1585 ἐπὶ
2747 1525 3085 1597 διαστροφῇ
3113 1522 3335 1579 κακῶνο
3359 1521 3455 1575 καὶ
3480 1517 3625 1588 μάλα

2041 1623 2284 1686 εἰκότως·
2317 1620 2718 1692 διεφθαρμένης
2748 1617 2864 1690 γάρ.
2885 1615 3059 1669 τοῦτο.
3094 1611 3352 1674 διανοίας.
3406 1608 3470 1661 Εἰ
3518 1605 3626 1674 γὰρ

2042 1712 2134 1766 καὶ
2154 1712 2336 1780 ἀλγεῖν
2355 1711 2453 1774 δεῖ,
2475 1709 2569 1764 καὶ
2590 1707 2818 1770 στένειν,
2858 1705 2954 1760 καὶ
2974 1704 3192 1774 θρηνεῖν
3212 1701 3303 1753 ἐπὶ
3329 1700 3442 1760 τοῖς
3460 1694 3600 1748 ἀπολ
3613 1722 3628 1731 -

2042 1801 2317 1872 λυμένοις,
2349 1799 2471 1852 τίνα
2501 1797 2568 1851 ἂν
2589 1799 2770 1861 σχοῖεν
2791 1785 3141 1863 συγγνώμην,
3164 1789 3325 1842 ποίαν
3361 1785 3418 1839 δὲ
3440 1781 3628 1836 ἀπολοα

2042 1889 2190 1958 γίαν,
2213 1890 2260 1940 οἱ
2298 1887 2371 1958 μὴ
2396 1886 2554 1956 μόνον
2577 1885 2635 1938 o6
2675 1877 3254 1951 συναλγοῦντες,.ἀλλὰ
3284 1875 3378 1928 καὶ⁵
3410 1872 3629 1944 χαίρον-

2042 1995 2163 2043 τες;
2188 1976 2301 2029 Οὑκ
2322 1971 2481 2037 εἶδες,
2503 1974 2584 2026 δτι
2619 1973 2714 2024 καὶ
2733 1969 2895 2033 αὑτὸς
2930 1970 2959 2021 6
2992 1962 3243 2028 κολάζειν
3263 1960 3472 2034 μέλλων
3493 1959 3629 2026 Χρι-

2046 2066 2169 2129 στὸς
2191 2061 2415 2134 δακρύει
2441 2061 2539 2132 τὴν
2566 2057 2924 2130 Ἰερουσαλὴμ
2939 2053 3353 2124 ἀπολλυμένην;
3384 2048 3483 2117 οὑχ
3499 2045 3632 2115 ὁρᾷς

2045 2154 2140 2207 καὶ
2185 2149 2394 2205 Παῦλον
2443 2149 2696 2201 στένοντα
2731 2146 2826 2199 καὶ
2861 2141 3164 2214 θρηνοῦντα
3208 2137 3240 2177 ίτ
3269 2140 3390 2200 ταῖς
3429 2135 3634 2201 ἐτέρων

2046 2239 2343 2302 ἀπωλείαις
2376 2238 2471 2290 καὶ
2507 2234 2839 2299 πενθοῦντα;
2879 2231 3018 2283 Ἀλλ’
3066 2228 3172 2282 εἰσί
3210 2243 3355 2290 τινες
3392 2225 3636 2279 0610060-

2047 2325 2399 2397 εφθαρμένοι,
2417 2323 2492 2387 ὡς
2509 2322 2619 2376 τῶν
2642 2321 2786 2374 ἰδίων
2811 2317 2999 2373 κακῶν
3021 2314 3372 2387 παραμυθίαν
3384 2312 3634 2385 ἡγεῖσθαι

2046 2413 2146 2469 τὰς
2193 2412 2479 2482 ἀλλοτρίας
2521 2409 2824 2481 συμφοράς.
2865 2406 3290 2474 Διελογίσαντο
3309 2404 3435 2457 κατ’
3464 2401 3631 2470 ἐμοῦ,

2043 2502 2129 2572 μὴ
2174 2500 2585 2571 ἐγκαταλίπῃς
2627 2513 2724 2568 με.
2758 2493 2988 2565 μήποτε
3035 2490 3362 2562 ὑψωθῶιτιν
3406 2490 3519 2542 ἀεί.
3564 2487 3644 2539 T6

2049 2591 2159 2660 γὰρ
2191 2588 2506 2656 mamma
2526 2583 2685 2639 10616
2717 2581 3128 2645 ἐστιν..“Ἀλλος.
3151 2579 3247 2648 Μὴ
3269 2577 3560 2643 ἀποϐαίης
3586 2577 3648 2639 ⁸,,

2044 2683 2280 2751 μήποτε
2294 2673 2599 2745 ὑψωθῶσι.

2121 2767 2292 2820 Τοῦτο
2332 2765 2432 2834 τῆς
2473 2763 2675 2834 μιαρᾶς
2705 2762 2800 2814 καὶ
2839 2757 3188 2829 ἐφθαρμένης
3215 2753 3464 2824 γνώμης,
3512 2753 3648 2805 ὅταν.

2051 2857 2146 2910 καὶ
2177 2854 2370 2926 βουλῆς
2406 2853 2500 2906 καὶ
2541 2850 2734 2921 σχολῆς
2758 2849 2852 2901 καὶ
2875 2845 3103 2918 μελέτης
3134 2839 3522 2911 δέωνταιλπρὸς
3542 2836 3646 2908 τὴν,

2052 2945 2273 3000 κακίαν.
2297 2945 2371 2997 O6
2409 2942 2522 3013 γάρ
2555 2942 2716 3012 ἀρκεῖ
2744 2937 2815 2992 τὰ
2843 2935 2952 2990 ἀπὸ
2975 2932 3336 3006 συναρπαγῆς
3357 2929 3636 3000 γινόμενα·

2051 3035 2112 3087 o6
2134 3034 2243 3103 γὰρ
2265 3030 2426 3085 ἱκανά
2444 3031 2512 3082 τὰ
2533 3028 2674 3082 κατά
2695 3025 3024 3095 προπέτειαν
3040 3017 3479 3093 ἡμᾶςάπολέσαι,
3505 3015 3642 3069 ἀλλὰ

2053 3123 2148 3176 καὶ
2176 3120 2369 3191 βουλῆς
2396 3135 2478 3172 σοι
2516 3117 2611 3170 καὶ
2647 3115 2840 3188 χρόνου
2863 3113 2958 3167 κα)⁴
2988 3109 3235 3180 σκέψεως
3275 3108 3360 3160 δεῖ
3380 3105 3518 3177 πρὸς
3545 3104 3648 3174 τὴν

2054 3209 2274 3263 κακίαν.

2125 3297 2189 3351 δ’.
2219 3296 2385 3349 Ποίαν
2416 3288 2510 3348 06v
2537 3292 2680 3357 ἕξεις
2708 3289 3026 3358 ἀπολογίαν,
3067 3285 3296 3359 μελέτην
3325 3285 3658 3353 ποιούμενος

2058 3387 2210 3461 [424]
2225 3387 2319 3458 τὴν
2341 3382 2623 3457 πονηρίαν,
2645 3382 2738 3435 καὶ
2759 3379 2952 3452 βουλὴν
2967 3378 3245 3450 τιθέμενος
3266 3376 3406 3447 ὑπὲρ
3420 3376 3517 3445 τῆς
3537 3373 3663 3427 τῶν.

2057 3475 2241 3531 κακῶν
2287 3473 2570 3546 ἐργασίας,
2614 3469 2709 3524 καὶ
2770 3468 3062 3530 κοινωνοὺς
3107 3465 3438 3536 λαμϐάνων;
3505 3463 3668 3515 Ἀλλ⁹”

2057 3569 2161 3637 ὅρα
2197 3565 2295 3636 τὴν
2342 3563 2532 3617 τούτου
2566 3560 3088 3630 ταπεινοφροσύνην.
3127 3555 3201 3608 Οὐ
3238 3555 3347 3626 γὰρ
3386 3550 3526 3606 εἷπε
3552 3553 3658 3623 M-‘rL

2058 3653 2433 3724 ἐγκαταλίπῃς
2461 3668 2550 3721 με,
2578 3649 2662 3702 ὅτι
2687 3647 2835 3714 ἄξιός
2869 3648 3008 3716 εἰμι,
3064 3643 3142 3715 μὴ
3170 3641 3546 3713 ἐγκαταλίπῃς
3575 3657 3652 3708 με.

2059 3745 2148 3801 διὰ
2163 3745 2263 3816 τὴν
2291 3741 2383 3794 τοῦ
2408 3739 2523 3812 βίου
2549 3738 2771 3810 ἀρετήν.
2807 3734 2968 3788 Ἀλλά
2994 3733 3086 3797 τίς
3117 3731 3360 3797 Μήποτε
3393 3727 3646 3798 ὑψωθῶ-

2060 3850 2190 3896 σιν,
2235 3831 2375 3885 ὥστε
2413 3828 2487 3900 μὴ
2536 3823 3034 3895 ἀλαζονικωτέρους
3077 3819 3355 3889 γενέσθαι,
3406 3818 3500 3871 καὶ
3559 3818 3640 3877 εἰς

2063 3924 2284 3978 πλείονα
2312 3918 2570 3972 ἀπόνοιαν
2599 3914 2833 3986 ἀρθῆναι
2862 3910 2949 3964 διά
2986 3909 3087 3980 τῆς
3132 3908 3272 3978 ἐμῆς
3322 3904 3643 3975 ἐγκαταλεί-

2060 4011 2226 4082 ψεως.
2251 4007 2320 4063 Ἡ
2335 4003 2567 4074 κεφαλὴ
2583 4001 2687 4055 τοῦ
2701 3998 3090 4067 κυκλώματος
3101 3993 3319 4061 αὐτῶν,
3332 3995 3519 4059 κόπος
3531 3991 3666 4045 τῶν·

2063 4096 2310 4169 χειλέων
2338 4090 2537 4148 αὐτῶν
2567 4090 2827 4156 καλύψει
2851 4085 3094 4150 αὐτούς.
3116 4083 3331 4169 Ἀλλος,
3359 4083 3421 4135 '0
3446 4094 3660 4169 πικρα-¹

2063 4167 2217 4255 σμὸς
2249 4181 2366 4236 τῶν
2393 4178 2782 4234 κυκλούντων
2798 4192 2896 4244 με,
2931 4176 2965 4228 ό
2991 4175 3220 4242 μόχθος
3249 4168 3370 4224 τῶν
3400 4167 3664 4236 χειλέων-

2063 4273 2260 4329 αὐτῶν
2304 4267 2639 4341 πωμασάτω
2671 4266 2910 4331 αὐτούς.
2956 4262 3245 4332 Κύκλωμα
3275 4259 3509 4314 ἐνταῦθα
3556 4258 3657 4310 τὸν--

2065 4361 2322 4428 σύλλογον
2346 4357 2516 4425 λέγει,
2536 4354 2599 4407 τὸ
2615 4353 2910 4423 συνέδριον,
2928 4351 2989 4403 τὸ
3006 4348 3240 4420 πονηρὸν
3262 4349 3645 4418 ἐργαστήριον,
3663 4395 3667 4398 ,

2062 4453 2130 4506 τά
2172 4446 2541 4521 διεφθαρμένα
2586 4443 2950 4516 βουλεύματα.
2987 4443 3052 4493 ⁸0
3089 4440 3147 4494 δὲ
3190 4439 3356 4508 λέγει,
3402 4435 3645 4491 τοιοῦτόν

2065 4540 2232 4592 ἐστιν·
2257 4535 2406 4589 Αὑτά
2425 4533 2494 4587 τά
2516 4531 2726 4603 πονηρά
2757 4529 3118 4601 βουλεύματα,
3148 4529 3241 4582 καὶ
3263 4528 3324 4582 τὸ
3351 4527 3648 4598 κεφάλαιον

2065 4627 2166 4697 τῆς
2188 4624 2452 4695 πονηρίας
2469 4621 2563 4674 καὶ
2589 4618 2994 4690 διεφθαρμένης
3021 4615 3268 4688 γνώμης,
3289 4616 3420 4670 αὑτὸ
3450 4617 3646 4676 αὑτοὺς

2066 4713 2386 4768 καταδύσειε
2418 4711 2509 4764 καὶ
2536 4707 2846 4762 ἀπολέσειε.
2886 4706 3083 4771 Κόπος
3115 4703 3233 4758 τῶν
3257 4703 3510 4774 χειλέων
3534 4706 3642 4757 αὺ-

2064 4802 2201 4856 τῶν.
2234 4802 2417 4854 Κόπον
2447 4795 2684 4850 ἐνταῦθα
2723 4794 2830 4865 τὴν.
2849 4790 3129 4862 ’πονηρίαν
3173 4790 3346 4847 καλεῖ,
3394 4793 3506 4844 Καὶ
3539 4792 3648 4861 γὰρ

2064 4890 2304 4946 τοιοῦτον
2340 4890 2375 4960 η
2429 4885 2696 4957 πονηρίαο
2751 4881 2901 4954 αὑτῷ
2949 4881 3029 4952 τῷ
3076 4880 3398 4951 κεκτημένῳ
3436 4881 3644 4949 γίνεται

2065 4980 2307 5050 ὄλεθρος,
2361 4977 2457 5030 καὶ
2509 4971 2843 5045 ὑποϐρύχιον
2892 4971 3053 5024 αὑτὸν
3107 4968 3420 5040 ἐργάζεται.
3475 4967 3656 5022 Τοῦτο.

2063 5069 2289 5137 γέγονεν
2311 5066 2404 5118 ἐπὶ
2433 5061 2528 5117 τοῦ
2571 5062 2752 5116 Δαυῖδ.
2783 5060 3015 5130 Μυρίοις
3059 5059 3168 5131 γάρ
3190 5059 3353 5113 αὐτὸν
3383 5058 3646 5129 προσεδό--

2065 5175 2241 5229 κησαν
2283 5154 2598 5227 περιϐαλεῖν
2638 5150 2936 5214 κινδύνοις“
2976 5151 3006 5203 6
3037 5150 3104 5203 δέ,
3133 5149 3510 5221 λαμπρότερος
3551 5144 3638 5218 ἧν.

2063 5249 2195 5314 Ναὶ,
2231 5247 2415 5317 φησιν,
2449 5243 2562 5298 ἀλλ’
2587 5243 2646 5297 06
2666 5241 2824 5295 1.0610
2851 5239 3000 5312 ζητῶ
3018 5256 3030 5270 ·
3061 5239 3199 5294 ἀλλά
3228 5239 3344 5301 πῶς
3375 5241 3441 5309 τῇ
3468 5239 3661 5311 οἰκείᾳ..

2125 5403 2151 5442 (ι
2173 5403 2282 5452 Sav.
2307 5400 2515 5450 σινιάσαι
2543 5401 2625 5455 ὡς,
2654 5396 2834 5445 omisso
2860 5412 2932 5443 σε.

2129 5480 2152 5506 e
2191 5464 2313 5514 Illud
2337 5461 2442 5511 οὐαί
2485 5453 2695 5510 nonest
2733 5461 2784 5507 in
2824 5457 3036 5505 Romana
3081 5455 3302 5504 editione
3345 5453 3641 5502 Proverbi-o-

2064 5542 2168 5579 rum
2197 5541 2207 5572 :
2234 5537 2445 5586 moxque
2470 5521 2862 5586 ibifiem_l_egilur
2885 5519 2963 5586 ἐπὶ
2985 5519 3242 5586 διαστρρφῇ
3277 5521 3420 5586 κακῇ.

2130 5588 2148 5627 ί
2173 5588 2255 5637 Sic
2278 5579 2394 5635 msé.
2420 5585 2475 5634 In
2499 5582 2617 5632 edit.
2659 5582 2778 5630 Mor.
2804 5581 2935 5628 male
2967 5579 3292 5640 repelébalur
3320 5579 3541 5625 στένοντα
3561 5582 3638 5642 καὶ

2063 5653 2300 5701 στένοντα.
2317 5649 2429 5697 Sav.
2456 5647 2681 5694 στένοντα
2701 5643 2801 5698 ταῖς
2820 5643 2991 5704 ἐτέρων
3011 5642 3286 5695 ἀπωλείαις,
3309 5642 3390 5688 καὶ
3421 5646 3637 5704 πενθούν-

2063 5732 2137 5762 τα.
2166 5713 2318 5761 I'aulo
2336 5715 2447 5772 post
2467 5709 2579 5772 Savt
2685 5707 2780 5772 τῶν
2809 5703 3182 5772 οἰκείωνικακῶν
3201 5703 3510 5772 παραμυθίαν.

2129 5777 2153 5814 ὃ
2179 5764 2525 5834 ιηιειομτριειῐὶο
2567 5769 2672 5834 illa2
2725 5765 3092 5834 0136110606135,
3133 5773 3251 5834 0th
3297 5764 3490 5814 videtur
3524 5773 3656 5813 esse.

2063 5839 2266 5899 ηιιὶιιιιε,
2295 5827 2371 5882 γὀι
2396 5839 2568 5889 sextae,
2596 5831 2675 5878 vel
2699 5827 2924 5889 septimm
2945 5827 3204 5890 .editionia
