4070 6340
508 354 626 411 ’425

517 471 700 526 αὐτῶν
744 472 1008 544 βουλήσει
1050 475 1467 553 βουλευσάμενοι
1521 486 1937 556 ιπεριεπάρησαν
1997 485 2091 537 καὶ

515 559 812 628 ἀπώλοντο,
841 562 1033 628 δεῖξον,
1068 568 1161 620 καὶ
1198 568 1298 621 ποῦ
1335 572 1467 623 αὐτὸ
1495 572 1651 625 τοῦτο
1681 574 1900 643 συνέϐη,
1945 573 2085 628 εἰπέ.

527 648 648 701 Ἐπὶ
703 648 814 703 τῶν
860 651 1105 719 ἀδελφῶν
1164 655 1257 708 τοῦ
1320 659 1535 730 Ἰωσήφ.
1592 661 1915 732 Βουλόμενοι
1978 661 2088 733 γὰρ

511 734 674 789 αὐτὸν
696 736 922 806 ποιῆσαι
949 739 1134 794 δοῦλον
1156 742 1249 796 καὶ
1278 745 1558 814 ἀπολέσαι,
1573 749 1820 819 περὶτῶν
1846 750 2089 819 ἐσχάτων

509 823 664 877 αὐτοὶ
700 824 1101 882 ἐκινδύνευσαν.
1144 830 1337 885 Καίτοι
1367 834 1460 886 καὶ
1507 836 1586 898 είς
1607 835 1850 890 δουλείαν
1877 837 1969 890 καὶ
2006 837 2088 900 είς

512 909 739 966 θάνατον
781 912 841 966 τό
880 931 941 983 γε
989 916 1172 971 αὐτῶν
1201 919 1426 973 ἐνέπεσε
1464 923 1649 993 μέρος.
1694 923 1802 976 Καὶ
1834 926 1862 976 6
1900 924 2088 977 Ἀϐεσ-

511 996 700 1070 σαλὼμ
734 999 1055 1073 βουλόμενος
1084 1005 1172 1058 διὰ
1197 1006 1298 1077 τῆς
1342 1009 1654 1079 τυραννίδος
1692 1010 1953 1065 ἀπολέσαι
1995 1013 2086 1066 τὸν

507 1086 740 1160 πατέρα,
768 1088 855 1143 διά
884 1090 1091 1164 ταύτης
1116 1094 1278 1158 αὐτὸς
1305 1096 1466 1150 έάλω.
1499 1096 1830 1152 Πεσοῦνται
1855 1100 1948 1153 ἐπ’
1982 1104 2087 1155 αὺ-

506 1173 649 1240 τοὺς
674 1175 969 1245 ἄνθρακες
986 1182 1173 1249 πυρός
1190 1199 1203 1213 ο
1221 1182 1293 1235 ὲν
1311 1183 1453 1252 πυρὶ
1469 1185 1820 1252 καταϐαλεῖς
1841 1189 2082 1255 αὐτούς.

510 1264 576 1316 Ὃ
608 1264 666 1318 δὲ
694 1264 863 1335 λέγει,
892 1269 1133 1323 τοιοῦτόν
1175 1272 1326 1325 ἐστιν
1346 1290 1359 1303 ·
1397 1272 1574 1345 Ἰκανὴ
1620 1275 1719 1346 μὲν
1745 1277 1839 1330 καὶ
1871 1278 2009 1350 αὐτὴ
2048 1277 2084 1349 ἠ

506 1352 740 1422 πονηρία
770 1354 1083 1427 διαφθεῖραι
1106 1358 1233 1423 τοὺς
1266 1359 1598 1424 κυκλοῦντας
1629 1365 1827 1435 αὐτήνο
1855 1364 1995 1436 μετά
2024 1367 2084 1420 δὲ

504 1439 707 1509 ταύτης
738 1442 833 1495 καὶ
855 1442 953 1515 τὴν
983 1443 1244 1516 θεήλατον
1290 1450 1681 1521 ὐποστήσονται
1725 1453 1919 1524 ὀργήν.
1951 1455 2083 1508 Ἀν-

504 1525 715 1598 θρακας
735 1530 793 1583 δε
833 1531 1006 1602 πυρὸς
1037 1532 1273 1588 ἐνταῦθα
1311 1537 1409 1590 καὶ
1444 1536 1558 1609 πῦρ
1582 1537 1682 1610 τὴν
1701 1539 1909 1594 ἀνωθεν
1934 1539 2082 1609 λέγει

502 1618 810 1689 φερομένην
842 1621 1136 1691 τιμωρίαν.
1174 1622 1441 1687 Πολλάκις
1472 1624 1527 1679 δὲ
1558 1627 1652 1679 καὶ
1684 1626 1771 1681 ἐπ’
1797 1627 1963 1681 αὐτοῦ
1986 1628 2080 1682 τοῦ

500 1703 672 1774 πυρὸς
700 1706 942 1774 γέγονεν,
976 1707 1054 1771 ὡς
1103 1710 1194 1763 ἐπὶ
1237 1709 1333 1763 τοῦ
1366 1711 1566 1774 Δαθάν,
1616 1715 1712 1768 καὶ
1765 1714 1932 1788 Κορὲ,
1986 1717 2081 1770 καὶ

513 1790 791 1862 Ἀϐειρὼν,
818 1796 910 1848 καὶ
936 1795 1155 1850 ἐπὶτῶν
1179 1798 1575 1855 κυκλωσάντων
1593 1802 1693 1873 τὴν
1720 1803 1950 1875 κάμινον
1981 1803 2079 1876 τὴν

500 1876 865 1935 Βαϐυλωνίαν.
918 1883 1014 1935 Ἔν
1042 1887 1481 1954 ταλαιπωρίαις,
1542 1889 1641 1942 καὶ
1675 1891 1748 1944 οὺ
1796 1891 1885 1961 μὴ
1931 1894 2079 1946 ὐπο-

498 1965 747 2021 στῶσιν.
767 1969 1020 2042 Ἕτερος,
1037 1974 1372 2027 Πεσοῦνται
1397 1977 1484 2040 εὶς
1496 1976 1825 2044 βοθύνους,
1843 1978 2078 2048 μήποτε

498 2053 865 2111 ἀναστῶσιν.
920 2058 1135 2122 Ἀλλος,
1193 2060 1683 2131 Ἑσπευσμένως,
1742 2064 1843 2119 καί
1880 2067 1952 2121 οὺ
1986 2066 2075 2137 μὴ

497 2141 845 2199 ἀνασταῖεν.
882 2147 1041 2202 Κατά
1073 2149 1173 2219 μὲν
1201 2143 1294 2202 οὖν
1314 2149 1405 2203 τὸν
1437 2151 1531 2204 ἕνα
1552 2153 1891 2226 ἐρμηνευτὴν
1911 2154 2078 2208 τοιοῦ-

495 2228 588 2282 τόν
637 2231 690 2284 τί
742 2236 857 2287 ἐστι
906 2234 968 2286 τὸ
1010 2234 1334 2305 λεγόμενον·
1402 2237 1574 2300 οὕτως
1626 2237 1822 2304 αὐτοὺς
1879 2242 2075 2296 ἀπόλε-

499 2332 592 2370 σον
615 2358 630 2382 ,
675 2316 814 2371 ὥστε
866 2320 1064 2391 μηκέτι
1104 2323 1423 2394 ἀναστῆναι.
1466 2327 1624 2382 Κατά
1654 2327 1711 2381 δέ
1749 2327 1841 2383 τὸν
1882 2328 2071 2396 ἄλλον,

497 2403 651 2457 Μετά
682 2405 877 2459 πολλοῦ
905 2406 995 2460 τοῦ
1023 2408 1240 2478 τάχους·
1265 2410 1423 2464 τοῦτο
1443 2412 1550 2484 γάρ
1576 2415 1786 2483 ἐστιτδ,
1825 2417 2074 2471 Ἐσπευ-

495 2490 748 2559 σμένως.

577 2577 757 2648 Ἀνὴρ
778 2583 1149 2653 τλωσσώδης
1166 2587 1238 2640 οὐ
1268 2589 1811 2656 κατευθυνθήσεται
1840 2594 1938 2646 ἐπὶ
1960 2594 2070 2664 τῆς

493 2665 626 2736 γῆς.
663 2667 846 2723 Εἰπὼν
877 2672 1006 2743 περὶ
1037 2673 1136 2745 τῆς
1155 2675 1325 2747 ὀργῆς
1346 2677 1440 2730 τοῦ
1481 2678 1639 2744 θεοῦ,
1665 2681 1827 2737 πάλιν
1857 2683 2070 2737 δείκνυσ

494 2768 599 2816 σιν,
623 2753 705 2808 ὅτι
737 2757 830 2811 καὶ
854 2757 990 2829 αὐτὴ
1020 2759 1142 2814 καθ’
1171 2763 1370 2835 ἐαυτὴν
1400 2765 1618 2834 ἡκακία
1644 2768 1802 2839 ἱκανὴ
1823 2770 2068 2838 διαφθεῖ-

495 2858 589 2914 ραι
620 2843 748 2908 τοὺς
794 2844 1038 2916 ἔχοντας.
1076 2849 1149 2902 Οὐ
1188 2850 1383 2923 μικρὸν
1410 2852 1466 2906 δὲ
1499 2854 1774 2910 καὶτοῦτο
1800 2854 1939 2923 εἶδος
1971 2877 2072 2913 πο-

492 2930 708 3001 νηρίας,
734 2931 796 2985 τὸ
828 2934 1078 3005 προπετῆ
1103 2931 1266 3003 εἶναι,
1298 2939 1513 3011 καὶτῆς
1533 2940 1781 3015 γλώττης
1819 2944 1892 3015 μὴ
1928 2963 2067 3016 κρα-

488 3022 621 3074 τεῖν.
656 3021 952 3097 Γλωσσώδη
983 3024 1093 3097 γὰρ
1117 3027 1349 3080 ἐνταῦθα
1377 3028 1471 3082 τὸν
1503 3029 1765 3103 ὑϐριστὴν
1789 3032 1959 3099 λέγει,
1978 3037 2069 3090 τὸν

491 3105 750 3179 φλύαρον,
791 3109 885 3163 τὸν
908 3109 1168 3183 λοίδορον,
1196 3113 1289 3167 τὸν
1326 3116 1564 3186 συνεχῶς
1593 3117 1949 3188 ὐλακτοῦντα,
1976 3124 2068 3178 τὸν

492 3195 640 3249 οὐδὲν
686 3196 845 3260 κυνὸς
894 3197 1116 3269 ἄμεινον
1152 3200 1518 3272 διακείμενον.
1577 3207 1733 3269 Εἰπὲ,
1788 3211 1884 3262 καὶ
1914 3210 1998 3275 τίς
2041 3215 2070 3266 6

487 3282 680 3338 τούτου
707 3285 1034 3357 καρπός.οὐ
1050 3290 1619 3360 κατευθυνθήσεται,
1642 3295 1828 3364 φησὶν,
1842 3297 1940 3352 ἐπὶ
1961 3298 2070 3368 τῆς

486 3369 623 3440 τῆς.
676 3371 889 3437 Ἄλλος,
926 3371 1055 3444 Οὐχ
1084 3374 1553 3447 έδρασθήσεται’
1594 3382 1861 3449 τουτέστι,
1914 3403 2069 3457 περι-

486 3458 860 3529 τραπήσεται,
917 3462 1398 3535 κατενεχθήσεται,
1459 3466 1762 3525 ἀπολεῖται.
1820 3471 1990 3537 Οῦτος
2039 3476 2068 3528 6

487 3544 581 3599 τοῦ
628 3544 866 3618 λοιδόρου
902 3549 1147 3620 καρπός·
1183 3552 1318 3605 πᾶσι
1344 3553 1624 3624 πολέμιος,
1671 3559 1840 3611 πᾶσιν
1871 3559 2063 3631 ἀηδὴς,

487 3634 654 3688 πᾶσιν
684 3633 836 3708 [4‘25]
863 3636 1105 3710 ἐπαχθὴς
1132 3640 1227 3693 καὶ
1253 3641 1508 3713 φορτικὸς
1527 3646 1555 3697 6
1571 3644 1830 3709 τοιοῦτος.
1852 3646 2065 3721 Ὥσπερ

485 3718 580 3777 οὖν
605 3724 633 3776 6
663 3725 1033 3795 μακρόθυμος,
1058 3728 1153 3781 καὶ
1178 3728 1448 3802 ἐπιεικὴς,
1474 3732 1568 3785 καὶ
1590 3733 1747 3803 σιγᾷν
1770 3718 2066 3806 ἐπιστάμε-

484 3827 592 3873 νος.
615 3809 864 3882 ἀσφαλὴς
887 3812 979 3865 καὶ
1001 3812 1251 3885 βεϐηκὼς
1271 3816 1365 3869 καὶ
1396 3820 1562 3872 πᾶσιν
1591 3819 1865 3892 ἐπίχαρις·
1893 3821 2066 3886 οὕτως

487 3898 767 3961 ὀτοιοῦτος
795 3900 1063 3971 σφαλερὸν
1089 3902 1296 3969 μέτεισι
1318 3903 1451 3975 βίον,
1478 3907 1707 3977 μυρίους
1734 3910 2066 3981 πανταχόθεν

489 3985 717 4055 ἐχθροὺς
765 3986 1167 4059 ἐπισπώμενος,
1208 3992 1303 4046 καὶ
1343 3993 1449 4065 πρὸ
1498 3995 1605 4049 τῶν
1632 3994 1808 4050 ἄλλων
1835 3997 1932 4069 τὴν
1962 3998 2065 4067 ψυ-

487 4074 587 4144 χὴν
620 4074 900 4148 ταράττων
930 4075 1029 4148 τὴν
1079 4079 1295 4146 ἐαυτοῦ,
1339 4082 1434 4135 καὶ
1484 4083 1586 4137 οὐκ
1622 4085 1805 4154 ἀφιεὶς
1840 4083 1977 4140 εἶναι
2007 4090 2064 4142 ἐν

485 4161 705 4232 ἡσυχίᾳ,
739 4161 875 4216 ἀλλά
909 4165 1003 4216 καὶ
1035 4166 1261 4237 μηδενὸς
1309 4169 1671 4239 ἐνοχλοῦντος,
1708 4174 1938 4245 μυρίους
1969 4193 2062 4228 πο-

484 4246 683 4319 λέμους
711 4251 804 4303 καὶ
837 4251 1096 4322 θορύϐους
1131 4254 1280 4308 ἔνδον
1322 4258 1573 4329 ἐγείρων.
1611 4259 1826 4328 Ἄνδρα
1854 4260 2066 4317 ἄδικον

485 4337 641 4390 κακά
676 4339 964 4406 θηρεύσει
989 4343 1076 4407 εὶς
1107 4341 1458 4412 διαφθοράν.
1483 4344 1639 4400 Οὕτω
1659 4348 1753 4401 καὶ
1783 4347 1939 4407 ἄλλος
1968 4366 2060 4403 σο-

486 4422 583 4491 φὸς
594 4423 761 4489 λέγει’
775 4428 1079 4497 Παρανομί
1079 4445 1139 4481 αι
1155 4428 1344 4500 ἄνδρα
1357 4433 1394 4486 ἀ
1402 4435 1738 4501 ῃοεύουσιν.
1746 4435 1886 4506 Ὅρα
1902 4436 2064 4491 πάλιν

483 4513 580 4582 τὴν
597 4513 794 4566 κακίαν
810 4513 1085 4585 ἀρκοῦσαν
1100 4517 1181 4579 είς
1203 4517 1500 4590 διαφθορὰν
1521 4520 1613 4574 τοῦ
1635 4520 1870 4592 ἔχοντος.
1901 4514 2063 4581 Ἀλλά

483 4605 627 4662 τινος
675 4598 863 4652 ἕνεκεν
909 4601 971 4654 τὸ
1027 4602 1128 4672 τῆς
1166 4602 1337 4675 θήρας
1380 4606 1576 4678 ἔθηκεν
1624 4608 1824 4680 ὄνομα;
1851 4611 1969 4665 Ἵνα
2000 4613 2062 4666 τὸ

482 4685 752 4754 ἀφευκτον
783 4689 917 4760 ἴδῃς,
949 4691 1055 4755 ἵνα,
1095 4691 1199 4744 κᾶν
1233 4692 1307 4763 μὴ
1334 4696 1644 4766 παραυτίκα
1669 4699 1917 4772 ἐμπέσῃς
1947 4700 2060 4754 ἀδι-

483 4774 616 4841 κῶν,
666 4776 742 4848 μὴ
794 4778 1098 4852 θαῤῥήσῃς.
1134 4781 1369 4854 Τοιαύτη
1414 4784 1520 4856 γὰρ
1549 4788 1582 4856 ἡ
1616 4786 1761 4859 ἄγρα
1783 4805 1797 4818 ’
1845 4790 1946 4843 οὐκ
1973 4791 2062 4844 ἀεὶ

483 4864 854 4934 ἐπιτυγχάνει,
902 4866 1022 4920 οὐδὲ
1066 4868 1306 4934 εὐθέως·
1342 4870 1457 4924 ἀλλ’
1501 4873 1650 4943 ὅμως
1696 4873 1797 4929 κᾶν
1831 4876 1905 4947 μὴ
1945 4876 2059 4948 ἁλῷ

481 4949 549 5003 τὰ
589 4950 758 5022 ἄγρια
802 4951 918 5017 ζῶα
963 4956 1057 5008 καὶ
1100 4955 1170 5009 τὰ
1211 4957 1572 5029 θηρευόμενα,
1619 4960 1741 5013 οὐδὲ
1780 4961 1953 5026 οὕτως
2002 4966 2059 5018 ἰν

483 5039 756 5112 ἀσφαλείᾳ
784 5044 1064 5114 τυγχάνει,
1114 5045 1219 5099 κᾶν
1246 5046 1470 5116 μηδέπω
1507 5047 1615 5100 τῶν
1653 5048 1884 5105 δικτύων
1912 5051 2058 5106 ἔνδον

481 5127 724 5200 γένηται.
770 5130 929 5184 Οὕτω
959 5133 1141 5187 τοίνυν
1168 5146 1194 5174 ι
1231 5135 1365 5207 μηδὲ
1412 5136 1557 5208 ψυχὴ
1602 5136 1872 5210 θαρρείτω
1899 5141 2060 5197 ἄδικα

483 5218 818 5288 πράττουσα,
870 5222 966 5273 καὶ
1007 5223 1234 5294 μηδέπω
1280 5221 1514 5277 ἀλοῦσαο
1566 5225 1656 5278 ὁτὲ
1707 5226 1817 5300 γὰρ
1861 5228 2059 5300 δήποτε

482 5305 769 5362 ἁλώσεται.
808 5309 870 5362 EE
919 5310 1027 5383 γάρ
1058 5311 1238 5382 βούλει
1275 5315 1332 5367 ἐν
1358 5314 1626 5385 ἀσφαλείᾳ
1657 5312 1815 5381 εἷναι,
1853 5319 2057 5372 παῦσαι

480 5395 656 5449 ταῦτα
690 5397 964 5467 πράττων,
988 5400 1082 5452 καὶ
1106 5399 1303 5471 πολλῆς
1330 5400 1609 5474 ἀπολαύσῃ
1632 5403 1732 5473 τῆς
1766 5405 1969 5470 ἀδείας.
1992 5407 2058 5460 Τί

480 5481 680 5553 δήποτε
713 5483 769 5537 δὲ
784 5479 955 5549 εἶπεν,
972 5486 1075 5553 Εἰς
1094 5485 1494 5558 διαρςεθορὰν;
1522 5489 1643 5543 Ὀτι
1663 5491 1847 5546 πολλοὶ
1870 5493 1963 5547 καὶ
1978 5495 2058 5559 είς

484 5570 757 5643 σωτηρίαν
778 5570 1149 5643 ἐθηρεύθησαν
1166 5591 1181 5606 ·
1210 5575 1287 5638 ὡς
1318 5576 1369 5628 οἱ
1406 5578 1557 5647 παρά
1585 5578 1694 5632 τῶν
1720 5580 2055 5648 ἀποστόλων,

483 5658 558 5722 ὡς
585 5660 634 5714 οί
663 5658 815 5732 παρὰ
845 5659 956 5715 τῶν
977 5662 1146 5731 ἁγίων
1163 5663 1394 5736 ἀνδρῶν.
1429 5665 1569 5719 Ἀλλ’
1596 5667 1695 5738 οὐχ
1727 5668 1777 5721 οί
1808 5669 2055 5743 πονηροὶ,

543 5813 570 5843 ⁸
597 5809 708 5865 5³7.
732 5814 937 5876 γένηται.
962 5815 1099 5866 Κατά
1109 5812 1259 5866 ταῦτα
1276 5817 1446 5869 τοίνυν.

1193 363 1254 419 S.
1289 363 1570 425 JOANNIS
1604 361 2093 425 CHRYSOSTOMI
2126 362 2446 423 ARCHIEP.
2480 368 3025 432 CONSTANTINOP.

3671 367 3774 426 49.6

2201 484 2330 537 ὅταν
2363 485 2469 537 ὑπὸ
2492 488 2590 555 τῆς
2627 488 2827 553 κακίας
2879 488 3245 561 θηρεύωνται*
3274 483 3392 539 ἀλλ’
3423 483 3513 538 ἐπ’
3533 481 3774 553 ἀπωλείᾳ

2198 568 2294 620 καὶ
2323 568 2608 641 διαφθορᾷ.
2644 572 2753 625 Καὶ
2778 573 2866 627 διὰ
2902 574 2955 626 τί
2984 573 3047 626 οὐ
3072 570 3224 643 παρά
3256 570 3426 631 πόδας
3453 566 3553 637 τῆς
3577 566 3775 631 κακίας

2198 654 2388 708 ἕπεται
2418 656 2485 709 τὰ
2504 657 2605 727 τῆς
2624 659 2895 728 τιμωρίας
2912 677 2926 723 ;
2950 659 3051 713 Διά
3070 659 3168 729 τὴν
3182 654 3277 711 τοῦ
3303 656 3573 710 Δεσπότου
3596 655 3776 723 φιλαν-

2199 741 2469 813 θρωπίαν.
2487 744 2549 796 Et
2569 744 2679 816 γάρ
2702 745 2953 800 ἐϐούλετο
2976 746 3085 800 τῶν
3104 744 3527 818 ἁμαρτανόντων
3546 743 3774 796 ἕκαστον

2194 829 2397 895 εὐθέως
2418 831 2523 885 ὑπὸ
2544 832 2642 904 τὴν
2669 834 2941 905 τιμωρίαν
2970 834 3144 903 ἄγειν,
3161 829 3594 904 προανηρπάσθη
3625 830 3690 883 ἂν
3710 830 3775 883 τὸ

2195 916 2357 971 πλέον
2388 918 2545 987 γένος
2594 919 2704 972 τῶν
2759 919 3082 992 ἀνθρώπων.
3131 920 3368 989 Ἐγνων
3412 917 3504 972 ὅτι
3532 916 3774 983 ποιήσει

2192 1005 2409 1073 Κύριος
2446 1004 2562 1071 τὴν
2592 1007 2794 1073 κρίσιν
2824 1005 2940 1060 τῶν
2990 1005 3263 1075 πτωχῶν,
3294 1005 3393 1058 καί
3437 1004 3553 1071 τὴν
3596 1003 3774 1071 δίκην

2191 1091 2312 1146 τῶν
2334 1096 2628 1161 πενήτων.
2663 1094 2835 1162 Πλὴν
2857 1094 3073 1149 δίκαιοι
3110 1091 3662 1163 ἐξομολογήσονται
3690 1091 3770 1158 τῷ

2193 1180 2438 1248 ὀνόματί
2463 1196 2601 1245 σου,
2641 1181 2741 1235 καὶ
2786 1182 3261 1251 κατοικήσουσιν
3296 1179 3492 1247 εὐθεῖς
3533 1178 3656 1234 σὺν
3692 1178 3772 1245 τῷ

2190 1267 2490 1335 προσώπῳ
2516 1283 2654 1323 σου.
2696 1269 2908 1333 ΙἈλλος,
2941 1267 3105 1337 Παρὰ
3149 1266 3231 1334 τῷ
3282 1265 3580 1335 προσώπῳ
3629 1283 3768 1321 σου.

2206 1354 2349 1407 Ἀντί
2389 1355 2446 1408 δέ
2496 1354 2590 1410 τοῦ
2637 1355 3117 1422 Κατοικήσουσι,
3152 1354 3547 1425 Διαμενοῦσιν
3579 1353 3769 1425 ἕτερος

2188 1438 2372 1509 λέγει,
2431 1443 2526 1496 καί⁵
2578 1442 2755 1508 ἄλλος,
2812 1443 3213 1498 Καθεδοῦνται
3270 1442 3321 1483 ιι·
3381 1442 3501 1497 ἀντὶ
3556 1440 3614 1495 δὲ
3670 1439 3766 1494 τοῦ

2192 1528 2446 1595 Ἔγνων,
2486 1529 2650 1586 Οἶδα.
2687 1530 2904 1602 Ἐπειδὴ
2935 1530 3045 1603 γάρ
3071 1526 3246 1594 εἶπεν,
3273 1531 3354 1584 ὅτι
3379 1528 3653 1601 θηρεύσει,
3672 1528 3767 1582 καὶ.

2187 1613 2270 1667 ὅτι
2302 1616 2661 1683 ἀπολοῦνται,
2707 1618 2805 1672 καὶ
2847 1619 2949 1672 οὐκ
2981 1617 3184 1681 εὐθέως
3215 1617 3455 1671 δείκνυσι
3476 1615 3575 1688 τὴν
3606 1633 3770 1685 τιμω-

2192 1702 2311 1772 ρίαν
2367 1705 2715 1776 ἐπαγομένην
2737 1720 2750 1733 ·
2784 1705 2873 1760 ἵνα
2910 1704 3100 1777 μηδεὶς
3142 1704 3232 1759 διὰ
3260 1703 3420 1759 τοῦτο
3454 1704 3564 1756 τῶν
3593 1721 3770 1773 παχυ-

2184 1792 2360 1863 τέρων
2410 1793 2780 1865 ρᾳθυμότερος
2835 1794 3083 1866 γένηται,
3135 1795 3383 1865 ἐπήγαγε
3438 1793 3534 1855 τὺ.
3595 1789 3760 1859 Οἶδα,

2183 1878 2396 1944 δεικνὺς
2428 1881 2509 1935 ὅτι
2530 1881 2749 1946 πάντως
2774 1881 2926 1936 ἔσται
2948 1883 3126 1936 τοῦτο.
3150 1883 3227 1936 Οὐ
3248 1881 3356 1953 γὰρ
3395 1883 3546 1953 μενεῖ
3565 1880 3634 1935 τά
3654 1881 3766 1935 τῶν

2183 1965 2553 2039 ἀδικουμένων
2593 1969 2941 2041 ἀνεκδίκητα.
2991 1972 3247 2040 Πτωχοὺς
3286 1969 3345 2023 δὲ
3389 1964 3625 2022 ἐνταῦθα
3666 1969 3767 2039 οὐχ

2185 2053 2370 2119 ἁπλῶς
2401 2056 2528 2119 τοὺς
2553 2056 2791 2128 πένητας
2822 2056 2998 2123 καλεῖ,
3031 2056 3165 2111 ἀλλὰ
3193 2057 3319 2119 τοὺς
3348 2056 3550 2127 σφόδρα
3581 2073 3769 2111 ταπει-

2183 2142 2340 2206 νοὺς,
2386 2146 2511 2207 τοὺς
2554 2145 3076 2216 συντετριμμένους.
3110 2142 3298 2197 Ταῦτα
3343 2143 3400 2198 δὲ
3438 2142 3620 2212 λέγει,
3669 2144 3765 2197 καὶ

2181 2229 2308 2294 τοὺς
2339 2230 2728 2303 ἀδικουμένους
2779 2232 3268 2305 παραμυθούμενος
3291 2272 3307 2296 ,
3347 2232 3442 2287 καὶ
3489 2234 3614 2295 τοὺς
3646 2231 3768 2286 ἀδυ-

2183 2314 2413 2382 κοῦντας
2459 2320 2829 2392 σωφρονίζων,
2871 2322 2958 2375 ἵνα
2992 2321 3128 2391 μήτε
3172 2321 3372 2374 ἐκεῖνοι
3402 2322 3469 2391 τῇ
3509 2319 3767 2390 μελλήσει

2184 2404 2465 2472 ἀπογνῶσι
2489 2417 2536 2472 ο,
2568 2408 2705 2478 μήτε
2738 2402 2884 2462 οὗτοι
2921 2407 3009 2464 διὰ
3029 2407 3129 2479 τὴν
3170 2406 3436 2477 ἀναϐολὴν
3464 2406 3769 2479 ῥᾳθυμότε-

2188 2509 2269 2564 ροι
2298 2494 2584 2561 γένωνται.
2625 2496 2690 2548 Ἡ
2724 2495 2835 2567 γὰρ
2879 2495 3119 2566 ἀναϐολὴ
3153 2498 3232 2559 είς
3270 2494 3559 2565 μετάνοιαν
3593 2495 3715 2563 ἄγει
3743 2510 3762 2524 ⁶

2181 2581 2274 2634 τὸν
2310 2582 2366 2635 δὲ
2415 2582 2744 2653 ἐπιμένοντα
2772 2583 3153 2656 χαλεπώτερον
3187 2582 3405 2646 κολάζει
3428 2598 3442 2612 ⁸
3477 2583 3570 2636 καὶ
3612 2582 3765 2652 μάλα

2179 2669 2421 2733 δικαίως.
2462 2669 2562 2723 Διά
2594 2669 2647 2722 τί
2660 2688 2673 2734 ;
2702 2671 2827 2724 ’Ότι
2871 2669 3141 2740 τοσαύτης
3179 2668 3583 2733 ἀπολαύσαντες
3624 2671 3766 2738 ἀγα-

2180 2757 2425 2826 θότητος,
2453 2757 2552 2811 οὐκ
2598 2759 2848 2826 ἐγένοντο
2881 2757 3142 2829 βελτίους.
3194 2757 3476 2827 Ἐννόησον
3511 2757 3622 2829 γὰρ
3659 2758 3764 2828 ὅση

2186 2843 2271 2897 τοῦ
2298 2844 2432 2899 Θεοῦ
2462 2845 2861 2916 φιλανθρωπία,
2894 2847 3021 2900 ὅταν
3051 2847 3175 2909 τοὺς
3197 2845 3588 2916 ἀνακειμένους
3608 2845 3765 2915 αὐτῷ

2177 2932 2436 3003 ἀνέχηται
2476 2932 2712 3003 πάσχειν
2762 2933 2947 2997 κακῶς
2979 2931 3154 3005 [426],
3190 2932 3283 2986 καὶ
3334 2932 3410 3004 μὴ
3436 2932 3651 3005 ἐπεξίῃ,
3689 2936 3760 3006 τῇ

2180 3020 2436 3092 μετανοίᾳ
2469 3037 2527 3073 σε
2559 3019 2588 3060 ἀ
2622 3020 2814 3090 βελτίω
2846 3020 3065 3089 ποιῆσαι
3093 3018 3437 3090 βουλόμενος.

2247 3107 2421 3175 Πλὴν
2488 3107 2704 3163 δίκαιοι
2762 3106 3311 3177 ἐξομολογήσονται
3362 3100 3444 3173 τῷ
3511 3108 3760 3178 ὀνόματι

2176 3213 2314 3249 σου.
2354 3195 2419 3248 Τί
2453 3196 2605 3250 ἐστιν
2653 3196 2682 3249 ὃ
2725 3196 2914 3265 λέγει;
2954 3197 3128 3268 Ὅπερ
3174 3196 3241 3250 ἂν
3290 3196 3533 3268 γένηται,
3568 3197 3757 3266 φησὶν,

2178 3283 2376 3336 ἐκεῖνοι
2407 3283 2865 3355 εὐχαριστήσουσι
2887 3299 2900 3312 ·
2933 3282 3034 3337 κᾶν
3071 3285 3196 3347 τοὺς
3239 3285 3534 3348 ταπεινοὺς
3567 3285 3750 3338 ἴδωσιν

2180 3368 2680 3440 ἐπηρεαζομένους,
2726 3370 2819 3423 καὶ
2856 3370 2982 3434 τούς
3028 3371 3294 3441 πονηροὺς
3339 3371 3753 3441 ἐπαιρομένους,

2176 3457 2277 3509 οὐκ
2297 3458 2693 3524 ἀπαιτήσουσιν
2717 3458 2947 3522 εὐθύνας
2967 3457 3074 3512 τῶν
3096 3458 3415 3530 γινομένων.
3451 3458 3621 3512 Τοῦτο
3645 3459 3756 3533 γὰρ

2186 3541 2410 3597 δικαίων
2445 3543 2700 3614 μάλιστα,
2737 3544 2797 3598 τὸ
2824 3544 3118 3609 διαπαντὸς
3149 3546 3239 3599 καὶ
3269 3547 3327 3599 ἐν
3356 3547 3557 3600 ἅπασιν
3587 3547 3750 3615 εὐχα-

2180 3633 2399 3702 ριστεῖν.
2415 3632 2525 3685 Καὶ
2541 3629 3011 3698 κατοικήσουσιν
3024 3630 3219 3698 εὐθεῖς
3229 3633 3352 3687 σὺν
3366 3631 3444 3699 τῷ
3459 3632 3755 3701 προσώπῳ

2175 3734 2311 3770 σου·
2332 3717 2598 3782 τουτέστι,
2627 3718 2739 3787 Τῆς
2773 3717 3026 3789 βοηθείας
3060 3718 3467 3784 ἀπολαύσαντες
3489 3720 3585 3792 τῆς
3606 3724 3752 3793 παρά

2178 3803 2294 3870 σοῦ,
2322 3804 2421 3875 τὴν
2456 3804 2662 3858 ἔννοιαν
2693 3803 2908 3875 ἔχοντες
2932 3804 3032 3876 τὴν
3062 3807 3188 3877 περὶ
3222 3805 3338 3870 σοῦ,
3368 3808 3456 3860 ἀεὶ
3488 3807 3628 3877 μετά
3653 3808 3747 3861 σοῦ

2178 3890 2352 3955 ὄντες,
2379 3891 2634 3945 οὐδέποτε
2662 3892 3095 3964 ἀποστήσονται·
3124 3894 3262 3964 ὅπερ
3298 3894 3364 3948 ἂν
3396 3895 3637 3965 γένηται,
3668 3897 3751 3949 οὐ-

2172 3979 2363 4034 δέποτε
2389 3978 2830 4051 δυσχερανοῦσιν,
2862 3979 3115 4033 οὐδέποτε
3137 3981 3439 4051 μέμψονται
3466 3987 3576 4047 τοῖς
3601 4000 3751 4052 γινο-

2176 4067 2377 4139 μένοις.
2403 4066 2573 4121 Τοῦτο
2609 4067 2718 4139 γὰρ
2747 4068 2925 4138 ψυχῆς
2960 4068 3384 4138 ἀπεριτρέπτου,
3416 4070 3575 4123 τοῦτο
3609 4070 3748 4139 γνώ-

2176 4170 2286 4225 μης
2317 4153 2590 4221 ἀκλινοῦς,
2649 4154 2725 4226 μὴ
2755 4156 3007 4208 ἀπαιτεῖν
3054 4154 3146 4208 τὸν
3180 4156 3459 4226 Δεσπότην
3499 4156 3744 4220 εὐθύνας.

2174 4243 2267 4294 Διὸ
2295 4243 2390 4295 καλ⁸
2421 4241 2630 4306 Παῦλος
2677 4242 2859 4312 ἔλεγεν
2892 4240 3135 4296 Μενοῦν
3158 4259 3247 4311 τε,
3273 4237 3320 4296 ὦ
3351 4242 3642 4312 ἄνθρωπε,
3667 4243 3750 4298 σὺ

2172 4330 2266 4395 τίς
2294 4326 2353 4383 εἴ
2383 4333 2417 4383 ό
2459 4330 3042 4399 ἀνταποκρινόμενος
3084 4328 3165 4395 τῷ
3200 4329 3356 4397 Θεῷ,
3400 4332 3497 4399 Μὴ
3535 4332 3660 4400 ἐρεῖ
3684 4334 3749 4386 τὸ

2172 4414 2424 4485 πλάσμα
2469 4415 2554 4483 τῷ
2595 4417 2919 4479 πλάσαντι,
2957 4417 3017 4471 Τί
3053 4434 3131 4486 με
3176 4417 3472 4486 ἐποίησας
3517 4420 3748 4486 οὕτως;

2177 4503 2396 4576 Ταύτην
2449 4505 2629 4559 τοίνυν
2674 4505 2770 4558 καὶ
2802 4506 2963 4576 ἡμεῖς
3009 4505 3299 4569 διαπαντὸς
3355 4506 3610 4578 τηρῶμεν
3646 4509 3748 4578 τὴν

2175 4591 2616 4662 εὐγνωμοσύνην,
2635 4592 2773 4662 ὑπὲρ
2792 4592 3008 4646 πάντων
3026 4592 3477 4663 εὐχαριστοῦντες
3492 4594 3571 4666 τῷ
3595 4595 3713 4665 Θεῷ
3730 4613 3744 4625 ·

2173 4680 2254 4734 ὅτι
2283 4680 2432 4751 αὐτῷ
2461 4683 2495 4752 ἡ
2519 4681 2666 4745 δόξα,
2697 4681 2792 4735 καὶ
2812 4683 2846 4752 ὴ
2874 4681 3223 4751 εὐχαριστία,
3252 4684 3346 4735 καὶ
3376 4686 3408 4753 ἡ
3438 4685 3722 4756 προσκύνη

2173 4785 2279 4833 σις,
2330 4766 2427 4820 νῦν
2461 4768 2556 4822 καὶ
2601 4769 2708 4834 ἀεὶ,
2739 4769 2835 4821 καὶ
2870 4770 2949 4833 είς
2979 4768 3369 4840 ἀτελευτήτους
3400 4771 3604 4835 αἰῶνας
3632 4774 3742 4828 τῶν

2168 4854 2400 4908 αἰώνων.
2451 4857 2507 4908 Ἀ
2518 4856 2644 4926 μήν.

2567 4985 2672 5037 ΕΙΣ
2701 4984 2841 5038 ΤΟΝ
2867 4985 2982 5039 PM'
3013 4986 3332 5042 ΨᾹΛΜΟΝ.

2172 5073 2370 5144 Κύριε,
2404 5075 2700 5150 ἐκέκραξα
2726 5075 2997 5150 πρὸς-σὲ,
3031 5076 3396 5150 εζσᾴκουσόν
3419 5098 3541 5148 μου
3559 5094 3578 5123 -'
3603 5081 3743 5150 πρό-

2436 5160 2589 5215 σχες
2616 5145 2692 5215 τῇ
2724 5146 2896 5216 φωνῇ
2924 5145 3034 5214 τῆς
3057 5145 3320 5216 δεήσεώς
3340 5145 3479 5219 μου.

2238 5274 2306 5322 α’.
2336 5268 2538 5322 Τούτου
2564 5267 2658 5322 τοῦ
2686 5268 2902 5340 ψαλμοῦ
2930 5268 2999 5323 τὰ
3024 5270 3120 5340 μὲν
3145 5271 3359 5342 ῥήματα
3383 5273 3635 5338 ἅπαντες,
3665 5273 3744 5339 ὡς

2166 5356 2360 5420 εἰπεῖν,
2385 5355 2553 5418 ἴσασι,
2584 5356 2679 5409 καὶ
2698 5355 2786 5409 διά
2823 5356 3004 5427 πάσης
3036 5356 3248 5428 ἡλικίας
3276 5358 3575 5415 διατελοῦσι
3601 5361 3741 5431 ψάλ-

2166 5443 2346 5507 λοντες
2368 5458 2382 5471 ·
2414 5443 2511 5515 τὴν
2543 5442 2600 5496 δὲ
2643 5442 2880 5497 διάνοιαν
2910 5443 3019 5496 τῶν
3056 5445 3363 5517 εἰρημένων
3388 5458 3412 5486 θ
3438 5448 3741 5518 ἀγνοοῦσιν.

2230 5571 2603 5650 ξ’Καθεδιζῦνται
2646 5578 2725 5650 εει
2750 5573 2984 5650 ΔΔ-(ιιιέίφζ
3024 5571 3150 5650 Ιιιυά
3176 5581 3386 5650 ,διείρηῃ
3421 5578 3523 5650 ἀντὶ
3559 5579 3612 5629 δὲ
3652 5575 3744 5630 τοῦ

2170 5655 2194 5678 α
2218 5637 2381 5697 ἔγνων,
2404 5635 2530 5691 οἶδα,
2558 5654 2583 5679 n
2618 5648 2716 5684 non
2739 5634 3154 5687 esl'ubservatum
3176 5635 3227 5687 in
3247 5634 3501 5703 Hexéplis.

2231 5701 2254 5728 ο
2279 5697 2391 5746 Sav.
2417 5697 2769 5746 ἀπαγορεύωσι.

2231 5712 2254 5728 υ
2279 5712 2391 5746 bav.
2417 5712 2769 5760 απαγορευωσι.

2230 5757 2261 5799 d
2287 5759 2338 5807 In
2363 5756 2485 5807 Mor.
2502 5759 2621 5808 edit.
2647 5775 2703 5807 σε
2723 5759 2886 5808 deest.

2236 5834 2259 5861 ε
2280 5820 2405 5872 Tres
2423 5833 2539 5872 mss.
2566 5820 2774 5871 διάνοιαν
2795 5822 2930 5872 ἐνίων
2965 5823 3059 5871 τῶν
3078 5822 3349 5888 είρημένων.
