4070 6340
377 376 482 431 125

378 506 493 544 rura
517 489 739 545 ostende
759 487 1024 557 quomodo
1046 486 1259 556 proprio
1280 483 1501 540 consilio
1525 481 1758 538 confossi
1783 481 1955 552 perie-

380 589 524 646 runt,
570 587 624 634 et
661 578 747 633 dic
795 577 885 633 ubi
930 577 1030 632 hoc
1059 575 1318 632 evenerit.
1351 575 1409 629 in
1452 573 1704 630 fratribus
1732 572 1953 643 Joseph.

377 672 510 726 Cum
534 672 674 727 enim
696 670 894 727 vellent
913 686 1032 725 cum
1059 684 1270 725 servum
1296 668 1470 723 facere
1498 682 1561 722 ac
1587 666 1830 739 perdere,
1856 665 1957 736 ipsi

380 771 677 818 extremum
706 761 999 831 periculum
1044 760 1311 814 adierunt.
1345 757 1503 827 Atqui
1548 766 1604 812 et
1643 757 1695 810 in
1726 757 1956 810 servitu-

380 865 486 910 tem
513 863 567 910 et
608 856 661 909 in
693 864 938 918 mortem,
964 862 1216 922 quantum
1245 851 1299 904 in
1343 849 1422 904 eis
1447 849 1564 913 fuit,
1597 849 1684 904 ille
1710 848 1958 903 detrusus

377 956 482 1000 est.
510 947 578 1001 Et
607 945 839 1001 Absalon
867 960 987 1000 cum
1014 943 1294 998 invasisset
1321 941 1680 1012 tyrannidem,
1710 949 1766 995 et
1794 940 1956 994 vellet

381 1047 584 1106 patrem
625 1036 869 1108 perdere,
895 1037 1012 1106 ipse
1043 1050 1136 1104 per
1161 1048 1278 1088 eam
1299 1042 1485 1103 captus
1511 1041 1613 1087 est.
1639 1031 1725 1085 il.
1767 1029 1959 1085 Cadent

380 1145 532 1199 super
557 1145 641 1182 eos
670 1127 909 1182 carbones
932 1127 1063 1198 ignis
1087 1142 1106 1179 ε
1126 1125 1177 1178 in
1201 1125 1367 1195 ignem
1395 1122 1598 1192 dejicies
1624 1124 1778 1189 ipsos.
1807 1119 1960 1188 Quod

382 1218 531 1285 dicit,
560 1230 642 1273 est
667 1216 928 1287 ejusmodi
955 1235 970 1272 :
1001 1215 1206 1271 Sufficit
1226 1213 1440 1284 quidem
1461 1213 1544 1268 vel
1569 1213 1741 1283 ipsum
1772 1212 1960 1267 vitium

382 1310 450 1364 ad
501 1324 594 1366 eos
641 1309 962 1380 perdendos,
1013 1309 1104 1377 qui
1153 1308 1327 1375 ipsum
1373 1302 1960 1375 complectuntur:sed

381 1417 502 1456 cum
553 1416 618 1456 eo
659 1401 791 1456 iram
831 1414 1042 1471 quoque
1093 1398 1348 1453 divinitus
1395 1397 1686 1452 immissam
1731 1395 1962 1450 sustine-

384 1493 532 1548 bunt.
562 1493 828 1549 Carbones
851 1503 1030 1546 autem
1061 1491 1196 1561 ignis
1223 1500 1276 1546 et
1303 1496 1476 1560 ignem
1499 1489 1586 1545 hic
1613 1489 1742 1544 dicit
1761 1487 1956 1558 supplic

383 1586 546 1651 cium,
569 1584 710 1654 quod
731 1600 762 1639 a
795 1585 927 1638 caelo
955 1583 1272 1636 immittitur.
1307 1582 1462 1651 Smpe
1489 1590 1667 1636 autem
1693 1595 1812 1634 cum
1846 1580 1963 1649 ipso

383 1691 592 1746 quoque
619 1677 740 1746 igne
777 1673 1072 1729 immissum
1099 1682 1199 1738 est,
1230 1680 1290 1727 ut
1329 1671 1521 1726 accidit
1549 1671 1689 1725 circa
1725 1671 1960 1737 Dathan,

383 1765 540 1829 Core,
569 1775 624 1820 et
643 1764 865 1831 Abiron,
894 1773 948 1820 et
973 1765 1114 1818 circa
1137 1779 1229 1819 eos
1255 1762 1343 1833 qui
1371 1762 1642 1817 fornacem
1675 1761 1960 1833 Babyloni-

383 1873 500 1911 cam
535 1855 1016 1913 circumsistebant.
1057 1855 1123 1909 In
1171 1855 1404 1920 miseriis,
1446 1863 1490 1908 et
1530 1871 1630 1908 non
1675 1855 1958 1909 subsistent.

383 1949 553 2017 Alius,
575 1949 771 2005 Cadent
797 1951 849 2002 in
877 1952 1066 2019 foveas,
1099 1965 1164 2002 ne
1189 1955 1455 2019 resurgant
1485 1945 1582 2020 (a).
1624 1947 1793 2009 Alius,
1825 1945 1961 2001 Pro-

384 2059 520 2112 pere,
549 2052 596 2095 et
622 2059 722 2096 non
751 2042 1130 2096 "surrexerint.
1165 2039 1472 2095 Secundum
1499 2055 1662 2093 unum
1703 2041 1963 2109 interpre-

384 2141 489 2188 tem
529 2135 647 2190 talis
683 2142 766 2189 est
801 2134 1061 2190 sententia
1097 2152 1109 2186 :
1141 2132 1215 2186 l'ta
1247 2148 1340 2188 eos
1368 2133 1550 2202 perde,
1597 2141 1654 2185 ut
1697 2148 1800 2186 non
1844 2149 1961 2186 am-

383 2225 517 2293 plius
546 2235 842 2296 resurgant.
868 2224 1170 2280 Secundum
1191 2224 1416 2278 alterum
1437 2239 1587 2288 vero,
1618 2223 1748 2278 Cum
1772 2239 1960 2294 magna

380 2316 653 2371 celeritate
679 2333 695 2373 :
728 2317 830 2371 hoc
854 2317 998 2371 enim
1027 2315 1125 2369 sibi
1153 2315 1261 2369 vnit
1295 2315 1443 2379 illud,
1471 2312 1715 2383 Propere.

450 2391 663 2480 Lingua:
686 2410 958 2479 petulantia
975 2425 999 2473 ;
1025 2417 1281 2476 peccatum
1302 2407 1551 2462 venationi
1586 2424 1676 2461 cur
1701 2424 1962 2476 compare-

381 2499 658 2553 επακ-12⁷.
689 2498 778 2552 Vir
806 2501 1064 2570 linguosus
1110 2515 1211 2552 non
1254 2499 1495 2569 dirigetur
1530 2499 1584 2552 in
1629 2509 1775 2552 terra.
1809 2499 1964 2554 Post-

378 2605 537 2658 quam
562 2591 692 2644 dixit
716 2590 781 2643 de
811 2589 884 2644 ira
920 2590 1032 2653 Dei,
1075 2589 1306 2644 ostendit
1349 2604 1531 2644 rursus
1576 2589 1744 2658 ipsum
1782 2605 1877 2658 per
1903 2605 1961 2645 se

379 2680 563 2735 vitium
601 2681 864 2745 sufficere,
911 2690 966 2734 ut
1010 2682 1089 2735 sui
1139 2696 1474 2750 possessores
1513 2680 1715 2750 perdat.
1743 2680 1857 2735 Non
1880 2689 1962 2736 est

378 2783 552 2828 autem
583 2773 685 2829 hoc
714 2789 921 2845 quoque
948 2789 1164 2844 parvum
1209 2787 1376 2844 genus
1414 2773 1789 2842 improbitatis,
1842 2787 1962 2828 esse

379 2866 536 2919 nimis
580 2866 917 2933 insolentem,
962 2875 1017 2921 et
1059 2866 1288 2935 linguam
1336 2880 1442 2919 non
1482 2878 1639 2933 posse
1687 2863 1957 2918 cohibere.

377 2957 699 3029 Linguosum
727 2960 867 3014 enim
901 2959 985 3013 hic
1014 2958 1142 3012 dicit
1173 2957 1440 3011 hominem
1482 2955 1831 3025 petulantem,
1863 2970 1959 3009 uu-

377 3059 638 3118 gatorem,
687 3047 1025 3113 maledicum,
1076 3050 1164 3120 qui
1214 3049 1369 3102 latrat
1413 3046 1646 3111 assidue,
1690 3046 1780 3116 qui
1827 3060 1960 3101 cane

377 3139 543 3194 nihilo
569 3148 651 3195 est
680 3141 868 3196 melius
894 3141 1134 3196 affectus.
1183 3139 1276 3194 Dic
1320 3154 1447 3209 ergo
1489 3138 1662 3209 qualis
1711 3146 1804 3193 est-
1843 3138 1960 3207 ejus

377 3229 598 3286 fructus.
645 3229 768 3285 Non
813 3232 1077 3301 dirigetur,
1121 3231 1310 3300 inquit,
1362 3231 1414 3284 in
1460 3238 1613 3284 terra.
1661 3230 1813 3285 Alius
1855 3229 1953 3300 (b),

376 3324 498 3378 Non
524 3325 820 3389 stabilietur,
851 3324 951 3379 hoc
980 3333 1080 3388 est,
1123 3323 1418 3392 dejicietur,
1471 3330 1760 3388 evertetur;
1811 3322 1956 3390 peri-

374 3412 471 3468 bit.
522 3415 619 3469 Hic
663 3425 746 3468 est
793 3415 992 3469 fructus
1032 3413 1272 3468 maledici
1308 3431 1323 3468 :
1353 3422 1434 3468 est
1469 3411 1717 3466 omnibus
1749 3411 1954 3478 hostis,

375 3509 619 3563 omnibus
643 3509 911 3573 molestus,
950 3507 1125 3578 gravis
1151 3516 1204 3562 et
1231 3505 1472 3561 acerbus.
1500 3502 1956 3572 Quemadmodum

373 3615 501 3670 ergo
530 3600 618 3670 qui
647 3608 731 3655 est
759 3600 922 3664 mitis,
976 3598 1180 3668 patiens
1221 3607 1276 3652 et
1325 3597 1480 3661 lenis,
1522 3604 1576 3650 ct
1616 3595 1718 3650 scit
1757 3604 1954 3660 tacere,

376 3701 518 3746 tutus
565 3701 666 3756 est,
713 3701 895 3762 gratus
935 3699 989 3746 et
1013 3688 1280 3757 jucundus
1302 3687 1548 3743 omnibus
1579 3704 1595 3743 :
1625 3687 1694 3741 ita
1721 3687 1809 3757 qui
1838 3687 1957 3742 talis

375 3790 478 3850 est,
510 3783 668 3836 vitam
697 3783 807 3852 agit
833 3782 1091 3836 lubricam
1121 3793 1176 3836 et
1203 3780 1356 3836 valde
1385 3780 1762 3850 periculosam,
1794 3779 1954 3833 undi-

374 3890 477 3943 que
498 3874 906 3930 innumerabiles
933 3874 1178 3928 inimicos
1201 3872 1278 3927 ad'
1308 3887 1367 3927 se
1396 3885 1675 3927 accersens
1705 3880 1759 3926 et
1785 3879 1952 3925 attra—

375 3964 529 4031 hens,
575 3974 631 4022 et
671 3974 795 4021 ante
837 3965 969 4020 alios
1007 3979 1156 4019 suam
1196 3963 1428 4018 animam
1457 3963 1798 4026 conturbatis,
1849 3978 1955 4015 non

375 4058 555 4113 sinens
585 4073 701 4113 eam
731 4060 1024 4127 quiescere,
1054 4057 1148 4112 sed
1188 4057 1348 4112 etiam
1388 4055 1534 4110 nullo
1571 4055 1618 4110 ei
1658 4055 1954 4109 molestiam

375 4151 688 4216 exhibente,
737 4149 1152 4204 innumerabiles
1180 4148 1433 4202 tumultus
1459 4157 1514 4202 et
1537 4146 1673 4202 bella
1699 4147 1840 4200 intus
1867 4163 1957 4200 ex-

375 4242 564 4295 citans.
645 4239 820 4294 Virum
869 4241 1111 4312 injustam
1166 4239 1302 4292 mala
1359 4238 1557 4305 capient
1591 4238 1646 4290 in
1678 4237 1954 4290 interitum.

380 4333 451 4385 lla
483 4334 640 4386 etiam
671 4331 799 4386 dicit
825 4329 962 4385 alius
986 4330 1198 4400 sapiens
1229 4347 1241 4383 :
1265 4327 1564 4400 Iniquitates
1589 4329 1749 4380 virum
1772 4341 1958 4380 venan-

377 4434 458 4476 tur
499 4424 586 4492 (c).
623 4423 752 4476 Vide
791 4437 975 4477 rursus
1000 4421 1182 4475 vitium
1213 4419 1460 4475 sufﬁcere
1484 4416 1552 4471 ad
1577 4433 1697 4472 eum
1735 4415 1958 4486 perden-

372 4509 497 4564 dum
525 4507 612 4577 qui
644 4505 694 4559 id
727 4506 906 4560 habet.
956 4505 1060 4561 Sed
1109 4518 1209 4571 qua
1243 4505 1311 4558 de
1341 4519 1498 4558 causa
1541 4505 1717 4573 posuit
1760 4520 1952 4560 nomen

371 4597 706 4654 venationis?
756 4595 821 4651 Ut
863 4596 1043 4650 videas
1088 4596 1139 4650 id
1193 4611 1314 4650 esse
1363 4596 1689 4657 inevitabile,
1722 4605 1780 4650 ut
1825 4600 1952 4658 etsi,

371 4705 491 4743 eum
524 4689 717 4756 injuste
750 4695 801 4742 te
827 4702 1006 4755 geras,
1041 4701 1145 4741 non
1198 4688 1372 4740 statim
1423 4687 1646 4752 incidas,
1679 4704 1784 4741 non
1831 4689 1952 4743 ideo

371 4781 444 4834 sis
485 4781 622 4834 bono
655 4789 710 4834 et-
735 4780 930 4835 fidenti-
957 4780 1158 4834 animo.
1191 4780 1336 4835 Talis
1383 4780 1526 4835 enim
1573 4792 1657 4835 est
1698 4785 1947 4836 venatio:

370 4887 473 4924 non
528 4887 776 4940 semper,
827 4886 925 4925 nec
972 4873 1213 4939 protinus
1260 4872 1720 4940 assequitur:sed
1767 4883 1945 4928 tamen

367 4962 610 5028 quamvis
654 4961 706 5015 in
753 4962 1040 5016 venatione
1082 4977 1188 5016 non
1235 4964 1513 5031 capiantur
1559 4961 1720 5025 ferae,
1758 4979 1828 5018 ne
1869 4966 1947 5020 sic

366 5052 578 5122 quidem
603 5062 727 5107 tutte
754 5063 897 5117 sunt,
921 5053 1046 5108 licet
1073 5055 1278 5124 laqueis
1305 5055 1542 5110 nondum
1573 5055 1681 5110 sint
1707 5056 1946 5124 implica-

367 5156 454 5200 tm.
485 5145 557 5200 ita
587 5147 747 5200 etiam
779 5162 883 5200 non
914 5147 1148 5201 confidat
1176 5147 1354 5201 anima
1400 5164 1518 5218 qua:
1569 5149 1767 5217 injuste
1798 5149 1942 5214 facit,

364 5237 464 5290 etsi
495 5238 731 5292 nondum
761 5246 916 5306 capta
949 5239 1054 5292 sit:
1080 5237 1365 5308 aliquando
1397 5239 1540 5294 enim
1588 5239 1848 5310 capietur.
1883 5243 1942 5296 Si

363 5333 442 5386 vis
483 5334 534 5387 in
579 5343 692 5389 tuto
718 5349 860 5402 esse,
890 5348 1041 5389 cessa
1085 5333 1199 5390 haec
1228 5349 1406 5404 agere,
1435 5344 1490 5391 et
1531 5350 1721 5406 magna
1753 5335 1944 5392 frueris

424 5466 496 5528 (α)
520 5465 638 5530 Haec
664 5469 794 5530 prior
818 5468 1159 5530 interpretatio
1184 5466 1380 5530 videtur
1412 5480 1523 5517 esse
1546 5466 1687 5528 juxta
1711 5467 1940 5517 Theodo-

358 5527 560 5593 tionem,
581 5527 696 5579 licet
712 5527 1007 5593 aliquantum
1026 5531 1182 5578 variet
1202 5531 1250 5578 in
1273 5527 1512 5592 Hexaplis
1535 5527 1733 5593 nostris,
1762 5531 1844 5578 ubi
1870 5531 1940 5579 vi-

355 5590 506 5654 tiosis.
534 5592 785 5654 Posterior
799 5590 944 5650 cujus
963 5592 1029 5639 sit
1046 5594 1314 5654 ignoratur.

419 5652 492 5714 (bi
520 5653 641 5711 Quis
664 5659 727 5702 stt
746 5653 822 5702 hic
843 5652 1093 5713 interpres
1117 5653 1386 5714 ignoratur.

421 5712 491 5774 te)
515 5714 633 5764 Haec
654 5717 809 5776 primo
832 5712 1092 5776 conspectu
1126 5712 1190 5762 ex
1225 5712 1320 5764 alio
1343 5714 1468 5762 libro
1495 5713 1938 5776 desumptaviden-

355 5776 592 5888 33ῧὶῗὲ
615 5775 726 5828 sunt
746 5777 887 5840 juxta
924 5775 1384 5841 interpretationem
1419 5776 1707 5838 Symmachi.
1731 5775 1856 5828 Vide
1887 5779 1936 5826 in

403 5851 609 5893 ειουιιε.

1467 363 1825 421 EXPOSITIO
1859 362 1923 418 IN
1951 360 2271 418 PSALMUM
2307 362 2464 421 CXL.

3540 367 3642 424 426

2064 481 2366 534 securitate.
2408 480 2515 535 Cur
2547 487 2720 535 autem
2748 479 2902 546 dixit,
2936 481 3008 535 In
3031 481 3330 536 interitum?
3377 480 3640 549 Quoniam

2063 572 2212 626 multi
2252 573 2532 640 capiuntur
2573 570 2639 625 ad
2679 572 2902 627 salutem
2933 589 2946 625 :
2978 573 3140 642 utqui
3169 572 3235 626 ab
3262 573 3537 642 apostolis,
3588 584 3644 628 ut

2063 664 2150 734 qui
2178 679 2207 718 a
2233 664 2431 720 sanctis
2464 663 2612 718 viris.
2658 665 2727 719 At
2751 679 2855 720 non
2888 665 3035 729 mali,
3065 664 3279 735 quando
3302 680 3396 720 eos
3420 677 3647 721 venatur

2065 757 2286 823 vitium;
2328 757 2421 812 sed
2465 757 2532 812 ad
2583 757 2868 826 perniciem
2912 767 2967 812 et
3005 759 3296 813 interitum.
3328 759 3394 813 Et
3421 773 3516 812 cur
3539 774 3642 816 novi

2065 863 2097 904 c
2139 850 2362 920 vestigio
2412 849 2592 904 vitium
2638 849 2982 919 consequitur
3018 851 3387 920 supplicium?
3425 851 3645 921 Propter

2067 941 2276 997 Domini
2323 942 2679 998 clementiam.
2738 943 2792 998 Si
2838 943 2980 998 enim
3033 944 3196 999 vellet
3221 943 3288 1000 de
3326 959 3648 1016 unoquoque

2066 1049 2251 1089 eorum
2308 1037 2396 1105 qui
2465 1043 2688 1105 peccant
2753 1036 2994 1106 protinus
3055 1036 3366 1106 supplicium
3409 1053 3640 1100 sumere,

2063 1124 2172 1194 jam
2222 1125 2458 1180 maxima
2498 1140 2565 1180 ex
2621 1134 2771 1195 parte
2833 1124 3098 1181 sublatum
3162 1136 3304 1181 esset
3354 1127 3644 1184 humanum

2068 1230 2252 1281 genus.
2307 1216 2392 1270 15.
2456 1214 2678 1286 Cognovi
2739 1216 2858 1285 quia
2906 1216 3058 1286 faciet
3106 1215 3350 1273 Dominus
3391 1219 3645 1288 judicium

2068 1305 2276 1372 inapum
2301 1315 2347 1358 et
2376 1305 2648 1359 vindictam
2687 1321 2984 1376 pauperum.
3027 1306 3113 1361 14.
3148 1305 3501 1362 Verumtamen
3516 1311 3648 1380 justi

2070 1396 2438 1464 conﬁtebuntur
2492 1397 2686 1450 nomini
2740 1407 2846 1464 tuo,
2899 1406 2958 1462 ,ει
3019 1398 3313 1454 habitabant
3369 1402 3492 1456 recti
3533 1419 3647 1455 cum

2070 1484 2214 1538 vultu
2253 1496 2360 1540 tuo.
2399 1486 2570 1554 Alius,
2612 1487 2765 1558 Apud
2815 1487 3008 1542 vultum
3064 1499 3224 1544 tuum.
3285 1491 3388 1545 Pro
3434 1491 3651 1546 Habita-

2071 1577 2193 1631 bunt
2239 1588 2437 1646 autem»,
2477 1578 2615 1635 alius
2656 1579 2804 1646 dicit,
2842 1578 3219 1636 Permanebunt
3258 1580 3356 1654 (a),
3399 1592 3461 1638 et
3493 1585 3646 1650 alios,

2071 1667 2332 1722 Sedebant
2375 1685 2395 1721 :
2435 1677 2491 1724 et
2537 1685 2634 1739 pro
2674 1668 2937 1742 Cognovi,
3005 1670 3144 1727 Scio.
3198 1671 3456 1741 Quoniam
3505 1679 3648 1729 enim

2069 1759 2225 1824 dixit,
2282 1761 2636 1828 venabuntur,
2679 1769 2733 1818 et
2773 1761 3044 1832 peribunt,
3087 1779 3185 1818 nec
3211 1765 3646 1821 ostendit-statim

2070 1849 2350 1906 imminere
2389 1852 2708 1922 supplicium
2740 1870 2755 1907 :
2783 1869 2853 1909 ne
2891 1853 3010 1924 quis
3047 1869 3113 1909 ex
3153 1857 3500 1912 crassioribus
3531 1857 3652 1912 ideo

2070 1940 2383 1996 redderetur
2425 1942 2813 2013 negligentior,
2864 1943 3154 2013 subjunxit'
3191 1946 3338 2013 illud,
3389 1946 3648 2018 Cognovi,

2069 2034 2354 2087 ostendens
2400 2033 2450 2087 id
2492 2034 2710 2089 omnino
2752 2033 3006 2090 futurum.
3048 2034 3148 2104 Qui
3175 2038 3315 2092 enim
3348 2039 3535 2108 injuria
3575 2040 3651 2093 af-

2070 2122 2193 2178 fecti
2231 2133 2374 2192 sunt,
2418 2141 2523 2180 non
2551 2125 2841 2181 manebunt
2868 2126 3039 2181 inulti.
3065 2127 3334 2198 Pauperes
3361 2140 3534 2185 autem
3567 2132 3652 2186 hic

2070 2233 2176 2272 non
2211 2217 2457 2288 intelligit
2501 2217 2744 2273 absolute
2782 2235 3063 2290 pauperes,
3120 2223 3212 2277 sed
3260 2237 3354 2278 eos
3387 2226 3474 2294 qui
3525 2235 3652 2278 sunt

2067 2307 2225 2364 valde
2261 2308 2512 2375 humiles,
2568 2310 2658 2379 qui
2703 2318 2828 2364 sunt
2861 2311 3096 2366 contriti.
3139 2312 3261 2367 llzec
3287 2325 3462 2370 autem
3489 2315 3610 2370 dicit
3635 2359 3649 2377 .

2067 2417 2161 2458 eos
2199 2403 2287 2472 qui
2319 2403 2510 2471 injuria
2537 2402 2863 2472 afficiuntur,
2911 2404 3211 2468 consolans,
3244 2415 3297 2460 et
3323 2421 3416 2461 eos
3445 2408 3531 2477 qui
3568 2409 3649 2462 fa-

2069 2493 2217 2548 ciunt
2252 2493 2524 2563 injuriam,
2572 2494 2848 2564 corrigens
2885 2493 3282 2565 admoneusque
3315 2513 3326 2548 :
3360 2505 3416 2550 ut
3445 2513 3542 2553 nec
3578 2499 3650 2553 illi

2070 2595 2284 2657 propter
2326 2601 2532 2640 moram
2558 2585 2863 2658 desperent,
2901 2602 3001 2643 nec
3024 2586 3076 2642 hi
3108 2599 3322 2658 prepter
3345 2590 3650 2646 dilationem

2067 2676 2359 2731 reddantur
2382 2675 2739 2732 socordiores.
2789 2677 2980 2732 Dilatio
3017 2680 3159 2734 enim
3201 2679 3347 2736 ducit
3384 2681 3448 2736 ad
3478 2685 3651 2750 poeni~

2069 2767 2288 2821 tentiam
2325 2785 2337 2820 :
2369 2782 2492 2822 eum
2531 2777 2708 2824 autem
2739 2769 2827 2839 qui
2857 2779 3178 2839 perseverat,
3222 2773 3373 2842 punit
3395 2777 3606 2844 gravius
3636 2799 3649 2833 :

2069 2861 2226 2932 idque
2260 2863 2471 2918 merito.
2523 2862 2735 2930 Quare?
2767 2863 2920 2930 Quod
2950 2879 3070 2918 cum
3101 2865 3151 2918 in
3178 2880 3237 2920 sc
3267 2876 3463 2920 taut:un
3495 2867 3658 2922 boni--

2068 2962 2228 3006 tatem
2266 2953 2545 3016 senserint,
2586 2967 2916 3022 nequaquam
2944 2953 3193 3010 meliores
3216 2958 3498 3011 evaserint.
3542 2960 3650 3013 Co-

2065 3045 2173 3115 gita
2221 3059 2449 3112 namque
2496 3054 2690 3115 quanta
2734 3045 2803 3100 sit
2824 3046 2916 3100 Dei
2957 3047 3258 3112 clementia,
3306 3052 3517 3119 quando
3556 3069 3650 3108 eos

2067 3137 2157 3207 qui
2197 3146 2318 3191 sunt
2357 3137 2456 3191 sibi
2500 3137 2717 3203 addicti,
2769 3137 2908 3192 mala
2938 3139 3039 3206 pati
3083 3141 3355 3208 permittit.
3396 3158 3493 3197 nec
3523 3145 3650 3199 uici-

2067 3230 2253 3294 scitnr,
2291 3229 2474 3284 volens
2500 3238 2552 3284 te
2580 3229 2889 3298 paenitentia
2917 3229 3193 3286 meliorem
3224 3231 3418 3287 facere.

2136 3320 2290 3375 Ratio
2327 3337 2360 3374 a
2408 3319 2515 3374 Deo
2553 3337 2654 3374 non
2692 3323 2961 3391 poscenda.
3002 3351 3074 3362 ——
3121 3320 3470 3378 Verumtamen
3513 3327 3641 3395 justi

2065 3414 2436 3483 conﬁtebuntur
2478 3413 2672 3467 nomini
2721 3422 2828 3467 tuo.
2887 3411 3025 3480 Quid
3069 3423 3151 3468 est
3191 3415 3330 3483 quod
3374 3416 3534 3471 dicit?
3589 3419 3643 3473 in

2067 3522 2434 3578 quocumque,
2477 3505 2679 3575 inquit,
2712 3505 2978 3568 evenerit,
3013 3505 3087 3559 illi
3117 3517 3273 3577 agent
3296 3509 3492 3577 gratias
3518 3527 3529 3562 :
3555 3526 3647 3566 seu

2066 3597 2294 3651 viderint
2333 3596 2562 3651 humiles
2591 3594 2800 3665 injuriis
2828 3595 3076 3661 affectos,
3109 3612 3200 3651 seu
3242 3599 3410 3653 malos
3439 3601 3605 3656 elatos
3629 3647 3643 3663 ,

2067 3705 2172 3743 non
2204 3689 2416 3759 exigant
2443 3689 2699 3742 rationem
2727 3703 2824 3741 cur
2848 3687 2935 3742 illa
2963 3687 3111 3743 fiant.
3140 3688 3252 3743 Hoc
3289 3698 3373 3744 est
3400 3692 3538 3745 enim
3566 3696 3647 3750 vel

2066 3782 2296 3836 maxime
2311 3780 2599 3850 justorum.
2621 3794 2834 3850 semper
2853 3789 2905 3834 et
2928 3779 2980 3832 in
2997 3779 3244 3834 omnibus
3259 3781 3452 3850 gratias
3469 3798 3665 3853 agere-

2067 3875 2134 3928 Et
2162 3872 2453 3928 Itabitabunt
2475 3873 2596 3926 recti
2617 3889 2729 3926 cum
2749 3872 2890 3926 vultu
2915 3880 2999 3925 tuo
3018 3887 3036 3925 :
3054 3871 3152 3925 hoc
3175 3883 3275 3938 est,
3301 3872 3468 3927 Tuum
3495 3889 3646 3931 asse-

2068 3966 2214 4036 qnuti
2244 3965 2516 4026 auxilium,
2551 3973 2603 4019 ct
2631 3962 2698 4018 de
2729 3972 2778 4016 te
2809 3979 2927 4016 cum
2959 3963 3067 4016 suis
3097 3963 3288 4016 animis
3317 3966 3605 4034 cogitantes-
3629 4008 3644 4034 ,

2066 4072 2279 4125 semper
2321 4066 2493 4110 tecum
2537 4064 2830 4116 Versantes,
2877 4067 2907 4106 3
2949 4063 3003 4107 te
3036 4068 3318 4122 numquam
3360 4055 3646 4114 recedent:

2065 4146 2321 4216 quidquid
2351 4144 2608 4208 evenerit,
2639 4143 2771 4197 nihil
2799 4159 3046 4212 umquam
3071 4143 3147 4198 eis
3176 4160 3314 4212 :egre
3346 4145 3518 4210 fuerit,
3549 4163 3644 4204 nec

2066 4241 2132 4294 de
2161 4241 2239 4294 eis
2268 4254 2386 4309 qua:
2433 4236 2711 4299 accident,
2761 4250 3011 4305 umquam
3055 4244 3363 4303 querentur.
3410 4236 3521 4293 Hoc
3565 4249 3644 4295 est

2068 4332 2208 4385 enim
2236 4329 2398 4384 animi
2430 4327 2717 4382 immobilis
2737 4369 2750 4392 ,
2781 4325 2882 4381 hoc
2913 4328 3076 4380 iirma:
3103 4327 3295 4381 mentis
3324 4343 3386 4383 ac
3413 4330 3643 4397 stabilis,

2068 4439 2174 4478 non
2214 4439 2435 4494 poscere
2478 4440 2508 4478 a
2547 4423 2773 4479 Domino
2808 4438 2990 4480 eorum
3032 4437 3150 4493 qu:e
3189 4418 3321 4474 fiunt
3364 4421 3642 4476 rationem.

2060 4509 2320 4573 Quocirca
2371 4508 2579 4562 dicebat
2624 4509 2818 4563 Paulus
2861 4528 2873 4562 :
2909 4512 3290 4577 Verumtmnen,
3323 4531 3353 4568 ο
3381 4520 3636 4581 homo,.tu

2058 4600 2171 4665 quis
2203 4614 2255 4652 es
2284 4600 2372 4666 qui
2393 4600 2702 4668 respondeas
2737 4601 2882 4654 Deo?
2907 4601 3170 4671 Numquid
3192 4606 3314 4658 dicit
3329 4606 3636 4677 ﬁgmentum

2056 4689 2236 4758 ﬁgulo,
2291 4689 2393 4744 Cur
2439 4707 2517 4745 me
2556 4693 2721 4760 fecisti
2762 4695 2834 4746 sic
2861 4693 3037 4766 (Rem.
3075 4697 3124 4749 9.
3168 4695 3292 4768 20)?
3323 4698 3433 4752 lioc
3479 4699 3636 4768 igitur

2057 4783 2218 4836 modo
2247 4798 2346 4837 nos
2387 4800 2599 4856 quoque
2643 4800 2859 4854 semper
2900 4799 3052 4857 grato
3095 4790 3262 4844 simus
3306 4791 3506 4854 animo,
3539 4807 3635 4860 pro

2055 4874 2304 4930 omnibus
2335 4875 2441 4930 Deo
2464 4877 2664 4944 gratias
2685 4886 2903 4945 agentes
2929 4895 2942 4932 :
2969 4880 3216 4948 quoniam
3245 4880 3293 4934 ei
3318 4880 3503 4950 gloria,
3521 4897 3615 4949 gra

2056 4969 2246 5022 tiarum
2277 4970 2438 5034 actio,
2469 4979 2524 5022 et
2552 4969 2816 5032 adoratio,
2848 4984 2988 5024 nunc
3015 4979 3069 5025 et
3106 4986 3344 5040 semper,
3377 4981 3430 5025 ct
3457 4973 3508 5024 in
3544 4972 3630 5025 in-

2053 5059 2198 5114 finita
2225 5060 2420 5115 saecula
2450 5061 2790 5117 sseculorum.
2821 5065 3015 5117 Amen.

2523 5172 2589 5228 IN
2628 5173 2954 5232 PSALMUM
2992 5172 3148 5229 CXL.

2051 5289 2104 5343 Ι.
2153 5287 2386 5353 Domine,
2416 5286 2631 5340 clamavi
2670 5287 2740 5339 ad
2786 5295 2850 5350 te,
2882 5285 3069 5341 exaudi
3110 5300 3190 5338 me
3222 5297 3241 5337 :
3272 5283 3493 5337 intende
3523 5278 3632 5336 voci

2436 5395 2580 5447 meae,
2607 5397 2720 5434 cum
2749 5380 3032 5434 clamavero
3071 5378 3140 5432 ad
3165 5388 3236 5432 te.

2121 5493 2173 5547 l.
2207 5490 2375 5561 Hujus
2401 5492 2619 5563 quidem
2643 5493 2842 5549 Psalmi
2868 5493 3032 5549 verba
3053 5507 3191 5564 pone
3213 5507 3400 5549 omnes
3423 5493 3626 5558 sciunt,

2045 5595 2097 5640 et
2119 5600 2212 5654 per
2235 5600 2449 5641 omnem
2471 5596 2680 5642 aetatem
2700 5596 2957 5657 perpetuo
2976 5595 3173 5642 canunt
3191 5603 3206 5642 :
3221 5587 3340 5657 quis
3355 5588 3426 5642 sit
3443 5596 3623 5641 autem

2045 5691 2236 5732 sensus
2256 5692 2462 5749 eorum,
2476 5693 2596 5748 quas
2615 5677 2758 5734 dicta
2778 5687 2922 5745 sunt,
2940 5679 3203 5734 nesciunt.
3222 5675 3378 5745 Quod
3402 5675 3630 5748 quidem.

2110 5833 2182 5894 (a)
2216 5832 2334 5885 Ilaec
2358 5836 2700 5898 interpretatio
2725 5840 2802 5887 est
2820 5836 2960 5898 juxta
2981 5833 3342 5900 Symmachum.
