4070 6340
474 342 574 397 4‘17

477 478 582 515 non
614 471 696 515 est
726 473 884 529 parva
927 456 1338 526 reprehensione
1365 461 1578 530 dignum
1605 503 1620 526 ,
1652 476 1744 513 eos
1773 460 1860 529 qui
1885 461 2061 530 quoti-

477 554 564 608 die
592 561 808 614 canunt.
840 560 892 606 et
915 565 1009 606 ore
1037 552 1192 605 verba
1227 553 1518 620 proferunt,
1549 569 1652 605 nnn
1682 569 1922 621 qun-rere
1955 553 2058 605 vim

473 643 895 710 sententiarum,
943 659 1062 713 qua:
1106 643 1154 694 in
1205 643 1284 698 his
1319 643 1494 697 verbis
1537 643 1651 696 sita:
1690 655 1832 697 sunt.
1875 642 1980 698 Sed
2015 643 2060 698 si

477 737 667 791 viderit
695 735 906 806 quidem
939 735 1199 804 quiSpiam
1229 750 1418 804 aquam
1453 751 1634 804 puram
1667 744 1718 790 et
1747 734 2018 804 limpidam
2043 776 2057 798 ,

476 844 581 883 non
621 843 680 884 se
711 828 973 891 tenuerit,
1019 827 1144 896 quin
1191 826 1256 880 ad
1304 842 1421 880 eam
1471 825 1722 891 accedat,
1765 835 1977 896 tangat,
2007 834 2062 880 et

475 920 649 984 bibat;
681 929 732 973 et
758 919 846 988 qui
874 918 927 972 in
955 929 1161 988 pratum
1193 917 1405 972 assidue
1449 917 1773 989 ingreditur,
1818 918 1916 970 nisi
1945 917 2058 972 col-

475 1011 624 1065 lectis
655 1013 802 1080 prius
827 1009 1028 1078 aliquot
1068 1007 1320 1075 ﬂoribus,
1357 1008 1608 1064 recedere
1650 1008 1865 1062 minime
1895 1007 2057 1062 susti-

475 1102 650 1156 nuerit
673 1119 686 1155 :
715 1116 810 1155 vos
834 1111 1010 1156 autem
1031 1101 1120 1170 qui
1148 1101 1215 1153 ab
1245 1100 1457 1156 ineunte
1486 1110 1642 1176 aetate
1668 1099 1733 1154 ad
1763 1107 2054 1154 extremam

475 1208 640 1262 usque
668 1202 992 1246 senectutem
1033 1191 1175 1246 hunc
1219 1191 1486 1246 Psalmum
1528 1191 1891 1255 meditamini,
1925 1191 2055 1244 nihil

471 1283 614 1337 aliud
640 1299 796 1352 quam
825 1282 987 1336 verba
1015 1293 1271 1352 perpetuo
1294 1283 1504 1344 tenetis,
1526 1283 1785 1338 absconso
1806 1283 2056 1337 thesauro

471 1373 716 1428 assidetis
736 1414 750 1435 ,
792 1373 1120 1442 obsignatam
1151 1388 1458 1428 crumenam
1481 1374 1854 1439 circumfertis,
1876 1383 1930 1428 et
1956 1389 2056 1429 nec

470 1480 497 1517 a
530 1465 834 1518 curiositate
861 1464 1074 1534 quidem
1122 1464 1369 1519 incitatus
1398 1473 1479 1519 est
1506 1464 1764 1534 quispiam
1795 1473 1851 1518 ut
1878 1464 2053 1519 disce-

470 1567 570 1620 ret,
600 1555 723 1624 quid
765 1564 847 1608 est
875 1555 1013 1624 quod
1038 1555 1264 1609 dicitur:
1292 1571 1394 1608 non
1421 1554 1679 1624 (lUil’SiVli,
1716 1571 1820 1608 non
1851 1565 2054 1609 scruta-

475 1657 556 1700 tus
601 1655 698 1700 cst.
747 1648 1076 1716 Quamquam
1123 1661 1222 1701 nec
1269 1646 1395 1701 illud
1441 1646 1652 1718 quidem
1697 1646 1800 1701 dici
1844 1656 2048 1716 potest,

470 1753 588 1791 cum
615 1748 756 1792 esset
788 1738 1024 1792 Psalmus
1053 1746 1294 1807 apertus,
1324 1753 1513 1792 omnes
1543 1738 1777 1793 invitavit
1806 1739 1871 1793 ad
1902 1755 2050 1794 som-

471 1845 636 1890 num,
676 1844 774 1883 nec
818 1828 938 1882 sivit
963 1839 1020 1882 ut
1047 1838 1372 1898 quaereretur
1397 1828 1536 1899 quod
1563 1830 1767 1884 eratad
1809 1845 2043 1884 manum.

472 1920 562 1974 Est
589 1920 730 1973 enim
759 1919 1016 1974 obscurus
1036 1960 1050 1984 ,
1081 1920 1379 1990 suiﬁcitque
1414 1920 1482 1974 ad
1518 1935 1640 1974 eum
1669 1920 2004 1975 excitandum
2030 1963 2045 1987 ,

467 2015 556 2082 qui
589 2030 693 2066 non
728 2013 883 2068 nimis
911 2013 1170 2082 profunde
1211 2013 1445 2076 dormit,
1493 2013 1599 2068 imo
1624 2028 1744 2068 eum
1775 2014 1931 2068 etiam
1959 2014 2047 2083 qui

467 2106 685 2158 omnino
714 2104 930 2159 dormit.
958 2104 1094 2171 Quid
1141 2105 1281 2159 enim
1309 2115 1390 2159 est
1417 2105 1542 2160 illud
1565 2145 1582 2173 ,
1630 2106 1682 2160 4.
1717 2104 1799 2159 Ne
1832 2107 2049 2160 declines

465 2213 553 2249 cor
575 2213 738 2249 meum
764 2197 818 2250 in
847 2197 991 2250 verba
1020 2197 1264 2252 malitiw?
1289 2195 1413 2267 qttid
1442 2212 1590 2264 vero,
1613 2199 1666 2250 5.
1695 2196 1941 2269 Corripiet
1970 2215 2049 2252 me

460 2289 631 2358 justus
655 2288 705 2339 in
733 2287 1076 2341 misericordia
1095 2328 1110 2349 ,
1161 2297 1206 2340 et
1236 2287 1512 2356 increpabit
1536 2290 1653 2342 me?
1679 2289 1830 2355 Quod
1870 2299 2045 2344 autem

464 2381 830 2448 consequitur,
857 2381 971 2444 dic,
1002 2396 1205 2449 quaeso,
1232 2396 1408 2435 annon
1438 2391 1518 2435 est
1543 2382 1866 2452 quibuslibet
1893 2391 2045 2436 tene-

463 2474 574 2528 bris
609 2473 1024 2527 tenebricosius?
1054 2474 1305 2540 Quoniam
1352 2473 1516 2526 adhuc
1545 2483 1591 2525 et
1636 2473 1796 2527 oratio
1839 2490 1950 2527 mea
1991 2473 2043 2527 in

464 2564 783 2633 beneplacitis
807 2580 997 2617 eorum.
1021 2565 1074 2618 6.
1100 2563 1333 2634 Absorpti
1362 2573 1479 2617 sunt
1489 2565 1654 2634 juncti
1675 2575 1829 2635 petra:
1843 2565 2043 2636 judices

462 2671 654 2708 eorum.
687 2653 938 2719 Quamvis
965 2664 1140 2708 tamen
1168 2663 1245 2708 tot
1272 2655 1378 2708 sint
1405 2654 1651 2718 obscura,
1682 2655 1842 2709 veluti
1869 2655 2039 2725 quod-

461 2745 582 2798 dam
609 2745 892 2809 canticum,
917 2760 977 2799 ea
1005 2745 1153 2799 multi
1180 2745 1366 2800 leviter
1389 2755 1819 2815 praetercurrunt.
1848 2745 1952 2800 Sed
1975 2761 2042 2802 ne

458 2834 586 2891 dum
629 2834 680 2890 in
708 2836 1122 2905 reprehensione
1149 2837 1370 2891 nimium
1413 2837 1784 2902 immoramur,
1815 2840 2038 2894 molesta

458 2928 649 2981 evadat
677 2929 865 2994 oratio,
897 2943 994 2999 age
1018 2929 1083 2983 ad
1112 2944 1172 2984 ea
1203 2945 1321 3000 qua:
1348 2931 1485 2984 dicta
1515 2939 1638 2985 sunt
1661 2933 2038 3001 perscrutanda

459 3021 753 3074 veniamus.
784 3019 890 3076 Sed
915 3021 1194 3093 diligenter
1218 3024 1474 3079 attendite
1500 3041 1512 3077 :
1537 3040 1709 3094 neque
1741 3025 1884 3080 enim
1913 3035 2038 3095 puto

459 3111 621 3167 fuisse
654 3125 852 3168 temere
889 3113 1161 3169 decretum
1201 3130 1232 3168 a
1277 3114 1550 3184 patribus,
1592 3125 1650 3170 ut
1689 3116 1772 3170 hic
1799 3117 2039 3173 Psalmus

459 3221 678 3276 vespere
707 3206 973 3262 diceretur
993 3207 1227 3277 quotidie
1249 3206 1348 3280 (a),
1377 3224 1547 3279 neque
1575 3219 1790 3279 propter
1817 3209 1868 3264 id
1895 3209 2038 3281 quod

460 3296 512 3349 in
542 3311 608 3350 eo
637 3297 831 3352 dicitur
854 3338 870 3364 ,
912 3297 1143 3352 Elevalio
1185 3315 1428 3353 manuum
1467 3317 1693 3354 mearum
1731 3304 2035 3372 sacriﬁcium

457 3389 812 3455 vesperlt'num.
857 3387 988 3444 Nam
1033 3388 1264 3458 idipsum
1307 3406 1518 3461 quoque
1559 3392 1610 3445 in
1652 3393 1770 3446 aliis
1809 3393 2036 3450 Psalmis

456 3476 680 3542 dicitur,
718 3477 1164 3546 quemadmodum
1211 3479 1261 3534 in
1307 3481 1396 3535 illo
1425 3482 1514 3550 qui
1545 3482 1712 3536 dicit:
1739 3481 1953 3554 Vespere
1987 3495 2035 3540 et

459 3585 604 3620 inane
630 3578 676 3621 et
703 3568 908 3623 meridie
933 3571 1150 3624 narrabo
1181 3582 1226 3625 et
1261 3575 1570 3627 annuntiabo
1597 3574 1765 3644 (Psal.
1795 3579 1885 3630 54.
1917 3578 2030 3649 18).

458 3658 526 3712 Et
555 3675 758 3724 rursus,
790 3657 932 3713 Tuus
957 3669 1029 3714 est
1055 3661 1181 3725 dies,
1209 3671 1257 3715 et
1286 3672 1374 3715 tua
1399 3674 1470 3716 est
1491 3681 1591 3718 nox
1615 3664 1782 3737 (Psal.
1806 3668 2028 3740 73.416).

456 3750 523 3804 Et
551 3765 734 3804 rursus
751 3790 768 3816 ,
807 3749 1021 3822 Vespere
1049 3752 1390 3807 demorabitur
1425 3756 1574 3824 ﬂetus
1597 3798 1611 3820 ,
1639 3767 1684 3810 et
1712 3759 1764 3811 in
1790 3762 2032 3816 matutino

456 3840 723 3895 exsultatio
765 3841 932 3912 (Psal.
977 3843 1067 3898 29.
1113 3844 1203 3915 6),
1248 3855 1303 3900 et
1347 3848 1499 3901 multi
1544 3860 1765 3918 possunt
1808 3852 2032 3910 inveniri

459 3932 655 3987 Psalmi
683 3935 771 4002 qui
803 3940 1101 4004 vespertino
1133 3938 1354 4007 tempori
1395 3941 1730 3994 conveniant.
1762 3942 1875 3997 Non
1905 3959 2030 4015 ergo

458 4033 735 4093 propterea
780 4023 922 4080 hunc
968 4026 1232 4081 Psalmum
1280 4029 1630 4085 decreverunt
1673 4044 1884 4101 patres,
1936 4036 2031 4090 sed

423 4096 426 4099 l
453 4124 718 4184 tamquam
750 4116 979 4170 salutare
1001 4118 1212 4187 aliquod
1243 4118 1583 4188 pltartnacum
1613 4132 1667 4176 et
1695 4135 2029 4192 peccatorum

455 4209 744 4278 piaculum,
766 4219 823 4263 ut
847 4211 891 4264 is
919 4210 1205 4275 diceretur,
1233 4214 1644 4281 constituerunt,
1678 4226 1733 4270 ut
1757 4233 2028 4285 quarcum-

456 4317 559 4369 que
585 4301 770 4356 sordes
795 4313 886 4356 aut
911 4304 1130 4357 maculre
1161 4305 1352 4360 fuerint
1375 4323 1404 4360 a
1428 4307 1579 4362 nobis
1603 4319 1712 4364 toto
1737 4310 1823 4366 die
1851 4327 2031 4368 susce-

454 4401 558 4458 ptae
583 4431 598 4454 ,
637 4390 763 4444 dum
792 4393 874 4446 vel
905 4392 955 4446 in
997 4391 1148 4459 foro,
1179 4397 1262 4450 vel
1291 4395 1468 4461 domi,
1500 4399 1584 4452 vel
1614 4400 1666 4453 iu
1695 4416 2029 4474 quocumque

449 4480 556 4533 alio
583 4481 700 4534 loco
727 4496 1034 4546 versamur,
1065 4499 1157 4540 eas
1181 4500 1301 4540 cum
1331 4487 1397 4542 ad
1427 4503 1701 4558 vesperum
1729 4495 2032 4561 perveneri-

451 4585 603 4637 mus,
649 4586 745 4640 per
786 4574 1057 4641 Spirituale
1101 4574 1202 4630 boc
1244 4593 1457 4632 carmen
1502 4581 1883 4652 abstergamus.
1932 4585 2028 4639 Est

450 4661 592 4715 enim
618 4662 1060 4719 medicamentum
1086 4667 1226 4736 quod
1255 4667 1394 4723 delet
1421 4669 1534 4725 haec
1553 4675 1749 4727 omnia.
1779 4673 1924 4730 'l‘alis
1946 4686 2029 4730 est

449 4751 610 4806 etiam
667 4751 908 4809 Psalmus
955 4759 1243 4811 matutinus
1277 4777 1292 4813 :
1326 4759 1456 4816 nihil
1508 4763 1648 4817 enim
1701 4773 1843 4818 vetat
1889 4767 2025 4821 illius

451 4856 661 4911 quoque
690 4843 919 4899 breviter
956 4847 1280 4904 meminisse.
1313 4854 1570 4907 Accendit
1597 4855 1737 4909 enim
1776 4857 1828 4910 in
1861 4858 2022 4913 Deum

449 4934 801 4998 desiderium,
852 4947 904 4989 et
943 4939 1176 4992 animum
1205 4942 1436 5007 excitat,
1481 4959 1544 4998 ac
1571 4955 1844 5017 postquam
1873 4950 2025 5005 Valde

449 5022 809 5089 inllannnavit,
842 5043 1135 5098 magnaque
1155 5031 1384 5100 replevit
1409 5034 1586 5089 laetitia
1613 5045 1666 5090 et
1687 5039 1928 5101 caritate,
1953 5041 2022 5096 ita

448 5116 705 5182 permittit
731 5119 1004 5173 accedere.
1037 5119 1323 5178 Videamus
1358 5133 1533 5179 autem
1577 5126 1840 5183 undenam
1889 5131 2021 5185 inci-

445 5205 573 5274 piat,
593 5215 646 5258 et
667 5206 788 5274 quid
817 5223 913 5261 nos
939 5208 1128 5264 doceat
1150 5229 1162 5264 :
1185 5211 1339 5277 Deus,
1357 5213 1493 5269 Deus
1512 5234 1666 5283 meus,
1694 5221 1761 5272 ad
1780 5232 1824 5274 te
1839 5222 1901 5274 de
1917 5223 2025 5275 luce

444 5297 613 5367 vigilo.
629 5298 799 5352 Silivit
815 5311 860 5354 te
875 5303 1045 5354 anima
1061 5320 1170 5357 mea
1183 5305 1350 5373 (Psal.
1373 5307 1458 5361 62.
1483 5311 1556 5381 1).
1579 5311 1736 5368 Vides
1757 5320 2022 5385 quomodo

446 5389 676 5443 ostendit
719 5392 935 5446 verbum
980 5394 1287 5450 inﬂammati
1337 5400 1535 5454 animi?
1579 5401 1678 5458 Ubi
1723 5417 1807 5461 est
1844 5419 2021 5464 autem

445 5494 595 5532 amor
615 5479 728 5544 Dei,
747 5485 922 5538 omnia
946 5485 1082 5539 mala
1111 5488 1397 5544 recedunt:
1418 5492 1503 5546 ubi
1527 5502 1612 5548 est
1630 5496 1719 5551 Dei
1743 5501 2019 5569 memoria,

445 5569 551 5627 illic
578 5583 663 5628 est
707 5588 1044 5644 peccatorum
1081 5579 1300 5649 oblivio,
1351 5593 1405 5638 et
1450 5587 1710 5642 malorum
1754 5590 1997 5648 interitu.°

501 5774 579 5836 (α)
611 5782 691 5825 tuo
715 5777 922 5829 Psalmus
944 5782 1170 5844 quotidie
1186 5784 1478 5837 recitabatur
1502 5792 1773 5842 anticcbiac.

1217 341 1271 398 S.
1311 341 1582 401 JOANNIS
1621 341 2093 399 CHRYSOSTOMI
2131 343 2446 403 ARCHIEP.
2487 346 3018 411 CONSTANTINOP.

3656 369 3760 428 £18

2171 457 2262 514 Sic
2284 461 2336 514 in
2356 472 2528 518 sancto
2550 468 2769 536 apparui
2795 467 2902 536 tibi,
2939 480 2995 526 ut
3021 472 3240 528 viderem
3270 474 3501 533 virtutem
3521 489 3680 547 tuam,
3704 495 3756 538 es

2171 551 2389 622 gloriam
2414 563 2553 608 tuam
2581 555 2749 629 (Psal.
2773 559 2863 615 62.
2886 559 2961 633 ὅ).
2981 561 3115 630 Quid
3146 574 3255 630 est,
3290 566 3381 623 Sic
3397 568 3424 622 .9
3449 569 3582 626 Cum
3611 573 3710 629 hoc
3731 617 3747 637 .

2171 641 2360 712 inquit,
2385 644 2670 715 desiderio,
2693 664 2812 705 cum
2841 651 2939 709 hac
2962 654 3268 724 dilectione,
3293 671 3354 713 ut
3375 659 3582 718 videam
3609 672 3752 720 tuam

2167 734 2413 804 gloriam,
2437 754 2554 808 qua:
2581 750 2757 808 potest
2782 743 2978 812 ubique
3003 746 3192 802 videri.
3234 749 3340 806 Sed
3371 767 3440 808 ne
3463 768 3530 808 eo
3556 756 3645 826 qui
3671 766 3754 812 est

2168 841 2277 896 prae
2321 830 2568 886 manibus
2614 833 2840 902 relicto,
2889 835 3051 892 alium
3098 839 3271 896 obiter
3322 843 3747 914 introducamus,

2168 920 2480 976 transmisso
2506 922 2746 981 auditore
2769 924 2846 999 (α)
2873 928 2940 983 ad
2969 944 3030 985 ea
3060 945 3180 1002 qua:
3208 931 3276 989 de
3304 934 3396 990 illo
3417 935 3558 992 dicta
3586 950 3746 1008 sunt,

2163 1007 2230 1063 ad
2257 1025 2319 1064 ea
2348 1026 2469 1081 qua:
2497 1022 2623 1068 sunt
2650 1015 2804 1070 nobis
2831 1020 3096 1089 proposita
3127 1023 3466 1082 accedamus.

2235 1099 2438 1155 Clamor
2480 1104 2532 1157 in
2573 1120 2719 1158 sacra
2757 1107 3026 1176 Scriptura
3067 1113 3229 1181 quid;
3251 1115 3444 1172 clamor
3466 1120 3651 1176 cordis.
3679 1151 3750 1163 —

2166 1191 2301 1259 Quid
2353 1191 2438 1248 hic
2487 1210 2616 1266 ergo
2658 1196 2822 1252 dicit?
2853 1198 3084 1264 Domine,
3131 1204 3343 1261 clamavi
3374 1208 3443 1262 ad
3467 1219 3530 1275 te,
3562 1215 3747 1266 exaudi

2160 1298 2260 1336 me.
2289 1282 2445 1350 Quid,
2479 1301 2680 1355 qua-so,
2709 1287 2879 1342 dicis?
2909 1293 3159 1359 quoniam
3187 1295 3448 1366 clamasti,
3476 1301 3557 1355 vis
3585 1318 3746 1358 exau-

2158 1371 2280 1436 diri,
2303 1384 2356 1428 et
2384 1390 2502 1430 eam
2533 1377 2691 1432 atl‘ers
2714 1378 2916 1449 justam
2943 1397 3169 1440 causam
3195 1403 3290 1444 cur
3318 1393 3744 1452 exaudiaris?lis

2158 1478 2284 1534 ergo
2309 1467 2397 1535 qui
2422 1483 2611 1538 magna
2640 1481 2694 1524 et
2718 1472 3016 1530 vehementi
3039 1491 3168 1533 voce
3197 1479 3511 1554 intensaque
3541 1490 3741 1555 pncditt

2157 1565 2299 1621 sunt,
2322 1571 2456 1626 Opus
2486 1560 2742 1617 est?Sed
2792 1562 2895 1619 hoc
2949 1565 3109 1624 fuerit
3153 1585 3183 1624 a
3234 1575 3439 1630 ratione
3490 1578 3740 1636 alienum.

2157 1643 2291 1712 Quid
2313 1647 2454 1702 enim
2471 1652 2707 1717 peccavit
2731 1654 2820 1721 qui
2849 1665 2931 1710 est
2959 1672 3117 1725 parva
3148 1669 3203 1716 et
3228 1664 3354 1718 exili
3370 1681 3522 1732 voce,
3548 1670 3739 1725 tardato

2156 1751 2261 1804 que
2281 1746 2335 1791 et
2361 1738 2714 1808 impeditioris
2738 1743 3167 1815 linguaa?Nonne
3189 1752 3308 1808 talis
3331 1765 3442 1809 erat
3473 1757 3663 1824 Moses,
3686 1773 3740 1816 et

2157 1830 2274 1896 plus
2300 1844 2459 1898 quam
2482 1847 2669 1886 omnes
2694 1836 3118 1895 exaudiebatur?
3147 1856 3324 1899 nonne
3343 1845 3512 1904 Judazi
3538 1850 3736 1907 clama-

2157 1919 2287 1974 bant
2340 1923 2460 1992 plus
2505 1942 2662 1995 quam
2710 1944 2915 1997 omnes,
2945 1934 3037 1988 sed
3072 1936 3214 1993 Deus
3250 1954 3438 1996 eorum
3493 1945 3740 2014 precibus

2153 2027 2258 2065 non
2299 2015 2520 2068 annuit?
2546 2017 2731 2088 Magna
2775 2022 2919 2078 enim
2958 2025 3042 2079 vel
3072 2027 3196 2082 exili
3227 2044 3356 2084 voce
3396 2047 3516 2088 esse
3550 2036 3738 2104 prtedi-

2113 2141 2119 2148 .
2153 2111 2288 2166 tum,
2321 2116 2439 2157 sunt
2461 2116 2662 2162 naturze
2687 2114 2962 2167 commoda
2989 2124 3041 2170 et
3071 2117 3424 2175 incommoda.
3459 2123 3534 2178 Ea
3560 2135 3738 2182 autem

2153 2209 2260 2246 non
2292 2194 2487 2249 faciunt
2517 2208 2575 2251 ut
2603 2200 2686 2253 vel
2725 2203 3035 2270 audiamur,
3068 2207 3147 2260 vel
3186 2224 3290 2263 non
3332 2212 3647 2282 audiamur,
3680 2226 3738 2272 ut

2151 2301 2380 2355 quaenec
2395 2287 2550 2357 digna
2569 2291 2675 2344 sint
2691 2308 2807 2361 quze
2828 2295 2911 2349 vel
2941 2297 3223 2354 laudentur
3239 2302 3320 2356 vel
3350 2304 3730 2375 vituperentur.

2150 2379 2308 2433 Multa
2329 2381 2468 2434 enim
2497 2391 2699 2438 naturae
2726 2388 3004 2442 commoda
3032 2390 3224 2446 adsunt
3253 2395 3415 2449 etiam
3440 2398 3734 2453 sceleratis.

2149 2475 2342 2530 Annon
2390 2489 2506 2534 erat
2539 2483 2762 2549 pulcher
2787 2495 2842 2540 et
2882 2487 3148 2544 formosus
3185 2492 3453 2560 Absalou,
3486 2503 3541 2550 et
3569 2513 3733 2568 usque

2148 2567 2212 2619 ad
2240 2572 2460 2638 capillos
2486 2574 2674 2641 capitis
2691 2578 3056 2648 porrigebatur
3082 2581 3198 2650 ejus
3217 2586 3460 2656 corporis
3488 2567 3732 2656 Species?

2147 2655 2280 2721 Quid
2304 2673 2480 2716 autem
2500 2662 2522 2714 ?
2544 2679 2721 2719 annon
2752 2678 2865 2721 erat
2888 2671 3070 2725 calvus
3099 2655 3330 2731 Eliszeus
3351 2718 3364 2740 ,
3395 2686 3454 2731 ut
3477 2655 3638 2734 etiam
3664 2681 3731 2734 ri-

2147 2746 2358 2804 deretur
2381 2768 2408 2805 a
2439 2755 2652 2823 pueris?
2673 2756 2776 2811 Sed
2796 2775 2892 2814 nec
2911 2761 3059 2816 illum
3078 2764 3514 2837 quidquamjuvit
3536 2771 3732 2838 forma,

2148 2854 2245 2893 nec
2267 2839 2408 2895 hunc
2439 2844 2574 2899 hesit
2599 2845 2932 2922 deformitas.
2990 2851 3057 2906 Et
3081 2855 3206 2924 quid
3240 2855 3360 2912 dico
3380 2874 3504 2914 eum
3528 2863 3616 2930 qui
3646 2871 3728 2918 te-

2146 2931 2235 2984 nui
2272 2942 2325 2985 et
2351 2935 2473 2989 exili
2500 2953 2647 3004 voce,
2682 2939 3036 3011 tardiorisque
3061 2946 3480 3016 etimpeditioris
3507 2952 3726 3023 linguae,

2143 3036 2267 3077 cum
2294 3027 2378 3080 vel
2402 3035 2585 3086 tacens
2611 3033 2885 3091 audiretur
2912 3034 3105 3104 Moses,
3147 3049 3200 3093 et
3225 3043 3381 3097 Anna
3411 3044 3628 3099 minime
3655 3047 3730 3099 ln-

2142 3117 2350 3182 quens?
2377 3117 2592 3177 Judzeos
2621 3124 2896 3198 alloquens
2929 3127 3069 3189 Deus
3105 3129 3318 3187 dicebat
3349 3150 3362 3186 :
3394 3133 3456 3189 Si
3477 3138 3729 3208 multipli-

2142 3213 2262 3261 celis
2290 3212 2604 3282 oralionem,
2632 3233 2733 3271 non
2761 3223 3030 3276 exaudiam
3077 3237 3164 3278 tios
3203 3221 3354 3294 (Isai.
3387 3225 3580 3299 1.15).
3619 3227 3729 3283 Cur

2142 3295 2229 3353 hic
2251 3315 2378 3371 ergo
2402 3302 2564 3371 dicit,
2601 3305 2828 3364 Clamavi
2853 3313 2921 3365 ad
2949 3323 3013 3379 te,
3054 3315 3244 3370 exaudi
3278 3318 3397 3371 me?
3423 3295 3728 3374 Clamorem

2141 3389 2228 3446 hic
2259 3392 2388 3449 dicit
2419 3395 2690 3455 internum
2713 3443 2729 3468 ,
2761 3419 2922 3474 quem
2957 3422 3052 3463 cor
3080 3408 3467 3484 inﬂammatum
3497 3413 3724 3480 peperit,

2140 3491 2193 3537 et
2209 3487 2468 3543 contritus
2496 3491 2726 3559 animus,
2761 3510 2865 3564 quo
2903 3513 3024 3554 cum
3047 3501 3302 3558 clamaret
3327 3501 3529 3576 Moses,
3559 3520 3726 3558 exau-

2139 3571 2401 3630 diebatur.
2430 3578 2887 3644 Quemadmodum
2919 3590 3063 3644 enim
3091 3593 3181 3661 qui
3207 3573 3420 3662 clamat,
3440 3593 3580 3648 vires
3602 3610 3728 3650 suas

2138 3664 2416 3734 exhaurit,
2450 3670 2518 3725 ita
2543 3674 2702 3728 etiam
2730 3677 2820 3746 qui
2855 3681 3018 3736 corde
3046 3682 3259 3751 clamat,
3283 3666 3463 3744 totam.
3488 3698 3728 3758 mentem

2139 3773 2286 3812 suam
2316 3764 2602 3818 convertit.

2208 3848 2264 3905 2.
2303 3849 2488 3908 Talem
2529 3870 2656 3926 ergo
2702 3857 2989 3916 clamorem
3029 3863 3170 3922 Deus
3207 3870 3460 3940 requirit,
3497 3848 3589 3948 qui
3617 3884 3712 3926 cor

2136 3951 2413 3996 convertat
2439 3984 2454 4007 ,
2483 3960 2587 3999 non
2619 3946 2761 4003 sinat
2788 3951 3048 4021 oscitare,
3077 3971 3176 4011 nec
3194 3971 3476 4017 canentem
3497 3946 3609 4024 alid
3636 3961 3716 4014 di-

2138 4041 2364 4088 vertere.
2396 4035 2512 4090 Non
2549 4038 2725 4096 solum
2767 4051 2945 4099 autem
2981 4049 3172 4117 quterit
3205 4051 3364 4106 talem
3387 4054 3680 4113 clamorem
3705 4093 3720 4116 .

2136 4125 2229 4179 sed
2257 4127 2414 4180 etiam
2463 4139 2520 4182 ut
2567 4131 2678 4200 ipse
2723 4145 2924 4190 oretur.
2954 4138 3091 4194 Sunt
3115 4141 3256 4195 enim
3287 4145 3438 4198 multi
3460 4147 3547 4216 qui
3576 4129 3724 4216 satiant

2135 4215 2385 4282 quidem,
2419 4219 2482 4272 ad
2515 4219 2681 4275 Deum
2719 4232 2896 4279 autem
2923 4242 3029 4282 non
3056 4229 3320 4296 clamant,
3345 4235 3438 4289 sed
3482 4215 3725 4292 labia\ad

2136 4303 2301 4358 Deum
2341 4307 2573 4363 clamant
2617 4323 2672 4365 et
2697 4327 2889 4369 nomen
2923 4317 3014 4371 Dei
3042 4319 3454 4391 circumferunt,
3483 4337 3538 4381 at
3563 4308 3724 4418 melus

2136 4394 2263 4418 .-ειη
2313 4399 2465 4418 ,1,--.ξι
2524 4416 2570 4418 μ-
2919 4407 2951 4418 ι.
3236 4413 3258 4418 Α
3311 4415 3321 4418 -
3360 4415 3370 4418 -

2134 4394 2266 4450 nihil
2311 4399 2473 4452 sentit
2514 4416 2700 4457 eorum
2738 4421 2854 4474 qua:
2899 4407 3166 4466 dicuntur.
3224 4413 3322 4482 Qui
3356 4415 3427 4470 ita
3456 4433 3517 4473 se
3554 4394 3691 4489 gerit1

2134 4500 2241 4539 non
2266 4488 2479 4556 clamat,
2510 4491 2608 4545 etsi
2635 4495 2864 4552 maxime
2889 4499 3208 4557 vociferetur
3229 4521 3244 4570 ;
3267 4507 3356 4576 qui
3377 4508 3447 4562 ita
3469 4523 3529 4566 se
3552 4488 3709 4582 gerit,

2135 4577 2298 4632 Deum
2330 4597 2432 4634 non
2454 4592 2592 4649 orat,
2621 4587 2720 4640 etsi
2757 4590 2986 4646 maxime
3013 4593 3252 4651 videatur
3279 4613 3452 4655 orare.
3484 4577 3577 4657 Atv
3604 4620 3709 4658 non

2133 4674 2202 4728 ita
2232 4677 2424 4744 Moses,
2450 4679 2543 4734 sed
2572 4681 2854 4751 clamabat,
2876 4695 2930 4740 et
2950 4691 3330 4750 exaudiebatur
3353 4711 3369 4760 ;
3393 4704 3446 4750 et
3473 4696 3590 4751 ideo
3610 4699 3657 4754 ei
3679 4713 3709 4752 a

2134 4766 2243 4821 Deo
2278 4767 2471 4823 dicitur
2493 4811 2506 4834 ,
2535 4770 2635 4825 Cur
2657 4773 2725 4826 ad
2751 4791 2828 4828 me
2853 4777 3044 4833 clamas
3070 4779 3262 4851 (Exod.
3294 4786 3380 4840 N.
3416 4787 3551 4857 15)?
3594 4788 3712 4845 Non

2130 4858 2301 4912 Solum
2329 4871 2506 4915 autem
2542 4863 2798 4934 clamans,
2826 4867 2920 4922 sed
2961 4870 3122 4925 etiam
3160 4880 3342 4929 tacens
3385 4875 3708 4946 impetravit,

2130 4965 2247 5017 quae
2277 4952 2463 5018 voluit,
2507 4960 2566 5007 ut
2607 4955 2696 5024 qui
2734 4971 2794 5011 se
2841 4957 3058 5027 dignum
3098 4964 3432 5033 prarbuisset,
3455 4979 3572 5023 uta
3600 4970 3709 5026 Deo

2129 5042 2487 5095 exaudiretur.
2528 5045 2678 5111 Quod
2708 5046 2752 5102 si
2777 5049 2859 5104 vis
2885 5052 3043 5107 etiam
3083 5055 3261 5110 videre
3301 5064 3710 5127 peccatoresin-

2132 5140 2278 5186 tense
2299 5144 2352 5186 et
2380 5135 2726 5194 vehementer
2751 5151 2988 5209 orantes,
3015 5160 3308 5217 magnaque
3330 5167 3458 5207 voce
3474 5154 3706 5208 claman-

2131 5233 2209 5277 tes
2229 5267 2243 5289 ,
2276 5235 2329 5279 et
2359 5229 2733 5299 impetrantes,
2765 5234 2885 5290 vide
2915 5238 3250 5294 meretricem
3278 5257 3398 5310 quae
3418 5245 3610 5300 clamat
3637 5247 3708 5300 si-
3759 5229 3769 5286 ἶ

2131 5314 2294 5369 lentio
2324 5316 2472 5384 (Luc.
2503 5321 2554 5372 7.
2585 5321 2677 5390 58)
2704 5340 2715 5375 :
2750 5323 2868 5381 vide
2895 5327 3232 5396 publicanum
3261 5333 3347 5401 qui
3380 5349 3407 5387 a
3443 5337 3552 5390 sola
3583 5354 3706 5392 ora-

2131 5408 2274 5461 tione
2315 5409 2410 5462 luit
2452 5409 2770 5479 justiﬁcatus
2801 5414 2951 5483 (Luc.
2978 5418 3062 5472 18.
3101 5420 3190 5474 15.
3237 5420 3348 5492 14).
3380 5424 3475 5478 Hie
3499 5443 3710 5496 quoque

2133 5498 2223 5552 tali
2253 5501 2483 5554 clamore
2506 5502 2705 5569 utitur,
2735 5514 2788 5560 et
2817 5506 2935 5561 ideo
2961 5507 3106 5574 dicit,
3137 5510 3371 5580 Domine,
3399 5516 3611 5570 clamavi
3639 5520 3708 5572 ad

3693 4425 3776 4902 ᾖ

2194 5614 2265 5685 (ις)
2299 5615 2414 5664 Hinc
2437 5618 2656 5685 arguitur
2675 5619 3436 5685 CbrysostomumExpositionem
3453 5628 3620 5679 Psalmi
3642 5632 3706 5681 62

2131 5675 2361 5752 edidisse,
2379 5675 2611 5752 quae-jam
2633 5692 2726 5748 nou
2750 5675 2928 5752 exstat.
2955 5682 3070 5752 Illud
3107 5675 3222 5752 vero
3255 5701 3364 5736 cum
3389 5675 3704 5752 aliis-quibus:

2129 5738 2235 5784 dam
2258 5738 2555 5812 argumentis
2581 5741 2884 5810 conjunetum
2921 5749 3089 5806 probat
3114 5747 3246 5797 illum
3290 5738 3623 5812 Expositidues

2131 5806 2280 5847 totum
2305 5800 2584 5851 Psalterium
2610 5804 2844 5852 emisisse.
