4070 6340
336 388 440 444 6⁸29

336 514 400 566 te,
426 498 610 556 exaudi
631 513 708 554 me
734 511 749 552 .'
773 507 824 552 et
849 495 965 551 idec
998 503 1147 564 rogat
1173 503 1230 547 ut
1250 491 1511 547 audiatur.
1555 491 1681 546 Cum
1719 492 1907 545 clama-

335 608 446 646 vero
464 593 530 644 ad
548 602 611 645 te.

409 685 585 739 Oratio
618 700 651 736 a
695 681 802 736 Deo
845 679 1074 734 exaudiri
1107 679 1260 748 digna
1308 693 1436 748 quis.
1467 707 1538 716 —
1568 676 1701 730 Vide
1753 675 1910 728 etiam

335 775 492 828 aliam
532 775 779 826 virtutem
809 771 1083 824 orationis.
1115 769 1228 838 Non
1259 767 1399 821 enim
1421 776 1567 835 rogat
1598 766 1718 820 ideo
1747 780 1913 820 exau-

334 868 457 932 diri,
485 866 622 937 quod
654 880 846 933 magno
871 873 924 918 et
949 861 1249 917 vehementi
1273 859 1445 913 studio
1471 867 1606 922 oret,
1637 856 1728 912 sed
1755 858 1914 911 etiant

335 973 399 1010 ex
425 972 491 1011 eo
515 955 655 1026 quod
683 955 840 1008 talem
864 952 1053 1006 offerat
1078 951 1372 1004 orationem
1397 991 1412 1014 ,
1443 960 1498 1002 ut
1523 949 1680 1017 digna
1703 950 1771 1002 sit
1789 962 1916 1001 ocu-

337 1049 403 1102 lis
425 1049 547 1111 illis,
578 1061 790 1115 semper
811 1045 1170 1114 vigilantibus.
1205 1042 1460 1108 Qumnam
1505 1051 1679 1094 autem
1703 1055 1766 1094 ea
1794 1038 1915 1092 est?

333 1139 465 1194 Cum
494 1138 610 1208 quis
637 1152 743 1191 non
773 1137 912 1191 male
955 1143 1201 1205 precatur
1229 1132 1456 1186 inimicis
1475 1173 1489 1196 ,
1518 1146 1641 1185 cum
1663 1145 1769 1184 non
1799 1137 1917 1183 orat

341 1245 436 1299 pro
487 1229 687 1282 divitiis
731 1237 786 1283 et
825 1226 1183 1291 facultatibus,
1213 1241 1332 1280 cum
1358 1239 1461 1278 non
1486 1239 1581 1292 pro
1608 1222 1836 1292 potentia
1863 1232 1917 1277 et

334 1322 525 1391 gloria,
557 1336 730 1390 neque
771 1334 870 1389 pro
890 1319 994 1373 ulla
1038 1334 1094 1373 re
1137 1317 1275 1371 fluxa
1305 1325 1359 1371 et
1402 1316 1640 1380 caduca;
1685 1314 1777 1369 sed
1821 1329 1915 1382 pro

335 1414 440 1467 illis
472 1413 881 1477 immortalibus,
914 1428 1031 1481 quae
1060 1425 1344 1480 numquam
1381 1409 1663 1463 intereunt.
1698 1408 1918 1472 Quwrite

335 1504 512 1568 enim,
547 1503 746 1573 inquit,
777 1519 989 1572 regnum
1017 1500 1143 1563 Dei,
1177 1509 1222 1554 et
1258 1500 1365 1553 Itazc
1395 1499 1566 1552 omnia
1611 1497 1916 1568 adjiciantur

335 1595 470 1648 vobis
493 1593 706 1666 (Matth.
728 1593 780 1650 6.
811 1593 924 1663 55).
955 1593 1078 1646 Cum
1098 1594 1377 1645 clamavero
1399 1592 1465 1644 ad
1501 1600 1566 1644 te.
1596 1590 1756 1644 Vides
1785 1605 1914 1658 quo-

338 1686 498 1740 modo
523 1686 634 1740 vult
661 1702 760 1740 nos
779 1701 992 1755 quoque
1010 1701 1132 1739 cum
1151 1699 1345 1754 magno
1374 1683 1549 1737 studio
1570 1693 1623 1737 et
1647 1682 1915 1737 alacritate

336 1778 499 1832 animi
519 1793 640 1833 eum
668 1777 898 1833 vocare?
926 1777 1136 1832 Etenim
1162 1777 1405 1830 diabolus
1427 1787 1553 1830 tunc
1581 1775 1810 1830 maxime
1837 1776 1917 1829 iu-

335 1868 575 1924 sidiatur.
603 1869 733 1935 Quia
751 1869 894 1924 enim
923 1869 1265 1924 scitmaxima
1293 1883 1443 1922 arma
1467 1883 1586 1922 esse
1612 1883 1795 1936 preces
1819 1909 1833 1932 ,
1862 1875 1916 1922 et

337 1975 436 2016 nos
483 1961 609 2017 licet
650 1963 818 2016 simus
844 1972 1154 2032 peccatores
1192 1961 1514 2030 infamiaque
1540 1970 1596 2015 et
1625 1961 1912 2030 ignominia

337 2053 537 2115 notati,
567 2054 612 2107 si
644 2062 820 2108 tamen
869 2053 1105 2122 perfecte
1147 2061 1202 2106 et
1253 2053 1343 2106 Dei
1385 2052 1588 2122 legibus
1630 2051 1915 2122 diligenter

335 2143 558 2198 servatis
577 2183 592 2210 ,
622 2159 836 2198 oremus
863 2185 877 2209 ,
906 2161 1092 2214 magna
1122 2145 1335 2199 efﬁcere
1367 2160 1380 2197 :
1415 2153 1540 2197 tunc
1570 2158 1666 2197 nos
1691 2153 1915 2198 conatur

335 2233 609 2302 impellere
637 2235 687 2288 in
722 2235 1042 2300 socordiam,
1072 2245 1124 2290 et
1147 2236 1418 2290 dimovere
1447 2245 1680 2288 nostram
1709 2236 1909 2304 cogita-

337 2325 536 2378 tionem
571 2339 584 2374 :
631 2333 691 2379 ut
732 2325 888 2380 faciat
920 2340 1019 2380 nos
1058 2327 1258 2396 absque
1298 2325 1406 2380 ullo
1447 2324 1620 2380 fructu
1661 2325 1912 2380 recedere

337 2417 405 2470 ab
432 2417 692 2471 oratione.

417 2507 646 2561 Inimicis
674 2524 774 2561 non
795 2509 924 2562 male
963 2509 1291 2579 precandum.
1317 2539 1388 2548 ——
1411 2508 1666 2576 Quocirca
1705 2516 1914 2577 oportet

338 2612 459 2664 nos,
486 2613 606 2652 cum
637 2600 748 2654 haec
775 2601 1025 2665 sciamus,
1054 2599 1310 2654 adversus
1338 2615 1458 2653 eum
1495 2611 1730 2654 nostrum
1758 2615 1908 2654 com-

335 2689 544 2744 munire
584 2691 812 2744 studium
853 2703 906 2745 et
934 2691 1293 2761 diligentiam,
1343 2701 1398 2746 et
1442 2691 1672 2745 inimicis
1716 2692 1911 2745 nostris

333 2795 616 2850 numquam
646 2783 784 2837 male
825 2786 1048 2853 precari,
1098 2785 1193 2838 sed
1245 2785 1514 2853 apostolos
1563 2785 1777 2837 imitari.
1830 2783 1910 2838 Illi

332 2875 474 2928 enim
500 2891 618 2929 cum
651 2877 790 2946 passi
816 2886 996 2932 essent
1038 2877 1175 2931 mala
1213 2877 1511 2941 innumera,
1544 2877 1596 2931 in
1641 2892 1908 2931 carcerem

335 2967 562 3035 conjecti
587 2979 785 3033 essent,
802 2979 857 3024 et
882 2970 933 3022 in
954 2979 1250 3022 extremum
1273 2968 1481 3022 adducti
1508 2969 1818 3037 periculum,
1842 2967 1908 3021 ad

337 3059 630 3113 orationem
651 3058 1044 3128 confugiebant,
1075 3059 1313 3114 dicentes
1347 3076 1358 3111 :
1392 3058 1605 3126 Respice
1633 3075 1784 3128 super
1807 3059 1908 3112 mi-

331 3164 424 3202 nas
451 3150 674 3213 ipsorum
699 3149 832 3222 (Act.
862 3151 918 3205 4.
941 3150 1057 3220 29).
1081 3151 1146 3203 Ει
1173 3149 1297 3218 quid
1323 3150 1540 3218 postea?
1567 3149 1701 3202 Num
1724 3190 1737 3214 ,
1765 3147 1907 3204 Con-

307 3237 502 3311 friuge
533 3239 695 3308 ipsos,
725 3239 809 3294 vel
838 3240 1055 3304 occide,
1083 3239 1348 3304 dicebant,
1382 3250 1442 3292 ut
1472 3239 1617 3292 multi
1654 3253 1794 3308 saepe
1822 3238 1907 3293 di-

330 3342 455 3386 cunt
483 3332 872 3402 imprecantes?
898 3331 1258 3402 Nequaquam.
1289 3331 1395 3385 Sed
1421 3331 1583 3399 quid?
1613 3329 1680 3382 Et
1709 3330 1776 3382 da
1799 3346 1908 3383 ser-

330 3423 402 3475 uis
455 3424 552 3476 tuis
610 3438 726 3476 cum
778 3423 966 3492 ﬁducia
1022 3423 1156 3492 loqui
1229 3421 1430 3475 verbum
1480 3431 1619 3474 tuum
1666 3419 1841 3492 (Ibid.
1865 3421 1903 3489 ).

331 3515 606 3581 Quomodo
631 3524 684 3569 et
737 3512 840 3585 qua
878 3515 1118 3569 ratione?
1148 3515 1198 3568 in
1247 3513 1550 3568 occidendis
1577 3513 1639 3567 iis
1665 3514 1752 3583 qui
1776 3514 1903 3568 insi-

329 3605 579 3659 diantur?
605 3607 658 3660 in
690 3606 750 3659 iis
771 3605 1011 3660 deleudis
1039 3615 1091 3660 et
1112 3605 1176 3658 ad
1203 3605 1620 3660 internecionem
1645 3620 1808 3674 usque
1833 3605 1901 3660 de

330 3696 506 3751 medio
539 3697 822 3752 tollendis?
849 3697 1086 3751 Minime.
1133 3696 1237 3751 Sed
1259 3695 1561 3766 quomodo?
1591 3693 1656 3749 In
1680 3695 1836 3766 signis
1861 3703 1908 3750 et

329 3787 571 3857 prodigiis
625 3787 870 3854 faciendis
922 3804 1010 3856 per
1044 3795 1268 3841 sanctum
1318 3784 1509 3838 Filium
1548 3794 1687 3838 tuum
1731 3785 1908 3839 Iesum

331 3874 488 3945 (Ibid.
526 3892 574 3930 υ.
606 3876 718 3946 50).
758 3877 941 3932 Vidisti
973 3877 1266 3930 orationem
1303 3878 1510 3946 plenam
1545 3875 1902 3946 philosophia,

327 3973 383 4020 et
406 3981 524 4035 qua:
554 3977 672 4034 post
698 3976 771 4020 tot
796 3975 847 4022 et
881 3977 1024 4020 tanta
1057 3968 1193 4020 mala
1220 3982 1322 4020 non
1347 3968 1572 4036 petit,ut
1589 3967 1904 4036 supplicium

328 4066 564 4110 sumatur
605 4056 672 4111 de
713 4057 975 4111 inimicis?
1027 4056 1128 4110 Sed
1168 4057 1219 4110 hi
1249 4057 1462 4126 quidem
1491 4057 1587 4121 sic,
1617 4057 1788 4112 adhuc
1830 4056 1910 4111 vi-

328 4157 514 4201 ventes
537 4157 589 4201 et
614 4147 876 4214 spirantes
905 4165 920 4200 :
951 4147 1252 4218 Stephanus
1285 4157 1482 4212 autem,
1510 4163 1628 4202 cum
1662 4163 1904 4217 praesen-

331 4240 396 4292 tis
441 4239 558 4293 vita:
587 4254 773 4294 cursus
799 4247 945 4294 esset
982 4241 1030 4294 ei
1061 4239 1560 4308 interrumpendus,
1597 4254 1702 4293 non
1734 4240 1904 4293 solum

331 4329 460 4383 nihil
489 4330 610 4383 mali
642 4331 719 4385 eis
747 4331 915 4400 petiit,
949 4329 1042 4384 sed
1071 4345 1163 4385 eos
1193 4331 1351 4384 etiam
1389 4330 1479 4400 qui
1523 4329 1830 4398 lapidabaut
1853 4339 1908 4384 et

329 4437 450 4474 eum
481 4422 873 4489 iuterimehant,
901 4423 1078 4478 studet
1107 4437 1201 4492 per
1221 4437 1369 4476 suam
1387 4423 1680 4476 orationem
1700 4424 1906 4492 eripere

329 4513 397 4566 ab
427 4513 500 4567 ira
527 4555 540 4578 ,
579 4530 696 4584 qua:
727 4523 840 4568 erat
869 4516 920 4568 in
947 4530 1041 4569 eos
1074 4525 1293 4570 ventura
1327 4525 1540 4583 propter
1566 4513 1668 4569 hoc
1715 4530 1905 4584 pecca-

328 4613 458 4670 tum,
485 4615 536 4658 et
564 4604 712 4669 dicit,
747 4603 830 4658 Ne
850 4615 1041 4659 statuas
1070 4605 1140 4660 eis
1170 4606 1261 4658 hoc
1282 4616 1534 4676 peccatum
1557 4605 1688 4677 (Act.
1716 4607 1766 4659 7.
1791 4607 1903 4678 59).

328 4698 621 4761 Quatnnam
659 4711 786 4766 ergo
811 4698 1020 4752 veniam
1056 4704 1481 4766 consequentur,
1515 4705 1568 4750 et
1592 4711 1694 4766 qua
1722 4695 1904 4751 defen-

326 4787 480 4841 sione
520 4797 760 4852 utentur,
795 4788 883 4857 qui
937 4787 1166 4842 inimicis
1219 4788 1356 4842 male
1410 4787 1728 4857 precantur?
1776 4803 1908 4857 quo-

327 4878 486 4932 modo
513 4888 688 4932 autem
712 4881 950 4934 exaudiri
981 4881 1173 4950 poterit
1201 4895 1262 4935 ea
1291 4881 1483 4946 oratio,
1511 4879 1722 4950 quando
1748 4896 1909 4950 repu-

326 4980 453 5039 gnat
481 4970 571 5024 Dei
599 4970 800 5038 legibus
823 4971 1001 5024 ?Nihil
1030 4986 1158 5040 ergo
1187 4971 1292 5026 tale
1313 4971 1571 5025 dicamus.
1589 4971 1704 5026 Non
1734 4972 1906 5026 solum

327 5061 469 5115 ettim
500 5076 604 5114 non
631 5069 713 5115 est
740 5061 879 5116 male
905 5062 1224 5131 precandum
1253 5061 1499 5126 inimicis,
1519 5061 1611 5116 sed
1642 5063 1717 5115 ira
1744 5063 1904 5116 etiam

327 5151 381 5204 in
423 5165 517 5206 eos
544 5161 798 5220 concepta
840 5160 923 5206 est
961 5152 1249 5207 auferenda
1285 5169 1297 5204 :
1329 5163 1383 5206 et
1427 5152 1546 5207 ideo
1573 5153 1701 5207 dicit
1732 5171 1744 5205 :
1781 5152 1908 5207 Volo

326 5243 460 5298 viros
498 5259 644 5296 orare
669 5244 722 5296 in
750 5245 886 5297 omni
912 5245 1018 5297 loco
1044 5286 1058 5308 ,
1082 5244 1305 5298 tollentes
1337 5261 1514 5297 manus
1559 5256 1759 5298 sanctas
1804 5245 1910 5299 sine

326 5335 405 5388 ira
430 5345 476 5389 et
500 5335 863 5406 disceptatione
887 5336 962 5406 (1.
997 5335 1128 5390 Tim.
1155 5336 1211 5390 2.
1233 5336 1308 5404 8).
1334 5336 1443 5390 Hoc
1464 5345 1565 5400 est,
1594 5336 1702 5390 Etsi
1724 5337 1793 5390 sit
1813 5335 1908 5390 tibi

329 5427 592 5493 inimicus,
626 5428 903 5498 exstingue
931 5428 1084 5490 iram,
1116 5435 1169 5482 et
1200 5427 1268 5480 ita
1288 5411 1483 5482 accede
1507 5426 1572 5480 ad
1603 5427 1906 5494 Dominum,

330 5527 386 5572 et
437 5535 541 5572 non
596 5520 766 5573 solum
813 5518 1066 5572 adversus
1096 5533 1214 5572 eum
1257 5534 1351 5572 ore
1391 5518 1523 5571 nihil
1572 5519 1792 5584 dixeris,
1816 5519 1910 5573 sed

329 5610 488 5663 etiam
519 5626 781 5680 expurges
809 5610 956 5663 virus
983 5610 1055 5663 tui
1081 5609 1267 5662 animi.
1298 5608 1354 5663 Si
1382 5608 1499 5662 talis
1520 5609 1587 5663 sit
1607 5617 1695 5663 tua
1717 5609 1907 5675 oratio,

330 5711 384 5753 et
411 5702 709 5757 vehementi
731 5701 907 5756 studio
939 5701 1102 5756 Deum
1130 5699 1495 5766 invocaveris,
1526 5700 1686 5755 etiam
1732 5699 1911 5771 prius-

331 5805 488 5861 quam
533 5793 825 5848 orationem
870 5791 1194 5862 perfeceris,
1241 5789 1561 5848 esaudieris.
1634 5790 1746 5847 Hoc
1797 5791 1910 5861 ipse

1471 374 1830 433 EXPOSITIO
1867 373 1932 430 IN
1974 375 2291 432 PSALMUM
2328 376 2464 433 CXL

3493 385 3594 442 £50

2017 507 2226 561 quoque
2269 495 2394 563 petit
2434 495 2616 550 dicens
2653 538 2667 549 .
2698 494 2908 551 Intende
2935 499 3042 551 voci
3061 498 3300 552 orationis
3329 515 3452 552 mea:
3479 517 3590 552 eum

2017 582 2294 635 clumauero
2320 585 2387 636 ad
2415 595 2480 636 te.
2511 585 2716 639 Etenim
2755 587 2918 654 ipsius
2951 589 3041 642 Dei
3066 591 3343 657 promissio
3368 600 3448 644 est
3471 607 3593 660 qua:

2019 675 2174 739 dicit,
2198 676 2380 728 Ad/tnc
2407 675 2632 746 loquente
2671 688 2715 731 te
2739 681 2926 745 dicant,
2963 680 3090 734 Ecce
3115 684 3294 736 adsum
3317 682 3468 752 (Isai.
3503 686 3590 739 58.

2019 765 2094 830 9).
2142 766 2196 819 2.
2224 765 2486 837 Dirigatur
2505 770 2665 820 oratio
2687 787 2794 822 mea
2821 772 2948 823 sicut
2971 771 3228 826 incensum
3253 774 3305 826 in
3326 785 3590 843 conspectu

2021 867 2124 908 tuo.
2158 856 2306 909 Alius
2329 899 2349 922 ,.
2373 857 2638 911 Statuatur
2663 863 2820 912 oratio
2850 877 2958 913 nica
2995 862 3120 914 sicut
3143 863 3396 917 incensum
3426 881 3593 917 coram

2020 958 2066 1001 te
2087 950 2179 1020 (α).
2211 951 2372 1013 Alius,
2399 951 2736 1019 Praeparetur.
2761 952 2983 1007 Elevatio
3005 973 3242 1010 manuum
3264 974 3486 1011 mearum
3509 975 3595 1013 δας

2021 1043 2263 1108 criﬁcium
2294 1045 2648 1111 vespertinum.
2683 1046 2832 1098 Alius
2852 1086 2866 1110 ,
2901 1045 3103 1100 Donum
3131 1065 3366 1117 vespera.
3397 1051 3549 1103 Alius
3571 1091 3590 1114 ,

2024 1132 2222 1186 Oblatio
2251 1136 2545 1203 vespertina.

2089 1225 2286 1277 Altaria
2311 1227 2411 1280 duo
2437 1226 2787 1298 Jerosolymts.
2810 1259 2879 1270 —
2901 1229 3035 1295 Quid
3069 1246 3163 1284 nos
3193 1234 3375 1287 volens
3400 1234 3594 1289 docere

2021 1317 2278 1386 propheta
2341 1317 2576 1386 loquitur
2626 1320 2692 1373 dc
2734 1318 2993 1374 sacriﬁcio
3048 1323 3390 1390 vespertino?
3430 1325 3595 1378 Erant

2025 1409 2150 1463 olim
2190 1410 2296 1462 duo
2321 1411 2523 1470 altaria,
2553 1428 2712 1464 unum
2736 1428 2942 1467 aeneum
2964 1455 2977 1476 ,
3005 1415 3226 1468 alterum
3256 1430 3496 1470 aureum.
3529 1417 3596 1472 Et

2021 1499 2146 1554 illud
2176 1500 2388 1570 quidem
2414 1512 2530 1555 erat
2561 1503 2843 1570 publicum,
2875 1505 3118 1559 ommbus
3162 1506 3270 1559 fere
3311 1507 3469 1560 tutius
3492 1523 3591 1578 pu-

2020 1591 2123 1659 puli
2157 1591 2344 1645 hostiis
2369 1592 2666 1659 expositum
2697 1593 2836 1648 :hoc
2867 1604 3040 1647 autem
3074 1597 3232 1648 situm
3261 1607 3374 1650 erat
3400 1597 3595 1667 inadv-

2020 1681 2105 1744 tis,
2134 1691 2187 1734 et
2206 1681 2337 1734 intra
2369 1681 2564 1734 velum.
2591 1685 2762 1752 Atque
2788 1684 2925 1737 adeo
2948 1695 3002 1737 ut
3031 1702 3147 1753 qtne
3178 1703 3206 1737 a
3233 1687 3381 1739 nubis
3403 1689 3591 1742 dicun-

2020 1780 2104 1823 lur
2151 1772 2257 1824 sint
2307 1771 2552 1836 clariora,
2590 1774 2899 1827 conabimur
2947 1776 3122 1844 potius
3159 1777 3226 1829 ab
3283 1778 3397 1846 ipso
3444 1779 3594 1833 initio

2016 1861 2211 1916 ducere
2235 1864 2546 1916 orationem.
2590 1862 2710 1918 Fuit
2744 1864 2868 1918 olim
2895 1867 3031 1934 apud
3058 1866 3271 1922 Iudaeos
3299 1869 3589 1938 templum,

2018 1953 2232 2023 longum
2263 1954 2475 2022 quidem
2503 1955 2848 2025 quadraginta
2891 1957 3120 2023 cubitos,
3151 1960 3314 2012 latum
3359 1976 3484 2014 vero
3512 1962 3598 2014 vi-

2016 2045 2166 2113 ginti.
2220 2046 2384 2113 Hujus
2415 2047 2752 2115 longitudinis
2779 2048 2962 2101 decem
2997 2049 3137 2103 intus
3177 2051 3335 2104 ablati
3372 2053 3590 2107 interci-

2017 2137 2295 2204 piehautur
2317 2138 2499 2204 cubiti,
2520 2145 2576 2192 et
2602 2138 2742 2208 quod
2771 2147 2884 2192 erat
2914 2139 3282 2209 interceptum,
3304 2143 3590 2198 vocabatur

2015 2230 2207 2283 Sancta
2249 2239 2550 2284 sanctorum
2586 2249 2598 2283 :
2636 2234 2773 2300 quod
2821 2241 2934 2286 erat
2961 2243 3135 2287 autem
3175 2245 3354 2301 extra,
3396 2237 3588 2292 Sancta

2017 2328 2240 2373 tantum.
2273 2323 2414 2374 Auro
2443 2331 2618 2376 autem
2647 2324 2824 2377 omnia
2846 2326 3199 2380 collucebant.

2086 2413 2137 2465 5.
2181 2411 2424 2466 Nonnulli
2454 2428 2578 2468 vero
2600 2414 2845 2470 dixerunt
2873 2432 3176 2485 supremam
3205 2434 3414 2488 quoque
3445 2421 3586 2474 illam

2015 2505 2215 2558 trabem
2262 2504 2423 2558 fuisse
2452 2521 2687 2560 auream.
2742 2507 2853 2560 lluc
2899 2507 3045 2561 solus
3073 2508 3304 2577 pontifex
3334 2511 3500 2564 semel
3534 2513 3586 2566 in

2013 2612 2153 2650 anno
2180 2596 2575 2661 iugrediehatur
2606 2613 2620 2648 :
2652 2597 2757 2650 illic
2779 2606 2831 2652 et
2859 2613 2981 2652 arca
3011 2599 3109 2652 sita
3133 2610 3274 2663 erat,
3305 2610 3356 2653 et
3385 2601 3588 2654 Cheru-

2014 2689 2120 2741 bim
2148 2706 2160 2740 :
2193 2689 2300 2742 illic
2327 2693 2484 2743 etiam
2517 2690 2688 2743 stabat
2724 2690 2888 2743 altare
2921 2706 3160 2756 aureum,
3193 2693 3243 2745 in
3271 2708 3374 2761 quo
3399 2692 3590 2746 offere-

2014 2780 2168 2833 batur
2206 2781 2498 2843 incensmn,
2530 2781 2595 2833 ad
2646 2781 2771 2833 nihil
2824 2781 2966 2835 aliud
3017 2791 3292 2851 paratmn,
3319 2799 3475 2851 quam
3519 2783 3586 2835 ad

2011 2874 2181 2926 solum
2207 2873 2490 2942 thymiama
2519 2887 2612 2926 seu
2635 2873 2884 2926 snflitum.
2912 2873 3020 2927 Hoc
3040 2885 3214 2927 autem
3240 2874 3396 2927 ﬁebat
3419 2875 3585 2929 senth

2012 2964 2064 3018 in
2093 2979 2248 3020 anno.
2294 2964 2346 3016 In
2371 2973 2600 3018 externo
2623 2979 2749 3034 ergo
2779 2965 2974 3034 templo
3008 2975 3121 3019 erat
3163 2965 3328 3020 altare
3353 2982 3581 3030 :eucum,

2011 3055 2063 3109 in
2104 3070 2209 3124 quo
2237 3055 2473 3124 quotidie
2503 3055 2824 3110 offerebatur
2869 3071 3037 3125 agnus
3061 3065 3115 3110 et
3151 3057 3580 3111 comburebatur.

2011 3146 2124 3200 lloc
2149 3146 2511 3215 appellabatur
2537 3147 2896 3214 vespertinum
2922 3146 3234 3200 sacrilicium
3264 3163 3276 3198 :
3314 3148 3582 3202 erateuim

2009 3239 2166 3294 etiam
2199 3239 2532 3304 matutinum,
2555 3249 2608 3293 et
2630 3239 2709 3292 bis
2739 3239 2788 3292 in
2815 3239 2903 3293 die
2922 3238 3199 3309 oportebat
3217 3239 3382 3293 altare
3398 3255 3587 3295 accen-

2010 3329 2085 3392 di,
2117 3341 2309 3400 praeter
2335 3332 2463 3384 alias
2491 3330 2719 3392 hostias,
2749 3345 2866 3399 quae
2905 3330 3260 3384 oll'erehautur
3299 3345 3326 3382 a
3371 3332 3581 3400 populo.

2010 3423 2124 3478 Hoc
2156 3423 2297 3477 enim
2319 3433 2434 3478 erat
2454 3422 2658 3491 jussum
2681 3432 2732 3477 et
2769 3424 2882 3493 lege
2908 3431 3160 3476 statutum
3198 3423 3582 3488 sacerdotibus,

2011 3524 2069 3568 ut
2115 3531 2179 3568 ex
2221 3529 2278 3569 se
2321 3524 2374 3568 et
2417 3529 2481 3568 ex
2535 3514 2694 3567 domu
2724 3529 2838 3575 sua,
2873 3514 3082 3582 quando
3135 3513 3308 3567 nullus
3350 3515 3582 3579 olierret,

2013 3623 2173 3661 unum
2203 3607 2517 3660 matutinum
2540 3615 2592 3659 et
2620 3622 2780 3658 unum
2811 3605 3168 3673 vespertinum
3197 3621 3388 3674 agnum
3425 3606 3587 3658 sacri-

2011 3699 2229 3754 ficarent
2251 3707 2304 3753 et
2331 3699 2703 3752 comburerent
2734 3714 2746 3748 :
2775 3707 2829 3750 et
2857 3695 2987 3749 illud
3018 3697 3379 3764 appellabatur
3423 3696 3589 3748 sacri-

2011 3789 2186 3844 ﬁcium
2207 3790 2546 3849 matutinum,
2570 3788 2669 3841 hoc
2693 3787 3073 3854 vespertinum.
3100 3786 3210 3838 Hoc
3226 3795 3399 3839 autem
3413 3787 3587 3853 jusse-

2009 3891 2091 3934 rat
2114 3880 2248 3933 Deus
2264 3879 2394 3944 ﬁeri,
2415 3878 2712 3947 signiﬁcans
2739 3893 2830 3946 per
2846 3876 2896 3930 id
2913 3875 3051 3947 quod
3073 3877 3227 3931 ﬁebat
3245 3892 3363 3930 eum
3377 3876 3589 3930 assidue

2010 3972 2186 4026 colere
2214 3980 2459 4038 Oportere
2483 4009 2498 4030 ,
2531 3978 2584 4024 et
2627 3984 2745 4022 cum
2773 3969 2886 4022 dies
2919 3969 3120 4037 incipit,
3143 3977 3195 4021 et
3222 3983 3340 4020 cum
3369 3967 3584 4021 desinit.

2083 4061 2406 4130 Sacriﬁcium
2452 4077 2550 4114 non
2577 4076 2769 4128 semper
2796 4068 3070 4129 acceptum.
3104 4088 3174 4097 —
3198 4058 3308 4112 [loc
3343 4074 3468 4128 ergo
3495 4073 3585 4110 sa-

2012 4156 2267 4210 criﬁcium
2307 4151 2404 4206 fuit
2447 4167 2658 4221 semper
2696 4159 3000 4219 acceptum,
3054 4152 3284 4219 itemque
3325 4148 3586 4218 ejusmodi

2013 4249 2256 4302 suflitus:
2288 4246 2426 4317 quod
2476 4255 2651 4298 autem
2695 4243 2850 4298 ﬁebat
2884 4258 2980 4312 pro
3024 4241 3274 4312 peccatis,
3305 4241 3592 4310 aliquando

2012 4342 2223 4411 quidem
2253 4349 2366 4395 erat
2391 4347 2690 4406 acceptmn,
2714 4335 2995 4406 aliquando
3013 4349 3140 4390 vero
3165 4350 3268 4388 non
3286 4342 3584 4403 acceptum,

2012 4441 2195 4499 utpote
2234 4429 2372 4499 quod
2406 4429 2505 4482 hoc
2539 4428 2623 4481 vel
2655 4427 2785 4481 illud
2822 4434 2986 4491 esset,
3034 4433 3190 4495 prout
3232 4425 3264 4478 ii
3317 4424 3404 4494 qui
3455 4423 3586 4477 illud

2011 4521 2325 4586 offerebant,
2357 4527 2507 4572 erant
2527 4516 2698 4571 affecti
2727 4516 2791 4570 ad
2822 4517 3066 4570 virtutem
3089 4523 3177 4569 aut
3202 4514 3382 4568 vitium
3405 4531 3418 4567 :
3445 4513 3586 4584 quod

2015 4625 2189 4667 autem
2214 4627 2317 4665 non
2361 4610 2680 4666 oll'crebatur
2712 4624 2806 4678 pro
2832 4607 3054 4661 aliortnn
3089 4608 3337 4675 peccatis,
3357 4605 3449 4659 sed
3471 4614 3584 4659 erat

2014 4703 2100 4756 lex
2127 4700 2369 4755 sacrificii
2397 4709 2452 4754 et
2471 4699 2659 4752 n'todns
2675 4696 2900 4761 colendi,
2923 4698 3269 4751 eratomuino
3289 4707 3584 4765 acceptum.

2014 4793 2111 4849 Hic
2137 4808 2262 4862 ergo
2291 4800 2461 4861 rogat,
2492 4801 2547 4844 ut
2576 4790 2646 4843 sit
2673 4788 2788 4858 ejus
2809 4789 2976 4842 oratio
3003 4797 3058 4841 ut
3089 4786 3217 4840 illud
3242 4787 3582 4851 sacriﬁcium,

2012 4884 2156 4956 quod
2184 4883 2320 4937 nulla
2352 4882 2684 4952 pulluehatur
2707 4878 2980 4934 olferentis
3016 4881 3251 4945 macula,
3279 4879 3414 4933 sicut
3453 4879 3580 4932 illud

2015 4978 2289 5032 incensum
2320 4983 2558 5029 sanctum
2601 4983 2654 5026 et
2689 4987 2897 5041 purum.
2937 4971 3189 5040 liogaudo
3218 4981 3392 5024 autem
3435 4971 3590 5024 docet

2015 5083 2114 5123 nos
2139 5078 2195 5121 ut
2218 5067 2486 5121 orationes
2513 5072 2706 5118 nostra:
2733 5063 2839 5116 sint
2868 5077 3011 5132 purse
3041 5070 3095 5116 et
3118 5062 3414 5116 odoriferae.
3445 5062 3590 5115 Talis

2015 5159 2157 5213 enim
2187 5163 2269 5211 est
2288 5155 2488 5225 justitia
2520 5171 2533 5207 :
2563 5153 3008 5223 quemadmodum
3065 5160 3338 5222 peccaltlttt
3368 5162 3450 5206 est
3491 5152 3583 5207 lce-

2015 5250 2202 5304 tidum.
2233 5247 2488 5314 Quocirca
2519 5253 2710 5300 tetrum
2739 5244 2853 5314 ejus
2879 5242 3100 5298 odorem
3129 5244 3432 5312 signiﬁcans
3458 5285 3473 5309 ,
3505 5242 3590 5296 di-

2014 5344 2163 5399 cebat
2200 5360 2212 5396 :
2240 5341 2490 5408 Quoniam
2517 5339 2801 5410 iniquitates
2825 5352 2947 5392 mea:
2983 5352 3318 5407 supergressa:
3354 5346 3471 5390 sunt
3506 5353 3594 5389 ca-

2016 5447 2105 5509 put
2129 5453 2311 5500 meum,
2342 5436 2466 5489 sicut
2489 5449 2615 5488 onus
2633 5448 2781 5503 grave
2805 5440 3024 5502 grauata:
3043 5441 3159 5484 sunt
3187 5446 3338 5496 super
3362 5445 3458 5482 me.
3488 5429 3589 5482 Pu-

2017 5538 2241 5584 truerunt
2257 5536 2302 5581 et
2317 5535 2566 5595 corrupta:
2580 5533 2693 5578 sunt
2713 5524 2969 5577 cicatrices
2990 5537 3128 5576 mete.
3151 5520 3320 5594 (Psal.
3340 5521 3428 5576 57.
3450 5521 3564 5590 5.6)
3578 5559 3592 5575 .

2089 5618 2401 5690 Fragrantia
2427 5617 2670 5672 orationis
2692 5632 2712 5682 ;
2733 5614 2973 5668 tlturibuli
2998 5623 3168 5684 typus,
3192 5614 3377 5683 lingua’
3401 5620 3446 5666 ct
3484 5629 3594 5666 ma-

2078 5735 2151 5797 (a)
2184 5742 2294 5805 Haec
2312 5738 2365 5785 et
2391 5736 2662 5798 sequentes
2695 5729 3124 5793 interpretationes
3161 5728 3300 5792 juxta
3344 5739 3466 5791 quos
3502 5726 3597 5778 sint

2019 5812 2118 5849 non
2141 5811 2231 5848 00V
2238 5807 2379 5845 tutus.
