4070 6340
525 375 624 436 ὁδί
1255 373 1315 430 S.
1354 373 1632 430 JOANNIS
1669 365 2044 425 CllltYSUST.
2088 367 2402 427 ARCHIEP.
2442 372 2974 436 CONSTANTINOP.
3688 394 3795 448 ιω

524 505 681 545 uuam
715 487 944 558 paritas;
982 487 1318 554 vespertinum
1365 486 1670 555 sacri/icium
1722 502 1812 540 cur
1863 485 2100 551 dictum;

526 595 706 633 manus
749 594 840 632 cur
864 578 1092 632 [evandre
1133 579 1186 631 in
1230 579 1474 632 oratione.
1525 607 1596 617 ——
1643 576 2102 644 Quemadmodum

521 688 650 741 ergo
676 671 888 726 sufﬁtus
915 685 1012 741 per
1037 685 1095 726 se
1121 680 1206 727 est
1235 670 1404 725 bonus
1421 680 1474 725 et
1495 669 1632 726 bene
1657 670 1829 736 olens,
1856 678 1983 724 tunc
2015 685 2107 723 au-

523 772 630 818 tem
655 765 885 818 maxime
912 763 1107 818 bonum
1139 763 1356 817 odorem
1393 762 1606 827 emittit,
1636 761 1848 832 quando
1874 761 1981 832 igni
2008 776 2101 815 ac-

523 855 792 908 cesserit:
825 856 895 908 ita
936 853 1096 908 etiam
1145 854 1316 908 oratio
1344 854 1429 908 vel
1475 869 1570 923 per
1611 869 1674 909 se
1717 853 1930 922 quidem
1965 853 2100 907 bona

517 954 600 1000 est
627 963 641 999 :
667 954 752 1001 est
778 955 956 1000 autem
981 945 1170 1002 melior
1197 954 1251 1002 et
1280 945 1617 1016 fragrantior,
1647 946 1858 1016 quando
1887 943 2103 999 affertur

519 1052 640 1092 cum
667 1038 877 1095 ardenti
906 1047 960 1094 et
984 1038 1208 1095 ferventi
1234 1039 1432 1102 animo,
1450 1038 1664 1109 quando
1682 1039 1858 1093 anima
1875 1036 2103 1093 efficitur

522 1129 847 1186 thuribulum
869 1173 884 1198 ,
913 1139 967 1186 et
995 1132 1168 1202 ignem
1212 1131 1579 1187 vehementem
1624 1130 1883 1185 accendit.
1921 1130 2102 1200 Neque

520 1223 662 1277 enim
695 1223 1065 1293 imponebatur
1107 1224 1385 1279 incensum
1433 1232 1526 1278 aut
1566 1223 1798 1288 sufﬁtus,
1831 1222 1931 1278 nisi
1960 1232 2104 1278 esset

520 1313 672 1380 prius
709 1327 932 1368 accensa
957 1314 1208 1369 craticula
1235 1355 1251 1379 ,
1282 1325 1373 1368 aut
1401 1315 1501 1368 nisi
1527 1314 1776 1369 arderent
1817 1315 2098 1370 carbones.

522 1401 632 1456 Hoc
671 1403 844 1471 ipsum
892 1403 973 1458 fac
1021 1413 1076 1458 tu
1129 1420 1340 1474 quoque
1391 1405 1442 1458 in
1486 1415 1665 1459 mente
1709 1416 1836 1460 tua:
1869 1406 2103 1460 accende

522 1495 667 1560 prius
689 1494 854 1565 ipsam
875 1494 1049 1550 studio
1071 1504 1125 1550 et
1151 1497 1311 1550 animi
1340 1497 1634 1562 alacritate,
1657 1505 1711 1551 et
1739 1505 1862 1553 tunc
1888 1498 2102 1568 impone

520 1586 841 1641 orationem.
892 1587 1147 1642 Precatur
1175 1605 1302 1659 ergo
1333 1599 1391 1643 ut
1431 1589 1601 1642 oratio
1637 1589 1852 1659 quidem
1891 1605 1986 1645 sua
2011 1589 2103 1645 ﬁat

519 1677 659 1730 sicut
694 1678 990 1744 incensum,
1019 1679 1247 1734 elevatio
1270 1688 1446 1735 autem
1491 1695 1741 1734 manuum
1776 1681 1914 1735 sicut
1939 1683 2103 1736 sacri-

519 1766 692 1819 ﬁcium
744 1770 1126 1836 vespertinum.
1155 1770 1290 1823 Sunt
1317 1770 1456 1824 enim
1482 1769 1641 1824 ambo
1669 1781 1909 1841 accepta.
1953 1771 2100 1838 Quo-

519 1857 680 1910 modo
707 1865 883 1912 autem
924 1857 1025 1913 hoc
1070 1860 1208 1915 ﬁet?
1237 1860 1293 1915 Si
1336 1869 1558 1930 utraque
1613 1861 1720 1916 sint
1773 1862 1969 1916 munda
1997 1903 2013 1928 ,
2054 1863 2100 1918 si

515 1955 738 2016 utraque
765 1949 890 2002 nulli
930 1949 1037 2002 sint
1084 1949 1485 2019 reprehensioni
1516 1951 1712 2005 vitiove
1753 1951 2013 2017 obnoxia,
2045 1960 2102 2007 et

517 2036 692 2107 lingua
718 2047 771 2094 et
797 2055 1006 2105 manus,
1038 2040 1120 2095 hic
1140 2041 1350 2110 quidem
1391 2041 1458 2095 ab
1482 2041 1704 2095 avaritia
1725 2052 1779 2096 et
1802 2043 1984 2111 rapina
2008 2059 2104 2097 ex-

518 2139 770 2198 purgatae,
803 2131 890 2185 illa
920 2146 1049 2185 vero
1079 2147 1109 2184 a
1138 2132 1291 2186 malis
1321 2131 1501 2186 verbis
1527 2133 1710 2187 libera.
1744 2132 2101 2201 Quemadmo-

518 2219 640 2272 dum
672 2221 812 2273 enim
865 2231 1074 2290 oportet
1124 2221 1446 2277 thuribulum
1492 2223 1620 2277 nihil
1654 2223 1850 2284 Imbece
1882 2225 2102 2280 immun-

522 2309 664 2376 dum,
697 2311 790 2365 sed
819 2313 990 2366 solum
1009 2314 1182 2382 ignem
1199 2323 1252 2368 et
1281 2315 1550 2368 sufﬁtum:
1582 2315 1652 2368 ita
1685 2316 1844 2369 etiam
1864 2317 2097 2388 linguam

520 2401 724 2456 nullum
747 2411 961 2471 oportet
991 2404 1208 2458 verbum
1234 2405 1493 2475 proferre,
1517 2407 1656 2476 quod
1679 2410 1752 2464 sit
1771 2410 1871 2463 ulla
1894 2411 2097 2466 macula

516 2501 609 2547 aut
636 2492 757 2548 labe
795 2509 1120 2564 respersum,
1145 2495 1240 2551 sed
1291 2499 1630 2553 sanctitatem
1659 2509 1713 2555 et
1739 2501 1984 2568 laudem;
2025 2503 2096 2557 ita

515 2585 675 2638 etiam
703 2595 913 2654 oportet
959 2603 1147 2642 manus
1192 2604 1312 2644 esse
1354 2589 1702 2647 thuribulum.
1747 2592 1827 2648 Sit
1871 2610 1997 2664 ergo
2035 2611 2096 2650 os

523 2684 669 2730 tuum
707 2678 1030 2734 thuribulum
1063 2697 1078 2733 :
1110 2680 1228 2734 vide
1261 2689 1436 2736 autem
1483 2699 1552 2737 ne
1595 2683 1645 2737 id
1691 2683 1817 2738 ﬁmo
1847 2686 2092 2755 impleas.

517 2767 674 2822 Tales
704 2769 846 2824 enim
875 2779 999 2824 sunt
1019 2810 1036 2836 ,
1068 2771 1156 2841 qui
1188 2771 1479 2842 loquuntur
1518 2773 1674 2828 verba
1720 2775 1889 2846 turpia
1917 2785 1970 2830 et
2000 2779 2097 2830 im-

515 2859 729 2914 munda.
760 2861 868 2916 Cur
916 2871 1094 2917 autem
1146 2878 1254 2918 non
1301 2864 1434 2919 dixit
1474 2865 1787 2920 matutinum
1820 2910 1830 2925 .
1861 2866 1954 2921 sed
1979 2883 2096 2922 ves-

516 2953 778 3020 pertinum
799 2953 821 3005 ?
846 2951 968 3006 Mihi
996 2953 1211 3023 quidem
1240 2954 1448 3011 videtur
1471 2955 1670 3011 dictum
1697 2973 1814 3012 esse
1843 2958 2092 3013 indiscri-

516 3045 776 3099 minatim.
838 3045 894 3101 Si
945 3047 1086 3102 enim
1138 3046 1363 3104 dixisset
1425 3051 1778 3116 matutinum,
1851 3053 2094 3108 curiosus

513 3136 772 3207 quispiam
806 3137 1208 3209 interrogasset,
1232 3140 1340 3196 Cur
1370 3157 1473 3196 non
1515 3143 1648 3198 dixit
1683 3145 2044 3215 vespertinum
2070 3148 2092 3200 ?

512 3227 568 3281 Si
591 3228 707 3293 quis
729 3239 904 3284 autem
933 3231 1069 3286 velit
1098 3232 1284 3288 audire
1308 3248 1412 3288 non
1435 3233 1593 3288 nimis
1615 3236 1825 3292 curiose
1847 3237 1884 3300 ‘,
1905 3239 2092 3294 dicen-

512 3317 635 3372 dum
663 3329 746 3374 cst
766 3323 1082 3378 matutinum
1108 3325 1324 3394 quidem
1353 3337 1663 3396 exspectare
1690 3331 2049 3399 vespertinum
2072 3351 2086 3397 ;

511 3423 632 3464 cum
666 3415 1024 3480 vespertinum
1055 3424 1232 3470 autem
1265 3429 1538 3486 peractum
1569 3418 1744 3486 fuerit,
1779 3422 1984 3478 finitum
2011 3435 2092 3479 cst

509 3501 860 3570 sacriﬁcium,
889 3516 945 3560 et
979 3523 1083 3561 non
1129 3517 1212 3564 est
1257 3510 1440 3579 utique
1486 3513 1710 3580 amplius
1753 3514 2092 3583 imperfectus

506 3593 612 3648 diei
636 3597 828 3663 cultus,
857 3599 952 3654 sed
985 3610 1067 3655 est
1110 3602 1432 3672 completus,
1461 3614 1515 3658 et
1543 3605 1701 3658 ﬁnem
1734 3609 1956 3675 accepit.
1981 3609 2089 3663 Sed

506 3685 630 3754 quid
654 3687 751 3741 sibi
785 3689 892 3742 vult
919 3706 1166 3746 manuum
1195 3693 1247 3746 in
1275 3695 1517 3748 oratione
1544 3695 1767 3750 elevatio
1785 3698 1807 3750 ?
1827 3699 2086 3765 Quoniam

506 3776 686 3831 multis
712 3778 1003 3836 sceleribus
1038 3781 1366 3850 inserviunt,
1389 3795 1454 3837 ut
1483 3787 1913 3854 percussionibus
1936 3831 1950 3855 ,
1984 3805 2090 3845 cm-

506 3867 684 3933 dibus,
713 3872 930 3939 rapinis,
952 3873 1189 3928 avaritiae
1213 3916 1228 3942 ,
1259 3887 1315 3930 et
1344 3875 1605 3930 bonorum
1633 3878 1854 3933 alterius
1878 3881 2086 3949 cupidi-

505 3959 620 4024 tati,
645 3973 860 4030 propter
886 3964 986 4018 hnc
1022 3964 1194 4033 ipsum
1223 3981 1352 4035 ergo
1395 3981 1487 4022 eas
1534 3966 1784 4036 jubemus
1831 3970 2083 4038 tendere,

505 4061 563 4104 ut
587 4054 844 4108 orationis
895 4057 1252 4112 ministerium
1293 4059 1362 4112 sit
1390 4060 1469 4113 eis
1495 4061 1742 4130 nequitia:
1770 4061 2038 4117 vinculum
2065 4105 2079 4129 ,

499 4150 553 4195 et
583 4145 649 4196 ab
681 4144 1019 4211 improbitate
1044 4147 1288 4203 liberatio
1317 4168 1330 4204 :
1359 4159 1416 4203 ut
1443 4151 1656 4221 quando
1699 4167 1757 4206 es
1795 4164 2044 4223 rapturus
2063 4197 2080 4222 ,

500 4235 581 4286 vel
617 4235 666 4287 in
700 4236 833 4288 bona
865 4238 1089 4292 aliorum
1131 4239 1428 4306 invasurus,
1459 4251 1550 4295 aut
1575 4243 1734 4296 alium
1776 4244 2084 4300 verberatu-

500 4339 592 4380 rns
621 4367 634 4387 ,
677 4326 727 4379 in
781 4328 1090 4382 memoriam
1145 4346 1406 4386 revocans
1457 4333 1572 4388 fore
1602 4343 1659 4388 ut
1696 4349 1788 4389 eas
1816 4335 1883 4390 ad
1915 4337 2081 4392 Deum

502 4417 685 4472 mittas
721 4430 771 4472 te
801 4419 1116 4477 defensurus
1141 4465 1155 4489 ,
1185 4435 1238 4478 et
1271 4425 1394 4478 illud
1446 4427 1723 4494 Spirituale
1764 4429 2080 4485 sacrificium

502 4522 596 4576 per
622 4522 714 4562 cas
742 4509 955 4578 offeras,
999 4527 1066 4567 ne
1094 4529 1184 4568 eas
1216 4515 1500 4583 ignominia
1531 4526 1584 4571 et
1617 4518 1816 4587 pudore
1839 4519 2075 4587 afﬁcias,

494 4608 552 4654 et
584 4602 736 4655 malae
761 4604 1088 4670 operationis
1130 4605 1425 4661 ministerio
1450 4610 1528 4664 eis
1560 4610 1804 4664 ﬁduciam
1847 4611 2076 4668 auferas.

494 4689 662 4759 Purga
691 4706 818 4762 ergo
861 4708 953 4749 eas
975 4695 1334 4768 eleemosyna,
1364 4698 1641 4754 clementia
1667 4742 1683 4767 ,
1715 4702 2079 4758 subvenieudo

495 4781 560 4835 iis
585 4782 672 4851 qui
713 4782 969 4853 indigent,
999 4797 1054 4840 et
1087 4787 1157 4840 ita
1187 4803 1280 4842 eas
1316 4789 1424 4842 Deo
1464 4792 1746 4860 expaudito
1775 4793 1840 4845 ad
1880 4796 2077 4848 oratio-

492 4889 636 4927 nem.
665 4875 720 4929 Si
748 4877 891 4931 enim
922 4894 1027 4933 non
1056 4881 1319 4950 permittis
1350 4890 1402 4936 ut
1433 4899 1510 4936 ea:
1539 4883 1793 4938 tollantur
1817 4885 1978 4940 illatae
2007 4887 2074 4941 ad

490 4965 785 5020 orationem
820 4985 834 5020 :
873 4969 1038 5024 multo
1069 4973 1235 5041 magis
1263 4989 1367 5027 non
1398 4989 1606 5043 mquam
1635 4985 1716 5030 est
1743 4985 1799 5030 ut
1828 4992 1920 5032 eas
1946 4992 2074 5046 pec-

489 5056 622 5110 catis
652 5058 917 5126 inquines.
948 5059 1004 5116 Si
1033 5063 1173 5132 quod
1207 5064 1382 5118 minus
1408 5076 1490 5119 cst
1516 5069 1736 5133 vereris,
1771 5069 1937 5124 multo
1954 5086 2068 5124 tua-

488 5148 568 5217 gis
595 5149 914 5217 pertimesce
961 5155 1101 5224 quod
1153 5156 1327 5226 majus
1369 5168 1471 5212 est.
1520 5159 1684 5212 lllotis
1726 5160 1866 5212 enim
1915 5176 2069 5216 orare

489 5240 734 5296 manibus
759 5258 862 5298 non
893 5254 973 5298 est
997 5245 1130 5300 adeo
1156 5247 1442 5302 absurdum
1468 5267 1482 5314 ;
1533 5250 1624 5303 sed
1671 5250 2069 5305 innumerabili-

483 5325 582 5386 bus
602 5345 940 5402 peccatorum
971 5338 1216 5395 sordibus
1241 5340 1543 5410 inquinatas
1563 5341 1778 5408 offerre,
1807 5341 1908 5396 hoc
1933 5342 2065 5396 iram

481 5422 637 5478 affert
662 5429 965 5483 maximam.

561 5516 615 5570 4.
649 5519 761 5575 l-loc
791 5521 960 5590 ipsum
992 5530 1046 5577 et
1078 5523 1127 5575 in
1159 5537 1253 5576 ore
1293 5531 1347 5578 et
1376 5522 1428 5576 in
1460 5523 1632 5591 lingua
1669 5538 1942 5578 versemus
1965 5565 1978 5586 ,
2011 5535 2064 5578 ct

483 5629 547 5669 ea
562 5613 748 5669 sceleri
773 5613 911 5668 invia
934 5625 1332 5681 conservantes,
1351 5613 1421 5668 ita
1439 5612 1723 5668 oti‘eramus
1739 5615 2056 5671 orationem.

543 5747 560 5811 ξ
596 5751 643 5793 In
667 5745 953 5811 quibusdam
979 5754 1081 5796 Mss.
1103 5748 1171 5796 sic
1192 5744 1373 5809 legitur
1400 5761 1412 5797 :
1439 5747 1485 5797 si
1509 5748 1613 5811 quis
1648 5755 1804 5799 autem
1826 5747 2060 5800 curiosius

478 5806 706 5870 indagati:
729 5808 927 5860 voluerit

2213 483 2271 540 St
2294 483 2411 555 quis
2439 486 2582 542 enim
2616 488 2818 545 habens
2845 507 2940 546 vas
2968 509 3226 561 aureum,
3259 511 3325 552 eo
3363 498 3428 552 ad
3455 500 3610 556 vilem
3634 519 3786 560 usum

2209 579 2285 633 uti
2314 594 2600 650 numquam
2641 584 2695 637 in
2724 586 2958 639 animum
2991 587 3260 644 induxerit
3301 603 3518 663 propter
3561 599 3787 665 pretium

2208 673 2486 728 materiae:
2518 676 2687 732 multo
2738 679 2908 748 magis
2949 693 3070 734 cum
3110 695 3240 736 auro
3269 693 3324 737 et
3366 688 3664 756 margaritis
3696 690 3788 745 ha-

2206 761 2426 818 beamus
2447 781 2539 820 ora
2558 767 2713 839 longe
2737 772 3050 839 pretiosiora
3075 814 3092 840 ,
3125 789 3230 830 non
3264 793 3358 846 par
3377 790 3459 834 cst
3484 790 3541 836 ut
3578 799 3639 838 ea
3670 787 3786 856 pul-

2206 853 2416 911 luamus
2447 859 2622 914 verbis
2649 861 2886 931 turpibus
2912 872 2967 920 et
2987 865 3290 937 impudicis,
3313 853 3716 946 maledictisque
3737 890 3792 934 et

2207 949 2571 1004 contumeliis.
2601 949 2719 1006 Non
2749 953 2803 1007 in
2829 955 2985 1011 altari
3007 972 3162 1014 teneo
3185 975 3288 1017 nec
3305 977 3471 1020 aureo
3488 966 3651 1024 olfers
3679 972 3792 1026 suf-

2206 1035 2377 1106 ﬁtum,
2413 1039 2507 1095 sed
2538 1041 2591 1097 in
2621 1057 2686 1099 eo
2715 1045 2858 1114 quod
2884 1055 2968 1102 est
2997 1051 3310 1120 pretiosius,
3339 1069 3539 1127 nempe
3565 1059 3620 1116 in
3651 1070 3790 1120 tem-

2206 1131 2295 1201 plo
2339 1133 2582 1203 spiritali.
2638 1136 2717 1192 llli
2763 1139 2905 1195 enim
2955 1149 3040 1198 est
3083 1143 3319 1203 inanima
3358 1152 3579 1208 materia
3614 1173 3629 1210 :
3661 1155 3713 1210 in
3739 1167 3792 1214 te

2205 1234 2381 1278 autem
2425 1227 2566 1283 Deus
2597 1227 2820 1295 habitat,
2850 1240 2906 1286 et
2932 1247 2991 1289 es
3019 1236 3317 1295 membrum
3339 1249 3394 1296 et
3418 1257 3615 1314 corpus
3635 1246 3790 1304 Chri-

2204 1316 2292 1370 sti.
2327 1317 2380 1370 5.
2421 1317 2574 1384 Pone,
2614 1319 2848 1388 Domine,
2879 1326 3160 1382 custodiam
3186 1330 3266 1384 ori
3287 1347 3417 1388 meo.
3448 1333 3581 1390 Cum
3603 1351 3786 1407 rogas-

2205 1417 2289 1462 set
2312 1407 2592 1466 Dominum
2646 1422 2704 1468 ut
2749 1414 2866 1484 ejus
2918 1417 3196 1475 audiretur
3241 1423 3432 1490 oratio,
3473 1433 3530 1482 et
3556 1437 3614 1482 ut
3639 1428 3784 1486 ﬁeret

2204 1511 2442 1569 accepta,
2470 1504 2589 1560 vide
2615 1505 2884 1575 quodnam
2912 1509 3150 1579 primum
3175 1513 3330 1571 affert
3361 1520 3709 1591 postulatum,
3733 1536 3789 1582 et

2193 1605 2490 1660 ,quamnam
2538 1597 3003 1666 supplicationem.
3035 1602 3150 1659 Non
3181 1605 3313 1662 dixit
3341 1611 3481 1666 enim
3503 1653 3520 1679 ,
3551 1614 3624 1668 Da
3654 1617 3791 1673 mihi.

2203 1683 2478 1751 pecunias,
2509 1685 2575 1740 da
2605 1688 2733 1742 mihi
2763 1689 3015 1759 honores,
3043 1695 3136 1765 qui
3160 1706 3286 1752 sunt
3321 1702 3460 1770 apud
3499 1703 3744 1764 homines
3767 1750 3784 1777 ,

2202 1772 2270 1828 da
2298 1774 2428 1829 mihi
2451 1776 2725 1834 victoriam
2749 1780 3003 1841 adversus
3031 1787 3298 1857 inimicos,
3315 1791 3381 1848 da
3402 1794 3530 1850 mihi
3551 1797 3742 1856 liberos

2203 1867 2336 1923 nihil
2383 1869 2592 1938 horum,
2623 1873 2716 1928 sed
2743 1874 2860 1932 haec
2884 1879 3062 1934 omnia
3089 1883 3273 1939 sinens
3309 1884 3456 1942 humi
3498 1889 3698 1962 jacere,
3721 1911 3785 1952 ea

2204 1961 2333 2029 petit
2366 1978 2486 2032 quas
2525 1979 2554 2018 a
2610 1965 2720 2023 Deo
2761 1968 2878 2025 dari
2907 1971 3064 2043 digna
3093 1985 3236 2031 sunt.
3265 1977 3403 2046 Quid
3445 1980 3606 2052 igitur
3630 1985 3653 2038 ἲ
3677 1961 3782 2043 non

2202 2063 2437 2148 oportet,
2466 2055 2674 2127 inquit,
2713 2069 2897 2129 petere
2947 2066 3222 2125 sensibilia
3245 2071 3268 2124 ζ’
3295 2071 3519 2142 Oportet
3547 2077 3787 2148 quidem,

2203 2145 2298 2200 sed
2324 2147 2618 2216 moderate,
2651 2155 3102 2222 quemadmodum
3142 2161 3522 2224 Iacob-dicens
3552 2145 3578 2223 τ⁷
3602 2170 3665 2226 Si
3691 2145 3783 2226 de;

2203 2237 2331 2292 derit
2362 2241 2485 2292 mihi
2517 2241 2770 2299 Dominus
2799 2264 2979 2316 panem
3003 2253 3073 2305 ad
3101 2255 3420 2323 vescendum,
3444 2269 3492 2312 et
3519 2271 3702 2316 vestem
3715 2263 3788 2317 ad

2200 2329 2557 2405 induendum(
2601 2333 2727 2390 Gen.
2751 2335 2840 2393 28.
2868 2340 3003 2411 20);
3045 2347 3492 2413 quemadmodum
3543 2351 3788 2410 Christus

2195 2421 2354 2491 jussit
2383 2441 2536 2481 orare
2580 2443 2698 2496 nos,
2727 2431 3004 2488 dicentes:
3039 2433 3235 2491 Panem
3261 2451 3486 2496 nostrum
3509 2447 3781 2514 supersub-

2199 2518 2486 2571 stantialcm
2507 2519 2575 2572 da
2601 2521 2741 2575 nobis
2771 2523 2961 2594 hodie(
2985 2525 3177 2584 Matth.
3208 2528 3262 2584 6.
3284 2531 3371 2598 ll)
3398 2548 3410 2586 :
3437 2545 3566 2591 ante
3603 2538 3781 2594 omnia

2199 2624 2347 2674 vero,
2377 2612 2694 2679 spiritualia.
2748 2616 2902 2684 Quod
2951 2619 3067 2690 ipse
3116 2637 3329 2695 quoque
3376 2627 3502 2684 facit
3543 2629 3777 2688 dicens:

2197 2698 2362 2768 Pone,
2395 2703 2630 2772 Domine,
2662 2712 2941 2767 custodiam
2977 2717 3055 2770 ori
3082 2732 3210 2772 meo.

2269 2816 2482 2889 Lingua:
2502 2833 2546 2875 et
2577 2824 2679 2878 oris
2702 2826 2970 2894 custodia;
2998 2832 3196 2886 tacendi
3229 2842 3281 2887 et
3328 2835 3564 2904 loquendi
3591 2840 3782 2894 vicissi-

2199 2907 2341 2962 tudo.
2367 2910 2650 2968 —-Vidisti
2704 2917 3076 2985 prudentiam?
3117 2922 3295 2978 vidisti
3343 2926 3692 2997 sapientiam,
3727 2943 3785 2986 et

2197 3000 2466 3057 undenam
2497 3005 2909 3074 postulationem
2933 3010 3188 3083 incipiat?
3212 3015 3295 3070 Ab
3324 3033 3389 3072 eo
3422 3019 3562 3089 quod
3594 3033 3675 3077 est
3697 3039 3786 3079 co-

2197 3108 2314 3146 rum
2346 3110 2466 3161 qua:
2492 3105 2635 3152 recte
2655 3107 2708 3154 et
2733 3115 2798 3154 ex
2843 3101 3041 3159 virtute
3084 3105 3248 3174 ﬁunt,
3279 3109 3588 3177 maximum,
3617 3123 3670 3169 et
3699 3126 3786 3171 cst

2196 3187 2434 3243 omnium
2462 3190 2721 3247 malorum
2750 3208 2928 3261 causa,
2975 3195 3022 3251 si
3066 3199 3362 3271 negligatur
3387 3219 3400 3256 :
3427 3207 3781 3274 quemadmo-

2195 3277 2320 3333 dum
2361 3279 2645 3349 bonorum,
2673 3284 2716 3339 si
2761 3285 2814 3340 in
2859 3300 2926 3341 co
2969 3302 3094 3343 cura
3138 3306 3202 3346 ac
3242 3293 3471 3348 studium
3527 3309 3775 3366 ponatur.

2195 3373 2328 3427 Mala
2376 3376 2520 3430 enim
2576 3377 2854 3434 innumera
2893 3381 3030 3450 parit
3068 3381 3261 3451 lingua:
3293 3383 3518 3441 facilitas
3546 3406 3559 3442 :
3587 3406 3774 3460 quent-

2195 3464 2484 3520 admodum
2513 3483 2699 3522 rursus
2745 3470 2883 3524 bona
2905 3511 2922 3538 ,
2967 3474 3143 3527 cautio
3168 3483 3221 3528 et
3251 3477 3530 3533 securitas.
3575 3480 3776 3548 Quem-

2193 3556 2479 3612 admodum
2510 3575 2642 3629 ergo
2671 3560 2800 3614 nihil
2844 3561 2996 3630 juvat
3041 3563 3251 3629 domus,
3301 3583 3406 3622 non
3467 3570 3615 3636 urbs,
3667 3588 3777 3626 non

2193 3652 2414 3716 mcenia,
2441 3669 2544 3706 non
2574 3664 2759 3722 por-ue,
2789 3671 2894 3709 non
2922 3656 3078 3723 ostia,
3112 3659 3214 3712 nisi
3241 3659 3350 3714 sint
3377 3661 3466 3730 qui
3496 3678 3557 3718 ea
3597 3676 3776 3719 custo-

2193 3741 2362 3809 diant,
2393 3754 2448 3800 et
2475 3745 2646 3800 sciant
2668 3747 2882 3817 quando
2904 3757 3118 3816 Oportet
3165 3766 3225 3806 ea
3257 3753 3470 3822 quidem
3500 3757 3773 3825 claudere,

2192 3835 2404 3905 quando
2432 3850 2559 3891 vero
2591 3838 2799 3906 aperire
2833 3856 2845 3891 :
2894 3839 2963 3893 ita
2991 3841 3150 3895 etiam
3191 3843 3300 3898 oris
3327 3853 3382 3900 et
3411 3846 3601 3916 linguae
3629 3850 3774 3904 nulla

2191 3936 2271 3981 est
2301 3927 2521 3992 utilitas,
2553 3928 2653 3983 nisi
2699 3930 2768 3984 sit
2816 3932 2971 3995 ratio,
3014 3933 3098 3987 cui
3135 3934 3386 4003 scienter,
3428 3951 3671 3994 accurate
3709 3957 3773 3998 ac

2189 4019 2576 4091 circumspecte
2617 4038 2693 4100 ea.
2719 4023 2972 4080 claudere
3000 4035 3052 4080 et
3082 4027 3293 4096 aperire
3322 4031 3636 4098 permissum
3679 4034 3768 4099 sit,

2189 4120 2243 4166 et
2271 4113 2405 4166 sciat
2430 4128 2549 4182 quas
2578 4113 2685 4167 sint
2709 4113 3000 4179 efferenda,
3029 4131 3148 4187 quae
3176 4133 3302 4172 vero
3322 4119 3618 4176 retinenda.
3651 4122 3764 4178 Non

2191 4213 2288 4271 tot,
2316 4206 2504 4275 inquit,
2535 4207 2733 4276 gladio,
2765 4217 2893 4277 quot
2922 4209 3095 4280 lingua
3123 4211 3432 4266 ceciderunt
3459 4213 3646 4287 (Eccli.
3675 4216 3769 4272 28.

2185 4298 2297 4367 22).
2329 4300 2396 4354 Et
2423 4315 2606 4355 rursus
2621 4299 2865 4354 Christus
2899 4320 2911 4354 :
2939 4299 3058 4355 Non
3085 4319 3199 4372 quis
3223 4305 3517 4374 intrantper
3531 4323 3604 4364 os.
3625 4309 3771 4362 coin-

2184 4395 2396 4464 quinant
2443 4395 2685 4458 homines,
2711 4394 2799 4447 sed
2844 4411 2956 4462 qua:
2996 4411 3058 4449 ea:
3085 4412 3170 4449 ore
3198 4406 3379 4451 exeunt
3406 4400 3423 4468 (
3455 4397 3639 4454 Matth.
3676 4402 3764 4457 l5.

2187 4485 2392 4556 il).Et
2436 4501 2623 4539 rursus
2676 4485 2854 4540 alius:
2886 4484 2993 4538 Fac
3035 4486 3216 4540 orituo
3243 4497 3439 4556 portam
3488 4499 3535 4542 et
3584 4500 3767 4544 vectem

2185 4578 2203 4648 (
2233 4577 2397 4631 Eccli.
2424 4578 2513 4632 28.
2539 4578 2608 4632 28
2633 4578 2673 4648 ).
2701 4577 2798 4632 llic
2819 4587 2996 4632 autem
3043 4579 3292 4649 quoniam
3335 4582 3482 4636 novit
3505 4598 3616 4636 rem
3647 4598 3765 4638 esse

2183 4669 2336 4723 valde
2365 4669 2638 4723 difﬁcilem
2661 4711 2675 4734 ,
2709 4668 2856 4723 addit
2889 4680 2943 4723 et
2974 4686 3155 4738 preces
3180 4713 3195 4735 ,
3229 4681 3283 4726 et
3311 4672 3474 4726 Deum
3521 4683 3665 4727 vocat
3695 4673 3766 4728 ad

2181 4760 2460 4816 ferendum
2486 4760 2760 4814 auxilium.
2789 4760 2900 4814 imo
2931 4777 3057 4815 vero
3089 4761 3175 4815 ille
3193 4777 3403 4832 quoque
3449 4762 3550 4818 hoc
3589 4764 3767 4833 ipsum

2182 4853 2462 4924 signiﬁcat,
2492 4863 2544 4906 ut
2575 4852 2787 4922 quando
2812 4852 2940 4907 dicit
2973 4871 2982 4904 :
3012 4853 3135 4920 Quis
3156 4853 3346 4907 dederit
3365 4854 3510 4909 labiis
3539 4858 3658 4910 meis
3693 4858 3765 4910 si-

2178 4944 2450 5016 gnaculum
2469 4943 2711 4999 callidum
2734 4943 2916 5017 (ii-ccli.
2957 4942 3049 5001 22.
3075 4943 3206 5016 35)?
3232 4943 3451 5014 Oportet
3478 4947 3618 5002 enim
3660 4964 3759 5000 no-

2178 5044 2286 5089 stra
2331 5050 2543 5105 quoque
2591 5035 2852 5099 conferre,
2901 5044 2955 5088 et
3002 5033 3121 5088 idco
3151 5035 3252 5090 hoc
3299 5036 3467 5090 instar
3510 5038 3758 5106 prazcepti

2177 5127 2374 5198 posuit,
2405 5127 2589 5181 dicens
2623 5147 2636 5180 :
2667 5124 2776 5179 Fac
2802 5136 2998 5196 portam
3019 5136 3066 5180 et
3093 5136 3296 5180 vectem.
3341 5128 3435 5182 Est
3476 5129 3633 5183 etiam
3665 5129 3758 5182 Dei

2176 5216 2532 5271 invocandum
2581 5217 2856 5281 auxilium,
2908 5225 2965 5270 ut
3005 5225 3247 5271 nostrum
3281 5232 3496 5288 quoque
3521 5217 3756 5273 studium

2172 5309 2225 5364 in
2243 5323 2378 5379 opus
2406 5316 2579 5364 exeat.
2600 5305 2671 5362 Os
2691 5323 2818 5379 ergo
2839 5318 3076 5363 nostrum
3093 5316 3349 5378 perpetuo
3369 5307 3753 5372 custodiamus,

2172 5401 2222 5458 ei
2256 5401 2517 5456 rationem
2559 5411 2826 5469 tamquam
2875 5401 3080 5454 clavem
3127 5399 3482 5464 adhibentes,
3537 5415 3644 5454 non
3697 5408 3757 5454 ut

2172 5503 2430 5564 perpetuo
2507 5492 2784 5547 claudatur
2815 5533 2828 5557 ,
2881 5491 2974 5546 sed
3017 5501 3074 5546 ut
3125 5491 3463 5546 convenienti
3510 5499 3755 5561 tempore

2170 5601 2454 5642 rescretur.
2519 5586 2928 5656 Nonnumquam
3003 5585 3144 5640 enim
3211 5585 3481 5640 silentium
3529 5596 3613 5640 est
3666 5585 3750 5638 ln-

2169 5684 2325 5752 quela
2371 5682 2572 5748 utilius,
2615 5679 3065 5750 quemadmodum
3094 5679 3300 5750 loquela
3342 5695 3554 5750 quoque
3581 5679 3747 5732 silen-

2169 5778 2258 5830 tio.
2315 5777 2378 5830 Et
2431 5776 2547 5830 ideo
2603 5773 2813 5830 diccbat
2872 5775 2962 5831 ille
3015 5773 3440 5844 sapientissimus
3483 5770 3755 5840 :Tempus
