4070 6340
309 317 409 375 131

311 437 408 489 καὶ
442 434 662 499 εὐῶδες,
693 432 814 486 τότε
849 432 904 486 δέ
954 432 1187 505 μάλιστα
1232 431 1598 486 ἐπιδείκνυται
1659 431 1759 500 τὴν
1801 428 1889 481 εύ-

310 521 497 580 ωδίαν,
537 520 665 572 ὅταν
707 518 944 588 ὁμιλήσῃ
982 516 1061 586 τῷ
1103 517 1254 586 πυρί·
1298 515 1440 570 οὕτω
1480 517 1542 588 δὴ
1583 516 1676 568 καὶ
1700 517 1734 584 ἡ
1759 513 1891 583 εύχὴ

307 603 450 673 καλὴ
483 603 582 674 μὲν
606 602 700 655 καὶ
720 601 842 654 καθ’
865 601 1080 671 ἑαυτήν·
1109 600 1341 654 καλλίων
1362 600 1416 652 δέ
1437 602 1531 652 καὶ
1554 598 1892 670 εὐωδεστέρα

308 691 540 759 γίνεται,
565 688 694 742 ὅταν
732 685 869 758 μετὰ
899 687 1109 758 θερμῆς
1150 688 1243 742 καὶ
1281 687 1510 758 ζεούσης
1535 686 1684 758 [451]
1713 685 1892 757 ψυχῆς

311 777 674 848 ἀναφέρηται,
729 776 856 828 ὅταν
891 774 1248 846 θυμιατήριον
1278 777 1310 844 ἠ
1344 774 1488 844 ψυχὴ
1519 775 1738 844 γένηται
1798 771 1892 826 καὶ

310 863 426 934 πῦρ
461 861 674 932 ἁνάπτῃ
723 861 970 931 σφοδρόν.
1025 860 1158 912 Οὐδὲ
1201 861 1309 932 γάρ
1368 861 1430 914 τὸ
1483 860 1733 930 θυμίαμα
1792 860 1887 929 τῆς

306 947 549 1019 ἐσχάρας
581 945 653 1017 μὴ
675 943 1116 1016 προαναφθείσης
1141 954 1168 983 ι
1195 944 1492 1004 ἐπετίθετο,
1511 945 1542 1015 ἢ
1561 945 1667 997 τῶν
1685 944 1888 1013 ἀνθρά-

309 1051 423 1087 κων
453 1032 526 1104 μὴ
555 1026 1156 1098 διακαιομένων.Τοῦτο
1182 1028 1275 1081 καὶ
1309 1029 1372 1081 σὺ
1401 1029 1492 1081 ἐπὶ
1521 1029 1620 1096 τῆς
1651 1027 1891 1092 διανοίας

307 1117 556 1186 ποίησον·
606 1113 871 1185 πρότερον
903 1110 1107 1179 άναψον
1135 1111 1304 1180 αὐτὴν
1325 1114 1391 1182 τῇ
1447 1112 1746 1182 προθυμίᾳ,
1797 1111 1891 1164 καὶ

302 1202 430 1256 τότε
460 1200 691 1254 ἐπιτίθει
710 1199 808 1268 τὴν
846 1197 1028 1268 εὐχήν.
1052 1194 1284 1266 Εῦχεται
1305 1196 1483 1250 τοίνυν
1499 1197 1595 1268 τὴν
1611 1198 1707 1266 μὲν
1726 1198 1891 1267 εὐχὴν

307 1284 475 1340 αὐτοῦ
505 1284 760 1353 γενέσθαι
785 1281 860 1346 ὡς
885 1281 1154 1351 θυμίαμα,
1175 1281 1274 1349 τὴν
1306 1281 1362 1334 δέ
1384 1281 1615 1352 ἔπαρσιν
1647 1281 1756 1334 τῶν
1777 1301 1892 1354 χει-

310 1370 419 1440 ρῶν
439 1370 513 1433 ὼς
528 1368 716 1422 θυσίαν
733 1367 1043 1438 ἐσπερινήν.
1063 1367 1120 1418 Ἀ
1129 1366 1296 1434 μφότε
1305 1384 1371 1436 ρα
1381 1365 1451 1433 γά
1457 1384 1487 1437 ρ
1499 1365 1668 1438 εὐπρό
1676 1367 1887 1422 τδεκτα.

304 1454 433 1516 Πῶς
457 1454 502 1508 δ’
531 1453 594 1506 ἂν
628 1453 838 1520 γένοιτο
864 1450 1050 1515 τοῦτο;
1082 1452 1146 1504 El
1184 1450 1469 1522 ἀμφότερα
1510 1454 1591 1522 εῖη
1646 1452 1887 1522 καθαρὰ,

304 1541 356 1591 εί
386 1537 672 1608 ἀμφότερα
698 1536 782 1604 εἴη
815 1534 1040 1604 ἄμωμα.
1067 1535 1102 1605 ἦ
1136 1552 1196 1588 τε
1229 1534 1444 1603 γλῶττα
1479 1535 1573 1587 καὶ
1604 1536 1657 1588 αἱ
1688 1538 1887 1605 χεῖρες,

306 1623 362 1675 at
407 1621 504 1691 μὲν
531 1618 844 1684 πλεονεξίας
874 1619 967 1672 καὶ
985 1618 1238 1690 ἁρπαγῆς
1260 1619 1803 1690 ἐκκεκαθαρμέναι,ἡ
1833 1618 1889 1671 δὲ

306 1704 561 1774 πονηρῶν
598 1703 854 1774 ῥημάτων
870 1701 1314 1773 ἡλευθερωμένη.
1345 1704 1553 1772 Ὥσπερ
1573 1703 1680 1772 γὰρ
1701 1702 1889 1772 θυμια-

299 1793 493 1861 τήριον
530 1788 682 1840 οὐδὲν
707 1786 852 1856 ἔχειν
886 1786 1197 1853 ἀκάθαρτον
1231 1787 1356 1859 χρὴ,
1399 1787 1512 1839 ἀλλ’
1565 1786 1597 1856 ἢ
1631 1786 1745 1858 πῦρ
1794 1787 1889 1839 καὶ

301 1873 577 1940 θυμίαμα·
602 1869 745 1923 οὕτω
771 1871 864 1923 καὶ
894 1869 992 1938 τὴν
1021 1869 1263 1936 γλῶτταν
1302 1871 1374 1941 μὴ
1405 1870 1702 1941 προφέρειν
1724 1887 1891 1939 κεκηο

302 1955 598 2023 λιδωμένον
626 1954 656 1994 b
697 1956 868 2024 ῥῆμα,
901 1952 1014 2006 ἀλλ’
1050 1953 1082 2023 ἢ
1118 1953 1444 2024 ἁγιωσύνην,
1472 1955 1561 2007 καὶ
1588 1953 1883 2022 εὐφημίαν·

302 2038 450 2092 οῦτω
484 2041 575 2092 καὶ
590 2037 690 2101 τὰς
709 2039 898 2107 χεῖρας
920 2035 1278 2107 θυμιατήριον
1303 2037 1547 2105 γίνεσθαι
1580 2039 1760 2090 Ἔστω
1778 2036 1859 2089 τοί
1869 2066 1887 2076 -

299 2141 398 2175 νυν
426 2120 785 2192 θυμιατήριὸν
816 2138 908 2172 σου
953 2119 1014 2172 τὸ
1069 2120 1274 2189 στόμα,
1305 2121 1397 2174 καὶ
1447 2121 1637 2174 σκόπει
1682 2120 1758 2190 μὴ
1797 2120 1888 2172 κόσ-

303 2223 444 2276 πρου
478 2205 611 2258 αὐτὸ
643 2203 949 2276 ἐμπλήσῃς.
991 2203 1300 2257 Τοιοῦτοιοί
1327 2205 1394 2258 τὰ
1417 2204 1619 2274 αἰσχρὰ
1654 2204 1887 2274 φθεγγὸ-

308 2307 459 2359 μενοι
493 2289 588 2342 καὶ
613 2287 901 2356 ἀκάθαρτα
948 2289 1190 2357 ῥήματα.
1237 2287 1345 2340 Καὶ
1377 2289 1522 2343 τίνος
1551 2289 1736 2341 ἕνεκεν
1786 2288 1887 2341 οὐκ

305 2369 722 2443 εἷπενἙωθινὴ,
751 2371 863 2424 ἀλλ’
896 2371 1258 2437 Ἑσπεριντπ
1291 2371 1442 2440 Ἐμοὶ
1467 2373 1562 2438 μὲν
1579 2371 1886 2441 ἀδιαφόρως

302 2456 555 2527 εἰρῆσθαι
588 2456 682 2510 καὶ
705 2455 862 2509 τοῦτο
883 2455 1048 2508 δοκεῖ.
1088 2455 1197 2508 Καὶ
1220 2455 1327 2525 γὰρ
1352 2457 1400 2508 εί
1423 2450 1574 2507 εἶπεν
1592 2455 1884 2524 ἑωθινὴηό

304 2541 593 2611 περίεργος
628 2539 911 2609 ἠρώτησεν
937 2537 1022 2598 ἂν,
1048 2537 1190 2603 τίνος
1217 2539 1399 2592 ἕνεκεν
1429 2539 1527 2591 οὐκ
1557 2535 1706 2591 εἶπεν
1731 2539 1885 2590 ἐσπε-

304 2626 459 2695 ρινήν
481 2641 494 2686 ς
527 2626 588 2677 Εἰ
615 2624 671 2677 δέ
703 2641 786 2687 τις
804 2623 1312 2693 ἁπολυπραγμόνως
1339 2623 1576 2692 βούλοιτο
1599 2621 1817 2676 ἀκούειν
1836 2630 1882 2686 ἐ,

299 2708 434 2777 ὄτιή
463 2709 558 2778 μὲν
575 2705 771 2778 ἑωθινὴ
800 2705 1055 2774 ἀναμένει
1080 2706 1176 2776 τὴν
1199 2707 1489 2776 ἐσπερινήν
1509 2724 1522 2736 ·
1557 2707 1588 2776 ἡ
1622 2705 1676 2758 δέ
1721 2707 1884 2758 ἐσπε-

306 2791 426 2863 ρινὴ
458 2790 724 2860 γενομένη
765 2788 862 2860 τὴν
915 2790 1223 2860 ἱερουργίαν
1283 2790 1591 2859 ἐπλήρωσε,
1647 2789 1741 2841 καὶ
1785 2789 1885 2841 οὐκ

302 2876 449 2928 ἔστιν
470 2874 793 2944 ἀτελεστέρα
815 2891 930 2935 πως
948 2873 1027 2926 ἔτι
1044 2874 1368 2943 τῆςὴμέρας
1387 2873 1570 2925 λοιπὸν
1588 2875 1619 2944 ἡ
1638 2873 1882 2944 λατρεία,

301 2959 437 3014 ἀλλὰ
462 2959 794 3030 άπηρτίσθη,
831 2960 927 3012 καὶ
953 2959 1105 3022 τέλος
1119 2959 1309 3012 ἔλαϐεν
1360 2959 1523 3012 Ἀλλά
1549 2962 1658 3028 γὰρ
1679 2961 1732 3013 τί
1763 2961 1885 3030 βού-

297 3042 452 3098 λεται
483 3045 580 3098 καὶ
607 3043 716 3096 τῶν
746 3042 945 3113 χειρῶν
978 3044 1010 3112 ἡ
1044 3042 1261 3106 έκτασις
1287 3044 1342 3094 ἐν
1362 3045 1428 3113 τῇ
1463 3044 1627 3114 εύχῇ;
1665 3045 1882 3116 Ἐπειδὴ

301 3128 525 3190 πολλαῖς
556 3125 842 3198 πονηρίαις
865 3125 1237 3180 διακονοῦνται
1266 3122 1442 3187 αῦται,
1479 3121 1589 3179 οἷον
1625 3126 1882 3198 πληγαῖς,

302 3213 504 3280 φόνοις,
531 3212 827 3280 ἁρπαγαῖς,
847 3210 1202 3275 πλεονεξίαις,
1228 3210 1295 3263 δι’
1317 3211 1449 3263 αὐτὸ
1482 3212 1579 3280 μέν
1605 3207 1698 3264 οῦν
1725 3212 1884 3266 τοῦτο

300 3295 635 3364 κελευόμεθα
663 3293 834 3356 αὐτὰς
867 3293 1187 3357 άνατείνειν,
1230 3295 1315 3347 ἵνα
1433 3296 1530 3365 τῆς
1576 3297 1739 3366 εὐχῆς
1770 3297 1884 3350 δια-

301 3379 455 3452 κονία
478 3377 675 3447 δεσμὸς
708 3379 900 3436 αὐταῖς
929 3377 1155 3446 γένηται
1192 3377 1292 3447 τῆς
1324 3379 1542 3442 κακίας,
1583 3381 1678 3432 καὶ
1712 3381 1886 3434 ἀπαλ-

299 3462 440 3532 λαγὴ
466 3462 565 3531 τῆς
610 3459 636 3499 ἀ
687 3459 972 3530 πονηρίας,
1038 3460 1104 3513 ἵν’
1133 3460 1260 3515 ὅταν
1312 3459 1511 3532 μέλλῃς
1548 3463 1812 3533 ἁρπάζειν
1846 3463 1880 3535 ἦ

302 3546 707 3616 πλεονεκτεῖνῆ
751 3545 977 3598 τύπτειν
1010 3545 1216 3615 ἓτερον,
1250 3546 1615 3615 ἀναμνησθεὶς
1649 3548 1730 3600 ὄτι
1754 3547 1886 3601 ταύ-

299 3650 398 3694 τας
423 3631 639 3695 μέλλεις
659 3631 779 3685 ἀντὶ⁵
804 3629 1121 3700 συνηγόρων
1155 3629 1292 3701 πρὸς
1325 3629 1415 3682 τὸν
1453 3630 1585 3682 Θεὸν
1618 3633 1880 3701 πέμπειν,

300 3716 392 3769 καὶ
417 3714 505 3768 διὰ
526 3713 728 3767 τούτων
757 3714 856 3783 τὴν
883 3711 1074 3767 θυσίαν
1105 3712 1450 3782 ἀναπέμπειν
1485 3714 1504 3736 ⁸
1547 3713 1763 3783 ἐκείνην
1787 3713 1883 3785 τὴν

300 3798 698 3869 πνευματικὴν,
727 3796 802 3868 μὴ
856 3797 1223 3868 καταισχύνῃς
1268 3796 1470 3859 αὐτὰς,
1516 3797 1607 3850 καὶ
1628 3798 1884 3869 ἀπαρρη-

303 3883 553 3946 σιάστους
575 3883 786 3953 ἐργάσῃ
813 3883 880 3952 τῇ
904 3880 1149 3952 διακονίᾳ
1175 3881 1273 3951 τῆς
1305 3881 1548 3950 πονηρᾶς
1596 3880 1880 3950 ἐργασίας.

301 3967 549 4038 Κάθαιρε
605 3966 782 4019 τοίνυν
831 3964 1002 4029 αὐτὰς
1060 3965 1419 4035 ἐλεημοσύνη,
1477 3964 1877 4035 φιλανθρωπίᾳ,

303 4051 605 4122 προστασίᾳ
638 4050 930 4120 δεομένων,
963 4050 1056 4102 καὶ
1077 4049 1249 4111 οὕτως
1275 4049 1443 4111 αὐτὰς
1470 4049 1546 4110 είς
1568 4048 1730 4119 εὐχὴν
1756 4049 1874 4116 ἄγε.

302 4136 363 4189 Et
388 4135 496 4206 γὰρ
534 4135 788 4196 ἀνίπτους
846 4131 1016 4191 αὐτὰς
1050 4133 1193 4184 εούκ
1243 4133 1560 4203 ἐπιτρέπεις
1612 4133 1692 4195 είς
1716 4131 1881 4201 εὐχὴν

302 4217 656 4289 ἐπαίρεσθαι,
686 4215 867 4285 πολλῷ
900 4213 1100 4286 μᾶλλον
1127 4214 1516 4284 ἁμαρτήμασιν
1533 4213 1633 4266 οὐκ
1666 4213 1730 4268 ἂν
1765 4215 1881 4284 εἴης

297 4300 504 4364 δίκαιος
525 4299 699 4364 αὐτὰς
733 4299 986 4371 μιαίνειν.
1010 4299 1073 4351 Et
1097 4297 1156 4350 τὸ
1198 4297 1416 4350 ἔλαττον
1437 4297 1700 4360 δέδοικας,
1747 4296 1880 4350 πολ-

299 4384 376 4456 λῷ
409 4383 609 4454 μᾶλλον
637 4384 699 4436 τὸ
731 4383 914 4455 μεῖξον
958 4381 1166 4453 φρῖξον.
1219 4381 1292 4434 T0
1345 4381 1446 4451 μὲν
1482 4381 1590 4452 γὰρ
1637 4379 1880 4446 ἀνίπτοις

298 4469 454 4540 χερσὶ
483 4464 901 4539 προσεύχεσθαι,
927 4465 988 4518 οὐ
1011 4463 1262 4518 τοσοῦτον
1289 4464 1506 4519 ἄτοπον·
1527 4463 1589 4516 τὸ
1607 4463 1662 4516 δέ
1682 4467 1882 4536 καταρ-

299 4551 644 4622 ῥυπωθείσας
674 4557 700 4595 ε
728 4543 900 4609 οὶύτάς
936 4547 1149 4618 μυρίοις
1172 4547 1533 4620 ἁμαρτήμασι
1556 4546 1876 4616 προσάγειν,

298 4631 454 4687 τοῦτο
483 4633 685 4703 πολλὴν
707 4632 860 4702 φέρει
887 4633 985 4702 τὴν
1014 4632 1203 4702 ὀργήν.

356 4718 418 4772 δ’.
436 4715 588 4789 [452]
602 4716 771 4768 Τοῦτο
784 4717 878 4770 καὶ
891 4715 984 4767 ἐπὶ
1006 4715 1271 4785 στόματος
1286 4715 1379 4768 καὶ
1393 4713 1638 4786 γλώττης
1648 4712 1877 4784 λογιζώ-

300 4800 461 4873 μεθα,
489 4801 586 4854 καὶ
622 4798 821 4854 ἄϐατον
853 4797 986 4853 αὐτὸ
1017 4801 1082 4870 τῇ
1108 4798 1342 4871 πονηρίᾳ
1373 4799 1684 4871 τηροῦντες,
1734 4796 1876 4851 οὕτω

359 5068 389 5130 9
427 5066 563 5115 Unus
595 5067 658 5128 μή
705 5068 1012 5130 κεκαυμένης.
1047 5063 1458 5130 ,Ιῇἱιῖκέπετὶθετᾳ
1483 5061 1742 5130 *ἀλλάτῶν
1792 5059 1878 5130 ἀν-

297 5129 482 5190 θράκων
517 5123 875 5190 διακαιομένωνῖ
915 5129 996 5177 Sic
1016 5128 1117 5178 alii.
1145 5125 1245 5190 ubi,
1271 5127 1309 5173 si
1355 5123 1595 5190 pyoﬁna’g
1621 5124 1878 5190 legeretur

297 5185 400 5239 ἀλλ’
423 5192 473 5248 ἦ.
509 5191 647 5238 locus
667 5185 846 5238 m‘elius
869 5190 1094 5248 haberet,
1120 5193 1172 5236 et
1215 5185 1433 5236 forlaSsis
1452 5187 1558 5235 haec
1581 5185 1730 5233 lectio
1748 5195 1876 5245 pra:-

298 5253 497 5300 ferenda
523 5259 673 5299 esset.

359 5313 388 5352 ι)
413 5315 631 5361 Γλῶτταν
653 5313 786 5362 οὐδὲν
833 5314 957 5370 ἔχειν
997 5312 1208 5368 κεκηλιδ.
1253 5309 1336 5357 Sic
1371 5307 1568 5370 quidam
1601 5320 1716 5357 mss.
1746 5305 1877 5354 Infra

299 5374 542 5441 Say‘ii,_g~0
570 5375 752 5441 κόπρου
770 5375 826 5423 τὸ
848 5373 1148 5441 θυμιατήριον
1171 5373 1447 5441 ἐμπλγίισῃςζ
1509 5432 1524 5441 _
1571 5432 1589 5441 _
1623 5412 1659 5441 ,ν
1703 5431 1712 5441 _

361 5439 385 5468 ο
413 5438 469 5484 Εἰ
480 5430 540 5500 ’δέ
548 5453 616 5492 τις
631 5430 1158 5500 πολυπραγμονέστερον
1181 5430 1418 5500 ἐξετάσαᾷ
1423 5431 1685 5500 βουληθείη,
1702 5430 1847 5479 iidem
1865 5463 1879 5486 ,

298 5498 346 5547 id
373 5499 501 5559 quod
525 5500 725 5546 omnino
756 5493 997 5547 divéi-sam
1021 5493 1317 5545 sehlenliam
1342 5493 1510 5546 efﬁcit.

358 5558 385 5598 ἀ
412 5560 561 5609 Savil.
583 5562 665 5608 καὶ
696 5560 916 5617 ἀπαγάγῃ
935 5565 1035 5617 τῆς.

412 5574 561 5609 53711.
583 5574 665 5608 και
696 5574 916 5609 damn
935 5574 1035 5609 της.

362 5576 385 5598 ιι
412 5576 561 5609 bam.
583 5576 665 5608 και
696 5576 916 5622 απαγαγῃ
935 5576 1020 5617 της

362 5633 387 5700 ς
412 5621 802 5700 ἑΙί-ἱὶᾶναφέρειν.
847 5682 884 5700 ’γ
923 5683 947 5694 _

366 5681 383 5719 ί
412 5682 560 5731 Savil.
580 5681 788 5738 ἀνίπτοις
809 5682 987 5738 αὐταῖς.

359 5746 385 5784 ³
409 5743 557 5795 Savii.
587 5745 1061 5810 καταῤῥυπανθείσας.

1449 306 1810 370 EXPOSITIO
1842 302 1908 360 IN
1943 304 2278 370 PSALMUM
2312 313 2467 368 CXL.

3483 321 3589 378 432

2004 427 2102 498 τὴν
2124 431 2435 502 προσευχὴν
2447 430 2830 503 προσάγωμεν.
2843 429 2906 484 Εἰ
2919 430 3028 504 γάρ
3043 435 3276 509 χρυσοῦν
3296 453 3380 499 τις
3395 438 3590 504 σκεῦος

2002 511 2162 581 ἔχων,
2190 516 2290 568 οὐκ
2318 515 2384 568 ἂν
2419 515 2596 568 ἕλοιτο
2622 517 2700 578 είς
2738 516 2932 586 ἄτιμον
2963 517 3111 589 αὐτῷ
3134 519 3442 589 χρήσασθαι
3469 522 3588 576 δια-

2003 597 2187 651 κονίαν
2211 597 2299 652 διὰ
2327 598 2387 652 τὸ
2413 598 2707 670 πολύτιμον
2756 600 2856 669 τῆς
2889 601 3040 672 ὕλης
3071 602 3249 672 πολλῷ
3293 603 3492 673 μᾶλλον
3537 606 3587 658 οἱ

2004 680 2206 751 χρυσοῦ
2243 683 2336 735 καὶ
2378 683 2716 754 μαργαρίτου
2756 683 3055 756 τιμιώτερα
3081 686 3322 755 στόματα
3349 686 3585 756 ἔχοντες,

2002 767 2100 820 οὐκ
2131 765 2197 820 ἂν
2225 767 2417 838 εἴημεν
2449 770 2645 822 δίκαιοι
2681 773 2800 833 ταῖς
2824 771 3200 841 ἀναισχύντοις
3222 771 3360 825 αύτά
3378 777 3588 844 καταρ-

2005 850 2284 921 ῥυπαίνειν
2333 854 2922 924 αἰσχρορρημοσύναις,
2983 855 3077 908 καὶ
3124 853 3434 926 λοιδορίαις,
3487 857 3587 910 καὶ

2002 935 2243 1007 ὕϐρεσιν.
2273 938 2385 991 Ούκ
2406 940 2463 990 ἐν
2497 937 2683 1008 χαλκῷ
2711 941 3007 1010 προσάγεις
3033 938 3201 1009 βωμῷ
3231 941 3292 994 τὸ
3317 940 3584 1012 θυμιατή-

2003 1047 2136 1100 ριον,
2162 1029 2279 1083 οὐδὲ
2311 1031 2368 1082 ὲν
2397 1031 2599 1101 χρυσῷ.
2622 1031 2735 1085 ἀλλ’
2779 1033 2835 1084 ἐν
2853 1030 2930 1102 τῷ
2957 1031 3147 1084 τούτου
3169 1033 3502 1102 τιμιωτέρῳ,
3527 1033 3586 1084 ἐν

2001 1113 2112 1183 ναῷ
2142 1115 2514 1184 πνευματικῷ.
2575 1116 2796 1183 Ἐκείνῳ
2821 1115 2916 1184 μὲν
2946 1115 2975 1156 h
3001 1115 3109 1184 γὰρ
3158 1114 3363 1184 ἄψυχος
3389 1117 3421 1187 ἡ
3458 1115 3580 1185 ’ύλτγ

2001 1197 2058 1249 ἐν
2084 1198 2165 1250 σοὶ
2186 1197 2241 1250 δὲ
2266 1201 2294 1251 0
2319 1199 2451 1263 Θεὸς
2469 1201 2684 1258 ἐνοικεῖ.
2717 1201 2812 1252 καὶ
2837 1199 2997 1268 μέλος
3023 1193 3074 1250 εἷ
3097 1199 3190 1251 τοῦ
3223 1199 3458 1269 Χριστοῦ
3488 1202 3584 1254 καὶ

2002 1281 2179 1352 σῶμα.
2241 1282 2380 1347 Θοῦ,
2433 1285 2631 1351 Κύριε,
2690 1283 2978 1352 φυλακὴν
3024 1280 3104 1346 τῷ
3153 1282 3407 1351 στόματί
3438 1301 3581 1350 μου.

2000 1365 2398 1436 Παρακαλέσας
2427 1367 2515 1420 τὸν
2566 1359 2842 1435 Δεσπότην
2902 1365 3233 1434 ἀκουσθῆναι
3271 1366 3436 1419 αὐτοῦ
3482 1367 3583 1437 τὴν

1997 1448 2163 1520 εὐχὴν
2197 1450 2291 1502 καὶ
2324 1452 2336 1490 ί
2369 1451 2763 1521 εύπρόσδεκτον
2795 1449 3070 1519 γενέσθαι,
3099 1450 3198 1522 ὅρα
3231 1449 3387 1503 ποίαν
3412 1466 3584 1521 προσ-

1999 1530 2121 1598 άγει
2153 1531 2372 1603 πρώτην
2407 1533 2643 1604 αἴτησιν,
2676 1534 2835 1586 ποίαν
2868 1531 3166 1604 ἱκετηρίαν.
3200 1533 3275 1586 Οὐ
3301 1532 3409 1603 γὰρ
3435 1529 3578 1598 εἷπε,

1997 1614 2096 1677 Δός
2127 1633 2217 1686 μοι
2238 1617 2519 1687 χρήματα,
2541 1616 2628 1672 δός
2659 1636 2746 1688 μοι
2773 1617 2936 1685 τιμάς
2963 1617 3112 1688 παρά
3133 1615 3460 1688 ἀνθρώποις,
3493 1617 3580 1681 δός

2000 1715 2090 1768 μοι
2125 1703 2395 1770 κρατῆσαι
2440 1702 2548 1753 τῶν
2599 1701 2829 1772 ἐχθρῶν,
2897 1699 2985 1756 δός
3022 1718 3112 1770 μοι
3169 1700 3373 1754 παιδία·
3427 1702 3580 1754 ούδέν

1995 1781 2222 1848 τούτων,
2272 1783 2406 1836 άλλά
2456 1785 2633 1838 πάντα
2673 1785 2832 1851 ἀφεὶς
2873 1784 2964 1836 ἐπὶ
3002 1784 3100 1854 τῆς
3135 1785 3237 1853 γῆς
3297 1783 3575 1855 ἐρρῖςρθαι,

1996 1868 2139 1919 αἰτεῖ
2169 1869 2318 1937 παρὰ
2343 1868 2446 1921 τοῦ
2465 1868 2600 1922 Θεοῦ
2632 1869 2805 1923 ταῦτα
2850 1866 2886 1922 ἀ
2921 1868 3072 1940 παρά
3110 1867 3204 1921 τοῦ
3237 1867 3372 1921 Θεοῦ
3409 1871 3580 1922 αίτεῖν

1995 1949 2222 2005 δίκαιον.
2274 1953 2338 2004 Τί
2372 1949 2508 2017 οῦν;
2561 1955 2622 2007 ού
2673 1953 2770 2013 δεῖ,
2842 1954 3025 2022 ςησὶν,
3080 1951 3314 2022 αἰσθητὰ
3365 1955 3576 2019 αίτεῖν;

1995 2037 2086 2087 Δεῖ
2106 2035 2223 2106 μὲν,
2255 2036 2390 2106 μετὰ
2425 2037 2623 2109 μέτρου
2658 2037 2714 2090 δὲ
2747 2035 2792 2099 i,
2816 2036 2890 2100 ὡς
2911 2039 2938 2090 0
2975 2035 3169 2090 Ἰακὼϐ
3195 2037 3386 2106 λέγων·
3437 2039 3581 2092 Ἐὰν

1994 2117 2077 2184 δῷ
2086 2137 2187 2188 μοι
2209 2121 2420 2187 Κύριος
2438 2121 2619 2189 ᾶρτον
2643 2120 2875 2190 φαγεῖν,
2903 2119 2998 2173 καί
3023 2119 3254 2188 ἱμάτιον
3273 2120 3581 2188 περιϐαλέ-

1994 2206 2154 2256 σθιιιν
2185 2205 2260 2266 ὡς
2292 2205 2320 2256 ὁ
2362 2204 2597 2274 Χριστὸς
2655 2205 2940 2257 ἐκέλευσεν
2992 2203 3242 2274 εῦχεσθαι
3297 2205 3574 2272 λέγοντας·

2000 2286 2110 2341 Τὸν
2136 2288 2316 2354 ἄρτον
2336 2287 2502 2356 ἡμῶν
2531 2289 2636 2341 τὸν
2654 2289 2967 2341 ἐπιούσιον
2990 2287 3094 2353 δὸς
3112 2288 3258 2353 ἡμῖν
3286 2289 3574 2358 σήμερον·⁹

1992 2371 2100 2441 πρὸ
2134 2371 2188 2424 δὲ
2217 2373 2435 2424 πάντων
2484 2372 2550 2425 τὰ
2581 2373 2942 2441 πνευματικά.
2989 2374 3052 2426 Ὃ
3087 2375 3179 2426 καὶ
3217 2374 3382 2438 αὐτὸς
3435 2378 3579 2429 ποιεῖ

1991 2462 2164 2531 λέγων
2184 2481 2196 2494 ·
2241 2464 2378 2519 Θοῦ.
2409 2465 2604 2531 Κύριε,
2642 2463 2926 2532 φυλακὴν
2959 2463 3038 2528 τῷ
3066 2465 3318 2532 στόματί
3342 2483 3481 2534 μου.

2064 2543 2216 2609 Εἶδες
2243 2547 2494 2610 σύνεσινς
2533 2543 2669 2610 εἶδες
2710 2548 3024 2616 φιλοσοφίαν
3058 2548 3123 2610 k;
3164 2551 3326 2602 πόθεν
3350 2550 3576 2621 ἄρχεται

1990 2631 2088 2701 τῆς
2112 2633 2407 2698 αἰτήσεως
2446 2632 2579 2684 ’Λπὸ
2625 2631 2717 2684 τοῦ
2776 2632 3032 2701 μεγίστου
3076 2631 3184 2682 τῶν
3219 2633 3577 2703 κατορθωμά-

1990 2734 2120 2778 των,
2159 2718 2251 2770 καὶ
2289 2717 2315 2768 ὃ
2343 2716 2558 2768 πάντων
2603 2715 2774 2768 αἴτιόν
2800 2718 2916 2768 ἐστι
2959 2715 3068 2766 τῶν
3098 2714 3306 2775 κακῶν,
3341 2716 3575 2783 ἀμελού-

1995 2818 2153 2870 μενον
2175 2819 2186 2832 ·
2233 2799 2422 2870 ὥσπερ
2452 2800 2560 2851 τῶν
2594 2799 2838 2866 ἀγαθῶν,
2875 2798 3326 2866 σπουδαζόμενον.
3355 2798 3434 2852 Τὰ
3466 2799 3576 2871 γὰρ

1995 2885 2164 2954 μυρία
2191 2883 2337 2936 κακὰ
2357 2886 2455 2954 τῆς
2479 2881 2777 2952 γλώττηςὴ
2808 2881 3026 2934 εὐκολία
3051 2880 3362 2950 ἐργάζεται,
3386 2881 3576 2953 ὥσπερ

1990 2961 2083 3021 οὖν
2122 2967 2190 3020 τά
2222 2966 2400 3035 ἀγαθὰ
2445 2968 2476 3037 ή
2514 2966 2802 3034 ἀσφάλεια.
2829 2964 3038 3034 Ὠσπερ
3085 2959 3177 3016 οὖν
3210 2963 3359 3015 οὐδὲν
3385 2963 3576 3033 ὄφελος

1989 3052 2186 3115 οἰκίας,
2225 3052 2284 3106 ού
2326 3051 2552 3112 πόλεως,
2588 3051 2648 3102 ού
2682 3049 2899 3119 τειχῶν,
2932 3049 2992 3100 οὐ
3035 3046 3238 3106 πυλῶν,
3274 3049 3334 3100 ού
3372 3047 3572 3120 θυρῶν,

1991 3135 2057 3188 ἂν
2089 3134 2161 3204 μὴ
2192 3128 2323 3187 ὦσιν
2351 3135 2399 3186 οἱ
2437 3135 2816 3202 φυλάττοντες,
2863 3131 2956 3183 καὶ
2985 3129 3184 3190 εἰδότες
3214 3130 3343 3182 πότε
3371 3131 3466 3198 μὲν
3495 3131 3577 3184 δεῖ

1988 3219 2208 3276 κλείειν,
2229 3219 2358 3271 πότε
2385 3218 2441 3271 δὲ
2468 3217 2734 3285 ἀνοίγειν·
2760 3215 2932 3278 οὕτως
2953 3213 3073 3266 οὐδὲ
3095 3211 3340 3282 γλώττης
3362 3213 3572 3282 ὄφελος,

1989 3303 2113 3356 ούδέ
2152 3303 2441 3370 στόματος,
2497 3301 2563 3354 ἂν
2598 3299 2671 3370 μὴ
2718 3297 2977 3368 λογισμὸς
3107 3297 3206 3366 τὴν
3244 3297 3448 3350 κλεῖσιν
3480 3299 3574 3351 καὶ

1989 3387 2089 3459 τὴν
2117 3387 2317 3450 ἄνοιξιν
2355 3383 2494 3455 μετά
2525 3382 2811 3455 ἀκριϐείας
2849 3383 2943 3434 καὶ
2984 3378 3185 3449 πολλῆς
3215 3379 3311 3450 τῆς
3344 3380 3573 3448 ἐπιστή-

1994 3488 2100 3540 μης
2139 3467 2627 3539 ἐπιτετραμμένος,
2681 3465 2775 3519 καὶ
2819 3462 2974 3527 εἰδὼς
3022 3462 3144 3516 τίνα
3184 3462 3282 3533 μὲν
3319 3463 3572 3532 ἐκφέρειν

1989 3552 2090 3617 δεῖ,
2118 3553 2240 3606 τίνα
2268 3551 2324 3604 δέ
2358 3550 2507 3603 ἔνδον
2532 3549 2805 3620 κατέχειν.
2835 3547 2910 3600 Οὐ
2940 3544 3183 3599 τοσοῦτοι
3215 3543 3345 3616 γὰρ,
3383 3547 3568 3615 φησὶν,

1989 3636 2184 3691 ἔπεσον
2209 3635 2318 3690 ἀπὸ
2361 3635 2657 3706 μαχαίρας,
2701 3633 2814 3684 ὅσοι
2840 3631 2948 3683 ἀπὸ
2987 3629 3252 3700 γλώττης.
3279 3630 3384 3682 Καὶ
3410 3630 3572 3684 πάλιν

1988 3722 2016 3773 0
2053 3720 2289 3791 Χριστός
2311 3738 2323 3748 ·
2370 3720 2452 3772 Οὐ
2490 3718 2562 3771 τὰ
2594 3715 2984 3783 είσερχόμενα
3012 3717 3098 3780 εὶς
3132 3713 3198 3766 τὸ
3228 3714 3420 3782 στόμα
3457 3731 3576 3768 κοι-

1987 3805 2089 3861 νοῖ
2111 3803 2218 3857 τὸν
2250 3803 2587 3870 ἄνθρωπον,
2637 3799 2800 3854 ἀλλὰ
2847 3797 2919 3850 τὰ
2963 3798 3404 3864 ἐκπορευόμενα
3449 3797 3572 3853 ἀπὸ

1989 3890 2096 3944 τοῦ
2123 3890 2445 3957 στόματος.
2473 3884 2584 3938 Καὶ
2610 3883 2772 3936 πάλιν
2789 3883 2994 3952 ἔτερος·
3023 3882 3292 3947 Ποίησον
3313 3881 3394 3946 τῷ
3427 3884 3569 3936 στό-

1982 3973 2128 4042 ματί
2158 3989 2275 4026 σου
2304 3971 2492 4039 θύραν
2514 3968 2614 4022 καὶ
2647 3967 2906 4036 μοχλόν.
2935 3957 3102 4028 Οὗτος
3132 3964 3189 4017 δέ
3221 3965 3408 4036 ἐπειδὴ
3443 3967 3571 4034 σφόο

1988 4057 2089 4126 δρα
2119 4054 2376 4108 δύσκολον
2399 4052 2459 4106 ὃν
2487 4048 2594 4104 οἶδε
2639 4050 2697 4102 τὺ
2732 4050 2984 4118 πρᾶγμα,
3021 4046 3117 4100 καὶ
3147 4047 3313 4117 εὐχὰς
3343 4048 3568 4119 προστι-

1990 4141 2137 4210 θησι,
2165 4141 2259 4192 καὶ
2284 4137 2376 4192 τὸν
2404 4135 2538 4189 Θεὸν
2573 4135 2653 4196 είς
2685 4133 2784 4199 τὴν
2816 4131 3130 4202 συμμαχίαν
3160 4131 3361 4200 ταύτην
3392 4131 3565 4186 καλεῖ.

1989 4225 2204 4278 Μᾶλλον
2228 4224 2285 4276 δὲ
2319 4222 2413 4274 καὶ
2455 4221 2660 4281 ἐκεῖνος
2688 4217 2748 4269 τὸ
2781 4215 2913 4269 αύτό
2942 4216 3100 4268 τοῦτο
3133 4215 3451 4278 αἰνίττεται,
3492 4216 3568 4280 ὡς

1987 4310 2115 4361 ὅταν
2141 4306 2304 4377 λέγῃο
2352 4305 2446 4368 Τίς
2471 4301 2649 4356 δώσει
2680 4301 2778 4353 ἐπὶ
2810 4298 2929 4352 τῶν
2957 4296 3205 4367 χειλέων
3224 4315 3344 4366 μου
3379 4314 3571 4367 σφρα-

1988 4391 2122 4462 γῖδα
2159 4387 2534 4456 πανοῦργον;
2573 4388 2665 4437 Δεῖ
2697 4385 2796 4454 μέν
2841 4383 2948 4454 γὰρ
2995 4383 3091 4435 καὶ
3124 4382 3191 4434 τὰ
3232 4382 3363 4454 παρ’
3407 4383 3570 4454 ἡμῶν

1988 4473 2263 4545 εἰσφέρειν
2301 4468 2354 4508 ι·
2391 4470 2470 4523 διὸ
2504 4470 2567 4540 δὴ
2597 4469 2690 4523 καὶ
2723 4469 2781 4520 ἐν
2808 4465 2958 4530 τάξει
2985 4466 3402 4538 προστάγματος
3437 4466 3569 4518 αὐτὸ

1985 4557 2195 4612 τέθεικε
2231 4555 2422 4623 λέγων·
2457 4555 2722 4621 Ποίησον
2751 4553 2940 4620 θύραν
2972 4550 3071 4603 καί
3099 4551 3355 4618 μοχλόν.
3387 4552 3476 4602 Δεῖ
3511 4549 3567 4604 δὲ

1987 4641 2081 4694 καὶ
2103 4640 2198 4707 τὴν
2234 4638 2385 4709 παρὰ
2421 4635 2515 4689 τοῦ
2551 4635 2686 4688 Θεοῦ
2738 4634 3056 4704 συμμαχίαν
3096 4632 3300 4693 καλεῖν,
3347 4633 3433 4684 ἵνα
3472 4633 3567 4686 καὶ

1987 4726 2020 4794 ἧ
2052 4722 2298 4794 ἡμετέρα
2345 4720 2548 4789 σπουδὴ
2583 4719 2661 4782 εἷς
2701 4716 2852 4789 [455]
2896 4717 3055 4788 ἔργον
3092 4715 3333 4784 γένηται.
3361 4715 3567 4770 Φυλάτ-

1985 4823 2166 4877 τωμεν
2195 4805 2373 4858 τοίνυν
2395 4804 2454 4855 1:0
2487 4803 2660 4872 στόμα
2687 4800 2970 4870 διηνεκῶς,
3007 4797 3154 4852 κλεῖν
3179 4798 3326 4869 αὐτῷ
3363 4798 3457 4852 τὸν
3482 4799 3567 4852 λο-

1986 4876 2182 4960 γισμὸν
2213 4886 2560 4948 ἐπιτιθέντες,
2595 4885 2694 4954 οὐχ
2743 4884 2829 4936 ἵνα
2865 4880 3130 4951 διηνεκῶς
3240 4881 3564 4954 κεκλεισμέ-

1985 4992 2094 5035 νον,
2119 4972 2233 5026 ἁλλ⁹
2260 4972 2347 5023 ἵνα
2370 4969 2512 5023 κατὰ
2537 4968 2726 5040 καιρὸν
2762 4966 3044 5036 ἀνοίγηται
3071 4965 3163 5018 τὸν
3195 4967 3560 5036 προσήκοντα.

1988 5059 2145 5110 Ἔστι
2179 5055 2288 5126 γὰρ
2310 5055 2398 5108 ὅτε
2427 5055 2460 5122 ἡ
2487 5053 2610 5121 σιγὴ
2637 5051 2833 5121 μᾶλλον
2859 5049 3105 5120 ὠφέλησε
3134 5048 3345 5114 λαλιᾶς,
3375 5049 3564 5123 ὥσπερ

1984 5142 2079 5195 καὶ
2107 5140 2266 5193 λαλιὰ
2311 5137 2509 5209 μᾶλλον
2544 5136 2722 5205 σιγῆς.
2763 5133 2860 5187 Διά
2898 5133 2962 5204 δὴ
2996 5132 3152 5186 τοῦτο
3197 5133 3291 5186 καὶ
3318 5135 3346 5186 ὁ
3390 5132 3566 5201 σοφώ-

1984 5250 2144 5295 τατος
2168 5233 2375 5293 ἐκεῖνος
2398 5229 2545 5297 ἔλεγε
2565 5245 2577 5257 ·
2616 5227 2832 5295 Καιρὸς
2859 5224 2965 5278 τοῦ
3011 5223 3283 5295 σιγῆσαι,
3314 5223 3412 5278 καὶ
3439 5241 3567 5279 καις

2046 5481 2075 5522 1³
2096 5483 2233 5531 Alius
2255 5479 2407 5537 ἐκείνη
2433 5480 2533 5541 μέν.
2559 5478 2666 5526 Mox
2694 5478 2775 5527 alil
2801 5480 2880 5526 καὶ
2900 5482 3044 5538 σῶμα
3065 5479 3237 5537 τίμιον.
3259 5471 3381 5525 Θοῦ.

2053 5549 2066 5583 ί
2102 5545 2243 5594 Alius
2264 5544 2349 5600 τήν
2372 5543 2552 5599 δέησιν.
2577 5541 2672 5590 καί.

2054 5611 2067 5658 ί
2112 5604 2261 5656 Savil.
2284 5604 2353 5652 δεῖ
2381 5604 2482 5664 μὲν,
2508 5604 2662 5664 μέτρῳ
2687 5603 2754 5651 δέ.

2051 5674 2073 5732 '5
2097 5668 2246 5732 Sai‘il-
2271 5665 2456 5732 σρφίενο
2517 5726 2530 5732 -
2773 5725 2786 5732 ,
2872 5725 2874 5727 .
3069 5720 3082 5732 .

2058 5729 2080 5770 ι
2104 5729 2185 5779 Sic
2203 5724 2355 5779 Savill
2380 5725 2554 5775 Morel.
2573 5733 2738 5774 autem
2767 5725 2994 5788 ἐκφέρειν,
3017 5724 3180 5773 minus
3196 5724 3354 5772 recte.
