4070 6340
300 325 410 381 εδδ

305 435 502 491 tacendi
529 442 618 500 ,τοι
659 442 863 500 tempus
907 425 1143 490 loquendi
1192 421 1397 492 (Eccli.
1426 421 1480 476 5.
1508 420 1539 474 7
1571 419 1612 480 ).
1639 417 1694 470 Si
1743 415 1885 470 enim

299 531 581 596 oporteret
628 537 722 576 ora
777 527 1031 589 perpetuo
1080 524 1303 585 patere,
1356 526 1460 565 non
1517 510 1666 564 facta:
1712 514 1891 561 essent

305 629 477 688 portu:
507 633 521 668 :
552 615 597 669 si
652 621 828 667 autem
875 616 1130 680 perpetuo
1184 604 1362 658 clausa
1405 617 1543 666 esse,
1597 616 1701 653 non
1741 604 1886 652 esset

310 721 448 776 opus
475 703 735 760 custodia.
762 700 910 768 Quod
929 698 1072 753 enim
1091 697 1330 751 clausum
1354 701 1457 752 est.
1487 705 1583 744 cur
1623 689 1744 758 quis
1787 703 1884 740 cu—

317 794 597 850 Stodierit?
643 792 750 847 Sed
796 798 1075 860 pmpterea
1106 796 1231 842 sunt
1277 792 1444 854 porta:
1469 793 1524 835 et
1553 779 1812 842 custodia,
1838 787 1895 831 ttt

314 887 571 949 faciamus
609 882 814 953 singula
844 892 1083 949 tempore
1130 873 1483 930 convenienti.
1534 871 1683 924 Alius
1711 881 1892 922 autem

318 977 465 1042 dicit,
495 975 686 1046 Jugum
715 982 760 1026 et
784 981 1020 1025 stateram
1036 973 1129 1041 ,fac
1161 969 1346 1037 lingua:
1365 973 1462 1019 tute
1482 963 1500 1035 (
1519 962 1652 1016 Ibid.
1670 960 1893 1030 28.29).

323 1067 581 1136 majorem
599 1064 817 1133 exigens
837 1061 1182 1130 diligentiam,
1199 1065 1257 1110 ut
1278 1071 1384 1110 non
1401 1055 1572 1108 solum
1597 1053 1754 1107 verba
1781 1065 1897 1120 qua:

322 1166 533 1226 Oportet
565 1155 868 1218 efferamus,
897 1151 989 1205 sed
1008 1151 1168 1205 etiam
1195 1163 1314 1203 cum
1337 1162 1398 1201 ea
1430 1162 1530 1215 qtta
1560 1159 1654 1213 par
1676 1150 1756 1197 est
1776 1156 1902 1194 cau-

327 1253 466 1302 tione
498 1257 552 1302 et
591 1254 837 1300 accurata
868 1241 1293 1296 consideratione
1338 1238 1450 1307 ipsa
1483 1234 1645 1290 veluti
1693 1231 1898 1302 ponde-

327 1353 506 1397 rantes
531 1339 807 1406 diligenter
832 1333 1214 1402 expendamus.
1248 1329 1302 1384 Si
1346 1328 1486 1382 enim
1536 1327 1636 1378 hoc
1683 1323 1902 1376 facimus

329 1434 379 1487 itt
412 1446 542 1484 auro
569 1438 622 1482 et
651 1426 868 1480 materia
896 1439 1014 1494 qua:
1053 1422 1252 1486 interit,
1279 1421 1380 1473 hoc
1424 1418 1588 1471 multo
1619 1415 1785 1484 magis
1831 1412 1904 1466 fa-

327 1523 572 1579 ciendum
604 1529 684 1574 est
714 1520 764 1572 in
795 1517 991 1580 verbis,
1024 1523 1081 1569 ut
1131 1513 1261 1567 nihil
1283 1511 1442 1574 desit,
1472 1523 1568 1562 nec
1613 1506 1896 1561 redundet.

323 1614 588 1682 Quocirca
616 1609 744 1664 dicit
781 1609 939 1662 etiam
971 1605 1232 1675 quispiam
1266 1621 1278 1656 ε
1318 1600 1528 1654 Verbum
1554 1616 1615 1652 ne
1644 1597 1906 1666 prohibue-

324 1709 401 1760 ris
444 1706 496 1756 in
535 1712 754 1770 tempore
798 1699 972 1752 salutis
1001 1701 1020 1767 (
1045 1695 1257 1748 ΗΜΛ.
1285 1692 1414 1759 28).
1470 1689 1654 1744 Vidisti
1701 1697 1908 1756 tempus

337 1793 532 1850 exitus?
574 1791 724 1844 Alius
762 1796 936 1841 autem
969 1786 1153 1839 dicens
1199 1793 1406 1850 tempus
1462 1779 1676 1840 silentii,
1710 1776 1905 1845 inquit:

336 1881 398 1936 Si
423 1893 494 1937 est
525 1882 610 1934 tibi
639 1895 820 1940 sermo,
847 1876 1091 1946 responde
1121 1890 1140 1928 :
1163 1875 1240 1928 sin
1269 1873 1452 1938 minus,
1479 1881 1583 1924 esto
1627 1885 1804 1921 manus
1825 1877 1911 1919 tua

336 1989 486 2041 :uper
517 1989 571 2024 os
603 1981 740 2024 tuum
771 1967 947 2040 (Ibid.
981 1967 1032 2019 5.
1065 1967 1130 2019 14
1151 1964 1190 2035 ).
1235 1965 1298 2017 Et
1327 1977 1527 2023 rursus,
1555 1960 1653 2024 Qui
1691 1957 1912 2011 abundat

338 2068 388 2118 in
417 2079 641 2117 sermone
662 2104 677 2128 ,
718 2062 833 2115 odio
863 2059 1121 2112 habebitur
1159 2056 1178 2128 (
1202 2055 1338 2109 Ibid.
1366 2054 1456 2108 20.
1487 2054 1579 2124 8).
1614 2053 1693 2116 lit,
1731 2050 1913 2103 Melior

328 2169 408 2210 .est
432 2156 578 2208 homo
598 2155 681 2224 qui
699 2153 824 2206 celat
843 2150 1105 2204 stultitiam
1123 2164 1284 2209 suam,
1306 2163 1456 2216 quant
1478 2146 1623 2197 homo
1640 2143 1724 2211 qui
1750 2142 1914 2194 occul-

343 2259 410 2300 tat
425 2247 719 2317 sapientiam
739 2259 881 2297 suout
921 2240 1098 2312 (Ibid.
1129 2255 1175 2292 υ.
1211 2237 1334 2308 55).
1357 2237 1596 2290 Audivisti
1615 2232 1916 2287 sermonem?

342 2339 592 2392 Moriatur
610 2337 661 2388 in
682 2347 746 2388 te.
777 2332 1004 2400 Con/ide,
1031 2347 1128 2383 non
1159 2338 1203 2382 te
1233 2337 1429 2396 runtpet
1460 2325 1640 2395 (Ibid.
1671 2324 1753 2378 19.
1785 2320 1913 2392 10

342 2430 412 2484 Et
441 2443 646 2493 rursus,
699 2426 742 2479 Α
778 2425 906 2496 facie
937 2422 1068 2476 verbi
1096 2420 1338 2490 parturiet
1363 2417 1578 2478 stultus,
1628 2423 1680 2466 ut
1722 2431 1753 2466 a
1790 2414 1919 2484 facie

345 2519 555 2587 infantis
581 2532 824 2586 puerpera
841 2512 996 2584 (Ibid.
1016 2527 1062 2564 υ.
1097 2511 1208 2578 11).
1232 2506 1429 2561 Deinde
1457 2507 1614 2559 etiam
1647 2503 1712 2557 de
1740 2500 1916 2555 modo:

346 2608 590 2676 Loquere,
613 2602 996 2667 adolescentule,
1017 2601 1058 2653 si
1089 2616 1214 2669 opus
1233 2598 1295 2650 sit
1323 2598 1431 2663 tibi,
1453 2597 1535 2649 vix
1557 2596 1627 2647 bis
1650 2611 1667 2648 .'
1697 2595 1738 2645 si
1765 2594 1918 2645 iatcr-

346 2709 554 2769 rogatus
585 2697 760 2768 fueris,
791 2696 842 2747 in
869 2695 1060 2747 brevem
1102 2707 1349 2745 summam
1377 2690 1550 2759 paucis
1577 2689 1732 2740 multa
1754 2687 1922 2756 redige

352 2789 512 2862 (Ibid.
535 2787 623 2842 5'2.
651 2786 737 2841 10.
771 2785 884 2856 11).
922 2784 1106 2853 Magna
1132 2782 1272 2836 enim
1305 2780 1762 2834 anitnadvcrsimte
1789 2791 1922 2846 opus

350 2893 461 2949 est,
495 2890 552 2936 ut
590 2881 780 2948 linguae
828 2885 1090 2947 potestate
1115 2883 1268 2929 caute
1308 2882 1365 2928 et.
1401 2886 1588 2926 secure
1633 2871 1814 2923 utaris.
1862 2869 1925 2920 Et

353 2973 469 3028 ideo
488 2986 672 3027 rursus
691 2969 822 3024 dixit
842 2985 854 3020 :
873 2967 965 3021 Est
987 2966 1324 3037 reprehensio,
1347 2973 1392 3016 et
1413 2972 1595 3015 nonest
1617 2958 1924 3026 tempestiva:

344 3076 396 3119 [et
438 3074 508 3118 est
534 3075 699 3116 tacens
727 3061 926 3130 aliquis,
955 3059 1040 3126 qui
1079 3057 1324 3110 invenitur
1363 3054 1564 3122 sapiens
1594 3051 1612 3121 (
1645 3051 1780 3104 Ibid.
1838 3049 1921 3103 l9.

347 3156 439 3211 28.
467 3156 555 3210 20.
589 3154 686 3224 5).
729 3152 843 3207 Non
887 3152 1055 3205 solum
1095 3148 1234 3203 enim
1263 3156 1472 3216 oportet
1502 3154 1675 3197 tacere
1702 3151 1751 3196 ct
1785 3140 1922 3208 loqui

351 3255 672 3316 opportune,
717 3243 811 3298 sed
857 3243 1014 3296 etiam
1056 3255 1174 3294 cum
1219 3251 1404 3306 magna
1453 3235 1638 3304 gratia.
1670 3225 1924 3299 Quocirca

348 3338 564 3393 dicebat
584 3335 778 3391 Paulus
797 3377 810 3400 ,
839 3334 1018 3388 Sermo
1047 3341 1202 3385 vester
1228 3329 1291 3382 sit
1327 3343 1520 3396 semper
1545 3327 1596 3377 in
1617 3325 1786 3395 gratia
1823 3323 1927 3376 sale

351 3431 606 3494 conditus,
644 3437 698 3480 ut
724 3428 895 3482 sciatis
916 3422 1162 3493 quomodo
1191 3427 1416 3490 oporteat
1446 3433 1529 3470 vos
1555 3417 1604 3468 in
1635 3430 1928 3483 unoquoque

358 3520 661 3589 respondere
691 3516 904 3586 (Coloss.
933 3516 986 3568 4.
1006 3514 1082 3583 6).

427 3612 652 3667 Maxime
682 3618 882 3679 prapter
915 3604 1214 3673 sacriﬁcium
1242 3601 1465 3670 corporis
1511 3599 1711 3652 Domini
1757 3597 1930 3665 lingua

353 3713 530 3759 sancta
578 3717 682 3757 esse
725 3696 1151 3766 debet.—-Cogita
1184 3693 1283 3747 hoc
1308 3707 1426 3746 esse
1457 3692 1748 3744 membrum
1776 3731 1789 3749 ,
1835 3702 1929 3756 per

357 3797 498 3868 quod
523 3811 642 3851 cum
669 3795 778 3848 Deo
805 3790 1174 3858 colloquimur,
1201 3801 1296 3855 per
1321 3783 1460 3854 quod
1485 3784 1664 3836 laudes
1689 3780 1926 3835 celebra-

361 3903 498 3943 mus.
527 3887 637 3942 lloc
666 3892 748 3940 est
775 3881 1072 3937 membrum
1093 3921 1108 3946 ,
1132 3893 1231 3947 per
1258 3874 1398 3946 quod
1427 3872 1745 3927 horrendum
1774 3870 1930 3923 sacri.

359 3978 536 4033 licium
558 3975 893 4043 suscipimus.
913 3971 1097 4026 Sciunt
1120 3967 1300 4021 tidelcs
1326 3965 1464 4034 quod
1487 3964 1694 4016 dicitur.
1723 3963 1783 4015 Et
1814 3961 1930 4014 ideo

360 4075 571 4139 oportet
597 4067 647 4121 id
677 4081 796 4121 esse
824 4065 1049 4119 liberum
1080 4060 1147 4114 ab
1173 4058 1316 4112 onmi
1356 4056 1714 4119 accusatimne,
1763 4054 1931 4107 male-

359 4160 523 4224 dicto,
549 4158 713 4213 verbo
738 4155 990 4210 obscaeno
1011 4192 1026 4216 ,
1059 4161 1113 4204 et
1152 4149 1438 4203 calumnia.
1465 4147 1531 4199 Et
1557 4148 1598 4198 si
1631 4161 1726 4198 nos
1756 4146 1930 4211 aliqua

361 4251 553 4307 lasciva
579 4258 634 4305 et
659 4246 920 4316 impudica
949 4242 1199 4313 cogitatio
1221 4245 1420 4308 urgeat,
1454 4252 1515 4291 ea
1540 4238 1677 4289 intus
1711 4245 1793 4290 est
1817 4233 1930 4287 suf—

363 4341 606 4407 focanda,
645 4354 746 4394 nec
772 4332 1183 4407 permittendum
1215 4340 1270 4383 ut
1303 4330 1354 4382 in
1383 4329 1542 4382 verba
1569 4334 1724 4379 t-xoat
1751 4343 1763 4376 :
1793 4333 1848 4378 et
1887 4325 1930 4378 si

361 4441 672 4502 exasperato
684 4429 859 4483 animo
873 4426 1057 4480 feraris
1073 4422 1136 4476 ad
1153 4419 1529 4487 erumpendum
1550 4420 1596 4470 in
1615 4418 1930 4481 simultates,

366 4525 452 4578 illa
481 4537 690 4593 quoque
720 4518 867 4572 radix
911 4523 993 4570 est
1038 4510 1372 4574 exsiccauda,
1401 4509 1592 4562 ostium
1636 4516 1718 4560 est
1755 4515 1932 4560 costi»

363 4614 616 4669 diendum
648 4619 703 4665 et
740 4615 985 4664 accurate
1008 4601 1398 4659 observandum
1435 4598 1507 4668 (a)
1541 4614 1554 4650 :
1593 4611 1691 4650 nec
1721 4595 1933 4664 permit.-

427 4723 500 4785 (a)
537 4729 586 4770 In
607 4728 767 4769 (ἶΓῖΒῶ
790 4732 802 4767 ζ
830 4725 905 4770 liv
930 4727 1140 4779 μροψυιια
1159 4739 1215 4771 τις
1237 4719 1494 4762 ἂιοδυσπιτιῐν
1505 4735 1558 4785 -σι
1579 4717 1846 4771 umquam“,
1875 4717 1936 4757 καὶ

364 4781 496 4844 «eis;
517 4793 756 4844 ἀνιεηρειηιν
776 4792 842 4840 τήν
863 4790 992 4844 ῥίζαν,
1021 4789 1080 4826 ut
1101 4786 1242 4844 ἀστιβῆ
1279 4785 1484 4844 «quis?»
1505 4781 1618 4844 εχιιγ.
1641 4781 1934 4844 “tmpestas.

365 4829 644 4907 ᾆξᾶᾇξέςνίῖἱίἓ
654 4829 1012 4907 longeie'rravit
1035 4829 1610 4907 _Get_tiianus'.tterv‘etu_s,
1633 4829 1718 4907 qui
1734 4829 1801 4878 sic
1817 4842 1936 4897 cou-

367 4888 550 4954 ir'e—r—ti't':
563 4888 640 4952 Et
648 4888 700 4965 si
717 4888 923 4965 ipitsillus
945 4905 990 4948 et
1013 4896 1244 4948 demissus
1265 4895 1452 4944 animus
1473 4888 1680 4965 facit,
1699 4888 1826 4965 loqui
1841 4902 1935 4958 non

365 4950 676 5023 dieidem
697 4950 828 5026 apud
864 4969 908 5010 te
922 4970 1209 5026 mttrntttres,
1234 4969 1290 5006 ea
1313 4950 1494 5026 quoque
1516 4951 1670 5026 radiat
1688 4956 1756 5000 est
1775 4950 1935 5000 exsic-

365 5027 540 5076 oanda.
557 5015 686 5086 'Tuta
707 5015 767 5074 sit
787 5030 942 5086 porta,
960 5027 1006 5070 et
1029 5020 1237 5086 perfecta
1259 5015 1489 5086 custodia.
1516 5021 1707 5086 IttIroce
1736 5024 1932 5086 nempe,

367 5073 608 5152 asia...
634 5073 800 5152 laniatis
815 5091 910 5152 εὲῐτ
932 5073 1055 5152 una?
1077 5073 1176 5152 τάξι.
1192 5084 1456 5140 Perpetuus
1493 5073 1762 5152 "‘“uom‘li.
1787 5073 1936 5145 me?

369 5134 824 5213 pretufnﬁis'eopulus.
844 5134 922 5213 Est
960 5134 1088 5191 enim
1129 5134 1225 5213 hic,
1249 5134 1490 5213 ptZIpo-tlnr‘ia,‘
1509 5150 1602 5184 tton
1626 5134 1935 5213 pusillanittti-

367 5197 577 5268 iamnon
593 5197 830 5256 demissus
848 5206 1052 5268 animus,
1071 5202 1198 5264 quod
1215 5197 1428 5268 quidem,
1452 5200 1494 5247 si
1514 5197 1936 5268 nominisetymon

366 5257 581 5332 stuictes,
607 5282 665 5316 ea
682 5280 807 5332 voce
828 5257 1146 5332 siguiticatu'r;
1170 5257 1256 5310 sed
1289 5260 1376 5332 hoc
1410 5260 1521 5330 loco.
1540 5263 1591 5307 et.
1609 5257 1936 5332 possintapud

369 5321 534 5380 Patres
569 5321 804 5391 signiﬁcat.
838 5321 1047 5391 adimunt
1088 5321 1462 5391 esasperatum.
1483 5321 1792 5391 simultatem,
1839 5331 1936 5365 non

365 5391 564 5456 quidem
584 5381 793 5456 animum
814 5388 896 5456 qui
921 5385 1050 5448 loqui
1085 5398 1181 5456 non
1208 5381 1396 5456 audeat
1414 5388 1474 5456 et
1492 5381 1617 5456 apud
1640 5391 1935 5456 semurtnu-

366 5439 465 5510 r‘é’t,’
482 5439 536 5501 ut
560 5453 708 5501 vertit
743 5439 1025 5510 Gordianus;
1051 5444 1324 5510 sed_qui__ad
1348 5439 1536 5510 publica
1555 5440 1766 5510 dissidta,
1797 5439 1936 5510 etsi-

368 5499 844 5566 inultatescoucitet,
870 5511 966 5557 imo
988 5499 1091 5568 ipsa
1111 5499 1322 5568 dissidia,
1345 5499 1562 5568 divortia,
1587 5499 1938 5568 rixa,_publica

367 5561 493 5630 odia.
517 5561 752 5636 (tamen.
797 5561 1045 5636 vocantur.
1086 5575 1213 5636 Haec.
1233 5565 1334 5636 vult
1357 5564 1549 5613 dissidia
1583 5570 1634 5610 et
1663 5564 1771 5636 odia
1792 5561 1936 5636 chry-

368 5622 784 5685 sosmtitu's’stﬁtim
817 5632 955 5682 obrui
997 5636 1049 5678 et
1090 5628 1364 5688 exstingui.
1391 5639 1460 5676 ne
1499 5629 1751 5688 erumpant
1793 5622 1935 5670 foras.

371 5697 485 5745 \‘ide
515 5695 845 5745 Unomasticon
879 5702 1092 5742 uestrum
1133 5691 1192 5739 ad
1227 5685 1379 5752 Opera
1419 5686 1661 5738 Athanasii
1699 5685 1748 5732 in
1785 5696 1934 5743 voce,

369 5771 591 5819 βαίη-Μι-

1433 298 1789 361 EXPOSITIG
1826 298 1891 354 IN
1929 297 2251 356 PSALMUM
2289 296 2446 354 CXL.

3465 299 3572 355 ιδι

1997 415 2216 469 tendum
2244 423 2359 477 est.
2390 423 2448 468 ut
2493 413 2633 469 intus
2659 412 2797 469 mala
2821 410 3042 469 consilia
3085 424 3356 484 pariantur
3383 431 3396 466 :
3429 423 3483 468 et
3521 415 3568 468 si

1999 507 2307 576 pariuntur,
2339 521 2400 559 ea
2428 516 2554 560 sunt
2579 505 2719 559 intus
2746 505 3052 560 sull'ocanda
3073 545 3089 570 ,
3120 513 3175 558 et
3193 514 3276 559 est
3304 504 3451 560 radix
3479 519 3570 559 eo-

1997 613 2110 651 rum
2138 598 2470 653 exsiccanda.

2095 709 2148 762 5.
2208 709 2354 762 Hanc
2406 708 2587 762 habuit
2636 708 2736 763 Job
2787 709 3079 762 custodiam
3110 751 3126 772 ,
3169 717 3224 762 et
3281 707 3400 762 ideo
3450 715 3570 760 nul-

2000 801 2106 853 lum
2157 801 2374 854 verbum
2435 801 2811 854 inconcinnum
2877 801 3132 868 protulit,
3181 798 3272 854 sed
3344 800 3572 852 maxima

2001 891 2210 960 quidem
2242 907 2305 946 ex
2351 901 2498 958 parte
2552 893 2756 945 tacuit:
2788 893 2999 960 quando
3042 901 3215 945 autem
3261 907 3379 945 eum
3434 889 3576 959 loqui

2001 998 2118 1036 cum
2151 999 2313 1037 uxore
2357 983 2627 1051 oportuit,
2685 983 2930 1051 loquutus
2967 993 3051 1036 est
3099 982 3256 1034 verba
3304 981 3579 1049 sapientia:

2003 1073 2178 1142 plena.
2221 1073 2351 1126 Tum
2396 1074 2609 1127 demum
2671 1075 2814 1127 enim
2854 1072 3023 1125 solum
3097 1071 3414 1140 loquendum
3461 1080 3578 1135 est,

2005 1165 2216 1234 quando
2243 1181 2360 1234 qua:
2385 1165 2653 1230 dicuntur,
2699 1165 2814 1232 plus
2840 1172 3060 1233 prosunt
3083 1178 3240 1232 quam
3287 1163 3578 1216 silentium.

2005 1256 2260 1324 Quocirca
2309 1255 2552 1311 Christus
2595 1271 2803 1325 quoque
2846 1255 3052 1309 dicebat
3107 1272 3120 1307 :
3177 1252 3336 1307 Omne
3381 1252 3583 1306 verbum

2007 1349 2241 1412 otiosum,
2271 1347 2410 1416 quod
2451 1346 2639 1414 loquuti
2683 1347 2868 1415 fuerint
2899 1346 3142 1409 homines,
3173 1343 3360 1398 dabunt
3410 1360 3502 1414 pro
3527 1360 3584 1396 eo

2008 1440 2253 1491 rationem
2274 1436 2578 1503 (Matt/uid.
2605 1437 2714 1508 36).
2771 1438 2835 1490 Et
2866 1436 3090 1501 l’aulus,
3120 1433 3300 1489 Sermo
3331 1433 3585 1487 obscaenas

2011 1544 2073 1582 ea:
2119 1544 2204 1581 ore
2237 1538 2393 1580 vestro
2421 1545 2519 1580 non
2559 1530 2764 1595 prodeat
2805 1526 3021 1598 (lfpltes.
3050 1527 3110 1580 4.
3154 1527 3266 1596 29).
3310 1524 3586 1592 Quomodo

2011 1627 2186 1672 autent
2220 1617 2376 1672 fuerit
2421 1629 2526 1672 tuta
2555 1619 2671 1672 haec
2695 1618 2892 1686 janua,
2933 1626 2987 1671 et
3031 1627 3274 1670 accurata
3315 1615 3584 1680 custodia,

2012 1713 2132 1764 audi
2163 1713 2320 1765 alium
2352 1712 2614 1766 dicentem
2647 1730 2660 1764 :
2697 1711 2871 1764 Omnis
2909 1711 3132 1764 narratio
3161 1722 3249 1764 tua
3284 1712 3347 1764 sit
3387 1711 3440 1763 in
3485 1711 3590 1778 lege

2017 1803 2258 1854 Altissimi
2285 1800 2468 1871 (Eccli.
2499 1802 2552 1856 9.
2583 1803 2696 1871 25).
2735 1802 2788 1856 Si
2831 1802 2969 1855 enim
2997 1801 3243 1856 didiceris
3289 1802 3418 1857 nihil
3447 1801 3587 1869 loqui

2015 1906 2490 1959 supervacaneum,
2519 1891 2611 1946 sed
2641 1891 2936 1945 divinarum
2973 1891 3364 1960 Scripturarnnt
3408 1906 3590 1942 narra-

2018 1980 2159 2036 tione
2186 1990 2413 2036 mentem
2445 1993 2498 2035 et
2525 1996 2586 2035 os
2617 1990 2760 2034 tuum
2792 1989 3047 2049 perpetuo
3075 1983 3216 2034 muni
3252 1993 3312 2045 s,
3340 1979 3442 2032 erit
3469 1994 3590 2031 cus-

2020 2075 2158 2126 todia
2197 2074 2384 2143 qu0vis
2428 2074 2708 2128 adamante
2751 2075 2930 2126 tutior.
2977 2073 3076 2125 Per
3129 2087 3190 2124 os
3218 2073 3358 2125 enim
3416 2071 3593 2122 multa:

2018 2174 2141 2218 sunt
2186 2167 2286 2219 viae
2332 2166 2595 2228 interitus,
2629 2174 2686 2218 ut
2713 2163 2923 2234 quando
2970 2164 3086 2230 quis
3127 2163 3377 2216 obscmna
3430 2161 3590 2214 verba

2019 2255 2270 2326 loquitur,
2317 2256 2528 2325 quando
2574 2255 2751 2309 verbis
2793 2254 3102 2308 scurrilibus
3153 2255 3335 2318 utitur,
3384 2251 3592 2322 quando

2020 2363 2206 2400 vanam
2233 2364 2338 2417 prze
2363 2363 2421 2402 se
2447 2348 2538 2400 fert
2562 2348 2806 2416 gloriam,
2831 2346 3041 2416 quando
3061 2360 3119 2398 se
3143 2342 3596 2414 tnagttiliccjactat

2021 2449 2072 2492 et
2092 2439 2361 2505 gloriatur,
2383 2448 2441 2492 ut
2469 2438 2766 2492 Pharisasus
2789 2478 2803 2500 ,
2835 2439 2922 2505 qui
2954 2437 3202 2506 quoniam
3228 2433 3308 2488 eti
3331 2448 3427 2487 suo
3455 2432 3595 2486 iores

2023 2545 2127 2582 non
2159 2529 2356 2582 obdidit
2379 2570 2396 2596 ,
2441 2529 2618 2598 paucis
2661 2530 2836 2582 verbis
2873 2541 3216 2596 quatenntquc
3239 2534 3386 2579 erant
3418 2525 3595 2588 intus,

2024 2622 2185 2674 otiosa
2211 2630 2334 2674 sunt
2361 2636 2373 2673 :
2409 2621 2604 2675 idcirco
2629 2620 3068 2689 quemadmodum
3097 2620 3284 2671 domus
3312 2619 3394 2670 cui
3443 2613 3598 2668 nulla:

2025 2722 2205 2768 essent
2247 2715 2410 2778 fores,
2441 2714 2560 2782 quia
2605 2713 2907 2768 thesaurum
2939 2712 3024 2780 qui
3056 2712 3253 2780 positus
3283 2721 3396 2762 erat
3436 2709 3596 2765 intus.

2025 2821 2342 2860 conservare
2372 2822 2476 2859 non
2519 2807 2719 2874 potuit,
2765 2815 2981 2872 repente
3030 2817 3229 2871 pauper
3281 2801 3450 2853 laetus
3497 2807 3599 2851 est.

2025 2897 2313 2952 Considera
2339 2897 2462 2948 mihi
2497 2912 2705 2964 quoque
2735 2895 2895 2947 altum
2920 2935 2933 2954 ,
2964 2893 3052 2962 qui
3082 2902 3296 2962 propter
3327 2890 3599 2957 magniﬁca

2027 3005 2119 3042 sua
2150 2988 2308 3040 verba
2334 2987 2573 3040 similiter
2596 2987 2765 3054 periit.
2803 2986 2941 3038 Dixit
2978 2986 3116 3036 enim
3139 3022 3155 3047 ,
3183 2982 3388 3050 inquit,
3431 2980 3600 3047 Super

2027 3091 2162 3132 astra
2215 3078 2326 3133 ειυιὶ
2355 3095 2538 3148 ponant
2572 3079 2737 3130 sedem
2779 3094 2940 3130 nteant
2969 3075 3118 3146 (lsai.
3164 3076 3246 3128 14.
3286 3075 3390 3142 15).
3434 3071 3601 3126 Juda-i

2029 3183 2202 3224 autem
2229 3172 2347 3239 qttia
2381 3170 2605 3238 proximi
2632 3170 2782 3221 malis
2813 3169 3073 3232 lauantur,
3101 3181 3238 3220 nunc
3260 3166 3470 3234 quidem
3503 3179 3601 3215 au-

2031 3263 2178 3316 dittttt
2210 3280 2221 3312 :
2257 3262 2384 3326 Quia
2413 3260 2612 3321 dixisti,
2643 3255 2816 3330 Euge,
2850 3265 3013 3329 [actus
3040 3270 3111 3311 est
3155 3267 3209 3310 ut
3245 3258 3450 3323 reliqua:
3477 3272 3600 3325 gen-

2031 3367 2099 3408 tes
2126 3354 2323 3407 Israel:
2355 3369 2493 3407 nunc
2519 3364 2692 3408 autem
2721 3354 2924 3421 probris
2943 3355 3293 3411 incessuntur,
3325 3361 3599 3419 propterea

2031 3447 2169 3516 quod
2216 3457 2578 3509 murmurant,
2602 3455 2653 3498 et
2682 3445 2896 3508 dicunt,
2933 3432 3108 3497 Umnis
3131 3446 3212 3514 qui
3246 3445 3362 3514 facit
3395 3444 3599 3503 malum,

2032 3540 2211 3591 bonum
2249 3554 2419 3590 coram
2469 3537 2685 3589 Domino
2706 3577 2718 3594 .
2748 3537 2854 3602 ipse
2881 3552 3072 3606 quoque
3105 3536 3157 3587 in
3189 3537 3257 3586 eis
3278 3532 3600 3599 COa'llf-lltt‘llll.

2032 3629 2098 3684 Et
2127 3647 2215 3684 nos
2243 3631 2431 3683 alienos
2478 3631 2643 3682 beatos
2672 3629 2918 3693 ducimus,
2949 3638 2993 3680 et
3020 3627 3390 3694 rewdiﬁcatttur
3409 3642 3493 3693 qut
3521 3626 3605 3692 fa-

2030 3721 2167 3773 ciunt
2206 3722 2412 3774 scelera.
2476 3720 2592 3772 Non
2655 3736 2764 3772 ecce
2813 3721 2918 3773 lucc
2972 3720 3159 3785 scripta
3211 3727 3325 3770 sunt
3373 3717 3426 3768 in
3479 3714 3606 3768 libro

2033 3812 2286 3880 (Malaclt.
2336 3812 2504 3864 2.17.
2543 3822 2588 3863 et
2632 3811 2684 3863 5.
2730 3811 2854 3878 15)?
2903 3811 3001 3862 Alii
3046 3821 3259 3877 propter
3306 3819 3605 3879 murmura-

2034 3905 2266 3969 tionem,
2310 3913 2367 3957 ιιι
2417 3904 2542 3956 dicit
2586 3903 2806 3956 Paulus:
2864 3901 3042 3966 Neque
3092 3915 3455 3952 murmuremns
3480 3899 3606 3950 sicut

2034 3994 2263 4049 nonnulli
2307 4010 2479 4047 eorum
2506 4003 2880 4046 murmurarmtt
2901 4034 2914 4056 ,
2945 4004 2990 4046 et
3014 3994 3264 4060 perierunt
3287 3989 3349 4042 ab
3375 3991 3607 4042 extermi-

2034 4096 2209 4141 natore
2239 4086 2325 4157 (l.
2371 4083 2489 4140 Cor.
2537 4085 2774 4154 10.10).
2818 4085 2883 4138 Ει
2918 4085 3128 4153 quando
3177 4082 3604 4136 nturmurarunt'l

2035 4177 2254 4242 Quando
2280 4174 2806 4230 dicebantzEduxisti
2833 4191 2922 4227 nos
2958 4183 3010 4226 ut
3035 4174 3284 4226 occideres
3312 4175 3360 4226 in
3390 4173 3602 4236 deserto,

2035 4267 2176 4336 quasi
2200 4282 2301 4318 non
2325 4274 2483 4318 essent
2510 4268 2827 4316 monumenta
2847 4265 2898 4316 in
2926 4262 3153 4334 .‘Egypto
3170 4262 3360 4334 (Exod.
3384 4262 3469 4316 14.
3495 4261 3601 4331 11).

2038 4358 2141 4412 Alii
2181 4367 2397 4428 propter
2423 4356 3108 4425 ludum,quemadmodum
3153 4355 3312 4418 dicit,
3367 4353 3603 4408 Comede-

2037 4460 2154 4504 runt
2181 4461 2225 4504 et
2246 4451 2504 4514 biberunt,
2549 4459 2594 4502 et
2635 4459 2953 4502 surrexerunt
2994 4448 3060 4500 ad
3098 4447 3370 4501 ludendum
3417 4445 3599 4514 (Exod.

2039 4544 2126 4598 52.
2161 4541 2236 4610 6).
2286 4542 2385 4594 Alii
2419 4551 2632 4611 propter
2662 4539 2964 4593 maledicta.
3009 4538 3187 4592 Omnis
3215 4539 3344 4591 enim
3379 4538 3465 4604 qui
3490 4535 3613 4590 dicit

2039 4633 2189 4703 fratri
2218 4648 2308 4684 suo
2329 4673 2342 4693 ,
2373 4631 2536 4683 Fatue
2556 4672 2570 4689 .
2604 4647 2716 4683 reus
2740 4631 2830 4682 erit
2849 4630 3044 4699 judicio
3068 4628 3275 4700 (Matth.
3307 4629 3359 4684 5.
3400 4627 3514 4697 ἓξ).
3549 4628 3612 4680 Et

2042 4724 2125 4778 his
2171 4724 2323 4791 longe
2375 4722 2553 4790 plures
2598 4730 2812 4790 ptopter
2857 4720 2956 4772 alia
3009 4721 3297 4788 perierunt,
3345 4735 3464 4772 cunt
3503 4734 3606 4770 non

2039 4815 2410 4873 custodiissent
2435 4829 2526 4866 ora
2556 4828 2670 4866 sua.

2113 4914 2315 4968 Silentii
2339 4912 2663 4980 intempestivi
2686 4911 2873 4963 malum
2893 4925 2910 4973 ;
2934 4909 3126 4978 afflictis
3153 4906 3612 4960 condolendum.—-

2040 5005 2188 5072 Quod
2221 5005 2264 5058 si
2289 5006 2365 5057 vis
2393 5005 2572 5057 videre
2617 5003 2897 5056 nonnullos
2923 5002 3079 5055 etiam
3122 5003 3293 5068 perire
3317 5015 3378 5053 ex
3425 5001 3614 5052 intent-

2042 5099 2246 5168 pcstivo
2277 5097 2485 5149 silentio
2507 5137 2522 5160 ,
2554 5112 2651 5163 ego
2683 5096 2772 5147 tibi
2804 5093 3099 5146 ostendant.
3131 5091 3188 5145 Si
3217 5090 3354 5143 euittt
3377 5130 3388 5148 ,
3421 5090 3607 5158 inquit,

2044 5187 2230 5257 papula
2258 5205 2353 5239 non
2377 5186 2682 5246 distinxeris,
2707 5185 2794 5236 ille
2819 5183 3018 5247 quidem
3063 5184 3299 5235 morietur
3327 5182 3377 5232 in
3409 5188 3609 5247 peccato

2039 5295 2152 5344 suo,
2172 5279 2463 5346 sanguinem
2485 5287 2648 5327 autem
2671 5276 2776 5344 ejus
2796 5291 2822 5326 e
2850 5291 3001 5326 manu
3021 5284 3106 5325 tua
3126 5273 3372 5340 requirant
3401 5269 3607 5339 (Ezech.

2041 5370 2094 5424 '5.
2117 5369 2232 5434 20).
2263 5369 2412 5420 Alius
2433 5407 2446 5430 ,
2479 5367 2616 5434 quod
2651 5366 2790 5417 ttttllo
2823 5365 3001 5417 habito
3031 5364 3336 5416 discriminc
3365 5360 3610 5428 loquatur

2041 5476 2161 5514 cum
2190 5460 2452 5527 aliquibus
2472 5499 2486 5521 ,
2509 5468 2562 5510 ct
2589 5473 2705 5525 quae
2733 5456 2831 5510 sibi
2851 5455 3048 5508 credita
3071 5463 3194 5507 sunt
3220 5450 3458 5505 eﬂ'undit.
3493 5447 3608 5501 No-

2045 5551 2130 5605 lite
2150 5593 2164 5616 ,
2199 5552 2400 5619 inquit,
2424 5551 2547 5603 dare
2571 5560 2745 5602 sancta
2769 5547 2994 5610 canibus,
3022 5562 3112 5598 nec
3151 5544 3378 5614 projicite
3403 5558 3609 5612 marga-

2042 5653 2165 5696 ritas
2191 5653 2374 5695 vestras
2401 5651 2516 5694 ante
2547 5656 2726 5709 porcos
2759 5639 2968 5708 (Matth.
3015 5639 3067 5690 7.
3099 5637 3175 5706 6).
3211 5636 3356 5689 Alius
3399 5642 3611 5703 propter

2050 5736 2210 5789 risum
2233 5777 2245 5797 ,
2271 5743 2322 5787 et
2363 5734 2483 5788 idco
2512 5734 2676 5787 dicit:
2717 5733 2803 5786 Vae
2829 5734 2962 5785 vobis
2999 5732 3084 5799 qui
3128 5729 3324 5791 ridetis,
3375 5726 3615 5793 quoniam
