4070 6340
475 349 581 408 435

477 461 660 534 flebitis
690 460 836 532 (Luc.
864 458 920 515 6.
940 456 1059 526 25).
1085 455 1277 512 Vidisti
1297 453 1564 525 quomodo
1587 469 1648 508 os
1677 453 1899 523 perdat?
1932 451 2064 507 Vide

476 556 638 608 etiam
687 563 870 608 contra
920 549 1189 622 quomodo
1217 563 1279 603 os
1303 558 1601 603 conservet.
1645 548 1829 601 Vidisti
1880 546 2068 602 Phari-

479 659 644 698 s:eum
697 659 790 713 per
819 645 990 714 ipsum
1021 640 1375 712 pereuntem?
1416 640 1543 693 Vide
1586 640 1924 709 publicanum
1970 655 2067 708 per

479 736 654 800 ipsum
692 742 1088 789 conservatum.
1140 730 1329 785 Vidisti
1358 731 1646 800 gloriosum
1697 745 1759 783 ac
1803 731 2066 799 magnilo-

480 842 642 895 quum
691 826 972 880 barbarum
999 839 1188 894 pinnas
1235 823 1493 878 dantem?
1527 821 1657 904 Vide
1697 820 1896 889 justum
1946 835 2065 876 mo-

485 917 670 973 derate
701 919 1006 987 loquentem
1026 926 1080 970 et
1103 915 1394 976 dicentem,
1430 912 1537 983 Ego
1559 930 1670 966 sum
1702 923 1834 965 terra
1873 923 1917 964 et
1941 912 2068 966 cinis

482 1009 632 1077 (Gen.
666 1010 752 1064 18.
805 1009 922 1078 27).
952 1007 1142 1062 Vidisti
1189 1021 1312 1062 eum
1342 1006 1431 1074 qui
1476 1005 1682 1058 lmtatur
1720 1014 1775 1057 ct
1818 1003 2064 1066 insultat,

481 1099 797 1170 reprehendi
824 1110 877 1153 et
918 1097 1123 1168 puniri?
1153 1095 1282 1150 Vide
1310 1111 1432 1148 eum
1475 1094 1565 1163 qui
1608 1094 1908 1155 miseretur,
1953 1106 2068 1144 ser-

478 1196 613 1246 vari.
643 1191 726 1246 Da
746 1193 889 1247 enim
913 1231 928 1255 ,
961 1189 1163 1260 inquit,
1184 1190 1384 1261 signum
1412 1204 1566 1256 super
1593 1185 1756 1239 vultus
1781 1202 1954 1239 eorum
1981 1185 2066 1254 qui

479 1285 652 1354 lugent
677 1293 723 1337 et
753 1300 972 1336 maerore
996 1282 1280 1352 a/ﬁciuntur
1318 1280 1337 1351 (
1363 1280 1545 1334 Ezcclt.
1577 1279 1631 1334 9.
1683 1279 1760 1347 ὁ).
1809 1278 2065 1346 Quocirca

481 1379 680 1433 Paulus
705 1393 916 1446 quoque
942 1376 1186 1440 dicebat,
1227 1372 1459 1427 Gaudere
1500 1389 1614 1425 cum
1643 1371 1991 1442 gaudentibus,
2022 1379 2070 1422 et

477 1472 601 1540 flere
619 1486 734 1522 cum
748 1468 980 1539 ﬂentibus
1005 1467 1178 1539 (Rom.
1209 1465 1292 1520 12.
1327 1465 1437 1533 15).
1463 1463 1517 1518 Si
1544 1462 1698 1527 nihil,
1719 1463 1906 1530 inquit,
1925 1461 2066 1513 aliud

483 1570 634 1630 potes
655 1603 669 1624 ,
699 1575 802 1613 non
829 1575 1015 1629 parum
1042 1557 1088 1611 ei
1121 1558 1208 1628 qui
1235 1555 1421 1610 dolore
1452 1554 1698 1616 atticitur,
1731 1552 1998 1615 conferes,
2022 1550 2068 1604 si

482 1667 584 1706 una
613 1667 732 1707 cum
761 1666 826 1706 eo
860 1651 974 1721 ejus
1006 1651 1173 1704 vicem
1211 1648 1412 1702 doleas.
1437 1646 1626 1700 Vidisti
1661 1661 1782 1697 cum
1812 1643 1900 1712 qui
1929 1643 2067 1697 ride-

483 1745 574 1798 bat
594 1787 608 1808 ,
643 1744 786 1798 lictui
814 1759 935 1798 esse
967 1741 1256 1797 traditum?
1291 1740 1424 1794 Vide
1453 1755 1574 1793 eum
1605 1739 1693 1808 qui
1720 1737 1894 1806 luget,
1925 1751 2071 1790 asse-

481 1849 700 1907 quutum
730 1851 850 1892 esse
880 1836 1320 1890 consolationem.
1368 1831 1515 1887 Beati
1541 1831 1684 1885 enim
1730 1830 1818 1900 qui
1864 1830 2064 1900 lugent,

481 1930 685 1998 inquit,
715 1929 957 1998 quoniam
994 1928 1094 1998 ipsi
1133 1925 1525 1980 consolationem
1565 1923 1809 1992 accipient
1854 1919 2066 1989 (Matth.

481 2021 534 2075 5.
567 2021 642 2091 5).
674 2019 860 2074 Vidisti
889 2033 982 2072 eos
1010 2020 1096 2089 qui
1141 2025 1505 2079 murmurant,
1537 2014 1782 2082 punitos?
1812 2012 1943 2068 Vide
1973 2027 2067 2066 cos

480 2113 570 2182 qui
597 2112 793 2181 gratias
819 2121 1016 2181 agunt,
1061 2119 1320 2165 servatos.
1352 2107 1648 2161 Benedictus
1695 2123 1776 2171 es,
1830 2103 2066 2168 Domine,

484 2214 532 2256 et
560 2203 818 2258 laudabile
863 2220 1044 2256 nomen
1084 2212 1226 2255 tuum
1251 2244 1265 2263 ,
1319 2202 1556 2271 quoniam
1592 2201 1766 2269 justus
1794 2216 1848 2252 es
1873 2199 1926 2251 in
1955 2215 2068 2251 om-

482 2295 650 2363 nibus,
681 2310 794 2364 que
837 2294 998 2365 fecisti
1045 2293 1186 2347 nobis
1230 2291 1389 2364 (Dan.
1419 2293 1472 2345 ‘5.
1521 2291 1614 2344 20.
1657 2289 1773 2360 27).
1807 2289 1874 2344 Ει
1913 2289 2071 2358 paulo

484 2395 635 2458 post,
669 2386 856 2442 Omnia
883 2402 1205 2456 quiscumque
1227 2385 1473 2439 induxisti
1502 2384 1643 2438 nobis
1664 2425 1678 2445 ,
1707 2384 1761 2437 in
1789 2398 1904 2436 vero
1930 2382 2068 2448 iudi-

480 2479 560 2532 cio
587 2480 747 2550 fecisti
777 2477 935 2550 (Ibid.
960 2494 1009 2532 v.
1039 2477 1154 2544 28).
1189 2477 1263 2530 11ιί
1296 2476 1578 2538 dicebant,
1613 2473 1792 2528 Omnis
1821 2474 1907 2544 qui
1948 2471 2070 2542 facit

482 2571 694 2636 malum,
737 2569 920 2623 bonum
967 2584 1136 2622 coram
1181 2566 1402 2621 Domino
1449 2565 1700 2637 (.‘llalaclt.
1749 2565 1803 2618 2.
1847 2564 1933 2632 17)
1972 2563 2066 2616 :bi

481 2670 666 2714 contra
687 2701 700 2724 ,
726 2658 951 2713 Mundus
980 2661 1154 2713 oculus
1185 2669 1328 2723 tuus,
1351 2668 1404 2711 ut
1432 2675 1530 2712 non
1552 2657 1720 2710 videat
1742 2656 1876 2710 mala
1902 2654 2066 2724 (llab.

485 2755 537 2807 1.
569 2751 680 2825 15).
725 2753 802 2807 illi
833 2754 1014 2807 beatos
1043 2752 1292 2807 dicebant
1327 2752 1560 2814 alienos,
1595 2749 1844 2820 quoniam
1878 2749 2067 2803 rea-di-

484 2847 710 2902 ticantur
754 2845 1008 2900 facientes
1034 2845 1277 2900 scelera:
1306 2845 1391 2899 hic
1429 2859 1523 2900 eos
1563 2843 1756 2914 quibus
1798 2843 1940 2897 Deus
1971 2841 2070 2895 fert

483 2953 660 3005 opem.
687 2935 873 2991 Beatus
895 2976 908 3001 ,
956 2936 1153 3004 inquit,
1183 2934 1422 3006 populus,
1453 2936 1599 3005 cujus
1642 2932 1889 2986 Dominus
1931 2931 2070 2985 Drus

480 3032 591 3096 eius
622 3030 792 3100 (Psal.
827 3031 948 3084 M5.
979 3029 1090 3099 15).
1125 3028 1190 3082 Ει
1214 3045 1422 3093 rursus,
1473 3027 1598 3082 Noli
1627 3027 1854 3080 cumulari
1883 3028 1936 3079 in
1963 3043 2071 3078 ma-

484 3122 795 3194 lignantibus
816 3138 835 3176 :
859 3139 1014 3193 neque
1032 3123 1272 3176 zelaveris
1299 3122 1534 3193 facientes
1559 3121 1872 3190 iniquitatem
1895 3119 2067 3191 (Psal.

481 3216 570 3272 50.
608 3216 685 3284 1).
719 3215 904 3270 Vidisti
934 3223 1148 3271 sanctos
1171 3215 1262 3286 qui
1289 3214 1425 3268 alios
1468 3213 1837 3275 adhortantur,
1864 3221 1918 3266 ct
1970 3212 2069 3277 ipsi

487 3317 706 3362 manent
732 3307 1031 3362 immobiles
1061 3308 1112 3362 in
1143 3306 1562 3362 tentationibus?
1591 3307 1725 3359 Audi
1773 3306 1948 3374 itaque
1974 3305 2071 3359 Ja-

483 3399 586 3453 cob
628 3398 892 3453 dicentem
914 3439 929 3463 ,
955 3398 1016 3453 Si
1041 3398 1231 3452 dederit
1254 3397 1377 3450 mihi
1397 3396 1643 3450 Dominus
1674 3413 1854 3466 panem
1877 3396 1944 3448 ad
1964 3413 2072 3449 ves-

481 3490 720 3557 cendum,
747 3499 795 3544 et
822 3499 1005 3544 vestem
1043 3491 1112 3544 ad
1149 3490 1462 3544 induendum
1516 3488 1667 3560 (Gen.
1709 3489 1798 3543 28.
1841 3487 1956 3560 20).
2004 3489 2072 3543 Ει

487 3582 774 3646 Abraham,
807 3579 928 3635 Non
951 3581 1200 3653 accipiam
1220 3598 1250 3634 a
1275 3591 1324 3635 te
1342 3597 1403 3635 ea:
1423 3580 1510 3650 ﬁlo
1531 3597 1688 3650 usque
1710 3581 1776 3632 ad
1801 3580 2072 3649 corrigiam

485 3671 810 3725 calceamenti
832 3669 982 3740 (Gen.
1017 3673 1103 3726 14.
1132 3671 1246 3737 25).
1277 3672 1444 3726 Porro
1465 3670 1678 3740 quando
1698 3679 1937 3741 stuprum
1955 3679 2072 3724 erat

487 3761 638 3814 uxori
665 3761 1033 3828 inferendum,
1077 3768 1130 3816 et
1169 3761 1306 3814 tame
1339 3761 1694 3830 premebatur,
1737 3759 1867 3814 nihil
1910 3775 2072 3830 grave

486 3861 578 3908 aut
617 3853 907 3908 absurdum
943 3853 1195 3922 loquutus
1243 3863 1350 3907 est.
1398 3851 1465 3906 Et
1493 3852 1705 3921 quando
1733 3851 1867 3906 dixit
1897 3851 2070 3916 filius,

489 3941 664 4007 Pater,
689 3959 804 3998 ecce
830 3943 969 4014 ligna
989 3953 1038 3998 et
1061 3943 1246 4014 ignem,
1273 3943 1356 3996 ubi
1376 3943 1481 3996 ovis
1508 3941 1657 4012 (Gen.
1705 3942 1794 3996 22.
1832 3941 1920 4016 7)?
1951 3943 2072 3998 vide

487 4050 610 4088 cum
649 4043 842 4104 quanta
874 4033 1280 4089 mansuetudine
1306 4043 1360 4088 ct
1385 4034 1642 4102 sapientia
1668 4035 1948 4102 respondet
1975 4075 1990 4100 ,
2019 4042 2076 4089 et

487 4129 653 4183 dicit:
702 4127 992 4182 Providebit
1033 4127 1256 4196 sibiipsi,
1292 4127 1492 4196 inquit,
1523 4143 1662 4180 ovem
1715 4127 1870 4192 Deus,
1920 4145 1950 4181 ο
1998 4129 2075 4195 ﬁli

491 4217 652 4286 (Ibid.
684 4235 734 4273 v.
772 4218 830 4288 8)
859 4236 874 4272 :
915 4234 1013 4273 nec
1035 4234 1066 4274 a
1097 4227 1314 4284 natura,
1372 4235 1472 4274 nec
1525 4234 1555 4272 a
1611 4220 2075 4274 conuuiserationc

490 4325 782 4364 com-ersus
833 4309 898 4364 ad
946 4310 1104 4364 verba
1153 4309 1280 4375 ﬁlii,
1329 4325 1447 4380 qua:
1475 4311 1620 4364 solus
1661 4310 1760 4365 soli
1813 4310 2071 4376 iaciebat,

491 4400 704 4469 quando
733 4409 1148 4455 consentaneum
1179 4411 1293 4455 erat
1316 4417 1552 4456 amorem
1579 4401 1946 4459 vehementius
1983 4419 2076 4459 ac-

495 4494 650 4548 cendi
675 4495 712 4548 ¹.
739 4493 818 4549 Ne
846 4494 965 4565 quis
993 4495 1134 4549 enim
1176 4494 1317 4549 dicat
1342 4511 1463 4550 eum
1494 4496 1628 4550 alios
1653 4497 1938 4552 reveritum
1971 4514 2075 4552 non

496 4586 733 4652 ﬂevisse,
764 4588 832 4642 ab
860 4587 962 4642 illis
991 4596 1228 4642 semotus
1271 4597 1326 4642 et
1355 4589 1500 4642 solus
1537 4589 1772 4644 ostendit
1815 4606 2076 4644 summam

493 4677 905 4748 pliil050pbiam.

569 4768 623 4823 6.
665 4767 857 4822 Vidisti
882 4783 977 4823 eos
1011 4769 1098 4838 qui
1127 4778 1346 4839 propter
1371 4770 1534 4823 risum
1559 4770 1798 4840 castigati
1835 4769 2079 4826 fuerunt?

499 4859 632 4915 Vide
655 4875 748 4915 eos
776 4860 864 4930 qui
889 4876 983 4930 per
1009 4860 1163 4916 ﬂetus
1193 4871 1246 4917 et
1267 4862 1467 4932 jejunia
1494 4873 1792 4930 servantur,
1819 4864 2080 4920 Ninivitas

495 4959 675 5004 mente
716 4952 920 5019 agitans
957 4949 1107 5020 (Ion.
1149 4953 1226 5021 5).
1259 4952 1445 5007 Vidi5ti
1475 4968 1569 5008 eos
1588 4953 1676 5024 qui
1718 4964 1935 5026 propter
1968 4972 2080 5011 ma-

499 5041 689 5097 ledicta
715 5042 844 5096 dant
874 5044 1100 5112 pinnas?
1142 5043 1276 5098 Vide
1317 5059 1413 5099 eos
1440 5045 1529 5114 qui
1565 5054 1782 5114 propter
1824 5047 2081 5104 laudatio-

501 5151 623 5190 nem
651 5135 953 5190 mercedem
982 5136 1265 5207 accipiunt.
1289 5137 1388 5203 Qui
1413 5149 1459 5191 te
1481 5137 1743 5206 benedicit,
1765 5140 2082 5197 benedictus:

495 5239 544 5282 et
575 5229 661 5298 qui
690 5237 736 5282 te
762 5238 1066 5290 exsecratur,
1091 5229 1387 5283 maledictus
1426 5228 1615 5298 (Num.
1645 5229 1736 5284 24.
1759 5230 1835 5301 9).
1868 5231 2084 5284 Benedi-

495 5322 592 5375 cite
619 5321 687 5374 iis
723 5321 811 5390 qui
846 5335 932 5374 vos
963 5330 1327 5390 persequuntur
1363 5339 1382 5374 :
1437 5330 1576 5374 orate
1602 5338 1693 5390 pro
1740 5323 1803 5376 iis
1833 5323 1918 5391 qui
1945 5324 2083 5377 vobis

501 5412 764 5478 insultarat,
790 5422 848 5465 ut
874 5413 982 5466 sitis
1019 5411 1208 5466 similes
1257 5411 1428 5464 Patris
1456 5413 1603 5466 vestri
1639 5413 1723 5482 qui
1747 5425 1822 5468 est
1867 5414 1919 5468 in
1947 5415 2084 5469 ctelic

565 5591 581 5620 ³
617 5588 814 5648 Quidam
838 5595 946 5637 uss.
971 5588 1040 5638 sic
1061 5587 1245 5637 habent
1269 5602 1281 5636 :
1315 5587 1432 5637 Vide
1448 5586 1583 5638 illum
1601 5591 2086 5640 cmnmansuetudine

501 5657 548 5712 et
570 5649 808 5712 sapientia
829 5653 1224 5712 respondentem;
1248 5656 1308 5712 et,
1326 5649 1448 5712 illud
1472 5663 1558 5712 per
1579 5659 1677 5701 tres
1701 5651 1804 5702 dies
1827 5665 1885 5701 ac
1906 5660 2084 5712 noctes,

500 5710 551 5762 ἧι
582 5709 749 5775 quibus
791 5709 920 5764 solus
956 5709 1044 5762 soli
1081 5709 1182 5775 ﬁlio
1213 5709 1499 5763 assistebat:
1525 5711 1592 5763 ita
1626 5720 1675 5763 ut
1707 5715 1917 5764 maxime
1941 5709 2088 5766 etiam

500 5786 635 5823 eum
660 5771 860 5824 viidior
881 5780 1023 5824 esset.

1245 340 1301 397 S.
1339 341 1613 398 .IOANNIS
1649 337 2122 397 CllliVSOSTOMl
2160 336 2475 394 ARCHIEP.
2517 339 3046 396 CONSTANTINOP.
3667 346 3757 402 156

2176 448 2386 520 (Matth.
2415 451 2466 504 5.
2489 451 2578 505 41.
2597 451 2889 522 45).νί(163
2914 451 3056 521 quod
3088 468 3257 523 neque
3281 464 3526 523 oporteat
3550 461 3758 512 omnim

2173 552 2294 594 esse
2333 541 2594 605 clausmn,
2637 558 2810 612 neque
2854 552 3093 614 apertum
3137 544 3202 597 ad
3249 547 3448 611 omnia,
3491 547 3584 601 sed
3630 551 3758 604 scire

2174 631 2592 700 uniuscujusque
2615 634 2860 702 tempus?
2900 634 3026 688 Hzec
3055 643 3230 688 autetn
3261 651 3382 689 cum
3431 638 3592 691 sciret
3637 655 3752 709 pro-

2175 722 2352 791 pheta,
2402 723 2556 785 dixit,
2607 723 2772 790 Pone,
2820 725 3053 792 Domine,
3103 728 3384 780 custodiam
3429 730 3506 782 ori
3544 747 3672 794 meo,
3715 741 3759 785 et

2174 813 2358 866 ostium
2383 817 2777 870 circumstantiis
2796 818 2942 870 labiis
2965 819 3110 872 meis.
3132 819 3383 882 Qumnam
3406 832 3582 874 autem
3612 822 3758 876 fuerit

2173 910 2434 974 custodia,
2465 913 2562 965 nisi
2595 915 2843 983 cogitatio
2868 931 2986 985 quae
3015 927 3163 985 urget
3193 917 3516 975 terribiliter.
3563 917 3756 973 habens

2175 1018 2284 1071 prie
2313 1005 2556 1059 manilms
2597 1007 2768 1076 ignem
2801 1024 2895 1061 eos
2927 1020 3188 1074 usturum,
3212 1012 3299 1080 qui
3327 1025 3420 1065 ore
3451 1021 3650 1066 temere
3684 1013 3754 1066 usi

2175 1093 2413 1148 fuerint?
2467 1096 2601 1150 Eum
2633 1098 3135 1170 adbibejanitorem
3168 1112 3221 1154 et
3265 1103 3541 1157 custodi-tn
3594 1104 3756 1158 inton-

2177 1195 2375 1240 tautem
2406 1189 2578 1243 minas
2602 1191 2964 1256 conscientiae,
2995 1202 3049 1246 et
3077 1192 3212 1246 hanc
3239 1203 3443 1262 portam
3477 1212 3753 1265 numquam

2177 1278 2549 1348 intempestive
2595 1285 2816 1350 aperiet,
2845 1284 2937 1337 sed
2987 1285 3321 1354 tempestive,
3351 1296 3403 1339 et
3437 1297 3652 1354 propter
3679 1288 3756 1340 lu-

2175 1384 2346 1431 crum.
2377 1379 2433 1424 et
2461 1370 2596 1424 bona
2651 1374 2946 1426 innumera.
2979 1376 3235 1440 Quocirca
3286 1377 3419 1429 dixit
3461 1379 3752 1446 quispiam:

2177 1461 2390 1531 Semper
2433 1481 2712 1518 memorare
2753 1468 3022 1520 novissima
3062 1477 3169 1530 tua,
3201 1478 3247 1521 et
3277 1469 3328 1521 in
3372 1479 3616 1522 teternum
3661 1487 3755 1523 non

2178 1553 2404 1622 peccabis
2432 1555 2622 1615 (Eccli.
2657 1557 2707 1609 7.
2737 1558 2848 1627 40).
2885 1558 3072 1612 Vidisti
3103 1559 3372 1628 quomodo
3421 1559 3508 1613 hic
3551 1577 3756 1632 quoque

2177 1644 2313 1699 hanc
2365 1646 3022 1718 prtelcrtcogitatioucm?
3065 1651 3175 1720 Ego
3223 1668 3350 1706 vero
3405 1652 3571 1722 ipsam
3602 1653 3753 1706 etiam

2177 1737 2274 1792 l’cci
2327 1729 2718 1806 terribiliorem,
2755 1759 2858 1796 non
2891 1743 3064 1796 solum
3119 1744 3167 1797 in
3219 1754 3412 1810 morte,
3461 1746 3554 1800 sed
3603 1749 3754 1800 etiam

2177 1836 2297 1896 post
2323 1841 2567 1894 mortem,
2600 1847 2718 1884 eum
2750 1831 2854 1886 dixi
2887 1849 3007 1886 eum
3040 1833 3238 1889 habere
3279 1850 3388 1904 prze
3418 1837 3676 1891 manibus.
3702 1835 3756 1892 Si

2177 1917 2278 1973 hoc
2303 1920 2368 1972 ita
2399 1921 2488 1984 sit,
2525 1923 2653 1974 nihil
2678 1924 2798 1976 mali
2832 1925 3067 1993 parietur
3097 1926 3150 1978 in
3171 1925 3369 1979 animo.

2250 2009 2413 2064 Otiosi
2450 2013 2590 2066 verbi
2611 2013 2870 2067 reddenda
2893 2016 3044 2070 ratio.
3067 2047 3140 2058 —
3167 2016 3300 2072 Cum
3333 2034 3398 2072 eo
3439 2019 3600 2072 alium
3631 2037 3761 2089 quu-

2176 2116 2280 2170 que
2321 2101 2369 2156 ei
2399 2118 2628 2173 appone,
2657 2107 2743 2174 qui
2770 2105 2949 2160 dicat:
2979 2107 3164 2163 Oumis
3191 2109 3341 2163 verbi
3372 2111 3526 2164 otiosi
3572 2111 3758 2166 reddes

2177 2201 2436 2248 rationem
2472 2195 2524 2248 in
2549 2195 2636 2249 die
2681 2197 2862 2264 judicii
2911 2197 3121 2270 (Matth.
3152 2199 3238 2253 12.
3272 2201 3382 2270 56).
3411 2203 3593 2271 Cogita
3623 2220 3760 2256 mur-

2179 2291 2285 2336 tem
2308 2300 2518 2354 quoque
2545 2301 2612 2341 ex
2643 2302 2709 2341 eo
2739 2288 3030 2358 ingressam
3068 2306 3208 2346 esse.
3253 2292 3366 2350 Nisi
3406 2295 3546 2348 enim
3577 2295 3760 2349 mulier

2178 2373 2390 2442 loquela
2415 2385 2558 2430 esset
2582 2392 2703 2430 cum
2727 2389 2976 2447 serpente
2997 2396 3061 2435 eo
3089 2396 3195 2450 quo
3223 2382 3440 2452 loquuta
3471 2393 3552 2439 est
3581 2385 3757 2449 modo,

2177 2465 2278 2519 nisi
2305 2465 2462 2520 verba
2497 2467 2636 2522 illius
2665 2469 3000 2536 admisisset,
3030 2471 3285 2527 damnum
3315 2491 3418 2528 non
3446 2477 3756 2546 accepisset,

2176 2557 2292 2610 viro
2320 2573 2422 2612 non
2454 2557 2708 2625 dedisset,
2743 2560 2832 2614 ille
2884 2579 2986 2614 non
3027 2563 3370 2620 comedisset.
3417 2567 3539 2621 llzec
3585 2575 3760 2621 autem

2177 2647 2316 2712 dico,
2347 2664 2450 2702 non
2484 2650 2534 2704 in
2563 2667 2622 2704 os
2651 2661 2706 2706 et
2730 2653 2961 2723 linguam
2992 2655 3201 2723 culpam
3230 2656 3541 2712 conferens:
3588 2659 3758 2724 absit;

2177 2742 2269 2796 sed
2295 2743 2345 2796 in
2378 2745 2736 2812 importunum
2759 2761 2943 2800 eorum
2977 2763 3153 2812 usum,
3179 2749 3268 2818 qui
3308 2765 3371 2804 ex
3417 2752 3640 2806 rationis
3665 2768 3762 2807 nc-

2175 2835 2426 2906 gligcntia
2469 2838 2654 2892 oritur.
2695 2838 2790 2894 Est
2815 2844 2974 2895 etiam
3017 2842 3120 2897 alia
3149 2842 3230 2897 via
3260 2845 3524 2911 interitus,
3554 2863 3672 2916 qua:
3696 2863 3762 2901 ex

2177 2944 2270 2982 ore
2317 2929 2696 2999 proﬁciscitur,
2729 2933 2943 3002 quando
2991 2947 3115 2989 sunt
3167 2937 3338 3006 turpia
3386 2949 3441 2993 et
3489 2938 3761 2994 immunda

2176 3022 2385 3090 oscula,
2419 3025 2630 3094 quando
2661 3027 2781 3080 ﬁcta
2806 3043 2869 3083 ac
2898 3027 3252 3084 fraudulenta.
3273 3031 3364 3086 Eis
3392 3049 3601 3102 quoque
3627 3049 3766 3104 pone

2177 3115 2493 3171 custodiam.
2527 3115 2654 3172 Tale
2698 3129 2813 3172 erat
2859 3120 3010 3175 Judm
3049 3122 3313 3186 osculum,
3340 3121 3463 3176 dolo
3509 3125 3760 3193 plenum:

2176 3207 2270 3260 sed
2313 3223 2417 3262 non
2465 3209 2569 3264 tale
2619 3210 2766 3264 P..uli
2795 3213 3055 3277 Osculum,
3087 3229 3192 3283 quo
3228 3214 3387 3283 jussit
3431 3231 3489 3269 se
3537 3216 3762 3271 invicem

2177 3299 2440 3367 osculari,
2463 3299 2680 3354 dicens:
2715 3301 2948 3356 Salutate
2971 3321 3057 3357 vos
3084 3305 3290 3358 invicem
3319 3306 3370 3358 in
3397 3307 3567 3359 osculo
3590 3317 3764 3360 sancto

2178 3387 2257 3457 (2.
2284 3388 2404 3444 Cor.
2449 3391 2538 3446 15.
2570 3391 2693 3461 12);
2723 3393 3168 3461 quemadmodum
3209 3411 3308 3449 nec
3345 3397 3583 3450 osculum
3619 3398 3762 3467 quod

2177 3479 2424 3535 Jonatha:
2452 3484 2652 3550 prasbct
2678 3485 2863 3549 David,
2894 3486 2987 3540 sed
3022 3496 3262 3541 sanctum
3298 3499 3352 3542 et
3381 3488 3680 3550 honestum.
3707 3501 3766 3545 ct

2177 3573 2382 3626 sincera
2423 3573 2709 3630 dilectione
2755 3576 2968 3646 plenum
3011 3579 3089 3648 (1.
3125 3577 3252 3651 Reg.
3296 3581 3384 3636 20.
3429 3583 3556 3651 «11,);
3585 3584 3764 3651 cujus-

2178 3662 2324 3716 modi
2369 3665 2528 3718 etiam
2582 3666 2676 3719 fuit
2705 3683 2891 3721 eorum
2922 3669 3010 3740 qui
3043 3669 3095 3723 in
3142 3670 3290 3726 Pauli
3319 3673 3514 3726 collum
3558 3675 3768 3728 cecide-

2178 3765 2324 3821 runt,
2369 3765 2423 3811 et
2459 3773 2580 3811 eum
2626 3760 2855 3828 amplexi
2890 3761 3284 3818 osculabantur.
3327 3763 3395 3819 Et
3439 3765 3560 3820 ideo
3601 3767 3764 3823 dicit:

2181 3843 2358 3911 Pone,
2415 3845 2658 3914 Domine,
2691 3851 2968 3905 custodiam
3020 3855 3097 3907 ori
3149 3872 3277 3920 meo,
3313 3866 3359 3908 et
3397 3858 3578 3910 ostium
3627 3858 3763 3928 (Act.

2177 3937 2267 3992 20.
2321 3938 2463 4010 57);
2508 3955 2610 3993 non
2655 3939 2895 3998 absolute
2935 3955 3112 3998 autent
3157 3944 3374 4009 Ostium,
3429 3948 3520 4000 sed
3568 3947 3767 4002 Ostium

2179 4031 2565 4086 circumstantia:
2599 4034 2823 4099 addidit,
2856 4047 2913 4090 ut
2943 4038 3246 4092 universum
3273 4040 3543 4095 contineat
3567 4051 3621 4097 et
3644 4060 3766 4097 lllll-

2180 4121 2311 4174 niat.
2342 4121 2458 4176 Jam
2501 4139 2628 4178 vero
2655 4135 2739 4180 est
2777 4127 2936 4182 etiam
2981 4129 3123 4184 aliud
3153 4145 3319 4200 genus
3347 4133 3496 4187 exitii
3539 4150 3634 4204 per
3661 4135 3768 4189 lin-

2180 4226 2356 4280 guam,
2383 4227 2576 4284 nempe
2603 4214 2802 4280 dicere,
2835 4219 2942 4271 Cur
2971 4218 3072 4274 hoc
3100 4219 3169 4274 ita
3217 4221 3343 4275 est?
3387 4222 3452 4277 ad
3495 4224 3618 4292 quid
3667 4225 3771 4279 hoc

2183 4301 2374 4357 factum
2425 4305 2548 4358 est?
2596 4305 2853 4373 Quocirca
2898 4309 3089 4363 Paulus
3113 4327 3206 4366 eos
3247 4328 3492 4383 carpens,
3521 4316 3608 4384 qui
3655 4317 3773 4372 ha-c

2183 4392 2574 4450 inconsiderate
2627 4396 2956 4468 loquuntur:
3001 4399 3378 4467 Verumtamen,
3427 4422 3456 4458 ο
3501 4408 3669 4471 homo,
3714 4419 3775 4462 tu

2181 4485 2291 4553 quis
2320 4501 2373 4538 es
2401 4487 2487 4554 qui
2510 4488 2814 4556 respondeas
2841 4488 2948 4542 Deo
2976 4491 3149 4561 (Rom.
3179 4493 3235 4549 9.
3264 4493 3396 4564 20)?
3424 4495 3538 4550 Non
3557 4509 3776 4568 Oportet

2183 4587 2358 4628 autem
2387 4591 2448 4629 os
2475 4576 2644 4630 solum
2671 4581 2960 4645 custodire,
2985 4582 3076 4636 sed
3109 4596 3341 4639 mentem
3360 4588 3517 4641 etiam
3546 4599 3666 4645 ante
3683 4607 3770 4645 os.

2183 4665 2438 4734 Quocirca
2466 4667 2676 4721 diccbat
2699 4669 2859 4724 etiam
2890 4673 3148 4740 quiSpiam
3177 4691 3189 4727 :
3227 4675 3353 4741 Quis
3389 4677 3530 4735 dabit
3557 4682 3607 4732 in
3633 4681 3775 4749 cogi-

2185 4759 2372 4811 tatione
2397 4775 2507 4813 mea
2536 4761 2762 4831 flagella,
2792 4772 2844 4814 ut
2894 4764 3192 4832 ignoranttis
3239 4769 3361 4822 meis
3407 4787 3507 4824 non
3559 4783 3772 4842 parcant

2187 4848 2373 4920 (Ercli.
2406 4848 2494 4904 25.
2521 4849 2615 4919 ‘2)?
2641 4849 2901 4916 Quocirca
2924 4853 3168 4911 Christus
3195 4872 3404 4927 quoque
3449 4863 3588 4914 intus
3633 4863 3776 4917 tollit

2187 4941 2330 5010 ipsas
2355 4941 2522 4996 malas
2549 4943 2917 5012 cogitationes,
2942 4945 3126 5001 dicens
3158 4965 3172 5002 :
3225 4949 3325 5016 Qui
3362 4957 3558 5020 aspexit
3591 4953 3776 5008 mulieo

2185 5049 2292 5085 rem
2317 5031 2385 5084 ad
2406 5033 2875 5104 concupiscendum,
2887 5037 2999 5108 jam
3026 5040 3300 5094 nunc/tatus
3320 5053 3391 5095 est
3417 5061 3526 5096 eam
3558 5045 3771 5115 (Matth.

2188 5123 2241 5179 5.
2273 5123 2386 5193 28).
2426 5123 2584 5179 Vides
2611 5127 2880 5195 quomodo
2909 5143 3016 5183 non
3065 5131 3192 5185 sinit
3219 5149 3310 5188 eas
3362 5135 3643 5203 pullulare,
3672 5153 3783 5193 nec

2188 5217 2396 5270 initium
2425 5233 2639 5273 sumere
2664 5221 3030 5288 cupiditatem,
3062 5239 3160 5279 nec
3199 5225 3373 5280 iram?
3415 5229 3514 5295 Qui
3539 5231 3783 5285 irascitur

2187 5311 2353 5374 enim,
2392 5311 2580 5381 inquit,
2609 5315 2758 5384 fratri
2782 5331 2894 5379 suo,
2923 5333 3040 5370 reus
3064 5318 3156 5370 erit
3187 5319 3424 5388 geltcnna:
3451 5323 3582 5394 ignis
3611 5323 3778 5394 (Ibid.

2188 5416 2236 5454 υ.
2254 5401 2366 5465 22).
2387 5401 2498 5456 Non
2523 5419 2706 5472 parum
2722 5420 2932 5475 quoque
2948 5408 3194 5462 conducit
3211 5411 3276 5463 ad
3293 5414 3651 5475 securitatem,
3668 5428 3779 5468 neu

2191 5495 2412 5548 multum
2438 5496 2606 5564 loqui:
2634 5505 2689 5551 et
2710 5497 2828 5551 ideo
2850 5497 2996 5563 dicit,
3019 5498 3082 5552 In
3105 5503 3419 5572 multiloquio
3441 5521 3538 5557 non
3565 5503 3783 5575 effugies

2191 5595 2446 5656 peccatum
2467 5600 2486 5638 :
2516 5603 2724 5655 parcens
2745 5598 2912 5641 autent
2937 5589 3103 5656 labiis,
3143 5594 3235 5645 erit
3272 5595 3552 5664 intelligens
3592 5595 3780 5664 (Prov.

2199 5677 2286 5732 10.
2318 5676 2426 5748 19).
2459 5677 2512 5732 4.
2558 5677 2677 5732 Non
2704 5679 2922 5734 declines
2953 5699 3040 5748 cor
3082 5700 3246 5736 meum
3285 5687 3334 5739 in
3367 5686 3516 5740 verba
3543 5689 3780 5755 malitia,

2194 5769 2261 5820 ad
2288 5769 2598 5824 excusandas
2635 5775 2978 5828 excusationes
3008 5776 3058 5828 in
3095 5779 3328 5831 peccatis.
3373 5779 3540 5846 Alius,
3586 5779 3667 5833 Ne
3692 5781 3750 5831 di
