4070 6340
261 392 382 466 ira

279 504 486 560 verteris
506 518 593 558 cor
615 517 783 557 meum
806 501 861 556 in
885 514 1136 555 sermones
1163 497 1323 552 malos
1339 493 1435 569 ('h),
1457 495 1525 549 ad
1548 493 1868 563 cogitandum

281 598 548 653 sceleratas
568 595 912 666 cogitationes.
932 590 1039 646 Cur
1065 600 1244 646 autem
1267 603 1394 643 usus
1421 597 1502 642 est
1529 587 1718 641 ordine
1739 601 1870 640 con-

284 688 487 742 trario?
515 695 568 741 et
592 701 712 739 cum
739 684 805 739 de
825 698 920 738 ore
947 683 1093 752 prius
1114 687 1257 735 esset
1282 679 1548 747 loquutus,
1578 687 1702 730 tunc
1726 676 1871 729 venit

285 779 350 832 ad
381 777 520 832 cor?
567 775 682 829 Non
710 783 937 837 temere,
971 787 1070 826 nec
1094 771 1190 824 abs
1215 786 1273 824 re
1309 769 1411 822 hoc
1436 768 1576 822 facit.
1608 765 1872 833 Quemad-

289 870 506 926 modum
537 870 678 922 enim
708 867 759 920 in
790 864 1014 934 captivis
1035 863 1125 933 qui
1153 863 1335 915 volunt
1357 860 1627 928 aufugero,
1646 859 1734 926 qui
1756 857 1872 924 ejus

287 960 363 1014 rei
392 975 574 1014 curam
604 966 817 1027 gerunt,
852 957 1078 1024 primum
1121 953 1222 1006 hoc
1247 959 1430 1021 agunt,
1464 960 1521 1004 ut
1545 960 1725 1018 portas
1749 964 1868 1002 car-

285 1053 426 1107 ceris
458 1060 849 1121 prmoccnpent,
880 1059 932 1102 et
971 1048 1036 1100 ad
1076 1047 1179 1101 hoc
1215 1061 1404 1100 omnes
1444 1045 1673 1098 studium
1718 1057 1872 1098 suum

287 1143 592 1207 conferunt,
621 1142 742 1195 etsi
777 1143 876 1194 hoc
899 1140 1091 1193 factum
1123 1137 1303 1201 fuerit,
1323 1136 1462 1207 quod
1488 1142 1654 1189 restat
1679 1135 1874 1204 poterit

292 1235 445 1290 facile
481 1243 626 1287 recte
664 1231 778 1301 geri
812 1248 826 1284 :
873 1231 940 1284 ita
984 1230 1146 1283 etiam
1191 1227 1278 1281 hic
1315 1240 1526 1296 quoque
1566 1223 1616 1278 id
1654 1223 1779 1278 facit
1819 1223 1872 1276 in

293 1327 394 1382 hoc
424 1327 564 1391 loco,
583 1334 637 1378 et
671 1339 765 1392 per
785 1339 847 1377 ea
878 1337 998 1391 qua:
1029 1319 1238 1382 suadet,
1258 1318 1359 1372 hoc
1386 1333 1548 1387 prope
1573 1316 1732 1370 dicit:
1760 1314 1878 1370 Sint

290 1417 483 1470 clausa:
501 1414 702 1484 januw,
722 1424 777 1467 et
809 1413 961 1466 malae
987 1411 1336 1481 cogitationes
1361 1409 1467 1464 cito
1493 1407 1878 1477 expugnabat:-

292 1517 397 1562 tur.
424 1507 684 1575 Quocirca
717 1520 818 1560 non
840 1505 928 1560 ab
965 1504 1114 1558 initio
1139 1502 1353 1574 quidem
1383 1503 1662 1574 permittit.
1696 1510 1753 1555 ut
1778 1517 1875 1556 ex-

295 1599 557 1654 trinsecus
601 1595 968 1666 ingrediantur
998 1611 1012 1647 :
1043 1603 1097 1648 ct
1126 1593 1320 1648 malam
1342 1593 1596 1648 convellit
1622 1591 1874 1657 radicem,

293 1689 478 1745 dicens
507 1707 520 1743 :
550 1687 671 1742 Non
709 1687 926 1740 declines
953 1702 1039 1739 cor
1065 1700 1231 1738 meum
1255 1684 1309 1737 in
1337 1683 1486 1737 verba
1510 1681 1735 1736 malitiae.
1758 1680 1875 1735 Non

293 1778 434 1850 quod
465 1779 606 1834 Deus
635 1776 902 1832 declinet:
935 1775 1112 1840 absit;
1141 1774 1234 1829 sed
1263 1773 1403 1844 quod
1434 1773 1561 1828 dicit
1586 1774 1654 1826 ita
1685 1771 1878 1826 intelli-

292 1869 526 1941 gendum
569 1879 690 1923 est:
721 1867 799 1923 Ne
825 1868 971 1922 sinas
998 1867 1285 1932 declinare,
1313 1880 1382 1920 ne
1420 1865 1564 1920 sinas
1590 1863 1781 1919 diverti
1823 1863 1876 1918 in

296 1962 466 2018 malas
492 1961 864 2031 cogitationes.

365 2053 466 2109 Cor
491 2063 538 2108 et
565 2053 762 2108 virtutis
802 2063 847 2107 et
891 2051 998 2106 vitii
1020 2055 1171 2122 fons;
1216 2051 1427 2105 liberum
1451 2049 1749 2114 arbitrium;
1789 2065 1882 2104 ca:-

294 2147 485 2201 cusatio
512 2147 564 2200 in
591 2145 805 2216 peccatis
822 2145 1070 2214 pessima;
1097 2144 1344 2214 confessio
1362 2143 1551 2211 peccati
1570 2141 1780 2195 solutio.
1805 2169 1876 2180 —

297 2237 446 2293 Illinc
475 2238 617 2292 enim
645 2245 725 2292 est
750 2236 864 2291 fons
890 2235 1096 2290 virtutis
1128 2243 1183 2289 et
1209 2233 1340 2296 vitii,
1369 2248 1398 2287 a
1441 2232 1602 2287 corde
1657 2247 1870 2301 nempe.

295 2329 550 2396 Quantam
573 2338 696 2384 sunt
714 2337 888 2383 autem
914 2327 1072 2382 verba
1113 2325 1506 2396 improbitatis?
1533 2324 1689 2378 Multa
1720 2333 1774 2379 et
1803 2324 1884 2378 di-

299 2437 472 2478 versa.
491 2421 621 2476 Nam
653 2429 706 2476 et
731 2437 847 2491 qua:
893 2418 1111 2474 insidias
1138 2425 1368 2482 struunt,
1400 2433 1520 2487 qure
1557 2416 1723 2470 Deum
1774 2415 1883 2470 cri-

299 2513 570 2568 minantur
593 2555 608 2578 ,
636 2528 754 2583 qua:
780 2513 1026 2565 virtutem
1057 2519 1394 2575 aversantur,
1427 2523 1546 2578 quae
1574 2507 1755 2560 vitium
1787 2520 1874 2561 se-

297 2613 527 2668 ctantur,
557 2619 675 2673 quae
725 2601 793 2658 de
825 2603 999 2673 pravis
1023 2601 1356 2672 dogmatibus
1401 2608 1457 2654 et
1480 2598 1736 2653 scelerata
1777 2598 1885 2651 vita

300 2694 543 2750 lubenter
589 2693 876 2748 audiuntur
899 2733 915 2760 ,
944 2701 999 2748 et
1037 2703 1228 2747 cmtera
1260 2689 1584 2760 hujusmodi,
1616 2697 1743 2742 sunt
1769 2704 1888 2742 ver-

299 2786 366 2840 ba
421 2785 806 2856 improbitatis,
855 2790 912 2839 et
950 2798 1016 2839 ex
1072 2797 1261 2853 magna
1299 2781 1638 2851 improbitate
1694 2795 1885 2849 proce-

301 2877 430 2932 dunt
460 2893 474 2929 :
501 2875 946 2946 quemadmodum
991 2882 1168 2929 autem
1202 2882 1327 2929 sunt
1367 2873 1595 2942 cogitata
1642 2881 1696 2926 et
1723 2871 1886 2925 verba

301 2970 671 3041 improbitatis,
701 2970 773 3023 ita
799 2977 921 3022 sunt
951 2969 1110 3022 etiam
1139 2967 1296 3020 verba
1323 2965 1464 3019 vitae.
1497 2963 1565 3018 Et
1587 2963 1705 3018 ideo
1730 2962 1886 3019 Chri-

300 3074 384 3117 sto
422 3063 663 3118 dicebant
685 3061 953 3130 discipuli,
995 3058 1156 3113 Verba
1185 3058 1298 3112 viae
1351 3065 1554 3110 aeterna:
1611 3054 1764 3108 habes
1789 3070 1808 3108 :
1837 3064 1887 3108 et

301 3155 369 3209 ad
393 3170 536 3226 quem
564 3154 742 3207 ibimus
764 3151 782 3220 (
807 3151 963 3205 Joan.
996 3150 1049 3204 6.
1081 3149 1187 3218 69)
1212 3149 1236 3201 ?
1266 3147 1520 3200 Dicuntur
1547 3154 1727 3199 autem
1761 3159 1886 3198 ver-

302 3245 366 3300 ba
390 3246 531 3309 vitm,
575 3227 694 3313 quze
713 3244 874 3296 vitam
923 3241 1159 3310 praebent
1189 3237 1472 3291 :dicuntur
1513 3234 1672 3290 etiam
1726 3232 1888 3288 verba

303 3337 507 3402 salutis,
537 3351 656 3406 qua:
683 3334 906 3388 salutem
955 3332 1254 3401 acquirunt.
1299 3328 1554 3396 Quocirca
1599 3326 1726 3381 dicit
1767 3327 1888 3395 qui-

304 3429 424 3485 dam
446 3428 678 3496 sapiens,
713 3424 796 3478 Ne
820 3423 1083 3496 prohibeas
1110 3436 1386 3474 sermonem
1413 3420 1465 3472 in
1487 3427 1708 3488 tempore
1740 3416 1886 3472 salu-

305 3523 366 3574 tis
388 3521 406 3593 (
432 3519 590 3572 Eccli.
623 3520 675 3573 4.
708 3516 834 3588 28).
867 3515 1041 3570 Verba
1075 3512 1421 3582 improbitatis
1465 3528 1525 3564 ea
1555 3510 1714 3564 etiam
1765 3517 1890 3563 sunt

307 3630 426 3684 quae
449 3612 651 3667 faciunt
676 3610 916 3664 dicentes
942 3607 1233 3676 improbos.

377 3707 426 3758 7.
449 3701 905 3772 Quemadmodum
927 3699 1066 3753 enim
1088 3706 1279 3752 estaer
1299 3695 1551 3764 pestilens
1568 3699 1622 3748 et
1637 3692 1722 3761 qui
1747 3705 1892 3745 mor—

308 3797 403 3851 bos
425 3803 683 3865 procreat,
719 3795 787 3846 ita
818 3793 976 3846 etiam
1004 3788 1184 3843 verba.
1211 3787 1361 3854 Quod
1412 3795 1588 3839 autem
1635 3782 1758 3837 facit
1803 3782 1890 3837 ille

307 3887 540 3956 corpori,
573 3885 625 3940 id
677 3885 775 3938 ista
799 3881 1027 3959 .faciunt
1063 3879 1275 3944 animae,
1312 3893 1429 3946 quae
1485 3876 1594 3944 ipsa
1647 3873 1886 3942 suscipit.

308 3978 434 4032 Orat
462 3992 587 4046 ergo
609 3991 702 4045 per
722 3991 804 4039 ea,
836 3989 956 4043 quae
982 3972 1066 4025 hic
1085 3984 1295 4040 quoque
1324 3967 1611 4036 subjunxit,
1642 3964 1839 4020 eldicit
1870 3980 1884 4018 :

308 4070 386 4124 Ne
405 4069 548 4122 sinas
578 4078 631 4120 ut
659 4081 752 4119 cor
778 4080 952 4118 meum
980 4062 1140 4116 verba
1195 4059 1492 4128 hujusmodi
1541 4058 1786 4124 sucipiat,
1821 4069 1890 4109 ne

310 4161 582 4232 permittas
610 4169 665 4213 ut
686 4159 808 4211 illuc
836 4157 1135 4209 inclinetur.
1176 4152 1362 4207 Vidisti
1389 4150 1656 4221 quomodo
1705 4159 1889 4204 osten-

309 4253 388 4308 dit
414 4253 638 4307 liberum
669 4251 829 4304 animi
856 4248 1153 4312 arbitrium,
1176 4254 1229 4300 et
1250 4253 1490 4298 naturam
1510 4244 1559 4296 in
1582 4258 1639 4297 se
1668 4258 1772 4296 non
1800 4241 1893 4295 ha-

310 4345 438 4400 bere
460 4345 666 4408 vilium,
696 4342 789 4398 sed
817 4357 848 4396 a
877 4341 1120 4395 socordia
1144 4338 1443 4393 inclinatam
1499 4336 1550 4390 id
1582 4333 1894 4404 suscipere?

309 4436 390 4492 Ad
417 4441 728 4491 excusandas
767 4435 1107 4489 excusationes
1147 4432 1201 4485 in
1237 4429 1472 4499 peccatis.
1500 4427 1636 4483 Ηίθεμ
1676 4436 1759 4482 est
1805 4427 1890 4481 via

312 4531 574 4601 prmcipua
626 4528 888 4592 interitus,
937 4525 1146 4596 quando
1197 4524 1280 4578 vel
1335 4523 1445 4592 ipsa
1488 4537 1608 4591 qua:
1659 4520 1895 4590 peccavit

311 4624 507 4687 anima,
527 4636 754 4676 excusso
777 4622 985 4685 timore,
1007 4616 1273 4686 excogitat
1296 4613 1663 4669 excusationes
1683 4621 1736 4666 et
1757 4626 1896 4681 prte-

311 4723 486 4768 textus
511 4713 768 4782 quosdam
796 4711 862 4765 ad
905 4709 1164 4780 ignaviam
1223 4724 1238 4762 :
1285 4707 1367 4760 vel
1416 4703 1890 4776 quemadmodum,

311 4822 430 4860 cum
460 4807 721 4874 quispiam
764 4802 1083 4858 adulteravit
1108 4810 1162 4854 et
1187 4801 1370 4854 volens
1401 4799 1536 4852 alius
1581 4796 1697 4865 ejus
1743 4810 1890 4850 com-

311 4899 650 4970 punctionem
681 4905 950 4958 excutere,
996 4893 1123 4948 dicit
1153 4911 1166 4945 :
1199 4890 1460 4960 Numquid
1499 4899 1553 4943 tu
1599 4903 1756 4943 causa
1782 4903 1839 4942 es
1866 4888 1890 4940 ’ἒ

311 5006 466 5045 causa
502 4999 584 5044 est
611 4990 888 5059 cupiditas.
921 4988 1110 5042 Malum
1134 4985 1450 5054 estquidem
1498 4997 1721 5052 peccare
1749 5002 1761 5036 :
1793 4981 1893 5034 hoc

311 5093 488 5136 autem
530 5081 653 5134 facit
691 5081 922 5150 gravius,
971 5093 1164 5148 negare
1217 5084 1494 5146 postquam
1552 5073 1877 5142 peccaveris.

315 5175 441 5228 ll;ec
471 5181 595 5227 sunt
619 5189 764 5226 arma
797 5170 990 5224 diaboli
1021 5168 1314 5238 potissima.
1345 5167 1455 5221 Hoc
1481 5165 1640 5220 etiam
1684 5165 1734 5218 in
1785 5165 1886 5232 pri»

314 5265 414 5318 tuis
446 5265 642 5318 nostris
688 5261 992 5333 parentibus
1018 5258 1212 5315 evenit.
1243 5258 1373 5312 Cum
1427 5257 1567 5311 enim
1623 5261 1895 5326 oporteret

315 5357 483 5410 Adam
511 5365 725 5426 peccata
745 5351 1005 5416 confiteri,
1035 5351 1124 5405 ille
1153 5351 1206 5403 in
1235 5349 1398 5402 Evam
1428 5348 1634 5402 confert
1661 5346 1891 5414 culpam,

314 5457 368 5501 et
397 5447 484 5501 illa
516 5459 698 5500 rursus
725 5445 775 5498 in
802 5442 1069 5498 diabolum
1102 5439 1271 5514 (Gen.
1303 5442 1336 5495 5
1363 5437 1402 5511 ).
1447 5439 1578 5492 Cum
1626 5444 1898 5507 oporteret

315 5539 509 5603 dicere,
543 5538 905 5600 Peccavimus,
935 5534 1264 5604 iniquitatem
1292 5530 1514 5585 fecimus
1539 5547 1553 5583 ε
1582 5529 1655 5582 illi
1678 5544 1782 5582 non
1808 5543 1894 5582 so-

314 5633 421 5687 lum
479 5649 584 5687 non
613 5631 949 5692 confitentur,
983 5627 1077 5683 sed
1107 5626 1268 5681 etiam
1293 5622 1658 5678 defensionem
1689 5630 1894 5692 parant.

314 5721 447 5778 Cum
480 5724 624 5779 enim
666 5721 829 5777 sciret
845 5719 1088 5776 diabolus
1115 5716 1317 5788 peccati
1341 5713 1732 5770 confessionem
1776 5727 1897 5768 esse

376 5863 450 5924 (ιι)
483 5869 591 5911 Haec
618 5857 955 5922 interpretatio
979 5859 1056 5906 est
1071 5855 1213 5918 juxta
1235 5850 1581 5917 Symmachum.

1387 376 1747 437 EXPOSlTlO
1785 376 1848 432 IN
1886 374 2213 433 l‘SALMUM
2249 377 2403 435 CXL.

3458 382 3560 438 158

1982 496 2186 564 peccati
2232 495 2549 551 solutidnem
2570 535 2586 564 ,
2609 496 2891 565 persuadet
2915 498 3110 553 animm
3130 539 3146 564 ,
3173 506 3231 553 ut
3256 498 3327 554 sit
3350 500 3564 570 egregie

1979 587 2277 657 impudens.
2317 589 2387 642 At
2417 597 2493 655 tn,
2520 603 2554 642 o
2582 589 2792 656 dilecte,
2833 591 3046 660 quando
3079 592 3402 660 peccaveris,
3430 591 3516 646 dic
3543 608 3560 645 :

1987 678 2240 742 Peccavi;
2275 678 2404 732 nihil
2433 689 2516 733 est
2563 678 2662 734 hac
2685 679 2999 735 defensioue
3037 680 3248 751 justius.
3293 681 3365 734 Ita
3396 683 3562 735 Deum

1980 769 2158 824 reddis
2187 770 2466 839 propitium
2501 788 2514 824 :
2545 771 2614 823 ita
2659 769 2819 824 etiam
2861 771 3011 836 facis,
3060 782 3115 824 ut
3153 771 3352 826 tardius
3395 773 3449 825 in
3499 787 3562 825 ea

1977 880 2164 920 rursus
2190 864 2408 920 incidas.
2436 863 2541 920 sed
2571 864 2783 934 quando
2815 879 3022 934 qna-res
3047 864 3293 918 obtentus
3336 866 3424 934 qui
3457 879 3562 918 non

1982 967 2124 1024 sunt,
2153 967 2208 1011 et
2249 957 2476 1010 animam
2517 957 2664 1010 voles
2707 965 2848 1009 metu
2898 955 3146 1019 liberare,
3204 956 3395 1011 reddes
3437 972 3556 1010 eam

1985 1049 2364 1118 promptiorem
2396 1059 2450 1101 ut
2493 1062 2675 1100 rursus
2703 1046 2903 1101 eisdem
2936 1046 3253 1115 implicetur,
3291 1048 3560 1116 Deumque

1981 1143 2149 1213 magis
2186 1141 2438 1196 irritabis.
2468 1140 2604 1195 Nulli
2642 1141 2781 1194 enim
2815 1142 3076 1210 peccatori
3108 1141 3257 1193 deest
3285 1139 3563 1208 impudens

1980 1243 2289 1304 praetextas.
2322 1233 2596 1288 Homicida
2624 1233 2832 1302 culpam
2862 1231 3069 1286 confert
3112 1231 3161 1284 in
3195 1232 3325 1284 iram
3348 1270 3364 1296 ,
3389 1241 3442 1284 et
3483 1234 3564 1282 I‘nr

1985 1325 2038 1379 in
2069 1333 2455 1395 paupertatem,
2488 1333 2544 1380 et
2570 1323 2777 1378 adulter
2799 1323 2851 1376 in
2881 1321 3244 1392 cupiditatem,
3273 1330 3326 1374 et
3349 1320 3486 1375 alius
3511 1321 3560 1374 iu

1983 1417 2335 1487 principatum
2365 1415 2498 1470 :sed
2528 1414 2580 1469 hi
2601 1413 2812 1485 quidem
2834 1422 2958 1468 sunt
2983 1413 3141 1467 alieni
3182 1427 3212 1465 a
3240 1411 3446 1466 ratione
3470 1411 3572 1465 ob-

1982 1517 2180 1575 tentus,
2205 1523 2308 1561 non
2326 1505 2517 1562 rationi
2543 1517 2914 1561 consentaneae
2933 1503 3288 1558 defensiones.
3311 1501 3398 1556 llla
3422 1502 3563 1556 enim

1983 1618 2088 1657 non
2118 1601 2314 1656 faciunt
2343 1609 2577 1670 peccata,
2605 1598 2699 1656 sed
2727 1599 2822 1668 ipsi
2858 1612 3043 1651 eorum
3064 1597 3153 1666 qui
3180 1603 3405 1666 peccant
3453 1594 3561 1647 ani-

1984 1694 2076 1748 mi.
2106 1693 2179 1747 lta
2197 1701 2373 1747 autem
2400 1706 2520 1747 esse
2544 1690 2818 1746 ostendam
2839 1705 2903 1743 ex
2937 1689 3002 1742 iis
3027 1704 3144 1758 quae
3173 1699 3293 1741 sunt
3325 1686 3562 1756 proxima

1985 1798 2040 1842 et
2070 1786 2172 1840 illis
2193 1784 2534 1839 coluerentia.
2562 1782 2784 1849 Quando
2805 1781 2945 1835 enim
2975 1781 3183 1834 videtur
3205 1779 3365 1832 homo
3405 1779 3562 1839 alius,

1985 1881 2072 1950 qui
2105 1889 2158 1934 et
2182 1879 2342 1931 vitam
2374 1877 2481 1944 agit
2510 1876 2560 1930 in
2590 1883 2925 1945 paupertate,
2958 1882 3270 1942 teueturque
3298 1869 3559 1941 cupidita-

1987 1983 2060 2037 te,
2095 1983 2146 2026 et
2179 1969 2478 2025 necessitati
2518 1979 2720 2023 naturae
2751 1977 2832 2022 est
2859 1967 3140 2027 obnoxius,
3170 1979 3341 2034 neque
3388 1973 3563 2015 tamen

1987 2064 2038 2119 in
2072 2063 2154 2117 his
2181 2071 2381 2132 peccat,
2408 2075 2633 2130 quanam
2664 2059 2738 2113 illi
2768 2065 3018 2128 poterunt
3041 2057 3112 2110 uti
3133 2055 3443 2110 defensione
3461 2053 3482 2105 ?
3503 2053 3568 2105 l-It

1985 2155 2105 2212 ideo
2129 2155 2345 2223 pulchre
2369 2156 2445 2208 sic
2460 2152 2592 2207 dixit
2619 2149 2832 2220 quidam
2877 2150 3088 2218 sapiens
3119 2168 3132 2202 :
3157 2147 3281 2214 Quis
3308 2145 3494 2198 dederit
3518 2146 3570 2196 in

1986 2258 2149 2302 mente
2192 2263 2302 2301 mea
2338 2245 2566 2317 ﬂagella,
2602 2253 2658 2296 ut
2700 2241 2998 2313 ignorantiis
3054 2241 3177 2293 meis
3210 2255 3310 2292 non
3361 2246 3570 2306 parcant

1990 2337 2191 2410 (Eccli.
2233 2336 2322 2392 25.
2355 2335 2472 2407 2)?
2523 2333 2656 2389 Vide
2699 2331 2864 2386 David
2916 2331 3112 2385 nullam
3164 2328 3566 2382 excus:ttionem

1987 2427 2296 2484 efferentem
2324 2426 2537 2498 quando
2579 2425 2836 2496 peccavit,
2868 2422 2962 2478 sed
3010 2423 3274 2476 dicentem
3310 2437 3323 2473 :
3360 2416 3571 2470 Peccavi

1989 2522 2208 2577 Domino
2259 2520 2350 2591 (2.
2383 2519 2511 2591 Reg.
2535 2518 2624 2574 12.
2653 2519 2720 2572 15
2749 2517 2789 2586 ).
2842 2516 3000 2584 Atqui
3057 2514 3319 2584 potuisset
3367 2510 3567 2570 dicere,

1988 2616 2096 2672 Cur
2138 2614 2435 2669 nudabatur
2474 2611 2698 2667 mulier?
2743 2625 2840 2665 cur
2893 2607 3166 2662 lavabatur
3214 2613 3337 2658 ante
3389 2601 3572 2656 oculos

1990 2707 2178 2761 meos?
2208 2706 2313 2760 Sed
2341 2704 2541 2759 sciebat
2574 2703 2669 2757 has
2694 2717 2812 2756 esse
2840 2699 3054 2755 frivolas
3083 2695 3471 2757 excusationes,
3519 2701 3574 2744 et

1991 2816 2108 2871 (ιιιςο
2131 2799 2261 2853 nihil
2291 2798 2543 2852 haberent
2570 2794 2788 2849 rationis
2818 2803 2904 2858 ;et
2930 2791 3050 2845 ideo
3077 2789 3216 2844 venit
3243 2788 3309 2840 ad
3332 2794 3569 2855 apertam

1990 2891 2373 2952 defensionem,
2398 2903 2518 2942 cum
2563 2886 2780 2946 diceret,
2812 2883 3045 2937 Peccavi.
3075 2881 3141 2935 At
3171 2879 3296 2934 Sail!
3327 2893 3431 2931 non
3477 2877 3568 2938 ita,

1990 2984 2083 3040 sed
2111 2999 2230 3039 cum
2258 2982 2324 3036 de
2345 2980 2676 3048 ventriloqua
2701 2993 2792 3032 seu
2841 2974 3158 3047 Pythouissa
3207 2967 3573 3040 reprehende-

1991 3084 2159 3140 retur,
2187 3072 2395 3127 dicebat
2429 3089 2441 3124 :
2474 3069 2735 3132 Coarctor,
2762 3077 2806 3122 et
2827 3067 3122 3134 alienigena:
3142 3070 3369 3134 pugnant
3399 3067 3576 3112 contra

1993 3166 2108 3234 me(
2143 3166 2192 3219 1.
2221 3162 2349 3233 Reg.
2376 3160 2466 3215 23.
2497 3161 2564 3216 15
2648 3158 2770 3212 Ideo
2796 3167 2970 3211 autem
2998 3169 3162 3225 grave
3200 3152 3347 3208 dedit
3373 3151 3576 3222 suppli-

1993 3259 2155 3314 cium.
2184 3256 2316 3311 Cum
2337 3253 2478 3308 enim
2507 3251 2778 3307 debuisset
2803 3249 2999 3310 dicere,
3025 3246 3266 3311 Peccavi,
3290 3253 3342 3299 et
3371 3260 3455 3300 me
3476 3245 3578 3299 ini—

1992 3367 2096 3423 que
2117 3349 2253 3422 gessi
2285 3363 2298 3398 :
2332 3347 2421 3402 ille
2440 3344 2653 3416 quidem
2678 3342 2778 3397 hoc
2806 3355 2912 3394 non
2937 3337 3088 3402 dixit,
3120 3337 3214 3392 sed
3241 3336 3419 3390 abibat
3438 3351 3466 3389 a
3488 3351 3572 3390 ra-

1998 3445 2143 3496 tione
2181 3439 2383 3494 alicnas
2411 3449 2656 3506 quaerens
2701 3431 3092 3486 excusationes.
3123 3426 3247 3482 Cum
3291 3426 3576 3480 hominibus

1993 3533 2313 3604 operantibus
2327 3529 2658 3602 iniquitatem.
2688 3525 2801 3579 Hoc
2844 3520 3114 3590 subjunxit
3143 3517 3430 3573 ostendens
3458 3533 3578 3572 esse

1993 3628 2206 3683 illorum
2235 3624 2484 3688 maxime,
2513 3620 2702 3675 afferre
2722 3616 3110 3680 excusationes,
3136 3622 3189 3668 et
3216 3627 3275 3667 se
3302 3611 3579 3681 impuden-

1997 3729 2077 3774 ter
2101 3731 2290 3788 gerere
2314 3733 2327 3768 :
2357 3725 2411 3769 et
2440 3713 2560 3768 ideo
2589 3709 2754 3765 David
2777 3708 2878 3762 hoc
2903 3705 3116 3761 assidue
3161 3704 3328 3757 instar
3366 3702 3578 3756 virtutis

1995 3811 2260 3884 proponit,
2290 3809 2470 3878 fugere
2493 3806 2624 3860 tales
2639 3813 2828 3867 eteius,
2860 3809 3018 3870 atque
3038 3798 3170 3852 adeo
3195 3806 3360 3851 totum
3384 3795 3578 3850 librum

1995 3905 2062 3960 ab
2086 3920 2150 3959 eo
2181 3901 2363 3971 incipit
2387 3918 2399 3953 :
2425 3899 2609 3953 Beatus
2634 3897 2728 3961 vir,
2754 3894 2838 3964 qui
2862 3909 2962 3946 non
3006 3890 3124 3943 abiit
3148 3890 3201 3942 in
3240 3887 3450 3941 consilio
3478 3886 3578 3938 im-

1998 3997 2219 4067 piorum,
2237 4003 2283 4047 et
2309 3994 2360 4045 in
2381 3991 2461 4044 via
2489 3996 2807 4060 peccatorum
2836 3999 2936 4036 non
2973 3981 3127 4045 stetit,
3155 3989 3202 4032 et
3240 3979 3294 4031 in
3340 3975 3580 4030 cathedra

1996 4086 2387 4158 perniciosorum
2411 4098 2512 4135 non
2563 4079 2687 4132 sedit
2719 4074 2905 4148 (Psal.
2931 4075 2982 4128 1.
3016 4074 3042 4126 1
3070 4071 3110 4143 ).
3141 4070 3426 4138 Propterea
3479 4082 3580 4121 au-

1997 4189 2102 4233 tem
2125 4178 2297 4246 ipsum
2325 4187 2536 4242 semper
2562 4169 2800 4224 invenies
2821 4167 2872 4220 in
2905 4162 3136 4235 peccatis
3163 4161 3369 4230 culpam
3410 4173 3580 4228 agno-

1996 4285 2168 4325 scere.

2071 4359 2400 4414 Peccatorum
2429 4353 2676 4425 confessio
2724 4348 2886 4403 Deum
2913 4347 3130 4401 maxime
3171 4343 3375 4414 piacat;
3413 4340 3582 4395 convi-

1998 4453 2191 4507 viorum
2211 4459 2256 4503 et
2282 4447 2592 4501 theatrorum
2617 4441 2893 4512 pernicies;
2920 4436 3302 4510 reprehensores
3314 4433 3442 4505 justi
3481 4447 3582 4486 non

1998 4540 2282 4598 aversandi.
2315 4568 2387 4578 —
2413 4535 2634 4605 Quando
2673 4547 2801 4602 ergo
2831 4527 3127 4586 numeravit
3175 4523 3426 4596 populum
3447 4565 3462 4587 ,
3495 4522 3580 4576 di-

1999 4635 2152 4691 cebat
2171 4676 2186 4697 ,
2221 4631 2328 4703 Ego
2359 4628 2586 4701 peccavi,
2614 4635 2659 4680 et
2691 4640 2780 4696 ego
2810 4631 2981 4693 pastor
3024 4619 3156 4672 male
3183 4617 3280 4687 [cci
3305 4613 3456 4687 (Reg.
3486 4611 3578 4667 21.

2003 4728 2070 4782 17
2089 4725 2132 4795 ).
2157 4723 2272 4778 Non
2295 4721 2448 4785 dixit,
2479 4717 2614 4785 Quid
2646 4727 2755 4770 tum
2780 4756 2795 4780 ,
2827 4715 2870 4766 si
2895 4709 3204 4766 numeravi?
3229 4709 3322 4763 sed
3346 4707 3580 4776 steipsum

2000 4819 2351 4880 condemnat,
2383 4825 2439 4870 et
2486 4812 2604 4866 ideo
2648 4809 2855 4864 veniam
2901 4804 3218 4872 assequitur.
3267 4799 3406 4854 Nihil
3441 4797 3581 4852 enim

2003 4915 2168 4968 Deum
2197 4925 2346 4978 aeque
2374 4905 2545 4960 reddit
2573 4901 2853 4973 propitium
2879 4941 2894 4964 ,
2922 4913 2985 4952 ac
3014 4905 3350 4967 peccatorum
3377 4892 3584 4947 confes-

2001 5007 2100 5060 sio.
2135 5004 2246 5059 lloc
2271 5010 2448 5056 autem
2479 4998 2565 5052 lict
2587 5038 2601 5060 ,
2645 4995 2688 5049 si
2740 4993 3003 5063 fugiantur
3031 5004 3214 5045 eorum
3257 4996 3427 5041 cmtus
3449 5025 3464 5050 ,
3493 4987 3582 5054 qui

2003 5086 2199 5151 metum
2233 5101 2568 5164 peccatorum
2614 5087 2857 5149 solvunt,
2897 5092 2952 5138 et
2979 5082 3043 5136 ad
3069 5079 3366 5136 socordiam
3397 5075 3582 5143 impel-

2004 5191 2134 5246 lunt.
2171 5188 2235 5241 Et
2277 5184 2396 5240 ideo
2438 5181 2632 5237 Paulus
2661 5187 2712 5234 et
2757 5175 3014 5232 Jeremias
3050 5173 3117 5228 de
3139 5187 3206 5227 eo
3234 5169 3396 5225 multa
3427 5166 3585 5221 verba

2009 5282 2237 5342 faciunt,
2271 5286 2324 5330 et
2347 5274 2535 5344 jubent
2565 5272 2773 5340 utrique
2801 5268 2981 5338 fugere
3007 5264 3266 5319 malorum
3295 5269 3350 5314 et
3373 5273 3583 5320 eorum,

2007 5373 2097 5447 qui
2119 5378 2239 5426 sunt
2267 5367 2400 5421 adeo
2423 5363 2631 5436 ignavi,
2659 5357 3116 5416 consuetudinem.
3145 5353 3312 5408 Porro
3338 5348 3440 5406 Job
3465 5363 3590 5418 quo-

2003 5439 2107 5536 que
2150 5463 2253 5516 hoc
2279 5459 2446 5515 refert
2485 5458 2535 5510 in
2565 5467 2841 5510 numerum
2873 5449 3117 5512 virtutis,
3150 5444 3353 5507 dicens,
3393 5439 3454 5496 Si
3480 5456 3591 5492 ain-

2005 5555 2171 5611 bulavi
2199 5568 2313 5606 cum
2348 5549 2631 5604 irrisoribus
2667 5543 2820 5616 (Job.
2852 5543 2943 5597 3|.
2972 5540 3058 5610 5).
3089 5537 3186 5593 Hic
3202 5543 3380 5590 autem
3409 5540 3591 5586 osten-

2004 5649 2108 5712 dit,
2135 5663 2196 5701 se
2225 5660 2344 5699 cum
2376 5642 2442 5697 iis
2468 5657 2535 5695 ne
2563 5638 2767 5693 sedisse
2791 5633 3004 5706 quidem
3025 5672 3044 5699 ,
3083 5630 3267 5685 dicens
3287 5667 3303 5692 ,
3333 5623 3456 5680 Non
3483 5622 3590 5676 sedi

2005 5739 2057 5792 in
2081 5733 2292 5791 consilio
2319 5731 2596 5786 ludentium
2623 5726 2809 5799 (Psal.
2837 5725 2928 5780 25.
2961 5722 3056 5794 ι).
3083 5720 3208 5776 Ideo
3238 5715 3430 5774 Paulus
3459 5729 3590 5784 quo-

2007 5848 2110 5905 que
2137 5846 2243 5886 non
2270 5827 2394 5884 sinit
2415 5825 2553 5881 vesci
2578 5838 2701 5878 cum
2724 5819 3008 5894 improbis,
3037 5817 3145 5874 imo
3167 5828 3265 5870 nec
3285 5811 3446 5868 ullam
3467 5822 3589 5865 cum
