4070 6340
546 403 650 458 439

543 522 623 575 eis
660 518 853 573 habere
889 515 1361 580 consuetudinem,
1411 517 1628 570 dicens:
1676 514 1736 570 Si
1785 515 1894 581 quis
1943 523 2109 565 autem

543 626 644 664 non
687 608 852 663 obcdit
891 609 1108 661 sermoni
1144 615 1312 661 nostro
1358 623 1445 676 per
1471 606 1765 674 epistolam,
1799 621 1914 659 eum
1963 614 2112 656 nota-

541 711 589 754 te
609 739 626 766 ,
649 709 698 753 et
734 714 833 752 non
877 697 1231 752 conuerseniini
1273 713 1388 750 cum
1413 713 1492 750 eo.
1527 696 1590 749 Et
1614 712 1714 749 non
1741 683 2114 748 communicabo

541 805 654 843 cum
691 789 856 844 electis
897 803 1069 841 eorum
1111 786 1201 857 (2.
1234 785 1410 840 Thess.
1459 787 1668 855 3.14).
1701 786 1885 850 Alius,
1936 783 2116 854 Neque

541 897 645 934 una
674 879 929 933 comedam
953 879 1119 932 dulcia
1148 893 1318 932 eorum
1348 877 1448 946 (a).
1483 876 1660 940 Alius,
1697 875 1815 929 Non
1841 890 2117 945 congrega-

541 974 630 1026 bor
654 973 707 1025 in
728 971 919 1026 deliciis
947 986 1137 1024 eorum.
1176 968 1273 1023 ilic
1301 968 1429 1022 dicit
1451 967 1580 1021 illud
1616 967 1962 1037 apostolicum
1982 1006 1998 1032 ,
2025 964 2112 1019 fu-

540 1061 759 1130 giendas
778 1076 897 1116 esse
919 1060 1139 1115 delicias
1157 1059 1363 1112 illorum
1389 1067 1442 1112 et
1470 1057 1708 1112 convivia
1729 1097 1743 1121 ,
1767 1055 1857 1109 ubi
1885 1056 2115 1112 maxime

541 1152 730 1206 crescit
759 1158 1029 1222 peccatum
1055 1191 1071 1210 ,
1103 1149 1188 1203 ubi
1217 1148 1385 1216 major
1413 1157 1495 1202 est
1525 1147 1738 1202 libertas
1783 1156 1836 1200 et
1879 1146 2108 1201 licentia.

609 1242 661 1298 8.
689 1242 800 1297 Non
822 1249 905 1298 est
925 1249 1101 1296 autem
1125 1242 1226 1296 hoc
1252 1255 1470 1310 parvum
1495 1240 1703 1310 signum
1743 1239 1978 1304 virtutis,
2008 1255 2112 1293 non

543 1348 701 1405 parva
743 1334 826 1387 via
851 1333 1224 1398 correctionis,
1252 1330 1510 1400 ejusmodi
1539 1329 1720 1399 fugere
1759 1325 1994 1383 convivia
2015 1369 2030 1394 ,
2060 1339 2114 1383 et

543 1427 674 1480 tales
702 1433 872 1480 cattus
889 1465 906 1490 ,
939 1440 1108 1494 neque
1133 1424 1366 1479 revereri
1395 1421 1713 1486 amicitiam,
1746 1437 1916 1490 neque
1942 1421 2112 1475 ventri

542 1519 833 1572 servientes
859 1516 1025 1571 robur
1051 1526 1104 1571 et
1131 1515 1480 1569 constantiam
1507 1515 1666 1568 animi
1693 1513 2002 1568 dissolvere.
2036 1513 2109 1568 Ita

545 1609 670 1663 dum
698 1609 848 1662 multi
873 1615 1241 1662 revererentur
1265 1605 1548 1660 amicitiam
1567 1645 1585 1670 ,
1611 1605 1663 1658 in
1707 1605 1977 1659 ebrietatis
2011 1603 2114 1659 flu-

544 1713 662 1756 etus
689 1701 916 1756 devoluti
961 1709 1113 1764 sunt,
1144 1700 1215 1753 ita
1257 1699 1393 1769 capti
1423 1707 1546 1752 sunt
1585 1713 1615 1750 a
1659 1696 2033 1762 fornicatione,
2061 1705 2117 1751 et

545 1792 716 1860 ignem
738 1790 1025 1860 voluptatis
1049 1789 1442 1851 accenderunt,
1465 1787 1590 1842 dum
1615 1787 1821 1857 sequuti
1842 1794 1966 1841 sunt
1987 1802 2116 1840 con-

542 1884 675 1937 vivia
697 1893 751 1938 et
782 1882 984 1937 theatra
1015 1881 1256 1935 habentia
1281 1881 1501 1934 multum
1531 1879 1836 1950 iniquitatis.
1865 1879 1976 1933 Hoc
2003 1879 2115 1946 ipse

541 1987 748 2042 quoque
773 1971 1003 2026 ostendit
1028 1986 1086 2025 se
1108 1971 1294 2026 fecisse
1312 2011 1328 2036 ,
1355 1979 1412 2024 ut
1439 1985 1504 2024 ne
1524 1968 1783 2038 ejusmodi
1809 1983 2005 2022 mensa:
2025 1983 2112 2022 es-

542 2072 624 2118 set
668 2065 949 2134 particeps.
979 2061 1032 2117 5.
1061 2060 1306 2130 Corripiet
1345 2076 1423 2114 me
1456 2062 1628 2132 justus
1653 2059 1707 2112 in
1733 2057 2074 2112 misericordia
2095 2098 2112 2124 ,

541 2167 585 2208 et
609 2154 879 2224 increpabit
908 2169 1018 2206 me:
1039 2153 1202 2206 oleant
1225 2165 1389 2205 autem
1415 2149 1688 2220 peccatoris
1713 2165 1814 2202 non
1842 2148 2114 2219 impinguet

541 2256 690 2316 caput
711 2263 894 2298 meum.
921 2244 1068 2299 Alius
1089 2285 1105 2309 ,
1131 2242 1429 2296 Misereatur
1447 2240 1541 2294 mei
1557 2241 1729 2309 justus
1751 2239 2111 2306 misericordia,

541 2346 588 2390 et
616 2337 834 2405 increpet
864 2335 903 2388 ยน.
933 2334 1045 2389 Hoc
1066 2348 1275 2402 quoque
1299 2346 1416 2386 cum
1453 2331 1626 2400 priore
1654 2345 1756 2383 non
1787 2339 1867 2383 est
1895 2344 2112 2397 parvum

541 2440 707 2496 genus
733 2425 972 2489 virtutis,
997 2439 1101 2478 non
1130 2421 1310 2492 fugere
1338 2420 1777 2490 reprehensiones
1800 2428 1854 2474 et
1879 2421 2116 2488 increpa-

543 2516 715 2571 tioues
740 2532 856 2586 qute
887 2517 1016 2570 fiunt
1036 2529 1065 2569 a
1088 2514 1262 2583 justis.
1293 2513 1442 2582 Quod
1470 2522 1647 2567 autem
1677 2512 1835 2578 dicit,
1861 2521 1944 2566 est
1971 2511 2113 2580 ejus-

542 2606 682 2660 intuli
711 2624 725 2661 :
759 2606 954 2660 Eorum
983 2604 1193 2676 quidem
1214 2645 1228 2667 ,
1261 2605 1348 2674 qui
1391 2603 1457 2657 ad
1483 2603 1704 2672 gratiam
1737 2602 2021 2671 loquuntur
2059 2603 2113 2656 in

542 2697 789 2752 damnum
812 2737 829 2763 ,
857 2707 1025 2753 castus
1055 2712 1336 2765 numquam
1365 2695 1549 2750 fuerim
1574 2695 1836 2764 particeps
1860 2712 1874 2747 :
1904 2708 1997 2747 eos
2023 2709 2115 2748 au-

542 2797 647 2844 tem
690 2789 940 2859 elegerim
980 2788 1068 2858 qui
1111 2797 1235 2842 sunt
1262 2786 1638 2852 vehementes,
1683 2784 1770 2854 qui
1813 2784 2111 2853 corrigunt,

542 2879 630 2950 qui
661 2888 926 2950 peccatum
974 2879 1248 2948 aperiunt,
1298 2877 1387 2946 qui
1417 2877 1828 2947 reprehendunt.
1877 2874 1988 2929 Hoc
2032 2882 2116 2928 est

541 2973 682 3027 enim
732 2971 960 3026 maxime
1009 2970 1383 3026 misericordia:
1431 2981 1485 3024 et
1529 2968 1861 3032 clementiae,
1911 2966 2113 3021 mederi

541 3062 864 3117 vulneribus.
899 3059 1077 3114 Oleum
1101 3069 1266 3114 autem
1295 3060 1566 3129 peccatoris
1592 3075 1690 3111 non
1729 3058 2002 3128 impinguet
2026 3074 2115 3110 ca-

542 3163 632 3224 put
672 3169 854 3207 meum.
885 3151 1070 3206 Vidisti
1114 3151 1341 3206 animam
1385 3151 1578 3204 virtute
1622 3149 1964 3213 instructam,
1996 3163 2114 3218 qua:

543 3245 642 3302 fert
692 3245 934 3299 lubenter
979 3243 1239 3311 justorum
1292 3241 1765 3310 reprehensiones,
1813 3239 1879 3291 ab
1925 3238 2116 3307 iniquis

541 3343 716 3394 autem
735 3376 751 3402 ,
779 3335 862 3389 vel
889 3333 953 3387 ad
981 3333 1198 3404 gratiam
1228 3331 1392 3386 factas
1417 3330 1622 3399 rejicit?
1647 3328 1858 3396 Quare?
1889 3329 2017 3396 Quia
2043 3327 2114 3383 illi

544 3426 630 3482 vel
679 3427 992 3480 miserentes
1037 3438 1178 3493 saepe
1224 3423 1437 3476 exitium
1486 3420 1808 3474 attulerunt:
1842 3418 1892 3471 hi
1940 3428 2115 3472 autem

544 3521 737 3573 acriter
761 3518 1078 3572 insectantes
1099 3525 1152 3570 et
1173 3515 1500 3584 increpantes
1525 3520 1900 3576 correxerunt;
1921 3521 1971 3564 et
1997 3526 2114 3565 cum

546 3608 734 3662 horum
798 3606 1208 3676 reprehensione
1262 3605 1541 3668 conjuncta
1590 3613 1671 3656 est
1723 3600 2116 3664 misericordia,

544 3707 662 3746 cum
707 3689 912 3744 illorum
943 3688 1300 3744 misericordia
1343 3703 1506 3742 mors.
1538 3686 1602 3740 Et
1632 3685 1748 3740 ideo
1789 3684 1923 3738 dixit
1968 3685 2117 3753 quis-

547 3785 724 3854 piam:
764 3781 1022 3836 Fidcliora
1050 3781 1323 3834 amicorum
1362 3782 1604 3840 vulnera,
1644 3793 1795 3846 quam
1836 3775 2118 3829 voluntaria

545 3876 718 3931 oscula
763 3875 1080 3928 inimicorum
1125 3870 1312 3943 (Prov.
1356 3871 1445 3924 27.
1479 3870 1563 3938 6).
1610 3866 1895 3923 Considera
1941 3877 2116 3921 autem

547 3965 813 4034 quomodo
844 3966 928 4017 hic
950 3963 1208 4033 significat
1237 3961 1364 4016 illud
1390 3961 1734 4029 apostolicum
1763 3976 1773 4009 :
1809 3956 2080 4027 Redargue
2099 3997 2117 4024 ,

547 4059 788 4125 increpa,
836 4056 1096 4109 eat/tortore
1134 4054 1222 4121 (2.
1255 4051 1386 4106 Tim.
1429 4051 1481 4105 4.
1524 4049 1616 4118 2).
1661 4048 1802 4102 Talis
1852 4057 1934 4101 est
1977 4047 2118 4102 enim

549 4155 847 4201 sanctorum
871 4143 1230 4214 reprehensio.
1261 4142 1333 4196 Ita
1353 4142 1510 4196 etiam
1537 4137 1730 4200 faciunt
1753 4137 1942 4192 medici
1968 4154 1982 4190 :
2015 4151 2118 4190 non

551 4239 720 4291 solum
761 4246 974 4301 secant,
1006 4233 1099 4288 sed
1129 4235 1286 4288 etiam
1317 4231 1551 4301 alligant.
1592 4228 1850 4296 Quocirca
1879 4227 2122 4282 Christus

549 4345 758 4400 quoque
778 4329 1010 4382 efficiens
1031 4338 1084 4381 ut
1103 4334 1246 4395 grata
1271 4335 1411 4380 esset
1429 4332 1482 4378 et
1501 4330 1713 4390 accepta
1741 4320 2085 4390 reprehensio
2104 4360 2119 4385 ,

552 4439 656 4477 non
679 4423 804 4476 sinit
831 4420 1295 4490 reprehensionem
1316 4417 1383 4470 ab
1408 4415 1556 4469 initio
1586 4413 1872 4483 publicari,
1904 4413 2119 4466 dicens:

565 4512 734 4576 Vade,
779 4523 824 4565 ct
865 4509 1168 4579 repreliende
1209 4509 1379 4575 ipsum
1422 4508 1549 4559 inter
1593 4514 1639 4558 te
1665 4514 1711 4558 et
1754 4506 1919 4572 ipsum
1961 4502 2124 4557 solum

555 4604 778 4676 (Matth.
810 4603 896 4658 18.
925 4602 1048 4671 15).
1076 4599 1148 4654 Ita
1177 4599 1335 4654 etiam
1368 4597 1590 4651 faciebat
1621 4596 1810 4648 Paulus
1837 4594 2123 4649 ostendens

552 4696 1014 4766 reprehensionem
1044 4707 1162 4747 cum
1205 4689 1601 4754 misericordia,
1632 4701 1770 4741 nime
1794 4686 2007 4755 quidem
2047 4685 2128 4739 di-

551 4801 719 4844 cens:
747 4785 792 4839 0
815 4783 1050 4840 insensati
1077 4781 1272 4837 Galatae
1301 4782 1323 4850 (
1340 4778 1507 4833 Galat.
1534 4779 1587 4832 5.
1615 4779 1635 4832 1
1660 4780 1676 4847 )
1699 4793 1714 4841 อพ
1746 4792 1884 4829 nime
1909 4787 2082 4830 autem
2109 4793 2124 4830 :

555 4877 730 4932 Filioli
757 4877 873 4940 mei,
900 4892 1022 4946 quos
1047 4875 1226 4928 iterum
1252 4873 1476 4943 parturio
1513 4869 1713 4941 (Galat.
1737 4870 1792 4923 4.
1817 4869 1881 4924 19
1901 4870 1938 4938 ).
1961 4870 2129 4938 Opor-

555 4977 633 5026 tet
659 4969 799 5025 enim
826 4982 944 5022 eum
965 5008 980 5033 ,
1002 4965 1090 5036 qui
1117 4962 1458 5032 reprehendit
1478 5003 1490 5025 ,
1522 4961 1684 5014 multa
1712 4961 2010 5028 excogitare
2029 5001 2044 5023 ,
2073 4967 2131 5012 ut

556 5068 770 5128 accepta
799 5057 864 5112 sit
904 5067 956 5110 et
983 5065 1122 5124 grata
1165 5052 1280 5122 ejus
1331 5050 1710 5118 reprehensio:
1743 5057 1796 5102 et
1825 5062 2010 5117 magna
2041 5062 2130 5101 sa-

561 5153 753 5222 pientia
799 5164 934 5217 Opus
964 5156 1045 5201 est
1083 5145 1162 5207 ei,
1195 5145 1281 5215 qui
1311 5141 1608 5198 adhibuerit
1637 5143 1737 5195 tale
1769 5140 2129 5194 medicamen-

562 5252 666 5296 tum
692 5256 707 5293 :
735 5253 796 5294 ac
826 5236 1024 5307 majore
1050 5233 1259 5304 quidem
1299 5231 1553 5300 sapientia
1579 5244 1712 5298 opus
1740 5239 1821 5283 est
1848 5229 1894 5282 ei
1923 5229 2010 5298 qui
2043 5241 2129 5282 re-

626 5436 642 5466 แฝท
679 5441 789 5482 Haec
813 5431 958 5481 lectio
992 5436 1067 5478 est
1092 5427 1231 5489 juxta
1255 5421 1708 5489 interpretationem
1746 5419 1966 5489 Aquilia,
1997 5422 2135 5489 cujus

557 5501 750 5545 textum
780 5500 991 5542 Gracum
1027 5483 1109 5539 me
1137 5489 1352 5536 vitiatum
1373 5483 1523 5533 fuisse
1549 5485 1871 5545 suspicamur;
1897 5483 2135 5545 siquidem

563 5543 652 5616 pro
675 5568 815 5614 voce,
839 5565 1036 5616 mrsu,
1062 5562 1173 5616 qua:
1210 5560 1337 5616 nunc
1365 5554 1541 5616 praeco
1577 5543 1774 5616 legitur.
1799 5551 1851 5616 (ฮพฮน
1873 5543 2136 5616 respondet

563 5605 668 5668 'voci
691 5605 884 5674 latine,
903 5605 1136 5676 'incrept't,
1161 5609 1344 5676 legitur
1364 5609 1412 5656 in
1431 5607 1573 5676 Regia
1585 5605 1789 5676 quadam
1811 5609 2006 5676 Catena,
2030 5628 2138 5654 ฯฮทฮฟ

564 5666 737 5737 5......
759 5666 896 5740 quasi
917 5666 1065 5730 dieas',
1087 5666 1260 5721 mโaae'o
1280 5666 1561 5740 metundtu,
1586 5666 1686 5726 vel,
1707 5670 1935 5716 extendat
1975 5677 1992 5714 .-
2025 5677 2136 5728 qua:

562 5771 681 5809 vera
705 5729 1085 5821 signi๏ฌcatio
1108 5754 1240 5803 vocis
1272 5729 1476 5806 #17353โ.

626 5851 700 5913 (a)
733 5857 840 5898 Ilaec
863 5845 1200 5908 interpretatio
1224 5849 1299 5893 est
1326 5842 1463 5904 juxta
1486 5839 1829 5904 Symmachum.

1250 399 1290 454 S
1347 398 1621 455 JO.\NNlS
1657 394 2125 454 CIIRYSOSTOMI
2167 395 2480 453 ARCHIEP.
2520 397 3052 454 CONSTANTINOP.

3692 400 3792 454 H0

2220 512 2535 580 prehendit,
2581 530 2738 584 quam
2769 515 2819 569 ei
2862 517 2952 584 qui
2991 529 3183 582 corpus
3226 512 3437 568 scindit.
3481 514 3790 582 Quomodo?

2217 606 2476 672 Quoniam
2504 606 2610 661 illic
2639 607 2850 675 quidem
2871 607 3010 660 aliud
3039 616 3120 660 est
3144 606 3283 676 quod
3313 605 3542 672 scindit,
3570 615 3624 660 et
3651 607 3791 660 aliud

2217 695 2357 763 quod
2377 695 2613 750 dolorem
2635 697 2886 766 suscipit;
2909 698 2994 750 hic
3017 707 3189 750 autem
3207 697 3390 750 eadem
3413 705 3494 750 est
3516 711 3634 766 qua:
3655 699 3794 750 scin-

2218 785 2360 840 ditur
2378 827 2391 850 ,
2419 797 2475 840 et
2499 803 2616 856 qua:
2641 787 2828 842 dolore
2848 787 3092 841 afficitur.
3125 787 3302 839 Oleum
3330 797 3494 839 autem
3521 789 3793 856 peccatoris

2218 893 2318 930 non
2361 878 2634 948 impingact
2677 888 2830 947 caput
2859 895 3043 930 meum.
3073 877 3206 944 Quid
3253 877 3353 931 hoc
3381 877 3499 931 est?
3548 878 3640 931 Ille
3662 917 3678 942 ,
3710 878 3791 930 iu-

2217 968 2367 1034 quit,
2400 982 2502 1021 non
2542 972 2731 1038 quierit
2768 969 3046 1022 utilitatem
3088 968 3378 1031 auditoris,
3410 967 3500 1020 sed
3531 983 3711 1029 suam,
3740 978 3795 1020 ut

2217 1054 2460 1110 videatur
2480 1057 2659 1110 suavis
2679 1097 2692 1121 ,
2712 1056 3006 1124 jucundus,
3029 1065 3082 1109 ct
3101 1057 3301 1109 amicus
3327 1073 3339 1109 :
3367 1055 3450 1108 hic
3474 1065 3648 1109 autem
3670 1067 3796 1109 ante

2219 1160 2367 1200 suam
2392 1147 2612 1215 gratiam
2636 1147 2937 1201 considerat
2962 1147 3103 1200 illius
3127 1146 3424 1200 utilitatem.
3458 1145 3604 1200 Unde
3633 1149 3791 1200 etiam

2220 1236 2318 1291 bac
2347 1238 2551 1292 ratione
2580 1238 2719 1292 inter
2747 1253 2806 1291 se
2846 1237 3072 1290 maxime
3110 1235 3379 1290 differunt.
3407 1236 3462 1290 Si
3489 1247 3664 1290 autem
3709 1238 3793 1292 vel

2218 1330 2534 1383 miserantes
2572 1327 2848 1383 aversandi
2883 1327 3145 1397 improbi;
3178 1327 3388 1396 quando
3429 1337 3550 1381 sunt
3599 1327 3792 1381 admit-

2219 1421 2402 1477 tendi?
2421 1421 2734 1490 Numquam.
2762 1419 3116 1486 Quamobrem
3145 1420 3350 1474 etiamsi
3378 1420 3611 1488 praabeat
3634 1435 3795 1486 pecu-

2219 1513 2362 1576 nias,
2402 1512 2607 1566 etiamsi
2637 1511 2853 1564 delicias
2879 1512 3146 1580 promittat
3173 1519 3226 1563 et
3265 1509 3494 1563 honores
3514 1551 3529 1576 ,
3557 1525 3678 1563 eum
3709 1525 3796 1563 re-

2217 1604 2353 1673 pelle
2381 1613 2434 1658 et
2473 1603 2591 1672 fuge
2615 1620 2629 1668 ;
2651 1602 2850 1674 justum
2891 1611 3066 1656 autem
3095 1602 3302 1656 etiamsi
3335 1611 3385 1657 te
3413 1603 3590 1656 verbis
3620 1601 3794 1656 ludifi-

2217 1706 2366 1752 cetur
2385 1739 2399 1762 ,
2421 1697 2627 1752 etiamsi
2658 1706 2709 1751 te
2731 1697 2968 1765 increpet
2995 1707 3045 1751 et
3074 1696 3390 1762 insectetur,
3414 1712 3635 1765 sequere
3659 1714 3672 1750 :
3704 1697 3795 1750 ille

2217 1788 2359 1840 enim
2404 1795 2485 1841 est
2544 1786 2633 1856 qui
2689 1795 2740 1840 te
2797 1785 2985 1856 diligit.
3039 1786 3289 1852 Quoniam
3338 1786 3503 1838 adhuc
3548 1797 3593 1839 et
3635 1789 3796 1840 oratio

2217 1894 2326 1931 mea
2379 1879 2431 1930 in
2485 1877 2802 1944 beneplacitis
2857 1893 3045 1930 eorum.
3097 1877 3242 1930 Alius
3277 1917 3292 1939 ,
3344 1876 3522 1928 Adhuc
3562 1877 3693 1928 enim
3748 1887 3796 1929 et

2217 1972 2377 2024 oratio
2413 1987 2524 2023 mea
2569 1971 2701 2023 intra
2744 1970 2862 2022 vitia
2900 1969 3122 2037 ipsorum
3170 1967 3232 2040 (a
3255 1979 3295 2036 ).
3325 1967 3473 2021 Alius
3496 2007 3512 2033 ,
3547 1966 3797 2031 Quoniam

2217 2063 2380 2114 adhuc
2413 2073 2458 2114 et
2489 2061 2648 2114 oratio
2677 2077 2787 2113 mea
2814 2061 2868 2112 in
2894 2058 3290 2131 improbitatibus
3313 2058 3556 2128 ipsorum.

2291 2153 2521 2207 Orationi
2549 2155 2642 2207 soli
2669 2170 2770 2206 non
2795 2151 3170 2220 con๏ฌdendum,
3195 2150 3282 2203 sed
3308 2159 3356 2203 et
3382 2149 3795 2220 cperandum.-โ

2223 2244 2346 2300 Haec
2374 2245 2585 2313 quidem
2613 2244 2886 2314 petiit.illa
2917 2258 3046 2297 vero
3070 2241 3272 2311 praebet
3295 2256 3323 2295 a
3345 2243 3520 2311 seipso
3549 2257 3562 2296 :
3593 2251 3645 2296 et
3670 2242 3798 2296 hinc

2217 2338 2448 2392 ostendit
2490 2352 2592 2390 non
2622 2345 2870 2405 oportere
2898 2349 2992 2390 eos
3020 2335 3190 2389 solum
3221 2333 3487 2388 con๏ฌdere
3529 2334 3749 2388 orationi
3779 2376 3797 2401 ,

2218 2429 2413 2482 inertes
2447 2441 2636 2496 nempe
2662 2437 2716 2481 et
2744 2425 3088 2490 dormientes,
3117 2425 3211 2479 sed
3239 2432 3486 2493 oportere
3509 2423 3668 2478 etiam
3697 2437 3796 2477 sua

2216 2517 2476 2572 conferre.
2503 2517 2638 2585 Quid
2688 2516 2774 2570 hic
2802 2525 2977 2570 autem
3006 2532 3070 2570 ex
3110 2530 3169 2570 se
3216 2515 3456 2585 praebet?
3485 2515 3599 2569 Non
3627 2528 3754 2570 oves
3777 2555 3796 2582 ,

2217 2610 2378 2664 boves
2401 2651 2416 2672 ,
2447 2619 2499 2662 et
2547 2609 2794 2677 pecunias
2815 2650 2829 2673 ,
2857 2607 2948 2661 sed
2998 2621 3205 2660 morum
3255 2605 3671 2661 moderationem
3697 2648 3712 2673 ,
3739 2615 3802 2660 et

2216 2700 2354 2770 quod
2390 2699 2687 2753 mirandum
2717 2698 2767 2751 in
2807 2697 3019 2752 modum
3055 2712 3237 2750 eorum
3284 2695 3447 2764 fugiat
3485 2696 3800 2766 improbita-

2220 2803 2348 2846 tem.
2377 2790 2490 2846 Non
2531 2791 2722 2854 solum,
2753 2789 2952 2858 inquit,
2980 2787 3188 2842 illorum
3227 2788 3573 2856 perniciosam
3603 2787 3801 2858 fugiam

2215 2885 2476 2954 gratiam,
2527 2897 2625 2937 nec
2675 2883 2866 2952 eligam
2912 2880 3106 2934 horum
3155 2879 3652 2948 reprehensionem,
3700 2880 3803 2935 sed

2215 2977 2374 3031 etiam
2403 2974 2555 3029 stabo
2572 2973 2825 3028 adversus
2845 2987 3028 3028 eorum
3055 2971 3398 3041 cupiditates:
3417 2979 3620 3026 tantum
3644 2972 3808 3026 abest

2217 3078 2276 3122 nt
2302 3068 2492 3137 eligam
2519 3081 2702 3120 eorum
2735 3062 3173 3127 misericordiam,
3203 3070 3260 3114 ut
3284 3075 3468 3130 precer
3493 3071 3677 3115 contra
3702 3077 3808 3115 eo-

2217 3175 2335 3214 rum
2363 3157 2694 3228 cupiditates.
2723 3155 2835 3210 Hoc
2860 3155 3000 3210 enim
3027 3154 3125 3208 sibi
3149 3152 3261 3207 vult
3287 3152 3436 3218 illud,
3466 3150 3532 3204 In
3560 3151 3806 3221 bencpla-

2218 3250 2327 3304 citis
2372 3265 2562 3302 eorum.
2592 3247 2645 3301 6.
2683 3246 2917 3314 Absorpti
2943 3254 3060 3299 sunt
3091 3245 3244 3314 juxta
3271 3253 3460 3313 petram
3488 3238 3686 3312 judices
3709 3259 3806 3295 eo-

2219 3357 2351 3396 rum.
2395 3340 2578 3404 Alius,
2618 3337 2904 3392 Avellentur
2941 3337 2994 3389 in
3035 3352 3187 3388 manu
3225 3343 3394 3404 pctrte.
3423 3332 3662 3388 Ostendit
3710 3332 3808 3389 hic

2219 3447 2378 3502 quam
2404 3432 2473 3486 sit
2493 3439 2763 3500 peccatum
2786 3435 3086 3497 expugnata
3113 3426 3284 3489 facile,
3308 3437 3360 3480 et
3379 3441 3535 3495 quam
3561 3438 3805 3495 preceps

2219 3523 2427 3577 vitium.
2458 3522 2560 3592 ipsi
2585 3562 2600 3586 ,
2641 3521 2844 3590 inquit,
2879 3518 3177 3588 principes,
3209 3516 3300 3586 qui
3343 3517 3516 3570 omnia
3549 3516 3803 3570 devastao

2220 3616 2343 3671 bant
2372 3655 2386 3679 ,
2415 3615 2708 3685 perierunt.
2753 3612 2868 3666 Non
2897 3611 3030 3664 dixit
3075 3619 3251 3664 autem
3275 3649 3290 3673 ,
3319 3608 3594 3663 Perierunt
3620 3648 3636 3673 ,
3667 3608 3756 3662 sed
3777 3649 3800 3674 ,

2219 3707 2457 3778 Absorpti
2483 3715 2621 3769 sunt,
2665 3703 2969 3774 significans
2997 3716 3089 3756 eos
3117 3701 3185 3754 ita
3221 3701 3459 3770 periisse,
3496 3707 3554 3753 ut
3595 3699 3799 3752 nullum

2221 3799 2290 3852 sit
2330 3799 2590 3867 reliquum
2617 3810 2802 3850 eorum
2847 3792 3163 3860 vestigium,
3186 3789 3326 3859 quod
3358 3788 3518 3843 etiam
3558 3788 3685 3842 dicit
3728 3789 3803 3841 de

2222 3889 2384 3959 impio
2409 3907 2423 3942 :
2447 3886 2678 3941 Transivi
2699 3926 2713 3949 ,
2741 3895 2788 3938 et
2826 3899 2938 3938 ecce
2971 3899 3071 3936 non
3099 3889 3202 3934 erat
3233 3896 3252 3934 :
3277 3879 3482 3959 quaesivi
3523 3879 3720 3948 ipsum,
3748 3888 3802 3930 ct

2223 3955 2322 4036 non
2362 3991 2433 4036 est
2474 3981 2700 4032 iuventus
2746 3981 2886 4031 locus
2929 3977 3036 4045 ejus
3078 3955 3356 4044 (Psal.'56.
3383 3971 3495 4042 3b).
3535 3973 3669 4038 Quid
3715 3981 3802 4026 est

2223 4071 2424 4126 Juxta?
2471 4070 2663 4138 Prope.
2708 4066 2858 4133 Quod
2913 4074 3088 4118 autem
3137 4063 3300 4128 dicit,
3348 4071 3430 4116 est
3489 4062 3796 4130 ejusmodi:

2225 4162 2678 4231 Quemadmodum
2719 4168 2866 4228 petra
2895 4158 3102 4225 aliqua,
3132 4170 3247 4224 qua:
3293 4154 3344 4207 in
3384 4168 3529 4207 mare
3567 4151 3798 4222 projecta

2225 4258 2315 4324 sit,
2345 4269 2450 4308 non
2479 4260 2735 4322 apparet:
2761 4250 2828 4303 ita
2860 4250 3018 4302 etiam
3049 4246 3304 4300 demersa:
3331 4245 3538 4298 illorum
3581 4243 3798 4297 felicita-

2226 4357 2306 4402 tes
2332 4345 2584 4412 deinceps
2615 4359 2716 4395 non
2745 4341 2972 4410 amplius
3001 4346 3277 4408 apparent,
3304 4353 3421 4390 cum
3454 4337 3684 4390 funditus
3716 4337 3799 4388 in-

2229 4437 2484 4493 terierint.
2516 4433 2612 4488 Vel
2651 4435 2751 4486 hoc
2789 4447 2915 4501 ergo
2951 4430 3117 4495 dicit,
3144 4428 3373 4482 deletum
3404 4444 3522 4481 esse
3570 4426 3800 4480 funditus

2227 4544 2412 4586 eorum
2437 4541 2628 4582 nomen
2650 4535 2702 4579 et
2725 4529 2965 4593 gloriam,
2986 4522 3068 4575 vel
3091 4521 3140 4575 id
3169 4520 3428 4590 significat
3449 4535 3568 4574 esse
3594 4528 3799 4588 potens,

2228 4626 2505 4680 robustum
2527 4631 2582 4677 et
2608 4620 2858 4674 validum.
2885 4616 3015 4672 Illud
3041 4616 3181 4670 enim
3212 4614 3489 4684 significat,
3520 4614 3804 4665 Avellentur

2231 4717 2283 4770 in
2312 4733 2465 4769 manu
2490 4723 2661 4784 petra.
2701 4711 2920 4764 Audierit
2945 4709 3088 4762 verba
3113 4723 3243 4768 mea,
3274 4706 3508 4775 quoniam
3534 4705 3705 4757 suavia
3727 4709 3805 4773 [a-

2231 4818 2312 4860 cta
2355 4815 2494 4860 sunt.
2529 4805 2695 4865 Alius,
2722 4800 2974 4868 Quoniam
3002 4799 3193 4851 munita
3218 4807 3333 4849 sunt
3361 4796 3614 4848 satellitio.
3635 4795 3802 4857 Alius,

2236 4896 2484 4964 Quoniam
2508 4893 2732 4963 speciosa
2761 4894 2896 4960 facta
2936 4898 3053 4941 sunt
3091 4887 3188 4956 (b).
3230 4885 3339 4938 lloc
3365 4893 3478 4940 est.
3504 4883 3686 4938 Scieut
3713 4898 3806 4951 per

2233 5003 2409 5043 rerum
2436 4983 2813 5055 experientiam
2853 4978 3237 5036 exhortationis
3273 4985 3326 5030 et
3359 4975 3564 5029 consJii
3596 4975 3697 5030 mei
3721 4974 3807 5042 ju-

2233 5079 2574 5135 cundilatem.
2602 5071 2983 5144 thuomodo?
3007 5069 3642 5139 Reprehensiojustorum
3670 5066 3809 5119 hunc

2235 5169 2480 5243 producit
2509 5168 2756 5232 fraetum,
2789 5173 3050 5220 eteorum
3075 5161 3348 5229 disciplina
3381 5173 3622 5228 n'iagnam
3659 5155 3811 5211 affert

2236 5267 2579 5331 voluptatem.

2309 5355 2362 5410 9.
2385 5353 2528 5408 Talis
2553 5359 2636 5405 est
2657 5349 2797 5403 enim
2823 5348 2988 5400 virtus
3015 5363 3029 5399 :
3058 5344 3214 5397 habet
3241 5340 3454 5412 quidem
3481 5339 3657 5394 brevis
3680 5347 3812 5391 tem-

2239 5447 2386 5518 poris
2427 5444 2661 5499 laborem
2685 5482 2700 5506 ,
2727 5447 3034 5510 perpetuam
3079 5444 3254 5490 autem
3294 5432 3549 5486 laetitiam.
3591 5429 3643 5484 7.
3670 5429 3813 5483 Sicut

2241 5535 2518 5592 crassitudo
2541 5543 2684 5587 terra:
2709 5541 2887 5600 erupta
2911 5537 2982 5582 est
3009 5542 3159 5596 super
3179 5535 3362 5577 terram
3389 5537 3406 5576 :
3434 5521 3678 5591 dissipata
3703 5529 3816 5572 sunt

2304 5647 2382 5719 (a)_
2409 5653 2518 5695 Haec
2539 5643 2878 5706 interpretatio
2895 5649 2972 5691 est
2989 5639 3128 5702 juxta
3145 5636 3490 5701 Symmachum,
3509 5633 3661 5682 altera
3679 5633 3816 5695 juxta

2244 5708 2524 5829 Aโiโiilai'uie
2559 5767 2743 5814 variant
2768 5763 3200 5827 interpretationes
3238 5760 3288 5808 in
3310 5757 3400 5807 hoc
3422 5755 3621 5817 toco,ut
3655 5753 3816 5804 vid'as

2249 5845 2297 5881 in
2321 5828 2545 5890 itemplis
2568 5837 2758 5876 nostris.
