4070 6340
484 329 580 385 ui

483 443 643 512 παρὰ
691 438 798 496 τὸν
847 438 1022 509 ᾅδην.
1046 440 1302 515 Ἕτερος,
1331 442 1556 511 Ὥσπερ
1609 443 1882 511 γεωργὸς,
1916 443 2064 496 ὅταν

480 525 688 596 primm
714 522 817 592 τὴν
847 521 994 593 γνῆνο
1017 524 1205 589 οὔτως
1230 525 1602 593 ἐσκορπίσθη
1633 525 1704 578 τὰ
1725 524 1877 578 ὀστᾶ
1897 523 2066 593 ἡμῶν

483 611 572 676 είς
616 608 812 675 στόμα
854 606 1025 673 ᾅδου.
1074 606 1298 669 Ἀλλος,
1354 607 1588 676 Ὁμοίως
1625 609 1676 660 εὶ
1721 608 2065 662 ἀποκλῶντι

483 691 584 760 καὶ
626 686 986 759 διασχίζρντι
1039 688 1155 757 τὴν
1206 690 1341 760 γῆν,
1388 692 1763 759 ἐσκορπίσθη
1805 691 1877 744 τὰ
1914 691 2067 745 ὀστᾶ

485 758 654 845 ήμῶν
698 758 927 845 εξςίτὸν
960 774 1131 840 ᾅδην.
1160 758 1371 838 Ἄλλος,
1415 776 1506 841 Ὡς
1548 774 1921 843 καλλιεργῶν
1958 775 2065 829 καὶ

484 856 768 913 σκάπτων
792 857 861 910 ἐν
890 855 964 925 τῇ
999 856 1094 926 γῇ,
1128 857 1556 927 διεσκορπίσθη
1599 858 1671 910 τὰ
1707 857 1858 912 ὀστᾶ
1894 858 2067 926 ἡμῶν

378 972 381 975 -
485 941 645 1010 παρὰ
691 941 796 994 τὸν
832 940 1006 1007 ᾅδην.
1055 940 1237 995 Εἰπὼν
1268 942 1348 996 ὄτι
1389 941 1587 1013 πολλὴν
1637 941 1750 1011 ἔχει
1793 941 1958 995 αὐτοῦ
1995 942 2065 996 τά

487 1026 709 1095 ῥήματα
743 1025 841 1096 τὴν
881 1025 1095 1095 ἡδονὴν,
1126 1024 1272 1092 λέγει
1319 1026 1415 1078 καὶ
1441 1024 1540 1088 τὰς
1583 1024 1815 1088 παλαιάς
1858 1042 2065 1094 συμφο-

489 1108 608 1178 ράς.
642 1108 768 1160 Ὅτι
796 1108 971 1160 καίτοι
1003 1124 1068 1175 γε
1100 1108 1168 1159 τά
1193 1107 1400 1178 ἔσχατα
1433 1107 1726 1177 ἐπάθομεν,
1751 1109 1845 1161 καὶ
1872 1107 2063 1180 ὥσπερ

487 1190 559 1260 γῆ
588 1191 965 1262 διαρῤαγεῖσα,
989 1189 1081 1243 καὶ
1110 1190 1508 1261 ἀροτριωμένη.
1537 1190 1568 1260 ἢ
1597 1190 2062 1263 διασκαπτομένη,

484 1274 628 1329 οὕτω
656 1273 855 1337 πάντες
880 1274 1275 1344 διεσπάρημεν,
1303 1274 1397 1326 καὶ
1425 1273 1776 1344 ἀπωλόμεθα.
1804 1274 1898 1328 καὶ
1928 1274 2065 1346 πρὸς

486 1357 655 1422 αὐτάς
690 1357 784 1410 τοῦ
829 1355 1059 1411 Θανάτου
1102 1357 1201 1420 τὰς
1237 1355 1412 1420 πύλας
1461 1357 1722 1429 ἧλθομενθ
1759 1356 1872 1411 ἀλλ’
1915 1358 2065 1428 ὅμως

488 1440 581 1494 καὶ
622 1438 764 1493 οὕτω
796 1439 1124 1508 διακείμενοι
1172 1438 1371 1508 μᾶλλον
1402 1437 1468 1492 ἂν
1515 1438 1771 1509 ἑλοίμεθα
1806 1440 1903 1510 τὴν
1957 1440 2067 1495 ἀπὸ

485 1522 595 1577 τῶν
626 1522 848 1577 δικαίων
872 1522 1149 1575 παίδευσιν
1181 1521 1276 1574 καὶ
1301 1520 1606 1592 διόρθωσιν,
1636 1522 1669 1593 ἢ
1703 1523 1795 1576 τὸν
1820 1523 1929 1576 ἀπὸ
1953 1523 2066 1577 τῶν

486 1604 826 1678 ἁμαρτωλῶν
869 1604 1037 1659 ἔλεον.
1084 1603 1190 1658 Καὶ
1230 1604 1357 1675 γάρ,
1399 1604 1541 1676 ὅπερ
1583 1605 1650 1659 ἂν
1696 1605 1923 1674 γένοιτο,
1968 1606 2068 1678 τῆς

486 1688 625 1761 πρὸς
663 1688 723 1742 σέ
759 1687 971 1751 ἐλπίδος
1004 1686 1420 1757 ἐκκρεμάμεθα,
1451 1687 1679 1755 καὶούκ
1711 1683 1777 1741 ἄν
1811 1705 1943 1741 ποτε
1972 1691 2067 1742 ἐκ·

488 1770 748 1841 πέσοιμεν
780 1769 873 1823 τοῦ
908 1769 1044 1840 πρὸς
1074 1770 1134 1822 σὲ
1163 1771 1320 1841 όρᾷν.

557 1856 647 1908 Διὸ
666 1856 760 1909 καὶ
775 1856 1021 1925 ἐπήγαγε
1038 1853 1359 1922 λέγων,”οτι
1379 1852 1529 1921 πρὸς
1544 1853 1638 1916 σὲ,
1654 1856 1849 1922 Κύριε,
1868 1856 2065 1921 Κύριε,

488 1940 540 1992 οἱ
566 1937 861 2007 ὀφθαλμοί
877 1953 1016 2006 μου.
1046 1936 1171 1989 Ἐπί
1192 1935 1291 1990 σοί
1327 1936 1582 2005 ἤλπισα.
1608 1937 1693 2006 μὴ
1728 1938 2069 2004 ἀντανέλῃς

485 2021 604 2088 τὴν
623 2020 834 2089 ψυχήν
849 2036 985 2090 μου.
1002 2019 1123 2072 Κᾶν
1147 2019 1334 2089 μυρία,
1352 2020 1533 2089 φησὶν,
1553 2021 1754 2094 ἐπέλθῃ
1780 2022 1947 2075 δεινά.
1964 2023 2067 2074 κᾶν

487 2104 734 2173 πόλεμοι,
764 2102 867 2157 κᾶν
901 2101 1098 2174 μάχαι,
1139 2105 1244 2156 κάν
1277 2102 1515 2165 θάνατοι,
1548 2102 1652 2156 κᾶν
1702 2103 1870 2157 πύλαι
1915 2104 2064 2175 ᾆδου,

487 2187 588 2239 οὐκ
633 2186 975 2256 ἀφιστάμεθα
1016 2185 1116 2255 τῆς
1160 2187 1310 2255 ἱερᾶς
1360 2186 1643 2259 ἀγκύρας,
1690 2187 1805 2239 ἀλλ’
1831 2186 2068 2257 ἐχόμεθα

488 2272 587 2339 τῆς
627 2268 838 2331 ἐλπίδος
886 2269 985 2338 τῆς
1021 2269 1113 2320 ἐπὶ
1141 2271 1240 2339 τὴν
1277 2269 1375 2339 σὴν
1414 2269 1751 2340 συμμαχίαν,
1799 2271 1894 2322 καὶ
1925 2269 2070 2323 ὅπλα

488 2354 584 2407 καὶ
629 2351 966 2423 παρατάξεις
1012 2351 1269 2418 ἀφέντες,
1320 2352 1568 2405 ἐντεῦθεν
1605 2352 1705 2423 τὴν
1752 2351 2070 2421 ἀπαλλαγὴν

490 2436 899 2508 προσδοκῶμεν,
921 2435 1029 2488 ἀπὸ
1052 2434 1152 2504 τῆς
1178 2437 1276 2505 σῆς
1306 2436 1500 2506 ῥοπῆς.
1532 2436 1662 2489 Ἐπὶ
1687 2434 1785 2487 σοὶ
1812 2434 2065 2502 ἤλπισα,

482 2519 569 2588 μὴ
597 2518 937 2586 ἀντανέλῃς
968 2519 1082 2586 τὴν
1119 2518 1331 2585 ψυχήν
1358 2537 1495 2588 μου.
1534 2518 1744 2581 Ἄλλος,
1777 2517 1871 2585 Μὴ
1907 2518 2071 2571 ἐκκε-

488 2600 714 2670 νὼσῃς.
750 2601 1025 2664 Τουτέστι,
1077 2601 1152 2671 μὴ
1180 2600 1461 2671 ἄπρακτόν
1501 2619 1568 2671 με
1606 2603 1751 2671 ἀφῇς
1793 2599 2067 2657 ἀπελθεῖν.

489 2685 770 2747 Φύλαξόν
794 2700 868 2752 με
908 2682 1026 2737 ἀπὸ
1067 2683 1318 2753 παγίδος
1344 2679 1420 2754 ἧς
1446 2683 1916 2751 συνεστήσαντό
1941 2701 2064 2753 μοι,

488 2767 587 2820 καί
631 2767 750 2822 ἀ.τύ
779 2766 1142 2820 σκανδάλων
1182 2766 1299 2821 τῶν
1339 2766 1740 2836 ἐργαζομένων
1779 2767 1895 2832 τὴν
1932 2767 2069 2821 ἀνο-

483 2851 650 2918 μίαν.
676 2853 787 2920 Οὐχ
819 2849 1003 2913 ἁπλῶς
1028 2849 1260 2903 ἐνταῦθα
1288 2849 1578 2913 ἐπιόουλάς
1607 2850 1771 2917 λέγει.
1805 2849 1941 2903 ἀλλὰ
1970 2851 2069 2914 τάς

488 2934 806 3007 λαθραίους.
843 2935 942 2998 τὰς
989 2934 1413 3004 κεκρυμμένας,
1466 2935 1631 3006 αἴπερ
1665 2935 1773 2987 εἰσὶ
1811 2935 1904 2988 καὶ
1942 2935 2069 2988 δυσ-

488 3017 751 3081 φύλακτοι
784 3017 878 3069 καὶ
904 3018 1267 3087 δυσφώρατοι,
1294 3017 1374 3071 διὸ
1416 3017 1649 3088 μάλιστα
1682 3020 1775 3072 καὶ
1800 3018 1898 3089 τῆς
1929 3017 2071 3071 ἀνω-

489 3102 578 3156 θεν
630 3100 780 3171 [Hi]
815 3099 1020 3153 δέονται
1073 3100 1257 3169 ῥοπῆς.
1309 3100 1406 3153 Διά
1451 3100 1515 3173 δὴ
1565 3100 1724 3154 τοῦτο
1775 3103 1855 3164 εἰς
1903 3101 2069 3171 εὐχὴν

490 3185 803 3239 κατακλείει
827 3185 917 3237 τὸν
943 3183 1120 3252 λόγον.
1148 3183 1398 3239 ἐρδτεῦθεν
1426 3185 1944 3256 προοιμιασάμενος,
1977 3183 2070 3238 καὶ

489 3268 723 3322 ἐνταῦθα
749 3266 1045 3320 τελευτῶνο
1090 3268 1323 3331 δεικνὺς,
1367 3269 1450 3321 ὅτι
1493 3268 1562 3321 τὰ
1604 3268 1702 3338 μὲν
1742 3267 1874 3337 παρ’
1905 3268 2068 3320 αὑτοῦ

487 3350 662 3404 ταῦτά
691 3352 860 3410 ἐστιν,
901 3351 935 3421 ἡ
981 3350 1135 3413 ἐλπὶς
1168 3352 1201 3420 ἡ
1250 3354 1329 3414 εἰς
1364 3352 1454 3404 τὸν
1499 3352 1651 3414 Θεὸν,
1683 3351 1743 3404 τὸ
1784 3350 2069 3414 διαπαντὸς

492 3435 628 3505 πρὸς
664 3433 753 3487 τὸν
782 3433 913 3486 Θεὸν
954 3432 1188 3502 βλέπειν,
1218 3434 1277 3485 τὸ
1322 3434 1543 3503 φεύγειν
1574 3434 1751 3487 αὐτῶν
1789 3437 1909 3497 τοὺς
1944 3435 2068 3487 συλ-

489 3517 702 3587 λόγους,
731 3517 792 3569 τὸ
827 3519 1002 3587 μισεῖν
1028 3516 1204 3569 αὐτῶν
1230 3517 1329 3580 τὰς
1367 3518 1608 3589 πονηράς
1635 3517 1964 3589 ἐπιθυμίας’
1994 3518 2065 3571 τά

490 3600 548 3653 δὲ
597 3598 749 3670 παρά
775 3598 871 3652 τοῦ
903 3597 1059 3661 Θεοῦ,
1092 3600 1125 3669 ὴ
1160 3598 1407 3669 βοήθεια,
1438 3602 1472 3671 ἡ
1510 3601 1815 3671 συμμαχία,
1858 3601 1920 3654 τὸ
1960 3601 2069 3654 τῶν

490 3683 919 3754 δυσφορωτάτων
959 3682 1121 3736 αὑτὸν
1153 3680 1424 3755 ἀνώτερον
1464 3687 1656 3738 ποιεῖν.
1698 3685 1855 3739 Οῦτω
1884 3686 1994 3756 γάρ
2034 3687 2068 3757 ἡ

491 3765 662 3837 ἀρετὴ
692 3766 995 3834 ὑφαίνεται,
1027 3766 1121 3819 καὶ
1150 3768 1248 3836 τῆς
1284 3767 1553 3837 ἡμετέρας
1586 3767 1820 3838 σπουδῆς
1850 3771 2069 3838 είσαγοο

494 3850 682 3923 μένης,
714 3850 808 3903 καὶ
848 3849 944 3918 τῆς
980 3849 1071 3903 τοῦ
1109 3850 1242 3902 Θεοῦ
1293 3850 1543 3921 βοηθείας
1594 3851 1984 3923 συμμαχούσης
2014 3864 2065 3906 ι.

492 3932 824 3987 Πεσοῦνται
850 3932 920 3985 ἐν
949 3933 1378 4002 ἀμφιϐλήστρφ
1405 3932 1589 3987 αὐτοῦ
1617 3936 1670 3987 οί
1697 3933 2033 4003 ἁμαρτωλοί
2050 3952 2063 3965 ’

490 4017 828 4085 καταμόνας
870 4015 987 4086 ειμι
1039 4016 1173 4085 ἐγὼ,
1218 4016 1330 4081 ἕως
1366 4011 1438 4071 οὗ
1486 4015 1779 4084 παρέλθω.
1821 4017 1976 4081 Τίνος
2008 4021 2066 4071 ἐν

489 4099 888 4171 ἀμφιϐλήστρῳ
940 4100 1270 4165 πεσοῦνται;
1318 4099 1492 4154 Αὐτοῦ
1540 4099 1635 4154 τοῦ
1689 4100 1844 4155 Θεοῦ.
1896 4103 2066 4157 Τουτ-

491 4184 663 4245 ἐστιν,
704 4182 1024 4248 ἁλώσονται,
1057 4183 1502 4254 χειρωθήσονται.
1550 4186 1591 4236 Τ
1594 4184 1630 4237 ἀ
1676 4184 1774 4256 μὲν
1812 4184 1923 4258 γὰρ
1959 4187 2066 4240 τῶν

487 4267 730 4330 δικαίων,
768 4269 929 4339 μέχρι
970 4267 1306 4340 διορθώσεως
1348 4268 1442 4321 καὶ
1469 4267 1562 4321 τοῦ
1593 4268 1855 4341 διεγεῖραι
1886 4270 2065 4324 αὐτῶν

488 4350 586 4421 τὴν
629 4351 978 4421 φιλοσοφίαν
1017 4352 1087 4405 τά
1116 4352 1174 4405 δὲ
1206 4350 1313 4405 τῶν
1348 4350 1713 4421 ἁμαρτωλῶν,
1746 4353 1841 4407 ἆτε
1870 4354 2065 4408 ἀνίατα

488 4432 808 4496 νοσούντων,
851 4433 1015 4505 μέχρι
1043 4434 1317 4498 κολάσεως
1355 4434 1450 4488 καὶ
1482 4435 1770 4507 τιμωρίας.
1800 4439 2066 4506 Καταμό-

488 4534 600 4582 νας
624 4516 738 4586 εἰμὶ
768 4517 903 4586 ἐγὼ,
934 4516 1046 4582 ἕως
1072 4513 1145 4572 οὗ
1192 4514 1481 4584 παρέλθω.
1508 4517 1753 4589 Ἕτερος,
1778 4519 1925 4587 ’Ἅμα
1954 4519 2066 4589 ἐγώ

487 4599 622 4669 ειμι,
652 4599 763 4665 ἕως
791 4596 863 4655 οὗ
895 4598 1187 4669 παρέλθω.
1217 4600 1427 4662 Ἀλλος.
1459 4599 1582 4652 Ἐπὶ
1613 4599 1681 4653 τὸ
1706 4602 1870 4654 αὐτό.
1898 4602 2065 4654 Τουτ-

489 4682 624 4744 έστι,
646 4684 1003 4754 συνημμένος,
1024 4682 1547 4753 συγκεκροτημένος,
1566 4684 1627 4735 ού
1644 4682 2060 4754 διεσπαρμένος

488 4763 524 4834 ἢ
558 4765 699 4817 κατά
737 4768 862 4828 τοὺς
915 4766 1333 4835 Ἐὃδομήκοντα,
1366 4765 1786 4836 ἀπηλλαγμένος
1817 4767 1927 4821 τῶν
1966 4787 2065 4821 πο-

490 4854 691 4925 νηρῶν,
733 4853 1053 4924 καθαρεύων
1086 4855 1187 4923 τῆς
1219 4855 1442 4909 ἐκείνων
1477 4856 1783 4920 συνουσίας,
1816 4857 1911 4910 καὶ
1956 4858 2063 4910 ὦσ-

488 4939 607 4990 ανεὶ
654 4938 813 5008 μόνος
843 4938 1033 4991 οίκῶν·
1069 4939 1205 5010 ὅπερ
1247 4940 1341 4992 καὶ
1375 4938 1630 5009 μέγιστόν
1674 4940 1821 4994 ἐστιν
1865 4942 2063 5010 ἀρετῆς

486 5016 647 5083 εἶδος.
686 5022 795 5073 Καὶ
830 5020 890 5073 οὐ
932 5022 1059 5090 μίαν
1095 5022 1152 5074 δέ
1179 5022 1272 5074 καὶ
1300 5022 1393 5075 δύο
1421 5022 1515 5074 καὶ
1544 5023 1692 5092 τρεῖς
1722 5039 1886 5092 φησιν
1928 5025 2062 5094 ἡμέ-

490 5122 588 5175 ρας
614 5105 773 5157 τοῦτο
800 5106 990 5169 ποιεῖν,
1021 5103 1156 5158 ἀλλὰ
1192 5106 1369 5158 πάντα
1396 5104 1487 5158 τὸν
1521 5103 1653 5173 βίον.
1686 5104 1856 5159 Τοῦτο
1886 5107 2061 5175 ἀσφά-

487 5188 624 5250 λεια,
671 5186 827 5241 τοῦτο
859 5191 1053 5257 τεῖχος,
1084 5186 1243 5241 τοῦτο
1279 5186 1481 5258 ἀρετῆς
1523 5186 1781 5250 ἐπίδοσις,
1828 5188 1889 5241 τὸ
1922 5190 2055 5259 φεύ-

487 5288 602 5340 γειν
640 5272 767 5335 τοὺς
807 5272 1070 5343 πονηροὺς
1092 5310 1108 5331 ,
1151 5272 1244 5323 καὶ
1280 5270 1415 5342 πρὸς
1452 5270 1642 5322 ἑαυτὸν
1678 5288 2053 5344 συγκεκροτη-

490 5353 649 5423 μένον
692 5353 789 5408 καὶ
823 5353 1157 5423 συνηγμένον
1207 5349 1343 5407 εἶναι
1391 5353 1603 5407 ἅπαντα
1647 5353 1739 5407 τὸν
1782 5355 1917 5425 βίον,
1966 5357 2061 5411 καὶ

487 5436 798 5507 καταμόνας
821 5440 988 5491 οἰκεῖν
1010 5437 1123 5490 τῶν
1145 5436 1583 5508 διαφθειρόντων.
1614 5435 1687 5489 Ού
1717 5436 1827 5508 γὰρ
1853 5440 2060 5510 ἐρημία

551 5570 701 5643 ’λιιι
740 5570 1333 5643 φμμᾳχίμς.μῃθώῃς,
1371 5572 1502 5632 quod
1544 5572 1760 5643 {dipsan
1786 5579 1878 5643 est_.
1904 5574 2057 5643 P_aulo

487 5637 599 5697 post
622 5632 790 5681 Morel.
806 5630 813 5633 “
831 5630 979 5697 αὐτδῦ
1015 5630 1065 5697 ἐν
1091 5630 1452 5697 ἀμφιϐλήστρῲ,
1478 5634 1565 5682 sed
1604 5630 1653 5683 in
1679 5634 1788 5682 aliis
1811 5635 1957 5683 αὐτοῦ
1980 5644 2060 5686 est

489 5691 630 5759 [πῆ-ε-
649 5700 765 5742 ante
796 5693 882 5741 τοῦ
918 5693 1060 5759 Θεοῦ.
1095 5691 1258 5759 Paillo
1281 5691 1417 5757 pos't'
1436 5697 1568 5759 prior
1610 5697 1956 5759 interpretatio
1980 5705 2059 5749 est

487 5752 695 5817 Aquila,
724 5759 965 5816 posterior
985 5756 1280 5818 Symmachi.

1185 327 1244 383 S.
1281 326 1566 385 JOANNIS
1600 326 2065 385 CHRYSOSTOM

2165 329 2450 388 .RCIIIEP.
2489 332 3041 393 CONSTANTINOR

3636 343 3742 398 ιη

2164 448 2309 499 ποιεῖ
2343 445 2404 499 τὸ
2436 447 2595 518 μόνον
2639 445 2822 511 εἶναι,
2846 449 2983 504 ἀλλά
3022 447 3216 522 γνώμη
3256 450 3562 521 φιλόσοφος.
3596 453 3753 509 Οὕτω

2166 529 2259 582 καὶ
2293 530 2475 593 πόλεις
2512 530 2682 601 μέσας
2711 531 3007 598 οἰκοῦντες,
3038 534 3131 587 καὶ
3163 532 3446 604 θορύϐους,
3493 540 3589 587 καὶ
3621 537 3751 604 ἀγο-

2168 612 2288 684 ρέις,
2336 613 2571 667 δύναιντ’
2601 614 2668 668 ἂν
2716 610 2853 670 εῖναι
2909 617 3226 688 καταμόνας
3272 616 3578 688 ἄ·.-θρωποι.
3621 619 3752 673 ὅταν

2163 697 2289 760 τοὺς
2342 695 2773 768 διεφθαρμένους
2826 700 3072 768 φεύγωσι
3116 699 3437 768 συλλόγους,
3492 701 3588 753 καὶ
3635 704 3750 765 τοῖς

2163 777 2272 832 τῶν
2329 778 2552 832 δικαίων
2613 781 2911 852 συνεδρίοις
2971 784 3196 846 ἐαυτους
3250 781 3550 836 ἐκδιδῶσιν.
3599 781 3752 855 Δῦτη

2164 862 2411 932 ἀσφαλὴς
2437 864 2571 926 όδός.
2610 863 2670 917 '0
2705 865 2802 936 μὲν
2847 860 2941 918 οὖν
2972 865 3162 937 ἀρκῶν
3204 865 3301 918 καὶ
3344 864 3566 936 ἐτέρους
3605 865 3751 936 διορ-

2165 945 2357 1007 θῶσαι,
2393 946 2670 1017 μιγνύσθω
2707 950 2823 1010 τοῖς
2871 947 3123 1018 μέλλουσι
3155 946 3406 1018 δέχεσθαι
3451 948 3552 1019 τὴν
3587 948 3751 1020 θερα-

2166 1033 2346 1097 πείαν,
2384 1033 2479 1087 καὶ
2527 1035 2751 1088 ποιείτω
2796 1035 3072 1105 βελτίους·
3114 1036 3144 1089 ὁ
3185 1033 3243 1087 δὲ
3273 1034 3606 1105 ἀτονώτερος
3651 1035 3748 1099 ὢν,

2165 1119 2412 1187 φευγέτω
2452 1120 2579 1182 τοὺς
2622 1121 2910 1191 πονηροὺς,
2941 1119 3081 1172 ὥστε
3120 1118 3195 1190 μὴ
3233 1116 3332 1188 τὴν
3362 1118 3492 1187 παρ’
3527 1119 3750 1171 ἐκείνων

2163 1202 2415 1266 δέξασθαι
2466 1202 2665 1275 λύμην.
2716 1203 2825 1256 Καὶ
2870 1201 3015 1257 οὕτω
3052 1202 3148 1256 καὶ
3203 1200 3295 1254 τὸν
3340 1201 3583 1271 παρόντα
3619 1200 3750 1271 βιώ-

2166 1302 2317 1339 σεται
2351 1285 2465 1353 βίον
2509 1285 2648 1356 μετά
2680 1285 2998 1355 ἀσφαλείας,
3028 1286 3124 1339 καὶ
3152 1282 3262 1337 τῶν
3299 1282 3603 1355 μελλόντων
3637 1286 3749 1338 ἐπι-

2162 1367 2408 1434 τεύξεται
2455 1368 2706 1437 ἀγαθῶν·
2749 1358 2824 1421 ὧν
2866 1370 3076 1437 γένοιτο
3124 1367 3335 1429 πάντας
3368 1368 3513 1438 ἡμᾶς
3564 1369 3750 1420 ἐπιτυ-

2163 1453 2299 1522 χεῖν,
2342 1453 2527 1521 χάριτι
2557 1452 2653 1505 καὶ
2694 1449 3075 1522 φιλανθρωπία
3098 1450 3192 1504 τοῦ
3222 1450 3426 1522 Κυρίου
3456 1453 3488 1521 ή
3499 1450 3613 1521 μῶν
3645 1450 3752 1521 ’1η-

2166 1534 2260 1587 σοῦ
2287 1533 2551 1606 Χριστοῦ,
2585 1526 2631 1602 ᾧ
2661 1536 2695 1605 ἡ
2741 1535 2869 1601 δόξα
2900 1535 2996 1587 καὶ
3022 1532 3085 1587 τό
3114 1532 3335 1604 κράτος,
3372 1531 3468 1586 νῦν
3501 1535 3596 1588 καὶ
3624 1534 3746 1598 ἀεὶ,

2164 1618 2261 1671 καλ⁸
2292 1620 2373 1682 είς
2412 1618 2540 1683 τοὺς
2568 1618 2771 1682 αἰῶνας
2807 1618 2918 1671 τῶν
2950 1617 3181 1671 αἰώνων.
3219 1618 3413 1689 Ἀμήν.
3515 1625 3523 1634 “

2540 1701 2649 1754 ΕΙΣ
2688 1700 2828 1755 ΤΟΝ
2866 1702 3026 1754 PMA'
3060 1700 3384 1753 ΨΔΛΜΟΝ.

2166 1783 2341 1852 Φωνῇ
2364 1802 2484 1855 μου
2511 1784 2662 1853 πρὸς
2683 1784 2903 1851 Κύριον
2923 1782 3236 1855 ἐκέκραξα,
3259 1781 3430 1853 φωνῇ
3454 1801 3576 1854 μου
3601 1784 3753 1854 πρὸς

2671 1856 2893 1922 Κύριον
2928 1854 3185 1922 ἐδεήθην
3207 1854 3255 1907 ιδ.

2235 1937 2303 1991 α’.
2323 1936 2486 2009 Ὁρᾷς
2512 1936 2627 2000 πῶς
2663 1937 2941 2007 πανταχοῦ
2970 1935 3129 1990 τοῦτο
3156 1938 3318 1996 ποιεῖ.
3361 1937 3456 1991 καὶ
3484 1936 3591 1991 ἀπὸ
3618 1936 3753 1991 ταύ-

2165 2036 2265 2088 της
2297 2019 2712 2090 προοιμιάζεται
2732 2020 2831 2089 τῆς
2861 2020 3058 2091 ἀρχῆς,
3088 2019 3183 2073 καὶ
3219 2018 3469 2091 δεύτερον
3520 2020 3752 2075 ἐνταῦθα

2167 2100 2341 2169 Φωνῇ
2387 2101 2482 2156 καὶ
2520 2101 2694 2169 Φωνῇ
2727 2102 2905 2170 λέγει;
2940 2104 3093 2155 Ποιεῖ
3125 2102 3179 2156 δέ
3212 2101 3370 2156 τοῦτο
3404 2103 3501 2174 οὐχ
3542 2103 3750 2170 ἁπλῶς,

2167 2184 2279 2236 ἀλλ’
2312 2183 2448 2237 ὥστε
2478 2184 2686 2249 διδάξαι
2711 2185 2862 2256 ἡμᾶς
2899 2185 2991 2238 δύο
3023 2184 3199 2238 ταῦτα
3227 2185 3315 2238 διὰ
3347 2184 3441 2237 τοῦ
3470 2185 3753 2240 διπλασια-

2169 2267 2332 2336 σμοῦ,
2362 2268 2420 2319 τό
2448 2285 2508 2320 τε
2551 2267 2765 2322 εῦτονον
2798 2269 2898 2337 τῆς
2941 2268 3268 2339 προθυμίας,
3301 2269 3361 2322 τό
3395 2285 3455 2321 τε
3498 2285 3753 2322 συντετα-

2171 2349 2330 2417 μένον
2372 2351 2470 2421 τῆς
2506 2350 2766 2414 διανοίας·
2803 2353 2896 2403 καὶ
2936 2351 3070 2421 πρὸς
3120 2351 3331 2414 τούτοις
3373 2350 3451 2404 ἔτι
3495 2350 3557 2404 τὸ
3587 2351 3751 2405 αὑτοῦ

2167 2428 2304 2485 εἶναι
2329 2432 2426 2503 τὴν
2452 2435 2654 2503 φωνήν.
2678 2434 2751 2486 Οὐ
2782 2433 2890 2503 γάρ
2920 2437 3120 2497 πάντες
3147 2446 3169 2474 ο
3192 2432 3316 2486 οὔτε
3348 2437 3496 2506 φωνῇ
3530 2436 3749 2505 βοῶσιν,

2167 2513 2291 2568 οὔτε
2340 2516 2477 2586 πρὸς
2520 2516 2610 2569 τὸν
2642 2516 2795 2579 Θεὸν,
2825 2516 2949 2570 οῦτε
2978 2518 3043 2588 τῇ
3075 2517 3271 2587 οἰκείᾳ.
3302 2520 3393 2569 Δεῖ
3426 2517 3484 2571 δὲ
3529 2519 3751 2572 ἅπαντα

2167 2596 2340 2651 ταῦτα
2390 2597 2680 2651 συνελθεῖν.
2721 2600 2779 2653 Ὀ
2823 2597 2973 2671 144⁸5]
3025 2601 3146 2652 κατ’
3194 2599 3404 2670 ἐχθρῶν
3442 2599 3601 2669 βοῶν,
3651 2602 3751 2655 οὐκ

2168 2679 2453 2751 ἀνθρώπου
2501 2682 2685 2752 φωνὴν
2728 2684 2999 2752 προΐεται,
3032 2683 3170 2737 ἀλλά
3202 2684 3392 2755 θηρίου
3424 2685 3516 2738 καὶ
3551 2686 3748 2755 δφεως.

2179 2763 2239 2815 '0
2269 2762 2548 2833 ῥαθυμῶν,
2584 2766 2676 2817 καὶ
2714 2765 2787 2835 μὴ
2829 2767 3042 2819 ἀκούων
3077 2760 3152 2819 ὧν
3184 2766 3351 2835 λέγει,
3382 2768 3442 2820 οὐ
3481 2768 3617 2839 πρὸς
3657 2769 3752 2821 τὸν

2169 2848 2300 2900 Θεὸν
2340 2848 2474 2921 βοᾷ,
2522 2850 2658 2905 ἀλλὰ
2704 2851 2893 2916 ἁπλῶς
2936 2853 3031 2905 καὶ
3068 2852 3191 2920 εἰκῆ
3226 2851 3540 2920 φθέγγεται.
3577 2852 3635 2907 ὐ
3672 2854 3751 2923 μὴ

2166 2929 2447 3003 διεγείρων
2498 2934 2595 3005 τὴν
2632 2933 2890 2994 διάνοιαν.
2938 2934 3041 2988 κᾶν
3091 2933 3303 3004 μεγάλα
3350 2934 3549 3008 κράζῃ.
3588 2935 3754 2988 πάλιν

2166 3008 2320 3079 οὗτος
2358 3016 2418 3073 ού
2456 3015 2573 3087 βοᾷ.
2617 3018 2773 3089 Φωνὴ
2817 3018 2925 3090 γὰρ
2947 3061 2960 3081 ,
2994 3018 3022 3069 ὃ
3057 3017 3312 3074 πολλάκις
3350 3017 3518 3087 ἔφθην
3553 3015 3755 3083 εἰπὼν,

2167 3098 2226 3151 οὖ
2255 3099 2347 3152 τὸν
2383 3100 2532 3153 τόνον
2561 3101 2711 3171 δηλοῖ
2743 3102 2835 3155 τοῦ
2878 3101 3209 3171 πνεύματος,
3240 3099 3376 3153 ἀλλά
3411 3100 3509 3172 τὴν
3556 3118 3756 3154 συντε-

2167 3183 2406 3254 ταμένην
2446 3183 2704 3240 διάνοιαν.
2746 3183 2884 3237 Ἀλλ’
2911 3185 3009 3255 οὐχ
3035 3179 3187 3248 οὗτος
3222 3184 3390 3247 οὕτως
3410 3200 3423 3214 ·
3451 3183 3586 3237 ἀλλά
3618 3185 3754 3257 τρία

2167 3267 2338 3319 ταῦτα
2369 3267 2611 3334 συνάγει,
2643 3268 2737 3321 καὶ
2769 3267 3059 3329 δείκνυσιν,
3081 3268 3162 3321 ὅτι
3194 3286 3252 3321 τε
3284 3269 3434 3339 φωνῇ
3482 3268 3600 3339 βοᾷ,
3654 3270 3757 3321 καὶ

2168 3350 2303 3422 πρὸς
2322 3350 2412 3403 τὸν
2435 3351 2587 3416 Θεὸν,
2620 3352 2715 3404 καὶ
2742 3354 2809 3422 τῇ
2831 3350 2855 3389 ἀ
2885 3350 3079 3404 ἐαυτοῦ
3114 3353 3280 3422 φωνῇ.
3314 3351 3412 3404 Διά
3441 3351 3599 3404 τοῦτο
3626 3352 3754 3404 δεύ-

2167 3434 2325 3504 τερόν
2381 3452 2542 3503 φησι,
2597 3433 2771 3502 Φωνῇ
2807 3452 2928 3504 μου
2977 3434 3071 3486 καὶ
3122 3432 3297 3501 Φωνῇ
3340 3451 3481 3503 μου.
3528 3432 3754 3503 Ἐκχεῶ

2166 3514 2424 3569 ἐνώπιον
2450 3517 2636 3571 αὐτοῦ
2670 3516 2783 3585 τὴν
2810 3517 3026 3584 δέησίν
3052 3534 3192 3583 μου,
3234 3515 3349 3583 τὴν
3390 3518 3600 3585 θλίψιν
3628 3535 3750 3586 μου

2165 3598 2420 3652 ἐνώπιον
2454 3600 2640 3654 αὑτοῦ
2674 3597 3008 3670 ἀπαγγελῶ.
3039 3594 3188 3661 Εἶδες
3223 3599 3398 3668 ψυχὴν
3426 3602 3533 3652 τῶν
3564 3600 3750 3670 βιωτι-

2168 3683 2279 3735 κῶν
2307 3683 2763 3755 ἀπηλλαγμένην;
2798 3683 2933 3738 Οὐδὲ
2962 3682 3070 3754 γὰρ
3102 3682 3235 3753 πρὸς
3264 3682 3584 3754 ἀνθρώπους
3614 3701 3748 3738 κατ-

2168 3767 2387 3835 ἐφυγεν,
2414 3766 2533 3819 οὐδὲ
2562 3768 2660 3831 τὰς
2694 3768 2844 3839 παρά
2887 3767 3093 3820 τούτων
3132 3766 3359 3837 ἐξῄτησε
3406 3769 3743 3839 συμμαχίας,

2165 3849 2299 3903 ἀλλὰ
2323 3850 2456 3921 πρὸς
2480 3852 2579 3921 τὴν
2620 3850 2918 3921 ἀχείρωτον
2955 3850 3226 3920 βοήθειαν,
3270 3850 3365 3904 καὶ
3407 3851 3505 3920 τὴν
3538 3852 3742 3906 ἄνωθεν

2170 3934 2361 4005 ῥοπήν.
2407 3930 2538 3987 Εἶτα
2572 3934 2633 3987 τὸ
2665 3934 3053 4005 συντεταμένον
3096 3934 3195 4005 τῆς
3237 3933 3496 4000 διανοίας,
3526 3936 3618 3990 καὶ
3645 3935 3746 4007 τὴν

2168 4016 2494 4087 θερμότητα,
2539 4017 2606 4087 ἣν
2657 4012 2800 4088 εἶχεν
2831 4029 2854 4057 ο
2887 4017 3338 4089 ἐναποκειμένην,
3374 4018 3463 4072 διὰ
3511 4018 3611 4090 τῆς
3654 4019 3741 4072 λέ-

2168 4098 2301 4162 ξεως
2346 4099 2549 4171 ταύτης
2600 4102 2840 4172 ἐμφῆναι
2895 4100 3250 4171 βουλόμενος,
3291 4099 3525 4170 Ἐκχεῶ,
3575 4102 3738 4174 φησὶ,

2169 4183 2307 4252 μετά
2345 4183 2548 4254 πολλῆς
2575 4184 2673 4256 τῆς
2701 4185 3002 4255 δαψιλείας.

2159 4334 2169 4346 ⁸
2250 4267 2527 4320 Ἐντεῦθεν
2573 4270 2934 4340 μανθάνομεν,
2980 4270 3061 4322 ὅτι
3090 4270 3149 4321 οὐ
3186 4266 3381 4339 μικρὸν
3412 4270 3505 4323 καὶ
3533 4270 3589 4323 αἱ
3626 4270 3739 4324 θλί-

2164 4347 2287 4418 ψεις
2321 4351 2401 4412 είς
2451 4352 2768 4421 φιλοσοφίαν
2814 4352 3241 4422 συμϐάλλονται·
3289 4351 3446 4406 τοῦτο
3489 4354 3598 4425 γὰρ
3640 4354 3741 4423 τῆς

2166 4431 2397 4501 θλίψεως
2428 4436 2456 4487 ό
2494 4434 2733 4504 καρπόςο
2788 4435 2978 4505 μηδεὶς
3027 4433 3208 4488 τοίνυν
3258 4437 3505 4503 φευγέτω
3549 4438 3737 4508 αὐτήν.

2166 4515 2269 4569 Δύο
2299 4518 2407 4589 γὰρ
2432 4516 2605 4571 ταῦτα
2633 4519 2745 4588 ἔχει
2777 4518 2845 4571 τά
2877 4517 3043 4587 κέρδη
3064 4534 3076 4547 ·
3115 4515 3174 4569 ἒν
3210 4518 3329 4587 μὲν,
3360 4519 3441 4572 ὅτι
3470 4536 3530 4573 τε
3574 4537 3741 4573 σπου-

2165 4599 2474 4672 δαιοτέρους
2500 4602 2792 4674 ἐργάζεται
2822 4603 2915 4654 καὶ
2955 4603 3491 4675 προσεκτικωτέρους
3514 4624 3527 4637 ο
3558 4606 3741 4677 ἕτερον

2164 4682 2242 4747 δὲ,
2275 4685 2368 4737 καὶ
2410 4687 2494 4739 ὃτι
2526 4687 2585 4738 οὐ
2627 4685 2822 4757 μικρὸν
2867 4687 2999 4756 ἡμῖν
3044 4686 3315 4756 δικαίωμα
3360 4690 3439 4752 εἰς
3470 4688 3531 4741 τὸ
3576 4691 3739 4742 ἀκου-

2167 4768 2361 4838 σθῆναι
2400 4769 2629 4836 γίνεται.
2659 4769 2757 4823 Διά
2802 4787 2885 4822 τοι
2928 4769 3083 4822 τοῦτο
3119 4770 3212 4822 καὶ
3258 4771 3419 4835 αὐτὸς
3450 4773 3552 4826 οὐκ
3593 4769 3737 4836 εἷπε,

2165 4849 2276 4921 Τὴν
2322 4851 2667 4920 δικαιοσύνην
2707 4869 2828 4922 μου,
2872 4854 3012 4913 οὐδὲ,
3044 4854 3125 4908 Τὰ
3160 4855 3561 4925 κατορθώματά
3609 4874 3732 4927 μου,

2163 4934 2319 4998 ἀλλὰ,
2373 4934 2492 5002 Τὴν
2528 4936 2737 5003 θλίψιν
2762 4954 2904 5004 μου,
2950 4936 3027 5001 ὡς
3061 4938 3121 4990 οὺ
3165 4940 3366 5009 μικρᾶς
3398 4940 3490 4992 καὶ
3534 4940 3737 5011 ταύτης

2161 5015 2327 5087 οὔσης
2367 5017 2513 5086 αὖτῷ
2551 5019 2897 5089 συνηγορίας.
2943 5019 3042 5074 Διὰ
3087 5021 3243 5074 τοῦτο
3286 5022 3378 5076 καὶ
3422 5023 3450 5074 ό
3487 5024 3734 5090 Ἡσαΐας,

2161 5100 2583 5168 Παρακαλεῖτε,
2617 5102 2792 5170 φησι,
2819 5105 2925 5155 τὸν
2963 5104 3118 5156 λαόν
3147 5122 3286 5172 μου,
3320 5105 3521 5172 ἱερεῖς·
3547 5106 3737 5172 λαλή-

2162 5198 2309 5236 σατε
2342 5185 2428 5247 είς
2470 5181 2585 5251 τὴν
2619 5185 2871 5252 καρδίαν
2915 5185 3320 5256 Ἰερουσαλὴμ.
3362 5189 3450 5242 ὅτι
3491 5190 3737 5255 ἐδέξατο

2159 5265 2229 5319 ἐκ
2261 5265 2455 5334 χειρὸς
2493 5269 2712 5336 Κιιρίου
2745 5268 2930 5323 διπλᾶ
2975 5270 3047 5323 τὰ
3092 5271 3480 5341 ἁμαρτήματα
3518 5275 3734 5343 αὐτῆς.

2161 5347 2271 5401 Καὶ
2314 5350 2342 5401 ό
2379 5349 2621 5413 Παῦλος·
2668 5351 2974 5421 Παράδοτε
3034 5354 3142 5407 τὸν
3185 5356 3457 5412 τοιοῦτον
3499 5358 3579 5424 τῷ
3622 5362 3737 5413 Σα-

2221 5452 2251 5492 δ
2277 5456 2429 5532 ξενίι.
2444 5458 2564 5531 πρὸς
2579 5458 2660 5506 τὸν
2683 5461 2802 5530 Θεὸν
2826 5462 3031 5532 ἐδεήθην.
3065 5463 3171 5532 Quo
3208 5478 3329 5532 τηεσε
3365 5467 3435 5516 sic
3458 5466 3696 5532 incipiunt
3717 5484 3732 5520 :

2171 5517 2500 5594 ξΑκούειςπῶς
2518 5520 2760 5594 πανταχοῦ
2781 5517 2929 5594 τοῦτο
2941 5517 3204 5594 προτίθησι·
3232 5529 3281 5577 in
3299 5526 3458 5592 iisque
3473 5517 3738 5594 seitfureintvia—

2160 5593 2250 5642 pro
2271 5593 2406 5642 more
2452 5583 2765 5631 invertunlur
2785 5589 2837 5632 et
2858 5583 3123 5637 mula‘ntur.

2223 5644 2246 5715 ξ
2268 5644 2351 5715 §ic
2366 5641 2522 5715 ’ξείνης
2544 5642 2715 5715 ιεοτει.
2742 5647 2823 5715 καὶ
2840 5647 2931 5711 γὰρ
2950 5649 3120 5708 πάντες
3140 5650 3249 5700 οὔτε
3266 5658 3413 5715 φωνῇ.

2218 5700 2419 5767 1!_S_avil.
2444 5704 2599 5767 καὶτῇ
2626 5704 2788 5754 αὐτοῦ.
2850 5700 2861 5708 ’
2905 5700 2915 5711 ’
3105 5700 3120 5708 ⁷
3275 5700 3285 5715 ’
3324 5700 3327 5701 ν
3374 5701 3384 5716 ⁸

2223 5765 2248 5795 ⁸
2273 5764 2409 5815 Unus
2427 5766 2506 5814 καὶ
2534 5764 2618 5826 τήν
2640 5768 2788 5828 ἔνδον,
2810 5772 2867 5829 ἢν
2892 5771 3025 5837 εἶχεν,
