4070 6340
400 351 494 406 αι
1454 337 1810 399 ΕΧΡΟΞΠἪ)
1847 333 1913 391 IN
1949 334 1954 391 1

2057 333 2267 392 tLMElM
2304 335 2484 392 CXLI.

398 481 515 520 ossa
565 472 734 518 nostra
785 479 925 518 secus
972 464 1240 533 infernum.
1299 458 1484 522 Alius,
1531 449 1964 522 Quemadmodum

399 556 622 626 agricola
647 555 848 624 quando
871 555 1050 609 scindit
1075 563 1258 606 terram
1285 568 1303 606 :
1337 551 1409 602 ita
1436 547 1678 617 dissipata
1701 551 1818 598 sunt
1852 556 1964 595 ossa

401 657 568 702 nostra
589 647 642 700 in
654 662 739 702 ore
747 646 936 719 inferni
947 644 1039 718 (a).
1053 642 1222 708 Alius,
1232 637 1454 695 Perinde
1464 638 1577 692 acis
1586 638 1674 708 qui
1695 631 1966 703 confringit

396 758 458 796 ac
486 741 698 795 disserat
713 747 923 805 terram,
945 738 1186 806 dissipata
1207 741 1320 788 sunt
1343 745 1464 784 ossa-
1480 737 1649 782 nostra
1671 728 1722 780 in
1744 727 1959 796 inferno.

399 831 567 896 Alius,
595 830 660 886 Ut
685 830 772 901 qui
807 829 1017 899 pulchre
1049 826 1167 881 colit
1195 831 1239 878 et
1279 820 1406 886 {odit
1447 819 1500 872 in
1536 825 1687 881 terra,
1720 815 1964 882 dissipata

396 931 512 977 sunt
558 938 672 977 ossa
715 930 886 976 nostra
948 919 1106 989 juxta
1157 917 1443 987 infernum.
1505 909 1789 978 Postquam
1831 905 1964 960 dixit

393 1012 556 1068 verba
599 1026 692 1066 sua
735 1011 931 1066 habere
963 1007 1247 1078 plurimum
1275 1001 1559 1071 voluptatis
1587 1041 1603 1066 ,
1630 999 1758 1053 dicit
1804 997 1962 1052 etiam

393 1111 606 1158 veteres
633 1101 980 1156 calamitates.
1004 1097 1254 1166 Quamvis
1276 1135 1292 1160 ,
1322 1093 1519 1163 inquit,
1547 1099 1784 1146 extrema
1823 1087 1963 1158 passi

395 1207 598 1258 sumus,
625 1203 676 1245 ct
725 1199 989 1259 tamquam
1033 1186 1324 1256 proscissa,
1355 1189 1508 1238 arata
1544 1190 1598 1235 ct
1632 1179 1767 1234 fossa
1797 1187 1960 1240 terra,

393 1281 619 1351 dispersi
645 1293 825 1334 sumus
852 1291 1038 1331 omnes
1064 1285 1118 1331 et
1142 1275 1414 1345 periimus,
1437 1279 1491 1326 et
1518 1270 1582 1325 ad
1610 1270 1751 1339 ipsas
1779 1267 1964 1322 mortis

394 1381 574 1443 portas
598 1371 904 1426 devenimus
936 1387 948 1422 :
985 1369 1055 1423 ita
1083 1378 1255 1422 tamen
1284 1365 1456 1420 allecti
1487 1363 1764 1418 mallemus
1783 1374 1964 1428 repre-

397 1464 708 1519 hensionem
752 1471 806 1518 et
844 1462 1224 1516 correctionem
1250 1458 1534 1528 justorum,
1557 1469 1714 1525 quam
1751 1451 1963 1507 miseri-

393 1555 626 1610 cordiam
653 1563 1009 1623 peccatorum.
1035 1551 1261 1617 Etenim,
1279 1547 1644 1618 quodcumque
1671 1545 1958 1609 acciderit,

393 1662 422 1700 a
450 1657 536 1700 tua
563 1661 656 1716 spe
685 1645 974 1715 pendemus
995 1685 1011 1710 ,
1042 1658 1214 1712 neque
1241 1641 1525 1712 quidquam
1552 1639 1702 1694 nobis
1727 1639 1958 1703 eveniet,

393 1737 533 1808 quod
563 1739 726 1806 possit
751 1735 999 1790 cohibere
1025 1736 1305 1804 quominus
1328 1732 1394 1786 ad
1423 1741 1472 1787 te
1498 1731 1863 1800 respiciamus.

464 1828 628 1883 Sacra
651 1844 837 1880 ancora
863 1843 974 1895 spes
998 1826 1050 1878 in
1077 1825 1261 1878 Deum.
1281 1852 1354 1862 —
1377 1822 1530 1879 Unde
1553 1822 1711 1876 etiam
1739 1819 1962 1890 subjun-

393 1919 468 1972 xit
487 1919 688 1980 dicens,
713 1916 765 1972 8.
797 1916 928 1983 Quia
954 1917 1020 1968 ad
1043 1925 1089 1968 te
1108 1957 1122 1981 ,
1153 1913 1364 1967 Domine
1382 1954 1396 1978 ,
1421 1912 1653 1975 Domine,
1684 1910 1820 1965 oculi
1842 1909 1958 1963 mei.

392 2009 460 2064 In
486 2020 531 2063 te
555 2010 768 2080 speravi,
797 2025 898 2063 non
922 2007 1122 2077 auferas
1148 2008 1368 2059 animam
1396 2022 1575 2058 meam.
1604 2004 1738 2069 Etsi,
1770 2003 1956 2072 inquit,

392 2100 805 2155 innumerabiles
834 2100 1036 2154 irruant
1055 2097 1400 2158 calamitates,
1429 2096 1550 2150 licet
1577 2094 1734 2160 bella,
1758 2093 1958 2163 praelia,

392 2201 589 2246 mortes
613 2231 628 2254 ,
657 2200 710 2245 et
735 2200 898 2260 porta:
927 2189 1102 2254 inferi,
1134 2202 1163 2241 a
1193 2201 1342 2242 sacra
1388 2200 1581 2240 ancora
1626 2200 1729 2239 non
1756 2181 1961 2238 recedi-

391 2298 529 2350 mus,
561 2281 658 2337 sed
686 2282 890 2336 ﬁrmam
920 2280 994 2334 tui
1024 2279 1200 2333 auxilii
1229 2293 1378 2348 spem
1407 2286 1667 2338 tenemus,
1695 2273 1960 2344 armisque

390 2382 445 2428 et
473 2375 586 2428 acie
621 2373 871 2437 dimissis,
901 2386 1173 2441 Speramus
1199 2370 1309 2424 fore
1335 2377 1394 2424 ut
1422 2367 1563 2434 hinc,
1593 2382 1784 2438 nempe
1810 2383 1840 2422 a
1869 2378 1959 2421 tuo

390 2465 606 2529 auxilio,
638 2464 944 2518 liberemur.
977 2461 1040 2516 In
1071 2472 1116 2515 te
1139 2462 1354 2531 speravi,
1381 2477 1481 2514 non
1507 2463 1710 2531 auferas
1738 2459 1958 2512 animam

389 2571 569 2607 nicum.
601 2555 782 2617 Alius,
809 2553 891 2607 Ne
916 2568 1118 2607 evacues
1157 2550 1252 2622 (b).
1286 2551 1395 2606 Iloc
1433 2559 1549 2613 est,
1595 2565 1662 2603 ne
1700 2550 1844 2603 sinas
1872 2563 1958 2603 me

388 2647 536 2699 abire
578 2660 636 2698 re
678 2643 888 2699 infecta.
913 2642 965 2697 9.
999 2642 1202 2697 Custodi
1229 2657 1306 2694 me
1333 2657 1365 2695 a
1402 2642 1577 2709 laqueo
1602 2656 1744 2710 quem
1769 2647 1958 2695 statue-

388 2744 507 2788 runt
523 2736 664 2800 mihi,
682 2744 729 2787 et
745 2750 775 2786 a
790 2733 1040 2788 scandulis
1058 2732 1371 2801 aperantium
1391 2731 1716 2800 iniquitatem.
1736 2728 1850 2784 Non
1871 2727 1957 2782 hic

387 2828 516 2881 dicit
541 2837 738 2880 tantum
775 2825 990 2879 insidias
1011 2865 1026 2891 ,
1057 2823 1148 2879 sed
1172 2839 1290 2893 qua:
1315 2822 1452 2876 clam
1480 2821 1630 2885 ﬁunt,
1653 2829 1706 2876 et
1734 2821 1955 2875 occulta:

387 2927 530 2982 sunt,
562 2933 679 2988 quae
710 2925 833 2971 sunt
860 2915 1140 2972 observatu
1171 2923 1225 2969 et
1251 2913 1462 2982 cognitu
1488 2911 1730 2966 difﬁciles
1751 2949 1767 2976 ,
1795 2919 1849 2964 et
1889 2909 1954 2964 ad

386 3024 516 3080 quas
531 3008 796 3063 cavendas
813 3021 1042 3076 superno
1063 3005 1286 3058 maxime
1306 3003 1498 3059 auxilio
1517 3018 1650 3072 opus
1669 3001 1958 3056 est.Preca-

385 3101 529 3154 tione
549 3107 724 3153 autem
754 3097 874 3152 ideo
893 3096 1151 3151 conclusit
1174 3096 1487 3159 orationem,
1509 3108 1538 3147 a
1558 3108 1661 3163 qua
1680 3091 1952 3148 exordium

383 3201 683 3260 sumpserat
725 3190 778 3244 in
807 3203 868 3243 ea
895 3187 1142 3243 desinens
1170 3204 1186 3242 :
1215 3187 1326 3240 hanc
1346 3185 1556 3256 quidem
1581 3200 1610 3238 a
1641 3199 1697 3240 se
1725 3183 1956 3238 conferri

384 3281 690 3345 ostendens,
717 3294 862 3348 spem
886 3279 936 3332 in
970 3277 1165 3342 Deum,
1202 3287 1458 3346 perpetuo
1496 3275 1561 3329 ad
1587 3274 1750 3330 Deum
1782 3275 1952 3342 rcSpi-

387 3387 508 3426 cere
529 3410 546 3436 ,
575 3369 832 3424 malorum
869 3376 1038 3423 cmtus
1079 3366 1291 3434 fugere,
1319 3364 1440 3420 odio
1467 3364 1664 3419 habere
1689 3363 1953 3432 improbas

382 3477 567 3515 eorum
593 3457 902 3528 cupiditates
935 3471 1004 3510 :a
1033 3457 1138 3510 Deo
1176 3465 1352 3509 autem
1379 3469 1532 3523 opem
1571 3464 1624 3508 et
1661 3454 1910 3508 auxilium
1934 3495 1951 3520 ,

381 3561 435 3606 et
465 3551 530 3606 iis
556 3566 674 3619 qua:
705 3557 829 3604 sunt
857 3548 1079 3604 toleratu
1104 3546 1434 3612 difficillima,
1463 3545 1688 3601 reddere
1711 3547 1955 3617 superio-

381 3659 516 3698 rem.
545 3641 616 3696 lta
645 3641 786 3696 enim
812 3641 978 3694 virtus
1002 3639 1319 3704 contexitur,
1347 3637 1470 3693 dum
1497 3647 1551 3693 et
1577 3647 1814 3693 nostrum
1839 3648 1953 3692 stu-

381 3737 525 3790 dium
560 3732 864 3798 adhibetur,
887 3741 942 3787 et
971 3731 1106 3786 Deus
1134 3730 1284 3785 nobis
1313 3730 1618 3800 opitulatur.
1648 3728 1733 3784 10.
1761 3727 1953 3783 Cadent

379 3827 433 3880 in
456 3825 697 3879 retiaculo
734 3825 841 3893 ejus
875 3831 1174 3892 peccatores.
1205 3821 1543 3892 Singulariter
1569 3837 1679 3874 sum
1717 3835 1829 3890 ego,
1861 3820 1954 3874 do-

382 3933 470 3970 nec
498 3925 767 3969 transeant.
810 3912 867 3968 In
914 3914 1188 3982 cujusnam
1231 3911 1421 3966 cadent
1451 3911 1805 3967 retiaculum?
1834 3912 1950 3966 Dei.

383 4009 495 4064 lloc
522 4016 623 4071 est,
655 4007 953 4072 vincentur,
980 4005 1272 4075 capientur.
1300 4003 1566 4059 Justorum
1593 4006 1733 4060 enim
1760 4013 1863 4072 est,
1894 4014 1952 4059 ut

379 4101 740 4170 corrigantur,
768 4107 823 4154 et
862 4099 1119 4153 excitetur
1153 4113 1336 4151 eorum
1367 4097 1697 4166 philosophia
1727 4110 1951 4166 :peeca-

381 4203 551 4248 torum
577 4201 752 4247 autem
773 4232 786 4256 ,
816 4206 1038 4261 quorum
1078 4191 1147 4244 sit
1176 4189 1391 4244 morbus
1419 4189 1820 4244 immedicabilis
1843 4230 1859 4255 ,
1892 4199 1949 4242 ut

382 4300 546 4354 usque
574 4284 640 4338 ad
667 4298 876 4352 pinnam
906 4290 960 4335 et
1002 4281 1318 4351 supplicium
1364 4280 1719 4335 detineantur.
1753 4280 1948 4350 Singu-

380 4377 551 4431 lariter
572 4393 683 4430 sum
711 4391 822 4444 ego,
845 4374 1001 4428 donec
1029 4383 1296 4427 transeam.
1321 4372 1486 4436 Alius,
1511 4372 1680 4427 Simul
1697 4388 1788 4440 ego
1813 4389 1945 4437 sunt,

379 4467 536 4521 donec
552 4476 822 4519 transeam.
843 4464 1007 4526 Alius,
1031 4461 1098 4516 In
1114 4463 1349 4530 idipsum.
1373 4461 1483 4516 Hoc
1501 4470 1605 4533 est,
1621 4470 1945 4530 compactus,

379 4558 710 4624 conjunctus,
731 4571 836 4609 non
864 4554 1135 4624 dispersus
1162 4571 1175 4606 :
1204 4553 1287 4606 vel
1313 4551 1601 4607 secundum
1628 4551 1946 4621 Septuagin-

380 4661 450 4714 ta,
470 4651 721 4704 liberatus
737 4664 766 4702 a
789 4647 960 4711 malis,
982 4662 1143 4716 purus
1167 4646 1234 4702 ab
1254 4647 1460 4702 illorum
1486 4645 1946 4715 congressione,et

381 4748 645 4808 tamquam
681 4739 824 4793 solus
848 4738 1089 4792 habitans
1119 4754 1133 4791 :
1161 4736 1299 4806 quod
1321 4735 1532 4806 quidem
1549 4745 1633 4790 est
1659 4735 1944 4788 maximum

380 4843 546 4897 genus
573 4828 798 4882 virtutis.
845 4829 960 4881 Non
992 4841 1098 4880 uno
1125 4835 1302 4882 autem
1345 4835 1436 4881 aut
1481 4826 1688 4880 duobus
1716 4826 1946 4879 tribusve

381 4919 568 4975 diebus
596 4920 698 4975 hoc
723 4920 880 4984 facit,
914 4920 1006 4975 sed
1037 4935 1133 4990 per
1162 4929 1322 4974 totam
1352 4921 1537 4973 vitam.
1571 4920 1679 4974 Hoc
1722 4929 1803 4972 est
1831 4935 1947 4973 mu-

381 5024 492 5072 rus,
521 5011 619 5065 hoc
648 5010 1091 5079 pr0pugnaculum
1111 5051 1126 5074 ,
1156 5009 1256 5064 hoc
1283 5012 1488 5064 virtutis
1519 5011 1901 5064 incrementum
1926 5051 1942 5076 ,

380 5101 548 5156 malos
595 5100 806 5170 fugere,
835 5109 888 5156 et
929 5101 1202 5156 collectum
1234 5101 1370 5170 apud
1415 5117 1472 5156 se
1507 5103 1797 5156 consistere
1836 5112 1945 5158 toto

380 5194 500 5246 vita:
541 5203 793 5260 tempore,
843 5201 897 5247 et
921 5194 986 5246 ab
1015 5192 1078 5247 iis
1120 5194 1207 5263 qui
1248 5203 1621 5264 corrumpunt,
1647 5195 1942 5264 sejunctum

379 5282 638 5337 habitare.
669 5282 909 5338 Solitudo
958 5283 1097 5337 enim
1148 5297 1252 5336 non
1300 5283 1425 5337 facit
1463 5298 1582 5339 esse
1630 5286 1822 5351 solum,
1850 5285 1944 5340 sed

378 5389 530 5429 mens
572 5389 690 5443 qua:
731 5382 942 5429 tenetur
981 5389 1162 5429 amore
1207 5382 1260 5430 et
1303 5374 1479 5428 studio
1521 5376 1792 5443 sapientia:
1824 5395 1838 5430 :
1871 5377 1942 5431 ita

377 5463 536 5519 etiam
575 5464 664 5534 qui
692 5463 931 5519 habitant
959 5463 1009 5518 in
1040 5463 1225 5520 mediis
1255 5464 1504 5532 urbibus,
1533 5464 1660 5518 foris
1684 5504 1699 5531 ,
1729 5474 1782 5519 et
1808 5475 1946 5521 stre-

424 5616 497 5692 (a_)
521 5616 644 5692 Haec
663 5617 813 5692 lectio
833 5622 909 5692 est
926 5619 1067 5692 juxta
1089 5618 1338 5692 Aquilam.
1378 5621 1590 5692 secunda
1619 5623 1760 5692 juxta
1795 5622 1937 5685 Sym-

366 5679 606 5754 machum,
635 5679 781 5754 tertia
803 5681 861 5728 ad
886 5679 1115 5754 quintam-
1132 5679 1411 5754 E_ditiom_3m
1439 5679 1676 5754 pertinet.

427 5739 497 5805 (li)
528 5741 645 5790 Hzec
670 5739 1014 5805 interpretatio
1047 5749 1124 5796 est
1150 5744 1295 5807 juxta
1322 5739 1568 5808 Aquilam.

3535 333 3643 392 ΗΞ

2070 448 2286 519 pitibus,
2312 459 2560 522 poterunt
2574 465 2693 507 esse
2713 451 3006 524 singulares
3027 449 3286 516 homines,
3303 449 3428 506 dum
3449 466 3637 506 corru-

2069 553 2188 613 ptos
2215 553 2384 600 coetus
2428 543 2659 614 fugiant,
2687 554 2743 600 et
2786 559 2845 600 se
2867 546 3129 614 iustorum
3167 542 3404 600 conciliis
3445 543 3639 614 adjuno

2067 643 2211 705 gant.
2242 635 2366 690 ﬂare
2413 645 2498 692 est
2550 636 2634 691 via
2680 652 2885 692 secura.
2940 638 3038 704 Qui
3083 652 3210 708 ergo
3263 645 3348 692 est
3397 635 3464 690 ad
3503 635 3638 690 alios

2068 726 2408 794 corrigendos
2437 726 2658 782 idoneus
2680 768 2698 794 ,
2727 743 2847 782 cum
2888 729 2952 782 iis
2982 739 3222 783 versetur
3247 727 3336 797 qui
3379 735 3502 782 sunt
3543 741 3637 780 su-

2067 817 2299 888 scepturi
2341 817 2676 884 medicinam,
2707 827 2766 873 et
2785 833 2880 874 eos
2905 818 3092 874 reddat
3119 818 3368 874 meliores
3394 834 3408 872 :
3439 817 3528 887 qui
3555 826 3637 873 est

2067 920 2245 966 autem
2288 910 2636 979 imbecillior,
2681 910 2844 982 fugiat
2879 911 3170 982 improbos,
3193 919 3252 965 ut
3291 910 3359 965 ab
3403 910 3506 965 illis
3540 908 3638 964 da-

2068 1019 2250 1057 mnum
2289 1019 2394 1058 non
2417 1004 2657 1073 accipiat.
2684 1003 2758 1059 Ita
2785 1013 2840 1063 et
2864 1013 3180 1075 praesentem
3199 1003 3360 1058 vitam
3388 1012 3500 1058 tuto
3519 1012 3639 1072 aget

2065 1102 2120 1148 et
2163 1109 2351 1149 secure
2375 1136 2392 1161 ,
2419 1103 2474 1150 et
2513 1095 2653 1150 bona
2682 1094 2856 1151 futura
2881 1104 3236 1165 consequetur
3277 1112 3290 1148 :
3330 1109 3449 1164 quae
3484 1093 3640 1149 detur

2066 1185 2221 1240 nobis
2244 1184 2490 1240 omnibus
2517 1185 2769 1255 consequi
2793 1225 2810 1252 ,
2838 1185 3002 1255 gratia
3030 1194 3084 1241 et
3114 1184 3391 1239 clementia
3429 1184 3640 1239 Domini

2066 1277 2235 1331 nostri
2260 1275 2388 1331 Jesu
2429 1275 2644 1341 Christi,
2675 1273 2760 1330 cui
2785 1275 2953 1345 gloria
2973 1285 3026 1330 et
3055 1275 3334 1344 imperium
3358 1315 3374 1341 ,
3401 1288 3545 1329 nunc
3589 1283 3640 1328 et

2065 1383 2298 1439 semper,
2325 1377 2378 1424 et
2400 1368 2454 1422 in
2480 1368 2671 1423 saecula
2691 1367 3028 1423 saeculorum.
3050 1366 3241 1421 Amen.

2539 1477 2605 1534 IN
2642 1476 2964 1534 PSALMUM
2997 1476 3176 1535 CXLI“.

2067 1591 2117 1646 1.
2168 1590 2300 1645 Voce
2343 1605 2452 1644 mea
2492 1590 2560 1643 ad
2598 1589 2872 1644 Dominum
2924 1587 3136 1643 clamaui
3160 1627 3178 1655 ,
3243 1602 3362 1642 uoce
3408 1602 3523 1640 mea
3571 1588 3645 1637 ad

2449 1681 2720 1736 Dominum
2769 1680 3062 1751 deprecatus
3113 1695 3244 1734 sum.

2135 1820 2188 1874 l.
2228 1817 2388 1874 Vides
2410 1816 2674 1888 quomodo
2697 1816 2890 1886 ubique
2939 1815 3041 1872 hoc
3073 1815 3217 1880 facit,
3257 1823 3315 1870 et
3342 1814 3466 1870 hinc
3488 1813 3636 1869 ducit

2065 1909 2362 1976 exordium,
2403 1919 2459 1965 et
2505 1911 2586 1966 bis
2626 1910 2712 1964 hic
2748 1909 2878 1965 dicit
2924 1907 3052 1964 Voce
3077 1917 3130 1964 et
3163 1907 3334 1962 Voce?
3382 1907 3495 1962 Hoc
3539 1922 3635 1961 au-

2065 2011 2172 2058 tem
2213 2017 2320 2056 non
2366 2001 2461 2057 abs
2504 2017 2565 2056 re
2616 2000 2762 2066 facit,
2808 2000 2902 2056 sed
2949 2009 3007 2055 ut
3042 2015 3137 2070 per
3178 1999 3320 2054 illam
3359 1999 3636 2069 repetitio-

2062 2109 2184 2149 nem
2226 2093 2340 2148 haec
2378 2092 2484 2148 duo
2531 2107 2629 2148 nos
2670 2092 2877 2157 doceat,
2927 2099 2982 2147 et
3022 2107 3282 2147 summam
3328 2091 3489 2145 animi
3529 2091 3639 2145 ala-

2062 2185 2332 2252 critatem,
2349 2197 2402 2241 et
2425 2193 2680 2241 attentam
2709 2194 2938 2240 mentem
2971 2202 2985 2238 :
3010 2193 3262 2254 praeterea
3289 2195 3466 2239 autem
3485 2200 3636 2240 suam

2061 2291 2182 2333 esse
2229 2291 2434 2333 vocem.
2475 2276 2588 2330 Non
2633 2275 2776 2331 enim
2817 2289 3004 2330 omnes
3051 2290 3185 2330 voce
3233 2275 3492 2342 clamant,
3540 2290 3638 2330 nec

2061 2368 2128 2423 ad
2181 2368 2385 2434 Deum,
2439 2381 2538 2422 nec
2572 2381 2706 2422 voce
2747 2367 2977 2436 propria.
3027 2365 3252 2436 Oportet
3301 2375 3475 2421 autem
3524 2367 3637 2421 haec

2060 2460 2236 2514 omnia
2283 2472 2623 2514 concurrere.
2670 2457 2772 2525 Qui
2813 2457 3007 2512 clamat
3057 2456 3310 2511 adversus
3353 2455 3631 2520 inimicos,

2061 2565 2165 2603 non
2201 2549 2309 2604 edit
2352 2563 2535 2604 vocem
2565 2547 2816 2614 hominis,
2861 2548 2953 2603 sed
2999 2547 3124 2603 ferte
3147 2556 3201 2602 et
3227 2545 3506 2617 serpentis.
3530 2545 3633 2612 Qui

2059 2649 2142 2697 est
2191 2640 2482 2711 negligens,
2518 2649 2574 2696 et
2611 2655 2717 2694 non
2760 2639 2904 2694 audit
2949 2654 3066 2709 quae
3113 2639 3260 2704 dicit,
3309 2655 3414 2693 non
3443 2638 3637 2693 clamat

2060 2731 2127 2787 ad
2173 2733 2357 2796 Deum,
2389 2730 2485 2786 sed
2515 2730 2866 2800 nequidquam
2901 2745 2964 2783 ac
3013 2739 3211 2785 temere
3239 2729 3491 2800 loquitur.
3532 2729 3632 2796 Qui

2058 2834 2293 2879 mentem
2356 2842 2460 2880 non
2505 2827 2735 2890 excitat,
2791 2826 2891 2881 etsi
2929 2825 3082 2880 valde
3132 2824 3488 2891 vociferatur,
3546 2823 3634 2878 hie

2058 2933 2243 2972 rursus
2292 2933 2396 2972 non
2442 2918 2653 2973 clamat.
2701 2919 2811 2972 Vox
2856 2919 3018 2984 enim,
3067 2925 3125 2972 ut
3160 2919 3268 2986 jam
3311 2932 3453 2987 szepe
3497 2918 3637 2984 dixi,

2055 3023 2162 3064 non
2200 3008 2460 3077 significat
2490 3009 2707 3079 spiritus
2733 3017 2934 3075 tonum,
2968 3007 3062 3063 sed
3089 3017 3314 3062 mentem
3344 3007 3626 3062 intonsam.

2057 3104 2127 3156 At
2163 3100 2250 3155 hic
2282 3116 2388 3155 non
2430 3100 2541 3166 sic;
2581 3101 2677 3156 sed
2715 3099 2830 3155 haec
2859 3101 2956 3154 tria
3000 3099 3155 3153 simul
3187 3095 3399 3167 colligit,
3444 3107 3636 3154 esten-7

2057 3191 2134 3246 dit
2167 3207 2226 3246 se
2261 3202 2315 3247 et
2347 3205 2480 3246 voce
2524 3191 2776 3252 clamare.
2806 3199 2860 3246 et
2903 3189 2970 3244 ad
3013 3190 3201 3254 Deum,
3253 3196 3308 3243 et
3345 3204 3476 3244 voce
3501 3204 3627 3259 pro-

2057 3282 2168 3350 pria
2195 3322 2210 3346 ,
2257 3291 2312 3337 et
2349 3279 2471 3336 ideo
2518 3280 2600 3334 bis
2645 3280 2792 3347 dicit,
2855 3278 2988 3334 Voce
3036 3296 3144 3333 mea
3199 3289 3252 3333 et
3309 3277 3438 3333 Voce
3491 3295 3636 3332 mea-

2055 3362 2109 3425 2.
2139 3369 2363 3437 E/Tundo
2391 3372 2442 3424 in
2470 3380 2732 3441 conspectu
2759 3374 2866 3442 ejus
2904 3370 3180 3427 orationem
3231 3385 3411 3435 meam,
3451 3379 3497 3424 et
3537 3371 3627 3422 tri-

2057 3463 2357 3517 bulationem
2393 3479 2556 3516 meam
2601 3473 2716 3517 ante
2741 3464 2905 3532 ipsum
2943 3463 3264 3518 annuntiabo.
3298 3461 3484 3517 Vidisti
3512 3462 3630 3515 aui.-

2056 3569 2200 3607 mum
2240 3553 2463 3609 liberum
2507 3553 2575 3607 ab
2612 3554 2858 3610 omnibus
2902 3570 3020 3624 quae
3040 3554 3105 3609 ad
3137 3555 3271 3608 hanc
3312 3554 3470 3608 vitam
3503 3569 3623 3623 per-

2057 3646 2268 3700 tinent?
2330 3645 2512 3716 Neque
2548 3647 2689 3702 enim
2725 3647 2958 3718 confugit
2986 3647 3051 3702 ad
3083 3647 3357 3716 homines,
3411 3661 3511 3702 nec
3553 3645 3630 3700 ab

2054 3736 2133 3789 eis
2181 3735 2331 3804 petiit
2354 3735 2629 3799 auxilium,
2673 3737 2766 3792 sed
2814 3752 3096 3806 supernam
3143 3752 3320 3806 opem,
3370 3752 3488 3806 qua:
3527 3752 3621 3790 ex.-

2056 3827 2283 3898 pugnari
2334 3843 2439 3883 non
2486 3837 2693 3898 potest,
2742 3830 2964 3898 rogavit.
3010 3828 3210 3884 Deinde
3255 3828 3518 3882 inteusum
3568 3834 3624 3880 et

2055 3918 2420 3976 vehementem
2450 3920 2609 3974 animi
2641 3919 2920 3985 fervorem,
2951 3933 3105 3988 quem
3137 3917 3277 3973 intus
3304 3910 3632 3969 habuitabs-

2055 4009 2326 4065 conditum
2357 4050 2372 4075 ,
2403 4009 2687 4066 ostendens
2713 4025 2805 4078 per
2851 4010 2988 4065 hanc
3012 4024 3194 4065 vocem
3215 4048 3231 4074 ,
3263 4007 3504 4076 Eﬂ'undo,
3534 4007 3617 4061 in-

2053 4103 2186 4171 quit,
2212 4101 2421 4156 abunde
2445 4117 2506 4156 ac
2531 4102 2764 4171 copiose.

2124 4192 2418 4263 Aﬂlictionis
2459 4190 2723 4245 commoda
2762 4189 2882 4243 duo.
2912 4219 2982 4230 —
3007 4189 3140 4244 llinc
3179 4190 3339 4245 etiam
3370 4189 3622 4245 discimus

2051 4284 2366 4339 afflictiones
2395 4299 2498 4338 non
2530 4299 2712 4354 parum
2737 4283 2980 4338 conferre
3001 4282 3066 4336 ad
3093 4281 3491 4353 philosophiam.
3525 4282 3616 4337 llic

2051 4384 2133 4430 est
2173 4376 2318 4429 enim
2348 4374 2549 4429 fructus
2575 4373 2872 4428 amictionis
2901 4392 2914 4428 :
2949 4388 3105 4429 nemo
3144 4388 3270 4444 ergo
3321 4373 3486 4442 ipsam
3535 4375 3617 4426 lu-

2050 4466 2179 4534 giat.
2229 4465 2341 4518 Duo
2384 4465 2525 4519 enim
2558 4463 2714 4519 habet
2735 4465 2846 4519 haec
2870 4464 3146 4518 commoda
3174 4481 3186 4517 :
3219 4479 3376 4518 unum
3406 4464 3625 4534 quidem.

2050 4557 2188 4626 quod
2219 4556 2406 4610 reddat
2433 4555 2775 4610 studiosiores
2801 4564 2852 4609 et
2875 4555 3184 4610 attentiores
3214 4571 3226 4608 :
3257 4554 3483 4610 alterum
3525 4571 3618 4610 au.-

2050 4655 2181 4712 tem,
2213 4647 2352 4716 quod
2382 4661 2443 4700 ea
2473 4662 2682 4715 quoque
2706 4647 2847 4713 justa
2875 4656 2956 4700 est
2983 4661 3171 4710 causa,
3223 4655 3278 4700 ut
3319 4646 3625 4701 audiamur..

2050 4737 2116 4791 Et
2142 4739 2261 4792 ideo
2291 4753 2394 4790 non
2435 4736 2587 4798 dixit,
2636 4735 2897 4791 Justitiam
2925 4751 3121 4800 meam,
3164 4752 3282 4802 nec,
3333 4737 3442 4790 Mea
3474 4747 3618 4792 recte

2051 4830 2209 4894 facta,
2257 4829 2374 4894 sed,
2427 4827 2596 4882 Meam
2641 4829 2975 4899 aﬁtictionem,
3024 4843 3215 4898 nempe
3255 4828 3394 4898 quod
3417 4844 3478 4884 ea
3511 4845 3616 4883 non

2049 4935 2270 4990 parvum
2295 4917 2480 4972 afferat
2504 4918 2582 4972 illi
2611 4918 2976 4988 patrocinium.
2993 4917 3250 4984 Quocirca
3278 4918 3405 4974 dicit
3432 4918 3624 4986 Isaias,

2048 5012 2400 5067 Adhortamini
2423 5011 2521 5081 (a),
2565 5011 2727 5080 inquit
2771 5009 2930 5078 Deus,
2979 5010 3222 5082 populum
3254 5028 3617 5079 meum,sacer-

2048 5104 2219 5169 dotes;
2263 5103 2524 5173 loquimini
2576 5101 2644 5156 ad
2684 5118 2771 5156 cor
2790 5101 3104 5168 Jerusalem,
3143 5103 3377 5172 quoniam
3403 5105 3620 5173 suscepit

2048 5196 2110 5249 de
2134 5211 2288 5248 manu
2308 5194 2512 5250 Domini
2544 5194 2766 5262 duplicia
2801 5205 3005 5264 peccata
3030 5210 3122 5248 sua
3167 5194 3316 5266 (lsai.
3345 5194 3436 5249 40.
3462 5196 3512 5249 1.
3535 5195 3614 5264 2).

2051 5286 2112 5339 Et
2157 5285 2389 5340 Paulus:
2421 5283 2628 5341 Tradite
2660 5283 2791 5338 [tunc
2836 5284 3086 5338 hominem
3113 5295 3324 5350 satante,
3379 5285 3445 5337 ad
3490 5286 3618 5339 inte-

2046 5376 2199 5428 ritum
2240 5375 2424 5439 carnis,
2456 5383 2510 5428 ut
2535 5375 2738 5444 spiritus
2776 5375 2841 5428 sit
2870 5374 3049 5429 salvae
3087 5374 3165 5445 (l.
3197 5373 3316 5429 Cor.
3347 5375 3400 5430 5.
3428 5375 3530 5444 5)..
3552 5376 3627 5433 Et

2107 5553 2179 5614 (a)
2212 5558 2262 5601 ln
2277 5559 2454 5609 Gnaeo,
2477 5565 2728 5614 «manu.
2754 5559 2882 5614 Hanc
2903 5565 3086 5614 vocem
3117 5559 3324 5602 Graecari]
3356 5555 3617 5606 Gentianus

2045 5619 2284 5663 Henetus
2318 5616 2484 5670 vertit,
2528 5613 2865 5663 adhortamini.
2901 5613 3198 5662 Vertendum
3234 5627 3371 5672 sane,
3409 5617 3616 5666 consola-

2043 5673 2178 5734 mini,
2192 5674 2457 5724 secundum
2476 5673 2734 5724 lectionem
2756 5677 3048 5731 ltebraicam,
3086 5681 3238 5731 rem.
3280 5675 3462 5724 Verum
3475 5678 3614 5741 Chry-

2048 5754 2287 5798 sostomus
2308 5747 2384 5796 hic
2397 5746 2676 5795 adhortandi
2691 5744 3090 5806 significationem
3103 5749 3385 5808 respexisse
3403 5749 3612 5799 videtur.
