4070 6340
465 308 572 366 443

468 424 534 478 ad
559 421 860 477 Corinthios
885 421 1146 484 scribens,
1198 419 1410 474 dicebat
1458 437 1472 473 :
1513 419 1794 490 Propterea
1827 420 1970 472 multi
1998 420 2051 472 in

468 515 604 568 vobis
635 513 826 581 inﬁrmi
851 522 968 566 sunt
1000 521 1046 564 et
1094 510 1351 577 imbecilli,
1403 521 1449 564 et
1495 512 1749 564 dormiunt
1787 511 1949 563 multi.
1995 510 2057 564 Si

466 609 597 658 enim
625 622 715 656 nos
745 604 882 673 ipsos
926 603 1339 673 dijudicaremus,
1391 619 1491 656 non
1505 603 1875 673 judicaremur.
1903 601 2057 656 ludi-

467 699 567 750 cati
619 704 788 748 autem
819 713 849 747 a
879 694 1098 747 Domino
1128 696 1453 763 castigamnr,
1495 711 1558 748 ne
1581 710 1696 747 cum
1721 695 1906 748 mundo
1931 710 2055 747 con-

465 791 756 842 dcmnemur
783 789 857 856 (l.
891 787 1009 843 Cor.
1043 789 1128 842 ll.
1161 787 1270 843 50-
1293 787 1403 859 3‘2).
1435 789 1603 842 Porro
1641 788 1794 842 diviti
1845 787 2056 842 diccbat

463 881 731 935 Abraham
759 900 772 935 :
807 879 1054 949 lit-cepisti
1083 881 1213 934 bona
1249 890 1335 933 tua
1377 882 1430 934 in
1468 882 1566 934 vita
1597 891 1704 948 tua,
1738 891 1785 934 et
1824 879 2054 936 Lazarus

464 972 599 1026 mala
628 989 723 1025 sua
749 988 768 1025 :
793 983 836 1025 et
875 988 1008 1026 nunc
1057 973 1138 1025 hic
1166 971 1364 1040 quidem
1405 971 1799 1026 consolationem
1845 973 2050 1042 accipit,

464 1073 517 1117 tu
545 1080 662 1117 vero
694 1066 934 1118 cruciaris
985 1062 1133 1135 (Luc.
1167 1063 1250 1118 16.
1284 1063 1394 1134 95).
1437 1062 1550 1118 Jant
1578 1079 1703 1117 vero
1725 1063 1889 1118 David
1918 1078 2052 1134 quo-

463 1173 587 1226 que,
620 1173 741 1210 cum
789 1157 838 1210 ci
869 1156 1210 1210 malediceret
1231 1155 1430 1223 Semei,
1480 1154 1689 1210 dicebat
1719 1173 1730 1208 :
1764 1155 1891 1209 Sine
1936 1171 2051 1208 eum

464 1250 588 1302 milti
627 1248 955 1311 maledicere,
997 1249 1235 1318 quoniam
1282 1246 1418 1301 Deus
1457 1247 1503 1300 ei
1555 1246 1849 1311 mandavit,
1878 1255 1933 1299 ut
1974 1246 2050 1300 vi-

463 1345 598 1396 deret
643 1359 804 1395 meam
846 1342 1177 1395 humilitatem
1223 1341 1297 1410 (2.
1329 1339 1458 1412 Reg.
1512 1340 1600 1395 16.
1635 1342 1721 1395 ii.
1755 1341 1867 1411 12).
1905 1343 1970 1394 lit
1995 1341 2047 1395 in

461 1435 750 1503 Scripturis
795 1435 989 1504 ubique
1043 1434 1380 1498 invenimus,
1429 1448 1524 1488 eos
1576 1433 1664 1502 qui
1732 1432 2044 1488 afﬂictiones

461 1525 641 1580 ferunt
683 1535 837 1594 grato
873 1534 926 1578 et
973 1525 1189 1595 patienti
1239 1525 1457 1590 animo,
1502 1541 1604 1576 non
1666 1525 1836 1580 solum
1887 1524 2047 1578 multa

464 1625 678 1685 peccata
710 1615 936 1681 diluere,
966 1615 1061 1669 sed
1107 1615 1264 1669 etiam
1307 1630 1411 1668 non
1447 1629 1659 1682 parvam
1711 1615 1847 1682 apud
1881 1613 2046 1668 Deum

463 1706 730 1770 ﬁduciam,
764 1715 817 1760 et
842 1701 1088 1774 loquendi
1112 1701 1407 1758 libertatem
1435 1703 1697 1758 obtinere.
1743 1704 1795 1757 Δ.
1823 1704 1890 1758 In
1917 1704 2046 1772 deﬁ-

458 1796 635 1851 ciendo
660 1813 724 1850 ex
750 1813 828 1850 me
858 1801 1090 1865 spiritum
1120 1809 1304 1860 meum,
1343 1806 1394 1848 et
1431 1805 1484 1847 tu
1524 1796 1800 1864 cognovisti
1845 1796 2049 1848 semitas

459 1907 614 1944 meas.
664 1889 889 1956 Quando
916 1891 1002 1959 qui
1033 1896 1158 1944 sunt
1207 1889 1259 1942 in
1304 1889 1492 1958 primis
1538 1889 1711 1958 pusilli
1758 1898 1812 1943 et
1852 1890 2046 1958 abjecti

459 1982 642 2048 animi,
685 1981 989 2044 concidunt,
1019 1989 1076 2034 et
1103 1982 1253 2034 multi
1290 1983 1451 2035 etiam
1475 1981 1612 2034 mala
1634 1981 1792 2034 verba
1819 1981 2046 2050 loquun-

459 2085 542 2127 tur
585 2093 599 2127 :
647 2077 690 2128 is
743 2082 867 2128 tunc
923 2073 1151 2126 maxime
1190 2072 1606 2144 philosophatur,
1659 2082 1715 2127 ut
1755 2074 1844 2143 qui
1885 2071 2046 2128 studii

459 2165 762 2234 magistram
791 2162 982 2218 habeat
1005 2162 1368 2218 alﬁictionem.

528 2257 821 2329 Aﬁlictionis
848 2256 1073 2323 e/Iectus.
1106 2286 1176 2297 —
1203 2257 1427 2324 Quando
1460 2273 1594 2327 ergo
1629 2257 1824 2312 videris
1856 2273 2046 2327 quem-

456 2348 596 2419 piam
639 2363 704 2402 ex
733 2347 1021 2402 afﬂictione
1049 2347 1447 2418 desperantem,
1473 2361 1562 2401 aut
1588 2349 1806 2402 verbum
1829 2348 2044 2418 aliquod

455 2439 709 2496 acerbum
737 2439 1146 2509 proloquentem
1189 2455 1202 2492 :
1249 2455 1318 2494 ne
1348 2439 1403 2492 in
1433 2454 1590 2494 causa
1621 2454 1744 2494 esse
1769 2440 2044 2495 exisﬁmes

455 2532 816 2595 afﬁictionem,
859 2531 953 2585 sed
987 2530 1238 2601 pusillum
1269 2530 1386 2599 ejus
1405 2529 1495 2600 qui
1523 2530 1755 2600 loquitur
1781 2530 2040 2584 animum.

455 2623 773 2678 Al’ﬁictionis
799 2623 941 2678 enim
968 2630 1153 2676 natura
1191 2621 1329 2676 solet
1367 2620 1584 2676 efﬁcere
1624 2623 1914 2688 contraria,
1956 2632 2042 2675 at-

457 2715 786 2782 tentionem,
831 2715 996 2770 animi
1035 2714 1431 2779 eontritiouem,
1478 2714 1732 2767 intentam
1781 2724 2038 2780 mentem,

452 2807 666 2881 pietatis
736 2808 1143 2863 incrementum.
1209 2807 1470 2876 Quocirca
1536 2806 1746 2861 dicebat
1795 2806 2036 2862 Paulus:

454 2902 666 2972 Afﬂictio
708 2903 1003 2972 patientiam
1053 2911 1324 2972 operatur,
1377 2900 1621 2971 patientia
1692 2899 2040 2968 probationem

454 2997 630 3069 (Rom.
672 2998 724 3052 5.
758 2996 838 3070 5).
891 2996 947 3052 Si
997 3007 1172 3050 autem
1200 2994 1370 3050 Judaei
1401 2993 1583 3048 afﬂicti
1613 2992 2037 3060 murmurabant,

453 3105 560 3144 non
603 3089 931 3153 afﬂictionis,
982 3089 1076 3144 sed
1122 3088 1331 3142 illorum
1375 3087 1624 3141 amentiae
1671 3095 1824 3141 erant
1877 3086 2038 3141 verba

453 3181 888 3237 murmuration-is
937 3198 952 3236 :
981 3178 1408 3250 quandoquidem
1439 3179 1604 3234 saneti
1633 3193 1753 3232 cum
1791 3177 2038 3248 afﬂigun-

454 3283 560 3339 tur,
613 3273 846 3328 ev-adunt
885 3272 1168 3339 clariores,
1217 3281 1270 3326 et
1315 3272 1590 3340 sapientia:
1640 3271 1816 3326 studio
1865 3271 2036 3341 magis

453 3365 639 3421 dediti.
685 3366 942 3433 Quocirca
973 3366 1087 3434 ipse
1123 3377 1337 3434 quoque
1367 3363 1578 3418 dicebat
1607 3379 1622 3418 :
1648 3362 1847 3417 Bonum
1888 3363 2034 3430 mihi,

453 3458 686 3524 Domine,
727 3458 862 3530 quod
891 3458 1170 3512 Itumiliasti
1194 3473 1294 3525 me,
1342 3469 1396 3510 ut
1420 3457 1614 3511 discam
1647 3459 2037 3529 justiﬁcationes

453 3560 564 3604 tuas
593 3549 760 3620 (Psal.
796 3551 915 3604 118.
949 3549 1059 3619 7i).
1101 3549 1169 3602 Et
1199 3549 1392 3603 Paulus
1420 3567 1433 3603 :
1467 3549 1533 3602 Et
1559 3560 1764 3620 propter
1787 3551 2037 3620 ingentem

453 3643 850 3712 magnitudinem
876 3641 1258 3708 revelationum,
1298 3657 1362 3694 ne
1389 3643 1538 3696 nimis
1573 3643 1858 3708 extolleret,
1890 3642 2036 3697 datus

452 3743 525 3789 est
566 3735 689 3787 mihi
740 3733 975 3788 stimulus
1015 3734 1182 3786 carnis
1216 3733 1423 3801 angelus
1461 3746 1672 3796 satanas,
1717 3735 1804 3804 qui
1834 3749 1918 3787 me
1952 3750 2035 3786 co-

453 3826 690 3896 lapltizet.
750 3824 854 3878 Pro
887 3841 942 3878 eo
983 3833 1056 3878 ter
1085 3823 1359 3876 Dominum
1398 3826 1591 3895 rogavi,
1640 3835 1685 3878 et
1713 3827 1841 3878 dixit
1866 3827 1989 3879 mihi
2018 3841 2036 3880 :

455 3919 656 3991 Suﬂicit
685 3920 772 3973 tibi
811 3919 974 3986 gratia
997 3933 1106 3971 mea
1140 3932 1158 3971 :
1187 3917 1342 3970 virtus
1370 3918 1502 3970 enim
1526 3932 1634 3970 mea
1663 3919 1714 3970 in
1744 3919 2035 3988 inﬁrmitate

455 4012 735 4082 per/icitur.
769 4008 835 4062 Et
871 4009 986 4062 ideo
1011 4010 1134 4061 nti/ti
1166 4009 1338 4077 placeo
1368 4008 1419 4061 in
1447 4008 1816 4078 aﬂlictionibus.
1859 4011 1910 4062 in
1948 4012 2033 4062 in-

452 4102 789 4171 ﬁrmitatibus,
840 4101 892 4153 in
944 4100 1424 4171 persequutionibus.
1473 4099 1690 4163 Quando
1715 4102 1845 4155 enim
1890 4102 2035 4170 inﬁr-

451 4211 580 4258 mor,
621 4203 735 4246 tunc
767 4203 940 4260 potens
969 4209 1078 4245 sum
1121 4191 1197 4263 (2.
1234 4190 1351 4246 Cor.
1387 4192 1472 4245 12.
1504 4192 1684 4261 7-10).
1728 4191 1887 4246 Vides
1911 4207 2032 4247 eum

451 4286 618 4355 magis
642 4285 861 4339 excitari
894 4285 944 4338 in
972 4284 1276 4348 afﬂictione,
1332 4293 1385 4338 et
1411 4283 1476 4336 ad
1519 4284 1682 4337 Deum
1721 4284 2030 4353 confugere,

453 4389 507 4434 et
532 4379 580 4433 ei
609 4378 774 4432 mult-0
814 4377 1184 4431 vehementius
1228 4377 1502 4430 adhmrere
1533 4377 1583 4429 in
1613 4377 1729 4446 ipso
1771 4377 2034 4446 profundo

451 4471 714 4526 malorum
766 4469 908 4538 (hoc
937 4469 1078 4523 enim
1109 4467 1210 4522 sibi
1245 4468 1357 4522 vult
1385 4469 1531 4533 illud,
1557 4467 1626 4522 In
1655 4469 1934 4537 deﬁciendo
1973 4487 2034 4524 ea:

450 4581 531 4619 me
571 4563 805 4632 spiritum
846 4561 1072 4630 meum),
1119 4573 1173 4615 et
1214 4572 1336 4615 tunc
1361 4560 1747 4631 diligentiorem
1770 4571 1824 4615 et
1850 4563 2035 4616 melin-

449 4671 561 4711 rem
597 4653 780 4713 efﬁci?
827 4652 962 4707 Illud
1008 4663 1208 4717 autem,
1271 4652 1338 4705 Et
1394 4662 1448 4705 tu
1503 4654 1775 4723 cognovisti
1832 4656 2034 4708 senritas

448 4764 605 4814 meas,
643 4748 779 4802 alius
823 4747 1084 4816 interpres
1127 4747 1206 4816 (a)
1240 4746 1388 4812 dixit,
1428 4745 1504 4799 Tu
1541 4748 1672 4799 enim
1713 4748 1828 4801 scis.
1865 4746 1931 4800 In
1956 4749 2034 4801 via

449 4840 544 4894 hac
568 4881 583 4903 ,
643 4856 742 4911 qua
802 4838 1138 4903 ambulabam,
1187 4839 1557 4893 absconderunt
1612 4842 1846 4909 laqueum
1882 4842 2030 4893 mihi.

447 4933 503 4988 5.
552 4931 944 4986 Considerabam
982 4932 1050 4984 ad
1087 4933 1379 4997 dexteram,
1440 4939 1484 4984 et
1531 4933 1761 4986 videbam
1802 4949 1820 4986 :
1860 4943 2036 4987 etnon

449 5031 557 5076 erat
595 5022 681 5093 qui
709 5031 1022 5093 cognosceret
1059 5038 1157 5074 me.
1181 5019 1284 5076 llic
1330 5023 1563 5076 ostendit
1590 5024 1857 5095 ingentem
1882 5026 2034 5078 cala-

451 5115 714 5179 mitatem,
744 5123 798 5168 et
832 5114 969 5167 mala
1015 5113 1354 5182 ampliﬁcata,
1411 5114 1749 5184 hostiumque
1795 5116 2031 5180 insidias,

449 5206 718 5278 quomodo
767 5209 912 5275 prius
945 5213 1305 5272 accesserunt,
1347 5206 1587 5259 volentes
1630 5221 1751 5260 eum
1801 5218 2034 5275 proSIer-

450 5313 621 5365 nere;
655 5297 873 5368 etquod
903 5307 986 5352 est
1014 5297 1251 5351 omnium
1286 5297 1678 5366 gravissimum,
1732 5314 1837 5352 non
1877 5298 2035 5351 modo

449 5391 581 5446 nulli
629 5397 782 5444 erant
824 5388 954 5443 socii
997 5395 1091 5442 aut
1131 5387 1422 5458 adjutores,
1465 5387 1561 5442 sed
1587 5404 1654 5443 ne
1673 5403 1794 5444 eum
1820 5389 2032 5460 quidem

448 5484 810 5556 agnoscebant
829 5484 868 5535 ί.

522 5574 579 5632 2.
621 5574 938 5631 Calamitosis
963 5572 1112 5646 pauci
1140 5573 1344 5626 adsunt.
1397 5601 1470 5611 —
1515 5571 1628 5626 Hoc
1671 5580 1756 5626 est
1807 5573 2032 5628 maxima

517 5717 535 5745 ι
569 5719 715 5771 Unus,
741 5712 827 5763 sed
851 5723 944 5760 non
965 5715 1086 5766 erat,
1111 5706 1282 5770 inquit,
1307 5705 1391 5769 qui
1413 5720 1488 5756 me
1509 5717 1804 5771 agnosceret.

517 5774 593 5836 (a)
627 5770 872 5832 interprer
895 5773 970 5823 hic
987 5779 1288 5821 memoratus
1310 5777 1387 5820 est
1409 5770 1730 5833 Symmachus.

1172 306 1229 362 S.
1270 304 1546 362 JO.\NNlS
1582 304 2061 363 CIIRYSOSTOMI
2101 307 2412 366 ARCIIIEP.
2451 311 2990 369 CONSTANTINOP.

3647 324 3755 380 lt“

2164 420 2417 485 Solitudo,
2466 439 2674 478 summa
2720 424 2995 480 derelictio
3047 445 3060 481 :
3115 438 3197 484 cst
3241 429 3384 484 enim
3439 447 3749 501 paucorum,

2165 513 2353 569 adesse
2397 517 2449 569 in
2496 516 2907 583 calamitatibus,
2955 529 3010 573 et
3053 535 3205 589 opem
3240 523 3397 580 ferre.
3427 534 3481 578 et
3518 529 3748 583 maxime

2162 604 2376 672 quando
2404 606 2736 662 calamitates
2781 610 3048 664 minantur
3085 613 3335 680 pericu-la.
3382 615 3484 670 Sed
3519 616 3618 671 hoc
3643 633 3748 673 nor.

2164 695 2324 749 modo
2354 712 2474 751 Olim
2503 713 2609 752 non
2644 699 2800 765 lmsit,
2849 701 2942 756 sed
2974 704 3134 756 etiam
3178 705 3328 760 valde
3369 705 3525 774 juvit,
3579 709 3649 763 ita
3692 720 3748 765 ut

2161 801 2282 840 eum
2333 788 2440 843 beo
2484 788 2802 845 latitiliarem
2851 792 3056 847 fecerit.
3093 795 3155 848 lit
3197 805 3248 848 tu
3294 811 3442 865 ergo,
3475 813 3508 851 ο
3537 798 3749 867 dilecte,

2159 880 2373 948 quando
2412 881 2608 937 videris
2637 885 2771 938 mala
2799 900 3065 952 crescere,
3096 902 3163 941 ne
3202 889 3473 957 concidas,
3507 907 3605 946 nec
3630 893 3749 946 atti-

2158 985 2304 1025 mum
2349 972 2587 1042 alijicias,
2636 975 2730 1030 sed
2774 977 2857 1031 sis
2893 979 3114 1047 gnavior
3151 989 3204 1033 et
3234 981 3555 1050 vigilantior.
3609 983 3749 1040 Deus

2161 1064 2304 1117 enim
2337 1064 2458 1119 ideo
2485 1067 2746 1134 permittit
2779 1084 2839 1122 ea
2868 1070 3019 1135 oriri,
3051 1083 3105 1124 ut
3134 1083 3274 1125 tuam
3308 1077 3541 1129 excutiat
3566 1093 3741 1131 socor-

2161 1152 2325 1217 diam,
2361 1165 2418 1210 ut
2445 1166 2496 1211 te
2519 1157 2901 1214 dormitantem
2929 1162 3148 1216 excitet.
3189 1162 3340 1219 Tunc
3368 1167 3508 1220 enim
3539 1171 3746 1224 exscinn

2160 1244 2356 1299 duntur
2399 1249 2576 1303 omnia
2620 1265 3037 1320 supervacanea,
3090 1264 3214 1308 tunc
3270 1258 3446 1310 omnia
3501 1275 3622 1329 quae
3675 1262 3744 1314 ad

2164 1335 2299 1389 hanc
2341 1348 2577 1392 nostram
2627 1342 2786 1396 vitam
2836 1345 3104 1412 pertinent
3145 1348 3445 1415 exSpirant,
3504 1360 3632 1405 tunc
3690 1352 3744 1406 itt

2163 1427 2404 1482 oratione
2449 1431 2622 1484 evadit
2659 1433 2776 1501 quis
2814 1434 3139 1504 diligentior,
3184 1448 3308 1493 tunc
3348 1439 3416 1493 ad
3443 1441 3741 1513 elecmosy-

2156 1533 2278 1570 nam
2326 1529 2379 1572 et
2428 1521 2497 1574 ad
2547 1525 2748 1578 ventris
2803 1525 3203 1595 despicienttant
3255 1534 3311 1583 tit
3353 1533 3614 1598 alacrior,
3689 1545 3746 1590 et

2155 1615 2568 1685 unumquodque
2590 1619 2754 1672 animi
2783 1621 2964 1673 vitium
2998 1623 3148 1676 facile
3177 1635 3475 1691 snperatur,
3506 1627 3741 1697 fugatum

2153 1705 2222 1758 ab
2267 1707 2575 1763 alilictione.
2625 1711 2806 1780 Neque
2846 1714 2986 1767 enim
3019 1714 3085 1768 ab
3115 1715 3268 1769 initio
3297 1728 3352 1769 ut
3383 1731 3480 1771 nos
3509 1721 3743 1787 puniret,

2154 1796 2444 1866 implicavit
2481 1815 2580 1853 nos
2616 1802 2886 1856 laboribus
2937 1813 2991 1857 et
3046 1807 3479 1874 a-gritudinibus,
3528 1811 3737 1865 etiamsi

2152 1888 2223 1941 ita
2278 1892 2647 1957 pronuntiarit,
2711 1904 2766 1947 ut
2812 1895 3055 1965 supplicii
3107 1897 3223 1950 loco
3268 1897 3507 1966 haberet,
3535 1904 3631 1954 sed
3679 1914 3739 1956 ut

2152 1995 2250 2035 nos
2275 1983 2580 2052 castigaret,
2611 1995 2665 2040 et
2694 1987 2942 2042 tttcliorcs
2974 1988 3242 2043 redderet.
3285 1989 3339 2045 Si
3359 1993 3502 2045 enim
3534 2009 3655 2047 cum
3685 2005 3745 2050 et

2149 2073 2304 2126 dolor
2331 2075 2623 2142 immineat,
2649 2088 2707 2134 et
2747 2081 2851 2133 vita
2881 2081 2947 2133 sit
2974 2080 3257 2144 laboriosa,
3291 2085 3425 2136 adeo
3458 2084 3746 2144 invalescit

2150 2163 2333 2218 vitium
2365 2183 2380 2220 :
2411 2165 2454 2219 si
2499 2168 2631 2221 nihil
2680 2179 2822 2225 esset
2866 2170 3077 2236 horum,
3107 2189 3210 2242 quo
3241 2175 3451 2229 tandem
3478 2193 3582 2230 non
3610 2194 3741 2247 pro-

2147 2255 2436 2310 cessisset?
2467 2256 2536 2312 Et
2557 2259 2682 2328 qttid
2726 2261 2959 2326 miraris,
3001 2262 3045 2315 si
3098 2263 3166 2315 ita
3196 2274 3279 2317 est
3305 2265 3358 2318 in
3389 2268 3589 2334 animo,
3617 2285 3748 2322 cum

2147 2345 2310 2400 etiam
2337 2349 2388 2400 in
2414 2351 2729 2418 corporibus
2755 2352 2822 2405 sit
2850 2352 3045 2406 bonum
3085 2353 3326 2421 afﬂictio,
3351 2369 3405 2411 et
3431 2373 3587 2427 supra
3617 2377 3738 2413 mo-

2147 2435 2274 2490 dum
2304 2437 2510 2493 deliciis
2551 2441 2796 2510 perfundi
2825 2458 3040 2498 carnem
3073 2445 3142 2498 sit
3173 2447 3322 2500 valde
3353 2451 3613 2503 noxium?
3671 2451 3740 2506 iit

2146 2528 2344 2598 alioqui
2382 2530 2507 2584 dum
2555 2532 2786 2602 undique
2822 2547 3089 2602 ponuntur
3121 2537 3345 2603 insidiae,
3391 2541 3445 2594 id
3490 2543 3748 2598 homines

2145 2622 2320 2675 reddit
2359 2632 2544 2678 cautos
2581 2633 2636 2679 et
2677 2627 3094 2696 circumspectos
3127 2640 3222 2684 :et
3259 2634 3301 2685 si
3328 2635 3743 2704 attenderimus,

2145 2712 2280 2767 nihil
2329 2713 2511 2768 daumi
2574 2717 2882 2786 accipimus.
2954 2718 3022 2773 Et
3076 2721 3196 2776 ideo
3251 2724 3380 2779 dicit
3427 2729 3745 2798 quiSpiam,

2143 2802 2372 2874 Agnosce
2421 2806 2554 2876 quod
2610 2809 2795 2862 transis
2840 2810 2892 2863 in
2934 2811 3098 2864 medio
3145 2812 3460 2884 laqueorum,
3493 2831 3538 2872 et
3577 2837 3747 2889 supra

2143 2896 2400 2950 civitatum
2441 2899 2624 2968 pinnas
2673 2900 2901 2955 ambulas
2971 2900 3154 2972 (Eccli.
3188 2909 3240 2959 9.
3291 2907 3375 2962 l3.
3404 2909 3457 2961 in
3485 2907 3684 2981 Graeco)
3710 2953 3744 2979 ,

2142 2998 2197 3041 et
2245 2988 2363 3053 hic,
2436 2988 2500 3042 In
2567 2991 2668 3056 via,
2723 3008 2822 3061 qua
2858 2994 3201 3060 ambulabant,
3249 2995 3615 3052 absconderant
3654 3003 3745 3055 [ιιι-

2141 3095 2325 3149 queunt
2369 3081 2512 3133 milii.
2563 3081 2714 3148 Quod
2745 3082 2791 3137 si
2825 3085 2943 3153 quis
2967 3084 3080 3139 [nec
3105 3087 3262 3139 etiam
3293 3090 3580 3157 sumpserit
3603 3107 3748 3145 atta—

2139 3174 2348 3243 gugice,
2403 3173 2607 3228 videbit
2647 3174 2748 3230 hoc
2797 3176 2971 3245 ipsum
3011 3178 3286 3232 facientem
3325 3181 3628 3249 diabolum,
3672 3193 3738 3240 et.

2141 3281 2246 3320 non
2284 3269 2488 3336 procul,
2534 3267 2627 3320 sed
2670 3283 2835 3338 prope
2875 3270 3230 3324 occultantem
3275 3271 3514 3327 insidias.

2211 3355 2440 3420 Laqueus
2479 3359 2630 3410 etiam
2674 3359 2726 3411 in
2767 3361 2958 3413 virtutis
3006 3363 3240 3414 επιτεὲϋο
3287 3362 3442 3415 tendit
3472 3364 3726 3420 diabolus.

2137 3449 2494 3520 —Quocirca
2542 3466 2734 3522 magna
2783 3453 2936 3507 nobis
2988 3454 3260 3522 vigilantia
3305 3471 3439 3525 opus
3475 3468 3576 3512 est.
3625 3461 3729 3513 0c-

2139 3541 2302 3594 cultat
2345 3542 2492 3596 enim
2537 3542 2804 3613 laqueum,
2853 3559 3044 3613 nempe
3081 3545 3134 3598 in
3164 3545 3505 3618 elcemosyna
3537 3564 3733 3605 vanam.

2137 3633 2387 3702 gloriam,
2433 3635 2486 3688 itt
2531 3634 2737 3705 jejunio
2778 3636 3157 3706 arrogantiam,
3203 3655 3308 3691 non
3351 3641 3404 3693 in
3449 3641 3591 3705 aliis,
3629 3644 3728 3696 Sed

2141 3726 2193 3778 in
2225 3725 2353 3796 ipsis
2396 3726 2518 3792 viis,
2559 3727 2612 3781 in
2661 3729 2853 3796 quibus
2898 3731 3257 3795 ambulamus,
3285 3731 3430 3802 quod
3457 3742 3540 3786 est
3571 3735 3731 3803 longe

2137 3819 2532 3888 gravissimum.
2583 3819 2745 3876 Periit
2797 3826 2922 3893 fuga
2969 3839 3001 3875 a
3045 3840 3144 3876 me.
3206 3825 3543 3880 Viderat-sus
3568 3827 3722 3880 alium

2139 3911 2398 3966 malorum
2449 3913 2834 3968 accessionem.
2889 3914 3133 3969 Ostendit
3187 3918 3330 3971 enim
3389 3934 3498 3972 non
3551 3920 3728 3973 solum

2137 4017 2257 4058 esse
2303 4003 2358 4056 in
2403 4003 2502 4057 viis
2557 4004 2796 4074 laqueos,
2855 4020 2956 4059 nec
3007 4006 3174 4060 ullum
3229 4008 3388 4061 fuisse
3423 4009 3518 4078 qui
3563 4025 3728 4080 opem

2135 4095 2302 4150 ferret
2349 4109 2403 4150 et
2458 4112 2812 4167 agnosceret;
2862 4101 2961 4153 :sed
2999 4115 3094 4155 nec
3121 4102 3264 4170 quod
3296 4103 3553 4173 reliquum
3597 4106 3717 4174 qui~

2136 4187 2256 4241 dem
2288 4197 2370 4242 est
2409 4188 2476 4242 ad
2500 4189 2825 4256 evasionetn,
2870 4203 2935 4244 ut
2973 4191 3094 4262 fuga
3130 4193 3289 4246 saluti
3318 4210 3426 4247 sane
3454 4198 3723 4263 consulat,

2138 4280 2189 4334 id
2233 4281 2334 4336 sibi
2367 4293 2486 4336 esse
2515 4294 2814 4352 proruptum
2843 4295 2895 4338 et
2923 4286 3249 4354 expeditum.
3302 4287 3376 4341 ιω
3423 4289 3476 4342 in
3531 4290 3727 4344 mediis

2137 4375 2291 4427 malis
2343 4375 2668 4443 interceptus
2721 4377 3223 4446 l'uerat,'nece1higt
3260 4389 3468 4449 poterat
3501 4382 3716 4434 calanu-

2139 4473 2251 4519 tas:
2287 4474 2342 4518 et
2373 4474 2546 4519 tamen
2575 4480 2642 4520 ne
2667 4466 2744 4519 sic
2781 4468 2993 4535 quidem
3040 4469 3376 4538 desperabat.
3420 4471 3486 4523 Et
3515 4489 3615 4526 non
3648 4487 3720 4526 est

2137 4558 2221 4626 qui
2265 4558 2485 4627 requirat
2526 4557 2748 4610 animum
2797 4575 2957 4610 nteant
2979 4573 3005 4611 .'°
3047 4561 3146 4613 hoc
3181 4572 3282 4624 est,
3311 4564 3408 4629 Qui
3447 4563 3719 4631 defendat,

2137 4649 2227 4717 qui
2267 4663 2421 4718 opem
2476 4647 2629 4703 ferat.
2666 4647 2803 4714 Quid
2846 4649 2930 4704 hic
2977 4651 3144 4721 ergo?
3194 4651 3460 4722 Numquid
3500 4671 3620 4708 cum
3667 4656 3719 4710 in

2140 4750 2282 4795 tanta
2326 4750 2633 4795 versaretur
2682 4741 2875 4810 inopia,
2910 4753 2964 4796 et
2993 4751 3136 4796 tanta
3167 4753 3498 4812 premeretur
3535 4761 3717 4800 rerum

2137 4834 2465 4900 difﬁcultate,
2517 4834 2818 4904 desperavit
2875 4836 3138 4890 salutem?
3185 4836 3566 4907 Nequaquam;
3624 4839 3718 4893 sed

2136 4930 2201 4983 ad
2238 4929 2401 4984 Deum
2440 4929 2619 4983 statim
2646 4927 2901 4998 conﬁngit,
2933 4937 2988 4983 et
3017 4928 3151 4983 dicit
3179 4945 3192 4980 :
3228 4927 3534 4984 6.‘Clamavi
3564 4931 3631 4983 ad
3651 4943 3716 4993 te,

2138 5019 2373 5082 Domine,
2421 5019 2547 5084 dixi,
2594 5016 2674 5071 Tu
2711 5034 2762 5071 es
2797 5034 2910 5088 spes
2938 5033 3069 5085 mea,
3116 5019 3279 5088 portio
3326 5035 3435 5072 mea
3489 5021 3543 5072 in
3589 5031 3719 5074 terra

2139 5117 2426 5166 viventium.
2475 5109 2661 5164 Vidisti
2720 5112 3024 5164 cautionem
3067 5110 3236 5164 animi
3272 5120 3329 5164 et
3374 5111 3717 5180 vigilantiam.

2140 5205 2272 5257 Mala
2301 5219 2422 5257 eum
2463 5203 2681 5258 minime
2733 5203 3050 5270 obruerunt,
3097 5202 3190 5258 sed
3237 5203 3410 5272 magis
3439 5213 3720 5258 erexerunt

2138 5308 2192 5352 ct
2243 5297 2544 5352 extulerunt
2591 5314 2605 5350 :
2657 5306 2711 5351 et
2751 5312 2869 5352 cum
2911 5297 2962 5349 in
3011 5311 3218 5350 summa
3264 5305 3411 5351 esset
3451 5297 3627 5367 inopia
3669 5305 3722 5352 et

2139 5405 2316 5444 rerum
2339 5390 2575 5444 omnium
2603 5388 2933 5454 difﬁcultate,
2962 5388 3175 5459 agnovit
3201 5404 3416 5443 manum
3447 5390 3716 5455 invictam,

2139 5489 2194 5535 et
2230 5481 2371 5534 vires
2406 5480 2829 5550 omnipotentes,
2861 5490 2914 5534 et
2943 5481 2996 5534 in
3027 5479 3191 5534 rebus
3212 5479 3480 5550 impeditis
3512 5480 3718 5535 facilem

2137 5573 2395 5629 evadendi
2431 5576 2709 5628 rationem.
2743 5571 2884 5638 Dixi,
2920 5571 2998 5626 Tu
3023 5589 3074 5626 es
3099 5590 3210 5643 spes
3240 5590 3371 5627 mea.
3421 5573 3724 5642 lleprohata

2138 5675 2281 5732 sunt,
2314 5666 2502 5735 inquit,
2551 5665 2780 5718 humana
2825 5663 3025 5729 omnia,
3078 5673 3133 5718 et
3169 5673 3454 5732 tempestas
3481 5661 3615 5718 adeo
3644 5672 3721 5719 est

2143 5760 2288 5820 omni
2320 5759 2516 5815 auxilio
2539 5758 2802 5828 superior,
2827 5768 2880 5814 ut
2912 5757 3055 5812 nulla
3087 5765 3203 5812 arte
3223 5756 3385 5828 possit
3413 5757 3566 5812 vitari
3589 5771 3717 5810 uatv
