4084 6334
337 346 443 404 Μῖῑ

338 479 366 514 ι
393 457 487 525 ιιθᾷ
523 457 609 522 είς
654 457 904 526 ὄλεθρον
953 457 1066 526 τῆς
1105 458 1372 526 σαρκὸς,
1423 461 1525 514 ἵνα
1569 459 1636 514 τὸ
1684 461 1921 530 πνεῦμα

340 541 527 609 σωθῇ.
554 541 663 594 Καὶ
689 540 994 610 Κορινθίοις
1021 543 1370 600 ἐπιστέλλων.
1404 543 1556 611 ἔλεγε
1577 563 1590 575 ·
1618 547 1721 600 Διά
1747 547 1923 600 τοῦτο

341 629 410 680 ἐν
437 624 578 692 ὑμῖν
613 625 830 678 πολλοὶ
869 625 1165 690 ἀσθενεῖς,
1206 626 1304 678 καὶ
1331 625 1644 694 ἄρρωστοι,
1678 628 1774 681 καὶ
1806 646 1926 680 κοι-

343 711 562 780 μ.ἷ›νται
600 711 814 762 ἱκανοί.
855 712 924 762 Et
962 710 1072 778 γὰρ
1101 709 1355 776 ἑαυτοὺς
1387 710 1776 780 διεκρίνομεν,
1812 715 1924 765 οὐκ

345 794 421 848 ἂν
456 793 820 862 ἐκρινόμεθα.
862 794 1207 860 [φινόμενοι
1250 793 1318 845 δέ
1363 792 1483 847 ὑπὸ
1518 796 1738 860 Κυρίου
1787 810 1922 846 παι-

343 879 653 945 δευόμεθα,
693 877 792 928 ἵνα
829 875 914 945 μὴ
942 876 1068 931 σὺν
1101 874 1181 940 τῷ
1214 878 1421 944 κόσμῳ
1457 877 1923 946 κατακριθῶμεν.

346 962 454 1014 Καὶ
498 959 574 1030 τῷ
623 959 862 1030 πλουσίῳ
901 962 929 1013 6
963 959 1214 1031 Ἀϐραὰμ
1261 960 1444 1028 ἔλεγε·
1497 960 1812 1026 Ἆπέλαϐες
1855 961 1928 1016 τὰ

343 1043 534 1112 ἀγαθά
564 1058 681 1097 σου
720 1044 791 1096 ὲν
819 1043 892 1111 τῇ
921 1043 1034 1112 ζωῇ
1069 1060 1207 1108 σου,
1237 1044 1336 1098 καὶ
1365 1043 1627 1112 Λάζαρος
1658 1045 1730 1098 τὰ
1770 1045 1929 1099 κακὰ

344 1126 550 1180 αὐτοῦ·
585 1127 682 1179 καί
716 1125 835 1180 νῦν
861 1126 978 1195 μὲν
1027 1123 1204 1192 οὗτος
1248 1127 1709 1194 παρακαλεῖται,
1750 1127 1831 1180 σὺ
1861 1127 1929 1180 δὲ

349 1207 663 1264 ὀδυνᾶσαι.
689 1209 798 1262 Καὶ
817 1209 846 1260 6
871 1209 1033 1261 Δαυῖδ
1061 1210 1118 1262 δέ
1145 1213 1308 1280 ἡνίκα
1336 1210 1497 1264 αὐτὸν
1525 1211 1873 1281 κατηράσατο
1902 1225 1924 1250 τί

347 1295 376 1345 ὁ
406 1293 619 1359 Σεμεεὶ,
647 1291 831 1359 ἔλεγεν
849 1310 862 1322 ·
884 1293 1060 1360 Ἄφες
1091 1293 1278 1346 αὑτὸν
1310 1291 1684 1359 καταρᾶσθαι
1709 1311 1805 1362 με,
1837 1293 1928 1346 ὅτι

347 1378 559 1443 Κύριος
587 1375 748 1441 αὐτῷ
777 1375 1138 1440 ἐνετείλατο,
1168 1375 1326 1442 ὅπως
1349 1376 1428 1432 ἂν
1452 1376 1549 1444 ἴδῃ
1582 1376 1700 1445 τὴν
1727 1377 1928 1430 ταπεί-

345 1460 536 1513 νωσίν
558 1477 698 1527 μου.
727 1460 837 1512 Καὶ
869 1457 1147 1529 πανταχοῦ
1192 1457 1299 1512 τῶν
1338 1459 1566 1530 Γραφῶν
1598 1461 1926 1531 εὑρήσομεν,

347 1542 427 1594 ὅτι
467 1545 517 1594 οἱ
550 1542 650 1605 τάς
693 1540 901 1610 θλίψεις
950 1540 1286 1611 εὐχαρίστως
1339 1542 1622 1613 φέροντες,
1669 1544 1729 1595 οὐ
1770 1543 1928 1612 μόνον

347 1624 518 1680 πολλὰ
546 1625 654 1676 τῶν
687 1625 1101 1696 ἁμαρτημάτων
1148 1623 1486 1688 διαλύονται,
1529 1624 1666 1677 ἀλλά
1723 1627 1819 1678 καὶ
1861 1626 1922 1678 οὐ

349 1708 553 1779 μικρὰν
588 1707 838 1760 ἐντεῦθεν
885 1707 1122 1761 κτῶνται
1161 1707 1297 1778 πρὸς
1338 1707 1428 1761 τὸν
1461 1708 1592 1760 Θεὸν
1641 1709 1738 1779 τὴν
1788 1711 1932 1781 παρ-

349 1791 563 1860 ρησίαν.
583 1791 679 1844 Ἑν
706 1791 786 1857 τῷ
814 1791 1120 1844 ἐκλείπειν
1151 1791 1221 1854 ἐξ
1253 1790 1398 1859 ἐμοῦ
1431 1790 1496 1843 τὸ
1522 1791 1758 1860 πνεῦμά
1786 1810 1926 1859 μου,

349 1874 447 1927 καὶ
490 1874 572 1928 σὺ
610 1873 798 1944 ἔγνως
845 1877 950 1941 τὰς
993 1876 1232 1942 τρίϐους
1263 1892 1402 1942 μου.
1451 1877 1576 1927 Ὅτε
1613 1875 1846 1944 μάλιστα
1879 1877 1928 1929 οἱ

353 1957 676 2028 μικρόψυχοι
721 1954 829 2010 τῶν
873 1956 1174 2028 ἀνθρώπων
1221 1957 1606 2023 ἀναπίπτουσι,
1653 1958 1838 2010 πολλοὶ
1873 1959 1929 2012 δὲ

349 2041 443 2092 καὶ
477 2039 735 2110 δύσφημα
764 2040 793 2080 δ
835 2041 1057 2110 ῥήματα
1102 2040 1449 2110 φθέγγονται,
1479 2041 1601 2093 τότε
1633 2036 1782 2104 οὗτος
1828 2042 1930 2112 μά-

348 2123 505 2177 λιστα
551 2124 858 2194 φιλοσοφεῖ,
899 2123 1217 2177 διδάσκαλον
1247 2123 1386 2195 ἔχων
1429 2125 1526 2194 τῆς
1567 2125 1803 2194 σπουδῆς
1832 2124 1929 2197 τὴν

348 2206 548 2276 θλίψιν.

423 2291 593 2341 Ὅταν
634 2283 728 2340 οὖν
757 2287 873 2357 ἴδῃς
912 2284 1034 2339 τινὰ
1062 2286 1508 2354 ἀπογινώσκοντα
1538 2288 1645 2342 ἀπὸ
1676 2288 1927 2359 θλίψεως,

347 2373 382 2443 ἦ
423 2371 618 2442 πικρόν
647 2388 700 2423 τι
731 2371 881 2440 ῥῆμα
910 2369 1302 2440 φθεγγόμενον,
1339 2371 1412 2441 μὴ
1442 2372 1538 2443 τὴν
1572 2373 1749 2442 θλίψιν
1776 2374 1929 2446 [444]

348 2456 526 2509 αἰτίαν
574 2454 729 2524 ἡγοῦ,
764 2453 902 2506 ἀλλὰ
931 2454 1028 2523 τὴν
1085 2455 1451 2526 μικροψυχίαν
1479 2455 1577 2507 τοῦ
1614 2457 1787 2511 ταῦτα
1831 2459 1931 2511 λα-

346 2538 563 2599 λοῦντος
590 2549 637 2591 ο.
673 2538 786 2606 Τῆς
819 2536 928 2606 γὰρ
957 2537 1188 2606 θλίψεως
1216 2539 1248 2608 ἡ
1279 2537 1438 2605 φύσις
1467 2539 1536 2591 τὰ
1573 2541 1792 2592 ἐναντία
1832 2559 1932 2593 κα-

345 2620 702 2684 τασκευάζειν
751 2619 939 2682 εἴωθε,
979 2621 1270 2691 προσοχὴν,
1319 2621 1607 2692 συντριϐὴν
1655 2623 1926 2685 διανοίας,

347 2704 745 2773 συντεταμένην
780 2703 1029 2774 γνώμην,
1063 2704 1345 2767 εὐλαϐείας
1389 2706 1658 2760 ἐπίτασιν.
1702 2709 1793 2760 Διὸ
1839 2711 1930 2760 καὶ

345 2790 375 2840 6
405 2787 614 2849 Παῦλος
649 2787 862 2855 ἔλεγεν
907 2788 970 2841 Ἡ
1017 2790 1223 2855 θλίψις
1272 2789 1592 2856 ὑπομονὴν·
1643 2791 1930 2860 κατεῖρξα-

347 2871 518 2936 ζεται,
554 2873 592 2940 ἡ
622 2871 688 2924 δέ
725 2871 1004 2940 ὑπομονὴ
1043 2870 1316 2939 δοκιμήν.
1349 2871 1411 2924 EE
1445 2872 1501 2925 δὲ
1536 2873 1776 2926 Ἰουδαῖοι
1815 2875 1932 2928 θλι-

348 2954 563 3025 ϐόμενοι
593 2955 910 3023 ἐγόγγυζον,
950 2955 1010 3006 οὐ
1041 2953 1141 3023 τῆς
1179 2953 1428 3022 θλίψεως,
1472 2955 1606 3009 ἀλλὰ
1638 2957 1736 3025 τῆς
1785 2957 1932 3009 ἐκεί-

346 3054 455 3090 νων
491 3036 676 3100 ἀνοίας
712 3033 782 3108 ἦν
822 3037 891 3089 τὰ
919 3035 1012 3088 τοῦ
1059 3036 1372 3106 γογγυσμοῦ
1417 3038 1667 3109 ῥήματα·
1710 3040 1834 3093 ἐπεὶ
1880 3040 1931 3092 οἱ

347 3120 495 3188 ἅγιοι
544 3119 879 3190 θλιϐόμενοι,
936 3119 1304 3189 λαμπρότεροι
1360 3121 1455 3172 καὶ
1506 3120 1931 3192 φιλοσοφώτεροι

347 3202 604 3271 ἐγίνοντο.
634 3201 725 3255 Διὸ
765 3203 860 3256 καὶ
888 3203 1072 3270 ἔλεγεν
1115 3203 1278 3266 αὐτὸς
1306 3198 1486 3266 οὗτος·
1534 3205 1770 3272 Ἀγαθόν
1803 3226 1929 3276 μοι,

350 3288 551 3356 Κύριε,
596 3287 683 3340 ὅτι
731 3285 1140 3352 ἐταπείνωσάς
1183 3303 1278 3354 με,
1325 3285 1485 3353 ὅπως
1536 3287 1613 3340 ἂν
1651 3288 1819 3357 μάθω
1861 3293 1934 3346 τὰ

347 3369 709 3440 δικαιώματά
748 3385 882 3423 σου.
922 3370 1030 3422 Καὶ
1052 3371 1078 3421 ὁ
1113 3369 1350 3431 Παῦλος·
1380 3370 1487 3423 Καὶ
1522 3369 1597 3438 τῇ
1627 3374 1931 3442 ὑπερϐολῇ

349 3455 470 3508 τῶν
506 3455 972 3528 ἀποκαλύψεων,
1012 3453 1111 3504 ἵνα
1148 3453 1235 3521 μὴ
1284 3455 1702 3523 ὑπεραίρωμαι,
1754 3457 1930 3528 ἐδόθη

347 3556 445 3610 μοι
487 3540 732 3605 σκόλοψ
781 3535 855 3604 τῇ
906 3527 1087 3604 σαρκὶ
1136 3535 1391 3604 ἄγγελος
1445 3537 1663 3601 Σατιὶν,
1713 3540 1814 3592 ἵνα
1857 3527 1930 3610 με

350 3617 663 3690 κολαφίζῃ.
702 3617 869 3687 Ὑπὲρ
898 3619 1114 3671 τούτου
1144 3619 1272 3685 τρὶς
1298 3618 1406 3670 τὸν
1432 3621 1651 3687 Κύριον
1677 3623 1932 3692 παρεκά-

348 3708 532 3767 λεσα,
587 3701 681 3754 καὶ
719 3701 921 3769 εἴρηκέ
948 3717 1075 3769 μοι·
1116 3699 1304 3767 Ἀρκεῖ
1339 3715 1442 3754 σοι
1483 3701 1655 3770 χάρις
1688 3723 1829 3774 μου.
1874 3707 1936 3762 Ἠ

350 3785 461 3854 γὰρ
511 3786 766 3854 δύναμις
807 3800 926 3853 μου
980 3784 1049 3835 ἐν
1093 3783 1375 3850 ἀσθενείᾳ
1425 3785 1786 3840 τελειοῦται·
1839 3788 1931 3842 διὸ

348 3868 576 3922 εὐδοκῶ
607 3869 677 3922 ἐν
711 3869 1017 3935 θλίψεσιν,
1047 3866 1112 3918 ἐν
1148 3866 1505 3932 ἀσθενείαις,
1543 3869 1612 3921 ἐν
1635 3868 1927 3940 διωγμοῖς.

353 3955 484 4006 Ὅτε
526 3953 638 4022 γὰρ
679 3951 945 4015 ἀσθενῶ,
987 3951 1118 4004 τότε
1165 3949 1425 4016 δυνατός
1457 3954 1592 4020 ειμι.
1631 3954 1795 4025 Ὁρᾷς
1839 3960 1932 4010 καὶ

350 4034 538 4089 τοῦτον
579 4037 637 4087 ἐν
679 4037 745 4104 τῇ
773 4034 948 4102 θλίψει
989 4033 1184 4102 μᾶλλον
1212 4033 1630 4103 διεγειρόμενον,
1672 4040 1762 4090 καὶ
1798 4040 1932 4110 πρὸς

349 4119 443 4170 τὸν
488 4118 618 4170 Θεὸν
665 4117 1108 4184 καταφεύγοντα,
1157 4117 1247 4168 καὶ
1285 4117 1545 4180 μειζόνως
1576 4120 1932 4191 ἀντεχόμενον

352 4200 513 4254 αὐτοῦ
557 4200 698 4270 μετά
741 4199 941 4266 πολλῆς
984 4198 1083 4266 τῆς
1117 4198 1506 4269 σφοδρότητος,
1556 4202 1648 4253 καὶ
1695 4204 1752 4255 ἐν
1785 4205 1932 4274 αὐτῷ

353 4283 430 4355 τῷ
468 4283 702 4354 πυθμένι
741 4284 854 4338 τῶν
891 4284 1075 4337 κακῶν
1118 4283 1292 4354 (τοῦτο
1338 4285 1447 4354 γάρ
1499 4286 1668 4347 ἐστιν,
1716 4286 1810 4339 Ἑν
1853 4287 1932 4353 τῷ

349 4370 654 4422 ἐκλείπειν
680 4369 748 4432 ἐξ
777 4367 922 4435 ἐμοῦ
954 4368 1018 4421 τὸ
1049 4365 1294 4434 πνεῦμά
1331 4366 1500 4435 μου),
1546 4368 1641 4419 καὶ
1670 4369 1789 4422 τότε
1828 4373 1932 4440 μά-

351 4452 508 4505 λιστα
557 4452 976 4522 σπουδαιότερον
1024 4450 1341 4519 γινόμενον;
1392 4450 1464 4500 Τὸ
1507 4449 1584 4514 δὲ,
1620 4452 1703 4504 Σὺ
1744 4454 1933 4522 ἔγνως

352 4536 460 4600 τὰς
491 4535 728 4601 τρίϐους
757 4553 900 4602 μου,
941 4534 1126 4604 ἕτερος
1157 4531 1496 4602 ἑρμηνευτὴς
1527 4528 1668 4596 εἶπε,
1699 4535 1783 4588 Σὺ
1821 4538 1932 4606 γὰρ

353 4613 541 4681 οἴδας.
596 4617 691 4669 Ἐν
733 4616 850 4680 ὀδῷ
888 4617 1096 4683 ταύτῃ,
1144 4607 1182 4685 ᾗ
1220 4614 1612 4684 ἐπορευόμην,
1655 4616 1933 4687 ἔκρυψαν

353 4700 572 4769 παγίδα
596 4719 717 4769 μοι.
747 4700 1086 4753 Κατενόουν
1108 4700 1194 4764 είς
1227 4697 1299 4751 τὰ
1338 4697 1524 4764 δεξιὰ,
1567 4700 1665 4754 καὶ
1691 4701 1931 4755 ἐπέϐλε-

354 4797 502 4836 πον·
532 4783 630 4837 καὶ
660 4785 770 4836 οὐκ
803 4780 882 4853 ἦν
907 4786 940 4836 ό
968 4781 1375 4851 ἐπιγινώσκων
1396 4799 1492 4850 με.
1541 4784 1802 4839 Ἐνταῦθα
1833 4788 1931 4859 τὴν

353 4866 602 4920 ἐπίτασιν
628 4867 728 4935 τῆς
759 4867 1044 4935 συμφορᾶς
1085 4865 1180 4916 καὶ
1223 4864 1292 4916 τὰ
1331 4863 1478 4916 δεινά
1520 4864 1790 4934 αὐξόμενα
1821 4868 1929 4922 δεί-

352 4965 530 5010 κνυσι,
561 4949 658 5002 καὶ
689 4948 798 5002 τῶν
837 4947 1110 5017 πολεμίων
1141 4945 1239 5008 τὰς
1269 4946 1583 5011 ἐπιϐουλὰς,
1623 4947 1739 5012 πῶς
1771 4969 1933 5023 προσ-

351 5030 520 5103 ῄεσαν
569 5034 661 5085 καὶ
697 5031 977 5103 ἐγγυτέρω
1023 5030 1282 5097 ἐγίνοντο,
1330 5029 1640 5100 βουλόμενοι
1696 5033 1932 5089 ὑποσκε-

353 5114 499 5168 λίσαι
517 5131 531 5145 ⁸
563 5117 656 5170 καὶ
685 5116 746 5167 τὸ
768 5115 832 5184 δὴ
863 5111 1257 5185 χαλεπώτερον,
1281 5112 1364 5165 ὃτι
1385 5114 1445 5164 οὐ
1480 5114 1639 5182 μόνον
1667 5116 1767 5170 οὐκ
1791 5115 1931 5189 ἦσαν

352 5198 502 5268 αὐτῷ
533 5217 675 5264 τινες
728 5197 972 5270 βοηθοὶῆ
1020 5196 1319 5267 σύμμαχοι,
1363 5195 1476 5250 ἀλλ’
1503 5199 1624 5252 οὐδὲ
1670 5202 1937 5273 ἐπεγίνω-

354 5297 483 5334 σκον
506 5279 554 5334 ἀ.

425 5362 490 5433 β’.
509 5363 680 5417 Τοῦτο
708 5365 741 5435 ή
783 5363 1027 5425 ἐπίτασις
1051 5359 1151 5430 τῆς
1185 5359 1441 5431 ἐρημίας,
1472 5365 1504 5434 ἡ
1537 5364 1809 5441 ὑπερϐολὴ
1834 5371 1932 5442 τῆς

415 5477 559 5539 ἒΔιὶἰ
583 5481 841 5539 κατηρᾶτο’
884 5487 995 5535 quae
1030 5482 1197 5539 ιιι-[ειη
1244 5471 1321 5521 hic
1359 5475 1644 5539 referuntur
1684 5484 1835 5534 verba
1867 5499 1930 5536 ex

351 5537 398 5588 ll
418 5538 670 5600 Begqm,
695 5533 790 5586 iion
821 5533 992 5600 pafum
1026 5533 1267 5583 differunt
1288 5550 1314 5583 ιι
1342 5543 1478 5587 lexLu
1503 5537 1705 5590 Biblico.

415 5599 445 5669 ξ
467 5598 564 5669 ἒιςΙῆ
588 5601 793 5669 δυσχερῆ
803 5636 814 5646 .

416 5665 440 5691 (⁸
467 5660 602 5710 Unus
625 5660 888 5715 ποιοῦντος.

415 5723 444 5784 ξ
473 5729 608 5784 unus
631 5724 732 5770 ἀλλ’
757 5719 962 5784 οὐδὲνῆν,
984 5722 1142 5784 φησὶν,
1161 5719 1186 5766 6
1205 5717 1529 5782 ἐπιγινώσκων
1549 5737 1623 5784 με.
1648 5722 1757 5775 Mox
1779 5726 1931 5779 Savil.

354 5782 497 5833 τοῦτο
515 5782 726 5839 ἐπίτασις
747 5783 956 5847 ἐρημίας.

1448 348 1816 408 EXPOSITIO
1849 351 1918 408 IN
1954 348 2286 410 PSALMUM
2321 349 2501 407 CXLI.

3505 347 3606 407 Ml

2027 461 2462 533 ἀλλοτριώσεως·
2499 457 2695 528 ὀλίγων
2759 460 2868 532 γάρ
2925 461 3039 514 ἐστι
3084 459 3145 511 τὸ
3192 457 3250 510 ἐν
3299 466 3606 532 συμφοραῖς

2025 548 2279 618 παρεῖναι
2312 545 2406 599 καὶ
2432 543 2672 614 βοηθεῖν,
2700 544 2795 596 καὶ
2830 543 3066 613 μάλιστα
3094 543 3221 595 ὅταν
3247 545 3300 594 αἱ
3327 549 3606 614 συμφοραὶ

2025 628 2299 691 κινδύνους
2347 626 2662 680 ἀπειλῶσιν.
2706 626 2867 679 Ἀλλά
2911 625 3070 678 τοῦτο
3117 626 3179 677 οὐ
3232 626 3390 695 μόνον
3444 629 3606 682 αὐτὸν

2025 715 2124 765 οὐκ
2149 712 2400 780 ἔϐλαψεν,
2439 710 2575 762 ἀλλά
2615 710 2707 762 καὶ
2739 709 2999 779 μειζόνως
3041 707 3312 778 ὠφέλησε,
3347 711 3482 779 πρὸς
3512 724 3606 764 τον

2026 796 2156 848 Θεὸν
2191 794 2350 847 αὐτὸν
2374 793 2678 846 οἰκειῶσαν.
2707 793 2815 844 Καὶ
2845 791 2907 843 σὺ
2937 791 3134 854 τοίνυν,
3164 793 3441 862 ἀγαπητέ,
3477 794 3606 846 ὅταν

2030 878 2144 950 ἴδῃς
2176 877 2446 947 αὐξόμενα
2491 877 2562 928 τὰ
2609 875 2780 939 δεινὰ,
2817 874 2891 945 μὴ
2937 873 3245 946 ἀναπέσῃς,
3291 876 3432 929 ἀλλά
3468 879 3605 946 νῆφε

2031 962 2308 1032 μειζόνως.
2357 959 2454 1011 Διά
2491 959 2598 1028 γὰρ
2641 958 2800 1011 τοῦτο
2841 957 3067 1026 ἀφίησιν
3109 961 3138 1011 6
3174 959 3306 1022 Θεὸς
3355 961 3606 1030 αἴρεσθαι

2028 1044 2189 1107 αὐτὰ,
2217 1044 2304 1095 ἵνα
2342 1059 2434 1094 σου
2467 1042 2564 1112 τὴν
2617 1041 2886 1112 ρᾳθυμίαν
2920 1041 3236 1112 ἀποτινάξῃ,
3279 1041 3364 1093 ἵνα
3403 1058 3462 1094 σε
3503 1043 3608 1111 ἀφ-

2029 1127 2228 1198 υπνίσῃ
2249 1126 2599 1180 καθεύδοντα.
2631 1125 2765 1177 Τότε
2788 1124 2895 1196 γὰρ
2915 1136 2939 1164 ε
2962 1125 3136 1178 πάντα
3166 1127 3232 1177 τά
3249 1124 3475 1196 περιττά
3506 1143 3606 1178 πε-

2030 1209 2367 1284 ρικόπτεται,
2398 1209 2521 1261 τότε
2557 1207 2734 1260 πάντα
2768 1210 3070 1277 ἐκφυσᾶται
3101 1206 3168 1260 τὰ
3199 1207 3453 1276 βιωτικὰ,
3484 1208 3608 1261 τότε

2029 1294 2087 1345 ἐν
2119 1295 2392 1362 προσευχῇ
2426 1291 2839 1362 σπουδαιότερος
2867 1290 3094 1359 γίνεται,
3136 1290 3274 1360 πρὸς
3308 1289 3608 1360 ἐλεημοσύ-

2027 1394 2126 1448 νην
2183 1373 2622 1448 προθυμότερος,
2676 1375 2812 1446 πρὸς
2856 1375 3154 1447 ὑπεροψίαν
3193 1375 3462 1443 γαστρὸς,
3512 1374 3608 1427 καὶ

2028 1459 2256 1512 ἕκαστον
2312 1457 2480 1521 πάθος
2542 1456 3012 1525 εὐκαταγώνιστον
3065 1456 3309 1526 γίνεται,
3355 1457 3460 1509 ὑπὸ
3510 1456 3608 1526 τῆς

2030 1542 2258 1611 θλίψεως
2303 1541 2757 1610 φυγαδευόμενον.
2797 1541 2950 1594 Ἐπεὶ
2990 1540 3086 1593 καὶ
3117 1539 3271 1610 παρά
3302 1540 3402 1612 τὴν
3430 1539 3609 1614 ἀρχὴν

2029 1627 2149 1696 οὐχὶ
2209 1625 2435 1680 κολάσαι
2499 1624 2841 1695 βουλόμενος,
2890 1623 3087 1685 λύπαις
3145 1626 3291 1694 ἡμᾶς
3353 1625 3608 1695 συνέδησε

2030 1712 2122 1762 καὶ
2161 1708 2369 1773 πόνοις,
2408 1708 2456 1759 εἰ
2490 1709 2584 1762 καὶ
2610 1710 2666 1759 ἐν
2697 1707 2849 1773 τάξει
2882 1707 3152 1771 κολάσεως
3193 1707 3291 1778 τὴν
3332 1707 3608 1777 ἀπόφασιν

2029 1790 2268 1844 τέθεικεν
2308 1790 2354 1854 ί,
2388 1790 2522 1844 ἀλλὰ
2565 1790 2894 1860 σωφρονίσαι
2940 1793 3034 1843 καὶ
3079 1789 3319 1860 βελτίους
3367 1791 3606 1862 ἐργάσα-

2032 1873 2172 1926 σθαι.
2212 1875 2274 1926 EE
2321 1873 2429 1945 γὰρ
2470 1874 2564 1926 καὶ
2598 1873 2774 1942 λύπης
2815 1873 3191 1944 ἐπικειμένης,
3224 1874 3318 1926 καὶ¹
3345 1874 3439 1926 τοῦ
3490 1873 3610 1944 βίου

2029 1958 2323 2028 ἐπιμόχθου
2374 1957 2557 2019 ὄντος,
2608 1957 2845 2024 τοσαύτη
2883 1959 3074 2027 κρατεῖ
3116 1957 3310 2009 κακία·
3347 1958 3395 2009 εί
3443 1957 3609 2027 μηδὲν

2029 2041 2229 2092 τούτων
2256 2036 2344 2111 ἦν,
2373 2039 2474 2092 ποῦ
2503 2039 2600 2092 οὐκ
2626 2038 2773 2110 [415]
2797 2038 2862 2091 ἂν
2886 2038 3043 2108 ἐξέϐη
3075 2040 3141 2114 τὲι
3176 2040 3273 2109 τῆς
3307 2039 3606 2111 πονηρίας;

2031 2124 2141 2178 Καὶ
2176 2124 2228 2176 τί
2275 2123 2573 2192 θαυμάζεις
2597 2163 2611 2186 ,
2656 2125 2704 2174 εἰ
2738 2123 2830 2174 ἐπὶ
2864 2121 2964 2190 τῆς
3002 2121 3202 2191 ψυχῆς,
3248 2121 3381 2174 ὃπου
3416 2137 3480 2189 γε
3514 2122 3607 2174 καὶ

2031 2209 2088 2260 ἐν
2134 2209 2245 2270 τοῖς
2280 2205 2525 2275 σώμασιν
2572 2205 2771 2272 ἀγαθὸν
2806 2206 2839 2274 ἡ
2879 2204 3085 2274 θλίψις;
3136 2205 3245 2258 Καὶ
3285 2203 3395 2274 γὰρ
3427 2204 3488 2257 τὸ
3529 2207 3610 2267 είς

2030 2291 2205 2361 ἄκραν
2235 2289 2529 2342 εὐπάθειαν
2575 2287 2867 2356 ἐξάγεσθαι
2917 2287 3014 2347 τὴν
3064 2288 3242 2358 σάρκα
3277 2287 3607 2350 ἐπιϐλαϐές·

2031 2373 2204 2437 ἄλλως
2249 2390 2309 2425 τε
2341 2374 2432 2426 καὶ
2461 2373 2522 2426 τὸ
2550 2370 2878 2440 πολλαχόθεν
2917 2370 3208 2434 ἐπιϐουλὰς
3239 2369 3610 2437 συνίστασθαι,

2031 2459 2222 2527 νήφειν
2256 2459 2428 2509 ποιεῖ·
2470 2455 2574 2508 κᾶν
2608 2453 2985 2524 προσέχωμεν,
3035 2453 3188 2508 οὐδὲν
3239 2454 3607 2525 βλαπτόμεθα.

2031 2545 2121 2597 Διὸ
2150 2544 2240 2596 καί
2269 2543 2351 2606 τίς
2376 2558 2570 2612 φησιν·
2603 2541 2909 2609 Ἐπίιγνωθι
2934 2542 3024 2595 ὅτι
3053 2542 3125 2594 ἐν
3147 2541 3318 2610 μέσῳ
3345 2543 3612 2612 παγίδων

2031 2628 2373 2691 διιιϐιιίνεις,
2409 2625 2509 2678 καί
2533 2624 2631 2677 ἐπὶ
2660 2623 2973 2688 ἐπάλξεων
2989 2626 3224 2678 πόλεων
3238 2625 3577 2692 περιπατεῖς
3591 2641 3604 2654 ·

2031 2712 2125 2762 καὶ
2161 2703 2311 2771 οὗτος
2334 2749 2348 2774 ,
2396 2709 2490 2759 Ἐν
2531 2707 2667 2774 ὀδῷ,
2704 2702 2743 2778 ᾗ
2773 2709 3164 2778 ἐπορευόμην,
3193 2709 3469 2778 ἔκρυψαν
3499 2725 3610 2763 πα-

2030 2794 2166 2862 γίδα
2189 2811 2310 2862 μοι.
2356 2793 2418 2844 Et
2460 2791 2516 2843 δέ
2547 2809 2628 2854 τις
2662 2792 2756 2844 καὶ
2808 2791 2949 2845 κατά
2980 2791 3272 2862 ἀναγωγὴν
3303 2790 3478 2845 ταῦτα
3514 2793 3607 2844 ἐκ·

2031 2876 2204 2938 λάϐοι,
2233 2875 2421 2944 ὅψεται
2453 2874 2545 2926 τὸν
2573 2873 2814 2928 διάϐολον
2838 2874 2966 2928 αὐτὸ
2997 2873 3276 2939 ποιοῦντα,
3302 2875 3361 2927 οὐ
3393 2874 3610 2946 πόρρωο

2033 2961 2144 3022 θεν,
2167 2958 2303 3012 ἀλλά
2333 2957 2559 3028 πλησίον
2587 2957 2898 3027 κρύπτοντα
2925 2957 3020 3020 τὰς
3047 2957 3357 3020 ἐπιϐουλάς.

2102 3043 2191 3095 Διὸ
2220 3043 2312 3095 καὶ
2344 3041 2544 3110 πολλῆς
2575 3043 2703 3110 ἡμῖν
2729 3040 2810 3092 δεῖ
2835 3039 2935 3110 τῆς
2961 3039 3195 3109 νήψεως.
3226 3039 3475 3110 Κρύπτει
3501 3039 3610 3111 γὰρ

2031 3127 2252 3195 παγίδα,
2292 3128 2349 3178 ἐν
2389 3124 2726 3195 ἐλεημοσύνη
2769 3125 2865 3195 τὴν
2909 3122 3233 3187 κενοδοξίαν,
3276 3124 3336 3175 ἐν
3382 3124 3610 3194 νηστείᾳ

2029 3212 2129 3281 τὴν
2155 3209 2490 3274 ἀλαζονείαν,
2515 3210 2614 3261 οὐκ
2641 3210 2697 3260 ἐν
2727 3209 2953 3277 ἑτέροις,
2984 3207 3119 3260 ἀλλά
3141 3209 3198 3259 ἐν
3231 3207 3420 3270 αὐταῖς
3445 3209 3470 3247 ε
3489 3209 3614 3270 ταῖς

2031 3299 2195 3360 ὁδοῖς,
2239 3292 2328 3360 αἷς
2379 3296 2685 3366 βαδίζομεν,
2728 3296 2864 3365 ὅπερ
2911 3296 3025 3346 ἐστὶ
3063 3295 3158 3346 καὶ
3204 3292 3606 3364 χαλεπώτερον.

2043 3381 2328 3435 Ἀπώλετο
2358 3381 2519 3449 φυγὴ
2543 3379 2643 3433 ἀπ’
2663 3378 2828 3447 ἐμοῦ.
2859 3380 3000 3448 Ὅρα
3025 3377 3188 3430 πάλιν
3226 3377 3419 3448 ἑτέραν
3449 3395 3610 3448 προσ-

2032 3466 2206 3536 θήκην
2232 3465 2340 3517 τῶν
2367 3463 2574 3517 δεινῶν.
2601 3463 2850 3514 Δείκνυσι
2879 3462 2987 3532 γὰρ
3016 3463 3076 3512 οὐ
3110 3461 3268 3531 μόνον
3297 3461 3380 3514 ὅτι
3408 3463 3464 3514 ἐν
3486 3464 3608 3525 ταῖς

2031 3554 2167 3617 ὁδοῖς
2205 3555 2258 3606 αἱ
2307 3551 2561 3619 παγίδες,
2610 3549 2717 3602 οὐδ’
2741 3549 2822 3601 ὅτι
2854 3547 3028 3618 οὐδεὶς
3057 3543 3126 3618 ἦν
3155 3551 3182 3600 ὁ
3214 3548 3444 3618 βοηθῶν,
3487 3549 3608 3603 οὐδὲ

2031 3640 2058 3691 6
2097 3636 2505 3706 ἐπιγινώσκων·
2536 3633 2649 3687 ἀλλ’
2686 3634 2767 3686 ὅτι
2797 3633 2916 3686 οὐδὲ
2956 3632 3018 3685 τὸ
3046 3633 3363 3702 λειπόμενον
3408 3635 3556 3704 αὐτῷ
3576 3635 3609 3673 ιι

2032 3722 2168 3790 πρὸς
2194 3717 2531 3788 ἀπαλλαγὴν,
2577 3717 2637 3768 τὸ
2664 3719 2808 3786 φυγῇ
2837 3715 2935 3787 τὴν
2960 3716 3230 3787 σωτηρίαν
3257 3715 3616 3787 πορίσασθα-ι,.

2036 3804 2214 3875 ῥᾴδιον
2249 3804 2342 3855 καὶ
2385 3799 2604 3852 εὐκολον
2643 3793 2732 3868 ἦν.
2762 3799 2946 3862 Οὕτως
2990 3801 3047 3851 ἐν
3081 3799 3266 3871 μέσοις
3304 3799 3608 3870 ἀπείληπτο

2029 3897 2141 3956 τοῖς
2176 3894 2384 3954 κακοῖς,
2418 3889 2511 3942 καὶ
2548 3890 2606 3942 ἐν
2645 3888 2872 3959 ἀφύκτῳ
2910 3890 3161 3960 συμφορᾷ
3188 3885 3278 3960 ἦν,
3313 3887 3427 3942 ἀλλ’
3455 3890 3605 3959 ὅμως

2033 3983 2126 4036 καὶ
2158 3981 2328 4045 οῦτως
2356 3981 2454 4033 οὐκ
2499 3979 2864 4047 ἀπεγίνωσκε.
2898 3979 3005 4034 Καὶ
3037 3981 3147 4032 οὐκ
3175 3979 3347 4033 ἐστιν
3373 3982 3406 4033 ό
3441 3977 3606 4046 ἐκζηη
3658 3998 3661 3999 ν

2031 4069 2150 4122 τῶν
2182 4069 2294 4137 τὴν
2331 4065 2541 4137 ψυχήν
2580 4085 2722 4137 μου,
2753 4066 3051 4129 τουτέστιν,
3078 4067 3106 4118 6
3136 4067 3378 4137 ἀμύνων,
3409 4067 3436 4118 6
3477 4067 3604 4140 βοη-

2034 4157 2158 4210 θῶν.
2200 4156 2264 4208 Τί
2309 4151 2402 4209 οῦν
2452 4155 2642 4220 αὐτός;
2688 4150 2798 4223 ἆρα
2838 4155 2853 4193 ί
2899 4155 2955 4205 ἐν
2998 4153 3234 4224 τοσαύτῃ
3277 4156 3479 4226 ἀπορίᾳ
3512 4158 3606 4207 καὶ

2033 4243 2311 4315 ἀμηχανίᾳ
2338 4243 2412 4294 ὢν
2439 4243 2662 4310 ἀπέγνω
2687 4242 2786 4312 τὴν
2815 4240 3119 4311 σωτηρίανς
3151 4240 3442 4313 Οὐδαμῶς·
3469 4241 3608 4294 am

2033 4333 2167 4404 πρὸς
2201 4331 2290 4383 τὸν
2322 4329 2453 4382 Θεὸν
2483 4329 2815 4398 καταφεύγει
2851 4329 3072 4394 εὐθέως,
3111 4327 3205 4380 καὶ
3234 4329 3407 4397 λέγει·
3451 4329 3610 4383 Ἑκέ-

2032 4421 2223 4489 κραξα
2266 4418 2414 4486 πρὸς
2445 4415 2540 4479 σὲ,
2585 4417 2781 4483 ΚίῬιε,
2827 4411 2987 4480 εἶπα,
3027 4414 3111 4468 Σὺ
3154 4411 3211 4468 εῖ
3246 4415 3420 4481 ἐλπίς
3458 4433 3603 4485 μου,

1945 4523 1961 4542 ο
2027 4509 2196 4578 μερίς
2234 4502 2391 4574 pavi
2431 4504 2501 4557 ἐν
2549 4501 2624 4571 γῇ
2663 4501 2909 4563 ζώντων.
2959 4503 3123 4572 Ὁρᾷς
3181 4502 3339 4572 νῆψιν
3389 4503 3610 4574 ψυχῆς

2033 4598 2146 4649 Οὐκ
2178 4593 2469 4645 ἐϐάπτισεν
2517 4592 2679 4643 αὐτὸν
2712 4591 2779 4642 τὰ
2823 4589 2991 4652 δεινὰ,
3030 4588 3166 4642 ἀλλά
3211 4589 3408 4660 μᾶλλον
3441 4591 3604 4644 ἐπτέ-

2035 4699 2198 4754 ρωσε,
2223 4681 2317 4733 καὶ
2339 4681 2396 4731 ἐν
2421 4679 2646 4744 ἀπόροις
2671 4677 2766 4740 ῶν,
2795 4677 2935 4744 ἔγνω
2961 4678 3058 4747 τὴν
3085 4677 3293 4748 ἄμαχον
3323 4680 3480 4746 χεῖρα
3509 4679 3606 4731 καὶ

2031 4767 2128 4839 τὴν
2169 4766 2418 4837 παναλκῆ
2455 4765 2704 4834 δύναμιν,
2755 4764 2848 4817 καὶ
2888 4765 2987 4835 τὴν
3019 4766 3076 4817 ἐν
3109 4764 3411 4834 ἀμηχάνοις
3447 4764 3606 4818 εὐκο-

2031 4856 2170 4909 λίαν.
2201 4856 2376 4920 Εἷπα,
2403 4853 2488 4907 σὺ
2513 4848 2573 4907 εἷ
2594 4852 2772 4917 ἐλπίς
2790 4870 2931 4921 μου.
2974 4852 3054 4904 Τὰ
3083 4851 3420 4924 ἀνθρώπινα,
3446 4854 3601 4922 φησὶ,

2032 4946 2208 4998 πάντα
2233 4942 2575 5013 ἐλήλεγκται,
2617 4940 2710 4994 καὶ
2736 4941 2764 4991 6
2797 4938 3002 5009 χειμὼν
3039 4939 3240 5010 μείζων
3289 4941 3606 5010 συμμαχίας

2031 5033 2203 5095 οὕτως
2239 5031 2476 5100 ἀπάσης,
2501 5027 2577 5091 ὡς
2605 5027 2830 5098 οὐδεμιᾷ
2859 5028 3022 5100 τέχνῃ
3051 5022 3161 5080 οἷόν
3189 5045 3249 5080 τε
3280 5023 3416 5081 εἶναι
3447 5045 3605 5098 περι-

2031 5119 2281 5189 γενέσθαι
2311 5117 2406 5170 τοῦ
2449 5115 2724 5183 ναυαγίου.
2763 5115 2900 5167 Ἀλλ’
2925 5117 3074 5185 ὅμως
3105 5117 3155 5168 εἰ
3187 5117 3282 5169 καὶ
3314 5115 3465 5186 παρά
3504 5117 3605 5168 ἀν⁴

2033 5208 2269 5279 θρώποις
2311 5204 2479 5258 ταῦτα
2517 5203 2892 5269 ἀπέγνωσται,
2939 5204 3033 5256 καὶ
3065 5204 3264 5266 πάντες
3293 5202 3611 5273 ἀπηγορεύ-

2035 5313 2226 5364 σαμεν,
2270 5292 2405 5346 ἀλλὰ
2440 5292 2520 5344 σοί
2563 5291 2740 5344 πάντα
2783 5290 2971 5361 ῥᾴδια·
3001 5289 3124 5344 ὅθεν
3157 5291 3251 5344 καὶ
3294 5289 3602 5354 ἐλπίζοντες

2099 5433 2123 5462 θ
2147 5421 2296 5470 Savil.
2320 5432 2415 5468 om.
2436 5419 2542 5482 γάρ.

2103 5485 2118 5518 ι’
2151 5483 2276 5532 Tres
2300 5496 2413 5531 mss.
2435 5483 2672 5542 ἐξήγαγεν.

2097 5548 2123 5586 ε
2151 5546 2320 5594 Morel.
2343 5546 2424 5591 καὶ
2458 5545 2504 5590 ἐν
2528 5541 2702 5605 ἑτέροις
2720 5543 2859 5603 ἄλλα,
2894 5543 2974 5592 καὶ
2993 5543 3041 5591 ἐν
3063 5541 3239 5604 αὐταῖς,
3258 5541 3421 5591 mima
3441 5545 3598 5592 recte.

2032 5608 2132 5658 Nos
2151 5607 2301 5656 Sav'ﬂ.
2327 5606 2594 5666 squimur.

2094 5668 2123 5707 h
2151 5669 2283 5716 Unus
2303 5664 2466 5714 αὐτοῦ.

2102 5732 2117 5770 ί
2142 5730 2223 5778 Sic
2247 5728 2425 5784 Ξυνιιά
2449 5727 2541 5788 ἆρα
2560 5725 2760 5776 deesliu
2786 5724 2954 5778 More).

2105 5791 2120 5844 ί
2149 5789 2438 5854 δαήμμερίς
2463 5789 2622 5850 pauci.
