4064 6340
486 349 588 408 ηδ

481 464 584 517 οὑκ
633 462 1053 536 ἀποναρκῶμεν.
1103 462 1284 535 Μέρις
1309 483 1430 535 μου
1459 460 1521 521 εἷ
1554 465 1625 521 ἐν
1668 465 1749 537 τῆ
1801 465 2052 530 ζώντων.

482 546 791 612 Τουτέστιν,
825 546 855 599 ὁ
883 546 1081 616 κλῆρός
1130 564 1258 618 μου,
1284 548 1314 601 ὁ
1342 548 1615 620 θησαυρός
1658 566 1783 621 μου,
1825 552 1854 605 ό
1894 549 2059 605 πλοῦ-

480 631 572 693 τός
593 641 620 670 ι
653 646 778 700 μου,
804 628 875 683 τά
903 630 1077 683 πάντα
1116 630 1278 694 αὐτὸς
1305 625 1373 687 εἶ.
1413 631 1516 686 Ἐν
1556 630 1635 701 τῇ
1669 629 1917 692 ζώντων.
1948 633 2057 705 Γῆν

482 713 699 778 ζώντων
729 711 962 768 ἐνταῦθα
987 712 1084 785 τὴν
1111 714 1318 768 οίκείαν
1350 714 1581 785 πατρίδα
1606 715 1779 771 καλεῖ.
1804 713 1925 769 Οἵδε
1949 717 2057 790 γάρ

482 796 740 859 πολλάκις
778 799 877 865 τὴν
914 796 1286 867 αἰχμαλωσίαν
1313 797 1412 868 τὴν
1454 799 1536 862 είς
1588 798 1884 853 Βαϐυλῶνα
1923 798 2057 871 ᾅδην

481 881 579 933 καὶ
622 878 850 933 θάνατον
898 878 1103 934 καλεῖν.
1149 876 1282 933 Εἶτα
1328 880 1516 952 ἐπειδὴ
1560 884 1618 934 tv
1663 881 1763 952 μὲν
1801 882 2058 956 ἀλλοτρίᾳ

481 962 580 1029 ὢν,
621 962 875 1034 οὐδεμίαν
907 962 1162 1034 λατρείαν
1194 963 1439 1018 ἐπετέλει
1484 965 1583 1037 τὴν
1627 965 1907 1028 εἰωθυῖαν,
1943 969 2059 1021 ἐκεῖ

480 1044 538 1098 δὲ
581 1045 652 1100 τά
696 1048 794 1116 τῆς
825 1046 1112 1115 ἀγιαστίας
1144 1046 1356 1101 ἅπαντα
1394 1046 1726 1120 ἐπληροῦτο,
1769 1048 1860 1102 διὰ
1897 1049 2081 1123 τοῦτό,

480 1147 643 1200 φησι,
677 1130 861 1198 Μερίς
885 1146 1005 1198 μου
1035 1125 1096 1184 εἷ
1120 1128 1191 1183 ἐν
1219 1128 1296 1199 τῇ
1329 1127 1574 1191 ζώντων.
1619 1132 1730 1184 ’Δεί
1775 1149 1876 1203 μου
1915 1149 2053 1203 προ-

480 1212 663 1283 έττης,
715 1214 868 1282 φησὶ,
917 1212 1010 1265 καὶ
1058 1211 1320 1283 ᾠκειώσω
1357 1230 1426 1284 με
1460 1214 1518 1266 tv
1549 1216 1620 1286 γῇ
1667 1213 1907 1280 ζώντων,
1959 1215 2054 1270 καὶ

480 1296 649 1367 πολλή
686 1313 776 1367 μοι
803 1296 938 1368 πρὸς
972 1297 1031 1349 σὲ
1059 1296 1250 1364 γέγονε
1284 1297 1558 1351 κοινωνία.

546 1423 822 1491 Πρόσχες
861 1419 1013 1494 πρὸς
1048 1419 1165 1488 τὴν
1206 1418 1422 1487 δέησίν
1446 1436 1587 1489 μου,
1618 1419 1709 1474 ὅτι
1735 1419 2052 1474 ἐταπεινώ-

476 1507 593 1571 θην
620 1503 875 1573 σφόδρα.
906 1503 1067 1575 Ὁρᾷς
1098 1504 1214 1567 πῶς
1241 1501 1388 1575 [446]
1415 1504 1553 1575 ὅπερ
1589 1503 1847 1575 ἀνωτέρω
1874 1503 2048 1573 ἔλεγε,

474 1588 633 1642 τοῦτο
675 1588 771 1642 καὶ
815 1586 1049 1640 ἐνταῦθα
1091 1586 1210 1640 ἀντὶ
1246 1586 1571 1657 συνηγορίας
1616 1585 1819 1658 τίθησι,
1860 1586 1922 1640 τὸ
1958 1605 2050 1641 τα-

476 1671 804 1742 πεινωθῆναι
833 1669 995 1739 λέγω,
1026 1669 1088 1722 τὸ
1115 1669 1270 1741 δίκην
1299 1669 1481 1723 δοῦναι
1511 1669 1614 1723 τῶν
1643 1670 2053 1741 ἡμαρτημένων

477 1754 597 1825 μεθ’
634 1753 959 1825 ὑπερϐολῆς.
993 1752 1067 1805 Τὸ
1109 1750 1186 1815 δὲ,
1222 1752 1481 1820 Σφόδρα,
1524 1753 1584 1806 οὑ
1616 1756 1716 1824 τῆς
1755 1754 1864 1806 τῶν
1897 1771 2051 1822 γενο-

478 1839 654 1909 μένων
685 1836 1019 1908 κατηγορίας
1053 1836 1219 1896 ὲστὶν,
1269 1836 1404 1889 ἀλλά
1453 1836 1552 1906 τῆς
1589 1836 1767 1906 λύπης
1815 1838 1909 1891 καὶ
1953 1837 2052 1906 τῆς

474 1920 755 1985 ἀσθενείας
811 1920 904 1973 τοῦ
949 1921 1265 1989 πάσχοντος.
1313 1921 1408 1972 Ἂν
1465 1921 1562 1991 μὲν
1609 1920 1715 1991 γὰρ
1761 1920 1897 1991 πρὸς
1946 1920 2045 1991 τὴν

472 2005 629 2071 ἀξίαν
669 2004 778 2057 τῶν
814 2003 1226 2075 ἁμαρτημάτων
1258 2003 1404 2073 ἴδῃς,
1451 2004 1511 2057 οὑ
1549 2004 1754 2075 σφοδρὰ
1784 2007 1817 2075 ὴ
1863 2003 2052 2057 ταπεί-

471 2104 663 2151 νωσις·
694 2086 759 2139 ἂν
785 2086 842 2139 δὲ
879 2085 1017 2156 πρὸς
1051 2086 1151 2156 τὴν
1182 2084 1465 2138 ἀσθένειαν
1492 2085 1587 2139 τοῦ
1622 2087 1896 2158 φέροντος,
1930 2105 2052 2157 σφο-

470 2169 574 2241 δρά
602 2170 720 2241 μεθ’
747 2167 1069 2241 ὑπερϐολῆς.
1097 2167 1347 2237 Οὐδαμοῦ
1373 2168 1481 2239 γάρ
1505 2170 1532 2221 ὁ
1555 2169 1687 2233 Θεὸς
1713 2169 1871 2234 ἀξίαν
1894 2170 2053 2223 άπαι-

470 2257 554 2306 τεῖ
583 2253 692 2307 τῶν
740 2250 1226 2322 πλημμελημάτων
1256 2252 1546 2322 τιμωρίαν.
1592 2251 1655 2304 El
1702 2252 1759 2305 δὲ
1801 2254 1910 2315 τοῖς
1944 2253 2050 2306 πά·-

474 2354 694 2406 σχουσιν
734 2337 1004 2408 ἀφόρητος
1052 2331 1396 2399 εἶναιδοκεῖ,
1433 2335 1493 2388 οὐ
1538 2336 1689 2406 παρὰ
1739 2336 1839 2404 τὴν
1888 2335 2049 2405 φύσιν

470 2420 579 2473 τῶν
623 2419 944 2490 γινομένων,
972 2418 1110 2474 ἀλλά
1144 2418 1295 2488 παρά
1327 2418 1426 2489 τὴν
1473 2418 1757 2471 ἀσθένειαν
1787 2418 1895 2471 τῶν
1925 2419 2050 2472 ὑπο-

475 2503 764 2572 μενόντων.
798 2501 1005 2556 Ῥῦσαί
1042 2517 1119 2570 με
1147 2502 1217 2554 ἐκ
1248 2499 1368 2554 τῶν
1414 2501 1902 2555 καταδιωκόντων
1950 2519 2044 2570 με,

471 2584 562 2639 ὅτι
603 2583 1086 2656 ἐκραταιὼθησαν
1114 2583 1266 2651 ὑπὲρ
1294 2583 1415 2653 ἐμέ.
1454 2584 1583 2637 Ἰδοὺ
1617 2584 1712 2636 καὶ
1738 2583 1871 2655 άλλη
1902 2584 2048 2638 αίτία

473 2669 656 2731 πάλιν,
682 2670 715 2740 ἡ
744 2667 925 2732 ἄδικος
955 2666 1215 2738 ἐπιϐουλὴ
1250 2667 1360 2719 τῶν
1395 2665 1827 2738 ἐπηρεαζόντων,
1862 2669 1957 2721 καὶ
1988 2668 2050 2720 τὸ

470 2748 610 2807 εἶναι
650 2750 808 2805 αὑτὸν
848 2751 906 2803 ὲν
947 2749 1200 2821 ἀσθενείᾳ
1255 2750 1450 2820 πολλῇ·
1492 2750 1769 2819 Ἑξὰγαγε
1823 2751 1891 2803 ἐκ
1934 2770 2047 2820 φυ-

468 2833 665 2902 λακῆς
692 2834 806 2902 τὴν
828 2830 1040 2902 ψυχήν
1068 2848 1212 2902 μου,
1240 2833 1346 2887 τοῦ
1377 2833 1937 2903 ἐξομολογήσασθαι
1970 2833 2049 2900 τῷ

470 2918 718 2987 ὀνόματί
746 2933 884 2972 σου.
913 2916 987 2969 Τὸ
1014 2915 1510 2987 ἐξομολογήσασθαι
1536 2917 1767 2970 ἐνταῦθα
1806 2919 1925 2971 ἀντὶ
1953 2917 2047 2971 τοῦ

469 3001 856 3075 εὐχαριστῆσαί
888 3002 1054 3054 ἐστιν.
1088 3002 1154 3053 Ὃ
1180 3001 1237 3052 δὲ
1265 3001 1433 3068 λέγει,
1463 3000 1620 3053 τοῦτό
1649 3003 1813 3054 ἐστιν⁸
1860 3001 2051 3055 Ἀπάλ-

468 3085 628 3152 λαξόν
660 3103 726 3158 με
754 3084 863 3138 τῶν
892 3083 1100 3139 δεινῶν.
1141 3083 1392 3155 Φυλακὴν
1429 3084 1538 3157 γάρ
1565 3086 1664 3157 τὴν
1696 3084 1807 3139 τῶν
1844 3102 2050 3157 συμφο-

473 3170 581 3242 ρῶν
610 3167 915 3241 ὑπερϐολὴν
938 3168 966 3208 δ
1000 3166 1316 3223 αἰνίττεται.

540 3303 610 3366 γ’.
642 3296 823 3350 Ὥστε
848 3292 1284 3365 εὐχαριστῆσαι
1313 3293 1392 3358 τῷ
1419 3295 1663 3363 ὀνόματί
1689 3310 1823 3349 σου.
1852 3297 1925 3351 Οὑ
1960 3314 2048 3366 μι-

469 3381 602 3453 κρὸν
621 3380 715 3434 καὶ
732 3378 908 3444 τοῦτο,
931 3378 993 3432 τὸ
1013 3381 1070 3432 tv
1101 3378 1372 3449 εὐημερίᾳ
1399 3378 1720 3447 γενομένους
1747 3379 1821 3450 μὴ
1850 3381 1931 3442 είς
1957 3380 2049 3452 λή-

469 3466 571 3536 θην
593 3466 851 3536 ὲμπεσεῖν
876 3463 978 3533 τῆς
998 3463 1336 3534 εὐεργεσίας.
1367 3461 1556 3529 Πολλοὶ
1587 3462 1696 3534 γὰρ
1718 3463 1826 3514 τῶν
1847 3462 1943 3517 ἀνθ
1953 3465 2051 3534 ρώ-

472 3565 590 3602 πων
613 3549 672 3601 tv
702 3546 912 3616 θλίψεσι
945 3546 1043 3617 μέν
1073 3547 1178 3597 εἰσι
1222 3545 1645 3615 σπουδαιότεροι,
1685 3548 1743 3598 ἐν
1781 3546 1963 3599 ἀνέσει
1990 3549 2047 3601 δὲ

474 3631 858 3704 ῥᾳθυμότερον
888 3630 1064 3701 ἕτεροι
1096 3627 1259 3682 πάλιν
1282 3631 1336 3681 ἐν
1364 3629 1543 3681 ἀνέσει
1585 3628 1812 3700 ῥᾴθυμοι
1832 3669 1847 3695 ,
1875 3632 1967 3683 καὶ
1992 3633 2049 3684 tv

473 3715 714 3786 θλίψεσιν
755 3714 1219 3783 ἀπογινώσκοντες
1260 3711 1487 3777 ἑαυτῶν,
1532 3711 1854 3784 ὑπτιώτεροι
1899 3714 2048 3783 γινό-

476 3814 648 3870 μενοι.
692 3796 830 3851 Ἀλλ⁹
875 3790 1029 3860 οὗτος
1067 3797 1124 3851 ἐν
1157 3797 1395 3866 ἑκατέρᾳ
1425 3799 1492 3866 τῇ
1526 3795 1633 3848 τῶν
1679 3795 1887 3867 καιρῶν
1932 3798 2045 3851 διαο

473 3883 615 3953 φορᾷ
654 3881 801 3952 μένει
836 3879 933 3952 τὴν
956 3879 1124 3951 αὐτὴν
1154 3879 1438 3932 εὐλάϐειαν
1465 3876 1761 3948 διατηρῶν⁸
1790 3879 1910 3933 οὐτε
1942 3883 2048 3952 γὰρ

472 3967 509 4037 ἡ
558 3965 735 4035 θλίψις
780 3964 940 4017 αὑτὸν
978 3964 1269 4017 ἀναπεσεῖν
1329 3961 1604 4031 ἐποίησεν,
1661 3960 1797 4014 ἀλλά
1850 3964 2049 4033 μᾶλλον

478 4051 750 4120 συνήγαγε
794 4049 929 4120 πρὸς
960 4048 1057 4120 τὴν
1102 4046 1283 4117 δέησιν
1330 4045 1424 4099 καὶ
1467 4044 1565 4113 τὴν
1608 4043 1807 4117 εὐχήν·
1840 4045 1963 4100 οὐτε
2010 4051 2044 4118 ἡ

474 4135 658 4199 ἄνεσις
676 4133 863 4187 ὑπτιον
883 4129 1305 4189 κατεσκεύασεν,
1323 4129 1457 4182 ἀλλά
1477 4128 1569 4181 καὶ
1596 4127 1715 4181 τότε
1743 4128 1878 4200 πρὸς
1896 4130 2053 4203 εὐχα-

479 4217 689 4289 ριστίαν
714 4214 1210 4287 παρασκευάζεται.
1229 4210 1359 4280 Ἐμὲ
1380 4212 1783 4281 ὐπομενοῦσιε
1811 4211 2047 4277 δίκαιοι,

473 4299 586 4367 ἕως
617 4295 690 4356 οὗ
746 4294 1096 4362 ἀνταποδῷς
1134 4313 1255 4365 μοι.
1287 4294 1530 4365 Ἕτερος,
1560 4292 2050 4363 Στεφανώσονται

475 4383 716 4446 δίκαιοι,
745 4382 890 4436 ὅταν
920 4378 1319 4449 εὐεργετήσῃς
1344 4395 1441 4447 με.
1476 4378 1541 4430 Τί
1567 4380 1682 4430 ἐστι
1716 4377 1904 4442 τοῦτο;
1939 4379 2049 4432 Καὶ

470 4465 598 4530 τοὺς
633 4465 896 4528 δικαίους,
943 4462 1096 4533 φησὶ,
1124 4461 1281 4515 τοῦτο
1312 4459 1601 4530 ὠφελήσει.
1643 4462 1753 4514 Καὶ
1799 4460 1908 4532 γάρ
1956 4461 2050 4515 καὶ

475 4551 672 4603 ἐκεῖνοι
711 4545 1204 4619 εὐφρανθήσονται,
1237 4545 1594 4614 χαρήσονται,
1643 4545 2048 4616 σκιρτήσουσιν,

478 4632 676 4696 ἰδόντες
704 4648 805 4702 μου
831 4630 930 4701 τὴν
955 4627 1272 4698 ἀπαλλαγὴν
1291 4627 1397 4679 τῶν
1428 4626 1636 4680 δεινῶν.
1660 4626 1917 4681 Τοιαῦται
1942 4627 2051 4698 γάρ

473 4715 532 4770 αἱ
565 4713 672 4768 τῶν
702 4713 872 4782 ἁγίων
897 4711 1099 4782 ψυχαίο
1133 4711 1226 4766 καὶ
1260 4713 1374 4773 τοῖς
1410 4710 1679 4780 πάσχουσι
1716 4710 1901 4774 κακῶς
1935 4728 2053 4766 συν-

476 4797 734 4867 αλγοῦσι,
785 4799 878 4852 καὶ
909 4795 1321 4868 εὐθηνουμένοις
1365 4796 1426 4848 οὐ
1469 4795 1872 4866 βασκαίνουσιν.
1917 4796 2053 4851 ἀλλά

474 4884 570 4939 καὶ
611 4883 888 4956 χαίρουσι,
937 4883 1030 4936 καὶ
1073 4879 1547 4951 συνευφραίνονται
1601 4881 1696 4932 καὶ
1734 4879 2052 4951 συνήδονται

474 4970 587 5031 τοῖς
613 4969 898 5039 εὐεργέτου
906 4967 1104 5038 μένοις.
1127 4966 1191 5019 '0
1220 4965 1312 5019 καὶ
1338 4962 1549 5026 Παῦλος
1574 4962 1827 5016 ἐκέλευσε
1853 4963 2048 5033 λέγων,

475 5051 712 5120 Χαίρειν
733 5051 877 5118 μετὰ
904 5053 1250 5120 χαιρόντων,
1275 5048 1373 5102 καὶ
1401 5048 1633 5102 κλαίειν
1652 5047 1803 5117 μετὰ
1823 5048 2054 5101 κλαιόν-

475 5151 614 5190 των.
646 5131 725 5187 Οὐ
766 5135 937 5205 μικρά
965 5133 1024 5185 δὲ
1054 5132 1193 5202 αὐτη
1221 5132 1407 5202 ἀρετή.
1452 5128 1640 5184 Πολλοὶ
1672 5130 1780 5200 γὰρ
1821 5130 1917 5182 καὶ
1947 5148 2054 5183 κει-

482 5217 664 5287 μένοις
710 5218 1028 5287 ὲφήδονται,
1078 5215 1172 5268 καὶ
1219 5213 1598 5284 ἀνισταμένοις
1648 5211 2050 5282 βασκαίνουσιν,

476 5300 539 5365 ἐξ
575 5299 854 5371 ὠμότητος
896 5300 993 5353 καὶ
1034 5295 1427 5367 ἀπανθρωπίας
1469 5296 1670 5367 πολλῆς
1704 5296 1942 5368 ἑκάτερα
1984 5297 2053 5349 τά

477 5382 625 5454 πάθη
677 5384 971 5447 τίκτοντες.
1022 5382 1160 5435 Ἀλλ’
1204 5383 1303 5451 οὐχ
1349 5382 1399 5433 oi
1436 5379 1633 5434 δίκαιοι
1678 5379 1885 5445 οὕτως,
1935 5378 2051 5433 ἀλλ’

540 5553 566 5616 ξ
590 5550 740 5616 εανὶι.
764 5553 1022 5616 τουτέστιν,
1033 5552 1289 5616 ὁλόκληρος
1309 5549 1539 5616 θησαυρός
1560 5566 1669 5612 μου,
1690 5551 1772 5597 πλ.

518 5610 569 5693 ’δ
602 5613 756 5693 ξξξίι.
799 5610 1017 5693 φνλακήν
1173 5610 1287 5676 φησι
1324 5613 1409 5670 τὴν
1444 5610 1540 5659 τῶν
1564 5610 1835 5674 συμφορῶν
1863 5613 2054 5675 περιϐο⁴

476 5674 582 5734 λήν,
606 5675 783 5724 eodem
801 5674 970 5724 sensu.
1056 5674 1065 5676 ⁷
1110 5674 1122 5680 ’
1183 5674 1191 5676 “
1932 5674 1935 5675 ⁷

483 5796 504 5808 ﬁ
538 5739 571 5808 _°
593 5738 705 5808 Dug
725 5749 838 5784 mss.
872 5736 1180 5808 ὑπομένουσι,
1203 5732 1254 5783 in
1282 5732 1769 5808 metemusrgvilmt
1796 5732 1973 5808 Morel.
2002 5731 2052 5784 in

482 5796 661 5848 futuro.
676 5799 901 5859 Sequens
922 5795 1088 5848 mitem
1109 5795 1455 5859 interpretatio
1475 5801 1554 5846 est
1573 5795 1867 5864 Symmachi.
1905 5812 1909 5816 '

1231 352 1291 410 S.
1327 349 1617 411 JOANNIS
1649 353 2146 415 CIIRYSOSTOII
2183 357 2508 426 ARCHIEP.
2548 368 3092 437 CONSTANTINOP.

3626 384 3735 443 μθ

2159 474 2426 575 ἑκατέρας
2454 482 2659 575 ταύτης
2685 489 2786 558 τῆς
2815 490 3011 554 κακίας
3028 489 3457 565 ἀπηλλαγμένοι,
3475 498 3568 552 καὶ
3588 500 3732 575 ἐλεή.

2159 578 2319 654 μονες
2363 568 2515 633 ὄντες
2562 574 2656 627 καὶ
2697 575 3091 647 φιλάνθρωποι,
3132 579 3232 644 τάς
3279 581 3482 654 ἀρετὰς
3527 568 3729 654 ταύτας

2156 651 2413 748 κτῶνται.
2442 657 2650 748 Ὠσπερ
2683 657 2778 748 οῦν
2809 665 3004 719 ἐκεῖνοι
3034 666 3094 731 ἐξ
3131 651 3416 742 ὠμότητος
3445 651 3727 748 ἀμιρότερα

2155 739 2478 835 πάσχουσιν,
2505 746 2678 813 οὕτως
2712 746 2854 807 οὗτοι
2903 755 3012 809 ἀπὸ
3040 739 3468 831 φιλανθρωπίας,
3487 739 3588 835 ’τῷ
3616 739 3675 818 τέ
3697 766 3723 806 δ

2158 832 2498 903 συμπάσχειν
2525 836 2770 906 ἀλγοῦσι,
2802 840 2954 915 [447]
2989 843 3067 915 τῷ
3097 862 3157 898 τε
3194 848 3507 921 συγχαίρειν
3535 832 3594 906 εῦ
3626 853 3728 906 πά-

2158 931 2364 988 σχουσι.

2224 1040 2325 1095 Διά
2361 1043 2414 1133 τί
2444 1044 2503 1099 δὲ
2532 1046 2703 1117 εἶπεν,
2743 1052 3109 1121 Ἀνταποδῷς
3139 1073 3273 1125 pm;
3308 1058 3366 1112 Ὁ
3400 1060 3502 1130 μὲν
3546 1061 3728 1133 ἕτερός

2154 1145 2337 1199 φησιν,
2357 1132 2534 1186 Ὅταν
2560 1138 2960 1208 εὐεργετήσῃς
2980 1159 3077 1211 με.
3098 1144 3161 1197 Οί
3190 1144 3246 1198 δὲ
3274 1145 3442 1212 ἄλλοι,
3460 1132 3727 1203 Ἄνταιτοο

2151 1216 2270 1284 δῷς
2298 1218 2397 1273 καὶ
2425 1222 2651 1292 ἀμείψῃ
2681 1242 2778 1294 με.
2823 1229 3016 1281 Καίτοι
3045 1247 3107 1298 γε
3128 1231 3386 1304 ἀνωτέρω
3424 1232 3604 1305 θλίψιν
3634 1237 3727 1289 καὶ⁵

2150 1306 2481 1362 ταπείνωσιν
2526 1306 2701 1378 εἷπεν,
2744 1314 2803 1366 οὐ
2840 1315 3261 1388 κατορθώματα,
3292 1321 3387 1374 καὶ
3418 1323 3725 1394 παρρησίαν

2150 1391 2249 1462 τὴν
2288 1395 2396 1447 ἀπὸ
2432 1396 2543 1451 τῶν
2568 1397 2766 1469 ἔργων.
2808 1401 2952 1456 ’Λντὶ
2980 1404 3122 1468 τίνος
3151 1406 3210 1459 δὲ
3248 1407 3343 1461 καὶ
3375 1391 3725 1463 ἀνταπόδοσιν

2151 1480 2322 1569 αἰτεῖ-ς
2369 1483 2514 1536 Ἀντί
2541 1485 2651 1539 τῶν
2677 1488 2899 1559 ἡμερῶν
2938 1490 3039 1561 τῆς
3076 1495 3477 1560 ταπεινώσεως.
3501 1498 3576 1554 Οὐ
3619 1497 3726 1569 γάρ

2157 1567 2351 1640 μικρὸν
2400 1571 2494 1623 καὶ
2529 1572 2687 1628 τοῦτο
2739 1576 3098 1648 κατόρθωμα,
3149 1580 3210 1633 τὸ
3256 1580 3437 1652 θλίψιν
3484 1567 3726 1653 ἐνεγκεῖν

2153 1656 2269 1727 μετ’
2313 1658 2682 1730 εὐχαριστίας.
2731 1662 2824 1717 Διὸ
2873 1665 2970 1718 καὶ
3018 1667 3374 1723 ἀνταπόδοσιν
3427 1670 3581 1724 καλεῖ
3626 1672 3724 1744 τὴν

2153 1743 2290 1814 μετά
2321 1746 2495 1801 ταῦτα
2528 1749 2784 1820 ἀμοιϐήν.
2821 1753 2912 1823 Μὴ
2956 1754 3134 1807 τοίνυν
3186 1756 3320 1826 μηδὲ
3352 1760 3514 1828 ἡμεῖς
3553 1743 3723 1812 ἀλύωο

2154 1847 2253 1901 μεν
2295 1832 2353 1884 tv
2398 1836 2517 1896 ταῖς
2562 1834 2824 1906 θλίψεσιν,
2869 1839 2984 1892 ἀλλ’
3023 1840 3310 1912 εὐχώμεθα
3345 1844 3420 1914 μὴ
3458 1845 3719 1899 εἰσελθεῖν

2151 1918 2231 1980 είς
2282 1921 2617 1990 πειρασμόν*
2666 1924 2885 1979 ἐπιόντα
2928 1926 2985 1980 δὲ
3029 1927 3331 1999 δεχώμεθα.
3383 1931 3465 1985 Τά
3511 1948 3572 1984 τε
3617 1932 3723 2003 γάρ

2150 2004 2279 2058 ὄντα
2309 2008 2682 2079 ἁμαρτήματα
2714 2012 3108 2084 ἀποτιθέμεθα,
3151 2016 3244 2069 καὶ
3276 2018 3328 2071 εί
3365 2034 3491 2072 τινα
3526 2019 3725 2072 δικαιοο

2152 2094 2317 2166 σύνην
2354 2096 2566 2166 ἔχομεν,
2613 2099 2872 2172 κάκείνην
2924 2102 3306 2176 λαμπροτέραν
3356 2105 3720 2178 ἐργαζόμεθα.

2150 2184 2261 2237 Καὶ
2290 2184 2447 2238 τοῦτο
2486 2187 2756 2242 δείκνυσιν
2795 2190 2825 2241 ὁ
2865 2190 3006 2257 Ἰὼϐ,
3047 2193 3167 2247 τότε
3203 2193 3463 2264 μειζόνως
3495 2196 3722 2266 διαλάμ-

2148 2270 2274 2340 ψας.
2308 2272 2475 2326 Τοῦτο
2509 2276 2603 2327 καὶ
2651 2277 2708 2329 tv
2758 2277 3003 2350 σώμασιν
3049 2280 3287 2349 ἀγαθόν·
3333 2282 3491 2335 τοῦτο
3522 2284 3621 2337 οὐκ
3665 2284 3724 2337 ὲν

2149 2358 2455 2429 ἀνθρώποις
2490 2363 2670 2432 μόνον,
2700 2365 2835 2418 άλλά
2870 2367 2965 2419 καὶ
3002 2368 3061 2421 ὲν
3095 2367 3340 2435 ἀλόγοιςο
3376 2369 3478 2423 οὐκ
3511 2371 3567 2423 tv
3605 2369 3727 2423 ἀλό-

2149 2461 2264 2513 γοις
2285 2446 2465 2516 μόνον,
2488 2448 2621 2503 ἀλλά
2650 2453 2742 2504 καὶ
2767 2454 2824 2505 tv
2856 2455 3061 2522 φυτοῖς.
3086 2456 3184 2507 Διά
3213 2455 3274 2526 δὴ
3292 2457 3450 2509 τοῦτο
3477 2457 3596 2510 οὐδὲ
3609 2459 3725 2521 ταῖς

2150 2534 2415 2603 ἀμπέλοις
2450 2537 2820 2609 συγχωροῦσιν
2868 2542 2917 2593 οί
2962 2541 3190 2612 γηπόνοι
3230 2543 3366 2613 ὑπὲρ
3420 2542 3480 2596 τὸ
3529 2545 3724 2614 μέτρον

2149 2624 2325 2693 κομᾷν
2359 2633 2404 2686 θ,
2439 2623 2558 2677 οὐδὲ
2602 2626 2811 2697 ἑτέροις
2841 2626 3106 2699 δένδροις,
3150 2628 3285 2681 ἀλλά
3333 2628 3599 2682 κωλύουσι
3628 2630 3723 2701 τὴν

2148 2710 2228 2773 είς
2285 2709 2346 2762 τὸ
2391 2712 2579 2782 πρόσω
2638 2713 2832 2783 φορὰν,
2885 2717 2952 2785 τῇ
3007 2715 3248 2789 δρεπάνῃ
3297 2715 3514 2770 ἃπασαν
3558 2719 3725 2788 αὐτῆς

2147 2798 2248 2869 τὴν
2333 2797 2563 2870 δύναμιν
2635 2803 2716 2864 είς
2800 2801 2898 2873 τὴν
2984 2803 3138 2874 ῥίζαν
3231 2805 3722 2876 περιστρέφοντες,

2147 2884 2287 2939 ὥστε
2321 2887 2395 2957 μὴ
2424 2888 2480 2941 ὲν
2509 2888 2621 2951 τοῖς
2656 2887 2871 2958 φύλλοις
2903 2889 3268 2945 ἀναλωθεῖσαν
3298 2892 3465 2964 αὐτὴν
3485 2893 3724 2965 ἐξίτηλον

2149 2974 2390 3043 ἐνεγκεῖν
2415 2974 2505 3030 τὸν
2538 2976 2771 3047 καρπόν.
2807 2977 2984 3049 Ὅπερ
3013 2980 3107 3033 καὶ
3128 2980 3217 3033 ἐπ’
3250 2980 3551 3052 ἀνθρώπων
3581 2997 3723 3052 συμ-

2117 3076 2122 3085 ·
2150 3062 2340 3116 ϐαίνει.
2379 3062 2492 3131 Τῆς
2509 3066 2618 3133 γάρ
2646 3063 2880 3135 σπουδῆς
2909 3068 2992 3129 είς
3011 3067 3078 3119 τά
3106 3068 3335 3139 περιττά
3365 3067 3723 3137 ἀναλισκομέ-

2149 3165 2266 3219 νης,
2302 3149 2608 3220 ἀτονωτέρα
2636 3152 2842 3219 γίνεται
2866 3153 3066 3225 ἡψυχὴ
3091 3155 3225 3226 πρὸς
3249 3155 3309 3207 τὸ
3330 3156 3428 3226 τῆς
3443 3156 3723 3218 εὐσεϐείας

2147 3241 2359 3311 καρπὸν
2389 3238 2596 3310 ὦριμον
2624 3242 2866 3311 ἐνεγκεῖν
2908 3243 3002 3295 καὶ
3039 3243 3371 3312 ἀκμάζοντα.
3416 3242 3587 3297 Τοῦτο
3626 3243 3724 3295 καὶ

2147 3328 2243 3379 ἐπὶ
2296 3327 2506 3381 ὑδάτων
2551 3328 2649 3381 ίδοι
2697 3347 2783 3393 τις
2820 3329 2905 3383 ἀν.
2967 3331 3040 3383 Τὸ
3077 3330 3174 3401 μὲν
3214 3330 3323 3402 γὰρ
3364 3330 3593 3401 ἑστηκὸς
3627 3330 3723 3385 καὶ

2147 3418 2466 3488 ἀπόρευτον,
2500 3417 2758 3488 βλαϐερόν
2786 3436 2798 3449 ·
2819 3419 2880 3471 τὸ
2906 3420 2962 3472 δὲ
2987 3420 3299 3492 κινούμενον
3318 3421 3423 3475 κατ
3439 3417 3723 3487 ἐξαντλοῶ

2152 3523 2308 3577 μενον
2343 3508 2437 3559 καὶ
2467 3507 2967 3578 μετοχετευόμενον,
2997 3509 3057 3562 οὐ
3086 3510 3243 3579 μόνον
3282 3509 3517 3578 ὑγιεινὸν
3538 3548 3554 3571 ,
3587 3507 3723 3561 ἀλλά

2149 3594 2244 3646 καὶ
2277 3592 2404 3646 ἰδεῖν
2432 3593 2523 3645 καὶ
2545 3593 2786 3662 ἅψασθαι
2812 3597 2903 3648 καὶ
2918 3597 3062 3648 πιεῖν
3075 3595 3222 3666 ἥδιόν
3250 3599 3387 3650 ἐστι.
3411 3595 3673 3658 Πολλάκις
3693 3593 3717 3632 ε

2147 3682 2204 3735 δὲ
2237 3685 2330 3734 καὶ
2355 3681 2452 3752 τὴν
2487 3681 2647 3751 φύσιν
2669 3682 2919 3754 ἐνίκησεν
2946 3686 2979 3755 ή
3005 3683 3199 3754 θλίψις.
3230 3684 3304 3737 Τὸ
3339 3685 3446 3755 γὰρ
3471 3699 3721 3753 κατωφε-

2151 3769 2242 3841 ρὲς
2280 3769 2547 3823 τοῦτοκαὶ
2585 3772 2744 3840 ῥυτὸν
2775 3770 3090 3840 θλιϐόμενον
3118 3771 3255 3842 πρὸς
3288 3774 3387 3842 τὴν
3411 3770 3524 3824 ἀνω
3549 3771 3719 3840 φοράν

2149 3856 2572 3923 ἐξακοντίζεται.
2614 3859 2679 3910 Ὃ
2716 3856 2780 3929 δὴ
2811 3858 2905 3910 καὶ¹
2951 3859 3036 3912 ἐπ’
3079 3857 3379 3931 ἀνθρώπων
3407 3857 3715 3929 συμϐαίνει.

2150 3945 2213 3996 Οἱ
2245 3943 2354 4015 γάρ
2398 3943 2635 4006 εὐκόλως
2672 3943 2770 4006 τὰς
2813 3944 3019 4014 θλίψεις
3067 3945 3341 4016 φέροντες,
3399 3944 3715 4015 ὑψηλότεροι

2149 4033 2521 4097 καθίστανται,
2557 4033 2661 4087 κᾶν
2696 4033 2902 4105 σφόδρα
2926 4029 3029 4088 ὦσι
3073 4033 3416 4105 χαμαίζηλοι,
3466 4034 3560 4087 καὶ
3593 4033 3721 4101 σφό-

2148 4123 2250 4195 δρα
2287 4125 2485 4194 γήῖνοι,
2516 4123 2611 4176 καὶ
2640 4125 2906 4189 ταπεινοὶ,
2942 4124 3157 4194 μεγάλα
3202 4123 3450 4177 ἐντεῦθεν
3502 4122 3719 4193 κερδαί-

2150 4228 2319 4265 νουσι.
2357 4210 2518 4263 Ταῦτ’
2547 4208 2640 4265 οῦν
2671 4211 2892 4276 εἰδότες,
2921 4213 3174 4283 φέρωμεν
3208 4213 3322 4283 μετ’
3372 4210 3716 4282 εὐχαριστίας

2149 4299 2220 4352 τά
2251 4298 2567 4370 ἐπαγόμενα
2603 4298 2773 4363 δεινά,
2814 4300 2900 4354 ἵνα
2942 4301 3170 4354 κάκεῖνα
3208 4299 3546 4371 εὐκολώτερα
3588 4299 3717 4369 ἡμῖν

2151 4387 2393 4457 γένηται,
2449 4386 2542 4440 καὶ
2594 4386 2705 4439 τῶν
2754 4387 3052 4458 μελλόντων
3094 4385 3435 4457 ἐπιτύχωμεν
3478 4384 3713 4454 ἀγαθῶν·

2130 4469 2223 4560 ⁸ὢν
2250 4474 2461 4544 γένοιτο
2494 4477 2702 4539 πάντας
2737 4476 2886 4546 ἡμᾶς
2917 4473 3229 4545 ἀξιωθῆναι,
3266 4474 3450 4546 χάριτι
3475 4474 3567 4527 καὶ
3597 4470 3715 4560 (p.11-

2151 4561 2437 4634 ανθρωπίᾳ
2476 4561 2571 4615 τοῦ
2626 4562 2831 4633 Κυρίου
2870 4563 3030 4632 ἡμῶν
3084 4560 3259 4633 Ἰησοῦ
3291 4559 3561 4631 Χριστοῦ,
3606 4553 3650 4628 ᾧ
3681 4558 3715 4629 ἠ

2152 4650 2278 4717 δόξα
2325 4654 2419 4706 καὶ
2450 4652 2510 4706 τὸ
2553 4650 2753 4724 κράτος
2794 4653 2874 4715 είς
2912 4653 3038 4715 τοὺς
3090 4650 3291 4715 αίῶνας
3335 4650 3444 4704 τῶν
3486 4648 3713 4705 αἰώνων.

2164 4741 2356 4814 Ἀμήν.

2523 4846 2634 4901 ΕΙΣ
2668 4847 2805 4900 TUN
2836 4844 2992 4900 PMB’
3026 4844 3351 4901 ΨΔΛΜΟΝ.

2297 4974 2493 5042 Κύριε,
2526 4971 2896 5028 εἰσάκουσον
2923 4970 3033 5041 τῆς
3059 4968 3407 5040 προσευχῆς
3444 4987 3579 5038 μου.

2223 5109 2292 5157 α’.
2321 5104 2476 5157 Ἐστι
2508 5101 2607 5173 μὲν
2629 5101 2906 5173 προσευχὴ
2939 5102 3034 5155 καὶ
3057 5100 3090 5172 ὴ
3116 5099 3203 5153 διά
3232 5092 3492 5172 ῥημάτων
3518 5098 3716 5168 δέησις,

2152 5192 2266 5247 ἔστι
2295 5191 2352 5246 δὲ
2397 5192 2489 5246 καὶ
2536 5192 2570 5263 ή
2625 5190 2924 5260 ἐπαγγελία
2951 5189 2997 5247 ⁸.
3023 5191 3121 5244 Διά
3157 5191 3316 5245 τοῦτο
3338 5190 3429 5245 καί
3449 5206 3531 5253 τις
3563 5188 3721 5259 σοφὸς

2210 5359 2240 5402 ει
2271 5360 2417 5412 Savil.
2438 5361 2494 5411 1:6
2512 5377 2565 5409 τε
2590 5358 2681 5411 bis.

2217 5428 2241 5455 θ
2260 5423 2359 5494 Alii
2385 5422 2987 5494 ἀμπέλοιςηέπιτρέπουσιν
3007 5424 3053 5471 οῖ
3073 5422 3271 5485 γηπόνοι
3308 5421 3462 5481 ἀδεῶς
3481 5428 3654 5488 κομᾷν,
3671 5421 3722 5472 Β

2150 5486 2282 5549 quod
2306 5484 2480 5534 eodem
2506 5484 2699 5533 recidit.
2772 5484 2779 5486 “
3546 5484 3555 5486 -
3590 5484 3600 5488 _

2216 5545 2239 5619 ξ
2265 5548 2422 5619 μάθω
2445 5545 2646 5619 ιπηκρς
2685 5546 2768 5593 καὶ
2790 5542 2963 5619 ἀργοῦν
2984 5544 3233 5619 you-(Peras.
3255 5544 3326 5619 τὸ,
3339 5546 3407 5619 δὲ.
3416 5546 3728 5619 ﬁmum,

2151 5611 2233 5660 καὶ
2256 5609 2504 5670 ἀγόμενον,
2528 5608 2610 5670 καὶ
2630 5607 3011 5670 περιφερόμενον,
3046 5607 3355 5670 ὑγιεινότερόν
3387 5607 3490 5655 ἐστι
3510 5607 3591 5654 καὶ
3614 5607 3722 5656 ἰδεῖν

2151 5623 2233 5660 και
2256 5623 2504 5670 αγομενον,
2528 5623 2610 5655 και
2630 5623 2736 5669 περι
2773 5623 3009 5669 ερομενον,
3046 5623 3355 5669 υγιεινοτερον
3387 5623 3490 5655 εστι
3510 5623 3591 5654 και
3614 5623 3722 5656 ιοειν

2150 5669 2481 5786 gmw,
2499 5669 2580 5717 καὶ
2597 5669 2718 5717 πιεῖν
2738 5623 2888 5727 Ξδιον·
2911 5666 3154 5724 πολλάκις.
3169 5668 3251 5717 Sic
3273 5670 3455 5718 Savilio
3475 5671 3724 5718 referente

2218 5796 2243 5836 Β
2258 5780 2403 5844 VUnus
2420 5780 2594 5842 ἔστιδὲ
2608 5792 2850 5856 προσευχὴ
2871 5790 2953 5841 καὶ
2969 5793 3001 5851 ἠ
3027 5789 3298 5855 ἐπαγγελία.
