4070 6340
347 361 453 420 443

340 475 562 544 fragium
586 489 602 538 ;
632 477 690 528 et
712 480 890 527 tamen
924 468 1133 525 etiamsi
1161 467 1276 522 hate
1305 465 1481 522 omnia
1507 464 1790 533 desperata
1824 466 1929 518 sint

339 564 479 634 apud
524 563 790 628 homines,
838 574 1128 629 omnesque
1172 557 1366 612 defessi
1410 565 1464 610 et
1492 555 1648 611 malis
1685 557 1925 611 exhausti

339 655 526 720 simus,
560 653 650 707 tibi
681 661 856 706 tamen
883 651 1061 705 omnia
1093 656 1219 702 sunt
1245 645 1414 701 facilia
1442 662 1457 700 :
1488 644 1632 702 unde
1669 647 1828 702 etiam
1875 647 1926 700 in

338 756 393 801 te
421 752 697 816 sperantes
723 743 942 798 minime
967 739 1375 810 languescimus.
1407 735 1586 792 Portio
1632 755 1743 791 mea
1785 754 1836 790 es
1875 737 1928 790 in

337 845 474 891 terra
498 834 782 888 viventium.
831 833 944 886 Hoc
965 842 1064 893 est,
1109 831 1240 885 Sors
1280 843 1420 894 mea,
1452 831 1728 883 thesaurus
1758 843 1926 894 meus,

339 926 538 980 divitia:
565 939 720 990 metu,
752 923 928 977 omnia
961 921 1073 990 ipse
1109 935 1190 978 es.
1219 918 1281 975 In
1314 931 1448 974 terra
1472 921 1756 972 viventium.
1802 919 1928 972 Ter-

341 1030 454 1071 ram
481 1014 771 1070 viventium
798 1013 885 1066 bic
915 1023 1071 1068 vocat
1099 1014 1321 1083 patriam
1351 1025 1520 1065 suam.
1559 1008 1927 1077 Captivitatem

344 1106 484 1161 enim
537 1103 909 1176 [htbylonicam
949 1105 1148 1159 inferos
1191 1114 1246 1158 et
1296 1108 1522 1156 mortem
1572 1115 1713 1169 smpe
1755 1109 1927 1153 vocat.

347 1199 549 1259 Deinde
574 1198 696 1273 quia
735 1215 857 1256 cum
881 1200 932 1254 in
960 1199 1133 1252 aliena
1162 1204 1304 1252 esset
1329 1194 1569 1264 regione,
1615 1193 1802 1248 solitus
1828 1209 1931 1246 non

347 1295 700 1365 peragebatur
724 1294 920 1358 cultus,
952 1292 1058 1346 illic
1083 1299 1261 1345 autem
1289 1289 1466 1343 omnia
1495 1301 1645 1341 sacra
1671 1294 1726 1340 et
1745 1301 1933 1340 omnes

349 1387 705 1456 implebantur
740 1383 1061 1440 ceremonia:
1091 1399 1104 1435 :
1133 1391 1412 1450 propterea
1439 1379 1588 1443 dicit,
1621 1377 1798 1432 Portio
1825 1393 1935 1431 mea

346 1497 398 1535 es
423 1480 477 1534 in
503 1489 638 1534 terra
667 1478 953 1533 viventium.
981 1475 1206 1544 Semper
1245 1473 1348 1528 mei
1377 1487 1558 1527 curam
1588 1471 1819 1542 gessisti,
1854 1471 1936 1525 in-

347 1571 482 1639 quit,
530 1578 586 1625 et
611 1584 694 1625 me
721 1569 815 1624 tibi
841 1567 1157 1622 familiarem
1181 1564 1346 1619 fecisti
1374 1563 1427 1617 in
1460 1572 1598 1617 terra
1619 1562 1932 1627 viventium,

348 1672 403 1718 et
430 1677 618 1732 magna
646 1660 774 1716 mihi
802 1671 973 1714 tecum
1004 1657 1305 1714 intercessit
1330 1654 1654 1725 conjunctio.

422 1753 643 1809 Peccata
685 1767 959 1823 numquam
990 1750 1142 1821 digne
1164 1749 1300 1803 Deus
1330 1751 1512 1820 punit;
1537 1747 1782 1816 confessio
1812 1763 1935 1818 gra-

350 1847 534 1899 (iurum
558 1845 706 1897 actio.
733 1873 808 1883 —
832 1844 887 1896 7.
917 1840 1132 1896 Intende
1177 1840 1244 1892 ad
1285 1840 1684 1909 deprecationem
1735 1854 1934 1905 meam,

351 1937 470 2002 quia
519 1935 812 1988 humiliatus
860 1949 972 1986 sum
1015 1932 1184 1985 nimis.
1207 1929 1369 1984 Vides
1396 1929 1662 2000 quomodo
1687 1928 1827 1997 quod
1859 1943 1939 1982 su-

352 2028 534 2099 perius
557 2027 712 2090 dixit,
760 2026 863 2080 hoc
887 2026 1044 2080 etiam
1068 2023 1218 2094 ponit
1245 2023 1333 2078 hic
1362 2037 1462 2091 pro
1489 2022 1569 2076 sui
1601 2020 1935 2085 defensione,

355 2119 497 2188 quod
523 2118 834 2173 humiliatus
854 2116 943 2183 sit,
969 2116 1206 2185 inquam,
1237 2113 1378 2184 quod
1407 2119 1742 2183 peccatorum
1781 2125 1938 2179 supra

355 2211 570 2267 modum
623 2225 808 2280 poenas
850 2207 1074 2263 dederit.
1105 2206 1216 2261 lloc
1246 2214 1447 2268 autem,
1491 2203 1680 2266 Nimis,
1712 2218 1815 2256 non
1859 2211 1940 2255 est

353 2321 537 2360 eormn
574 2320 692 2372 quae
732 2303 864 2356 facta
914 2309 1036 2355 sunt
1071 2297 1534 2368 reprehensionis,
1563 2295 1654 2349 sed
1696 2294 1812 2362 ejus
1852 2293 1940 2362 qui

356 2396 552 2466 patitur
577 2393 776 2448 doloris
810 2401 864 2446 et
894 2390 1236 2444 infirmitatis.
1268 2389 1322 2441 Si
1355 2388 1516 2446 enim.
1549 2385 1676 2455 quid
1727 2394 1938 2454 peccata

369 2495 693 2545 mereantur.
725 2481 1046 2552 respexeris,
1079 2496 1185 2534 non
1204 2489 1284 2533 est
1305 2478 1466 2532 nimia
1500 2477 1795 2531 humiliatio
1819 2493 1833 2530 :
1861 2475 1942 2528 sin

357 2587 534 2631 autem
594 2575 710 2645 ejus
759 2574 848 2643 qui
897 2572 1000 2627 fert
1047 2570 1502 2634 imbecillitatem,
1564 2568 1725 2620 nimia
1766 2575 1846 2620 est
1891 2575 1944 2619 et

360 2685 518 2739 supra
571 2667 807 2722 modum.
850 2667 989 2720 Deus
1033 2665 1178 2719 enim
1223 2677 1510 2732 numquam
1543 2675 1727 2729 poenas
1781 2659 1946 2712 sumit

357 2769 585 2830 quantas
616 2767 889 2814 merentur
939 2767 1176 2827 peccata.
1207 2754 1358 2821 Quod
1389 2755 1432 2807 si
1464 2754 1528 2808 iis
1555 2753 1643 2822 qui
1678 2753 1945 2821 patiuntur

358 2852 567 2907 videtur
616 2867 738 2907 esse
791 2848 1182 2912 intolerabilis,
1239 2846 1292 2899 id
1340 2861 1444 2898 non
1483 2859 1549 2897 ex
1603 2859 1786 2897 eorum
1825 2856 1945 2910 quae

362 2948 496 3000 fiunt
523 2952 712 2999 natura
735 2940 1107 3012 proﬁciscitur,
1137 2938 1230 2992 sed
1259 2952 1327 2989 ex
1362 2934 1720 2989 imbecillitate
1757 2947 1943 2987 eorum

362 3037 452 3106 qui
479 3037 570 3090 illa
594 3035 878 3089 sustinent.
913 3031 1091 3085 Libera
1118 3046 1196 3083 me
1223 3046 1255 3082 α
1284 3025 1686 3098 persequentibus
1711 3041 1807 3091 me,
1828 3024 1947 3093 quia

365 3127 637 3198 confortati
652 3135 765 3181 sunt
791 3141 940 3192 super
959 3139 1056 3176 me.
1082 3123 1216 3176 Ecce
1231 3135 1419 3174 rursus
1442 3120 1541 3172 alia
1559 3131 1736 3180 causa,
1757 3130 1948 3184 nempe

367 3221 581 3289 iujustae
608 3233 817 3283 eorum,
836 3217 921 3286 qui
953 3216 1097 3270 illum
1126 3217 1398 3268 incessunt
1427 3253 1442 3275 ,
1475 3209 1699 3274 insidiae,
1728 3217 1784 3264 et
1805 3207 1948 3278 quod

363 3313 478 3381 ipse
508 3311 579 3366 sit
607 3309 759 3364 valde
785 3307 1102 3362 imbecillus.
1129 3307 1181 3359 8.
1207 3303 1352 3358 Educ
1385 3302 1448 3356 de
1479 3301 1706 3355 custodia
1728 3300 1950 3354 animam

364 3419 527 3456 meam
567 3445 584 3466 ,
623 3400 690 3453 ad
727 3399 1064 3467 conﬁtendum
1116 3396 1305 3450 nomini
1356 3403 1460 3447 tuo.
1509 3393 1761 3448 Confiteri
1796 3433 1812 3459 ,
1864 3391 1952 3445 hic

373 3495 590 3564 ponitur
630 3509 729 3564 pro
773 3507 838 3546 eo
875 3490 1018 3560 quod
1050 3497 1132 3544 est
1172 3487 1370 3558 gratias
1411 3501 1587 3556 agere.
1612 3485 1724 3540 Hoc
1752 3493 1834 3540 est
1858 3499 1954 3538 au-

369 3595 475 3640 tem
505 3627 520 3650 ,
547 3583 687 3654 quod
717 3583 880 3637 dicit:
914 3581 1104 3636 Libera
1133 3595 1220 3634 me
1243 3594 1273 3632 a
1295 3578 1467 3632 malis.
1515 3576 1621 3631 Per
1659 3575 1952 3631 custodiam

367 3676 532 3742 enim,
566 3689 658 3729 seu
703 3688 972 3728 carcerem
1004 3713 1019 3737 ,
1051 3671 1314 3740 signiﬁcat
1339 3683 1572 3722 summas
1601 3667 1950 3722 calamitates.

440 3769 496 3822 5.
536 3767 615 3820 Ad
639 3766 977 3836 conﬁtendum
1001 3765 1190 3817 nomini
1213 3773 1318 3817 tuo.
1358 3762 1469 3816 Hoc
1495 3775 1707 3832 quoque
1733 3768 1817 3815 est
1842 3773 1949 3814 non

371 3874 589 3929 parvum
620 3901 634 3922 ,
665 3868 723 3912 ut
742 3858 832 3928 qui
853 3857 1012 3911 rebus
1038 3865 1254 3910 utuntur
1281 3854 1530 3910 secundis
1560 3893 1573 3917 ,
1606 3861 1949 3922 acceptorum

373 3950 747 4005 beneficiorum
775 3949 991 4001 minime
1017 3947 1413 4004 obliviscantur.
1440 3945 1586 3999 Multi
1613 3945 1756 3999 enim
1780 3945 1955 3999 homi-

372 4055 469 4095 nes
509 4041 560 4094 in
608 4038 982 4094 afflictionibus
1028 4039 1240 4107 quidem
1289 4045 1412 4090 sunt
1452 4036 1820 4106 diligentiores
1854 4053 1868 4102 ;
1902 4040 1954 4090 in

375 4135 535 4190 rebus
558 4142 735 4188 autem
770 4132 1040 4202 prosperis
1063 4173 1078 4196 ,
1107 4132 1217 4185 otio
1243 4129 1579 4183 socordiores
1612 4147 1626 4183 :
1657 4129 1744 4182 alii
1773 4145 1956 4184 rursus

377 4228 426 4280 in
457 4226 634 4295 quiete
655 4237 704 4280 et
733 4225 890 4279 rebus
911 4222 1156 4277 secundis
1183 4230 1303 4276 sunt
1331 4220 1678 4290 negligentes,
1707 4230 1759 4274 et
1792 4220 1844 4273 in
1875 4237 1958 4275 re—

377 4320 475 4373 bus
503 4318 738 4372 adversis
765 4317 834 4371 de
862 4330 921 4370 se
943 4315 1247 4384 desperant,
1280 4323 1334 4367 et
1357 4314 1489 4366 ﬁunt
1513 4312 1828 4380 supiniores.
1853 4311 1957 4366 Sed

380 4411 465 4464 hic
504 4412 554 4463 in
603 4417 821 4477 utraque
867 4407 1056 4460 horum
1099 4407 1393 4472 temporum
1436 4403 1731 4456 differentia
1781 4411 1960 4456 manet

380 4518 593 4570 semper
638 4500 880 4556 eamdem
923 4499 1224 4553 cautionem
1269 4494 1566 4557 adhibens;
1601 4511 1772 4562 neque
1818 4495 1959 4547 enim

379 4593 617 4657 afflictio,
648 4603 705 4648 ut
730 4593 772 4646 is
798 4592 976 4645 animo
1002 4589 1341 4652 concideret,
1371 4587 1548 4643 effecit
1577 4630 1590 4652 ,
1620 4586 1712 4642 sed
1741 4586 1805 4640 ad
1834 4601 1959 4639 ora-

383 4688 580 4742 tionem
629 4686 803 4756 potius
846 4693 901 4740 et
945 4683 1380 4752 supplicationem
1423 4696 1544 4735 eum
1563 4680 1822 4734 adducit:
1867 4692 1965 4733 nec

384 4795 560 4834 rerum
589 4791 957 4848 prosperarum
981 4789 1264 4829 successus
1297 4781 1352 4828 et
1376 4773 1540 4826 otium
1567 4787 1688 4826 eum
1716 4771 1963 4840 supinum

386 4870 634 4936 reddidit,
663 4869 758 4924 sed
783 4877 907 4923 tunc
927 4864 1322 4934 etiam'paratus
1351 4875 1432 4919 est
1457 4864 1522 4917 ad
1552 4863 1838 4934 gratiarum
1870 4877 1963 4916 ac-

389 4965 608 5016 tionem.
641 4961 726 5016 Me
750 4959 1106 5030 exspectabant
1127 4958 1258 5028 justi
1283 4998 1297 5022 ,
1344 4958 1502 5010 donec
1539 4955 1786 5009 retribuas
1821 4955 1966 5007 mihi.

391 5054 558 5115 Alius,
585 5051 907 5106 Coronabunt
926 5051 1054 5119 justi
1079 5091 1092 5113 ,
1123 5048 1325 5117 quando
1348 5065 1425 5101 me
1453 5046 1692 5116 beneﬁcio
1716 5043 1966 5111 olfeceris.

388 5144 525 5212 Quid
553 5144 654 5198 hoc
689 5143 819 5199 est?
864 5143 973 5196 Hoc
1012 5157 1221 5210 quoque
1244 5140 1400 5208 justis
1433 5137 1690 5206 proderit.
1725 5136 1802 5191 Illi
1829 5137 1970 5190 enim

391 5237 712 5308 gaudebunt,
742 5236 919 5289 laetitia
952 5234 1250 5288 afficientur
1277 5273 1292 5296 ,
1325 5229 1664 5285 exsultabant
1695 5269 1710 5294 ,
1738 5244 1857 5284 cum
1888 5244 1973 5282 me

397 5329 619 5384 viderint
648 5329 926 5383 liberatum
956 5342 984 5380 a
1013 5326 1182 5380 malis.
1217 5324 1375 5379 Tales
1416 5323 1559 5379 enim
1605 5332 1730 5378 sunt
1757 5330 1973 5376 sancto-

400 5436 511 5475 rum
538 5420 767 5474 animm:
800 5433 986 5473 eorum
1015 5432 1132 5471 cum
1162 5415 1353 5485 quibus
1391 5417 1529 5469 male
1566 5414 1738 5484 agitur
1764 5454 1779 5478 ,
1807 5413 1974 5467 mise-

395 5519 600 5575 rentur;
623 5523 722 5564 nec
743 5509 808 5562 iis
827 5507 1273 5576 invidentquibus
1297 5521 1383 5560 res
1403 5503 1651 5559 secunda:
1676 5505 1974 5569 evenerint,

397 5603 492 5656 sed
518 5601 749 5673 gaudent
772 5610 827 5656 et
853 5601 1096 5655 laatantur
1123 5641 1137 5666 ,
1189 5608 1244 5653 et
1290 5596 1355 5652 iis
1393 5597 1483 5667 qui
1514 5594 1772 5652 beneficio
1801 5593 1979 5649 affecti

397 5702 524 5747 sunt
547 5693 897 5763 gratulantur.
925 5690 1076 5758 Quod
1097 5690 1257 5745 etiam
1283 5688 1444 5760 jussit
1471 5686 1690 5754 Paulus,
1719 5682 1977 5752 Gaudere,

403 5785 668 5856 inquiens,
683 5801 799 5840 cum
819 5782 1169 5857 gaudentibus,
1195 5791 1243 5837 ct
1268 5781 1390 5853 ﬂere
1412 5795 1527 5835 cum
1553 5777 1792 5850 ﬂentibus
1802 5777 1978 5851 (Rom.

1455 305 1831 409 exrosmo‘
1857 349 1919 404 IN
1949 349 2269 407 PSALMUM
2302 347 2510 412 CXLII.

3500 368 3608 423 “6

2040 465 2128 520 12.
2159 467 2269 536 15).
2295 467 2409 524 Νοη
2437 477 2518 524 est
2546 476 2722 524 autem
2748 466 2864 525 lucc
2895 483 3051 540 parva
3079 471 3264 525 virtus.
3300 469 3446 526 Multi
3473 471 3616 527 enim

2029 559 2331 626 jacentibus
2355 559 2642 615 laetabundi
2665 561 2938 628 insultant,
2966 571 3021 617 et
3048 576 3106 618 se
3132 563 3453 633 erigentibus
3481 564 3618 618 invi-

2034 651 2162 704 dent
2181 693 2194 715 ,
2224 667 2290 705 ex
2317 651 2631 707 crudelitate
2655 662 2708 707 et
2733 668 2939 708 summa
2965 654 3346 710 inhumanitate
3369 667 3619 725 utrasque

2039 741 2133 797 bas
2165 743 2587 812 perturbationes
2613 745 2774 798 animi
2811 746 3094 813 parientes.
3124 748 3191 800 At
3216 762 3321 800 non
3350 747 3426 800 sic
3449 746 3574 816 justi
3599 788 3614 812 ,

2036 833 2130 888 sed
2161 834 2228 887 ab
2255 835 2355 888 hoc
2380 844 2605 904 utroque
2632 836 2758 890 vitio
2787 836 3015 902 liberati,
3039 852 3158 890 cum
3187 836 3294 890 sint
3315 839 3622 892 miscricor-

2036 925 2134 980 des
2164 936 2215 980 et
2251 926 2546 980 clementes
2575 969 2590 993 ,
2620 926 2717 980 has
2752 928 2976 983 virtutes
3017 930 3309 997 possident.
3354 931 3620 996 Quemad-

2039 1017 2253 1071 modum
2284 1032 2412 1087 ergo
2439 1018 2540 1072 illis
2566 1033 2632 1072 ex
2657 1018 2974 1073 crudelitate
2998 1028 3218 1090 utraque
3245 1023 3517 1085 eveniunt,
3549 1022 3615 1076 ita

2040 1106 2121 1161 bis
2144 1116 2358 1176 propter
2380 1108 2765 1162 humanitatem
2788 1119 2841 1163 et
2866 1110 3199 1164 clementiam
3226 1153 3240 1176 ,
3273 1113 3412 1181 quod
3439 1121 3492 1166 ct
3521 1129 3618 1167 eo-

2040 1212 2156 1250 rum
2206 1198 2294 1266 qui
2345 1197 2527 1252 dolent
2553 1199 3030 1254 commisereautur
3055 1241 3068 1266 ,
3102 1202 3236 1256 etiis
3267 1218 3389 1257 cum
3431 1203 3622 1274 quibus

2038 1289 2175 1344 bene
2195 1291 2365 1359 agitur
2389 1293 2738 1346 collzrteutur.

2111 1382 2405 1452 Afﬂictionis
2431 1383 2700 1437 tolerantia
2732 1386 3191 1442 meritoria.—Cur
3220 1397 3398 1444 autem
3429 1390 3563 1444 dixit
3593 1433 3609 1456 ,

2041 1470 2218 1525 Donec
2263 1473 2513 1528 retribuas
2554 1475 2676 1528 mihi
2705 1475 2732 1529 ?
2760 1476 2911 1532 Alius
2955 1479 3167 1548 quidem
3199 1480 3328 1534 dit-it
3357 1522 3372 1547 ,
3408 1481 3624 1546 Quando

2041 1563 2166 1616 mihi
2180 1564 2476 1633 benefeccris
2494 1567 2593 1638 (a).
2619 1567 2717 1621 Alii
2745 1585 2891 1635 vero,
2918 1570 3133 1634 Quando
3149 1573 3386 1626 retribues
3408 1583 3451 1626 et
3467 1591 3626 1628 remu-

2041 1654 2292 1709 neraberis
2318 1673 2414 1711 me.
2458 1659 2616 1727 Atqui
2644 1661 2888 1728 superius
2916 1661 3047 1714 dixit
3076 1661 3416 1719 afflictionem
3445 1674 3500 1720 et
3527 1665 3627 1719 hu-

2044 1747 2392 1802 miliationem
2425 1789 2441 1814 ,
2475 1766 2578 1803 non
2633 1753 2886 1818 praeclara
2929 1754 3158 1809 facinora
3184 1797 3199 1822 ,
3237 1773 3336 1812 nec
3374 1773 3438 1812 ex
3481 1769 3626 1814 recte

2035 1839 2193 1894 factis
2235 1841 2498 1895 ﬁduciam.
2548 1841 2712 1911 Cujus
2753 1857 2928 1898 autem
2975 1846 3051 1899 rei
3094 1848 3394 1902 mercedem
3447 1851 3626 1919 petit?

2045 1929 2148 1983 Pro
2174 1929 2363 1985 diebus
2392 1933 2792 1988 bumiliationis.
2822 1935 2937 1989 Non
2965 1944 3048 1990 est
3076 1938 3216 1990 enim
3241 1939 3491 2008 pusillum
3522 1940 3623 1996 hoc

2043 2031 2187 2076 recte
2219 2021 2432 2088 factum,
2461 2024 2598 2078 ferre
2625 2025 2963 2080 afflictionem
2995 2043 3114 2081 cum
3141 2031 3428 2098 gratiarum
3455 2033 3623 2086 actio-

2046 2127 2132 2176 ne,
2158 2121 2212 2166 et
2233 2112 2349 2168 ideo
2380 2123 2534 2167 vocat
2555 2116 2977 2182 retributionem,
3004 2134 3119 2170 eam
3141 2161 3156 2184 ,
3188 2135 3306 2188 quae
3329 2119 3416 2174 illa
3445 2123 3627 2190 sequi-

2047 2209 2149 2266 tur,
2169 2202 2488 2257 mercedem.
2514 2204 2590 2258 Ne
2612 2221 2710 2258 nos
2731 2222 2857 2275 ergo
2874 2222 3130 2276 angamur
3155 2210 3206 2262 iu
3232 2209 3626 2277 afflictionibus,

2045 2294 2139 2349 sed
2169 2310 2384 2350 oremus
2416 2313 2482 2351 ne
2525 2299 2780 2353 intremus
2805 2300 2854 2352 in
2880 2303 3228 2356 tentalionem
3258 2320 3271 2356 :
3306 2320 3424 2373 qua;
3449 2315 3627 2361 autem

2045 2389 2326 2443 evenerint
2352 2391 2697 2459 excipiamus.
2734 2393 2805 2447 lta
2834 2396 2975 2447 enim
3007 2407 3058 2448 et
3085 2406 3295 2465 peccata
3327 2407 3505 2453 nostra
3537 2400 3630 2456 de-

2051 2482 2333 2550 ponimus:
2367 2493 2420 2537 et
2452 2485 2496 2537 si
2521 2500 2622 2552 qua
2654 2495 2737 2539 est
2767 2486 2816 2538 in
2849 2487 3251 2557 nobisjustitia,
3292 2506 3410 2544 eam
3438 2492 3632 2547 clario-

2046 2586 2161 2625 rem
2192 2572 2481 2627 reddimus.
2515 2573 2568 2628 ld
2595 2584 2770 2629 autem
2797 2575 2898 2630 Job
2913 2579 3167 2645 ostendit,
3197 2582 3286 2648 qui
3315 2591 3440 2636 tunc
3464 2584 3632 2652 magis

2048 2664 2258 2719 claruit.
2291 2665 2404 2720 Hoc
2429 2665 2626 2720 bonum
2659 2677 2738 2722 est
2764 2669 2923 2723 etiam
2948 2671 2998 2723 in
3024 2672 3369 2739 corporibus:
3396 2674 3495 2728 hoc
3526 2691 3629 2729 non

2049 2755 2223 2811 solum
2249 2757 2403 2811 estin
2428 2757 2766 2825 hominibus,
2800 2760 2895 2814 sed
2929 2762 3089 2816 etiam
3121 2763 3172 2816 in
3199 2761 3371 2818 brutis
3399 2782 3412 2818 :
3447 2782 3551 2819 non
3578 2767 3630 2821 in

2053 2849 2221 2903 brutis
2252 2851 2423 2904 solum
2453 2893 2467 2916 ,
2498 2852 2591 2907 sed
2623 2853 2782 2907 etiam
2809 2854 2861 2907 in
2895 2855 3108 2923 plantis.
3138 2855 3206 2909 Et
3231 2856 3351 2911 ideo
3381 2874 3446 2912 ne
3471 2858 3521 2912 in
3553 2858 3635 2913 vi-

2053 2941 2192 2996 tibus
2229 2942 2441 3010 quidem
2479 2946 2788 3012 permittunt
2817 2945 3061 3015 agricolae
3089 2961 3270 3001 comas
3291 2947 3449 3001 nimis
3481 2949 3636 3003 luxu-

2052 3033 2211 3099 riare,
2243 3050 2344 3089 nec
2369 3035 2420 3088 in
2443 3035 2561 3089 aliis
2591 3036 2999 3099 arboribus,sed
3029 3053 3097 3091 ne
3126 3039 3344 3092 nimium
3373 3052 3635 3105 crescant,

2053 3124 2188 3179 falce
2224 3126 2539 3194 prohibent,
2567 3142 2755 3181 omnes
2781 3145 2962 3182 earum
3001 3129 3141 3184 vires
3179 3130 3230 3182 iu
3262 3130 3470 3185 radices
3506 3147 3636 3186 con-

2051 3227 2346 3293 vertentes,
2379 3233 2446 3274 ne
2472 3234 2550 3273 cm
2592 3219 2644 3274 in
2678 3219 2820 3274 foliis
2849 3232 3177 3290 consumptae
3221 3221 3424 3277 fructus
3451 3223 3638 3279 inanes

2053 3321 2108 3365 et
2146 3310 2361 3366 inutiles
2385 3311 2698 3381 producant.
2732 3311 2882 3380 Quod
2914 3313 3127 3383 quidem
3157 3315 3336 3369 creuit
3381 3316 3541 3369 etiam
3587 3317 3638 3370 iu

2056 3404 2380 3458 hominibus.
2422 3402 2609 3459 Studio
2649 3405 2790 3458 enim
2834 3405 2884 3457 in
2929 3421 2988 3460 ea
3033 3421 3153 3475 qua:
3198 3417 3324 3460 sunt
3373 3407 3640 3477 superflua

2055 3505 2404 3564 consumpto,
2430 3485 2746 3550 imbecillior
2784 3495 2842 3549 fit
2866 3497 3074 3550 animus
3104 3497 3169 3550 ad
3203 3497 3476 3553 ferendum
3501 3499 3641 3554 fruc-

2056 3593 2169 3640 tum
2202 3588 2410 3656 pietatis
2439 3596 2702 3641 maturum
2731 3598 2784 3642 et
2814 3588 3124 3657 perfectum.
3153 3589 3265 3644 lloe
3289 3592 3450 3644 etiam
3476 3589 3642 3646 videri

2056 3689 2231 3750 potest
2259 3680 2312 3733 in
2339 3681 2512 3748 aquis.
2543 3679 2672 3745 Qua:
2692 3679 2834 3733 enim
2858 3681 3104 3733 consistit
3131 3687 3186 3732 et
3205 3695 3312 3733 non
3342 3690 3483 3733 meat
3513 3721 3526 3742 ,
3559 3691 3642 3734 est

2058 3769 2214 3824 noxia
2238 3789 2251 3825 :
2280 3770 2374 3824 sed
2406 3786 2523 3840 qua:
2551 3779 2795 3824 movetur
2815 3811 2827 3835 ,
2853 3771 3180 3835 exhauritur,
3218 3780 3271 3824 et
3293 3786 3386 3839 per
3415 3772 3568 3824 tubos
3590 3781 3647 3826 et

2058 3878 2209 3934 aqua:
2237 3862 2429 3918 ductus
2460 3863 2836 3916 transmittitur
2859 3903 2872 3926 ,
2903 3877 3010 3916 non
3040 3863 3211 3915 solum
3244 3872 3326 3916 est.
3369 3862 3600 3916 salubris
3624 3903 3640 3925 ,

2059 3957 2154 4012 sed
2184 3967 2238 4010 et
2267 3957 2382 4010 visu
2413 3997 2427 4022 ,
2463 3968 2515 4010 et
2544 3965 2683 4009 tactu
2719 3997 2733 4019 ,
2768 3963 2821 4008 et
2848 3963 2972 4023 potu
3002 3965 3085 4007 est
3121 3953 3467 4022 jucundior‘.
3488 3953 3645 4023 Sa-pe

2061 4052 2219 4106 etiam
2263 4049 2390 4103 vicit
2417 4057 2654 4102 naturam
2696 4047 2932 4101 afflictio.
2978 4046 3131 4114 Quod
3174 4047 3314 4098 enim
3363 4045 3641 4099 flaccidum

2060 4152 2165 4209 est,
2190 4151 2242 4196 et
2272 4142 2521 4195 deorsum
2552 4140 2740 4204 fertur,
2770 4139 2814 4192 si
2846 4151 3134 4208 prematur,
3159 4153 3372 4192 sursum
3401 4138 3642 4206 erigitur.

2063 4234 2213 4302 Quod
2240 4234 2398 4286 etiam
2430 4231 2621 4285 accidit
2648 4231 2698 4284 in
2732 4229 3052 4284 hominibus.
3087 4228 3185 4297 Qui
3217 4229 3357 4283 enim
3391 4228 3544 4283 facile
3573 4229 3650 4283 fe-

2065 4335 2189 4380 runt
2219 4325 2535 4380 :ifﬁictiones
2562 4365 2574 4387 ,
2606 4324 2902 4378 redduntur
2922 4323 3247 4376 excelsiores
3265 4363 3280 4388 ,
3306 4322 3512 4378 etiamsi
3545 4325 3654 4377 sint

2065 4418 2218 4472 valde
2245 4417 2434 4485 objecti
2468 4457 2482 4479 ,
2531 4415 2728 4470 terreni
2759 4457 2776 4482 ,
2817 4424 2870 4468 et
2895 4413 3124 4468 humiles
3151 4432 3165 4469 :
3195 4421 3250 4470 et
3273 4430 3336 4468 ex
3368 4414 3432 4469 iis
3461 4429 3650 4484 magna

2068 4510 2348 4564 commoda
2393 4508 2685 4577 accipiunt.
2739 4507 2862 4560 lliec
2899 4522 3026 4577 ergo
3067 4521 3188 4560 cum
3225 4507 3452 4560 sciamus
3486 4549 3501 4572 ,
3533 4522 3653 4560 eum

2068 4602 2355 4668 gratiarum
2383 4601 2594 4656 actione
2619 4598 2848 4653 feramus
2879 4598 3015 4651 mala
3046 4640 3060 4664 ,
3096 4614 3215 4668 qua:
3244 4599 3298 4652 in
3326 4614 3423 4652 nos
3457 4599 3652 4652 immit-

2071 4700 2255 4745 tuntur
2282 4731 2296 4753 ,
2341 4699 2396 4743 ut
2417 4699 2469 4745 et
2502 4689 2591 4743 illa
2620 4688 2774 4742 nobis
2802 4687 2928 4742 ﬁant
2956 4686 3216 4753 faciliora,
3241 4698 3295 4742 et
3319 4689 3456 4743 bona
3482 4687 3657 4743 futura

2071 4797 2464 4851 consequamur
2493 4798 2507 4833 :
2536 4797 2654 4850 quae
2701 4781 2858 4835 detur
2898 4780 3052 4834 nobis
3079 4781 3324 4834 omnibus
3351 4780 3606 4850 consequi
3642 4823 3656 4846 ,

2073 4875 2241 4946 gratia
2290 4885 2344 4929 et
2392 4873 2674 4928 clementia
2719 4872 2925 4926 Domini
2959 4872 3125 4925 nostri
3154 4871 3500 4926 JesuChristi
3526 4912 3540 4937 ,
3573 4872 3659 4925 cui

2073 4969 2238 5038 gloria
2269 4977 2323 5020 et
2344 4967 2656 5035 imperium,
2689 4979 2831 5018 nunc
2847 4973 3148 5033 etsemper,
3165 4973 3216 5018 et
3256 4963 3308 5016 in
3337 4963 3528 5016 sarcula
3555 4978 3662 5016 sse-

2076 5061 2338 5114 culorum.
2375 5061 2567 5110 Amen.

2538 5169 2600 5224 IN
2641 5169 2858 5224 PSALM
2871 5168 2965 5224 UM
3003 5166 3204 5222 CXLII.

2363 5269 2414 5319 1.
2436 5263 2671 5328 Domine,
2697 5262 2881 5316 exaudi
2904 5262 3182 5316 orationem
3206 5278 3385 5314 meam.

2153 5363 2200 5415 1.
2245 5359 2343 5414 Est
2383 5358 2595 5428 quidem
2639 5369 2907 5427 προσευχὴ,
2950 5365 3004 5410 et
3051 5354 3286 5424 precatio
3325 5368 3444 5423 qua:
3474 5354 3532 5408 fit
3576 5370 3666 5423 per

2145 5473 2160 5502 ί
2189 5467 2306 5528 Alii,
2330 5481 2456 5530 quos
2488 5465 2537 5514 in
2566 5472 2710 5530 textu
2742 5469 2945 5512 secutus
2973 5467 3049 5509 est
3078 5459 3252 5530 δεινῇ..
3287 5457 3470 5505 habent
3496 5471 3507 5497 ε

2083 5530 2210 5584 enim
2253 5522 2470 5580 consistit
2524 5532 2570 5578 et
2612 5524 2768 5576 otiosa
2808 5531 2896 5591 est,
2939 5522 3302 5591 corriuupitur;
3340 5530 3459 5587 qua:
3496 5522 3660 5591 autem

2087 5582 2473 5658 triinsportatur,
2490 5593 2745 5658 'movetur,
2782 5583 3141 5647 circumfertur,
3167 5582 3413 5630 salubrior
3435 5586 3508 5631 est
3531 5582 3661 5638 visu,

2088 5661 2135 5706 et
2154 5652 2298 5711 tactu,
2332 5660 2375 5703 et
2395 5657 2509 5716 potu
2536 5652 2819 5716 jucundior.

2153 5716 2225 5777 (α)
2270 5706 2555 5780 Haec'item:
2567 5708 2938 5780 interpretatio
2982 5712 3061 5759 est
3111 5708 3254 5772 juxta
3294 5706 3664 5770 Symmachum,

2090 5775 2247 5830 altera
2266 5777 2408 5840 juxta
2431 5775 2678 5839 Aquilam.
