4070 6340
467 360 572 414 ιη

464 473 624 525 verba
645 513 660 536 ,
691 478 749 526 et
779 478 861 524 est
889 469 1048 524 etiam
1081 469 1398 538 promissum
1427 482 1521 522 seu
1553 476 1748 522 votum.
1785 466 2048 534 Quocirca

467 563 654 618 suadet
692 562 850 617 etiam
892 562 1105 631 quidam
1137 563 1351 632 sapiens
1371 603 1387 625 ,
1418 561 1602 615 dicens
1622 601 1636 624 ,
1684 559 1768 614 Ne
1792 560 2048 614 iteraveris

464 654 667 707 verbum
701 654 752 706 in
783 655 1008 707 oratione
1033 663 1120 706 tua
1144 650 1330 724 (Eccti.
1361 653 1413 706 7.
1439 653 1544 722 15).
1574 651 1691 707 Νοη
1715 661 1890 707 autem
1919 651 2047 705 bor-

465 756 604 800 tatur
631 756 684 799 et
710 744 896 799 suadet
925 753 982 798 ut
1005 760 1109 799 non
1137 745 1324 799 eadem
1353 743 1432 798 bis
1454 745 1712 808 dicamus,
1735 759 1857 799 cum
1881 741 2045 799 Deum

466 853 712 907 rogamus
737 847 791 890 et
820 843 1134 907 precamur;
1159 837 1298 890 absit
1321 853 1335 887 :
1360 836 1609 906 jubemur
1632 836 1773 890 enim
1799 849 2047 904 perseve-

465 944 582 982 rare
626 930 676 981 in
721 929 1084 990 orationibus;
1126 928 1220 982 sed
1252 943 1318 982 ne
1347 926 1654 982 diﬁ‘eramus
1690 927 1903 997 quando
1937 927 2049 982 Deo

466 1019 663 1089 aliquid
703 1017 964 1073 fui-rimus
995 1018 1214 1090 polliciti
1241 1059 1256 1081 ,
1283 1026 1339 1072 et
1366 1017 1414 1071 id
1443 1017 1649 1072 solvere
1680 1031 2048 1087 properemus.

464 1109 532 1164 Et
562 1110 679 1163 ideo
706 1109 835 1163 dicit
857 1109 981 1163 alibi
1013 1126 1026 1162 :
1057 1107 1141 1164 Ne
1165 1107 1375 1174 di/feras
1400 1108 1606 1161 reddere
1640 1118 1805 1161 votum
1837 1106 2043 1179 (Eccle.

471 1203 524 1258 5.
551 1202 626 1274 3).
658 1201 910 1256 Futurum
941 1201 1082 1254 enim
1104 1210 1187 1254 est
1217 1201 1496 1255 incertum.
1529 1200 1621 1256 Vel
1643 1200 1785 1254 enim
1810 1200 2045 1267 morbus,

466 1293 549 1346 vel
579 1309 696 1362 quae
725 1300 920 1363 praeter
946 1291 1254 1361 opinionem
1287 1291 1533 1345 accidunt
1569 1291 1778 1360 negotia
1801 1331 1818 1357 ,
1864 1291 2048 1360 prohi-

470 1384 698 1438 buerint.
728 1384 877 1450 Quod
906 1384 949 1437 si
974 1383 1116 1438 enim
1141 1398 1286 1436 mors
1306 1381 1592 1436 adveniens
1614 1391 1664 1436 te
1687 1382 2046 1450 interrupcrit,

465 1493 568 1530 non
616 1477 824 1530 dabitur
873 1475 963 1530 tibi
1011 1475 1182 1529 venia.
1225 1474 1528 1530 Orationem
1570 1483 1751 1529 autem
1795 1473 1883 1529 hic
1923 1474 2051 1529 dicit

465 1567 824 1635 precationem
853 1575 908 1620 et
930 1564 1398 1635 supplicationem;
1423 1572 1477 1618 et
1504 1563 1623 1618 ideo
1650 1563 1920 1632 subjunxit
1946 1564 2049 1619 hoc

464 1660 633 1728 ipsum
661 1660 963 1728 signiﬁcans
980 1700 994 1720 ,
1018 1655 1235 1710 Auribus
1256 1655 1455 1725 percipe
1477 1653 1861 1708 obsecrationem
1886 1670 2048 1707 meam

463 1753 516 1804 in
555 1753 755 1803 reritate
789 1761 895 1801 tua.
928 1749 1109 1812 Alius,
1138 1746 1205 1801 In
1235 1747 1336 1816 [ide
1361 1757 1467 1799 tua.
1499 1747 1679 1811 Alius,
1711 1745 1778 1800 In
1813 1746 2050 1815 ﬁrmitate

463 1857 550 1898 tua
583 1843 677 1916 (a).
726 1844 836 1897 lloc
862 1851 946 1897 est
969 1884 985 1910 ,
1013 1844 1202 1896 Annuc
1243 1841 1481 1910 petitioni
1506 1881 1522 1905 ,
1554 1850 1606 1894 et
1635 1839 1717 1893 l'ac
1744 1848 1800 1892 ut
1827 1853 1891 1893 ea
1914 1837 2047 1894 eire-

463 1947 605 1992 ctum
631 1942 1011 2003 consequatur,
1041 1942 1126 1986 tua
1158 1932 1378 1986 veritate
1403 1932 1760 1984 conﬁrmans:
1787 1938 1934 1984 utere
1960 1937 2048 1983 tua

467 2027 704 2100 potentia
746 2026 811 2078 ad
850 2041 912 2079 ea
959 2024 1223 2094 implenda
1248 2064 1264 2089 ,
1296 2039 1414 2092 qua:
1457 2033 1598 2092 peto.
1639 2021 1744 2077 Sed
1774 2020 2048 2076 videamus

464 2119 762 2190 cujusmodi
787 2119 855 2171 sit
881 2117 1182 2186 postulatio.
1213 2115 1366 2186 Apud
1394 2115 1656 2180 homines,
1687 2112 1900 2184 quando
1928 2113 2048 2182 quis

463 2217 617 2270 nﬁ‘ert
645 2212 1080 2282 supplicationem
1102 2251 1117 2276 ,
1151 2209 1253 2262 hoc
1287 2208 1746 2275 considerant,qui
1783 2221 1901 2260 eam
1928 2220 2050 2260 sus-

462 2307 666 2376 cipiunt
693 2306 733 2366 ¹,
764 2311 818 2357 et
847 2303 889 2356 si
913 2304 1053 2371 justa
1085 2301 1152 2355 sit
1179 2317 1240 2354 ac
1265 2301 1517 2371 legitima,
1547 2297 1782 2352 auditur.

533 2397 846 2452 Conscientia
882 2394 1046 2465 judex
1087 2395 1330 2457 interior;
1368 2392 1617 2446 auxilium
1645 2390 1743 2445 Dei
1781 2391 1834 2444 in
1867 2391 2046 2462 quibus

462 2492 606 2542 rebus
635 2486 975 2556 quwrendum.
1006 2514 1077 2526 -
1100 2484 1204 2538 Sed
1244 2483 1383 2554 apud
1421 2481 1665 2536 homines
1707 2481 1918 2552 quidem
1946 2497 2046 2552 pro

466 2579 756 2633 honoribus
780 2620 794 2644 ,
823 2575 1162 2646 dignitatibus
1189 2615 1204 2641 ,
1237 2585 1290 2628 et
1330 2574 1568 2645 pecuniis
1595 2572 1651 2626 ﬁt
1689 2573 2003 2643 supplicatio
2024 2613 2044 2642 ,

462 2687 604 2739 s:epe
633 2669 789 2724 etiam
822 2678 875 2721 ut
900 2666 1241 2738 prohibeatur
1269 2665 1459 2735 injuria
1494 2664 1620 2720 :alii
1646 2674 1822 2718 autem
1852 2679 1915 2718 ea
1949 2680 2043 2734 pe-

466 2772 580 2816 tunt
609 2776 727 2830 qua:
753 2768 876 2813 sunt
906 2759 1122 2824 majora,
1160 2771 1314 2824 quam
1346 2766 1402 2810 ut
1429 2755 1542 2810 ﬁeri
1575 2756 1776 2825 possint
1802 2771 1830 2810 a
1851 2755 2047 2826 judici-

466 2853 563 2905 hus
593 2868 605 2902 :
635 2865 732 2904 nos
756 2859 933 2903 autem
959 2847 1320 2917 supplicamus
1348 2862 1443 2914 pro
1476 2856 1812 2914 peccatorum
1840 2847 2044 2902 condo-

467 2946 680 2998 natione
704 2985 717 3007 ,
744 2951 799 2996 et
828 2952 950 2996 tunc
973 2940 1213 2994 venimus
1234 2940 1299 2993 ad
1326 2939 1761 3008 supplicationem
1787 2980 1802 3005 ,
1831 2938 2045 3009 quando

464 3037 702 3089 internus
743 3033 907 3104 juch
953 3049 1056 3086 non
1101 3031 1405 3094 renuserit,
1457 3031 1781 3086 conscientia
1828 3031 2043 3100 inquam

465 3139 644 3182 nostra
671 3169 685 3192 ,
714 3142 832 3196 quae
861 3140 958 3179 nos
986 3131 1137 3194 urget
1160 3139 1222 3177 ac
1253 3131 1427 3178 vexat.
1473 3121 1654 3190 Neque
1676 3123 1818 3177 enim
1847 3123 1898 3176 in
1928 3123 2044 3192 ejus

464 3229 724 3292 potestate
753 3219 910 3274 situm
945 3226 1026 3271 est
1063 3215 1354 3271 remittere.
1393 3214 1458 3267 Et
1499 3212 1946 3282 quemadmodum
1976 3215 2042 3268 ad

465 3315 839 3384 Imperatorem
863 3323 1016 3364 nemo
1038 3323 1134 3377 pro
1157 3317 1302 3360 veste
1325 3301 1545 3360 discissa
1570 3345 1584 3369 ,
1616 3320 1714 3359 nec
1740 3320 1834 3374 pro
1857 3303 2042 3359 decem

463 3406 636 3458 obnlis
674 3402 868 3472 ereptis
908 3399 1066 3454 audet
1107 3397 1401 3452 accedere:
1433 3396 1502 3448 ita
1542 3397 1700 3449 etiam
1743 3404 1796 3449 tu
1821 3437 1839 3460 ,
1887 3405 2044 3466 atque

463 3497 597 3551 adeo
631 3497 782 3562 longe
820 3491 1044 3561 amplius
1069 3533 1081 3551 .
1111 3505 1239 3544 cave
1279 3505 1345 3542 ne
1385 3488 1451 3542 ad
1496 3489 1658 3543 Deum
1690 3489 1910 3545 accedas
1948 3505 2045 3560 pro

463 3590 622 3642 rebus
654 3587 840 3640 vilibus
870 3593 921 3638 et
951 3582 1099 3636 nihili
1138 3599 1150 3635 :
1185 3591 1238 3634 ut
1264 3580 1408 3634 verbi
1436 3582 1625 3649 gratia,
1653 3581 1696 3635 si
1727 3581 1843 3650 quis
1875 3582 1926 3635 in
1955 3597 2045 3650 pe-

463 3679 618 3732 etmia
652 3676 744 3728 tibi
773 3673 955 3730 fecerit
982 3671 1244 3741 injnriam,
1269 3680 1358 3722 aut
1381 3671 1422 3724 si
1445 3670 1562 3740 quis
1581 3670 1819 3725 aﬂ'ccerit.
1843 3681 1894 3726 te
1917 3687 2047 3726 con-

465 3770 680 3824 tinnelia
708 3785 720 3820 :
746 3766 837 3822 sed
861 3768 911 3820 in
936 3765 999 3818 iis
1029 3764 1080 3818 in
1104 3764 1294 3833 quibus
1315 3763 1555 3817 diabolus
1579 3772 1628 3817 te
1651 3763 1838 3832 injuria
1859 3764 2041 3832 afﬁcit,

465 3871 575 3914 tum
601 3875 831 3928 superno
859 3857 1088 3910 maxime
1112 3854 1307 3908 auxilio
1337 3869 1469 3922 epus
1499 3861 1598 3906 est.
1649 3854 1717 3906 At
1743 3868 1846 3906 non
1877 3853 2042 3908 habes

463 3955 550 4020 qni
584 3952 654 4006 tni
679 3965 861 4005 curam
887 3954 1064 4018 gerat,
1097 3956 1150 4001 et
1183 3958 1321 3999 tuam
1353 3943 1789 4013 supplicationem
1817 3944 2042 4000 oﬂ'erat?

461 4046 593 4098 tium
623 4044 736 4097 Rex
764 4040 1036 4113 procedit,
1065 4054 1185 4092 eum
1215 4037 1483 4106 alloquere
1504 4078 1518 4098 ,
1549 4045 1602 4090 et
1628 4051 1808 4106 quaere
1835 4045 2043 4106 tempus

463 4148 838 4208 opportunum.
873 4132 1093 4202 Quando
1123 4146 1250 4200 ergo
1287 4129 1523 4198 procedit
1551 4129 1697 4183 Rex?
1742 4129 1965 4199 Semper
1989 4141 2044 4184 et

466 4235 742 4297 perpetuo.
786 4222 1006 4290 Quando
1051 4230 1134 4275 est.
1181 4230 1357 4274 autem
1403 4230 1607 4287 tempus
1649 4221 2042 4288 opportunum?

464 4316 686 4386 Quando
716 4325 771 4370 tu
801 4315 1058 4376 volucris,
1091 4312 1300 4382 quando
1324 4352 1339 4376 ,
1370 4321 1427 4363 ut
1451 4311 1642 4379 dignus
1671 4311 1745 4363 sis
1768 4351 1783 4375 ,
1817 4311 2044 4380 teipsum

466 4405 867 4479 przeparaveris.
896 4403 1221 4458 Jubehantnr
1241 4400 1450 4470 quidem
1479 4399 1645 4453 Judmi
1675 4400 1725 4453 in
1753 4400 1890 4455 valle
1916 4401 2044 4455 sub-

465 4503 675 4565 sistere,
703 4515 823 4554 cum
848 4498 958 4552 Deo
981 4503 1319 4565 apparerent.
1347 4502 1401 4547 et
1425 4493 1572 4547 albas
1598 4504 1772 4547 veSIes
1799 4493 2041 4560 induere,

466 4605 522 4651 et
540 4609 660 4649 cum
685 4607 846 4647 uxore
872 4605 984 4644 rem
1012 4603 1115 4641 non
1138 4587 1335 4640 habere
1358 4584 1552 4653 (Exod.
1580 4585 1662 4640 i9.
1691 4585 1774 4639 12.
1804 4586 1886 4639 14.
1914 4583 2000 4657 15)
2027 4603 2041 4640 :

468 4697 524 4742 ιιι
551 4695 727 4741 autem
757 4683 986 4736 animam
1017 4679 1241 4732 emunda
1273 4692 1368 4746 pro
1399 4676 1665 4741 vestibus,
1693 4685 1748 4730 et
1775 4692 1893 4730 cum
1927 4692 2046 4730 mo-

469 4778 743 4835 deratione
769 4817 783 4839 ,
815 4771 1218 4830 mansuetudine
1243 4811 1256 4833 ,
1288 4779 1341 4823 et
1369 4783 1574 4821 summa
1604 4769 1779 4835 quiete
1807 4768 1999 4823 accede
2025 4809 2044 4839 ,

469 4880 524 4924 et
559 4868 624 4924 ad
647 4868 846 4935 Regem
871 4862 1209 4934 proﬁciscere
1232 4901 1248 4927 ,
1277 4859 1322 4913 si
1351 4860 1430 4912 vis
1456 4873 1582 4912 vere
1607 4857 1747 4926 quod
1775 4856 1912 4925 petis
1943 4858 2046 4911 im-

471 4970 703 5032 petrare.
730 4957 842 5011 Non
873 4961 989 5024 eget
1015 4952 1192 5006 multis
1216 4949 1512 5018 sumptibus
1539 4948 1890 5018 peregrinatio
1919 4965 1931 5000 :
1960 4963 2048 5002 ac-

471 5051 589 5118 cipe
605 5049 856 5102 virtutem
877 5043 1146 5097 viaticum.
1172 5041 1236 5094 Et
1254 5039 1462 5094 ubinam
1481 5040 1587 5107 agit
1609 5037 1694 5090 hic
1715 5038 1859 5091 Rex?
1877 5037 2048 5106 Prope

473 5157 566 5197 eos
589 5141 678 5210 qui
706 5137 870 5194 corde
894 5143 1016 5190 sunt
1042 5133 1290 5187 contrito.
1323 5131 1413 5184 illa
1440 5131 1521 5184 via
1550 5129 1849 5198 ingredere.
1878 5127 2050 5198 Prope

473 5242 545 5286 cst
585 5231 832 5286 Dominus
879 5224 1106 5279 omnibus
1141 5223 1226 5292 qui
1269 5222 1434 5291 ipsum
1478 5221 1712 5273 invocant
1747 5221 1802 5272 in
1845 5219 2050 5273 ueritate

475 5326 493 5386 (
524 5323 663 5378 Psat.
695 5321 817 5374 tu.
849 5317 977 5386 18).
1007 5315 1116 5369 Illic
1142 5328 1262 5367 eum
1289 5311 1526 5366 invenies
1551 5351 1566 5376 ,
1605 5310 1713 5364 illic
1737 5310 2045 5380 alloqueris.

479 5415 577 5470 Est
608 5427 771 5483 prope
799 5425 890 5465 eos
913 5449 928 5474 ,
957 5407 1044 5477 qui
1077 5418 1264 5475 panem
1299 5401 1550 5472 frangunt
1575 5399 1928 5456 esurientibus
1951 5443 1965 5467 ,
1993 5409 2050 5456 et

538 5565 555 5596 ι
591 5571 713 5612 'n-es
728 5569 854 5619 Mss,
875 5555 1196 5611 considerant,
1212 5551 1304 5619 qui
1324 5553 1526 5619 offerunt
1547 5550 1635 5619 :'_id
1657 5549 1787 5614 quod
1805 5550 2050 5619 diversum

472 5627 669 5676 omnino
702 5612 899 5673 sensum
937 5619 1102 5677 edicit,
1139 5616 1226 5664 sed
1236 5612 1450 5663 alteram
1485 5612 1767 5671 lectionem,
1787 5612 1877 5675 qui
1897 5612 2050 5662 susci-

473 5687 626 5755 ρίιιηςο
651 5690 874 5755 asserunt
897 5695 957 5731 ea
978 5682 1394 5755 «assequar:

539 5736 626 5809 (a)'
643 5749 772 5809 Prior
802 5736 1140 5806 interpretatio
1165 5736 1240 5790 est
1260 5741 1396 5802 juxta
1441 5736 1786 5799 Symmachum,
1811 5741 2048 5798 posterior

475 5807 608 5862 iuxta
633 5807 860 5870 Aquilam.

1176 353 1235 410 S.
1272 351 1550 410 JOANNIS
1581 351 2061 408 CHRYSOSTOMI
2097 352 2417 412 ARCHIEP.
2455 355 2989 414 CONSTANTINOP.

3637 365 3746 420 με

2155 479 2379 539 erogant
2411 469 2827 542 eleemosynam.
2871 472 2928 527 Si
2971 472 3071 526 hac
3115 473 3194 526 ria
3227 474 3458 537 veneris,
3501 477 3741 533 invenies

2153 576 2273 615 cum
2308 572 2566 630 paratum,
2599 574 2920 619 annuentcm
2953 573 3057 618 tua)
3088 566 3346 633 petitioni.
3377 565 3448 620 Te
3478 573 3616 621 enim
3643 572 3741 623 ad-

2154 653 2252 706 huc
2280 656 2511 723 loquente
2547 656 2752 722 dicam,
2795 655 2931 710 Ecce
2964 658 3146 710 adsum
3181 655 3201 729 (
3225 657 3351 713 Isai.
3383 658 3470 714 58.
3501 661 3534 716 9
3561 661 3577 727 j
3601 677 3614 713 :
3641 678 3738 716 nec

2153 760 2286 815 opus
2314 748 2420 801 erit
2456 747 2810 803 intercessore
2835 791 2850 814 ,
2891 749 2986 803 sed
3031 765 3125 820 per
3152 759 3204 804 te
3237 751 3408 820 ipsum
3435 754 3575 823 quod
3603 756 3737 823 petis

2152 839 2477 906 assequeris.
2517 836 2724 892 Exaudi
2766 857 2844 893 me
2871 841 2924 893 in
2967 851 3052 893 tua
3069 842 3293 911 justitia.
3323 843 3460 908 Quid
3505 844 3634 899 facis
3657 887 3672 911 ,
3702 863 3745 900 ο

2153 929 2353 983 homo?
2395 929 2532 984 lnt'ra
2573 929 2813 986 dicturus
2837 947 2897 987 es
2919 971 2938 998 ,
2969 930 3050 986 Ne
3073 933 3228 988 intres
3254 935 3308 988 in
3341 936 3595 1002 judicium
3622 955 3735 990 cum

2151 1037 2292 1075 servo
2320 1032 2426 1087 tuo,
2454 1023 2572 1094 quia
2593 1039 2692 1076 non
2713 1023 3078 1092 justiﬁcabitur
3098 1025 3153 1078 in
3175 1035 3442 1097 conspectu
3469 1037 3553 1081 tuo
3577 1033 3735 1083 omnis

2153 1111 2390 1182 vivens(v.
2421 1112 2477 1181 2)
2510 1130 2523 1166 :
2550 1123 2604 1167 et
2630 1112 2716 1168 hic
2741 1129 2896 1184 rogas
2918 1122 2974 1169 ut
2993 1114 3132 1169 sicut
3153 1115 3355 1186 justum
3375 1127 3457 1172 est
3480 1121 3734 1173 exaudia-

2153 1203 2265 1256 ris?
2290 1203 2426 1268 Quid
2451 1211 2536 1258 est
2563 1218 2693 1273 ergo
2716 1205 2856 1274 quod
2887 1205 3117 1261 dicitur?

2222 1293 2433 1348 Justitia
2461 1293 2556 1348 Dei
2581 1295 2876 1362 clementia;
2901 1297 3079 1352 diluvii
3108 1299 3303 1367 punitio
3327 1316 3478 1370 quam
3498 1301 3638 1356 levis.
3664 1332 3733 1342 —

2151 1381 2413 1438 Justitiam
2437 1384 2529 1438 hic
2548 1384 2678 1440 dicit
2700 1386 3060 1453 clementiam,
3092 1399 3145 1442 et
3165 1389 3217 1443 in
3241 1391 3424 1445 multis
3441 1391 3732 1461 Scriptura:

2151 1473 2283 1529 locis
2311 1475 2474 1530 videri
2507 1485 2683 1546 potest
2710 1479 2878 1548 accipi
2899 1480 3159 1547 justitiam
3192 1497 3287 1549 pro
3311 1481 3618 1549 clementia,
3652 1485 3733 1538 id-

2153 1580 2255 1634 que
2290 1564 2411 1634 jure
2437 1567 2677 1635 profecto
2712 1586 2727 1622 :
2759 1569 2900 1639 apud
2947 1571 3190 1626 homines
3215 1573 3358 1626 enim
3390 1573 3590 1643 iustitia
3620 1577 3729 1644 pti—

2151 1665 2305 1709 vatur
2333 1656 2697 1714 misericordia
2723 1677 2736 1714 :
2763 1659 2901 1730 apud
2938 1660 3100 1716 Deum
3124 1673 3306 1716 autem
3334 1678 3437 1717 non
3468 1664 3612 1727 item,
3635 1666 3736 1720 sed

2149 1747 2370 1818 justitia:
2394 1764 2602 1818 quoque
2627 1750 2858 1805 admixta
2881 1761 2965 1807 est
2992 1753 3374 1820 misericordia,
3399 1768 3449 1809 et
3477 1766 3618 1810 unita
3636 1799 3649 1821 ,
3673 1769 3731 1811 ut

2154 1841 2263 1910 ipsa
2289 1841 2444 1896 etiam
2466 1841 2668 1911 justitia
2696 1852 2912 1898 vocetur
2931 1843 3230 1899 clementia.
3260 1843 3548 1902 Considera
3577 1849 3734 1918 igitur

2151 1945 2346 2002 quanta
2390 1938 2441 1988 in
2469 1934 2666 1990 diluvio
2705 1934 2865 1990 fuerit
2891 1936 3250 1992 misericordia
3276 1979 3291 2003 ,
3325 1949 3520 2009 quanta
3550 1956 3732 1994 rursus

2144 2025 2368 2095 justitia.
2392 2026 2502 2081 Etsi
2520 2027 2661 2081 enim
2686 2041 2871 2097 poenas
2890 2027 3154 2083 dederunt
3173 2030 3260 2099 qui
3279 2039 3400 2084 tunc
3419 2033 3727 2100 peocahant,

2153 2131 2258 2168 non
2287 2127 2466 2172 tamen
2495 2116 2756 2172 dederunt
2785 2134 2914 2188 quas
2943 2130 3266 2174 meruerant.
3311 2120 3389 2175 Ne
3426 2122 3551 2175 mihi
3587 2129 3737 2177 eum

2151 2208 2348 2262 molem
2375 2224 2630 2278 aquarum
2662 2211 2981 2278 respexeris,
3011 2227 3184 2281 neque
3208 2213 3413 2267 dierum
3443 2215 3733 2268 multitudi-

2150 2315 2272 2354 nem
2295 2339 2311 2366 ,
2344 2300 2535 2370 quibus
2563 2301 2661 2355 fuit
2700 2300 2882 2356 diluvii
2929 2301 3300 2372 naufragium,
3334 2319 3506 2372 neque
3546 2307 3728 2359 orbein

2150 2400 2306 2444 terra:
2343 2391 2435 2460 qui
2475 2400 2600 2444 tunc
2636 2400 2753 2445 erat
2789 2391 3034 2462 ahyssus.
3081 2392 3222 2460 Quid
3260 2393 3364 2449 hoc
3397 2395 3536 2448 enim
3569 2398 3733 2449 refert

2145 2497 2332 2536 eorum
2360 2483 2447 2552 qui
2475 2483 2784 2552 perierunt?
2815 2483 2938 2538 llaec
2959 2485 3102 2539 enim
3131 2496 3349 2553 possunt
3374 2486 3584 2554 quidem
3610 2502 3731 2556 gra-

2147 2591 2267 2630 vem
2315 2577 2560 2631 timorem
2599 2577 2838 2632 incutere
2866 2594 2883 2632 :
2915 2577 2979 2630 iis
3008 2586 3185 2631 autem
3227 2579 3314 2648 qui
3344 2579 3535 2637 mortui
3568 2589 3685 2633 sunt
3709 2620 3726 2646 ,

2150 2669 2352 2724 nullum
2381 2669 2697 2739 supplicium
2724 2668 2970 2725 afferunt.
3003 2670 3281 2738 Quomodo
3302 2672 3446 2725 enim
3477 2673 3728 2742 puniren—

2149 2768 2236 2814 tur
2277 2761 2366 2830 qui
2406 2776 2522 2830 quze
2550 2760 2682 2814 ﬁunt
2707 2776 2812 2814 non
2845 2761 3119 2815 sentiunt?
3145 2777 3370 2830 quorum
3397 2763 3556 2817 etiam
3584 2761 3728 2816 brevi

2151 2850 2407 2921 temporis
2431 2860 2702 2905 momento
2731 2850 2825 2904 iuit
2853 2850 3116 2917 interitus,
3147 2851 3468 2922 brevemque
3496 2864 3548 2907 et
3577 2852 3734 2908 levis-

2147 2941 2338 2995 simam
2370 2951 2594 2996 mortem
2625 2943 2766 3011 passi
2797 2951 2920 2997 sunt
2941 2983 2955 3003 .
2985 2949 3041 2997 et
3077 2942 3197 3012 igne
3226 2953 3280 2997 et
3303 2958 3435 2998 ense
3461 2953 3515 3000 et
3540 2945 3734 3014 taque-0

2147 3041 2204 3087 et
2241 3033 2520 3087 tormentis
2557 3032 2850 3088 faciliorem
2880 3074 2895 3099 ,
2933 3043 2986 3088 et
3027 3034 3178 3104 longe
3207 3033 3381 3089 minus
3405 3035 3730 3090 molestam?

2146 3123 2324 3191 Quare
2351 3122 2582 3192 speciem
2621 3124 2796 3192 potius
2839 3125 3119 3192 supplicii,
3151 3141 3305 3193 quam
3345 3126 3734 3195 experientiam

2147 3216 2414 3272 habebant
2451 3232 2568 3286 quae
2605 3216 2818 3271 ﬁebant.
2851 3218 2952 3282 Qui
2986 3216 3163 3286 itaque
3199 3224 3309 3270 toto
3337 3216 3458 3270 vita:
3489 3226 3728 3285 tempore

2146 3307 2214 3360 ad
2241 3317 2538 3362 extremam
2577 3323 2742 3378 usque
2779 3317 3110 3362 senectutem
3151 3307 3270 3362 talia
3313 3307 3729 3374 commiserant,

2149 3397 2467 3454 breviSs-imo
2506 3399 2761 3469 temporis
2797 3412 3071 3453 momento
3106 3414 3294 3468 punias
3337 3399 3596 3454 dederunt
3621 3440 3637 3465 ,
3679 3401 3724 3454 si

2147 3490 2361 3560 quidem
2389 3499 2592 3545 natura:
2619 3489 2851 3544 debitum
2880 3489 3172 3544 vocandum
3202 3490 3272 3543 sit
3301 3490 3634 3560 supplicium.

2217 3583 2272 3638 2.
2340 3582 2568 3647 Vidisti,
2609 3590 2800 3650 quanta
2835 3582 2903 3635 sit
2939 3580 3261 3635 clementia?
3301 3579 3395 3636 Vis
3419 3581 3580 3635 etiam
3607 3596 3721 3635 eam

2147 3676 2360 3732 aliunde
2385 3675 2604 3729 videre?
2629 3689 2735 3728 non
2760 3674 2902 3727 enim
2929 3675 3106 3727 statim
3137 3672 3334 3738 intulit,
3365 3673 3459 3728 sed
3483 3681 3538 3728 et
3559 3674 3722 3729 semel

2147 3776 2202 3821 et
2241 3767 2323 3821 bis
2361 3775 2415 3820 et
2451 3780 2592 3835 saepe
2629 3780 2748 3820 eam
2784 3764 3048 3835 praedixit.
3096 3763 3198 3818 Per
3239 3777 3414 3818 arcam
3459 3764 3598 3818 enim
3629 3778 3722 3819 eos

2147 3859 2448 3928 alloquutus
2467 3867 2590 3912 est:
2614 3857 2690 3910 illi
2718 3873 2846 3911 vero
2872 3871 2940 3910 ne
2966 3856 3043 3911 sic
3067 3854 3282 3924 quidem
3301 3865 3596 3922 cessarunt,
3623 3855 3721 3911 etsi

2147 3965 2252 4003 non
2283 3963 2416 4018 opus
2440 3958 2559 4003 erat
2621 3958 2679 4003 ut
2703 3948 2806 4002 ulla
2830 3947 3156 4001 denuntiatio
3183 3949 3336 4002 ﬁeret
3370 3947 3722 4017 improbitati.

2147 4041 2250 4096 Sed
2279 4057 2449 4111 neque
2469 4055 2565 4095 eos
2586 4051 2775 4094 natura
2794 4039 2994 4104 docuit,
3018 4038 3110 4092 sed
3136 4047 3401 4108 tamquam
3431 4039 3592 4108 porci,
3618 4040 3721 4091 imo

2147 4150 2274 4189 vero
2298 4134 2568 4203 quibusvis
2593 4134 2768 4202 porcis
2815 4131 3177 4195 o-bsceniores,
3199 4146 3320 4186 cum
3345 4143 3398 4186 et
3421 4146 3481 4185 se
3506 4133 3641 4184 inter
3661 4146 3721 4186 se

2148 4235 2572 4293 corrumperent,
2595 4232 2650 4279 et
2675 4233 2878 4278 natura:
2897 4223 3043 4293 teges
3063 4223 3292 4276 funditus
3317 4219 3687 4277 convenissent
3703 4263 3719 4287 ,

2148 4333 2249 4372 nec
2295 4318 2388 4371 ulli
2418 4316 2650 4371 suasioni
2675 4355 2692 4382 ,
2729 4315 2886 4370 ullive
2914 4315 3135 4368 consilio
3164 4313 3497 4382 paruissent,
3531 4327 3631 4368 nec
3656 4328 3722 4368 ex

2144 4410 2271 4478 justi
2299 4410 2567 4464 vicinitate
2593 4407 2735 4461 aliud
2761 4405 3022 4460 commodi
3049 4406 3346 4475 cepissent,
3374 4405 3520 4459 brevi
3550 4404 3720 4458 solum

2148 4501 2404 4569 temporis
2447 4509 2718 4554 momento
2759 4511 2942 4567 poenas
2984 4496 3283 4560 dederunt,
3329 4495 3408 4550 vei
3448 4495 3618 4565 potius
3655 4495 3727 4549 ab

2150 4591 2364 4646 interitu
2393 4589 2564 4658 erepti
2589 4631 2604 4656 ,
2634 4599 2689 4643 et
2715 4604 2745 4642 a
2768 4602 2927 4657 pains
2953 4586 3160 4641 liberati
3187 4596 3328 4640 sunt.
3361 4586 3434 4640 Ea
3466 4587 3605 4640 enim
3645 4584 3721 4636 ta-

2143 4695 2270 4737 cere
2293 4680 2458 4735 multo
2478 4689 2560 4733 est
2581 4679 2808 4749 gravius,
2831 4693 2988 4748 quam
3009 4677 3157 4732 brevi
3183 4676 3434 4745 temporis
3457 4685 3723 4731 momento

2149 4771 2413 4839 intercipi.
2445 4769 2676 4823 Haecine
2700 4777 2954 4838 estergo,
2978 4768 3063 4821 die
3083 4767 3240 4832 mihi,
3263 4767 3576 4835 supplicium
3591 4806 3608 4831 ,
3625 4781 3726 4820 eos

2145 4865 2236 4934 qui
2269 4863 2408 4917 vitiis
2437 4874 2588 4918 erant
2615 4863 2847 4930 corrupti
2871 4901 2886 4926 ,
2915 4871 2967 4915 et
2993 4862 3246 4916 Scelerate
3269 4876 3331 4916 ac
3355 4859 3559 4914 nefarie
3590 4859 3725 4912 interl

2151 4971 2208 5010 se
2237 4955 2712 5024 conjungehantur,
2744 4961 2797 5006 et
2823 4953 2957 5005 alter
2984 4952 3206 5005 alterum
3235 4949 3496 5004 dedecore
3523 4949 3723 5002 afﬁcie-

2150 5043 2272 5100 bant
2293 5057 2342 5098 et
2369 5043 2754 5107 alﬁciehantur,
2778 5041 2844 5094 ab
2869 5041 3123 5110 ejusmodi
3152 5039 3312 5095 exitio
3335 5039 3600 5094 liberare?
3625 5039 3725 5092 lta-

2151 5152 2239 5198 ne,
2265 5135 2524 5189 medicmn
2552 5132 2764 5202 quidem
2791 5133 2880 5201 qui
2903 5131 3139 5186 membra
3163 5130 3368 5199 putrida
3395 5139 3599 5184 resecat
3619 5142 3728 5182 non.

2151 5227 2386 5280 dicemus
2428 5225 2613 5293 punire
2648 5235 2878 5291 corpus,
2915 5220 3011 5277 sed
3045 5231 3313 5290 tamquam
3351 5218 3635 5290 benignum
3670 5227 3728 5273 et

2148 5315 2437 5369 liumanum
2462 5311 2816 5365 adiniueuius
2841 5328 2853 5362 :
2874 5309 2972 5363 Dei
2993 5319 3168 5361 autent
3191 5306 3509 5374 sapientiam
3539 5314 3594 5360 et
3620 5304 3736 5358 elo-

2145 5406 2400 5462 mentiam
2425 5419 2536 5458 non
2565 5403 2736 5457 multo
2766 5401 2935 5472 magis
2964 5396 3365 5461 'admirabimur,
3395 5396 3484 5466 qui
3511 5409 3638 5450 suos
3666 5410 3730 5449 ea

2149 5502 2355 5555 ratione
2401 5499 2627 5568 castigat
2655 5496 2715 5549 ‘?
2767 5495 2907 5550 Eum
2952 5493 3164 5564 quidem
3215 5501 3474 5561 perpetuo
3517 5498 3736 5556 Oportet

2149 5592 2424 5654 admirari,
2450 5601 2511 5646 et
2536 5590 2706 5660 gloria
2753 5588 3124 5642 aiﬁt-erezsed
3171 5586 3272 5640 hoc
3311 5585 3532 5638 nomine
3581 5597 3731 5636 nutu-

2148 5700 2305 5756 quam
2328 5682 2654 5737 desistamus
2675 5680 2794 5748 ejus
2813 5689 3029 5747 stupere
3053 5675 3467 5747 providentiam,
3483 5687 3587 5728 nec
3603 5687 3732 5727 eum

2211 5796 2229 5826 ³
2261 5793 2352 5843 ita:
2371 5807 2539 5854 voces,
2561 5791 2644 5855 qui
2663 5804 2776 5844 suos
2797 5803 2856 5842 ea
2877 5789 3056 5841 ratione
3075 5788 3294 5850 castigat,
3317 5787 3494 5838 desunt
3507 5787 3566 5837 in
3585 5785 3727 5837 Serti
