4070 6340
345 470 615 542 παραινεῖ,
639 466 814 537 λέγων
830 482 844 497 ·
861 465 959 534 Μὴ
988 461 1365 533 δευτερώσῃς
1377 462 1565 532 λόγον
1581 462 1652 515 ἐν
1666 473 1854 528 προσε
1861 476 1920 512 υ⁴

351 551 435 622 κῆ
457 568 595 606 σουο
637 551 750 621 Οὐχ
784 551 872 603 ἵνα
890 549 966 620 μὴ
989 549 1240 619 δεύτερον
1267 547 1338 599 16
1360 546 1499 599 αὐτά
1526 545 1790 614 λέγωμεν,
1817 557 1923 592 πα-

351 634 714 708 ρακαλοῦντες
767 633 858 687 τὸν
905 631 1036 685 Θεὸν
1096 631 1191 684 καὶ
1237 630 1502 700 δεόμενοι,
1529 627 1685 680 τοῦτο
1719 641 1922 708 παραι-

345 705 429 770 νεῖ
451 718 546 771 καὶ
571 713 925 786 συμϐουλεύει
959 727 1009 778 ο,
1048 713 1229 780 ἄπαγε
1251 729 1264 742 ·
1307 712 1403 765 καὶ
1434 711 1542 782 γάρ
1591 705 1922 777 κελευόμεθα

353 798 503 873 [448]
534 800 961 870 προσκαρτερεῖν
998 800 1118 860 ταῖς
1160 797 1520 866 προσευχαῖς·
1574 791 1806 846 ἀλλ’ἵνα
1848 788 1922 860 μὴ

348 880 777 952 ἀναϐαλλώμεθα
808 881 934 933 ὅταν
959 897 1010 933 τι
1039 877 1404 948 ὑποσχώμεθα
1432 877 1510 948 τῷ
1533 874 1673 947 Θεῷ,
1708 873 1821 927 ἀλλ’
1838 874 1924 926 ἵνα

348 965 717 1035 ἐπειγώμεθα.
755 965 847 1017 Διὸ
875 965 970 1018 καὶ⁵
1008 963 1240 1033 ἀλλαχοῦ
1275 979 1408 1033 φησι
1444 977 1456 990 ·
1489 961 1587 1030 Μὴ
1633 959 1924 1029 χρονίσῃς

345 1048 681 1104 ἀποδοῦναι
713 1046 828 1116 τὴν
848 1045 1216 1117 προσευχήν.
1241 1047 1352 1099 Καὶ
1380 1045 1486 1114 γάρ
1505 1042 1694 1113 ἄδηλον
1716 1043 1774 1094 16
1800 1039 1925 1110 μέλ-

351 1130 459 1188 λον.
509 1133 581 1186 Ἢ
622 1131 732 1202 γὰρ
771 1131 924 1193 νόσος
949 1171 964 1196 ,
1008 1131 1040 1200 ἢ
1087 1129 1426 1200 πραγμάτων
1466 1127 1717 1196 ἀδόκητοι
1770 1125 1926 1193 ἀσχο-

346 1215 461 1269 λίαι
477 1216 508 1256 ιι
529 1213 905 1282 συμπεσοῦσαι
926 1213 1223 1267 ἐκώλυσαν.
1243 1213 1306 1265 Εἰ
1325 1212 1383 1264 δὲ
1407 1211 1502 1264 καὶ
1521 1209 1746 1270 θάνατος
1767 1205 1925 1259 ἐπελ-

351 1299 459 1354 θὼν
481 1299 774 1370 διακόψειε,
797 1297 1123 1370 συγγνώμην
1151 1299 1250 1352 οὐκ
1264 1298 1426 1368 ἔχεις.
1461 1294 1724 1348 Ἐνταῦθα
1744 1294 1923 1364 μέντοι

349 1383 659 1455 προσευχὴν
691 1383 791 1453 τὴν
815 1381 998 1452 δέησιν
1028 1382 1175 1448 λέγει
1224 1380 1319 1435 καὶ
1343 1384 1442 1450 τὴν
1489 1380 1788 1447 ἱκετηρίαν.
1834 1375 1926 1427 Διὸ

347 1467 626 1538 ἐπήγαγεν
658 1466 793 1519 αὐτὸ
815 1464 972 1519 τοῦτο
993 1464 1189 1535 δηλῶν,
1231 1462 1546 1516 Ἐνώτισαι
1577 1460 1692 1527 τὴν
1711 1459 1926 1525 δέησίν

345 1566 465 1620 μου
501 1551 570 1604 ἐν
604 1547 946 1618 τῇἀληθείᾳ
987 1564 1127 1602 σου.
1181 1547 1432 1616 Ἕτερος,
1461 1548 1565 1599 Ἐν
1606 1542 1681 1611 τῇ
1722 1544 1924 1596 πίστει

345 1648 484 1687 σου.
508 1632 718 1697 Ἀλλος,
736 1635 838 1689 Ἐν
856 1631 931 1700 τῇ
941 1630 1282 1698 ,ϐεϐαιότητί
1294 1647 1428 1683 σου.
1450 1626 1757 1690 Τουτέστιν,
1777 1625 1927 1678 Ἐπί-

348 1732 536 1768 νευσον
559 1718 626 1786 τῇ
655 1716 888 1785 αἰτήσει,
937 1713 1029 1768 καὶ
1045 1714 1125 1777 είς
1152 1713 1312 1783 ἔργον
1346 1709 1513 1782 αὐτὴν
1541 1709 1799 1777 ἐξάγαγε,
1830 1708 1919 1776 βε-

346 1797 517 1852 ϐαιῶν
546 1801 610 1868 τῇ
638 1797 863 1869 ἀληθείᾳ
901 1815 993 1851 σου
1020 1814 1036 1828 ·
1082 1795 1282 1868 χρῆσαι
1315 1799 1382 1866 τῇ
1415 1795 1638 1864 δυνάμει
1689 1793 1822 1861 πρὸς
1865 1791 1926 1844 τὸ

355 1880 636 1953 πληρῶσαι
665 1892 688 1919 ο
726 1879 867 1952 ἅπερ
894 1879 1050 1934 αίτῶ.
1080 1879 1218 1932 Ἀλλ’
1244 1879 1442 1949 ἴδωμεν
1467 1878 1554 1930 οἵα
1587 1877 1734 1930 ἐστὶν
1757 1879 1789 1946 ἡ
1811 1875 1927 1946 δέη-

353 1981 457 2026 σις.
519 1964 635 2016 Ἐπ’
687 1962 1010 2034 ἀνθρώπων,
1061 1963 1188 2017 ὅταν
1229 1980 1312 2026 τις
1343 1963 1527 2032 δέησιν
1577 1961 1924 2031 προσαγάγῃ,

345 2045 508 2100 ’τοῦτο
537 2046 830 2099 σκοποῦσιν
869 2047 920 2098 οἰ
958 2045 1235 2117 δεχόμενοι
1257 2045 1318 2110 ἀ,
1348 2046 1452 2099 κᾶν
1498 2045 1558 2098 16
1594 2045 1797 2098 δίκαιον
1830 2044 1928 2097 καὶ

350 2128 469 2182 εννο
476 2147 574 2199 μον
607 2129 728 2201 ἔχῃ,
760 2128 1038 2183 ἀκούεται.

422 2212 584 2266 Ἀλλά
605 2211 754 2282 παρὰ
787 2212 885 2282 μὲν
915 2211 1220 2283 ἀνθρώποις
1253 2210 1394 2282 ὑπὲρ
1422 2209 1746 2280 ἀξιωμάτων
1775 2209 1924 2277 γίνε-

348 2312 440 2350 ται
478 2295 572 2349 καὶ
597 2296 896 2367 χρημάτων
923 2297 956 2367 ἠ
983 2295 1187 2364 δέησις,
1226 2294 1484 2356 πολλάκις
1529 2294 1586 2346 δὲ
1635 2295 1730 2348 καὶ
1785 2295 1926 2364 ὑπὲρ

354 2377 674 2448 κωλύματος
701 2378 916 2441 ἀδικίας
945 2396 958 2409 ο
995 2377 1127 2431 ἔνιοι
1167 2377 1225 2431 δέ
1263 2378 1358 2430 καὶ
1403 2377 1474 2431 τά
1530 2377 1928 2448 ὑπερϐαίνοντα

351 2463 476 2524 τοὺς
499 2461 813 2526 δικάζοντας
833 2461 1070 2528 ἀξιοῦσιν
1101 2477 1116 2492 ο
1155 2461 1268 2514 ἀλλ’
1306 2462 1467 2532 ἡμεῖς
1499 2460 1638 2532 ὑπὲρ
1671 2463 1924 2532 ἁμαρτη-

355 2544 541 2613 μάτων
563 2544 792 2614 δεόμεθα
816 2545 1232 2615 συγχωρήσεως,
1261 2545 1354 2596 καὶ
1381 2544 1502 2596 τότε
1535 2543 1805 2614 ἐρχόμεθα
1835 2543 1926 2596 ἐπὶ

353 2625 557 2696 δέησιν,
585 2627 712 2680 ὅταν
734 2629 762 2679 6
780 2626 1036 2698 δικαστὴς
1063 2628 1193 2698 ἡμῖν
1221 2627 1295 2697 μὴ
1321 2627 1433 2697 ἀφῇ
1473 2627 1500 2677 6
1523 2625 1690 2688 ἔνδον,
1721 2626 1781 2678 τὸ
1811 2643 1930 2677 συν-

353 2709 489 2772 ειδὸς
516 2720 540 2747 θ
568 2709 708 2778 λέγω
745 2710 803 2763 16
852 2712 984 2780 ήμῖν
1012 2708 1404 2780 ἐγκαθήμενον.
1446 2707 1581 2761 Οὐδὲ
1628 2708 1736 2778 γάρ
1773 2707 1925 2771 ἐξου-

355 2794 476 2845 σίαν
506 2792 728 2863 ἔχειτοῦ
763 2794 1000 2861 ἀφιέναι.
1037 2794 1148 2845 Καὶ
1188 2791 1439 2862 καθάπερ
1490 2790 1700 2861 βασιλεῖ
1750 2791 1925 2854 οὐδεὶς

355 2875 496 2948 ὑπὲρ
523 2876 736 2946 ἱματίου
767 2875 1175 2947 διαῤῥαγέντος,
1203 2875 1324 2928 οὐδὲ
1362 2875 1502 2944 ὑπὲρ
1544 2875 1676 2927 δέκα
1725 2873 1926 2926 ὀϐολῶν

353 2957 752 3024 ἀφαιρεθέντων
768 2958 936 3028 τολμᾷ
955 2957 1268 3026 προσελθεῖν
1290 2973 1303 2986 ·
1332 2955 1476 3010 οὕτω
1495 2959 1588 3010 καὶ
1621 2957 1706 3019 σύ,
1728 2956 1927 3026 μᾶλλον

353 3041 520 3094 δὲκαὶ
539 3041 716 3111 πολλῷ
752 3041 910 3094 πλέον
940 3039 1349 3110 εὐλαϐούμενος,
1381 3040 1454 3110 μὴ
1476 3038 1778 3110 προσέλθῃς
1807 3039 1928 3109 Θεῷ

355 3124 492 3195 ὑπὲρ
508 3123 740 3176 εὐτελῶν
754 3124 1092 3194 πραγμάτων
1110 3123 1202 3175 καὶ
1221 3122 1536 3193 μηδαμινῶν
1569 3121 1612 3187 ί,
1633 3117 1742 3175 οἷον
1762 3123 1815 3175 εἴ
1843 3121 1929 3184 τίς

356 3224 416 3261 σε
431 3208 489 3260 ἐν
507 3208 782 3278 χρήμασιν
801 3207 1076 3278 ἠδίκησεν,
1095 3207 1126 3276 ἢ
1150 3207 1242 3260 καὶ
1260 3205 1479 3277 ὐϐρισεν
1498 3223 1511 3236 ·
1531 3205 1644 3258 ἀλλ’
1659 3207 1717 3259 ἐν
1733 3202 1813 3269 οἷς
1829 3222 1887 3258 σε
1901 3208 1930 3260 6

351 3289 590 3352 διάϐολος
613 3289 804 3351 ἀδικεῖ,
837 3288 965 3343 ἔνθα
994 3289 1229 3359 μάλιστα
1265 3289 1364 3359 τῆς
1407 3289 1612 3343 ἀνωθεν
1648 3289 1806 3359 χρεία
1837 3290 1928 3357 ῥο-

356 3375 482 3443 πῆς.
527 3373 664 3427 Ἀλλ’
691 3373 793 3426 οὐκ
822 3373 965 3442 ἔχεις
994 3372 1084 3426 τὸν
1112 3373 1506 3443 προϊστάμενον
1529 3372 1622 3424 καὶ
1641 3371 1930 3440 εἰσάγοντά

358 3473 452 3510 σου
472 3455 568 3527 τὴν
585 3457 786 3527 δέησιν;
808 3456 1094 3526 Προϊόντος
1115 3465 1139 3504 8
1158 3455 1248 3508 τοῦ
1273 3454 1534 3524 βασιλέως
1552 3454 1819 3525 φώνησον,
1834 3455 1930 3508 καὶ

355 3547 547 3612 καιρόν
583 3540 885 3610 ἐπιτήδειον
924 3539 1178 3610 ζήτησον.
1209 3539 1345 3590 Πότε
1372 3533 1464 3590 οῦν
1487 3538 1732 3608 πρόεισιν
1762 3540 1790 3590 6
1837 3538 1931 3608 βα-

358 3623 573 3689 σιλεύς;
614 3623 727 3676 Ἀεὶ
765 3622 859 3675 καὶ⁵
891 3622 1201 3684 διαπαντός.
1252 3621 1389 3674 Πότε
1415 3620 1472 3674 δὲ
1503 3621 1596 3674 καὶ
1626 3621 1931 3691 ἐπιτήδειος

355 3705 796 3776 όκαιρόςςὍταν
827 3707 890 3757 σύ
925 3705 1081 3776 θέλῃς
1103 3743 1116 3768 ,
1154 3704 1282 3757 ὅταν
1328 3703 1476 3767 ἀξιον
1520 3704 1713 3755 σαυτὸν
1757 3721 1931 3773 παρα-

359 3791 648 3859 σκευάσῃς.
695 3789 932 3842 Ἰουδαῖοι
969 3788 1066 3853 μὲν
1093 3783 1184 3841 οῦν
1215 3787 1524 3840 ἐκελεύοντο
1547 3787 1686 3856 ὑπὲρ
1710 3787 1806 3858 τὴν
1825 3789 1929 3839 ὑπ-

356 3870 558 3942 ώρειαν
602 3872 840 3937 ἑστάναι,
890 3871 966 3941 τῷ
1002 3870 1119 3940 Θεῷ
1153 3870 1486 3939 φαινόμενοι,
1521 3870 1614 3922 καὶ
1643 3869 1711 3922 τὰ
1740 3871 1930 3945 ἱμάτια

357 3957 497 4025 ἔχειν
529 3952 712 4019 λευκά,
755 3955 847 4007 καὶ
882 3954 956 4024 μὴ
988 3953 1265 4025 προσιέναι
1311 3951 1562 4019 γυναικί·
1602 3954 1666 4005 σὺ
1709 3953 1766 4004 δὲ
1811 3953 1932 4005 ἀντὶ

357 4040 466 4090 τῶν
487 4039 714 4106 ἱματίων
741 4038 840 4109 τὴν
865 4037 1041 4107 ψυχὴν
1076 4036 1412 4106 ἀπόσμηξον,
1436 4035 1528 4088 καὶ
1551 4034 1687 4104 μετά
1718 4051 1929 4104 σωφρο-

363 4119 528 4190 σύνης
555 4120 648 4173 καὶ
684 4119 983 4181 ἐπιεικείας
1002 4117 1284 4189 πρόσελθε,
1319 4117 1412 4170 καὶ
1444 4118 1582 4186 μετά
1613 4116 1810 4188 πολλῆς
1831 4119 1933 4187 τῆς

361 4203 578 4274 σχολῆς,
613 4203 707 4256 καὶ
739 4201 1088 4273 ἀποδήμησον
1127 4199 1264 4271 πρὸς
1296 4200 1384 4252 16v
1428 4199 1670 4268 βασιλέα,
1717 4203 1765 4252 εἰ
1805 4200 1932 4269 βού-

359 4285 438 4339 λει
458 4286 680 4348 δεόντως
710 4283 923 4339 ἀνύσαι.
956 4283 1029 4337 Οὐ
1060 4283 1227 4336 δεῖται
1255 4281 1623 4351 ἀναλωμάτων
1659 4283 1868 4336 πολλῶν
1895 4285 1928 4354 ἡ

359 4369 635 4440 ἀποδημία
669 4388 680 4400 ο
709 4367 839 4422 λάϐε
864 4367 1048 4436 ἐφόδια
1069 4367 1167 4436 τὴν
1205 4366 1425 4436 ἀρετήν.
1456 4366 1566 4418 Καὶ
1589 4364 1689 4417 ποῦ
1724 4358 1878 4427 οὗτος
1905 4367 1934 4418 ό

365 4453 613 4524 βασιλεὺς
637 4452 898 4522 διατρίϐει
925 4468 939 4516 ;
978 4450 1178 4518 Ἐγγὺς
1208 4449 1317 4501 τῶν
1357 4447 1830 4518 συντετριμμένων
1863 4451 1930 4520 τῇ

361 4535 576 4608 καρδίᾳ.
651 4535 896 4603 Ἐκείνην
944 4533 1136 4586 ἔπελθε
1178 4532 1275 4602 τὴν
1316 4532 1454 4585 ὁδόν.
1487 4530 1722 4599 Ἐγγ-ὺς,
1777 4531 1929 4601 φησί,

361 4622 576 4689 Κύριος
607 4619 757 4673 πᾶσι
778 4619 900 4683 τοῖς
928 4616 1419 4686 ἐπικαλουμένοις
1449 4615 1638 4668 αὑτὸν
1677 4614 1744 4666 ἐν
1785 4615 1933 4681 ἀλη-

361 4705 510 4772 θείᾳ.
555 4702 705 4757 Ἐκεῖ
743 4701 905 4754 αὐτὸν
947 4701 1218 4772 εὑρήσεις,
1268 4700 1384 4751 ἐκεῖ
1425 4696 1705 4767 συντεύξῃ.
1735 4695 1934 4764 Ἐγγύς

361 4786 476 4838 ἐστι
495 4784 601 4838 τῶν
629 4783 744 4837 διαθ
755 4783 1059 4854 ρυπτόντων
1090 4781 1313 4836 πεινῶσι
1341 4781 1432 4835 τὸν
1463 4781 1625 4853 ἄρτον
1648 4781 1739 4833 καὶ
1779 4779 1935 4849 ἐλεη-

365 4867 598 4936 μοσύνην
624 4866 1022 4938 ἐργαζομένων.
1055 4865 1204 4938 [M9]
1236 4864 1363 4918 Ἐἀν
1396 4863 1600 4933 ταύτην
1627 4861 1808 4932 ἔλθῃς,
1844 4861 1935 4914 εὑ-

364 4949 545 5022 ρήσεις
566 4950 727 5003 αὐτὸν
749 4950 983 5020 ἕτοιμον,
1002 4947 1320 5002 ἐπινεύοντά
1344 4964 1436 4999 σου
1457 4948 1522 5018 τῇ
1547 4947 1776 5014 αἰτήσει.
1804 4945 1934 4998 Ἔτι

360 5031 470 5102 γὰρ
483 5031 820 5096 λαλοῦντός
836 5047 953 5086 σου
969 5029 1099 5100 ἐρῶ·
1133 5028 1276 5085 Ἰδοὺ
1294 5029 1548 5099 πάρειμι·
1579 5027 1673 5082 καὶ
1687 5027 1747 5081 οὐ
1766 5028 1934 5100 δεήσῃ

424 5185 447 5250 f’
477 5184 623 5250 Sail.
649 5185 882 5250 παραινεῖ,
908 5184 1079 5250 ἄπαγε,
1113 5184 1193 5250 καὶ
1210 5182 1546 5250 συμϐουλεύει.

421 5244 453 5286 δ
477 5247 557 5294 Sic
582 5243 732 5295 Savill
779 5255 932 5294 recte.
982 5243 1154 5293 Morel.
1205 5246 1235 5303 ἢ
1265 5243 1558 5308 πραγμάτων
1587 5243 1846 5308 ἀδόκητον,

457 5308 596 5356 ολίαι.
626 5308 732 5357 Mox
756 5309 905 5357 Savil.
928 5308 1142 5369 διακόψει
1162 5323 1235 5354 σε.
1264 5305 1434 5369 M9113}.
1462 5305 1722 5369 διακόψειε.

474 5371 615 5432 Alius
642 5369 836 5432 δυνάμει
858 5371 923 5425 εἰς
940 5370 996 5416 τὸ
1020 5366 1284 5430 πληρῶσαι.
1307 5367 1430 5416 Ibid.
1458 5366 1734 5417 Savil.611’
1754 5368 1932 5429 ἴδωμεν

359 5433 440 5480 καὶ
464 5431 579 5487 οῖαή
595 5432 767 5488 δέησις.
1599 5455 1604 5460 -
1927 5441 1936 5473 ῖ

420 5491 449 5532 ἀ
469 5493 598 5555 ἹίῬε
613 5506 726 5541 mss.
749 5496 792 5555 οί
815 5490 1147 5555 προσάγοντεςᾷ.

425 5560 448 5585 ε
473 5554 621 5602 Savil.
665 5549 865 5610 ἀξιοῦσιξ
924 5549 1088 5614 Ἡμεῖς
1121 5552 1173 5599 δέ
1201 5551 1318 5614 ὑπὲρ
1360 5549 1934 5614 ἀμαρτῃμάτωνηδεόμεθα

360 5616 723 5678 συγχωρήσεως,
748 5615 828 5662 καὶ
849 5614 960 5661 ὅταν
992 5613 1020 5661 6
1041 5613 1265 5678 δικαστὴς
1289 5613 1402 5674 ἡμῖν
1427 5613 1490 5674 μὴ
1511 5613 1626 5675 ἀφῇ,
1648 5615 1674 5660 6
1709 5613 1856 5673 ἔνδον,
1878 5613 1934 5659 τὸ

361 5675 572 5731 υνφειδά
598 5714 629 5724 ..
655 5685 754 5725 etc.
778 5679 992 5733 inversa,
1011 5679 1098 5723 sed
1123 5675 1299 5723 eodem
1322 5686 1491 5722 sensu.

427 5734 448 5775 ί
479 5738 607 5786 Idem
623 5739 740 5798 ὑπὲρ
757 5739 852 5785 τῶν
873 5739 1072 5799 οἰκτρῶν
1086 5736 1266 5786 τούτων
1295 5737 1376 5785 καὶ
1395 5736 1562 5797 ψιλῶν.

421 5800 448 5838 κ
472 5803 556 5848 SM”
569 5803 618 5849 ξι.
647 5799 922 5858 περιιόντος.

1397 342 1757 402 EKPOSITIO
1789 342 1858 399 IN
1897 336 2224 398 PSALMUM
2256 335 2460 392 CXLII.

3493 321 3599 378 «I68

2027 453 2269 524 μεσίτου,
2321 449 2456 503 ἀλλά
2503 447 2593 501 διὰ
2629 443 2856 502 σεαυτοῦ
2911 441 3012 514 τὴν
3063 439 3245 511 δέησιν
3295 433 3600 498 ἐπιδώσεις.

2025 519 2400 588 Ἓπὰκουσόν
2425 550 2544 601 μου
2567 531 2637 584 ἐν·
2660 528 2734 598 τῇ
2766 525 3124 591 δικαιοσύνῃ
3152 538 3286 576 σου.
3309 519 3373 572 Τί
3405 520 3602 585 ποιεῖς,

2023 617 2311 687 ἀνθρωπε;
2338 613 2549 686 Προϊὼν
2575 613 2786 684 μέλλεις
2833 611 3000 681 ἐρεῖν,
3037 606 3133 674 Μὴ
3179 605 3490 687 εἰσέλθῃς
3515 603 3606 666 εἰς

2025 685 2226 770 κρίσιν
2247 685 2399 768 μετά
2425 697 2533 751 τοῦ
2561 697 2784 750 δούλου
2822 711 2957 757 σου,
2979 692 3069 745 ὅτι
3111 691 3180 744 οὐ
3216 685 3605 754 δικαιωθήσε-

2025 766 2119 838 ται
2144 766 2398 836 ἐνώπιόν
2420 796 2535 834 σου
2569 777 2686 843 πᾶς
2716 775 2854 838 ζῶν·
2880 777 2973 828 καὶ
2997 773 3230 826 ἐνταῦθα
3261 771 3430 833 ἀξιοῖς
3463 766 3604 821 κατά

2026 867 2086 921 16
2119 866 2322 919 δίκαιον
2350 863 2677 931 ἀκουσθῆναι
2711 879 2724 924 ;
2757 859 2822 912 Τί
2846 854 2939 911 οῦν
2969 859 3084 910 ἐστι
3111 859 3170 908 16
3197 854 3489 923 λεγόμενον
3515 869 3531 918 ;

2097 946 2449 1018 Δικαιοσύνην
2478 943 2709 997 ἐνταῦθα
2734 941 2830 1012 τὴν
2862 939 3271 1010 φιλανθρωπίαν
3303 936 3470 1004 λέγει,
3507 933 3606 1018 καὶ

2026 1030 2294 1102 πολλαχοῦ
2319 1015 2418 1100 τῆς
2457 1027 2681 1099 Γραφῆς
2713 1026 2811 1080 ῐδοι
2837 1042 2922 1088 τις
2954 1023 3019 1077 ἂν
3043 1021 3134 1075 ἐπὶ
3149 1019 3243 1074 τοῦ
3273 1015 3606 1102 σημαινομέ-

2025 1134 2116 1170 νου
2141 1099 2327 1170 το-ύτου
2359 1099 2457 1184 τὴν
2486 1109 2828 1180 δικαιοσύνην
2851 1104 3287 1178 λαμϐανομένην,
3319 1103 3411 1155 καὶ
3459 1099 3604 1172 μάλα

2025 1200 2280 1262 εἰκότως·
2329 1196 2482 1269 παρά
2513 1196 2609 1266 μὲν
2655 1193 2764 1265 γὰρ
2793 1194 2905 1255 τοῖς
2958 1186 3264 1269 ἀνθρώποις
3291 1185 3354 1239 16
3397 1186 3604 1269 δίκαιον

2025 1282 2396 1353 ἀπεστέρηται
2412 1265 2524 1332 τοῦ
2550 1277 2754 1340 ἐλέους,
2778 1273 2928 1345 παρά
2955 1271 3012 1325 δέ
3037 1270 3114 1341 τῷ
3144 1268 3262 1338 Θεῷ
3279 1269 3379 1353 οὐχ
3407 1265 3602 1353 οῦῌτως.

2027 1366 2162 1420 ἀλλά
2191 1349 2564 1436 ἀναμέμικται
2588 1360 2665 1431 τῷ
2683 1359 2874 1428 δικαίῳ
2900 1357 2994 1410 καὶ
3022 1352 3299 1417 ἔλεος,καὶ
3323 1349 3602 1436 τοσοῦτον,

2025 1451 2100 1511 ώς
2133 1449 2227 1502 καὶ
2257 1433 2428 1518 αὐτήν
2472 1445 2571 1515 τὴν
2604 1440 2947 1509 δικαιοσύνην
2995 1435 3398 1507 φιλανθρωπίαν
3425 1433 3606 1486 καλεῖ-

2029 1533 2172 1586 σθαι.
2202 1517 2401 1584 Σκόπει
2433 1529 2562 1598 γοῦν
2594 1528 2686 1581 ἐπὶ
2712 1525 2804 1578 τοῦ
2840 1519 3245 1591 κατακλυσμοῦ,
3291 1518 3457 1580 πόσος
3506 1517 3605 1587 μὲν

2026 1611 2093 1687 ἦν
2123 1618 2150 1668 6
2172 1616 2338 1680 ἕλεος,
2365 1597 2526 1666 πόσον
2552 1611 2607 1664 δὲ
2633 1610 2692 1663 16
2715 1609 2937 1662 δίκαιον.
2961 1607 3021 1657 Εἰ
3050 1603 3155 1687 γὰρ
3187 1597 3605 1687 καὶῌέκολάσθη-

2029 1682 2128 1751 σαν
2153 1696 2554 1770 ἁμαρτάνοντες
2599 1695 2646 1746 οἰ
2685 1693 2826 1754 τότε,
2858 1688 2990 1742 ἀλλὰ
3017 1688 3078 1740 οὐ
3106 1682 3389 1770 τὴν-ἀξίαν
3416 1682 3606 1770 ἔδοσαν

2027 1762 2206 1851 δίκηνί
2232 1762 2324 1851 Μὴ
2354 1781 2460 1850 γάρ
2489 1796 2578 1849 μοι
2605 1776 2695 1828 τὸν
2729 1773 2890 1851 ὄγκον
2919 1771 3036 1842 ἴδῃς
3063 1769 3172 1851 τῶν
3200 1766 3428 1843 ὑδάτων,
3467 1762 3606 1834 μηδὲ

2027 1864 2089 1918 16
2121 1848 2323 1933 πλῆθος
2359 1848 2466 1914 τῶν
2493 1848 2740 1931 ἡμερῶν,
2770 1848 2844 1908 ὧν
2892 1854 2954 1906 16
2980 1850 3235 1920 ναυάγιον
3264 1851 3436 1902 ἐκεῖνο
3466 1863 3607 1933 παρ·

2030 1927 2264 1999 ετείνετο
2287 1984 2302 2008 ,
2343 1943 2475 2014 μηδέ
2504 1927 2960 2013 τήν-οἰκουμένην
3000 1933 3233 1988 ἄϐυσσον
3287 1927 3600 1999 γινομένην.

2027 2029 2093 2082 Τί
2121 2028 2229 2099 γάρ
2263 2013 2420 2080 τοῦτο
2473 2025 2609 2096 πρὸς
2663 2023 2791 2085 τοὺς
2849 2017 3233 2081 ἀπολωλόταςῖ
3265 2014 3458 2099 Ταῦτα,

2028 2095 2210 2181 φόϐον-
2225 2112 2323 2181 μὲν
2350 2095 2551 2163 δύναιτ’
2583 2107 2648 2161 ἂν
2668 2104 2696 2142 h
2741 2105 2884 2174 ἐχειν
2904 2103 3227 2172 ὑπέρογκον,
3259 2095 3526 2169 τιμωρίαν
3546 2095 3608 2181 δὲ

2027 2180 2141 2257 τοῖς
2188 2180 2630 2261 τετελευτηκόσιν
2684 2189 2942 2258 οὐδεμίαν
2993 2186 3209 2254 ἐπάγει.
3245 2183 3309 2237 Ol
3364 2181 3472 2261 γάρ
3505 2180 3606 2261 οὐκ

2029 2277 2408 2346 αἰσθανόμενοι
2427 2274 2535 2327 τῶν
2563 2257 2860 2342 γινομένων
2889 2269 3006 2331 πῶς
3034 2266 3380 2330 ἐκολάζοντο;
3412 2257 3486 2317 ὧν
3508 2260 3605 2316 καὶ

2030 2362 2087 2414 ἐν
2115 2359 2342 2430 βραχείᾳ
2364 2355 2554 2428 καιριῦ
2585 2357 2723 2425 ῥοπῇ
2747 2353 2814 2406 τὰ
2830 2353 2927 2422 τῆς
2954 2350 3225 2412 ἀπωλείας
3260 2347 3488 2416 ἐγίνετο,
3511 2346 3608 2430 καί

2028 2429 2123 2495 τὸν
2148 2429 2408 2510 σύντομον
2429 2440 2522 2493 καὶ
2561 2438 2893 2507 κουφότατον
2922 2435 3218 2504 ὑπέμειναν
3242 2431 3489 2494 θάνατον,
3511 2429 3609 2482 καὶ

2032 2526 2198 2598 πυρὸς
2228 2526 2319 2578 καὶ
2359 2524 2544 2593 ξίφους
2593 2523 2690 2575 καὶ
2717 2521 2949 2591 ἀγχόνης
2975 2519 3067 2572 καὶ
3091 2516 3336 2588 βασάνων
3373 2512 3610 2568 εὐκολώ-

2027 2609 2184 2680 τερόν
2218 2626 2276 2660 τε
2304 2607 2396 2659 καί
2431 2605 2794 2673 ἀλυπότερον;
2834 2605 2996 2656 Ὥστε
3037 2600 3156 2670 ὄψιν
3198 2599 3398 2671 μᾶλλον
3429 2613 3608 2668 τιμω-

2034 2691 2176 2764 ρίας,
2211 2690 2242 2761 ἢ
2277 2693 2468 2760 πεῖραν
2502 2683 2615 2759 εἶχε
2645 2688 2712 2741 τὰ
2733 2688 3012 2757 γινόμενα.
3041 2683 3197 2754 Παρὰ
3233 2683 3409 2735 πάντα
3428 2680 3608 2734 τοίνυν

2029 2774 2120 2828 τὸν
2148 2775 2334 2844 χρόνον
2369 2773 2526 2843 μέχρι
2566 2773 2753 2843 γήρως
2779 2771 3007 2840 ἐσχάτου
3045 2766 3268 2820 τοιαῦτα
3296 2765 3611 2836 παρανομή-

2032 2874 2242 2920 σαντες,
2274 2859 2330 2910 έν
2351 2856 2580 2926 βραχείᾳ
2597 2852 2790 2924 καιροῦ
2821 2853 2960 2922 ῥοπῇ
2980 2848 3078 2922 τὴν
3099 2847 3368 2918 τιμωρίαν
3397 2847 3608 2914 ἔδοσαν,

2030 2941 2083 2994 εῐ
2105 2959 2167 3010 γε
2193 2941 2462 3011 τιμωρίαν
2491 2939 2570 2992 δεῖ
2600 2938 2782 2991 καλεῖν
2815 2936 2875 2988 16
2901 2935 2998 3004 τῆς
3042 2933 3254 3001 φύσεως
3283 2933 3461 3002 χρέος.

2106 3023 2170 3094 β’.
2192 3020 2341 3086 Εἶδες
2364 3023 2502 3089 πόση
2523 3023 2555 3092 ἠ
2577 3017 2953 3089 φιλανθρωπία
2973 3035 2987 3083 ;
3021 3014 3208 3068 Βούλει
3229 3016 3322 3067 καὶ
3346 3013 3610 3085 ἑτέρωθεν

2031 3107 2200 3179 αὐτὴν
2238 3106 2396 3169 ἰδεῖν;
2427 3105 2538 3156 Οὐκ
2561 3102 2764 3164 εὐθέως
2785 3100 2955 3170 αὐτὴν
2985 3099 3282 3169 ἐπήγαγεν,
3314 3097 3612 3179 ἀλλά-προ-

2032 3177 2268 3242 εῖπε-καί
2291 3186 2438 3250 ἆπαξ
2469 3187 2562 3238 καὶ
2588 3185 2667 3247 δὶς
2691 3184 2785 3236 καὶ
2814 3183 3093 3244 πολλάκις.
3129 3181 3239 3235 Καὶ
3267 3180 3372 3250 γὰρ
3401 3177 3489 3231 διὰ
3510 3181 3611 3249 τῆς

2030 3273 2298 3343 λάρνακος
2319 3270 2498 3331 αὐτοῖς
2521 3267 2789 3335 διελέγετο
2811 3281 2823 3293 ⁶
2860 3267 2909 3317 οἰ
2929 3266 2985 3318 δὲ
3008 3265 3126 3318 οὐδὲ
3151 3263 3320 3326 οὑτως
3337 3261 3608 3323 ἐνέδοσαν,

2033 3356 2207 3408 καίτοι
2241 3353 2358 3406 οὐδὲ
2403 3349 2776 3423 παραγγελίας
2821 3348 2984 3402 ἐδεῖτο
3013 3351 3046 3419 ἡ
3077 3347 3391 3418 παρανομία
3417 3386 3431 3400 .
3470 3345 3610 3399 Ἀλλ’

2033 3437 2153 3490 οὐδὲ
2189 3439 2221 3508 ἡ
2253 3435 2410 3504 φύσις
2444 3436 2457 3475 ί
2494 3434 2690 3496 αὐτοὺς
2736 3432 3074 3495 ἐπαίδευσεν,
3106 3433 3155 3484 οἱ
3186 3431 3241 3484 δὲ
3293 3431 3367 3494 ώς
3413 3432 3610 3500 χοῖροι,

2038 3523 2233 3591 μᾶλλον
2260 3521 2313 3573 δὲ
2345 3521 2435 3572 καὶ
2464 3519 2661 3589 χοίρων
2685 3515 3061 3586 χαλεπώτερον
3089 3517 3342 3569 ἁπάντων
3371 3516 3427 3568 ἐν
3454 3514 3615 3586 ἀλλή-

2033 3605 2144 3666 λοις
2183 3603 2554 3674 φθειρόμενοι,
2610 3602 2858 3662 καὶτοὺς
2889 3602 2985 3669 τῆς
3037 3600 3249 3668 φύσεως
3299 3599 3495 3669 νόμους
3545 3599 3612 3651 ἐκ

2037 3690 2248 3761 βάθρων
2283 3689 2462 3740 αὐτῶν
2498 3686 2928 3748 ἀνασπάσαντες,
2960 3685 3052 3737 καὶ
3084 3684 3322 3755 μηδεμιᾷ
3351 3681 3613 3752 παραινέ-

2037 3792 2138 3834 σει,
2185 3773 2314 3842 μηδέ
2346 3771 2616 3842 συμϐουλῇ
2647 3769 2905 3832 ἐνδόντες,
2944 3768 3078 3838 μηδὲ
3108 3767 3206 3838 τὴν
3247 3765 3354 3818 ἀπὸ
3386 3765 3484 3836 τῆς
3519 3764 3612 3818 τοῦ

2033 3859 2241 3913 δικαίου
2261 3857 2609 3924 γειτνιάσεως
2643 3854 2910 3922 ὠφέλειαν
2932 3852 3378 3922 καρπωσάμενοι,
3401 3851 3458 3901 ἐν
3483 3848 3614 3919 βρα-

2035 3944 2158 4013 χείᾳ
2189 3941 2379 4010 καιροῦ
2415 3941 2550 4010 ῥοπῇ
2592 3938 2751 4006 μόνον
2782 3937 2879 4005 τὴν
2912 3935 3065 4004 δίκην
3091 3934 3297 3995 ἔδοσαν,
3336 3932 3534 4003 μᾶλλον
3555 3931 3614 3985 δὲ

2036 4026 2238 4096 φθορᾶς
2272 4023 2682 4092 ἀπηλλάγησαν,
2714 4022 2806 4072 καὶ
2833 4018 2984 4086 δίκης
3005 4015 3473 4087 ἠλευθερώθησαν.
3503 4015 3545 4067 Τ
3548 4013 3612 4067 οῦ

2036 4108 2144 4179 γὰρ
2169 4105 2608 4173 κατακλυσθῆναι
2644 4101 2822 4171 πολλῷ
2876 4098 3253 4170 χαλεπώτερον
3282 4098 3344 4151 16
3387 4096 3614 4151 τοιαῦτα

2037 4194 2227 4245 ποιεῖν.
2256 4189 2427 4242 Τοῦτο
2449 4184 2562 4245 οὖν,
2613 4185 2734 4238 εἰπέ
2766 4203 2874 4254 μοι,
2910 4184 3148 4254 τιμωρία
3173 4182 3234 4234 16
3272 4181 3447 4252 κακίᾳ’
3470 4181 3615 4251 φθει-

2040 4276 2316 4347 ρομένους.
2347 4275 2441 4326 καὶ
2472 4271 2720 4341 ἀλλήλοις
2751 4267 3087 4338 φυρομένους
3134 4265 3483 4337 παρανόμως,
3520 4265 3614 4318 καὶ

2037 4356 2532 4427 καταισχύνοντας,
2582 4353 2675 4406 καὶ
2724 4351 3250 4422 καταισχυνομένους
3305 4349 3613 4416 ἀπαλλάξαι

2036 4445 2134 4515 τῆς
2159 4442 2424 4511 τοσαύτης
2443 4440 2661 4509 λύμης;
2697 4434 2827 4490 Εἶτα
2862 4435 3044 4510 ἰατρὸν
3098 4435 3196 4507 μὲν
3228 4435 3297 4490 16
3339 4436 3614 4507 σεσηπότα

2038 4526 2368 4598 ἐκτέμνοντα
2394 4525 2454 4577 οὐ
2504 4525 2749 4592 φήσομεν
2788 4521 3147 4592 τιμωρεῖσθαι
3173 4519 3233 4572 16
3285 4520 3464 4589 σῶμα,
3499 4519 3614 4574 ἀλλ’

2038 4612 2112 4674 ὡς
2143 4609 2516 4679 φιλάνθρωπον
2548 4605 2698 4677 [450]
2733 4604 3104 4674 ἀποδεξόμεθα
3123 4621 3136 4636 ο
3169 4603 3259 4656 τὸν
3305 4603 3363 4656 δὲ
3389 4603 3521 4656 Θεὸν
3552 4604 3615 4658 οὐ

2039 4692 2218 4762 πολλῷ
2243 4691 2439 4762 μᾶλλον
2462 4688 2921 4760 ἐκπλαγησόμεθα
2949 4689 3041 4740 καὶ
3069 4689 3166 4758 τῆς
3192 4688 3382 4756 σοφίας
3405 4689 3499 4740 καὶ
3513 4689 3617 4756 τῆς

2039 4774 2466 4846 φιλανθρωπίας,
2500 4770 2642 4825 οὕτω
2671 4773 2795 4834 τοὺς
2826 4771 3019 4823 ἐαυτοῦ
3068 4768 3365 4834 κολάζοντα
3404 4779 3418 4819 J
3445 4787 3458 4834 ;
3492 4773 3616 4823 Δια-

2037 4859 2238 4922 παντὸς
2294 4857 2389 4928 μὲν
2438 4852 2529 4909 οῦν
2567 4856 2661 4908 καὶ
2691 4853 2987 4924 θαυμάζειν
3023 4853 3183 4906 αὐτὸν
3228 4852 3321 4906 καὶ
3371 4852 3615 4917 δοξάζειν

2037 4943 2176 5015 χρή·
2204 4941 2407 5010 ταύτης
2425 4939 2482 4990 δὲ
2511 4938 2693 4991 ’ἑνεκεν
2711 4938 2811 5008 τῆς
2840 4937 3149 5000 ὑποθέσεως
3182 4936 3449 5007 μηδέποτε
3478 4937 3616 4989 ἀπο-

2039 5025 2253 5095 στῶμεν
2293 5022 2458 5076 αὐτοῦ
2485 5020 2580 5091 τὴν
2621 5019 2945 5090 κηδεμονίαν
2995 5019 3449 5090 ἐκπληττόμενοι,
3492 5019 3616 5072 οὐδὲ

2041 5105 2375 5177 παυσώμεθα
2397 5105 2555 5158 αὑτὸν
2589 5106 2681 5156 καί
2705 5103 2791 5156 διά
2819 5102 2991 5157 ταῦτα
3029 5102 3408 5173 ἀνυμνοῦντες,
3442 5102 3521 5154 ὅτι
3554 5119 3614 5154 τε

2035 5190 2207 5261 τομὴν
2237 5189 2402 5242 ἔδωκε
2435 5186 2716 5256 σύντομον,
2741 5187 2832 5239 καὶ
2859 5185 2956 5256 τὴν
2983 5184 3150 5255 νομὴν
3173 5185 3416 5255 ἀπέκοψε
3450 5185 3501 5248 ιι,
3520 5186 3616 5238 καὶ

2099 5359 2129 5397 Ῐι
2154 5360 2302 5408 Savil.
2337 5357 2480 5420 φόϐον
2501 5357 2582 5419 μὲν
2606 5355 2812 5404 δύναται.
2844 5355 2996 5404 Paulo
3030 5357 3141 5416 post
3163 5352 3324 5414 ἐπάγει
3356 5353 3617 5401 desidera-

1931 5441 1936 5473 r
2039 5427 2118 5472 tur
2139 5423 2192 5470 in
2213 5420 2362 5470 Savil.

2105 5483 2122 5522 ί
2153 5482 2302 5532 Savil.
2322 5479 2608 5543 παρανομία.
2634 5478 2758 5543 Οὔτε
2781 5479 2831 5525 δὲ
2849 5480 2879 5534 ἡ
2908 5473 3254 5543 ,φύσιςηΡευΙο
3277 5478 3396 5543 p_08l_
3409 5488 3540 5543 pnus
3562 5475 3615 5523 δδ

2039 5548 2103 5594 ὡς
2119 5545 2294 5616 χοίρων
2313 5536 2636 5616 χαλεπώτεροι
2659 5540 2876 5596 ὑπήντων
2899 5536 3134 5595 ἀλλήλοις·
3171 5550 3283 5599 qua!
3304 5536 3456 5585 lectio
3472 5543 3613 5584 certe

2036 5604 2485 5678 norj'improbanda.
2718 5659 2743 5671 η
2860 5661 2872 5675 Ι
3417 5658 3425 5667 .

2037 5731 2052 5734 _
2104 5679 2121 5718 1
2154 5666 2424 5734 Πακκοῦτω
2448 5655 3612 5734 166c§6616uxo1agmﬁe§uqtiri-say“.Ibid.

2037 5731 2148 5780 loco
2171 5720 2419 5780 διαπαντὸς
2442 5725 2524 5785 μὲν
2541 5723 2640 5784 οὖν,
2662 5723 2787 5772 alius
2813 5723 2964 5772 habet
2991 5723 3131 5770 παντὶ
3150 5722 3234 5784 μὲν
3253 5723 3324 5786 τῷ
3342 5720 3487 5784 λόγῳ.

2107 5790 2132 5827 κ
2161 5788 2308 5839 Savil.
2335 5788 2546 5848 ένέκοψε.
