4070 6340
307 356 408 411 449

303 480 575 522 cessemus
601 478 662 518 ea
687 462 755 518 de
783 476 942 518 causa
970 459 1188 515 laudare
1212 501 1227 528 ,
1258 459 1400 530 quod
1439 459 1656 514 brevem
1685 458 1882 513 sectio-

306 572 428 610 nem
460 556 793 616 adhibuerit,
821 567 1041 619 serpens
1069 552 1261 606 malum
1291 548 1563 604 resciderit
1586 588 1602 613 ,
1632 556 1686 601 et
1710 548 1879 602 medi-

306 647 480 700 cinam
507 659 624 713 quin
650 643 848 696 nullum
876 641 1114 695 dolorem
1151 639 1363 693 afferret
1391 637 1700 691 admoverit.
1729 635 1805 690 Ne
1831 643 1886 690 te

307 753 440 808 ergo
468 737 569 790 hoc
596 735 896 799 conturbet,
925 734 1064 803 quod
1093 747 1279 787 omnes
1307 739 1524 800 repente
1547 739 1600 784 et
1622 739 1883 783 1111010111-

306 845 437 900 pore
457 827 627 881 obruti
649 828 773 880 sint.
797 826 933 892 Quid
954 826 1096 879 enim
1118 823 1283 878 refert
1301 837 1366 876 an
1389 822 1485 887 sic,
1503 837 1568 874 an
1594 821 1882 890 paulatim?

308 919 431 986 quid
462 933 582 971 eum
609 917 696 985 qui
728 915 956 970 excessit
976 914 1123 982 juvat
1152 911 1292 982 quod
1321 927 1416 980 per
1438 925 1498 965 se
1523 919 1575 965 et
1600 910 1762 972 solus,
1793 920 1883 964 aut

311 1009 454 1062 hedit
494 1007 632 1077 quod
663 1022 785 1061 cum
824 1005 1068 1059 omnibus
1110 1001 1437 1058 excesserit?
1487 999 1689 1054 Exaudi
1727 1017 1805 1052 me
1834 1000 1886 1054 in

311 1114 398 1155 tua
415 1099 634 1170 justitia,
659 1097 760 1151 hoc
778 1108 878 1160 est,
911 1097 960 1149 in
985 1095 1306 1162 benignitate
1331 1103 1383 1146 ct
1411 1091 1708 1145 clementia.
1737 1089 1887 1156 Quod

310 1193 452 1248 enim
482 1190 533 1244 id
559 1190 837 1259 signiticet,
864 1186 1131 1255 sulijiinxit
1155 1202 1167 1237 :
1195 1184 1259 1236 Et
1278 1200 1378 1237 non
1399 1183 1552 1235 intres
1571 1182 1622 1234 in
1635 1181 1885 1250 judicium

311 1299 424 1336 cum
448 1297 588 1336 servo
613 1291 721 1334 tuo.
749 1280 859 1333 11υο
878 1280 1037 1332 etiam
1065 1277 1191 1345 petit
1213 1275 1312 1330 Job
1333 1274 1419 1344 qui
1445 1281 1560 1328 erat
1593 1271 1678 1326 Vir
1693 1273 1886 1342 justus,

312 1383 360 1426 et
403 1389 555 1426 verax
575 1412 590 1435 ,
635 1381 682 1424 et
722 1370 972 1424 abstinens
1000 1367 1060 1420 ab
1090 1367 1226 1420 omni
1253 1383 1308 1420 re
1346 1365 1482 1418 mala
1521 1363 1682 1434 (Job.
1711 1365 1762 1418 1.
1792 1364 1816 1417 1
1847 1365 1889 1433 ),

313 1467 498 1521 dicens
526 1483 540 1518 :
577 1463 780 1518 Utinam
810 1471 932 1515 esset
961 1462 1045 1530 qui
1075 1461 1373 1512 discerneret
1409 1467 1454 1510 et
1496 1465 1724 1526 argueret
1762 1456 1890 1508 inter

313 1569 578 1625 utrumque
602 1556 619 1626 (
643 1554 778 1608 Ibid.
808 1554 862 1609 9.
893 1553 1028 1622 55);
1067 1566 1187 1605 cum
1221 1550 1358 1604 Deus
1396 1558 1571 1603 autem
1599 1548 1840 1617 apparuit
1869 1563 1886 1602 :

317 1647 526 1701 Manum
561 1661 817 1716 apponam
854 1644 928 1696 ori
969 1658 1078 1694 meo
1105 1640 1282 1713 (Ibid.
1315 1639 1402 1694 59.
1432 1639 1572 1707 54):
1605 1639 1726 1692 licet
1754 1639 1890 1691 Deus

317 1745 628 1808 provocaret
652 1745 706 1790 et
727 1734 927 1788 diceret
956 1749 968 1784 :
1002 1731 1146 1797 Non,
1175 1730 1261 1784 sed
1299 1729 1500 1798 accinge
1527 1738 1778 1797 tamquam
1815 1729 1890 1780 vir

319 1827 510 1882 lumbos
538 1837 648 1880 tuos
680 1824 838 1896 (Ibid.
860 1823 947 1878 40.
969 1823 1053 1893 2).
1078 1824 1187 1875 1100
1211 1823 1368 1874 0110111
1389 1819 1586 1874 Judaeis
1605 1817 1890 1886 exprobrat

316 1917 524 1972 dicens:
542 1915 690 1981 Quod
709 1916 999 1968 invenerunt
1013 1923 1177 1982 patres
1191 1911 1334 1965 vestri
1347 1910 1397 1962 in
1415 1926 1490 1962 me
1506 1909 1754 1971 delictum,
1772 1908 1889 1977 quia

317 2009 565 2079 principes
604 2006 750 2060 vestri
793 2006 846 2058 in
887 2020 965 2057 me
1001 2020 1053 2057 se
1094 2003 1262 2071 inique
1288 2009 1541 2072 gesserunt
1571 1999 1702 2066 (Jer.
1723 1999 1776 2052 2.
1797 1999 1888 2068 5)?

389 2098 724 2169 Confessionis
749 2105 1068 2167 peccatorum
1093 2095 1306 2162 fructus.
1325 2121 1392 2131 —
1411 2090 1521 2144 Hoc
1544 2099 1720 2144 autem
1743 2089 1886 2157 facit,

318 2206 422 2244 non
450 2189 630 2242 volens
655 2187 949 2256 graviorem
979 2186 1028 2238 in
1059 2197 1151 2238 eos
1174 2181 1394 2237 reddere
1423 2181 1761 2246 sententiam,
1791 2181 1887 2234 sed

326 2282 508 2334 volens
533 2295 598 2334 eo
627 2278 890 2333 adducere
911 2318 926 2344 ,
957 2286 1014 2330 ut
1041 2291 1132 2330 sua
1163 2283 1374 2343 peccata
1400 2273 1694 2336 sentirent,
1723 2287 1890 2340 eaque

318 2373 729 2435 conﬁterentur,
756 2377 810 2424 et
837 2377 960 2422 tunc
987 2367 1064 2420 eis
1089 2365 1240 2419 daret
1266 2364 1504 2426 veniam,
1537 2373 1595 2416 ut
1621 2365 1697 2416 sic
1723 2361 1890 2416 bene-

319 2463 422 2516 ﬁcii
451 2470 666 2516 nossent
685 2457 1119 2529 magnitudinem.
1152 2458 1213 2510 lit
1233 2455 1350 2510 ideo
1373 2456 1499 2508 dicit
1523 2472 1537 2509 :
1567 2453 1658 2506 Dic
1678 2463 1732 2506 tu
1753 2453 1892 2523 prior

319 2553 601 2622 iniquitates
627 2560 738 2604 tuas
757 2592 772 2617 ,
803 2564 908 2602 non
941 2559 996 2602 ut
1023 2546 1391 2602 condemneris
1408 2586 1422 2608 ,
1451 2545 1544 2600 sed
1567 2587 1581 2609 ,
1613 2543 1678 2599 Ut
1693 2544 1889 2614 justi/i-

319 2646 446 2697 ceris
476 2645 494 2713 (
520 2641 645 2696 Isai.
674 2644 759 2697 45.
792 2642 861 2696 26
885 2643 925 2708 ).
964 2642 1034 2694 Ea
1065 2640 1131 2694 de
1158 2655 1313 2694 causa
1345 2654 1441 2693 nec
1470 2639 1582 2706 ipse
1608 2653 1698 2692 eas
1723 2638 1888 2702 dicit,

321 2737 412 2791 sed
445 2736 587 2790 illum
613 2735 679 2790 ad
714 2750 805 2788 eas
834 2733 1084 2788 dicendas
1122 2739 1412 2800 comparat.
1459 2730 1514 2784 Si
1559 2732 1698 2784 enim
1732 2731 1892 2785 vellet

321 2829 506 2900 punire
529 2870 545 2894 ,
588 2829 701 2898 ipse
729 2842 848 2880 eum
887 2831 1191 2879 accusasset
1216 2840 1232 2876 ι
1261 2837 1399 2876 110110
1428 2833 1606 2875 autem
1637 2821 1886 2891 quoniam

321 2921 433 2974 vult
462 2919 696 2973 misereri
725 2959 739 2982 ,
772 2917 908 2972 cedit
939 2915 988 2971 01
1018 2915 1104 2985 qui
1134 2915 1367 2984 peccavit
1389 2954 1402 2974 .
1433 2920 1485 2966 ut
1530 2913 1640 2981 ipse
1675 2913 1808 2981 grati
1839 2919 1892 2966 et

322 3013 572 3068 memoris
593 3013 752 3066 animi
779 3025 1030 3064 coronam
1053 3009 1293 3078 accipiat,
1318 3016 1370 3060 et
1392 3023 1483 3076 per
1503 3004 1888 3061 confessionem

323 3105 734 3160 misericordiam
757 3101 1002 3156 attrahat.
1031 3100 1165 3166 Quid
1194 3107 1367 3168 potest
1392 3113 1510 3152 011111
1541 3099 1636 3152 hac
1660 3098 1889 3152 conferri

326 3195 643 3249 clementia?
673 3192 832 3247 Nihil.
862 3192 975 3255 Dic,
1001 3189 1184 3259 inquit,
1209 3199 1261 3242 et
1282 3188 1408 3241 nihil
1431 3203 1610 3258 qna-ro
1630 3187 1888 3256 amplius;

329 3288 600 3347 conﬁtere,
624 3293 677 3338 et
698 3283 824 3336 inihi
847 3281 1039 3335 sufﬁcit
1059 3297 1072 3344 ;
1091 3280 1193 3342 die,
1219 3288 1269 3332 et
1293 3294 1506 3348 prorsus
1523 3277 1779 3331 abstineo.
1815 3275 1894 3329 Nc

322 3377 476 3430 intres
499 3377 551 3427 in
566 3374 818 3443 judicium
845 3389 959 3425 cum
983 3386 1121 3424 servo
1143 3379 1247 3423 tuo.
1280 3369 1422 3422 Multi
1450 3379 1572 3422 sunt
1596 3369 1683 3436 qui
1713 3369 1762 3422 iii
1793 3369 1892 3424 hoc

327 3483 384 3522 se
411 3476 553 3520 recte
575 3475 789 3535 gerunt,
815 3481 878 3518 ex
908 3479 974 3518 eo
1000 3461 1137 3532 quod
1169 3462 1236 3515 sit
1262 3461 1397 3514 Deus
1417 3460 1762 3529 iudicaturus.
1791 3461 1890 3526 Qui

323 3561 460 3613 enim
491 3559 574 3628 pio
599 3567 719 3612 sunt
746 3566 799 3610 et
825 3566 971 3626 grato
1007 3555 1185 3607 animo
1206 3595 1219 3617 ,
1255 3553 1354 3606 hoc
1383 3563 1506 3606 ante
1537 3562 1730 3605 norunt
1758 3571 1770 3604 :
1801 3554 1890 3621 qui

325 3665 496 3709 sei-us.
525 3664 586 3703 ex
613 3665 678 3701 eo
707 3647 846 3716 quod
876 3645 1144 3714 propheta:
1169 3645 1350 3698 dicunt
1375 3643 1603 3708 assidue,
1631 3643 1891 3696 Judicium

329 3740 538 3792 Domino
561 3739 628 3791 ad
647 3738 889 3807 pupulum
906 3753 1070 3799 suum,
1093 3743 1138 3789 ct
1157 3751 1270 3788 cum
1293 3731 1461 3787 Israel
1479 3733 1682 3787 disseret
1705 3732 1780 3806 (Μ
1789 3734 1888 3790 icit.

325 3832 375 3885 6.
402 3831 436 3884 Ξ
460 3830 476 3898 )
509 3850 521 3884 :
549 3840 601 3884 et
643 3845 822 3883 rursus
848 3869 864 3894 ,
894 3827 1073 3880 Audite
1096 3867 1111 3892 ,
1143 3826 1294 3878 valles
1319 3834 1364 3878 et
1393 3825 1721 3893 fundamenta
1750 3833 1893 3878 terra:

325 3923 510 3991 (Ibid.)
536 3941 548 3975 :
572 3931 644 3985 et,
671 3921 818 3985 Audi,
846 3921 1044 3984 caelum,
1063 3928 1107 3972 et
1131 3917 1331 3971 auribus
1356 3917 1567 3985 percipe.
1591 3928 1723 3970 terra
1741 3916 1891 3987 (Isai.

327 4016 376 4067 1.
407 4016 423 4067 1
453 4014 489 4082 ).
525 4013 599 4066 Ex
631 4028 694 4065 eo
720 4027 844 4080 ergo
865 4013 1003 4079 quod
1035 4011 1146 4077 ipse
1173 4007 1387 4062 assidue
1411 4006 1614 4060 dicatur
1634 4005 1890 4073 judicare,

324 4107 480 4160 etiam
508 4107 593 4175 qui
625 4104 778 4173 paulo
804 4104 975 4155 minus
1002 4116 1190 4156 sensus
1216 4099 1480 4153 habebant
1505 4114 1561 4152 se
1589 4099 1637 4152 iii
1661 4114 1724 4153 eo
1751 4109 1893 4154 recte

323 4197 592 4266 gerebant.
629 4195 832 4248 Etenim
861 4192 1103 4247 dicebant
1132 4190 1364 4245 nonnulli
1395 4189 1561 4243 Judzei
1595 4209 1606 4242 :
1637 4189 1804 4254 Quare
1819 4192 1894 4258 je-

319 4288 677 4358 jiiuavimits,et
697 4302 798 4338 non
824 4283 1058 4353 aspexisti
1085 4279 1231 4350 (Isai.
1258 4281 1344 4335 58.
1369 4280 1464 4348 5)?
1490 4289 1564 4344 et,
1587 4280 1894 4349 Quicumque

325 4379 444 4446 facit
473 4377 685 4439 malum,
719 4377 899 4429 bonum
924 4391 1091 4428 coram
1123 4373 1334 4425 Domino
1358 4372 1376 4442 (
1402 4371 1624 4424 Malach.
1651 4371 1704 4424 2.
1742 4374 1803 4426 17
1828 4380 1882 4441 );

326 4479 379 4523 01
400 4509 415 4532 ,
450 4467 797 4534 Afdiﬁcantur
823 4467 906 4536 qui
933 4466 1122 4536 faciunt
1147 4463 1336 4518 scelera
1360 4505 1374 4530 ,
1406 4473 1450 4516 et
1476 4463 1642 4517 beatos
1669 4465 1893 4519 ducimus

328 4561 515 4612 alienos
542 4558 715 4629 (Ibid.
749 4559 801 4611 5.
832 4556 974 4628 15);
1007 4567 1059 4612 et
1082 4597 1098 4622 ,
1132 4555 1250 4608 Non
1295 4565 1364 4608 est
1405 4566 1539 4609 recta
1580 4556 1657 4607 via
1691 4554 1894 4609 Domini

330 4652 347 4721 (
374 4651 556 4705 Ezec/i.
584 4651 670 4704 55.
706 4651 770 4704 17
790 4652 828 4717 ).
863 4649 1026 4702 Porro
1051 4648 1236 4702 beatus
1260 4662 1468 4716 quoque
1493 4645 1593 4699 Job
1618 4655 1890 4716 postquam

326 4742 378 4794 in
412 4741 551 4794 illam
597 4740 936 4794 tentationem
975 4737 1196 4802 incidit,
1225 4752 1328 4791 non
1369 4753 1433 4791 eo
1462 4736 1638 4788 animo
1665 4777 1678 4800 ,
1712 4751 1808 4790 nec
1830 4753 1891 4791 ea

326 4832 458 4886 dixit
502 4847 618 4900 quae
647 4829 812 4884 Judaei
847 4847 860 4882 :
899 4828 1072 4891 absit;
1117 4827 1250 4881 dixit
1287 4837 1459 4880 tamen
1490 4843 1502 4879 :
1537 4824 1737 4879 Utinam
1770 4838 1892 4879 esset

326 4923 636 4983 intercessor,
661 4930 706 4974 et
727 4921 808 4990 qui
835 4919 1128 4973 discerneret
1148 4929 1192 4971 et
1217 4928 1443 4987 argueret
1464 4917 1592 4970 inter
1609 4926 1888 4987 utrumque.

325 5013 525 5066 Avertat
549 5029 580 5065 a
601 5030 677 5064 me
699 5013 906 5080 virgam,
929 5021 975 5064 et
1005 5014 1152 5064 timor
1171 5011 1276 5077 ejus
1299 5025 1359 5062 ne
1382 5027 1460 5063 me
1479 5011 1730 5062 conturbet
1751 5009 1887 5079 (Job.

327 5103 376 5158 9.
409 5104 494 5158 55.
522 5103 634 5172 54).
672 5103 735 5155 Et
764 5102 881 5155 ideo
909 5101 1032 5153 dicit
1058 5101 1103 5153 ei
1127 5142 1139 5162 ,
1172 5099 1498 5167 Iaterrogabo
1522 5117 1611 5170 ego
1637 5110 1702 5165 te,
1733 5111 1785 5152 tu
1813 5117 1893 5154 ve-

327 5211 383 5246 ro
409 5193 530 5246 mihi
558 5193 802 5258 responde
830 5190 966 5262 (Job.
996 5190 1084 5243 42.
1116 5189 1190 5260 4).
1225 5190 1416 5243 Deinde
1442 5192 1684 5258 quoniam
1713 5190 1893 5244 obstit-

327 5285 563 5354 pefaetus
593 5282 796 5345 fuerat,
827 5291 878 5334 et
907 5280 1148 5345 dixerat,
1186 5277 1289 5333 Cur
1324 5296 1413 5348 ego
1453 5281 1618 5331 adhuc
1651 5279 1887 5348 judicar,

327 5378 446 5427 dum
476 5375 718 5443 corrigor,
747 5382 792 5426 et
820 5389 976 5442 arguo
1005 5370 1278 5423 Dominum
1305 5369 1446 5432 (Job.
1470 5369 1560 5424 40.
1583 5369 1751 5441 4)?et
1773 5385 1894 5423 rur-

325 5480 436 5528 sus,
461 5464 728 5516 Auditione
752 5464 948 5532 quidem
968 5463 1104 5515 auris
1125 5471 1171 5514 te
1187 5461 1330 5530 prius
1349 5461 1517 5513 audivi
1536 5501 1550 5523 ,
1578 5477 1712 5513 nunc
1729 5471 1893 5513 autem

326 5555 474 5606 etiam
504 5553 636 5606 oculi
661 5554 754 5605 mei
781 5561 828 5605 te
857 5551 1082 5604 viderunt
1116 5549 1269 5619 (Job.
1306 5551 1396 5604 42.
1428 5549 1482 5604 5.
1513 5546 1586 5619 6)
1619 5565 1633 5603 :
1661 5550 1894 5618 quocirca

327 5645 570 5714 meipsum
593 5643 848 5712 vilipendi,
870 5650 916 5695 et
941 5642 1236 5712 liquefactus
1260 5657 1369 5694 sum
1389 5654 1409 5704 ;
1430 5638 1706 5694 existimavi
1730 5650 1895 5692 autem

327 5736 569 5806 meipsum
607 5745 788 5790 terram
821 5743 867 5788 et
905 5733 1120 5787 cinerem
1146 5745 1168 5785 :
1187 5747 1374 5799 ponam
1410 5745 1612 5784 manum
1650 5744 1802 5783 sum
1837 5746 1893 5784 os

1362 344 1718 403 EXPOSITIO
1756 345 1818 401 ΙΝ
1858 343 2183 404 PSALMUM
2219 349 2424 406 CXLII.

3455 352 3562 409 450

1989 475 2153 513 meum
2177 459 2316 530 (Job.
2341 461 2430 516 59.
2453 461 2544 532 54)
2573 479 2588 518 :
2614 461 2746 517 dixit
2768 462 2842 524 ei.
2874 461 3198 531 Nequaquam
3220 463 3260 522 ¹.
3290 463 3378 516 sed
3405 481 3564 518 accm-

1989 567 2051 620 ge
2089 560 2344 620 tamquam
2377 553 2448 606 vir
2485 553 2678 608 lumbos
2703 562 2814 608 tuos
2851 555 2869 625 (
2899 553 3018 607 Job.
3046 553 3134 609 58.
3166 554 3221 608 5.
3249 565 3292 606 et
3321 556 3410 608 40.
3437 557 3471 609 2
3507 559 3562 624 1,

1991 641 2370 709 propemodum
2414 659 2527 712 ejus
2571 643 2730 699 verba
2773 645 2824 698 in
2871 645 3180 700 memoriam
3225 645 3467 716 redigens
3509 659 3564 702 et

1990 729 2172 784 dicens
2191 770 2205 795 ,
2233 732 2490 799 Quoniam
2519 748 2723 786 mecum
2753 735 2962 788 voluisti
2983 735 3179 802 judicio
3207 738 3525 792 contendere
3544 781 3560 804 ,

1990 837 2114 875 ecce
2158 823 2343 875 adsum
2393 822 2800 892 disceptaturus.
2853 823 3041 879 Vidisti
3091 826 3180 880 Dei
3224 827 3560 882 clementiam

1993 911 2344 977 ineffabilem,
2373 913 2545 968 vidisti
2574 914 2864 969 bonitatem
2897 916 3192 971 infinitam?
3221 919 3284 972 Et
3311 920 3431 974 ideo
3456 930 3563 974 tres

1991 1018 2198 1072 quoque
2223 1005 2366 1072 pueri
2397 1005 2655 1069 dicebant,
2678 1004 3016 1072 Peccavimus,
3049 1007 3214 1077 inique
3241 1014 3447 1079 egimus,
3473 1029 3564 1065 nos

1991 1093 2176 1162 injuste
2203 1094 2442 1164 gessimus
2469 1094 2486 1160 (
2513 1093 2645 1147 Dan.
2673 1095 2725 1149 5.
2756 1095 2825 1149 29
2935 1096 3191 1163 Quoniam
3234 1099 3372 1151 enim
3415 1099 3561 1154 multi

1993 1181 2233 1237 homines
2261 1198 2452 1239 sensus
2491 1185 2646 1254 plane
2673 1195 2917 1254 expertes
2954 1196 3166 1254 peccata
3194 1203 3285 1240 sua
3316 1189 3366 1241 in
3398 1189 3562 1243 Deum

1993 1272 2309 1339 conferunt,
2356 1273 2457 1328 hoc
2500 1285 2809 1343 procurante
2846 1281 2901 1328 et
2942 1277 3273 1331 machinante
3311 1279 3558 1342 diabolo,

1994 1362 2130 1417 hanc
2155 1365 2588 1418 consuetudinem
2615 1364 2754 1418 Deus
2775 1366 3008 1420 cvellens
3030 1367 3297 1431 radicitus,
3323 1369 3566 1438 frequen-

1995 1466 2075 1510 ter
2104 1455 2230 1510 dicit
2258 1470 2316 1510 se
2345 1471 2464 1510 cum
2493 1457 2570 1510 eis
2594 1456 2793 1524 judicio
2816 1457 3156 1512 contendere.

2069 1549 2120 1603 5.
2153 1547 2280 1603 Tale
2315 1547 2439 1617 quid
2467 1548 2624 1602 etiam
2659 1550 2894 1618 peccavit
2931 1550 2974 1604 is
3007 1552 3093 1619 qui
3125 1551 3326 1620 primus
3353 1564 3564 1609 creatus

1994 1647 2077 1693 est
2103 1638 2290 1704 Adam,
2321 1647 2376 1692 et
2414 1637 2533 1692 ideo
2572 1638 2818 1693 dicebat:
2854 1639 3057 1704 Mulier,
3085 1658 3233 1710 quam
3259 1641 3440 1696 dedisti
3461 1660 3566 1697 ine-

1995 1745 2127 1796 cum,
2158 1746 2217 1783 ea
2245 1729 2367 1782 milii
2389 1728 2544 1795 dedit,
2572 1739 2616 1783 et
2641 1729 2831 1782 comedi
2859 1729 3006 1800 (Gen.
3035 1729 3204 1802 5.12).
3234 1731 3402 1786 Iudici
3428 1749 3562 1802 quo-

1995 1836 2096 1889 que
2117 1820 2281 1874 multa
2307 1819 2564 1886 ejusmodi
2586 1820 2891 1888 peecabant.
2925 1820 3056 1887 Quia
3085 1837 3184 1874 non
3214 1823 3568 1891 iusti/icabitur

1995 1912 2048 1965 in
2074 1921 2336 1982 conspectu
2363 1920 2446 1964 tuo
2475 1911 2634 1964 omnis
2663 1911 2846 1964 vivens.
2889 1911 3024 1979 Quid
3066 1912 3132 1966 de
3177 1929 3262 1968 me
3302 1913 3452 1978 dico,
3498 1915 3565 1970 de

1997 2006 2098 2058 hoc
2126 2013 2177 2058 et
2204 2002 2271 2057 de
2302 2001 2642 2072 illm-inquit.
2685 2001 2797 2056 Non
2844 2014 2925 2056 est
2965 2003 3124 2057 homo
3159 2020 3317 2071 super
3344 2016 3558 2071 terram,

1996 2093 2120 2163 qui,
2151 2093 2194 2147 si
2223 2093 2289 2147 de
2312 2091 2590 2161 iisjudicio
2611 2093 2893 2146 contendat
2923 2109 3039 2161 qua:
3068 2093 3140 2146 illi
3168 2109 3196 2146 a
3225 2103 3275 2148 te
3304 2105 3562 2164 praecepta

1996 2195 2137 2248 sunt,
2163 2185 2330 2254 possit
2351 2184 2629 2253 justificari
2659 2201 2673 2238 :
2703 2184 2772 2239 ita
2799 2193 2879 2239 est
2908 2184 3046 2254 apud
3074 2193 3123 2240 te
3151 2185 3454 2251 plenissima
3480 2188 3560 2240 vi-

1997 2277 2184 2329 ctoria.
2218 2276 2268 2330 5.
2301 2274 2432 2340 Quia
2457 2285 2739 2343 persecutus
2776 2287 2846 2328 est
2883 2275 3113 2328 inimicus
3137 2277 3358 2329 animam
3383 2293 3563 2330 meam.

1998 2367 2176 2422 Potest
2201 2365 2410 2435 quidem
2444 2364 2546 2419 hoc
2575 2365 2792 2434 intelligi
2818 2365 2959 2418 etde
2984 2365 3166 2432 Saule,
3194 2366 3282 2436 qui
3307 2375 3422 2420 erat
3443 2376 3567 2420 tunc

1998 2457 2262 2523 inimicus,
2284 2468 2336 2511 et
2358 2471 2480 2511 eum
2501 2455 2932 2525 persequebatur.
2961 2455 3141 2510 Potest
3164 2457 3324 2511 etiam
3351 2457 3450 2512 dici
3476 2474 3569 2525 per

1997 2562 2266 2616 anagogen
2315 2545 2560 2600 inimicus
2605 2545 2846 2600 diabolus
2879 2565 2893 2601 :
2925 2545 3014 2600 ille
3057 2550 3198 2600 enim
3247 2563 3351 2602 non
3395 2559 3569 2601 cessat

1997 2655 2089 2693 eos
2118 2639 2206 2708 qui
2234 2637 2324 2692 Dei
2349 2645 2471 2692 sunt
2497 2639 2758 2707 persequi.
2785 2638 3058 2705 Quomodo
3079 2654 3204 2708 ergo
3225 2639 3566 2694 liberabintur

1998 2729 2064 2783 ab
2109 2729 2224 2798 ejus
2273 2727 2711 2798 persequutione?
2754 2728 2806 2782 Si
2855 2729 3027 2782 locum
3077 2729 3468 2795 invenerimus,
3516 2731 3566 2783 in

1997 2838 2153 2891 quem
2181 2837 2284 2874 non
2316 2823 2480 2890 possit
2509 2821 2730 2892 ingredi.
2765 2820 2832 2874 Et
2867 2821 3104 2890 quisnam
3139 2831 3220 2876 est
3257 2821 3342 2876 hic
3379 2822 3564 2876 locus?

1998 2916 2124 2982 Quis
2145 2916 2278 2968 alius
2293 2915 2391 2968 nisi
2413 2915 2635 2968 caelum?
2656 2913 2927 2982 Quomodo
2956 2923 3130 2968 autem
3163 2931 3301 2968 nunc
3323 2925 3491 2984 potest
3512 2917 3561 2970 in

1999 3005 2182 3057 eielum
2197 3005 2407 3058 ascendi
2420 3005 2442 3056 ?
2457 3005 2590 3058 Audi
2608 3005 2818 3058 Paulum
2834 3003 3093 3058 dicentem
3109 3015 3161 3059 et
3177 3005 3562 3070 ostendenteni,

2001 3113 2096 3151 nos
2115 3099 2272 3152 etiam
2294 3113 2451 3152 carne
2474 3097 2763 3165 implicatos
2785 3111 2936 3165 posse
2959 3097 3062 3151 illic
3075 3099 3273 3152 versari
3295 3116 3306 3151 :
3329 3098 3568 3165 Quwsur-

1997 3205 2106 3240 sum
2135 3199 2248 3240 sunt
2288 3191 2514 3256 cogitate,
2542 3186 2624 3239 ubi
2646 3185 2868 3241 Christus
2893 3197 2961 3240 est
2989 3189 3040 3240 in
3061 3188 3263 3242 dextera
3283 3189 3372 3242 Dei
3391 3191 3568 3244 sedens

2001 3278 2132 3347 (Col.
2160 3279 2209 3332 5.
2248 3277 2321 3346 1).
2350 3279 2413 3330 Et
2437 3292 2616 3330 rursus
2645 3295 2659 3332 :
2693 3277 2877 3330 Nostra
2901 3288 3065 3331 autem
3088 3281 3393 3334 conversatio
3419 3292 3490 3333 est
3517 3284 3569 3335 in

1999 3370 2152 3424 cazlis.
2186 3369 2477 3422 IIumiliavit
2507 3366 2557 3421 iii
2583 3381 2712 3422 terra
2736 3371 2885 3422 vitam
2906 3387 3064 3423 meam
3092 3369 3345 3442 (Philipp.
3373 3374 3425 3427 5.
3447 3373 3562 3443 ‘20).

2072 3461 2347 3514 Ilitniilitas
2373 3461 2649 3529 multiplex.
2677 3490 2747 3500 -—
2771 3461 2928 3514 Multa
2956 3461 3215 3528 significat
3245 3479 3435 3516 nomen
3467 3464 3534 3518 hu
3559 3494 3565 3500 -

2002 3553 2255 3607 utilitatis.
2308 3553 2402 3606 Est
2439 3553 2576 3606 enim
2606 3563 2656 3606 et
2683 3552 2888 3605 virtutis
2926 3551 3216 3618 humilitas,
3257 3561 3314 3606 ut
3353 3557 3564 3623 quando

2001 3649 2125 3702 dicit
2153 3666 2164 3699 :
2199 3648 2297 3702 Cor
2335 3649 2596 3700 contritam
2623 3657 2666 3699 et
2693 3646 3008 3698 liamiliatiim
3043 3644 3177 3698 Deus
3208 3663 3306 3698 non
3331 3647 3566 3716 despiciet

2002 3739 2170 3808 (Psal.
2205 3741 2293 3794 50.
2319 3739 2428 3808 19).
2460 3738 2617 3792 Esth
2639 3737 2904 3791 humilitas
2933 3752 3048 3805 qua:
3074 3736 3309 3804 procedit
3335 3751 3401 3790 ex
3427 3738 3565 3790 cala-

2000 3830 2268 3883 mitaiibus
2295 3848 2307 3883 :
2338 3840 2415 3882 est
2445 3838 2495 3881 et
2527 3844 2642 3894 qua:
2682 3826 3032 3895 proﬁciscitur
3071 3842 3136 3878 ex
3179 3827 3426 3894 peccatis.
3474 3827 3568 3882 llic

2001 3931 2175 3973 autem
2220 3937 2334 3974 eam
2373 3919 2650 3988 significat,
2689 3933 2805 3986 qua:
2847 3917 3015 3970 oritur
3053 3933 3119 3969 ex
3161 3917 3564 3970 calamitatibus.

2002 4015 2256 4079 Quocirca
2283 4012 2547 4080 snhjiingit
2574 4010 2674 4062 hoc
2695 4009 2976 4063 ostendens
3002 4026 3014 4060 :
3044 4007 3336 4061 Humiliavit
3361 4010 3567 4062 interm

2001 4109 2149 4161 vitam
2177 4124 2356 4159 meam.
2403 4107 2495 4158 Est
2541 4103 2698 4157 etiam
2743 4103 3025 4166 humilitas,
3069 4116 3186 4171 qua:
3230 4101 3465 4170 procedit
3501 4118 3565 4155 ex

2001 4197 2266 4266 superbia,
2291 4205 2346 4249 ut
2374 4194 2583 4265 quando
2603 4195 2731 4248 dicit
2755 4213 2767 4248 :
2800 4194 2894 4260 Qui
2922 4210 2974 4247 se
2993 4195 3200 4258 exultat,
3227 4193 3569 4247 liumiliabitar

2002 4290 2148 4360 (Luc.
2185 4289 2270 4344 18.
2301 4287 2409 4357 14).
2445 4288 2539 4341 Est
2562 4288 2719 4341 etiam
2751 4287 2849 4339 alia
2878 4285 3174 4353 humilitas,
3201 4301 3318 4355 quae
3353 4288 3564 4354 prolici-

2002 4383 2166 4436 scitiir
2201 4380 2268 4432 ab
2311 4379 2591 4432 insatiabili
2621 4377 2927 4446 cupiditate.
2975 4376 3110 4444 Quid
3139 4387 3219 4430 est
3249 4375 3564 4446 enimahjc-

2002 4473 2135 4526 ctius
2160 4479 2210 4527 et
2239 4471 2486 4524 humilius
2506 4469 2589 4532 iis,
2613 4468 2699 4538 qui
2722 4469 2925 4536 seipsos
2955 4466 3218 4521 infodiunt
3244 4465 3296 4520 111
3321 4467 3529 4520 divitias
3548 4509 3562 4534 ,

2003 4565 2292 4632 potentiam
2320 4571 2371 4614 et
2396 4561 2648 4630 gloriam?
2677 4560 2712 4613 li
2742 4561 2880 4614 enim
2909 4567 3032 4613 sunt
3051 4559 3252 4612 duabus
3279 4559 3567 4612 rationibus

2003 4654 2264 4719 humiles,
2302 4661 2356 4706 et
2401 4653 2538 4721 quod
2585 4651 2726 4705 humi
2775 4661 2988 4720 serpant
3027 4659 3081 4705 et
3123 4650 3262 4720 quod
3287 4667 3347 4705 ea
3378 4667 3565 4718 magna

2003 4739 2338 4807 existiment,-
2382 4743 2820 4812 quemadmodum
2873 4741 3018 4810 pueri
3079 4742 3249 4811 pilas.
3299 4743 3464 4807 talos,
3514 4752 3570 4796 et

2004 4837 2300 4908 lmjusmodi
2341 4836 2540 4889 ludicra
2578 4834 2750 4904 magni
2789 4835 3000 4887 faciunt.
3038 4834 3107 4886 At
3132 4832 3231 4888 hoc
3256 4849 3358 4887 non
3388 4844 3467 4888 est
3493 4835 3567 4886 si-

2003 4948 2162 5001 gnum
2210 4929 2348 4998 quod
2391 4944 2453 4982 ea
2497 4942 2680 4996 magna
2725 4926 2865 4990 sint,
2912 4924 3005 4980 sed
3057 4925 3194 4993 quod
3242 4925 3330 4995 qui
3369 4941 3430 4979 ea
3475 4925 3572 4977 ad.

2005 5025 2297 5084 mirantur,
2347 5027 2576 5072 mentem
2631 5017 2855 5070 habeant
2907 5016 3260 5084 imperfectam
3297 5024 3350 5068 et
3390 5015 3566 5069 11111111-

2005 5115 2129 5168 10111.
2177 5111 2280 5166 Sed
2329 5110 2430 5164 1100
2482 5109 2693 5178 quidem
2740 5117 2820 5160 est
2859 5108 3029 5160 :ctatis
3072 5116 3126 5159 et
3171 5115 3370 5160 natura:
3420 5105 3569 5160 defe-

2002 5217 2140 5266 ctus,
2181 5203 2306 5258 illud
2341 5218 2463 5254 vero
2504 5209 2585 5252 est
2619 5201 2768 5266 culpa
2807 5197 3112 5250 voluntatis.
3140 5195 3270 5248 Cum
3319 5196 3458 5250 enim
3502 5198 3571 5251 sit

2003 5296 2104 5359 vir,
2133 5309 2194 5346 ac
2223 5304 2440 5346 matura:
2469 5289 2660 5351 aetatis,
2689 5303 2918 5352 mensas,
2942 5288 3140 5350 luxum,
3166 5297 3214 5340 et
3243 5286 3456 5340 delicias
3486 5301 3572 5341 res

2006 5394 2153 5454 putat
2181 5398 2298 5438 esse
2329 5395 2544 5449 magnas
2569 5399 2581 5434 :
2611 5395 2715 5448 quo
2745 5380 2868 5448 quid
2893 5393 3011 5433 esse
3036 5385 3211 5447 potest
3235 5375 3490 5444 abjectius
3518 5385 3574 5432 et

2007 5471 2294 5529 humilius?
2346 5471 2505 5541 Atqui
2557 5470 2708 5525 multi
2756 5484 2848 5524 eos
2891 5483 3012 5523 esse
3057 5466 3234 5536 magni
3281 5474 3335 5520 et
3377 5465 3570 5520 excelsi

2072 5662 2088 5692 '
2119 5657 2271 5716 Illud,
2297 5657 2612 5720 Nequaquam
2643 5651 2767 5715 (Μή)
2791 5688 2804 5715 ,
2847 5663 2949 5701 non
2985 5643 3173 5711 legitur
3202 5645 3252 5694 in
3301 5641 3432 5693 libro
3466 5638 3580 5703 Job,

2010 5733 2106 5772 nec
2126 5720 2337 5770 habetur
2369 5716 2419 5768 111
2443 5716 2667 5770 Hebraeo.
