4070 6340
498 331 594 387 ὂ51

496 443 662 500 animi
709 441 937 497 dicunt:
967 439 1063 497 sed
1111 439 1166 495 hi
1217 451 1340 496 sunt
1384 441 1692 512 illis’longe
1740 441 2078 497 humiliores.

495 537 700 592 Rursus
724 551 851 605 ergo
877 534 1147 590 discamus
1176 549 1296 605 qum
1325 535 1394 589 sit
1418 551 1539 588 vera
1572 535 1796 590 altitudo
1819 577 1834 602 ,
1864 544 1918 590 et
1952 536 2077 604 quid

493 631 751 686 vditalem
773 637 828 684 et
847 627 1197 683 humilitatem
1220 629 1432 683 efﬁciat.
1462 627 1598 682 Nihil
1623 628 1761 682 enim
1785 643 1936 697 :rque
1958 628 2083 683 facit

494 723 790 786 excelsum,
818 731 978 792 atque
1015 736 1078 776 ea
1126 721 1420 790 deSpicere.
1468 721 1619 775 Nunc
1657 736 1782 790 ergo
1827 721 2083 790 propheta

495 815 628 870 dicit
655 813 1008 867 humilitatem
1041 828 1157 881 qum
1180 813 1350 866 oritur
1369 828 1432 867 ex
1461 813 1852 866 calamitatilms
1877 831 1889 867 :
1915 811 2086 866 Collo-

494 906 625 959 cavit
645 922 722 959 me
739 906 788 957 in
806 903 1026 958 obscuris
1047 913 1174 957 sicut
1197 915 1417 957 mortuos
1438 904 1629 958 sazcnli.
1661 904 1932 971 Duplicem
1956 904 2084 957 dicit

495 998 886 1062 calamitatem,
913 1007 967 1052 et
992 997 1131 1068 quod
1160 997 1210 1050 in
1240 997 1482 1050 obscuris
1502 1039 1516 1058 ,
1546 1006 1600 1049 et
1634 997 1774 1064 quod
1813 1005 2081 1065 tamquam

495 1097 739 1145 mortuos
783 1089 966 1144 smculi
1001 1105 1013 1140 :
1046 1103 1144 1159 per
1187 1095 1409 1157 utraque
1453 1087 1755 1157 signiﬁcans
1797 1102 1914 1139 eam
1965 1102 2083 1155 qum

497 1190 625 1236 tunc
661 1188 777 1236 erat
813 1180 1196 1249 captivitatem.
1238 1179 1498 1246 Quoniam
1526 1179 1667 1231 enim
1701 1177 1860 1231 etiam
1887 1177 1976 1247 qui
2003 1187 2083 1231 est

496 1274 550 1328 iu
596 1273 850 1339 obscuro,
896 1279 1072 1342 potest
1113 1271 1311 1341 aliquid
1359 1285 1539 1340 agere,
1573 1284 1796 1324 accensa
1843 1268 2081 1335 lucerna,

497 1367 682 1422 volens
719 1365 1004 1421 ostendere
1036 1365 1296 1435 insignem
1329 1364 1589 1416 malormn
1624 1362 2040 1433 magnitudinem
2065 1403 2080 1427 ,

496 1459 678 1514 addito
719 1470 1048 1513 mortuorum
1094 1457 1309 1512 nomine
1357 1457 1505 1510 auxit
1550 1456 1881 1525 tragmdiam.
1927 1455 2086 1510 Tales

497 1550 734 1622 suntqui
765 1550 814 1604 in
844 1550 1074 1622 peccatis
1103 1550 1304 1604 vivunt.
1359 1550 1428 1602 Ita
1470 1550 1611 1604 enim
1657 1557 1781 1603 sunt
1816 1556 2084 1618 tamquam

498 1644 692 1699 mortui
723 1644 774 1697 iu
803 1643 1039 1698 tenebris
1071 1662 1083 1697 :
1114 1643 1238 1697 licet
1263 1657 1390 1712 ergo
1415 1641 1686 1710 lampades
1710 1639 2084 1696 circumferant

498 1733 913 1790 innumerabiles
931 1775 946 1800 ,
977 1734 1098 1789 licet
1122 1733 1186 1788 ad
1214 1732 1383 1788 solem
1410 1733 1717 1802 respiciant,
1747 1731 1873 1786 licet
1898 1746 1965 1786 ex
1989 1746 2087 1786 ve-

497 1827 670 1883 stibus
707 1834 760 1881 et
797 1826 904 1880 alio
933 1825 1058 1880 vitae
1099 1826 1243 1880 cultu
1286 1825 1491 1879 alacres
1537 1832 1592 1877 et
1634 1825 1741 1879 heti
1785 1823 2084 1887 videantur,

499 1917 668 1974 nihilo
707 1918 955 1982 meliori,
989 1918 1096 1971 imo
1121 1932 1251 1972 vero
1294 1915 1545 1970 deteriori
1585 1925 1708 1970 sunt
1752 1914 2081 1979 conditione,

497 2026 654 2080 quam
683 2011 770 2080 qui
797 2019 922 2064 sunt
947 2011 1163 2070 mortui,
1188 2017 1242 2063 et
1266 2018 1424 2078 agunt
1454 2009 1503 2061 in
1534 2008 1766 2062 tenebris
1791 2025 1804 2059 :
1828 2017 2090 2077 quatenus

499 2104 584 2157 illa
613 2103 827 2171 quidem
861 2118 945 2156 res
971 2111 1054 2156 est
1084 2103 1339 2155 naturalis
1359 2143 1372 2164 ,
1407 2101 1521 2155 lucc
1552 2115 1678 2155 vero
1707 2108 1788 2155 est
1816 2101 1969 2168 Culpa
1992 2116 2089 2152 vo-

500 2193 738 2248 luntatis.
781 2193 1041 2247 Tenebrze
1067 2209 1277 2262 quoque
1303 2202 1425 2246 sunt
1455 2208 1532 2246 ea:
1564 2208 1682 2262 quae
1708 2191 1898 2246 futura:
1928 2201 2086 2257 sunt,

498 2285 568 2340 de
591 2284 782 2354 quibus
810 2285 957 2348 dicit,
990 2283 1176 2338 Tollite
1203 2302 1336 2349 eum,
1363 2294 1409 2338 et
1439 2287 1614 2338 mittite
1641 2286 1693 2339 in
1718 2284 1943 2339 tenebras
1964 2296 2092 2340 exle-

501 2380 658 2433 riores
687 2377 910 2448 (Matth.
934 2376 1025 2432 22.
1057 2377 1180 2446 15).
1212 2377 1345 2432 Sunt
1370 2378 1530 2432 etiam
1558 2377 1669 2431 vitii
1699 2377 1952 2431 tenebrae.
1989 2377 2089 2432 Se-

501 2471 692 2536 dcntes,
719 2472 902 2541 inquit,
933 2471 984 2525 in
1009 2470 1240 2537 tenebris,
1265 2481 1310 2524 et
1339 2472 1515 2525 umbra
1543 2473 1714 2526 mortis
1740 2470 1945 2540 (Luc.l.
1974 2468 2087 2542 79).

502 2561 570 2618 Et
617 2562 835 2628 Paulus,
870 2561 990 2616 Non
1028 2580 1201 2617 sumus
1241 2563 1337 2632 lilii
1379 2562 1691 2617 tenebrarum
1721 2564 1795 2634 (l.
1824 2563 1998 2617 Thess.
2033 2564 2088 2618 5.

501 2652 576 2722 5).
598 2651 920 2722 lterumque,
945 2651 1271 2706 Evanuerunt
1298 2654 1350 2704 in
1371 2653 1752 2723 cogitationibus
1772 2655 1900 2721 suis,
1929 2662 1976 2708 et
2002 2655 2092 2707 ob—

499 2753 758 2799 scnratum
789 2754 861 2798 est
884 2745 1128 2814 insipiens
1148 2760 1236 2796 cor
1259 2760 1429 2797 eorum
1452 2744 1626 2815 (Rom.
1652 2746 1701 2798 1.
1731 2745 1792 2798 2|
1808 2745 1848 2815 ).

574 2835 905 2890 Peccatorum
935 2836 1187 2899 tenebrce;
1215 2853 1460 2907 pauperes
1499 2853 1592 2890 cur
1615 2853 1714 2890 non
1764 2837 2040 2892 audiantur
2057 2855 2092 2892 a

499 2927 790 2981 mundanis.
817 2957 890 2968 —-
919 2927 983 2981 Et
1001 2927 1120 2982 ideo
1140 2927 1583 2997 quemadmodum
1603 2929 1693 2999 qui
1720 2937 1999 2984 versantur
2035 2929 2086 2984 in

500 3021 753 3084 tenebris,
787 3020 1031 3074 nesciunt
1051 3035 1227 3073 rerum
1254 3031 1494 3074 naturam
1523 3020 1628 3074 :ita
1655 3022 1812 3076 etiam
1841 3022 1932 3091 qui
1964 3030 2088 3076 sunt

496 3111 551 3167 in
591 3113 841 3184 peccatis,
873 3121 999 3166 sunt
1022 3113 1298 3180 obczccati,
1351 3120 1406 3167 et
1432 3128 1492 3167 ea
1519 3129 1637 3182 qum
1680 3125 1935 3184 apparent
1983 3130 2086 3169 non

496 3202 824 3270 discernunt,
857 3202 950 3258 sed
981 3202 1047 3258 ad
1070 3203 1284 3258 umbras
1302 3213 1564 3273 tamquam
1595 3204 1663 3258 ad
1684 3219 1771 3258 res
1795 3219 1950 3260 veras
1966 3220 2087 3259 cur-

495 3304 639 3363 runt,
668 3297 880 3350 divitias
905 3304 961 3350 et
988 3295 1223 3361 delicias,
1258 3307 1309 3350 et
1346 3295 1631 3364 potentiam
1687 3307 2085 3366 persequentes,

496 3401 598 3443 nec
619 3389 839 3450 amicos,
873 3402 972 3442 nec
994 3387 1236 3441 inimicos
1262 3397 1522 3441 noverunt
1554 3403 1569 3441 :
1604 3388 1832 3442 inimicis
1870 3388 2084 3458 quidem

497 3486 766 3548 tamquam
793 3479 979 3534 amicis
1007 3477 1253 3544 ﬁdentes,
1273 3494 1396 3533 cum
1425 3479 1609 3534 amicis
1642 3495 1771 3534 vero
1819 3489 2085 3550 tamquam

493 3583 616 3622 cum
644 3569 881 3623 hestibus
906 3567 1272 3640 conﬂigentes.
1307 3569 1420 3625 Non
1446 3570 1595 3624 vides
1617 3586 1876 3641 pauperes
1910 3573 2087 3640 quoti-

495 3659 584 3714 die
617 3661 930 3726 clamantes,
961 3668 1015 3715 et
1039 3659 1317 3730 eiulantes,
1360 3675 1388 3713 a
1422 3661 1634 3715 nemine
1663 3671 1840 3715 tamen
1869 3661 2087 3716 audiri?

494 3751 671 3820 Quare
695 3767 798 3806 non
829 3749 1086 3806 audiunt?
1111 3751 1370 3818 Quoniam
1391 3752 1674 3806 collocavit
1721 3766 1816 3806 eos
1843 3751 2088 3808 diabolus

498 3847 551 3900 in
595 3846 856 3909 obscuris,
899 3844 1037 3899 sicut
1064 3855 1301 3899 mortuos
1328 3845 1528 3900 saeculi.
1583 3844 1737 3913 Quod
1774 3845 1918 3900 enim
1959 3854 2088 3900 sunt

493 3939 612 3992 aliis
630 3939 862 3994 tenebrm
881 3946 936 3993 et
961 3937 1147 3992 mortis
1167 3936 1422 4002 conditio,
1456 3937 1557 3992 hoc
1573 3947 1654 3992 est
1680 3937 1759 3992 eis
1785 3937 2087 3993 inhumani-

497 4041 599 4084 tas.
633 4029 728 4085 Est
748 4045 930 4085 eorum
952 4029 1041 4100 qui
1065 4028 1256 4084 sedent
1281 4028 1332 4082 in
1367 4029 1601 4083 tenebris
1623 4044 1727 4082 non
1753 4027 1935 4083 videre
1967 4044 2082 4084 ma-

499 4122 548 4178 la
573 4140 693 4194 qua:
715 4123 837 4178 illos
863 4121 1140 4177 invadunt.
1175 4121 1287 4175 Hoc
1313 4121 1473 4176 etiam
1506 4121 1583 4176 eis
1609 4120 1820 4183 accidit,
1851 4121 1938 4190 qui
1971 4135 2078 4174 non

494 4218 677 4272 vident
703 4231 796 4271 eas
815 4231 934 4286 qua:
949 4215 1102 4286 juxta
1133 4215 1275 4284 ipsos
1304 4213 1420 4267 sita:
1461 4224 1584 4266 sunt
1634 4212 1985 4278 calamitates,
2032 4223 2086 4268 et

498 4311 548 4363 in
590 4310 873 4380 voragines
915 4308 1188 4377 fossasque
1251 4316 1304 4361 et
1354 4306 1644 4377 pra'cipitia
1710 4307 2080 4362 delurbautur.

493 4403 589 4458 Est
619 4417 804 4457 eorum
823 4402 912 4471 qui
934 4400 1123 4456 sedent
1143 4399 1194 4454 in
1222 4398 1458 4454 tenebris
1482 4399 1650 4468 turpia
1680 4412 1868 4454 secure
1887 4400 2084 4453 audere

493 4492 798 4548 admittere.
847 4491 959 4546 Hoc
1006 4489 1166 4544 etiam
1218 4487 1420 4543 faciunt
1451 4488 1541 4558 qui
1596 4487 1838 4557 nequiter
1875 4489 2080 4553 vivunt,

493 4597 760 4656 tamquam
783 4586 870 4656 qui
888 4583 1076 4639 sedent
1093 4584 1144 4637 in
1164 4582 1417 4647 tenebris,
1442 4591 1496 4635 et
1524 4580 1742 4651 perinde
1771 4595 1832 4634 ac
1853 4579 1898 4633 si
1917 4595 2078 4634 nemo

496 4679 657 4734 homo
686 4679 774 4744 sit,
799 4678 910 4747 qui,
933 4691 1051 4747 qua:
1073 4674 1223 4738 ﬁunt,
1257 4675 1526 4744 respiciat,
1559 4674 1738 4727 omnia
1769 4682 1874 4726 tam
1897 4686 2083 4728 secure

493 4779 818 4842 perpetrant,
851 4770 904 4824 in
929 4767 1119 4824 mediis
1151 4767 1368 4822 urbibus
1395 4767 1539 4823 velut
1567 4767 1620 4821 in
1648 4765 1934 4821 solitudine
1958 4781 2079 4821 see-

491 4864 600 4920 lera
627 4863 1042 4919 committentes.

561 4955 618 5011 4.
637 4955 804 5009 Animi
831 4954 924 5009 sibi
959 4952 1094 5007 male
1115 4951 1302 5006 conscii
1329 4950 1587 5012 conditio;
1615 4948 1956 5018 improborum
1981 4947 2079 5000 mi-

491 5064 605 5102 sera
627 5047 885 5111 conditio;
915 5044 1184 5114 descriptio
1228 5042 1401 5108 avari;
1429 5041 1793 5108 prwleritorum
1841 5038 2080 5092 memoria

491 5155 646 5208 quam
683 5137 841 5191 utilis.
865 5165 936 5176 ——
959 5134 1057 5202 Qui
1087 5133 1277 5190 sedent
1303 5134 1352 5186 in
1383 5133 1639 5195 tenebris,
1672 5139 1796 5185 sunt
1821 5132 1871 5185 in
1891 5145 2080 5201 perpe'

489 5241 583 5286 tuo
603 5241 746 5284 metu
775 5245 788 5282 :
818 5229 889 5283 ita
916 5227 969 5281 hi
997 5228 1180 5282 etiam.
1204 5225 1392 5280 Nullus
1415 5225 1556 5280 enim
1581 5235 1761 5295 raptor
1805 5233 1860 5278 et
1885 5239 2077 5277 avarus

487 5331 570 5378 est
596 5338 628 5377 a
645 5331 788 5377 metu
809 5322 1034 5385 alienus,
1064 5330 1550 5389 quantumcumque
1572 5334 1630 5374 se
1651 5317 1943 5373 insolenter
1963 5319 2078 5387 jac-

489 5415 626 5477 titet,
653 5423 708 5468 et
729 5415 1062 5468 extrinsecus
1115 5411 1342 5464 hetantis
1388 5410 1620 5479 speciem
1665 5425 1776 5480 pra:
1815 5426 1872 5462 se
1919 5411 2074 5462 lerat.

489 5504 632 5560 Talis
653 5514 735 5559 est
757 5505 898 5559 enim
919 5515 1104 5557 natura
1130 5501 1290 5554 animi
1321 5501 1416 5554 sibi
1442 5500 1578 5554 male
1597 5499 1814 5553 conscii.
1844 5498 2078 5553 Eteraut

489 5595 543 5650 hi
566 5597 782 5667 quidem
811 5608 968 5651 antea
991 5595 1137 5650 onmi
1165 5609 1316 5648 venia
1349 5593 1558 5660 privati,
1587 5592 1681 5648 sed
1714 5607 1853 5648 nunc
1883 5595 2072 5662 magis,

489 5687 632 5755 quod
652 5703 774 5742 cum
797 5689 876 5742 sol
903 5687 1119 5758 justitia:
1144 5686 1400 5748 illuxerit,
1430 5684 1604 5740 adhuc
1627 5684 1813 5740 sedent
1845 5685 1895 5738 in
1927 5692 2076 5738 tene-

484 5777 616 5833 bris.
641 5777 708 5833 Et
731 5778 999 5850 quomodo
1024 5791 1144 5832 cum
1173 5777 1345 5830 illum
1372 5787 1473 5845 sot,
1507 5776 1697 5830 sedent
1727 5774 1776 5828 in
1801 5773 2074 5831 tenebris?

1220 328 1279 384 S.
1319 327 1599 385 JOANN‘IS
1633 325 2112 385 CllRYSOSTOMI
2153 329 2468 388 ARCHIEP.
2500 331 3030 396 CONSTANTINOP.

3673 350 3780 405 15!

2192 443 2416 515 Propter
2435 449 2706 503 oculorum
2733 451 3172 507 imbecillitatem.
3192 453 3323 509 Cum
3343 456 3485 510 enim
3507 473 3566 513 se
3586 462 3776 525 antris,

2185 539 2381 594 cloacis
2419 551 2474 596 et
2509 545 2846 614 voraginibus
2895 547 3005 599 vitii
3051 546 3359 615 infoderint,
3388 550 3456 604 ob
3502 553 3777 608 oeulorum

2187 630 2597 688 imbecillitatem
2635 650 2738 689 non
2768 649 2991 706 possunt
3017 637 3194 692 radios
3222 640 3435 694 intueri.
3469 643 3522 698 4.
3554 642 3623 696 Et
3679 662 3778 698 an-

2185 724 2353 776 xiatus
2380 733 2450 778 est
2472 741 2623 793 super
2640 743 2721 780 me
2741 729 2946 796 spiritus
2971 745 3110 783 meus
3139 744 3160 784 :
3207 731 3262 784 in
3290 748 3368 786 me
3413 734 3668 787 turbatum
3708 746 3780 790 est

2187 830 2275 866 cor
2294 831 2477 869 meum.
2509 817 2679 884 Alius,
2709 817 2774 871 Et
2799 819 3232 888 circumagebatur
3258 821 3310 874 in
3342 839 3420 876 me
3441 825 3614 876 anima
3648 842 3777 878 mea.

2188 904 2432 958 Ostendit
2468 922 2654 961 rursus
2678 923 2938 962 summam
2964 909 3313 965 afﬂictionem
3344 929 3438 980 per
3462 915 3625 969 animi
3659 932 3778 985 per-

2192 994 2564 1053 turbationem.
2607 998 2742 1068 Quid
2791 1010 2874 1054 est
2916 1011 3117 1066 autem,
3148 1001 3213 1056 In
3239 1003 3455 1059 me?Ne
3493 1006 3612 1059 aliis
3658 1009 3778 1076 qui—

2189 1086 2309 1141 dem
2357 1097 2596 1156 poteram
2654 1092 2954 1156 enuntiare,
3006 1103 3061 1147 et
3099 1094 3523 1148 consolationem
3579 1097 3647 1151 ab
3697 1099 3776 1150 eis

2188 1193 2448 1248 acetpere.
2479 1181 2632 1235 Tales
2662 1191 2786 1236 sunt
2839 1185 3000 1236 animi
3047 1185 3406 1254 improbormu
3443 1205 3457 1238 :
3487 1203 3773 1257 numquam

2189 1287 2294 1326 non
2334 1273 2742 1340 conturbantur,
2774 1291 2880 1328 non
2908 1276 3079 1329 solum
3130 1277 3256 1330 dum
3302 1289 3423 1330 sunt
3473 1267 3778 1347 prmsentm,

2189 1365 2284 1418 sed
2306 1367 2463 1419 etiam
2485 1365 2608 1420 dum
2640 1377 3018 1436 exSpectautur
3045 1369 3204 1423 mala.
3235 1370 3530 1441 Numquam
3581 1381 3664 1426 est
3701 1375 3784 1428 eis

2191 1458 2297 1512 ulla
2329 1460 2701 1525 traniluillitas,
2733 1461 2872 1514 nulla
2902 1462 3064 1515 animi
3112 1465 3392 1529 securitas,
3439 1465 3531 1520 sed
3572 1477 3779 1534 pertur-

2189 1549 2388 1603 bantur
2409 1551 2575 1619 magis
2601 1566 2758 1620 quam
2810 1551 3012 1606 nullmn
3061 1554 3276 1623 pelagus
3310 1573 3323 1610 ε
3353 1570 3460 1609 non
3503 1573 3626 1620 nox,
3672 1573 3780 1612 non

2191 1640 2304 1694 dies
2325 1641 2402 1695 eis
2427 1643 2690 1708 concedit,
2711 1653 2768 1697 ut
2792 1644 3008 1699 sedetur
3029 1655 3335 1715 tempestas,
3388 1647 3481 1702 sed
3549 1649 3783 1720 undique

2192 1743 2450 1787 vexantur
2479 1752 2491 1787 :
2525 1735 2623 1788 etsi
2648 1737 2827 1790 nullus
2847 1738 2918 1790 sit
2945 1739 3034 1807 qui
3062 1739 3140 1792 eis
3167 1739 3467 1793 molestiam
3495 1740 3774 1804 exhibeat,

2191 1826 2388 1881 bellum
2419 1827 2724 1882 intestinum
2750 1843 2812 1882 ac
2840 1828 3193 1883 domesticum
3239 1829 3517 1892 habentes,
3578 1846 3675 1886 nec
3717 1832 3785 1886 iis

2192 1933 2310 1987 quze
2334 1917 2443 1982 jam
2474 1930 2796 1987 acceperunt
2850 1919 3116 1984 fruuntur,
3145 1937 3332 1974 eorum
3380 1937 3498 1990 qu;e
3545 1923 3782 1976 nondum

2192 2009 2522 2064 advenerunt
2558 2011 2914 2066 sollicitudine
2936 2011 3174 2077 lacerati,
3207 2013 3407 2072 laniati,
3440 2012 3507 2066 de
3540 2015 3785 2067 omnium

2193 2101 2418 2174 negitiis
2442 2103 2673 2168 solliciti,
2719 2103 2857 2157 bona
2905 2104 3143 2157 omnium
3195 2105 3407 2158 curiose
3457 2112 3782 2167 scrutantes,

2193 2192 2372 2249 animo
2398 2193 2658 2262 agitantes
2679 2195 2946 2263 quomodo
2973 2196 3095 2250 huic
3122 2197 3332 2264 quidem
3360 2198 3776 2264 ptu'suadebunt,

2194 2284 2341 2338 illum
2370 2299 2499 2340 vero
2523 2286 2816 2350 terrebunt,
2849 2286 3009 2341 alium
3055 2287 3264 2343 blandis
3313 2289 3491 2341 verbis
3529 2288 3780 2350 allicieut,

2193 2374 2354 2429 alium
2381 2391 2508 2430 vero
2537 2385 2748 2446 cogent,
2779 2378 2939 2431 alium
2963 2387 3138 2433 autem
3167 2379 3544 2439 observabunt.
3571 2380 3742 2432 calum
3761 2411 3778 2419 -

2195 2467 2333 2532 nias,
2359 2468 2681 2538 emptiones,
2705 2469 3062 2534 venditiones,
3094 2479 3427 2535 testamenta,
3479 2470 3779 2539 lidejussio-

2195 2575 2312 2626 nes,
2347 2575 2556 2624 usuras,
2587 2570 2782 2625 sortes,
2832 2570 2884 2615 et
2925 2563 3113 2616 horum
3161 2563 3419 2616 malormn
3466 2563 3784 2632 quisquilias

2195 2664 2250 2709 et
2278 2654 2434 2709 faeces
2471 2654 2612 2724 apud
2663 2671 2722 2709 se
2769 2667 3040 2709 versantes
3076 2673 3088 2706 :
3119 2664 3172 2708 ct
3219 2655 3434 2724 quando
3475 2656 3552 2710 eis
3601 2656 3784 2709 omnia

2195 2744 2437 2811 afﬂuunt,
2497 2755 2622 2800 tunc
2670 2747 2897 2798 maxime
2940 2744 3336 2813 perturbantur.
3387 2745 3516 2798 Vide
3553 2745 3780 2801 divitem

2195 2837 2341 2892 illum
2371 2837 2459 2907 qui
2484 2845 2609 2892 tunc
2656 2837 2884 2890 maxime
2931 2837 3194 2900 turbatur,
3238 2836 3452 2905 quando
3497 2835 3612 2904 eius
3649 2850 3782 2905 ager

2195 2928 2294 2983 fuit
2321 2928 2697 2993 fertilissimus,
2723 2928 3056 2997 dubitatque,
3086 2937 3139 2982 et
3165 2937 3248 2982 est
3273 2927 3435 2982 animi
3473 2929 3782 2997 perplexas,

2194 3029 2248 3076 et
2299 3021 2427 3076 dicit
2458 3038 2471 3074 :
2504 3021 2640 3088 Quid
2663 3019 2892 3092 faciam?
2921 3020 3134 3072 Dirnam
3159 3021 3338 3074 horrea
3367 3037 3498 3084 mea,
3541 3032 3586 3073 et
3615 3022 3783 3089 cedi/i-

2193 3113 2316 3166 cabo
2338 3111 2830 3183 majora(l.uc.12.
2860 3110 2989 3183 18).
3022 3112 3244 3182 Pauperi
3286 3122 3462 3166 autem
3495 3110 3625 3167 nihil
3676 3114 3786 3170 tale

2198 3204 2417 3262 accidit.
2450 3205 2503 3257 5.
2530 3202 2731 3257 Memor
2783 3204 2859 3276 fui
2889 3203 3084 3256 dierum
3118 3205 3438 3272 antiquorum
3471 3224 3489 3258 :
3516 3205 3787 3259 meditatus

2191 3311 2301 3347 sum
2316 3294 2366 3347 in
2379 3293 2605 3348 omnibus
2621 3294 2854 3364 aperibus
2867 3297 2982 3347 tuis.
3006 3293 3117 3346 Non
3133 3304 3213 3348 est
3231 3293 3342 3346 bmc
3359 3309 3522 3363 parva
3535 3295 3786 3348 consola-

2191 3388 2286 3456 tio,
2312 3388 2486 3456 priora
2523 3403 2680 3441 nosse
2707 3397 2760 3442 et
2790 3387 3092 3456 prtesentia.
3120 3384 3380 3454 Quoniam
3409 3387 3571 3448 extim,
3605 3399 3659 3439 ut
3686 3403 3777 3441 sc-

2192 3480 2298 3535 mel
2324 3479 2519 3546 dicam,
2555 3479 2740 3535 iisdem
2772 3479 2974 3548 legibus
3004 3480 3138 3533 Deus
3165 3489 3218 3534 et
3242 3494 3304 3534 ea
3327 3495 3444 3550 quae
3467 3494 3606 3533 nunc
3631 3489 3777 3543 sunt,

2192 3579 2246 3625 et
2287 3587 2405 3641 quae
2447 3572 2592 3640 prius
2641 3570 2855 3626 fuerunt
2903 3569 3255 3636 administrat,
3307 3573 3536 3624 maxima
3585 3582 3666 3626 est
3710 3573 3778 3626 ad

2191 3664 2474 3734 pra-sentia
2517 3663 2809 3718 consolatio
2837 3662 3093 3716 memoria
3124 3663 3534 3731 pneteritorum.
3570 3664 3632 3717 Et
3657 3663 3778 3717 ideo

2192 3757 2244 3809 in
2272 3755 2377 3810 alio
2405 3770 2615 3826 quoque
2657 3754 2866 3809 Psalmo
2893 3754 3022 3808 dicit
3049 3771 3062 3809 :
3100 3753 3241 3806 Num
3281 3755 3334 3807 in
3367 3755 3554 3808 saecula
3575 3755 3778 3823 repellet

2191 3847 2459 3909 Dominus,
2491 3856 2579 3899 aut
2617 3847 2670 3899 in
2718 3846 2870 3914 ﬁnem
2909 3845 3302 3898 misericordiam
3338 3861 3482 3898 suam
3535 3846 3778 3900 rescindat

2197 3933 2366 4006 (Psal.
2399 3934 2486 3989 76.
2513 3933 2564 3988 8.
2603 3933 2685 4002 9)?
2711 3933 2776 3987 Et
2796 3934 2930 3986 alius
2949 3974 2964 3998 ,
2994 3933 3246 4002 Respicite
3272 3933 3340 3985 ad
3369 3933 3606 4003 antiquus
3629 3951 3780 4004 gene-

2189 4026 2430 4088 rationes,
2460 4036 2507 4078 el
2533 4025 2694 4079 videte
2717 4025 2825 4091 quis
2854 4025 3124 4094 speraverit
3149 4024 3202 4078 in
3230 4024 3498 4078 Dominum
3519 4067 3533 4091 ,
3562 4035 3606 4080 et
3631 4028 3778 4080 dere-

2191 4117 2336 4171 lictus
2362 4118 2424 4171 sil
2443 4116 2627 4186 (Eccli.
2649 4118 2703 4170 εξ.
2729 4118 2842 4182 il)?
2871 4116 2938 4170 Et
2957 4117 3168 4179 Paulus,
3198 4115 3320 4169 Haec
3346 4126 3511 4169 autem
3531 4119 3698 4170 omnia
3729 4119 3781 4170 in

2189 4212 2354 4281 ﬁgura
2380 4210 2667 4263 eveniebant
2697 4209 2800 4264 illis
2843 4225 2860 4262 :
2899 4210 3090 4280 scripta
3111 4218 3228 4262 sunt
3257 4218 3423 4260 autem
3450 4209 3516 4260 ad
3543 4209 3779 4260 admoni-

2187 4305 2369 4356 tionem
2416 4313 2657 4366 nostram,
2696 4301 2762 4353 ad
2805 4317 2927 4371 quos
2973 4300 3100 4368 ﬁnes
3130 4299 3431 4353 swculorum
3475 4300 3776 4352 devenerunt

2189 4399 2266 4467 (l.
2299 4397 2417 4451 Cor.
2445 4396 2530 4451 10.
2563 4397 2672 4464 11).
2709 4392 2822 4448 Non
2862 4394 3033 4447 aliena
3060 4402 3235 4446 autem
3268 4393 3461 4455 Solimi,
3491 4391 3582 4444 sed
3611 4392 3774 4447 etiam

2191 4498 2372 4544 nostra
2404 4504 2546 4558 smpe
2588 4489 2638 4542 in
2677 4487 2988 4542 memoriam
3029 4495 3360 4547 revocantes,
3395 4484 3772 4537 lm-rilbcimus.

2188 4581 2303 4638 lloe
2349 4591 2525 4636 autem
2569 4579 2802 4634 ostendit
2829 4576 3114 4646 Apostolus
3152 4577 3336 4630 dicens
3369 4592 3382 4628 :
3418 4576 3776 4630 Itecordumint

2187 4680 2411 4749 priorum
2432 4677 2649 4742 dierum,
2672 4677 2722 4728 in
2750 4675 2930 4746 quibus
2968 4673 3237 4728 illuutinati
3261 4689 3498 4743 magnum
3528 4682 3778 4725 certamen

2185 4768 2488 4822 sustinuistis
2513 4768 2800 4838 passionum
2831 4763 3013 4834 (Hebr.
3047 4765 3131 4819 10.
3163 4763 3272 4835 52).
3311 4765 3374 4818 Et
3402 4781 3430 4817 a
3458 4763 3728 4818 contrario
3755 4783 3771 4817 :

2189 4859 2469 4924 Quemnam
2493 4859 2715 4928 fructum
2745 4869 2860 4912 tunc
2889 4858 3131 4912 habuistis
3158 4859 3211 4911 in
3240 4858 3321 4922 iis,
3353 4860 3405 4911 in
3434 4859 3609 4928 quibus
3637 4874 3777 4910 nunc

2187 4949 2478 5002 erubescitis
2518 4947 2694 5020 (Rom.
2735 4948 2788 5002 6.
2816 4947 2937 5016 2l)?
2971 4948 3037 5005 Et
3068 4947 3203 5002 alius
3231 4947 3463 5015 sapiens,
3494 4947 3779 5000 Recordare

2185 5042 2455 5095 novissima
2498 5050 2608 5102 tua,
2641 5050 2688 5094 et
2724 5041 2775 5092 in
2813 5051 3056 5093 wternum
3097 5057 3197 5093 non
3243 5040 3469 5108 peccabis
3507 5037 3691 5108 (Eccli.
3717 5039 3778 5094 7.

2183 5133 2295 5202 40).
2339 5133 2450 5187 [loc
2479 5131 2620 5186 enim
2652 5131 2750 5184 etsi
2799 5142 2881 5184 est
2921 5131 3153 5184 futurum
3185 5170 3200 5194 ,
3235 5145 3262 5182 a
3295 5130 3562 5199 praeterito
3594 5141 3778 5184 tamen

2184 5227 2329 5279 ducit
2357 5224 2586 5290 initium,
2617 5239 2808 5292 nempe
2836 5237 2979 5276 Iners
3009 5223 3326 5275 communis.
3359 5221 3469 5275 lloc
3502 5222 3657 5274 etiam
3690 5221 3775 5272 fa-

2183 5319 2258 5372 cit
2283 5318 2478 5371 Paulus
2504 5331 2568 5370 ex
2604 5314 2887 5386 prmteritis
2913 5324 2965 5368 et
2995 5313 3181 5366 futuris
3207 5355 3222 5373 ,
3251 5322 3299 5365 et
3332 5311 3544 5380 quando
3572 5328 3778 5364 conso-

2185 5409 2304 5472 lari,
2347 5420 2401 5462 et
2425 5406 2636 5476 quando
2663 5405 2932 5474 eoi’rigere
2963 5416 3172 5474 oportet
3209 5423 3220 5458 :
3254 5402 3389 5457 Nolo
3415 5446 3429 5468 ,
3463 5404 3649 5472 inquit,
3681 5420 3783 5455 t'os

2183 5505 2436 5569 ignorare,
2476 5504 2676 5570 fratres.
2721 5497 2856 5564 quod
2895 5507 3063 5567 patres
3106 5498 3262 5550 nostri
3299 5514 3470 5550 omnes
3509 5498 3599 5550 sub
3644 5498 3781 5549 nnba

2183 5597 2407 5663 fuerunl,
2450 5601 2500 5645 et
2537 5607 2706 5644 omnes
2737 5606 2874 5642 mare
2916 5590 3241 5654 transierunt,
3273 5598 3317 5641 et
3347 5604 3515 5641 omnes
3546 5590 3720 5639 cenula
3748 5607 3784 5638 ει

2182 5698 2344 5735 escam
2371 5681 2650 5750 spiritalem
2678 5680 2997 5733 comederunt
3038 5696 3056 5732 :
3096 5679 3184 5732 scd
3209 5697 3308 5732 non
3336 5681 3386 5730 in
3415 5679 3638 5747 pluribus
3677 5697 3788 5728 eo-

2184 5791 2296 5827 rum
2323 5772 2622 5846 complacuit
2648 5771 2754 5825 Dco
2779 5772 2856 5842 (1.
2891 5771 3010 5834 Cor.
3032 5773 3117 5827 10.
3145 5777 3194 5825 1.
3222 5772 3272 5824 5.
3298 5771 3349 5825 4.
3375 5769 3450 5842 5).
3472 5769 3789 5839 Aliquando
