4064 6340
273 331 368 386 451

269 441 526 512 γεγονὼς.
556 442 834 514 τραπέζας
889 445 982 499 καὶ
1019 443 1221 516 πόρνας
1249 447 1342 501 καὶ
1391 451 1603 521 τρυφὴν
1632 451 1840 521 μεγάλα

269 524 408 580 εἶναι
438 527 645 598 νομίζει
665 547 677 559 ο
711 523 771 580 οὗ
803 529 855 582 τί
877 529 1072 596 γένοιτ’
1095 529 1160 584 ἀν
1185 532 1600 603 ταπεινότερονς
1652 535 1844 588 Καίτοι

271 610 455 664 πολλοί
479 613 606 675 τοὺς
643 612 918 676 τοιούτους
957 613 1364 686 μεγαλοψύχους
1387 617 1641 670 καλοῦσιν
1668 634 1681 648 ⁸
1730 617 1844 672 ἀλλ’

270 687 414 747 οὗτοι
445 695 668 748 ἐκείνων
718 695 900 766 πολλῷ
927 699 1298 769 ταπεινότεροι
1333 700 1516 754 πάλιν.
1567 700 1844 770 Μάθωμεν

270 777 449 832 τοίνυν
486 778 619 849 ὅπερ
654 779 802 832 ἐστὶν
827 779 960 848 ὕψος
991 781 1210 852 ἀληθὲς,
1243 782 1336 836 καὶ
1368 784 1421 837 τί
1457 783 1727 836 εὐτέλειαν
1752 786 1845 854 ἑρ-

272 861 520 929 γάζεται.
576 861 742 914 Οὐδὲν
793 862 904 934 γὰρ
961 863 1132 926 οὕτως
1170 864 1393 934 ὐῂλὺν,
1425 865 1499 930 ὡς
1551 867 1608 919 τὸ
1643 865 1845 919 τούτων

272 944 566 1015 ύπερορᾷν,
599 947 757 998 ποιεῖ.
794 945 907 998 Νῦν
937 941 1030 1000 οὖν
1063 947 1092 998 0
1138 949 1422 1018 προφήτης
1471 948 1570 1019 τὴν
1603 949 1711 1001 ἀπὺ
1734 948 1846 1000 τῶν

277 1027 570 1098 συμφορῶν
594 1027 741 1096 λέγει
769 1027 1130 1081 ταπείνωσινο
1181 1029 1458 1083 Ἑκάθισέ
1488 1047 1564 1099 με
1600 1030 1670 1084 ἐν
1705 1044 1848 1083 σκο-

275 1109 492 1174 τεινοῖς
515 1111 595 1176 ὡς
611 1111 862 1177 νεκροὺς
903 1110 1136 1177 αἰῶνος.
1172 1111 1376 1182 Διπλῆν
1410 1111 1556 1180 λέγει
1581 1112 1678 1182 τὴν
1708 1130 1847 1182 συμ-

278 1191 468 1262 φορὰν,
495 1194 590 1245 καὶ
617 1193 700 1246 ὅτι
731 1195 788 1246 tv
817 1196 1127 1256 σκοτεινοῖς,
1151 1195 1245 1248 καὶ
1262 1196 1342 1248 ὅτι
1368 1194 1444 1258 ὡς
1473 1197 1698 1266 νεκροὺς
1718 1194 1849 1247 αίῶ-

277 1290 385 1338 νος,
415 1275 480 1327 δι’
504 1276 777 1347 ἑκατέρων
805 1276 1170 1347 αἰνιττόμενος
1193 1277 1287 1347 τὴν
1304 1277 1421 1331 τότε
1449 1277 1843 1347 αἰχμαλωσίαν.

289 1357 441 1410 Ἐπεὶ
473 1359 581 1428 γάρ
612 1360 728 1412 ἐστι
759 1359 852 1412 καὶ
881 1363 938 1412 ἐν
983 1362 1272 1423 σκοτεινοῖς
1295 1359 1422 1413 ὄντα
1472 1360 1731 1431 πράττειν
1771 1378 1845 1426 τι,

276 1439 468 1510 λύχνον
495 1440 724 1510 ἀψαντα,
748 1444 864 1512 μετ’
886 1442 1189 1506 ἐπιτάσεως
1215 1443 1532 1514 βουλόμενος
1557 1442 1724 1508 δεῖξαι
1748 1445 1847 1514 τὴν

279 1522 582 1594 ὑπερϐολὴν
611 1523 719 1578 τῶν
755 1524 958 1583 κακῶν,
989 1525 1066 1596 τῷ
1095 1526 1316 1596 ὀνόματι
1360 1527 1468 1579 τῶν
1495 1526 1704 1597 νεκρῶν
1734 1526 1848 1595 ῶγ-

279 1618 422 1658 κωσε
451 1605 548 1675 τὴν
569 1608 890 1678 τραγῳδίαν.
918 1607 1158 1660 Τοιοῦτοί
1188 1611 1292 1662 εἰσι
1318 1611 1412 1663 καὶ
1435 1610 1486 1662 οί
1516 1611 1573 1663 ἐν
1602 1611 1850 1681 ἁμαρτή-

255 1704 414 1756 -μασι
443 1687 661 1754 ζῶντες.
701 1691 788 1753 Ὠς
812 1691 920 1761 γὰρ
949 1693 1006 1743 ἐν
1045 1690 1221 1762 σκότῳ
1259 1693 1461 1761 νεκροὶ,
1506 1692 1677 1756 οὕτως
1704 1692 1844 1746 εἰσί·

279 1771 381 1826 κᾶν
411 1774 609 1843 μυρίας
636 1769 729 1828 οὖν
754 1775 1091 1846 περιφέρωσι
1137 1775 1484 1847 λαμπηδόνας
1504 1816 1518 1840 ,
1563 1775 1665 1830 κᾶν
1713 1775 1849 1846 πρὸς

276 1854 369 1907 τὸν
397 1855 547 1924 ἥλιον
577 1855 836 1926 βλέπωσι,
888 1858 992 1912 κᾶν
1050 1858 1264 1929 φαιδροὶ
1303 1859 1554 1926 γίνωνται
1605 1859 1713 1912 ἀπὸ
1742 1857 1849 1910 τῶν

278 1936 603 2008 ἐσθημάτων
629 1939 724 1992 καὶ
750 1940 850 2010 τῆς
871 1941 1038 2010 άλλης
1072 1941 1385 2010 θεραπείας,
1411 1941 1518 1994 τῶν
1551 1941 1850 2012 νεκρωθέν-

277 2037 386 2073 των
410 2021 556 2088 ἅπαξ
585 2023 678 2076 καὶ
705 2022 764 2074 ἐν
789 2022 965 2094 σκότῳ
991 2021 1160 2076 ὄντων
1188 2023 1338 2077 οὐδὲν
1360 2024 1580 2094 ἄμεινον
1618 2023 1851 2078 διάκειν-

277 2120 389 2170 ται,
417 2105 552 2159 άλλά
585 2107 677 2159 καὶ
705 2105 884 2176 πολλῷ
916 2106 1292 2179 χαλεπώτερον
1317 2149 1334 2174 ,
1382 2109 1492 2178 ὅσῳ
1536 2107 1596 2162 τὸ
1627 2108 1723 2178 μὲν
1751 2106 1851 2174 φύ-

281 2203 418 2251 σεως
453 2190 705 2260 πρᾶγμα,
733 2189 793 2243 τὸ
825 2191 882 2244 δὲ
911 2190 1282 2261 προαιρέσεως
1318 2191 1640 2261 κατηγορία.
1694 2191 1851 2261 Ἔστι

283 2270 470 2334 σκότος
494 2258 584 2324 καὶ
609 2258 667 2324 τὸ
695 2272 888 2343 μέλλον
917 2258 1044 2345 περὶ
1071 2268 1131 2328 οὗ
1160 2291 1344 2344 φησιν,
1385 2258 1599 2343 Ἄρα-τε
1643 2258 1848 2337 αὑτὸν,

279 2351 378 2404 καί
395 2353 678 2422 ἐμϐάλετε
698 2359 785 2422 εἰς
821 2356 888 2410 τὸ
916 2358 1138 2423 σκότος
1162 2357 1226 2412 τὸ
1247 2356 1549 2426 ἐξώτερον.
1583 2357 1734 2410 Ἔστι
1757 2357 1851 2410 καὶ

281 2437 470 2501 σκότος
499 2439 558 2492 τὸ
578 2441 674 2510 τῆς
694 2441 915 2505 κακίας.
943 2441 1296 2512 Καθημένους
1325 2444 1382 2497 ἐν
1414 2441 1592 2496 σκότει
1620 2453 1669 2502 ι,
1695 2439 1847 2510 φησὶ,

279 2522 374 2575 καὶ
405 2525 532 2594 σκιᾷ
566 2523 821 2578 θανάτου.
856 2525 967 2579 Καὶ
997 2526 1025 2576 0
1057 2525 1289 2596 Παῦλος,
1347 2527 1469 2579 Οὐκ
1508 2523 1696 2594 ἐσμὲν
1732 2524 1849 2578 υἰοί

279 2609 559 2674 σκότους.
583 2609 693 2663 Καὶ
731 2609 914 2677 πάλιν,
952 2607 1435 2680 Ἔματαιώθησαν
1464 2609 1532 2663 έν
1567 2608 1694 2676 τοῖς
1729 2608 1847 2662 δια-

279 2692 592 2760 λογισμοῖς
610 2691 826 2758 αὐτῶν,
867 2693 964 2750 καί
995 2693 1321 2760 ἐσκοτίσθη
1361 2693 1399 2760 ἡ
1431 2694 1724 2759 ἀσύνετος
1747 2695 1854 2746 αὺ-

279 2771 400 2826 τῶν
419 2774 650 2842 καρδία.

353 2857 450 2910 Διά
476 2857 539 2928 δὴ
567 2857 724 2912 τοῦτο
748 2861 843 2912 καὶ
875 2859 1062 2930 ῶσπερ
1081 2860 1128 2911 οί
1167 2860 1224 2911 ἐν
1253 2858 1428 2929 σκότῳ
1448 2859 1546 2912 οὐκ
1574 2859 1716 2911 ἴσασι
1744 2859 1853 2912 τῶν

282 2941 622 3010 πραγμάτων
652 2943 749 3010 τὴν
783 2941 966 3010 φύσιν,
1021 2943 1115 2995 καὶ
1160 2942 1410 3013 καθάπερ
1448 2942 1475 2980 b
1504 2943 1554 2994 οἱ
1587 2943 1646 2994 ἐν
1676 2943 1850 3013 ἀμαρ-

282 3020 422 3086 τίαις
474 3023 672 3087 ζῶντες
702 3026 1076 3096 πεπήρωνται,
1127 3027 1220 3079 καὶ
1243 3026 1304 3078 οὐ
1345 3025 1758 3093 διαγινώσκουσι
1786 3026 1855 3078 τά

284 3108 600 3178 φαινόμενα,
633 3109 769 3161 ἀλλά
816 3111 952 3178 πρὸς
985 3109 1083 3174 τὰς
1117 3110 1275 3173 σκιὰς
1325 3111 1399 3173 ῶς
1439 3111 1573 3181 πρὸς
1602 3111 1702 3181 τὴν
1724 3111 1856 3182 ἁλή-

284 3189 433 3243 θειαν
460 3192 734 3263 τρέχουσι,
767 3194 994 3247 πλοῦτον
1027 3197 1120 3247 καὶ
1168 3196 1378 3266 τρυφὰς
1417 3198 1510 3248 καὶ
1538 3195 1854 3259 δυναστείας

283 3273 589 3338 διώκοντες,
625 3277 718 3329 καὶ
738 3276 1018 3345 ἀγνοοῦσιν
1043 3276 1268 3348 ἐχθροὺς
1294 3317 1308 3340 ,
1360 3278 1454 3331 καὶ
1487 3276 1740 3347 ἀγνοοῦσι
1771 3278 1856 3345 φί-

284 3358 430 3422 λους,
461 3361 574 3422 τοῖς
601 3359 700 3429 μὲν
733 3361 944 3431 ἐχθροῖς
967 3358 1041 3423 ῶς
1075 3360 1246 3429 φίλοις
1279 3360 1634 3432 θαρροῦντες,
1664 3363 1774 3424 τοῖς
1801 3361 1855 3413 δὲ

286 3441 462 3509 φίλοις
500 3443 574 3505 ὡς
607 3442 884 3512 πολεμίοις
918 3441 1370 3514 συρῤηγνύμενοι.
1411 3445 1521 3515 Οὐχ
1561 3445 1689 3515 ὁρᾷς
1737 3444 1856 3496 καθ’

287 3526 524 3596 ἑκάστην
555 3526 765 3597 ἡμέραν
799 3526 1038 3597 πένητας
1071 3525 1328 3596 βοῶντας,
1351 3527 1731 3597 όδυνωμένους,
1765 3527 1859 3580 καὶ

287 3610 475 3664 οὐδένα
491 3610 756 3664 ἀκούοντα
774 3626 788 3674 ;
807 3609 906 3662 Διὰ
925 3609 978 3662 τί
993 3605 1086 3663 οὖν
1103 3611 1202 3663 οὐκ
1223 3609 1508 3663 ἁκούουσιν
1524 3627 1538 3675 ;
1555 3610 1677 3664 Ὅτι
1699 3611 1830 3663 ἐκάθ
1843 3641 1859 3651 -

292 3711 404 3748 ισεν
431 3695 624 3757 αὐτοὺς
652 3696 680 3747 0
707 3694 950 3758 διάϐολος
967 3696 1024 3747 ἐν
1046 3697 1355 3758 σκοτεινοῖς,
1372 3695 1446 3757 ῶς
1463 3695 1688 3765 νεκροὺς
1709 3694 1857 3766 [455]

288 3776 503 3840 αἰῶνος.
531 3777 708 3848 Ὅπερ
734 3777 842 3848 γὰρ
873 3776 1080 3847 ἑτέροις
1103 3777 1164 3830 τὸ
1195 3777 1382 3841 σκότος
1402 3777 1548 3847 καὶὴ
1579 3777 1856 3847 νεκρότης,

289 3859 448 3912 τοῦτο
476 3859 686 3923 τούτοις
716 3863 748 3930 ἡ
778 3859 1163 3933 ἀπανθρωπία.
1192 3859 1310 3913 Τῶν
1333 3862 1390 3914 tv
1424 3861 1599 3932 σκότῳ
1628 3859 1862 3930 καθημέ-

289 3961 396 3998 νων
417 3944 534 3998 ἐστὶ
550 3945 610 3997 τὸ
642 3944 716 4016 μὴ
739 3946 872 4017 όρᾷν
893 3945 961 3999 τὰ
990 3945 1210 4000 ἐπιόντα
1229 3945 1395 3998 κακά.
1421 3944 1590 3999 Τοῦτο
1610 3947 1702 3999 καὶ
1717 3940 1862 4000 οὗτοι

290 4029 578 4097 πάσχουσι,
602 4045 677 4080 πα
686 4028 1010 4100 ρακερμένας
1033 4028 1216 4098 σχεδὸν
1237 4029 1335 4090 τὰς
1359 4045 1421 4081 συ
1430 4028 1640 4098 μφορὰς
1661 4029 1722 4082 οὐ
1744 4027 1863 4099 βλέ-

293 4127 506 4176 ποντες,
529 4112 622 4165 καὶ
639 4113 717 4176 εἰς
743 4111 990 4183 βάραθρα
1019 4111 1110 4164 καὶ
1138 4112 1216 4176 εἰς
1250 4113 1526 4182 κρημνοὺς
1559 4111 1863 4182 καταφερό-

294 4209 464 4262 μενοι.
496 4193 616 4246 Τῶν
643 4195 702 4246 ἐν
731 4196 906 4265 σκότῳ
935 4193 1260 4264 καθημένων
1276 4194 1391 4246 ἐστὶ
1415 4191 1484 4245 τά
1507 4194 1706 4264 αἰσχρά
1728 4193 1866 4263 μετά

292 4279 473 4348 πάσης
495 4278 676 4342 ἀδείας
699 4277 920 4350 τολμᾷν.
951 4278 1122 4332 Τοῦτο
1142 4277 1233 4330 καὶ
1261 4278 1308 4330 οἰ
1325 4278 1382 4330 ἐν
1412 4277 1644 4347 πονηρίᾳ
1667 4276 1866 4342 ζῶντες

293 4363 641 4431 πράττουσιν,
664 4360 851 4432 ῶσπερ
885 4364 942 4415 tv
978 4361 1153 4432 σκότῳ
1180 4359 1496 4430 καθήμενοι,
1524 4359 1616 4412 καὶ
1641 4359 1866 4430 μηδενὸς

292 4444 444 4508 ὅντος
471 4443 770 4516 ἀνθρώπων
793 4445 886 4498 τοῦ
920 4444 1205 4514 βλέποντος
1233 4442 1300 4497 τὰ
1331 4443 1695 4515 πραττόμενα,
1727 4443 1867 4498 οὕτω

297 4527 436 4597 μετὰ
461 4526 640 4590 ἀδείας
669 4526 883 4582 ἅπαντα
917 4527 1184 4598 τολμῶσιν
1210 4527 1268 4579 ἐν
1307 4525 1498 4596 μέσαις
1534 4526 1748 4579 πόλεσιν
1791 4526 1866 4591 ὡς

295 4614 354 4664 ἐν
381 4613 584 4684 ἐρημίᾳ
611 4611 1072 4682 παρανομοῦντες.

365 4694 430 4747 δ’.
461 4695 525 4747 Ol
558 4696 616 4747 ἐν
661 4695 834 4765 σκότῳ
863 4693 1162 4765 καθήμενοι
1201 4695 1259 4747 ἐν
1299 4691 1449 4763 φόϐῳ
1481 4692 1588 4746 εἰσὶ
1608 4691 1865 4762 διηνεκεϊο

293 4777 453 4831 τοῦτο
481 4779 577 4832 καὶ
617 4772 780 4832 οὗτοι.
819 4778 1005 4841 Οὐδεὶς
1049 4778 1157 4846 γάρ
1202 4776 1530 4847 πλεονέκτης
1562 4777 1656 4829 καὶ
1686 4776 1868 4848 ἅρπαξ

296 4860 451 4923 ἐκτὸς
484 4859 636 4924 δέους
668 4862 813 4924 ἐστὶ,
852 4860 956 4914 κᾶν
990 4859 1156 4930 μυρία
1209 4858 1490 4930 κομπάζῃ,
1521 4859 1614 4912 καὶ
1646 4859 1868 4929 φαιδρὸς

297 4941 493 5008 ἔξωθεν
515 4943 789 5016 φαίνηται.
813 4941 1045 5012 Τοιαύτη
1076 4941 1184 5012 γὰρ
1201 4942 1295 4994 τοῦ
1321 4942 1666 5013 συνειδότοςὴ
1687 4943 1864 5012 φύσις.

297 5026 410 5079 Καὶ
438 5024 744 5097 ἔμπροσθεν
767 5027 864 5096 μὲν
891 5021 983 5080 οὗν
1001 5022 1142 5096 ἦσαν
1164 5024 1595 5096 ἀπεστερημένοι
1624 5025 1871 5094 συγγνώ-

301 5126 409 5180 μης
443 5109 658 5180 ἀπάσης
702 5102 864 5174 οὗτοι,
895 5107 1072 5178 πολλῴ
1117 5108 1174 5160 δὲ
1228 5107 1426 5177 μᾶλλον
1457 5107 1571 5170 νῦν,
1611 5106 1744 5160 διότι
1776 5107 1868 5161 τοῦ

297 5191 450 5264 ἡλίου
475 5192 574 5262 τῆς
598 5192 937 5262 δικαιοσύνης
971 5191 1300 5260 λάμψαντος,
1332 5189 1411 5242 ἐτι
1441 5191 1498 5243 ἐν
1529 5191 1703 5261 σκότῳ
1734 5191 1870 5244 κάθ-

295 5294 478 5348 ηνται.
513 5275 617 5329 Καὶ
645 5277 760 5340 πῶς
787 5276 936 5347 ἡλίου
966 5275 1301 5345 λάμψαντος,
1338 5275 1416 5329 ἐτι
1439 5277 1496 5329 ἐν
1529 5278 1704 5348 σκότῳ
1733 5277 1868 5332 κάθ-

295 5375 488 5428 ηνται;
531 5358 692 5430 Παρὰ
718 5359 814 5430 τὴν
852 5357 960 5412 τῶν
1001 5358 1215 5411 οἰκείων
1247 5358 1538 5428 ὀφθαλμῶν
1567 5360 1869 5416 ἀσθένειαν.

299 5442 446 5513 Πρὸς
497 5442 605 5512 γὰρ
634 5440 953 5504 καταδύσεις
997 5452 1018 5480 ο
1055 5441 1089 5512 ἢ
1123 5440 1365 5510 φωλεοὺς
1392 5441 1426 5511 ἢ
1471 5443 1563 5495 καὶ
1591 5446 1872 5514 χηραμοὺς

362 5525 390 5586 9
415 5521 567 5572 Savil.
590 5526 639 5572 ἐν
659 5525 836 5586 σκότῳ.

362 5585 392 5626 δ
413 5586 638 5649 Καθάπερ
658 5585 802 5649 ἀθεεὶ
822 5586 870 5634 in
904 5585 1053 5649 Savﬂ.

365 5649 390 5678 °
412 5646 550 5721 U09?
595 5646 873 5721 καταδύσεις
906 5647 1092 5721 θῃρίῳν.
1121 5647 1454 5721 ’ξειξίολροεῒὶ
1475 5646 1625 5721 Sanl.
1655 5647 1876 5721 ,κατρρύο

303 5710 470 5765 ξαντες.
503 5708 612 5758 Mox
650 5711 698 5756 in
725 5708 901 5757 eodem
926 5708 1076 5757 sam.
1118 5710 1261 5769 illud,
1301 5708 1380 5760 δίὰ
1405 5712 1489 5768 τήν
1525 5710 1620 5758 τῶν
1649 5708 1876 5771 ὀμμάτων

301 5772 560 5829 ἀσθένειαν,
578 5771 738 5820 deest.

625 5844 896 5906 Ρηιιοι.
944 5841 1060 5904 Gn.
1113 5843 1235 5905 LV.

1319 333 1684 395 EXPOSITIO
1727 339 1793 393 IN
1832 338 2160 394 PSALMUM
2201 338 2398 394 CXLII.

3419 344 3524 400 £52

1951 452 2176 515 ἑαυτοὺς
2207 453 2626 524 κατορύττοντες
2653 454 2752 526 τῆς
2809 453 3093 526 πονηρίας,
3139 455 3418 526 διαϐλέψαι
3461 459 3523 512 οὐ

1950 535 2200 589 δύνανται
2257 537 2393 601 πρὸς
2439 536 2538 606 τὴν
2590 539 2803 604 ἀκτῖνα,
2845 537 2932 591 διὰ
2979 538 3081 610 τὴν
3116 538 3227 593 τῶν
3259 541 3524 610 ὀμμάτων

1951 617 2252 672 ἀσθένειαν.
2280 621 2390 673 Καὶ
2421 619 2758 688 ἠκηδιάσεν
2775 622 2867 674 ἐπ’
2884 621 2988 690 ἐμέ
3011 624 3076 676 τὸ
3110 623 3346 692 πνεῦμά
3366 641 3487 693 μου
3506 641 3522 654 ·

1951 702 2020 754 ἐν
2047 702 2172 770 ἐμοὶ
2196 702 2488 771 ἐταράχθη
2524 704 2562 770 ἠ
2589 704 2802 771 καρδία
2823 722 2961 772 μου.
2996 707 3241 776 Ἕτερος.
3283 706 3392 760 Καὶ
3429 723 3523 760 πε-

1944 784 2221 852 ριειλεῖτο
2248 785 2340 837 ἐπ’
2363 785 2468 853 ἐμέ
2498 787 2535 852 ἡ
2567 785 2738 855 ψυχή
2766 804 2884 854 μου
2915 786 2964 841 ἀ.
2994 787 3202 858 Πολλὴν
3225 787 3322 858 τὴν
3357 789 3525 859 ὑπερ-

1953 867 2112 936 ϐολὴν
2166 867 2262 935 τῆς
2287 867 2515 937 θλίψεως
2546 869 2632 922 διὰ
2657 869 2750 922 τοῦ
2786 869 3014 940 θορύϐου
3035 871 3132 940 τῆς
3156 871 3391 934 διανοίας
3427 873 3526 940 ἐμ-

1954 951 2153 1020 φαίνει.
2189 953 2254 1003 Τί
2292 952 2349 1005 δέ
2386 953 2553 1018 ἐστιν,
2602 955 2706 1007 Ἐν
2731 953 2900 1022 έμοί;
2931 954 3063 1006 Οὐδέ
3095 957 3173 1017 είς
3214 954 3402 1016 ἄλλους
3440 955 3528 1019 ἐξ·

1953 1037 2196 1102 ενεγκεῖν
2225 1030 2389 1105 εἶχον,
2419 1037 2572 1107 φησὶ,
2623 1037 2718 1090 καὶ
2754 1036 2937 1090 λαϐεῖν
2979 1054 3100 1090 τινα
3149 1037 3524 1108 παραμυθίαν.

1953 1115 2214 1170 Τοιαῦται
2250 1118 2307 1170 αἱ
2356 1117 2464 1170 τῶν
2519 1119 2770 1190 πονηρῶν
2821 1118 3120 1190 ἀνθρώπων
3171 1119 3370 1189 ψυχαί”
3425 1119 3527 1171 οὐκ

1953 1199 2099 1254 ἔστιν
2125 1201 2212 1254 ὅτε
2243 1202 2305 1254 οὐ
2351 1200 2729 1271 ταράττονται,
2775 1202 2834 1254 οὐ
2876 1203 3034 1273 μόνον
3064 1202 3367 1272 παρόντων,
3390 1201 3527 1255 ἀλλὰ

1955 1285 2051 1337 καὶ
2089 1283 2550 1355 προσδοκωμένων
2584 1283 2690 1338 τῶν
2712 1284 2920 1338 δεινῶν.
2965 1285 3080 1337 Οὐκ
3124 1284 3240 1338 ἐστι
3268 1285 3398 1355 παρ’
3431 1285 3528 1336 αὐ-

1954 1369 2068 1430 τοῖς
2100 1368 2354 1422 οὐδέποτε
2381 1367 2612 1438 γαλήνη,
2653 1369 2754 1422 οὐκ
2806 1368 2953 1421 ἔστιν
2983 1368 3136 1422 ἄδεια
3181 1369 3280 1439 τῆς
3326 1368 3526 1437 ψυχῆς.

1955 1449 2090 1502 ἀλλά
2127 1450 2330 1514 παντὸς
2359 1449 2627 1519 πελάγους
2663 1451 3046 1504 διακόπτονται
3085 1462 3108 1490 ο
3141 1450 3397 1522 μειζόνως
3419 1465 3432 1478 ·
3466 1450 3526 1502 οὐ

1955 1533 2070 1599 νὺξ,
2103 1535 2201 1604 οὐχ
2232 1533 2413 1606 ἡμέρα
2443 1535 2690 1588 ἀτέλειαν
2723 1535 2935 1587 δίδωσιν
2979 1535 3162 1598 αὐτοῖς
3199 1533 3291 1586 τοῦ
3331 1532 3531 1603 χειμῶ-

1955 1633 2045 1678 νος
2068 1658 2083 1682 ,
2115 1616 2230 1670 ἀλλ’
2260 1616 2570 1670 ἐλαύνονται
2619 1617 2972 1686 πανταχόθεν,
3027 1617 3128 1670 κᾶν
3161 1616 3348 1686 μηδεὶς
3392 1616 3420 1666 0
3453 1617 3531 1666 ἐνο

1955 1699 2127 1770 οχλῶν
2152 1695 2217 1772 ᾖ,
2249 1699 2341 1752 τὸν
2374 1699 2604 1770 πόλεμον
2638 1699 2882 1753 σύνοικον
2911 1698 3151 1770 ἔχοντες,
3185 1697 3405 1752 καὶτῶν
3427 1697 3529 1767 ἤδη

1955 1782 2266 1854 ληφθέντων
2283 1783 2384 1836 οὐκ
2402 1781 2754 1846 ἀπολαύουσι,
2771 1783 2891 1845 ταῖς
2913 1782 3157 1853 φροντίσι
3173 1780 3282 1834 τῶν
3307 1780 3531 1851 μηδέπω

1957 1866 2407 1939 προσγενομένων
2434 1866 2779 1938 τρυχόμενοι,
2830 1866 3171 1938 κοπτόμενοι,
3221 1865 3291 1919 τὰ
3315 1865 3530 1916 πάντων

1960 1951 2331 2024 μεριμνῶντες
2371 1951 2670 2022 πράγματα
2694 1990 2708 2014 ,
2765 1949 2865 2012 τὰς
2913 1951 3166 2002 ἀπάντων
3218 1948 3534 2018 περιουσίας

1957 2035 2484 2110 περιεργαζόμενοι,
2527 2033 2966 2103 ἀναλογιζόμενοι
2992 2032 3111 2095 πῶς
3135 2033 3226 2084 τὸν
3277 2032 3376 2102 μὲν
3413 2030 3533 2083 πεί-

1959 2137 2132 2184 σουσι,
2169 2121 2257 2173 τὸν
2286 2119 2342 2171 δέ
2367 2118 2682 2189 φοϐήσουσι,
2707 2119 2796 2170 τὸν
2829 2117 2886 2169 δὲ
2909 2115 3316 2180 κολακεύσουσι,
3346 2115 3438 2167 τὸν
3474 2113 3534 2166 δέ

1961 2206 2266 2276 βιάσονται,
2298 2203 2387 2254 τὸν
2415 2201 2472 2254 δὲ
2505 2200 2932 2272 θεραπεύσουσι,
2964 2199 3344 2268 συκοφαντίας,
3367 2196 3530 2260 ὠνὰς,

1958 2286 2365 2358 άπεμπολήσεις
2389 2323 2404 2344 ,
2432 2283 2722 2353 διαθήκας,
2754 2283 2976 2352 ἐγγύας,
2997 2283 3210 2345 τόκους,
3241 2279 3530 2350 κεφάλαια,

1957 2371 2047 2426 τὸν
2076 2372 2304 2443 φορυτὸν
2330 2368 2437 2422 τῶν
2463 2368 2646 2421 κακῶν
2666 2367 2870 2421 τούτων
2893 2367 2911 2406 ί
2943 2367 3070 2438 παρ’
3093 2368 3304 2429 ἐαυτοίς
3325 2363 3533 2416 ἀνελίτιι

1958 2469 2174 2518 τοντεςο
2208 2453 2304 2506 καὶ¹
2347 2453 2477 2505 ὅταν
2533 2450 2674 2504 κατά
2735 2450 2862 2522 ῥοῦν
2910 2451 3094 2513 αὐτοῖς
3131 2449 3200 2502 τά
3232 2448 3532 2520 πράγματα

1959 2539 2108 2610 ἔλθῃ,
2154 2537 2275 2591 τότε
2342 2535 2576 2605 μάλιστα
2634 2531 3008 2604 θορυϐοῦνται.
3069 2532 3210 2603 Ὅρα
3271 2531 3398 2599 γοῦν
3441 2531 3534 2582 τὸν

1960 2623 2214 2678 πλούσιον
2289 2622 2496 2674 ἐκεῖνον
2551 2619 2950 2688 ταραττόμενον
2979 2656 2995 2681 ,
3055 2616 3182 2670 ὅταν
3235 2615 3535 2685 εὐθήνησεν

1960 2704 2124 2760 αὐτοῦ
2170 2707 2203 2776 ἡ
2254 2703 2429 2773 χώρα,
2485 2703 2581 2755 καὶ
2623 2700 3087 2772 διαπορούμενον,
3149 2699 3242 2752 καὶ
3280 2699 3337 2750 ἐν
3386 2699 3531 2766 ἀμηο

1960 2793 2121 2862 χανία
2150 2787 2488 2849 καθεστῶτα,
2528 2786 2621 2839 καὶ
2668 2784 2925 2852 λέγοντα’
2964 2786 3024 2838 Τί
3069 2782 3338 2848 «animo;
3385 2784 3534 2834 Καθ-

1960 2873 2077 2928 ελῶ
2087 2891 2205 2942 μου
2225 2871 2330 2935 τὰς
2349 2868 2679 2934 ἀποθήκας,
2714 2869 2810 2921 καὶ
2841 2866 3115 2937 μείζονας
3141 2864 3530 2933 οἰκοδομήσω.
3624 2869 3646 2884 ⁸

1975 2957 2111 3010 Ἀλλ’
2140 2958 2167 3008 0
2207 2955 2375 3024 πένης
2413 2951 2561 3005 οὐδὲν
2609 2950 2811 3021 πάσχει
2861 2949 3122 3003 τοιοῦτον.
3186 2946 3536 3017 Ἐμνήσθην

1960 3041 2196 3111 ἡμερῶν
2218 3038 2480 3107 ἀρχαίων
2499 3054 2522 3111 ’γ
2547 3034 2885 3105 έμελέτησα
2915 3033 2986 3087 ἐν
3016 3033 3168 3088 πᾶσι
3196 3032 3319 3096 τοῖς
3343 3031 3537 3101 ἔργοις

1963 3110 2099 3178 σου.
2135 3121 2286 3194 [454]
2336 3120 2409 3171 Οὐ
2447 3110 2617 3189 μικρὰ
2647 3116 2784 3186 αὕτη
2818 3115 3185 3186 παράκλησις,
3218 3114 3281 3166 τὸ
3302 3113 3370 3165 τὰ
3400 3111 3535 3182 πρό-

1963 3223 2096 3277 τερα
2115 3204 2332 3266 εἰδέναι,
2351 3202 2442 3255 καὶ
2462 3200 2532 3253 τὰ
2553 3199 2816 3270 παρόντα.
2839 3198 3057 3267 Ἐπειδὴ
3079 3196 3208 3267 γάρ,
3239 3195 3315 3277 ῶς
3342 3195 3534 3277 εἰπεῖν,

1963 3275 2074 3351 τοῖς
2107 3287 2288 3349 αὐτοῖς
2317 3284 2500 3354 νόμοις
2531 3284 2558 3336 0
2593 3282 2724 3345 Θεὸς
2755 3281 2948 3335 διοικεῖ
2991 3280 3085 3333 καὶ
3115 3277 3185 3331 τὰ
3215 3276 3311 3331 νῦν
3347 3275 3441 3329 καὶ
3473 3277 3542 3328 τὰ

1965 3369 2290 3442 ἔμπροσθεν,
2317 3366 2544 3437 μεγίστη
2588 3364 2932 3437 παράκλησις
2953 3366 3034 3426 εἰς
3069 3360 3139 3415 τὰ
3173 3359 3415 3442 παρόντα
3432 3358 3540 3411 τῶν

1967 3441 2339 3525 παρελθόντων
2361 3451 2394 3521 ἡ
2419 3451 2627 3520 μνήμη.
2652 3448 2743 3500 Διὸ
2761 3447 2856 3500 καὶ
2876 3449 2933 3499 ἐν
2953 3446 3124 3518 ἑτέρῳ
3144 3442 3342 3514 ψαλμῷ
3360 3441 3539 3525 λέγει·

1965 3524 2062 3603 Μὴ
2096 3539 2184 3600 εὶς
2217 3533 2358 3599 τοὺς
2391 3531 2608 3596 αἰῶνας
2628 3529 2928 3585 ἀπώσεται
2948 3529 3182 3594 Κύριος,
3205 3525 3246 3594 ἥ
3264 3528 3351 3591 εὶς
3369 3524 3544 3588 τέλος

1966 3621 2033 3675 τὸ
2065 3620 2237 3683 ἕλεος
2267 3617 2453 3671 αὑτοῦ
2493 3615 2827 3683 ἀποκόψεις
2858 3611 2966 3667 Καὶ
2985 3606 3544 3678 άλλος,Ἐμ6λέψατε

1966 3708 2055 3770 είς
2073 3706 2179 3770 τὰς
2199 3701 2452 3771 ἀρχαίας
2471 3698 2704 3769 γενεὰς,
2732 3698 2830 3751 καὶ
2855 3696 3028 3757 ἴδετε,
3049 3695 3142 3760 τίς
3164 3693 3429 3762 ἤλπισεν
3445 3689 3542 3744 ἐπὶ

1969 3791 2187 3858 Κύριον
2205 3787 2304 3840 καὶ
2322 3783 2750 3855 ἐγκατελείφθη
2769 3783 2815 3848 ³;
2840 3783 2948 3834 Καὶ
2965 3781 2994 3832 0
3013 3777 3244 3840 Παῦλος,
3271 3776 3458 3830 Ταῦτα

1970 3855 2166 3926 πάντα
2201 3867 2462 3932 τυπικῶς
2498 3866 2856 3920 συνέϐαινεν
2890 3863 3170 3927 ἐκείνοις·
3214 3858 3439 3929 ἐγράφη
3479 3855 3548 3910 δὲ

1970 3955 2120 4023 πρὸς
2138 3952 2464 4007 νουθεσίαν
2478 3949 2666 4019 ἡμῶν,
2684 3951 2770 4013 εὶς
2789 3946 2897 4012 οὓς
2920 3945 2989 4000 τὰ
3011 3945 3153 4012 τέλη
3186 3939 3550 3996 τῶνιαὶώνων

1970 4037 2370 4105 κατήντησεν.
2390 4034 2463 4086 Οὐ
2505 4031 2572 4085 τὰ
2607 4031 2863 4101 ἀλλότρια
2897 4028 2972 4088 δὲ,
2995 4027 3132 4082 ἀλλά
3168 4027 3261 4080 καὶ
3290 4023 3358 4079 τὰ
3374 4024 3548 4076 οἰκεῖα

1972 4120 2230 4180 πολλάκις
2265 4114 2802 4187 ἀναμιμνησκόμενοι
2841 4111 3216 4182 κερδαίνομεν.
3239 4108 3352 4162 Καὶ
3389 4105 3551 4159 τοῦτο

1969 4203 2236 4258 δείκνυσιν
2253 4202 2281 4253 0
2304 4197 2623 4258 Ἀποστόλος
2641 4197 2811 4263 λέγων
2826 4211 2840 4224 ·
2875 4191 3419 4264 Ἀναμιμνήσκεσθε
3441 4195 3549 4254 τὰς

1971 4287 2261 4354 πρότερον
2301 4279 2524 4349 ἡμέρας
2544 4320 2558 4344 ,
2612 4279 2682 4332 έν
2723 4272 2818 4342 αἷς
2868 4273 3262 4346 φωτισθέντες
3309 4269 3550 4354 πολλὴν

1972 4352 2233 4435 ἄθλησιν
2289 4363 2642 4432 ὑπεμείνατε
2687 4357 3067 4428 παθημάτων.
3113 4357 3225 4411 Καὶ
3265 4352 3416 4435 ἀπὺ-ιι
3454 4353 3550 4406 τοῦ

1975 4433 2218 4504 ἐναντίου
2243 4464 2256 4477 ·
2287 4447 2423 4500 Τινὰ
2441 4441 2554 4499 οὖν
2577 4441 2811 4511 καρπὸν
2828 4441 3020 4510 εἴχετε
3039 4443 3191 4505 τότε,
3214 4433 3416 4509 ἐφ’-οἶς
3435 4435 3552 4491 νῦν

1973 4531 2416 4602 ἐπαισχύνεσθε
2434 4545 2451 4591 ;
2474 4527 2582 4581 Καὶ
2602 4526 2758 4588 ἄλλος
2779 4523 2962 4594 σοφός,
2979 4521 3462 4592 Ἀναμιμνήσκου
3483 4521 3554 4574 τὰ

1973 4614 2203 4684 ἔσχατα
2248 4626 2388 4673 σου,
2435 4609 2531 4664 καί
2569 4611 2655 4674 εἰς
2693 4607 2802 4661 τόν
2834 4605 3020 4660 αἰῶνα
3053 4609 3125 4660 οὐ
3153 4605 3240 4675 μὴ
3263 4604 3551 4674 ἁμάρτῃς.

1974 4697 2144 4752 Τοῦτο
2161 4696 2271 4768 γὰρ
2291 4697 2339 4747 εἰ
2358 4694 2454 4748 καὶ
2476 4691 2667 4765 μέλλον
2693 4690 2862 4756 ἐστὶν,
2885 4688 2997 4744 ἀλλ’
3013 4689 3161 4760 ὅμως
3179 4687 3286 4742 ἀπὺ
3305 4686 3400 4741 τοῦ
3421 4703 3556 4756 παρα

1975 4781 2217 4844 ελθὸντος
2237 4779 2351 4850 ἔχει
2385 4777 2482 4849 τὴν
2516 4776 2689 4847 ἀρχὴν
2709 4775 2737 4827 0
2758 4773 2985 4832 θάνατος
3004 4773 3032 4826 0
3052 4772 3247 4835 κοινός.
3269 4771 3441 4826 Τοῦτο
3458 4770 3554 4824 καὶ
3627 4834 3630 4838 ,

1974 4865 2004 4916 0
2024 4863 2232 4925 Παῦλος
2253 4863 2396 4915 ποιεῖ
2428 4859 2538 4912 ἀπὸ
2565 4857 2672 4910 τῶν
2707 4855 3006 4927 μελλόντων
3036 4854 3131 4908 καὶ
3152 4853 3550 4926 παρελθόντων,

1977 4947 2069 5000 καὶ
2100 4946 2229 5000 ὅταν
2262 4939 2775 5014 παρακαλέσαιδέῃ,
2796 4939 2889 4990 καὶ⁵
2921 4938 3048 4990 ὅταν
3087 4937 3446 5006 σωφρονίσαιο
3473 4939 3557 4990 οὐ

1977 5029 2148 5091 θέλω,
2170 5026 2354 5098 φησὶν,
2384 5022 2541 5095 ὑμᾶς
2578 5021 2838 5092 ἀγνοεῖν,
2863 5019 3136 5089 ἀδελφοὶ,
3163 5019 3254 5071 ὅτι
3288 5021 3342 5071 οι
3379 5019 3544 5071 πατέο

1969 5129 2076 5180 ρες
2095 5097 2264 5180 ἡμῶν
2283 5109 2504 5174 πάντες
2521 5107 2638 5162 ὑπὸ
2661 5105 2776 5173 τὴν
2796 5103 3063 5172 νεφέλην
3081 5097 3262 5171 ἦσαν,
3282 5099 3382 5153 καί
3416 5098 3556 5153 πάν-

1976 5211 2076 5258 τες
2108 5194 2203 5247 διὰ
2237 5191 2347 5260 τῆς
2385 5190 2703 5256 θαλάσσης
2739 5186 2987 5255 διῆλθον
3009 5187 3054 5252 ί,
3093 5183 3194 5237 καὶ
3231 5181 3451 5247 πάντες
3490 5182 3558 5234 τὸ

2041 5274 2068 5316 σι
2092 5276 2206 5325 Hec
2226 5272 2568 5337 interpretatio
2591 5277 2668 5337 εει
2685 5270 2979 5337 Symmachi.
2995 5268 3120 5318 Yide
3139 5265 3462 5337 iqﬁexaplis.

2046 5353 2068 5379 ο
2093 5325 2593 5400 εανὶιηταράττονται,
2612 5325 2782 5400 Μρτὲἰ.
2798 5333 3147 5400 διακόπτονται.
3170 5325 3385 5400 βξηευδ
3412 5325 3558 5374 lectio

1978 5401 2182 5471 quadxal
2209 5398 2268 5471 a_d
2289 5387 2624 5471 ségiem.r§10§
2649 5393 2798 5471 Savjl.
2823 5394 3011 5471 ἄδειανῦ
3034 5387 3443 5471 Ποτειάτέλειαν.

2048 5461 2064 5497 ί
2098 5462 2268 5510 Morel.
2291 5460 2476 5518 τοῦτον,
2498 5459 2647 5506 Savil.
2674 5456 2873 5512 τούτων,
2898 5455 3092 5502 melius.

2045 5525 2070 5562 ε
2092 5522 2146 5569 In
2173 5522 2388 5570 Siracide
2414 5533 2503 5569 seu
2526 5518 2864 5580 Ecclesiaslico
2903 5515 3088 5580 legito;
3114 5527 3125 5561 :
3156 5511 3231 5580 ,τίς
3257 5509 3558 5580 ἐνεπίετωσι

1983 5584 2162 5646 Κυρίῳ,
2184 5585 2263 5646 καὶ
2283 5581 2608 5646 κατῃσχύνθης
2628 5583 2658 5638 ἢ
2686 5580 2754 5635 τίς
2793 5572 2994 5640 ἐνέμεινε
3017 5575 3086 5638 τῷ
3112 5572 3245 5636 φὸὕφ
3267 5572 3437 5631 αὐτοῦ,
3475 5574 3557 5620 καὶ

1983 5644 2310 5706 ἐγκατελείφθη
2325 5661 2339 5700 ;

2041 5705 2071 5743 h
2105 5705 2240 5754 Unus
2257 5706 2335 5752 καὶ
2357 5705 2433 5752 ἐπί

2053 5739 2071 5806 ἱ
2096 5739 2245 5816 ξὲξηῖἱ
2260 5739 2431 5825 ἷῇθῦζῖ
2438 5739 2448 5750 ’
