  <div class='ocr_page' id='page_1' title='image "/cluster/home/n/w/nwhite01/storage/ocr_20150623/55/nnc1.0046980016/444.png"; bbox 0 0 4070 6340; ppageno 0'>
   <div class='ocr_carea' id='block_1_1' title="bbox 253 391 364 450">
    <p class='ocr_par' dir='ltr' id='par_1_1' title="bbox 253 391 364 450">
     <span class='ocr_line' id='line_1_1' title="bbox 253 391 364 450; baseline 0 0"><span class='ocrx_word' id='word_1_1' title='bbox 253 391 364 450; x_wconf 68' lang='grc' dir='ltr'><strong><em>ιδδ</em></strong></span> 
     </span>
    </p>
   </div>
   <div class='ocr_carea' id='block_1_2' title="bbox 253 482 1827 564">
    <p class='ocr_par' dir='ltr' id='par_1_2' title="bbox 253 482 1827 564">
     <span class='ocr_line' id='line_1_2' title="bbox 253 482 1827 564; baseline -0.017 -3"><span class='ocrx_word' id='word_1_2' title='bbox 253 516 429 561; x_wconf 87' lang='lat' dir='ltr'><strong><em>autem</em></strong></span> <span class='ocrx_word' id='word_1_3' title='bbox 466 517 495 559; x_wconf 68' lang='grc' dir='ltr'>ι</span> <span class='ocrx_word' id='word_1_4' title='bbox 522 498 709 558; x_wconf 63' lang='lat' dir='ltr'><strong><em>futuris</em></strong></span> <span class='ocrx_word' id='word_1_5' title='bbox 736 515 750 552; x_wconf 90' lang='lat'>:</span> <span class='ocrx_word' id='word_1_6' title='bbox 782 494 881 564; x_wconf 85' lang='lat' dir='ltr'><strong><em>Qui</em></strong></span> <span class='ocrx_word' id='word_1_7' title='bbox 906 506 1077 564; x_wconf 71' lang='lat' dir='ltr'><strong><em>poenas</em></strong></span> <span class='ocrx_word' id='word_1_8' title='bbox 1098 489 1328 553; x_wconf 87' lang='lat' dir='ltr'><strong><em>dabunt,</em></strong></span> <span class='ocrx_word' id='word_1_9' title='bbox 1356 499 1596 543; x_wconf 77' lang='lat' dir='ltr'><strong><em>teternum</em></strong></span> <span class='ocrx_word' id='word_1_10' title='bbox 1619 482 1827 539; x_wconf 67' lang='lat' dir='ltr'><strong><em>exitium</em></strong></span> 
     </span>
    </p>
   </div>
   <div class='ocr_carea' id='block_1_3' title="bbox 252 574 1828 669">
    <p class='ocr_par' dir='ltr' id='par_1_3' title="bbox 252 574 1828 669">
     <span class='ocr_line' id='line_1_3' title="bbox 252 574 1828 669; baseline -0.016 -16"><span class='ocrx_word' id='word_1_11' title='bbox 252 616 283 651; x_wconf 90' lang='lat' dir='ltr'><strong><em>a</em></strong></span> <span class='ocrx_word' id='word_1_12' title='bbox 295 598 424 669; x_wconf 79' lang='lat' dir='ltr'><strong><em>{acie</em></strong></span> <span class='ocrx_word' id='word_1_13' title='bbox 444 594 666 660; x_wconf 89' lang='lat' dir='ltr'><strong><em>Domini,</em></strong></span> <span class='ocrx_word' id='word_1_14' title='bbox 685 600 731 647; x_wconf 86' lang='lat' dir='ltr'><strong><em>et</em></strong></span> <span class='ocrx_word' id='word_1_15' title='bbox 748 606 779 643; x_wconf 91' lang='lat' dir='ltr'><strong><em>a</em></strong></span> <span class='ocrx_word' id='word_1_16' title='bbox 793 586 952 661; x_wconf 91' lang='lat' dir='ltr'><strong><em>gloria</em></strong></span> <span class='ocrx_word' id='word_1_17' title='bbox 967 584 1161 639; x_wconf 78' lang='lat' dir='ltr'><strong><em>virtutis</em></strong></span> <span class='ocrx_word' id='word_1_18' title='bbox 1176 585 1283 655; x_wconf 87' lang='lat' dir='ltr'><strong><em>ejus</em></strong></span> <span class='ocrx_word' id='word_1_19' title='bbox 1307 582 1380 653; x_wconf 88' lang='lat' dir='ltr'><strong><em>(a)</em></strong></span> <span class='ocrx_word' id='word_1_20' title='bbox 1400 580 1475 651; x_wconf 91' lang='lat'><strong><em>(2.</em></strong></span> <span class='ocrx_word' id='word_1_21' title='bbox 1489 578 1668 633; x_wconf 88' lang='lat' dir='ltr'><strong><em>Thess.</em></strong></span> <span class='ocrx_word' id='word_1_22' title='bbox 1688 577 1711 631; x_wconf 91' lang='grc'><strong><em>1</em></strong></span> 
     </span>
    </p>
   </div>
   <div class='ocr_carea' id='block_1_4' title="bbox 253 666 1828 743">
    <p class='ocr_par' dir='ltr' id='par_1_4' title="bbox 253 666 1828 743">
     <span class='ocr_line' id='line_1_4' title="bbox 253 666 1828 743; baseline -0.015 0"><span class='ocrx_word' id='word_1_23' title='bbox 253 666 323 743; x_wconf 78' lang='lat' dir='ltr'><strong><em>Et</em></strong></span> <span class='ocrx_word' id='word_1_24' title='bbox 350 701 535 742; x_wconf 84' lang='lat' dir='ltr'><strong><em>rursus</em></strong></span> <span class='ocrx_word' id='word_1_25' title='bbox 575 680 853 738; x_wconf 80' lang='lat' dir='ltr'><strong><em>:Perttenit</em></strong></span> <span class='ocrx_word' id='word_1_26' title='bbox 897 688 1063 732; x_wconf 89' lang='lat' dir='ltr'><strong><em>autem</em></strong></span> <span class='ocrx_word' id='word_1_27' title='bbox 1104 676 1158 729; x_wconf 88' lang='lat' dir='ltr'><strong><em>in</em></strong></span> <span class='ocrx_word' id='word_1_28' title='bbox 1196 691 1279 728; x_wconf 91' lang='lat' dir='ltr'><strong><em>eos</em></strong></span> <span class='ocrx_word' id='word_1_29' title='bbox 1324 674 1402 725; x_wconf 89' lang='lat' dir='ltr'><strong><em>ira</em></strong></span> <span class='ocrx_word' id='word_1_30' title='bbox 1436 671 1490 724; x_wconf 91' lang='lat' dir='ltr'><strong><em>in</em></strong></span> <span class='ocrx_word' id='word_1_31' title='bbox 1540 671 1691 738; x_wconf 83' lang='lat' dir='ltr'><strong><em>ﬁnem</em></strong></span> <span class='ocrx_word' id='word_1_32' title='bbox 1735 666 1828 738; x_wconf 97' lang='grc'><strong>(1.</strong></span> 
     </span>
    </p>
   </div>
   <div class='ocr_carea' id='block_1_5' title="bbox 253 758 1835 845">
    <p class='ocr_par' dir='ltr' id='par_1_5' title="bbox 253 758 1835 845">
     <span class='ocr_line' id='line_1_5' title="bbox 253 758 1835 845; baseline -0.015 -13"><span class='ocrx_word' id='word_1_33' title='bbox 253 777 431 833; x_wconf 87' lang='lat' dir='ltr'><strong><em>Thess.</em></strong></span> <span class='ocrx_word' id='word_1_34' title='bbox 448 775 501 830; x_wconf 86' lang='lat'><strong><em>2.</em></strong></span> <span class='ocrx_word' id='word_1_35' title='bbox 525 772 635 845; x_wconf 87' lang='grc'><strong>16).</strong></span> <span class='ocrx_word' id='word_1_36' title='bbox 655 772 775 827; x_wconf 89' lang='lat' dir='ltr'><strong><em>Dies</em></strong></span> <span class='ocrx_word' id='word_1_37' title='bbox 792 770 923 825; x_wconf 89' lang='lat' dir='ltr'><strong><em>enim</em></strong></span> <span class='ocrx_word' id='word_1_38' title='bbox 941 768 1199 832; x_wconf 87' lang='lat' dir='ltr'><strong><em>indicabit,</em></strong></span> <span class='ocrx_word' id='word_1_39' title='bbox 1229 762 1364 834; x_wconf 86' lang='lat' dir='ltr'><strong><em>quod</em></strong></span> <span class='ocrx_word' id='word_1_40' title='bbox 1376 764 1428 816; x_wconf 89' lang='lat' dir='ltr'><strong><em>in</em></strong></span> <span class='ocrx_word' id='word_1_41' title='bbox 1451 763 1565 833; x_wconf 90' lang='lat' dir='ltr'><strong><em>igne</em></strong></span> <span class='ocrx_word' id='word_1_42' title='bbox 1588 758 1835 814; x_wconf 75' lang='lat' dir='ltr'><strong><em>reveletur</em></strong></span> 
     </span>
    </p>
   </div>
   <div class='ocr_carea' id='block_1_6' title="bbox 254 850 1834 942">
    <p class='ocr_par' dir='ltr' id='par_1_6' title="bbox 254 850 1834 942">
     <span class='ocr_line' id='line_1_6' title="bbox 254 850 1834 942; baseline -0.017 -14"><span class='ocrx_word' id='word_1_43' title='bbox 254 873 329 942; x_wconf 90' lang='grc' dir='ltr'><strong><em>(Ι.</em></strong></span> <span class='ocrx_word' id='word_1_44' title='bbox 359 870 475 925; x_wconf 88' lang='lat' dir='ltr'><strong><em>Cor.</em></strong></span> <span class='ocrx_word' id='word_1_45' title='bbox 522 869 575 924; x_wconf 91' lang='grc'><strong><em>5.</em></strong></span> <span class='ocrx_word' id='word_1_46' title='bbox 621 865 733 935; x_wconf 91' lang='grc'><strong>15).</strong></span> <span class='ocrx_word' id='word_1_47' title='bbox 762 864 830 919; x_wconf 84' lang='lat' dir='ltr'><strong><em>Et</em></strong></span> <span class='ocrx_word' id='word_1_48' title='bbox 857 874 1040 917; x_wconf 83' lang='lat' dir='ltr'><strong>rursus</strong></span> <span class='ocrx_word' id='word_1_49' title='bbox 1081 877 1094 910; x_wconf 92' lang='lat'><strong>:</strong></span> <span class='ocrx_word' id='word_1_50' title='bbox 1130 856 1403 926; x_wconf 81' lang='lat' dir='ltr'><strong><em>Propterea</em></strong></span> <span class='ocrx_word' id='word_1_51' title='bbox 1441 857 1571 908; x_wconf 87' lang='lat' dir='ltr'><strong><em>enim</em></strong></span> <span class='ocrx_word' id='word_1_52' title='bbox 1596 850 1727 905; x_wconf 82' lang='lat' dir='ltr'><strong><em>venit</em></strong></span> <span class='ocrx_word' id='word_1_53' title='bbox 1756 850 1834 902; x_wconf 90' lang='lat' dir='ltr'><strong><em>ira</em></strong></span> 
     </span>
    </p>
   </div>
   <div class='ocr_carea' id='block_1_7' title="bbox 257 944 1833 1029">
    <p class='ocr_par' dir='ltr' id='par_1_7' title="bbox 257 944 1833 1029">
     <span class='ocr_line' id='line_1_7' title="bbox 257 944 1833 1029; baseline -0.013 -13"><span class='ocrx_word' id='word_1_54' title='bbox 257 963 349 1019; x_wconf 89' lang='lat' dir='ltr'><strong><em>Dei</em></strong></span> <span class='ocrx_word' id='word_1_55' title='bbox 374 964 427 1017; x_wconf 89' lang='lat' dir='ltr'><strong><em>in</em></strong></span> <span class='ocrx_word' id='word_1_56' title='bbox 458 962 589 1029; x_wconf 81' lang='lat' dir='ltr'><strong><em>ﬁlios</em></strong></span> <span class='ocrx_word' id='word_1_57' title='bbox 615 956 961 1013; x_wconf 68' lang='lat' dir='ltr'><strong><em>inobedientias</em></strong></span> <span class='ocrx_word' id='word_1_58' title='bbox 988 952 1200 1026; x_wconf 87' lang='lat' dir='ltr'><strong><em>(Ephes.</em></strong></span> <span class='ocrx_word' id='word_1_59' title='bbox 1232 951 1281 1004; x_wconf 83' lang='lat'><strong><em>5.</em></strong></span> <span class='ocrx_word' id='word_1_60' title='bbox 1318 949 1393 1017; x_wconf 92' lang='grc'><strong>6).</strong></span> <span class='ocrx_word' id='word_1_61' title='bbox 1439 946 1542 1002; x_wconf 86' lang='lat' dir='ltr'><strong><em>Sed</em></strong></span> <span class='ocrx_word' id='word_1_62' title='bbox 1572 946 1687 1001; x_wconf 68' lang='lat' dir='ltr'><strong><em>hare</em></strong></span> <span class='ocrx_word' id='word_1_63' title='bbox 1714 944 1833 1015; x_wconf 90' lang='lat' dir='ltr'><strong><em>qui-</em></strong></span> 
     </span>
    </p>
   </div>
   <div class='ocr_carea' id='block_1_8' title="bbox 251 1041 1831 1125">
    <p class='ocr_par' dir='ltr' id='par_1_8' title="bbox 251 1041 1831 1125">
     <span class='ocr_line' id='line_1_8' title="bbox 251 1041 1831 1125; baseline -0.011 -16"><span class='ocrx_word' id='word_1_64' title='bbox 251 1056 394 1120; x_wconf 86' lang='lat' dir='ltr'><strong><em>dem,</em></strong></span> <span class='ocrx_word' id='word_1_65' title='bbox 427 1053 639 1125; x_wconf 84' lang='lat' dir='ltr'><strong>quando</strong></span> <span class='ocrx_word' id='word_1_66' title='bbox 668 1058 877 1121; x_wconf 92' lang='lat' dir='ltr'><strong><em>oportet</em></strong></span> <span class='ocrx_word' id='word_1_67' title='bbox 905 1048 1171 1115; x_wconf 79' lang='lat' dir='ltr'><strong><em>corrigere</em></strong></span> <span class='ocrx_word' id='word_1_68' title='bbox 1209 1063 1223 1097; x_wconf 87' lang='lat'><strong>:</strong></span> <span class='ocrx_word' id='word_1_69' title='bbox 1252 1041 1464 1112; x_wconf 91' lang='lat' dir='ltr'><strong><em>quando</em></strong></span> <span class='ocrx_word' id='word_1_70' title='bbox 1494 1052 1671 1094; x_wconf 88' lang='lat' dir='ltr'><strong><em>autem</em></strong></span> <span class='ocrx_word' id='word_1_71' title='bbox 1702 1054 1831 1093; x_wconf 83' lang='lat' dir='ltr'><strong><em>con-</em></strong></span> 
     </span>
    </p>
   </div>
   <div class='ocr_carea' id='block_1_9' title="bbox 252 1130 1829 1210">
    <p class='ocr_par' dir='ltr' id='par_1_9' title="bbox 252 1130 1829 1210">
     <span class='ocr_line' id='line_1_9' title="bbox 252 1130 1829 1210; baseline -0.012 -10"><span class='ocrx_word' id='word_1_72' title='bbox 252 1146 436 1210; x_wconf 86' lang='lat' dir='ltr'><strong><em>solari,</em></strong></span> <span class='ocrx_word' id='word_1_73' title='bbox 464 1144 532 1198; x_wconf 93' lang='lat' dir='ltr'><strong><em>ab</em></strong></span> <span class='ocrx_word' id='word_1_74' title='bbox 565 1142 804 1209; x_wconf 89' lang='lat' dir='ltr'><strong><em>utrisque</em></strong></span> <span class='ocrx_word' id='word_1_75' title='bbox 832 1137 1141 1194; x_wconf 75' lang='lat' dir='ltr'><strong><em>consolatur</em></strong></span> <span class='ocrx_word' id='word_1_76' title='bbox 1172 1151 1186 1188; x_wconf 89' lang='lat'><strong>:</strong></span> <span class='ocrx_word' id='word_1_77' title='bbox 1218 1149 1248 1187; x_wconf 89' lang='lat' dir='ltr'><strong><em>a</em></strong></span> <span class='ocrx_word' id='word_1_78' title='bbox 1293 1132 1572 1201; x_wconf 71' lang='lat' dir='ltr'><strong><em>praeteritis</em></strong></span> <span class='ocrx_word' id='word_1_79' title='bbox 1610 1130 1829 1200; x_wconf 88' lang='lat' dir='ltr'><strong><em>quidem</em></strong></span> 
     </span>
    </p>
   </div>
   <div class='ocr_carea' id='block_1_10' title="bbox 251 1219 1833 1301">
    <p class='ocr_par' dir='ltr' id='par_1_10' title="bbox 251 1219 1833 1301">
     <span class='ocr_line' id='line_1_10' title="bbox 251 1219 1833 1301; baseline -0.012 -10"><span class='ocrx_word' id='word_1_80' title='bbox 251 1238 457 1301; x_wconf 89' lang='lat' dir='ltr'><strong><em>dicens,</em></strong></span> <span class='ocrx_word' id='word_1_81' title='bbox 489 1233 789 1287; x_wconf 76' lang='lat' dir='ltr'><strong><em>Benedictus</em></strong></span> <span class='ocrx_word' id='word_1_82' title='bbox 833 1229 971 1282; x_wconf 90' lang='lat' dir='ltr'><strong><em>Deus</em></strong></span> <span class='ocrx_word' id='word_1_83' title='bbox 1013 1235 1061 1280; x_wconf 92' lang='lat' dir='ltr'><strong><em>et</em></strong></span> <span class='ocrx_word' id='word_1_84' title='bbox 1096 1224 1253 1279; x_wconf 87' lang='lat' dir='ltr'><strong><em>Pater</em></strong></span> <span class='ocrx_word' id='word_1_85' title='bbox 1282 1222 1484 1277; x_wconf 79' lang='lat' dir='ltr'><strong><em>Domini</em></strong></span> <span class='ocrx_word' id='word_1_86' title='bbox 1511 1221 1669 1274; x_wconf 81' lang='lat' dir='ltr'><strong><em>nostri</em></strong></span> <span class='ocrx_word' id='word_1_87' title='bbox 1710 1219 1833 1273; x_wconf 81' lang='lat' dir='ltr'><strong><em>Jesu</em></strong></span> 
     </span>
    </p>
   </div>
   <div class='ocr_carea' id='block_1_11' title="bbox 254 1312 1833 1391">
    <p class='ocr_par' dir='ltr' id='par_1_11' title="bbox 254 1312 1833 1391">
     <span class='ocr_line' id='line_1_11' title="bbox 254 1312 1833 1391; baseline -0.013 -9"><span class='ocrx_word' id='word_1_88' title='bbox 254 1328 442 1381; x_wconf 61' lang='lat' dir='ltr'><strong><em>Christi</em></strong></span> <span class='ocrx_word' id='word_1_89' title='bbox 460 1368 474 1391; x_wconf 92' lang='lat'><strong><em>,</em></strong></span> <span class='ocrx_word' id='word_1_90' title='bbox 506 1325 647 1379; x_wconf 86' lang='lat' dir='ltr'><strong><em>Deus</em></strong></span> <span class='ocrx_word' id='word_1_91' title='bbox 672 1320 1149 1381; x_wconf 88' lang='lat' dir='ltr'><strong><em>misericordiarum,</em></strong></span> <span class='ocrx_word' id='word_1_92' title='bbox 1178 1326 1224 1370; x_wconf 92' lang='lat' dir='ltr'><strong><em>et</em></strong></span> <span class='ocrx_word' id='word_1_93' title='bbox 1251 1326 1392 1384; x_wconf 87' lang='lat' dir='ltr'><strong><em>pater</em></strong></span> <span class='ocrx_word' id='word_1_94' title='bbox 1417 1314 1577 1367; x_wconf 87' lang='lat' dir='ltr'><strong><em>omnis</em></strong></span> <span class='ocrx_word' id='word_1_95' title='bbox 1604 1312 1833 1364; x_wconf 87' lang='lat' dir='ltr'><strong><em>consola-</em></strong></span> 
     </span>
    </p>
   </div>
   <div class='ocr_carea' id='block_1_12' title="bbox 251 1406 1831 1487">
    <p class='ocr_par' dir='ltr' id='par_1_12' title="bbox 251 1406 1831 1487">
     <span class='ocr_line' id='line_1_12' title="bbox 251 1406 1831 1487; baseline -0.011 -16"><span class='ocrx_word' id='word_1_96' title='bbox 251 1422 420 1483; x_wconf 79' lang='lat' dir='ltr'><strong><em>tionis,</em></strong></span> <span class='ocrx_word' id='word_1_97' title='bbox 443 1418 529 1487; x_wconf 85' lang='lat' dir='ltr'><strong>qui</strong></span> <span class='ocrx_word' id='word_1_98' title='bbox 555 1415 844 1469; x_wconf 85' lang='lat' dir='ltr'><strong><em>consolatur</em></strong></span> <span class='ocrx_word' id='word_1_99' title='bbox 866 1428 957 1465; x_wconf 89' lang='lat' dir='ltr'><strong><em>nos</em></strong></span> <span class='ocrx_word' id='word_1_100' title='bbox 985 1411 1038 1462; x_wconf 86' lang='lat' dir='ltr'><strong><em>in</em></strong></span> <span class='ocrx_word' id='word_1_101' title='bbox 1068 1408 1202 1461; x_wconf 88' lang='lat' dir='ltr'><strong><em>omni</em></strong></span> <span class='ocrx_word' id='word_1_102' title='bbox 1229 1406 1510 1476; x_wconf 72' lang='lat' dir='ltr'><strong><em>aﬂlictione,</em></strong></span> <span class='ocrx_word' id='word_1_103' title='bbox 1541 1419 1628 1472; x_wconf 91' lang='lat' dir='ltr'><strong><em>per</em></strong></span> <span class='ocrx_word' id='word_1_104' title='bbox 1652 1418 1831 1455; x_wconf 86' lang='lat' dir='ltr'><strong><em>conso-</em></strong></span> 
     </span>
    </p>
   </div>
   <div class='ocr_carea' id='block_1_13' title="bbox 251 1493 1833 1571">
    <p class='ocr_par' dir='ltr' id='par_1_13' title="bbox 251 1493 1833 1571">
     <span class='ocr_line' id='line_1_13' title="bbox 251 1493 1833 1571; baseline -0.012 -7"><span class='ocrx_word' id='word_1_105' title='bbox 251 1510 487 1564; x_wconf 85' lang='lat' dir='ltr'><strong><em>lationem</em></strong></span> <span class='ocrx_word' id='word_1_106' title='bbox 508 1522 702 1571; x_wconf 86' lang='lat' dir='ltr'><strong><em>quanta</em></strong></span> <span class='ocrx_word' id='word_1_107' title='bbox 723 1503 830 1557; x_wconf 90' lang='lat' dir='ltr'><strong><em>Deo</em></strong></span> <span class='ocrx_word' id='word_1_108' title='bbox 845 1498 1194 1570; x_wconf 82' lang='lat' dir='ltr'><strong><em>acciptutus(2.</em></strong></span> <span class='ocrx_word' id='word_1_109' title='bbox 1216 1497 1332 1552; x_wconf 85' lang='lat' dir='ltr'><strong><em>Car.</em></strong></span> <span class='ocrx_word' id='word_1_110' title='bbox 1354 1498 1405 1551; x_wconf 93' lang='grc'><strong><em>1.</em></strong></span> <span class='ocrx_word' id='word_1_111' title='bbox 1424 1498 1475 1550; x_wconf 91' lang='grc'><strong><em>5.</em></strong></span> <span class='ocrx_word' id='word_1_112' title='bbox 1491 1496 1548 1565; x_wconf 70' lang='grc'><strong>4)</strong></span> <span class='ocrx_word' id='word_1_113' title='bbox 1567 1512 1577 1546; x_wconf 96' lang='lat'><strong>:</strong></span> <span class='ocrx_word' id='word_1_114' title='bbox 1594 1509 1621 1547; x_wconf 90' lang='lat' dir='ltr'><strong><em>a</em></strong></span> <span class='ocrx_word' id='word_1_115' title='bbox 1646 1493 1833 1546; x_wconf 88' lang='lat' dir='ltr'><strong><em>futuris</em></strong></span> 
     </span>
    </p>
   </div>
   <div class='ocr_carea' id='block_1_14' title="bbox 250 1586 1835 1665">
    <p class='ocr_par' dir='ltr' id='par_1_14' title="bbox 250 1586 1835 1665">
     <span class='ocr_line' id='line_1_14' title="bbox 250 1586 1835 1665; baseline -0.01 -12"><span class='ocrx_word' id='word_1_116' title='bbox 250 1610 448 1665; x_wconf 81' lang='lat' dir='ltr'><strong><em>autem,</em></strong></span> <span class='ocrx_word' id='word_1_117' title='bbox 478 1597 599 1652; x_wconf 89' lang='lat' dir='ltr'><strong><em>Non</em></strong></span> <span class='ocrx_word' id='word_1_118' title='bbox 624 1607 739 1650; x_wconf 88' lang='lat' dir='ltr'><strong><em>sunt</em></strong></span> <span class='ocrx_word' id='word_1_119' title='bbox 768 1594 1029 1664; x_wconf 70' lang='lat' dir='ltr'><strong><em>condigna!</em></strong></span> <span class='ocrx_word' id='word_1_120' title='bbox 1055 1591 1305 1661; x_wconf 85' lang='lat' dir='ltr'><strong><em>passiones</em></strong></span> <span class='ocrx_word' id='word_1_121' title='bbox 1331 1589 1481 1657; x_wconf 84' lang='lat' dir='ltr'><strong><em>hujus</em></strong></span> <span class='ocrx_word' id='word_1_122' title='bbox 1507 1586 1743 1656; x_wconf 88' lang='lat' dir='ltr'><strong><em>temporis</em></strong></span> <span class='ocrx_word' id='word_1_123' title='bbox 1766 1587 1835 1637; x_wconf 85' lang='lat' dir='ltr'><strong><em>ad</em></strong></span> 
     </span>
    </p>
   </div>
   <div class='ocr_carea' id='block_1_15' title="bbox 252 1675 1832 1767">
    <p class='ocr_par' dir='ltr' id='par_1_15' title="bbox 252 1675 1832 1767">
     <span class='ocr_line' id='line_1_15' title="bbox 252 1675 1832 1767; baseline -0.011 -18"><span class='ocrx_word' id='word_1_124' title='bbox 252 1700 475 1767; x_wconf 77' lang='lat' dir='ltr'><strong><em>futuram</em></strong></span> <span class='ocrx_word' id='word_1_125' title='bbox 491 1692 703 1763; x_wconf 85' lang='lat' dir='ltr'><strong><em>gloriam</em></strong></span> <span class='ocrx_word' id='word_1_126' title='bbox 721 1704 831 1760; x_wconf 81' lang='lat' dir='ltr'><strong><em>qute</em></strong></span> <span class='ocrx_word' id='word_1_127' title='bbox 852 1697 921 1741; x_wconf 89' lang='lat' dir='ltr'><strong><em>est</em></strong></span> <span class='ocrx_word' id='word_1_128' title='bbox 944 1684 1209 1739; x_wconf 82' lang='lat' dir='ltr'><strong><em>revelanda</em></strong></span> <span class='ocrx_word' id='word_1_129' title='bbox 1225 1682 1277 1735; x_wconf 90' lang='lat' dir='ltr'><strong><em>in</em></strong></span> <span class='ocrx_word' id='word_1_130' title='bbox 1294 1682 1433 1735; x_wconf 91' lang='lat' dir='ltr'><strong><em>nobis</em></strong></span> <span class='ocrx_word' id='word_1_131' title='bbox 1454 1679 1625 1749; x_wconf 83' lang='lat' dir='ltr'><strong><em>(Rom.</em></strong></span> <span class='ocrx_word' id='word_1_132' title='bbox 1646 1678 1702 1734; x_wconf 90' lang='lat'><strong>8.</strong></span> <span class='ocrx_word' id='word_1_133' title='bbox 1720 1675 1832 1749; x_wconf 87' lang='grc'><strong>18).</strong></span> 
     </span>
    </p>
   </div>
   <div class='ocr_carea' id='block_1_16' title="bbox 249 1770 1828 1854">
    <p class='ocr_par' dir='ltr' id='par_1_16' title="bbox 249 1770 1828 1854">
     <span class='ocr_line' id='line_1_16' title="bbox 249 1770 1828 1854; baseline -0.011 -13"><span class='ocrx_word' id='word_1_134' title='bbox 249 1787 507 1854; x_wconf 74' lang='lat' dir='ltr'><strong><em>Quocirca</em></strong></span> <span class='ocrx_word' id='word_1_135' title='bbox 522 1784 605 1838; x_wconf 89' lang='lat' dir='ltr'><strong><em>hic</em></strong></span> <span class='ocrx_word' id='word_1_136' title='bbox 616 1796 824 1853; x_wconf 90' lang='lat' dir='ltr'><strong><em>quoque</em></strong></span> <span class='ocrx_word' id='word_1_137' title='bbox 839 1778 984 1840; x_wconf 88' lang='lat' dir='ltr'><strong><em>dicit,</em></strong></span> <span class='ocrx_word' id='word_1_138' title='bbox 994 1775 1189 1830; x_wconf 82' lang='lat' dir='ltr'><strong><em>Memor</em></strong></span> <span class='ocrx_word' id='word_1_139' title='bbox 1203 1774 1280 1843; x_wconf 82' lang='lat' dir='ltr'><strong><em>[ui</em></strong></span> <span class='ocrx_word' id='word_1_140' title='bbox 1290 1772 1481 1826; x_wconf 89' lang='lat' dir='ltr'><strong><em>dierum</em></strong></span> <span class='ocrx_word' id='word_1_141' title='bbox 1493 1770 1828 1840; x_wconf 82' lang='lat' dir='ltr'><strong><em>antiquorum,</em></strong></span> 
     </span>
    </p>
   </div>
   <div class='ocr_carea' id='block_1_17' title="bbox 252 1862 1832 1937">
    <p class='ocr_par' dir='ltr' id='par_1_17' title="bbox 252 1862 1832 1937">
     <span class='ocr_line' id='line_1_17' title="bbox 252 1862 1832 1937; baseline -0.01 -5"><span class='ocrx_word' id='word_1_142' title='bbox 252 1879 516 1933; x_wconf 85' lang='lat' dir='ltr'><strong><em>meditatus</em></strong></span> <span class='ocrx_word' id='word_1_143' title='bbox 540 1893 650 1930; x_wconf 89' lang='lat' dir='ltr'><strong><em>sum</em></strong></span> <span class='ocrx_word' id='word_1_144' title='bbox 671 1876 723 1927; x_wconf 89' lang='lat' dir='ltr'><strong><em>in</em></strong></span> <span class='ocrx_word' id='word_1_145' title='bbox 757 1871 984 1927; x_wconf 81' lang='lat' dir='ltr'><strong><em>omnibus</em></strong></span> <span class='ocrx_word' id='word_1_146' title='bbox 1016 1866 1248 1937; x_wconf 83' lang='lat' dir='ltr'><strong><em>operibus</em></strong></span> <span class='ocrx_word' id='word_1_147' title='bbox 1272 1864 1390 1918; x_wconf 88' lang='lat' dir='ltr'><strong><em>tuis.</em></strong></span> <span class='ocrx_word' id='word_1_148' title='bbox 1417 1862 1531 1917; x_wconf 82' lang='lat' dir='ltr'><strong><em>Non</em></strong></span> <span class='ocrx_word' id='word_1_149' title='bbox 1558 1862 1690 1917; x_wconf 80' lang='lat' dir='ltr'><strong><em>dixit</em></strong></span> <span class='ocrx_word' id='word_1_150' title='bbox 1718 1872 1832 1917; x_wconf 87' lang='lat' dir='ltr'><strong><em>tan-</em></strong></span> 
     </span>
    </p>
   </div>
   <div class='ocr_carea' id='block_1_18' title="bbox 251 1954 1830 2036">
    <p class='ocr_par' dir='ltr' id='par_1_18' title="bbox 251 1954 1830 2036">
     <span class='ocr_line' id='line_1_18' title="bbox 251 1954 1830 2036; baseline -0.01 -11"><span class='ocrx_word' id='word_1_151' title='bbox 251 1981 383 2036; x_wconf 88' lang='lat' dir='ltr'><strong><em>tum,</em></strong></span> <span class='ocrx_word' id='word_1_152' title='bbox 409 1968 605 2022; x_wconf 81' lang='lat' dir='ltr'><strong><em>Memor</em></strong></span> <span class='ocrx_word' id='word_1_153' title='bbox 626 1968 720 2035; x_wconf 82' lang='lat' dir='ltr'><strong><em>fui,</em></strong></span> <span class='ocrx_word' id='word_1_154' title='bbox 745 1963 860 2026; x_wconf 89' lang='lat' dir='ltr'><strong><em>sed,</em></strong></span> <span class='ocrx_word' id='word_1_155' title='bbox 885 1960 1161 2014; x_wconf 86' lang='lat' dir='ltr'><strong><em>Meditatus</em></strong></span> <span class='ocrx_word' id='word_1_156' title='bbox 1176 1973 1289 2011; x_wconf 89' lang='lat' dir='ltr'><strong><em>sum</em></strong></span> <span class='ocrx_word' id='word_1_157' title='bbox 1313 1971 1331 2009; x_wconf 90' lang='lat'><strong><em>:</em></strong></span> <span class='ocrx_word' id='word_1_158' title='bbox 1355 1954 1456 2009; x_wconf 89' lang='lat' dir='ltr'><strong><em>hoc</em></strong></span> <span class='ocrx_word' id='word_1_159' title='bbox 1475 1962 1574 2019; x_wconf 89' lang='lat' dir='ltr'><strong><em>est,</em></strong></span> <span class='ocrx_word' id='word_1_160' title='bbox 1591 1954 1830 2024; x_wconf 83' lang='lat' dir='ltr'><strong><em>Magnam</em></strong></span> 
     </span>
    </p>
   </div>
   <div class='ocr_carea' id='block_1_19' title="bbox 251 2044 1831 2130">
    <p class='ocr_par' dir='ltr' id='par_1_19' title="bbox 251 2044 1831 2130">
     <span class='ocr_line' id='line_1_19' title="bbox 251 2044 1831 2130; baseline -0.011 -14"><span class='ocrx_word' id='word_1_161' title='bbox 251 2075 467 2130; x_wconf 85' lang='lat' dir='ltr'><strong><em>operam</em></strong></span> <span class='ocrx_word' id='word_1_162' title='bbox 492 2067 547 2114; x_wconf 88' lang='lat' dir='ltr'><strong><em>et</em></strong></span> <span class='ocrx_word' id='word_1_163' title='bbox 573 2054 896 2127; x_wconf 77' lang='lat' dir='ltr'><strong><em>diligentiam</em></strong></span> <span class='ocrx_word' id='word_1_164' title='bbox 922 2050 1136 2107; x_wconf 85' lang='lat' dir='ltr'><strong><em>adhibui</em></strong></span> <span class='ocrx_word' id='word_1_165' title='bbox 1177 2048 1229 2103; x_wconf 91' lang='lat' dir='ltr'><strong><em>iu</em></strong></span> <span class='ocrx_word' id='word_1_166' title='bbox 1270 2047 1337 2101; x_wconf 88' lang='lat' dir='ltr'><strong><em>iis</em></strong></span> <span class='ocrx_word' id='word_1_167' title='bbox 1361 2045 1498 2116; x_wconf 90' lang='lat' dir='ltr'><strong><em>apud</em></strong></span> <span class='ocrx_word' id='word_1_168' title='bbox 1535 2060 1622 2100; x_wconf 89' lang='lat' dir='ltr'><strong><em>me</em></strong></span> <span class='ocrx_word' id='word_1_169' title='bbox 1657 2044 1831 2100; x_wconf 90' lang='lat' dir='ltr'><strong><em>revol-</em></strong></span> 
     </span>
    </p>
   </div>
   <div class='ocr_carea' id='block_1_20' title="bbox 252 2137 1829 2221">
    <p class='ocr_par' dir='ltr' id='par_1_20' title="bbox 252 2137 1829 2221">
     <span class='ocr_line' id='line_1_20' title="bbox 252 2137 1829 2221; baseline -0.01 -14"><span class='ocrx_word' id='word_1_170' title='bbox 252 2152 441 2209; x_wconf 86' lang='lat' dir='ltr'><strong><em>vendis</em></strong></span> <span class='ocrx_word' id='word_1_171' title='bbox 483 2165 602 2221; x_wconf 83' lang='lat' dir='ltr'><strong><em>quae</em></strong></span> <span class='ocrx_word' id='word_1_172' title='bbox 648 2145 878 2217; x_wconf 85' lang='lat' dir='ltr'><strong><em>antiquis</em></strong></span> <span class='ocrx_word' id='word_1_173' title='bbox 925 2147 1237 2198; x_wconf 88' lang='lat' dir='ltr'><strong><em>evenerunt.</em></strong></span> <span class='ocrx_word' id='word_1_174' title='bbox 1296 2138 1373 2194; x_wconf 80' lang='lat' dir='ltr'><strong><em>Ex</em></strong></span> <span class='ocrx_word' id='word_1_175' title='bbox 1433 2137 1829 2208; x_wconf 88' lang='lat' dir='ltr'><strong><em>Scripturarum</em></strong></span> 
     </span>
    </p>
   </div>
   <div class='ocr_carea' id='block_1_21' title="bbox 250 2227 1831 2312">
    <p class='ocr_par' dir='ltr' id='par_1_21' title="bbox 250 2227 1831 2312">
     <span class='ocr_line' id='line_1_21' title="bbox 250 2227 1831 2312; baseline -0.012 -13"><span class='ocrx_word' id='word_1_176' title='bbox 250 2244 392 2300; x_wconf 89' lang='lat' dir='ltr'><strong><em>enim</em></strong></span> <span class='ocrx_word' id='word_1_177' title='bbox 422 2240 722 2312; x_wconf 73' lang='lat' dir='ltr'><strong><em>cognitione</em></strong></span> <span class='ocrx_word' id='word_1_178' title='bbox 742 2238 892 2293; x_wconf 88' lang='lat' dir='ltr'><strong><em>adest</em></strong></span> <span class='ocrx_word' id='word_1_179' title='bbox 914 2233 1069 2290; x_wconf 90' lang='lat' dir='ltr'><strong><em>nobis</em></strong></span> <span class='ocrx_word' id='word_1_180' title='bbox 1097 2246 1284 2303; x_wconf 89' lang='lat' dir='ltr'><strong><em>magna</em></strong></span> <span class='ocrx_word' id='word_1_181' title='bbox 1314 2229 1611 2285; x_wconf 89' lang='lat' dir='ltr'><strong><em>consolatio</em></strong></span> <span class='ocrx_word' id='word_1_182' title='bbox 1631 2238 1685 2283; x_wconf 90' lang='lat' dir='ltr'><strong><em>et</em></strong></span> <span class='ocrx_word' id='word_1_183' title='bbox 1712 2227 1831 2297; x_wconf 90' lang='lat' dir='ltr'><strong><em>phi-</em></strong></span> 
     </span>
    </p>
   </div>
   <div class='ocr_carea' id='block_1_22' title="bbox 252 2322 1833 2406">
    <p class='ocr_par' dir='ltr' id='par_1_22' title="bbox 252 2322 1833 2406">
     <span class='ocr_line' id='line_1_22' title="bbox 252 2322 1833 2406; baseline -0.011 -13"><span class='ocrx_word' id='word_1_184' title='bbox 252 2336 514 2406; x_wconf 78' lang='lat' dir='ltr'><strong><em>l030phia.</em></strong></span> <span class='ocrx_word' id='word_1_185' title='bbox 542 2335 610 2390; x_wconf 89' lang='lat' dir='ltr'><strong><em>Et</em></strong></span> <span class='ocrx_word' id='word_1_186' title='bbox 638 2333 757 2389; x_wconf 91' lang='lat' dir='ltr'><strong><em>ideo</em></strong></span> <span class='ocrx_word' id='word_1_187' title='bbox 784 2331 926 2387; x_wconf 82' lang='lat' dir='ltr'><strong><em>dixit</em></strong></span> <span class='ocrx_word' id='word_1_188' title='bbox 949 2328 1144 2384; x_wconf 90' lang='lat' dir='ltr'><strong><em>Paulus</em></strong></span> <span class='ocrx_word' id='word_1_189' title='bbox 1169 2344 1183 2380; x_wconf 88' lang='lat'><strong><em>:</em></strong></span> <span class='ocrx_word' id='word_1_190' title='bbox 1208 2324 1310 2379; x_wconf 90' lang='lat' dir='ltr'><strong><em>Per</em></strong></span> <span class='ocrx_word' id='word_1_191' title='bbox 1337 2322 1633 2395; x_wconf 86' lang='lat' dir='ltr'><strong><em>patientiam</em></strong></span> <span class='ocrx_word' id='word_1_192' title='bbox 1651 2331 1833 2376; x_wconf 89' lang='lat' dir='ltr'><strong><em>etcon-</em></strong></span> 
     </span>
    </p>
   </div>
   <div class='ocr_carea' id='block_1_23' title="bbox 252 2413 1829 2496">
    <p class='ocr_par' dir='ltr' id='par_1_23' title="bbox 252 2413 1829 2496">
     <span class='ocr_line' id='line_1_23' title="bbox 252 2413 1829 2496; baseline -0.01 -12"><span class='ocrx_word' id='word_1_193' title='bbox 252 2428 547 2484; x_wconf 84' lang='lat' dir='ltr'><strong><em>solationem</em></strong></span> <span class='ocrx_word' id='word_1_194' title='bbox 590 2427 970 2496; x_wconf 85' lang='lat' dir='ltr'><strong><em>Scripturarum</em></strong></span> <span class='ocrx_word' id='word_1_195' title='bbox 1004 2436 1141 2491; x_wconf 83' lang='lat' dir='ltr'><strong><em>spem</em></strong></span> <span class='ocrx_word' id='word_1_196' title='bbox 1162 2417 1395 2471; x_wconf 80' lang='lat' dir='ltr'><strong><em>habemus</em></strong></span> <span class='ocrx_word' id='word_1_197' title='bbox 1420 2413 1597 2484; x_wconf 87' lang='lat' dir='ltr'><strong><em>(Rom.</em></strong></span> <span class='ocrx_word' id='word_1_198' title='bbox 1636 2414 1723 2470; x_wconf 84' lang='grc'><strong><em>15.</em></strong></span> <span class='ocrx_word' id='word_1_199' title='bbox 1752 2414 1829 2485; x_wconf 73' lang='grc'><strong>4).</strong></span> 
     </span>
    </p>
   </div>
   <div class='ocr_carea' id='block_1_24' title="bbox 253 2505 1833 2582">
    <p class='ocr_par' dir='ltr' id='par_1_24' title="bbox 253 2505 1833 2582">
     <span class='ocr_line' id='line_1_24' title="bbox 253 2505 1833 2582; baseline -0.011 -9"><span class='ocrx_word' id='word_1_200' title='bbox 253 2518 324 2573; x_wconf 88' lang='lat' dir='ltr'><strong><em>Et</em></strong></span> <span class='ocrx_word' id='word_1_201' title='bbox 347 2532 532 2574; x_wconf 88' lang='lat' dir='ltr'><strong><em>rursus</em></strong></span> <span class='ocrx_word' id='word_1_202' title='bbox 564 2536 577 2570; x_wconf 76' lang='grc' dir='ltr'><em>τ</em></span> <span class='ocrx_word' id='word_1_203' title='bbox 613 2514 788 2570; x_wconf 85' lang='lat' dir='ltr'><strong><em>Omnis</em></strong></span> <span class='ocrx_word' id='word_1_204' title='bbox 809 2512 1078 2582; x_wconf 82' lang='lat' dir='ltr'><strong><em>Scriptura</em></strong></span> <span class='ocrx_word' id='word_1_205' title='bbox 1104 2508 1340 2563; x_wconf 85' lang='lat' dir='ltr'><strong><em>divinitus</em></strong></span> <span class='ocrx_word' id='word_1_206' title='bbox 1360 2505 1605 2574; x_wconf 87' lang='lat' dir='ltr'><strong><em>inspirata</em></strong></span> <span class='ocrx_word' id='word_1_207' title='bbox 1626 2514 1699 2558; x_wconf 90' lang='lat' dir='ltr'><strong><em>est</em></strong></span> <span class='ocrx_word' id='word_1_208' title='bbox 1735 2506 1833 2557; x_wconf 88' lang='lat' dir='ltr'><strong><em>uti-</em></strong></span> 
     </span>
    </p>
   </div>
   <div class='ocr_carea' id='block_1_25' title="bbox 253 2597 1831 2675">
    <p class='ocr_par' dir='ltr' id='par_1_25' title="bbox 253 2597 1831 2675">
     <span class='ocr_line' id='line_1_25' title="bbox 253 2597 1831 2675; baseline -0.011 -10"><span class='ocrx_word' id='word_1_209' title='bbox 253 2611 316 2665; x_wconf 89' lang='lat' dir='ltr'><strong><em>lis</em></strong></span> <span class='ocrx_word' id='word_1_210' title='bbox 356 2610 424 2664; x_wconf 89' lang='lat' dir='ltr'><strong><em>ad</em></strong></span> <span class='ocrx_word' id='word_1_211' title='bbox 455 2610 755 2673; x_wconf 82' lang='lat' dir='ltr'><strong><em>doctrinam,</em></strong></span> <span class='ocrx_word' id='word_1_212' title='bbox 779 2605 847 2661; x_wconf 87' lang='lat' dir='ltr'><strong><em>ad</em></strong></span> <span class='ocrx_word' id='word_1_213' title='bbox 874 2602 1329 2675; x_wconf 78' lang='lat' dir='ltr'><strong><em>reprehensionem,</em></strong></span> <span class='ocrx_word' id='word_1_214' title='bbox 1376 2597 1445 2651; x_wconf 83' lang='lat' dir='ltr'><strong><em>ad</em></strong></span> <span class='ocrx_word' id='word_1_215' title='bbox 1469 2597 1831 2651; x_wconf 80' lang='lat' dir='ltr'><strong><em>correctionem</em></strong></span> 
     </span>
    </p>
   </div>
   <div class='ocr_carea' id='block_1_26' title="bbox 252 2700 710 2772">
    <p class='ocr_par' dir='ltr' id='par_1_26' title="bbox 252 2700 710 2772">
     <span class='ocr_line' id='line_1_26' title="bbox 252 2700 710 2772; baseline -0.004 -16"><span class='ocrx_word' id='word_1_216' title='bbox 252 2701 328 2772; x_wconf 67' lang='grc' dir='ltr'><strong>(ε.</strong></span> <span class='ocrx_word' id='word_1_217' title='bbox 358 2700 492 2756; x_wconf 86' lang='lat' dir='ltr'><strong><em>Tim.</em></strong></span> <span class='ocrx_word' id='word_1_218' title='bbox 515 2701 569 2756; x_wconf 71' lang='grc' dir='ltr'><strong>δ.</strong></span> <span class='ocrx_word' id='word_1_219' title='bbox 598 2700 710 2769; x_wconf 83' lang='grc'><strong>16).</strong></span> 
     </span>
    </p>
   </div>
   <div class='ocr_carea' id='block_1_27' title="bbox 324 2781 1832 2863">
    <p class='ocr_par' dir='ltr' id='par_1_27' title="bbox 324 2781 1832 2863">
     <span class='ocr_line' id='line_1_27' title="bbox 324 2781 1832 2863; baseline -0.011 -13"><span class='ocrx_word' id='word_1_220' title='bbox 324 2794 379 2850; x_wconf 82' lang='grc'><strong><em>5.</em></strong></span> <span class='ocrx_word' id='word_1_221' title='bbox 407 2792 543 2849; x_wconf 81' lang='lat' dir='ltr'><strong><em>Hinc</em></strong></span> <span class='ocrx_word' id='word_1_222' title='bbox 566 2804 692 2863; x_wconf 84' lang='lat' dir='ltr'><strong><em>ergo</em></strong></span> <span class='ocrx_word' id='word_1_223' title='bbox 729 2788 817 2844; x_wconf 89' lang='lat' dir='ltr'><strong><em>hic</em></strong></span> <span class='ocrx_word' id='word_1_224' title='bbox 843 2785 1050 2858; x_wconf 90' lang='lat' dir='ltr'><strong><em>accepit</em></strong></span> <span class='ocrx_word' id='word_1_225' title='bbox 1072 2781 1510 2848; x_wconf 84' lang='lat' dir='ltr'><strong><em>consolationem,</em></strong></span> <span class='ocrx_word' id='word_1_226' title='bbox 1542 2794 1662 2834; x_wconf 89' lang='lat' dir='ltr'><strong><em>cum</em></strong></span> <span class='ocrx_word' id='word_1_227' title='bbox 1692 2788 1832 2834; x_wconf 86' lang='lat' dir='ltr'><strong><em>esset</em></strong></span> 
     </span>
    </p>
   </div>
   <div class='ocr_carea' id='block_1_28' title="bbox 253 2870 1833 2950">
    <p class='ocr_par' dir='ltr' id='par_1_28' title="bbox 253 2870 1833 2950">
     <span class='ocr_line' id='line_1_28' title="bbox 253 2870 1833 2950; baseline -0.009 -10"><span class='ocrx_word' id='word_1_228' title='bbox 253 2886 305 2940; x_wconf 84' lang='lat' dir='ltr'><strong><em>in</em></strong></span> <span class='ocrx_word' id='word_1_229' title='bbox 329 2894 470 2941; x_wconf 88' lang='lat' dir='ltr'><strong><em>tanta</em></strong></span> <span class='ocrx_word' id='word_1_230' title='bbox 495 2883 778 2939; x_wconf 81' lang='lat' dir='ltr'><strong><em>afﬂictione</em></strong></span> <span class='ocrx_word' id='word_1_231' title='bbox 796 2890 851 2937; x_wconf 88' lang='lat' dir='ltr'><strong><em>et</em></strong></span> <span class='ocrx_word' id='word_1_232' title='bbox 877 2877 1292 2950; x_wconf 85' lang='lat' dir='ltr'><strong><em>perturbatione,</em></strong></span> <span class='ocrx_word' id='word_1_233' title='bbox 1319 2873 1461 2945; x_wconf 92' lang='lat' dir='ltr'><strong><em>quod</em></strong></span> <span class='ocrx_word' id='word_1_234' title='bbox 1486 2881 1666 2928; x_wconf 85' lang='lat' dir='ltr'><strong><em>vetera</em></strong></span> <span class='ocrx_word' id='word_1_235' title='bbox 1694 2870 1833 2941; x_wconf 90' lang='lat' dir='ltr'><strong><em>apud</em></strong></span> 
     </span>
    </p>
   </div>
   <div class='ocr_carea' id='block_1_29' title="bbox 253 2961 1829 3043">
    <p class='ocr_par' dir='ltr' id='par_1_29' title="bbox 253 2961 1829 3043">
     <span class='ocr_line' id='line_1_29' title="bbox 253 2961 1829 3043; baseline -0.011 -10"><span class='ocrx_word' id='word_1_236' title='bbox 253 2992 313 3033; x_wconf 85' lang='lat' dir='ltr'><strong><em>se</em></strong></span> <span class='ocrx_word' id='word_1_237' title='bbox 341 2976 656 3039; x_wconf 88' lang='lat' dir='ltr'><strong><em>revolveret,</em></strong></span> <span class='ocrx_word' id='word_1_238' title='bbox 693 2982 747 3028; x_wconf 90' lang='lat' dir='ltr'><strong><em>et</em></strong></span> <span class='ocrx_word' id='word_1_239' title='bbox 772 2986 933 3043; x_wconf 67' lang='lat' dir='ltr'><strong><em>quaaa</em></strong></span> <span class='ocrx_word' id='word_1_240' title='bbox 952 2970 1061 3025; x_wconf 90' lang='lat' dir='ltr'><strong><em>Deo</em></strong></span> <span class='ocrx_word' id='word_1_241' title='bbox 1086 2967 1231 3023; x_wconf 89' lang='lat' dir='ltr'><strong><em>varie</em></strong></span> <span class='ocrx_word' id='word_1_242' title='bbox 1256 2973 1382 3020; x_wconf 87' lang='lat' dir='ltr'><strong><em>sunt</em></strong></span> <span class='ocrx_word' id='word_1_243' title='bbox 1405 2973 1552 3035; x_wconf 86' lang='lat' dir='ltr'><strong><em>gesta</em></strong></span> <span class='ocrx_word' id='word_1_244' title='bbox 1573 2971 1629 3017; x_wconf 91' lang='lat' dir='ltr'><strong><em>et</em></strong></span> <span class='ocrx_word' id='word_1_245' title='bbox 1654 2961 1829 3017; x_wconf 88' lang='lat' dir='ltr'><strong><em>admi-</em></strong></span> 
     </span>
    </p>
   </div>
   <div class='ocr_carea' id='block_1_30' title="bbox 254 3055 1829 3135">
    <p class='ocr_par' dir='ltr' id='par_1_30' title="bbox 254 3055 1829 3135">
     <span class='ocr_line' id='line_1_30' title="bbox 254 3055 1829 3135; baseline -0.011 -10"><span class='ocrx_word' id='word_1_246' title='bbox 254 3071 493 3135; x_wconf 84' lang='lat' dir='ltr'><strong><em>nistrata,</em></strong></span> <span class='ocrx_word' id='word_1_247' title='bbox 540 3069 592 3123; x_wconf 90' lang='lat' dir='ltr'><strong><em>in</em></strong></span> <span class='ocrx_word' id='word_1_248' title='bbox 627 3065 937 3122; x_wconf 86' lang='lat' dir='ltr'><strong><em>memoriam</em></strong></span> <span class='ocrx_word' id='word_1_249' title='bbox 975 3071 1269 3117; x_wconf 87' lang='lat' dir='ltr'><strong><em>revocaret.</em></strong></span> <span class='ocrx_word' id='word_1_250' title='bbox 1303 3058 1438 3112; x_wconf 88' lang='lat' dir='ltr'><strong><em>Dicit</em></strong></span> <span class='ocrx_word' id='word_1_251' title='bbox 1471 3057 1647 3127; x_wconf 86' lang='lat' dir='ltr'><strong><em>itaque</em></strong></span> <span class='ocrx_word' id='word_1_252' title='bbox 1672 3055 1829 3122; x_wconf 90' lang='lat' dir='ltr'><strong><em>alius,</em></strong></span> 
     </span>
    </p>
   </div>
   <div class='ocr_carea' id='block_1_31' title="bbox 256 3150 1836 3223">
    <p class='ocr_par' dir='ltr' id='par_1_31' title="bbox 256 3150 1836 3223">
     <span class='ocr_line' id='line_1_31' title="bbox 256 3150 1836 3223; baseline -0.008 -4"><span class='ocrx_word' id='word_1_253' title='bbox 256 3164 320 3219; x_wconf 80' lang='lat' dir='ltr'><strong><em>Et</em></strong></span> <span class='ocrx_word' id='word_1_254' title='bbox 351 3165 614 3218; x_wconf 87' lang='lat' dir='ltr'><strong><em>meditatus</em></strong></span> <span class='ocrx_word' id='word_1_255' title='bbox 643 3178 753 3216; x_wconf 87' lang='lat' dir='ltr'><strong><em>sunt</em></strong></span> <span class='ocrx_word' id='word_1_256' title='bbox 791 3174 962 3214; x_wconf 88' lang='lat' dir='ltr'><strong><em>omnes</em></strong></span> <span class='ocrx_word' id='word_1_257' title='bbox 1004 3157 1222 3211; x_wconf 90' lang='lat' dir='ltr'><strong><em>actiones</em></strong></span> <span class='ocrx_word' id='word_1_258' title='bbox 1270 3164 1382 3208; x_wconf 89' lang='lat' dir='ltr'><strong><em>tuas</em></strong></span> <span class='ocrx_word' id='word_1_259' title='bbox 1429 3152 1529 3221; x_wconf 91' lang='lat' dir='ltr'><strong><em>(b).</em></strong></span> <span class='ocrx_word' id='word_1_260' title='bbox 1574 3150 1644 3206; x_wconf 85' lang='lat' dir='ltr'><strong><em>In</em></strong></span> <span class='ocrx_word' id='word_1_261' title='bbox 1686 3153 1836 3223; x_wconf 80' lang='lat' dir='ltr'><strong><em>factis</em></strong></span> 
     </span>
    </p>
   </div>
   <div class='ocr_carea' id='block_1_32' title="bbox 255 3246 1834 3315">
    <p class='ocr_par' dir='ltr' id='par_1_32' title="bbox 255 3246 1834 3315">
     <span class='ocr_line' id='line_1_32' title="bbox 255 3246 1834 3315; baseline -0.008 -5"><span class='ocrx_word' id='word_1_262' title='bbox 255 3274 495 3312; x_wconf 87' lang='lat' dir='ltr'><strong><em>manuum</em></strong></span> <span class='ocrx_word' id='word_1_263' title='bbox 542 3265 742 3309; x_wconf 90' lang='lat' dir='ltr'><strong><em>tuarum</em></strong></span> <span class='ocrx_word' id='word_1_264' title='bbox 791 3252 1088 3306; x_wconf 84' lang='lat' dir='ltr'><strong><em>meditabar.</em></strong></span> <span class='ocrx_word' id='word_1_265' title='bbox 1148 3248 1299 3303; x_wconf 83' lang='lat' dir='ltr'><strong><em>Alius</em></strong></span> <span class='ocrx_word' id='word_1_266' title='bbox 1324 3288 1338 3311; x_wconf 90' lang='lat'><strong><em>,</em></strong></span> <span class='ocrx_word' id='word_1_267' title='bbox 1384 3246 1554 3315; x_wconf 80' lang='lat' dir='ltr'><strong><em>Opera</em></strong></span> <span class='ocrx_word' id='word_1_268' title='bbox 1597 3262 1834 3299; x_wconf 88' lang='lat' dir='ltr'><strong><em>manuum</em></strong></span> 
     </span>
    </p>
   </div>
   <div class='ocr_carea' id='block_1_33' title="bbox 255 3334 1836 3403">
    <p class='ocr_par' dir='ltr' id='par_1_33' title="bbox 255 3334 1836 3403">
     <span class='ocr_line' id='line_1_33' title="bbox 255 3334 1836 3403; baseline -0.008 -2"><span class='ocrx_word' id='word_1_269' title='bbox 255 3357 457 3401; x_wconf 87' lang='lat' dir='ltr'><strong><em>tuarum</em></strong></span> <span class='ocrx_word' id='word_1_270' title='bbox 495 3342 793 3399; x_wconf 88' lang='lat' dir='ltr'><strong><em>meditabar.</em></strong></span> <span class='ocrx_word' id='word_1_271' title='bbox 832 3341 934 3396; x_wconf 89' lang='lat' dir='ltr'><strong><em>Per</em></strong></span> <span class='ocrx_word' id='word_1_272' title='bbox 958 3338 1060 3394; x_wconf 88' lang='lat' dir='ltr'><strong><em>hoc</em></strong></span> <span class='ocrx_word' id='word_1_273' title='bbox 1085 3336 1316 3392; x_wconf 87' lang='lat' dir='ltr'><strong><em>ostendit</em></strong></span> <span class='ocrx_word' id='word_1_274' title='bbox 1335 3350 1414 3403; x_wconf 87' lang='lat' dir='ltr'><strong><em>se,</em></strong></span> <span class='ocrx_word' id='word_1_275' title='bbox 1446 3334 1570 3389; x_wconf 91' lang='lat' dir='ltr'><strong><em>dum</em></strong></span> <span class='ocrx_word' id='word_1_276' title='bbox 1612 3335 1726 3389; x_wconf 69' lang='lat' dir='ltr'><strong><em>haec</em></strong></span> <span class='ocrx_word' id='word_1_277' title='bbox 1754 3334 1836 3389; x_wconf 81' lang='lat' dir='ltr'><strong><em>fa-</em></strong></span> 
     </span>
    </p>
   </div>
   <div class='ocr_carea' id='block_1_34' title="bbox 257 3425 1838 3506">
    <p class='ocr_par' dir='ltr' id='par_1_34' title="bbox 257 3425 1838 3506">
     <span class='ocr_line' id='line_1_34' title="bbox 257 3425 1838 3506; baseline -0.007 -14"><span class='ocrx_word' id='word_1_278' title='bbox 257 3446 424 3503; x_wconf 88' lang='lat' dir='ltr'><strong><em>ceret,</em></strong></span> <span class='ocrx_word' id='word_1_279' title='bbox 440 3449 682 3506; x_wconf 87' lang='lat' dir='ltr'><strong><em>magnam</em></strong></span> <span class='ocrx_word' id='word_1_280' title='bbox 699 3432 937 3502; x_wconf 87' lang='lat' dir='ltr'><strong><em>accipere</em></strong></span> <span class='ocrx_word' id='word_1_281' title='bbox 951 3428 1391 3495; x_wconf 86' lang='lat' dir='ltr'><strong><em>consolationem,</em></strong></span> <span class='ocrx_word' id='word_1_282' title='bbox 1412 3433 1469 3482; x_wconf 89' lang='lat' dir='ltr'><strong><em>et</em></strong></span> <span class='ocrx_word' id='word_1_283' title='bbox 1482 3426 1589 3481; x_wconf 91' lang='lat' dir='ltr'><strong><em>Deo</em></strong></span> <span class='ocrx_word' id='word_1_284' title='bbox 1608 3425 1838 3481; x_wconf 88' lang='lat' dir='ltr'><strong><em>evadere</em></strong></span> 
     </span>
    </p>
   </div>
   <div class='ocr_carea' id='block_1_35' title="bbox 256 3518 1828 3588">
    <p class='ocr_par' dir='ltr' id='par_1_35' title="bbox 256 3518 1828 3588">
     <span class='ocr_line' id='line_1_35' title="bbox 256 3518 1828 3588; baseline -0.006 -5"><span class='ocrx_word' id='word_1_285' title='bbox 256 3528 670 3583; x_wconf 78' lang='lat' dir='ltr'><strong><em>fomlliariorem.</em></strong></span> <span class='ocrx_word' id='word_1_286' title='bbox 713 3525 783 3580; x_wconf 91' lang='lat' dir='ltr'><strong><em>Et</em></strong></span> <span class='ocrx_word' id='word_1_287' title='bbox 837 3523 959 3579; x_wconf 92' lang='lat' dir='ltr'><strong><em>ideo</em></strong></span> <span class='ocrx_word' id='word_1_288' title='bbox 983 3522 1088 3577; x_wconf 90' lang='lat' dir='ltr'><strong><em>hoc</em></strong></span> <span class='ocrx_word' id='word_1_289' title='bbox 1124 3519 1411 3576; x_wconf 90' lang='lat' dir='ltr'><strong><em>ostendens</em></strong></span> <span class='ocrx_word' id='word_1_290' title='bbox 1452 3518 1745 3588; x_wconf 81' lang='lat' dir='ltr'><strong><em>subjunxit,</em></strong></span> <span class='ocrx_word' id='word_1_291' title='bbox 1774 3520 1828 3573; x_wconf 89' lang='lat'><strong><em>6.</em></strong></span> 
     </span>
    </p>
   </div>
   <div class='ocr_carea' id='block_1_36' title="bbox 257 3610 1834 3690">
    <p class='ocr_par' dir='ltr' id='par_1_36' title="bbox 257 3610 1834 3690">
     <span class='ocr_line' id='line_1_36' title="bbox 257 3610 1834 3690; baseline -0.007 -15"><span class='ocrx_word' id='word_1_292' title='bbox 257 3618 498 3690; x_wconf 72' lang='lat' dir='ltr'><strong><em>Expandi</em></strong></span> <span class='ocrx_word' id='word_1_293' title='bbox 540 3634 720 3673; x_wconf 90' lang='lat' dir='ltr'><strong><em>manus</em></strong></span> <span class='ocrx_word' id='word_1_294' title='bbox 748 3633 886 3672; x_wconf 86' lang='lat' dir='ltr'><strong><em>meas</em></strong></span> <span class='ocrx_word' id='word_1_295' title='bbox 925 3617 997 3668; x_wconf 84' lang='lat' dir='ltr'><strong><em>ad</em></strong></span> <span class='ocrx_word' id='word_1_296' title='bbox 1022 3622 1086 3668; x_wconf 87' lang='lat' dir='ltr'><strong><em>te.</em></strong></span> <span class='ocrx_word' id='word_1_297' title='bbox 1112 3611 1227 3667; x_wconf 90' lang='lat' dir='ltr'><strong><em>Non</em></strong></span> <span class='ocrx_word' id='word_1_298' title='bbox 1265 3611 1414 3673; x_wconf 77' lang='lat' dir='ltr'><strong><em>dixit.</em></strong></span> <span class='ocrx_word' id='word_1_299' title='bbox 1445 3610 1690 3678; x_wconf 78' lang='lat' dir='ltr'><strong><em>Extendi,</em></strong></span> <span class='ocrx_word' id='word_1_300' title='bbox 1718 3610 1834 3677; x_wconf 85' lang='lat' dir='ltr'><strong><em>sed,</em></strong></span> 
     </span>
    </p>
   </div>
   <div class='ocr_carea' id='block_1_37' title="bbox 257 3700 1828 3781">
    <p class='ocr_par' dir='ltr' id='par_1_37' title="bbox 257 3700 1828 3781">
     <span class='ocr_line' id='line_1_37' title="bbox 257 3700 1828 3781; baseline -0.009 -15"><span class='ocrx_word' id='word_1_301' title='bbox 257 3710 516 3781; x_wconf 75' lang='lat' dir='ltr'><strong><em>Expandi,</em></strong></span> <span class='ocrx_word' id='word_1_302' title='bbox 541 3707 826 3764; x_wconf 86' lang='lat' dir='ltr'><strong><em>ostendens</em></strong></span> <span class='ocrx_word' id='word_1_303' title='bbox 855 3718 1094 3776; x_wconf 86' lang='lat' dir='ltr'><strong><em>magnam</em></strong></span> <span class='ocrx_word' id='word_1_304' title='bbox 1112 3702 1289 3757; x_wconf 90' lang='lat' dir='ltr'><strong><em>cordis</em></strong></span> <span class='ocrx_word' id='word_1_305' title='bbox 1312 3700 1663 3764; x_wconf 71' lang='lat' dir='ltr'><strong><em>affectionem,</em></strong></span> <span class='ocrx_word' id='word_1_306' title='bbox 1686 3700 1828 3770; x_wconf 88' lang='lat' dir='ltr'><strong><em>quod</em></strong></span> 
     </span>
    </p>
   </div>
   <div class='ocr_carea' id='block_1_38' title="bbox 258 3793 1835 3874">
    <p class='ocr_par' dir='ltr' id='par_1_38' title="bbox 258 3793 1835 3874">
     <span class='ocr_line' id='line_1_38' title="bbox 258 3793 1835 3874; baseline -0.008 -15"><span class='ocrx_word' id='word_1_307' title='bbox 258 3802 637 3874; x_wconf 85' lang='lat' dir='ltr'><strong><em>propemodum</em></strong></span> <span class='ocrx_word' id='word_1_308' title='bbox 666 3816 697 3856; x_wconf 91' lang='lat' dir='ltr'><strong><em>e</em></strong></span> <span class='ocrx_word' id='word_1_309' title='bbox 717 3813 942 3870; x_wconf 86' lang='lat' dir='ltr'><strong><em>corpore</em></strong></span> <span class='ocrx_word' id='word_1_310' title='bbox 970 3803 1219 3867; x_wconf 88' lang='lat' dir='ltr'><strong><em>properat</em></strong></span> <span class='ocrx_word' id='word_1_311' title='bbox 1243 3794 1478 3860; x_wconf 81' lang='lat' dir='ltr'><strong><em>exsilire,</em></strong></span> <span class='ocrx_word' id='word_1_312' title='bbox 1502 3801 1556 3848; x_wconf 89' lang='lat' dir='ltr'><strong><em>et</em></strong></span> <span class='ocrx_word' id='word_1_313' title='bbox 1575 3793 1640 3847; x_wconf 88' lang='lat' dir='ltr'><strong><em>ad</em></strong></span> <span class='ocrx_word' id='word_1_314' title='bbox 1664 3793 1835 3862; x_wconf 88' lang='lat' dir='ltr'><strong><em>ipsum</em></strong></span> 
     </span>
    </p>
   </div>
   <div class='ocr_carea' id='block_1_39' title="bbox 261 3885 1835 3959">
    <p class='ocr_par' dir='ltr' id='par_1_39' title="bbox 261 3885 1835 3959">
     <span class='ocr_line' id='line_1_39' title="bbox 261 3885 1835 3959; baseline -0.007 -9"><span class='ocrx_word' id='word_1_315' title='bbox 261 3909 549 3951; x_wconf 88' lang='lat' dir='ltr'><strong><em>recurrere.</em></strong></span> <span class='ocrx_word' id='word_1_316' title='bbox 600 3894 641 3947; x_wconf 78' lang='grc' dir='ltr'><strong>Δ</strong></span> <span class='ocrx_word' id='word_1_317' title='bbox 684 3892 943 3946; x_wconf 88' lang='lat' dir='ltr'><strong><em>memoria</em></strong></span> <span class='ocrx_word' id='word_1_318' title='bbox 996 3890 1154 3959; x_wconf 81' lang='lat' dir='ltr'><strong><em>igitur</em></strong></span> <span class='ocrx_word' id='word_1_319' title='bbox 1195 3902 1378 3943; x_wconf 91' lang='lat' dir='ltr'><strong><em>rerum</em></strong></span> <span class='ocrx_word' id='word_1_320' title='bbox 1427 3885 1835 3953; x_wconf 60' lang='lat' dir='ltr'><strong><em>praeclarissime</em></strong></span> 
     </span>
    </p>
   </div>
   <div class='ocr_carea' id='block_1_40' title="bbox 260 3976 1832 4056">
    <p class='ocr_par' dir='ltr' id='par_1_40' title="bbox 260 3976 1832 4056">
     <span class='ocr_line' id='line_1_40' title="bbox 260 3976 1832 4056; baseline -0.008 -15"><span class='ocrx_word' id='word_1_321' title='bbox 260 3994 525 4056; x_wconf 86' lang='lat' dir='ltr'><strong><em>gestarum</em></strong></span> <span class='ocrx_word' id='word_1_322' title='bbox 555 3983 716 4037; x_wconf 89' lang='lat' dir='ltr'><strong><em>veluti</em></strong></span> <span class='ocrx_word' id='word_1_323' title='bbox 738 3981 916 4037; x_wconf 85' lang='lat' dir='ltr'><strong><em>divino</em></strong></span> <span class='ocrx_word' id='word_1_324' title='bbox 941 3978 1168 4051; x_wconf 91' lang='lat' dir='ltr'><strong><em>quodam</em></strong></span> <span class='ocrx_word' id='word_1_325' title='bbox 1205 3977 1383 4032; x_wconf 86' lang='lat' dir='ltr'><strong><em>furore</em></strong></span> <span class='ocrx_word' id='word_1_326' title='bbox 1408 3976 1618 4031; x_wconf 84' lang='lat' dir='ltr'><strong><em>afﬂatus</em></strong></span> <span class='ocrx_word' id='word_1_327' title='bbox 1648 4017 1663 4041; x_wconf 91' lang='lat'><strong><em>,</em></strong></span> <span class='ocrx_word' id='word_1_328' title='bbox 1711 3992 1832 4030; x_wconf 92' lang='lat' dir='ltr'><strong><em>cum</em></strong></span> 
     </span>
    </p>
   </div>
   <div class='ocr_carea' id='block_1_41' title="bbox 259 4070 1837 4147">
    <p class='ocr_par' dir='ltr' id='par_1_41' title="bbox 259 4070 1837 4147">
     <span class='ocr_line' id='line_1_41' title="bbox 259 4070 1837 4147; baseline -0.006 -14"><span class='ocrx_word' id='word_1_329' title='bbox 259 4087 314 4133; x_wconf 92' lang='lat' dir='ltr'><strong><em>et</em></strong></span> <span class='ocrx_word' id='word_1_330' title='bbox 332 4092 541 4132; x_wconf 90' lang='lat' dir='ltr'><strong><em>omnem</em></strong></span> <span class='ocrx_word' id='word_1_331' title='bbox 567 4076 947 4147; x_wconf 79' lang='lat' dir='ltr'><strong><em>benignitatem</em></strong></span> <span class='ocrx_word' id='word_1_332' title='bbox 975 4081 1327 4140; x_wconf 90' lang='lat' dir='ltr'><strong><em>reputassem,</em></strong></span> <span class='ocrx_word' id='word_1_333' title='bbox 1357 4080 1411 4125; x_wconf 91' lang='lat' dir='ltr'><strong><em>et</em></strong></span> <span class='ocrx_word' id='word_1_334' title='bbox 1432 4086 1495 4125; x_wconf 83' lang='lat' dir='ltr'><strong><em>ex</em></strong></span> <span class='ocrx_word' id='word_1_335' title='bbox 1521 4070 1837 4124; x_wconf 57' lang='lat' dir='ltr'><strong><em>calamitati.</em></strong></span> 
     </span>
    </p>
   </div>
   <div class='ocr_carea' id='block_1_42' title="bbox 261 4162 1840 4239">
    <p class='ocr_par' dir='ltr' id='par_1_42' title="bbox 261 4162 1840 4239">
     <span class='ocr_line' id='line_1_42' title="bbox 261 4162 1840 4239; baseline -0.006 -14"><span class='ocrx_word' id='word_1_336' title='bbox 261 4170 359 4225; x_wconf 83' lang='lat' dir='ltr'><strong><em>bus</em></strong></span> <span class='ocrx_word' id='word_1_337' title='bbox 401 4167 689 4239; x_wconf 82' lang='lat' dir='ltr'><strong><em>perfectam</em></strong></span> <span class='ocrx_word' id='word_1_338' title='bbox 728 4165 1083 4234; x_wconf 89' lang='lat' dir='ltr'><strong><em>disciplinam,</em></strong></span> <span class='ocrx_word' id='word_1_339' title='bbox 1114 4172 1169 4217; x_wconf 90' lang='lat' dir='ltr'><strong><em>et</em></strong></span> <span class='ocrx_word' id='word_1_340' title='bbox 1195 4178 1313 4233; x_wconf 82' lang='lat' dir='ltr'><strong><em>quae</em></strong></span> <span class='ocrx_word' id='word_1_341' title='bbox 1350 4177 1380 4216; x_wconf 88' lang='lat' dir='ltr'><strong><em>a</em></strong></span> <span class='ocrx_word' id='word_1_342' title='bbox 1413 4162 1565 4216; x_wconf 90' lang='lat' dir='ltr'><strong><em>malis</em></strong></span> <span class='ocrx_word' id='word_1_343' title='bbox 1617 4163 1840 4231; x_wconf 88' lang='lat' dir='ltr'><strong><em>ereptio-</em></strong></span> 
     </span>
    </p>
   </div>
   <div class='ocr_carea' id='block_1_43' title="bbox 262 4254 1836 4332">
    <p class='ocr_par' dir='ltr' id='par_1_43' title="bbox 262 4254 1836 4332">
     <span class='ocr_line' id='line_1_43' title="bbox 262 4254 1836 4332; baseline -0.007 -13"><span class='ocrx_word' id='word_1_344' title='bbox 262 4278 384 4319; x_wconf 89' lang='lat' dir='ltr'><strong><em>uem</em></strong></span> <span class='ocrx_word' id='word_1_345' title='bbox 427 4270 647 4332; x_wconf 87' lang='lat' dir='ltr'><strong><em>sequuta</em></strong></span> <span class='ocrx_word' id='word_1_346' title='bbox 685 4268 768 4315; x_wconf 90' lang='lat' dir='ltr'><strong><em>est</em></strong></span> <span class='ocrx_word' id='word_1_347' title='bbox 806 4258 1127 4322; x_wconf 87' lang='lat' dir='ltr'><strong><em>libertatem,</em></strong></span> <span class='ocrx_word' id='word_1_348' title='bbox 1173 4255 1239 4309; x_wconf 92' lang='lat' dir='ltr'><strong><em>ad</em></strong></span> <span class='ocrx_word' id='word_1_349' title='bbox 1290 4263 1341 4309; x_wconf 88' lang='lat' dir='ltr'><strong><em>te</em></strong></span> <span class='ocrx_word' id='word_1_350' title='bbox 1375 4268 1559 4308; x_wconf 89' lang='lat' dir='ltr'><strong><em>rursus</em></strong></span> <span class='ocrx_word' id='word_1_351' title='bbox 1604 4254 1836 4324; x_wconf 85' lang='lat' dir='ltr'><strong><em>confugi.</em></strong></span> 
     </span>
    </p>
   </div>
   <div class='ocr_carea' id='block_1_44' title="bbox 263 4344 1839 4415">
    <p class='ocr_par' dir='ltr' id='par_1_44' title="bbox 263 4344 1839 4415">
     <span class='ocr_line' id='line_1_44' title="bbox 263 4344 1839 4415; baseline -0.006 -7"><span class='ocrx_word' id='word_1_352' title='bbox 263 4354 445 4409; x_wconf 84' lang='lat' dir='ltr'><strong><em>Anima</em></strong></span> <span class='ocrx_word' id='word_1_353' title='bbox 469 4369 578 4406; x_wconf 88' lang='lat' dir='ltr'><strong><em>mea</em></strong></span> <span class='ocrx_word' id='word_1_354' title='bbox 603 4352 729 4405; x_wconf 89' lang='lat' dir='ltr'><strong><em>sicut</em></strong></span> <span class='ocrx_word' id='word_1_355' title='bbox 758 4360 893 4404; x_wconf 84' lang='lat' dir='ltr'><strong><em>terra</em></strong></span> <span class='ocrx_word' id='word_1_356' title='bbox 930 4348 1039 4402; x_wconf 88' lang='lat' dir='ltr'><strong><em>sine</em></strong></span> <span class='ocrx_word' id='word_1_357' title='bbox 1064 4363 1196 4411; x_wconf 90' lang='lat' dir='ltr'><strong><em>aqua</em></strong></span> <span class='ocrx_word' id='word_1_358' title='bbox 1220 4345 1327 4400; x_wconf 85' lang='lat' dir='ltr'><strong><em>tibi.</em></strong></span> <span class='ocrx_word' id='word_1_359' title='bbox 1358 4345 1528 4410; x_wconf 86' lang='lat' dir='ltr'><strong><em>Alius,</em></strong></span> <span class='ocrx_word' id='word_1_360' title='bbox 1560 4344 1839 4415; x_wconf 84' lang='lat' dir='ltr'><strong><em>Tamquam</em></strong></span> 
     </span>
    </p>
   </div>
   <div class='ocr_carea' id='block_1_45' title="bbox 264 4434 1838 4511">
    <p class='ocr_par' dir='ltr' id='par_1_45' title="bbox 264 4434 1838 4511">
     <span class='ocr_line' id='line_1_45' title="bbox 264 4434 1838 4511; baseline -0.006 -13"><span class='ocrx_word' id='word_1_361' title='bbox 264 4455 395 4498; x_wconf 89' lang='lat' dir='ltr'><strong><em>terra</em></strong></span> <span class='ocrx_word' id='word_1_362' title='bbox 419 4445 591 4499; x_wconf 86' lang='lat' dir='ltr'><strong><em>sitiens</em></strong></span> <span class='ocrx_word' id='word_1_363' title='bbox 616 4442 683 4496; x_wconf 87' lang='lat' dir='ltr'><strong><em>ad</em></strong></span> <span class='ocrx_word' id='word_1_364' title='bbox 708 4450 754 4496; x_wconf 89' lang='lat' dir='ltr'><strong><em>te</em></strong></span> <span class='ocrx_word' id='word_1_365' title='bbox 770 4456 965 4511; x_wconf 86' lang='lat' dir='ltr'><strong><em>semper</em></strong></span> <span class='ocrx_word' id='word_1_366' title='bbox 983 4436 1054 4511; x_wconf 77' lang='grc' dir='ltr'><strong><em>(ε)</em></strong></span> <span class='ocrx_word' id='word_1_367' title='bbox 1076 4437 1207 4493; x_wconf 85' lang='lat' dir='ltr'><strong><em>:hoc</em></strong></span> <span class='ocrx_word' id='word_1_368' title='bbox 1233 4444 1314 4492; x_wconf 87' lang='lat' dir='ltr'><strong><em>est</em></strong></span> <span class='ocrx_word' id='word_1_369' title='bbox 1332 4435 1496 4502; x_wconf 88' lang='lat' dir='ltr'><strong><em>enim,</em></strong></span> <span class='ocrx_word' id='word_1_370' title='bbox 1521 4434 1838 4505; x_wconf 88' lang='lat' dir='ltr'><strong><em>Diapsalma.</em></strong></span> 
     </span>
    </p>
   </div>
   <div class='ocr_carea' id='block_1_46' title="bbox 264 4528 1839 4607">
    <p class='ocr_par' dir='ltr' id='par_1_46' title="bbox 264 4528 1839 4607">
     <span class='ocr_line' id='line_1_46' title="bbox 264 4528 1839 4607; baseline -0.006 -14"><span class='ocrx_word' id='word_1_371' title='bbox 264 4538 321 4593; x_wconf 93' lang='lat' dir='ltr'><strong><em>In</em></strong></span> <span class='ocrx_word' id='word_1_372' title='bbox 349 4538 527 4601; x_wconf 84' lang='lat' dir='ltr'><strong><em>rebus,</em></strong></span> <span class='ocrx_word' id='word_1_373' title='bbox 556 4536 742 4607; x_wconf 89' lang='lat' dir='ltr'><strong><em>inquit,</em></strong></span> <span class='ocrx_word' id='word_1_374' title='bbox 774 4533 1010 4590; x_wconf 90' lang='lat' dir='ltr'><strong><em>adversis</em></strong></span> <span class='ocrx_word' id='word_1_375' title='bbox 1034 4540 1089 4588; x_wconf 92' lang='lat' dir='ltr'><strong><em>et</em></strong></span> <span class='ocrx_word' id='word_1_376' title='bbox 1115 4530 1365 4587; x_wconf 90' lang='lat' dir='ltr'><strong><em>secundis</em></strong></span> <span class='ocrx_word' id='word_1_377' title='bbox 1390 4536 1444 4585; x_wconf 92' lang='lat' dir='ltr'><strong><em>et</em></strong></span> <span class='ocrx_word' id='word_1_378' title='bbox 1465 4529 1516 4583; x_wconf 94' lang='lat' dir='ltr'><strong><em>in</em></strong></span> <span class='ocrx_word' id='word_1_379' title='bbox 1538 4528 1681 4582; x_wconf 90' lang='lat' dir='ltr'><strong><em>omni</em></strong></span> <span class='ocrx_word' id='word_1_380' title='bbox 1702 4534 1839 4583; x_wconf 91' lang='lat' dir='ltr'><strong><em>tem-</em></strong></span> 
     </span>
    </p>
   </div>
   <div class='ocr_carea' id='block_1_47' title="bbox 265 4620 1843 4701">
    <p class='ocr_par' dir='ltr' id='par_1_47' title="bbox 265 4620 1843 4701">
     <span class='ocr_line' id='line_1_47' title="bbox 265 4620 1843 4701; baseline -0.005 -17"><span class='ocrx_word' id='word_1_381' title='bbox 265 4646 451 4701; x_wconf 91' lang='lat' dir='ltr'><strong><em>porum</em></strong></span> <span class='ocrx_word' id='word_1_382' title='bbox 479 4632 731 4684; x_wconf 87' lang='lat' dir='ltr'><strong><em>varietatc</em></strong></span> <span class='ocrx_word' id='word_1_383' title='bbox 751 4626 957 4682; x_wconf 88' lang='lat' dir='ltr'><strong><em>ostendi</em></strong></span> <span class='ocrx_word' id='word_1_384' title='bbox 973 4640 1183 4696; x_wconf 88' lang='lat' dir='ltr'><strong><em>semper</em></strong></span> <span class='ocrx_word' id='word_1_385' title='bbox 1207 4624 1410 4694; x_wconf 62' lang='lat' dir='ltr'><strong><em>aequale</em></strong></span> <span class='ocrx_word' id='word_1_386' title='bbox 1430 4622 1683 4678; x_wconf 91' lang='lat' dir='ltr'><strong><em>studium.</em></strong></span> <span class='ocrx_word' id='word_1_387' title='bbox 1705 4620 1843 4687; x_wconf 91' lang='lat' dir='ltr'><strong><em>Quid</em></strong></span> 
     </span>
    </p>
   </div>
   <div class='ocr_carea' id='block_1_48' title="bbox 265 4713 1843 4788">
    <p class='ocr_par' dir='ltr' id='par_1_48' title="bbox 265 4713 1843 4788">
     <span class='ocr_line' id='line_1_48' title="bbox 265 4713 1843 4788; baseline -0.007 -11"><span class='ocrx_word' id='word_1_388' title='bbox 265 4732 347 4778; x_wconf 90' lang='lat' dir='ltr'><strong><em>est</em></strong></span> <span class='ocrx_word' id='word_1_389' title='bbox 372 4733 566 4786; x_wconf 91' lang='lat' dir='ltr'><strong><em>autem,</em></strong></span> <span class='ocrx_word' id='word_1_390' title='bbox 603 4722 745 4775; x_wconf 83' lang='lat' dir='ltr'><strong><em>Sicut</em></strong></span> <span class='ocrx_word' id='word_1_391' title='bbox 776 4730 910 4773; x_wconf 87' lang='lat' dir='ltr'><strong><em>terra</em></strong></span> <span class='ocrx_word' id='word_1_392' title='bbox 946 4718 1053 4772; x_wconf 86' lang='lat' dir='ltr'><strong><em>sine</em></strong></span> <span class='ocrx_word' id='word_1_393' title='bbox 1087 4734 1217 4788; x_wconf 88' lang='lat' dir='ltr'><strong><em>aqua</em></strong></span> <span class='ocrx_word' id='word_1_394' title='bbox 1254 4716 1387 4770; x_wconf 84' lang='lat' dir='ltr'><strong><em>tibi?</em></strong></span> <span class='ocrx_word' id='word_1_395' title='bbox 1426 4714 1574 4771; x_wconf 90' lang='lat' dir='ltr'><strong><em>Sicut</em></strong></span> <span class='ocrx_word' id='word_1_396' title='bbox 1601 4722 1739 4768; x_wconf 86' lang='lat' dir='ltr'><strong><em>terra</em></strong></span> <span class='ocrx_word' id='word_1_397' title='bbox 1768 4713 1843 4768; x_wconf 82' lang='lat' dir='ltr'><strong><em>si-</em></strong></span> 
     </span>
    </p>
   </div>
   <div class='ocr_carea' id='block_1_49' title="bbox 267 4802 1846 4882">
    <p class='ocr_par' dir='ltr' id='par_1_49' title="bbox 267 4802 1846 4882">
     <span class='ocr_line' id='line_1_49' title="bbox 267 4802 1846 4882; baseline -0.005 -14"><span class='ocrx_word' id='word_1_398' title='bbox 267 4815 409 4869; x_wconf 85' lang='lat' dir='ltr'><strong><em>tiens</em></strong></span> <span class='ocrx_word' id='word_1_399' title='bbox 450 4812 678 4882; x_wconf 84' lang='lat' dir='ltr'><strong><em>pluviam</em></strong></span> <span class='ocrx_word' id='word_1_400' title='bbox 721 4810 1009 4875; x_wconf 89' lang='lat' dir='ltr'><strong><em>desiderat,</em></strong></span> <span class='ocrx_word' id='word_1_401' title='bbox 1054 4809 1122 4862; x_wconf 88' lang='lat' dir='ltr'><strong><em>ita</em></strong></span> <span class='ocrx_word' id='word_1_402' title='bbox 1166 4822 1266 4879; x_wconf 84' lang='lat' dir='ltr'><strong><em>ego</em></strong></span> <span class='ocrx_word' id='word_1_403' title='bbox 1313 4821 1434 4862; x_wconf 89' lang='lat' dir='ltr'><strong><em>esse</em></strong></span> <span class='ocrx_word' id='word_1_404' title='bbox 1490 4804 1583 4859; x_wconf 88' lang='lat' dir='ltr'><strong><em>tibi</em></strong></span> <span class='ocrx_word' id='word_1_405' title='bbox 1632 4802 1846 4860; x_wconf 83' lang='lat' dir='ltr'><strong><em>assidue</em></strong></span> 
     </span>
    </p>
   </div>
   <div class='ocr_carea' id='block_1_50' title="bbox 268 4894 1846 4975">
    <p class='ocr_par' dir='ltr' id='par_1_50' title="bbox 268 4894 1846 4975">
     <span class='ocr_line' id='line_1_50' title="bbox 268 4894 1846 4975; baseline -0.004 -17"><span class='ocrx_word' id='word_1_406' title='bbox 268 4904 613 4975; x_wconf 82' lang='lat' dir='ltr'><strong><em>prepinquus.</em></strong></span> <span class='ocrx_word' id='word_1_407' title='bbox 637 4902 749 4967; x_wconf 79' lang='lat' dir='ltr'><strong><em>Hoc</em></strong></span> <span class='ocrx_word' id='word_1_408' title='bbox 771 4913 945 4957; x_wconf 89' lang='lat' dir='ltr'><strong><em>autem</em></strong></span> <span class='ocrx_word' id='word_1_409' title='bbox 967 4898 1292 4954; x_wconf 87' lang='lat' dir='ltr'><strong><em>desiderium</em></strong></span> <span class='ocrx_word' id='word_1_410' title='bbox 1320 4897 1487 4967; x_wconf 88' lang='lat' dir='ltr'><strong><em>magis</em></strong></span> <span class='ocrx_word' id='word_1_411' title='bbox 1508 4897 1655 4951; x_wconf 81' lang='lat' dir='ltr'><strong><em>auxit</em></strong></span> <span class='ocrx_word' id='word_1_412' title='bbox 1677 4894 1846 4951; x_wconf 82' lang='lat' dir='ltr'><strong><em>moles</em></strong></span> 
     </span>
    </p>
   </div>
   <div class='ocr_carea' id='block_1_51' title="bbox 269 4989 1846 5060">
    <p class='ocr_par' dir='ltr' id='par_1_51' title="bbox 269 4989 1846 5060">
     <span class='ocr_line' id='line_1_51' title="bbox 269 4989 1846 5060; baseline -0.006 -9"><span class='ocrx_word' id='word_1_413' title='bbox 269 4996 639 5059; x_wconf 81' lang='lat' dir='ltr'><strong><em>alﬂictionum,</em></strong></span> <span class='ocrx_word' id='word_1_414' title='bbox 662 5002 717 5048; x_wconf 89' lang='lat' dir='ltr'><strong><em>et</em></strong></span> <span class='ocrx_word' id='word_1_415' title='bbox 745 4993 863 5048; x_wconf 91' lang='lat' dir='ltr'><strong><em>ideo</em></strong></span> <span class='ocrx_word' id='word_1_416' title='bbox 886 4994 1024 5047; x_wconf 92' lang='lat' dir='ltr'><strong><em>Deus</em></strong></span> <span class='ocrx_word' id='word_1_417' title='bbox 1050 5006 1143 5046; x_wconf 84' lang='lat' dir='ltr'><strong><em>eas</em></strong></span> <span class='ocrx_word' id='word_1_418' title='bbox 1171 4989 1412 5060; x_wconf 84' lang='lat' dir='ltr'><strong><em>permisit</em></strong></span> <span class='ocrx_word' id='word_1_419' title='bbox 1433 5003 1698 5054; x_wconf 89' lang='lat' dir='ltr'><strong><em>crescere,</em></strong></span> <span class='ocrx_word' id='word_1_420' title='bbox 1729 5003 1846 5043; x_wconf 88' lang='lat' dir='ltr'><strong><em>ma-</em></strong></span> 
     </span>
    </p>
   </div>
   <div class='ocr_carea' id='block_1_52' title="bbox 266 5078 1848 5158">
    <p class='ocr_par' dir='ltr' id='par_1_52' title="bbox 266 5078 1848 5158">
     <span class='ocr_line' id='line_1_52' title="bbox 266 5078 1848 5158; baseline -0.006 -16"><span class='ocrx_word' id='word_1_421' title='bbox 266 5102 426 5158; x_wconf 80' lang='lat' dir='ltr'><strong><em>gnam</em></strong></span> <span class='ocrx_word' id='word_1_422' title='bbox 448 5101 599 5141; x_wconf 88' lang='lat' dir='ltr'><strong><em>suam</em></strong></span> <span class='ocrx_word' id='word_1_423' title='bbox 625 5083 909 5140; x_wconf 86' lang='lat' dir='ltr'><strong><em>ostendens</em></strong></span> <span class='ocrx_word' id='word_1_424' title='bbox 935 5081 1338 5152; x_wconf 88' lang='lat' dir='ltr'><strong><em>providentiam.</em></strong></span> <span class='ocrx_word' id='word_1_425' title='bbox 1370 5078 1485 5133; x_wconf 91' lang='lat' dir='ltr'><strong><em>Non</em></strong></span> <span class='ocrx_word' id='word_1_426' title='bbox 1508 5078 1681 5133; x_wconf 90' lang='lat' dir='ltr'><strong><em>solum</em></strong></span> <span class='ocrx_word' id='word_1_427' title='bbox 1703 5078 1848 5133; x_wconf 91' lang='lat' dir='ltr'><strong><em>enim</em></strong></span> 
     </span>
    </p>
   </div>
   <div class='ocr_carea' id='block_1_53' title="bbox 268 5171 1852 5245">
    <p class='ocr_par' dir='ltr' id='par_1_53' title="bbox 268 5171 1852 5245">
     <span class='ocr_line' id='line_1_53' title="bbox 268 5171 1852 5245; baseline -0.006 -10"><span class='ocrx_word' id='word_1_428' title='bbox 268 5181 397 5237; x_wconf 88' lang='lat' dir='ltr'><strong><em>fecit</em></strong></span> <span class='ocrx_word' id='word_1_429' title='bbox 442 5188 733 5245; x_wconf 86' lang='lat' dir='ltr'><strong><em>creaturas,</em></strong></span> <span class='ocrx_word' id='word_1_430' title='bbox 775 5176 868 5233; x_wconf 89' lang='lat' dir='ltr'><strong><em>sed</em></strong></span> <span class='ocrx_word' id='word_1_431' title='bbox 912 5175 1069 5231; x_wconf 88' lang='lat' dir='ltr'><strong><em>etiam</em></strong></span> <span class='ocrx_word' id='word_1_432' title='bbox 1108 5173 1367 5230; x_wconf 89' lang='lat' dir='ltr'><strong><em>factarum</em></strong></span> <span class='ocrx_word' id='word_1_433' title='bbox 1405 5186 1588 5228; x_wconf 90' lang='lat' dir='ltr'><strong><em>curam</em></strong></span> <span class='ocrx_word' id='word_1_434' title='bbox 1613 5171 1769 5242; x_wconf 84' lang='lat' dir='ltr'><strong><em>gerit,</em></strong></span> <span class='ocrx_word' id='word_1_435' title='bbox 1797 5178 1852 5226; x_wconf 88' lang='lat' dir='ltr'><strong><em>et</em></strong></span> 
     </span>
    </p>
   </div>
   <div class='ocr_carea' id='block_1_54' title="bbox 334 5326 1850 5404">
    <p class='ocr_par' dir='ltr' id='par_1_54' title="bbox 334 5326 1850 5404">
     <span class='ocr_line' id='line_1_54' title="bbox 334 5326 1850 5404; baseline -0.009 -12"><span class='ocrx_word' id='word_1_436' title='bbox 334 5340 407 5404; x_wconf 90' lang='lat' dir='ltr'><strong><em>(a)</em></strong></span> <span class='ocrx_word' id='word_1_437' title='bbox 430 5347 540 5404; x_wconf 70' lang='lat' dir='ltr'><strong><em>meo</em></strong></span> <span class='ocrx_word' id='word_1_438' title='bbox 560 5338 728 5404; x_wconf 77' lang='lat' dir='ltr'><strong><em>verba,</em></strong></span> <span class='ocrx_word' id='word_1_439' title='bbox 755 5350 787 5387; x_wconf 92' lang='lat' dir='ltr'><strong><em>a</em></strong></span> <span class='ocrx_word' id='word_1_440' title='bbox 802 5330 1175 5404; x_wconf 43' lang='lat' dir='ltr'><strong><em>facienpomini,</em></strong></span> <span class='ocrx_word' id='word_1_441' title='bbox 1200 5335 1246 5382; x_wconf 84' lang='lat' dir='ltr'><strong><em>et</em></strong></span> <span class='ocrx_word' id='word_1_442' title='bbox 1278 5343 1310 5381; x_wconf 93' lang='lat' dir='ltr'><strong><em>a</em></strong></span> <span class='ocrx_word' id='word_1_443' title='bbox 1328 5328 1487 5395; x_wconf 88' lang='lat' dir='ltr'><strong><em>gloria</em></strong></span> <span class='ocrx_word' id='word_1_444' title='bbox 1517 5328 1705 5381; x_wconf 85' lang='lat' dir='ltr'><strong><em>virtutis</em></strong></span> <span class='ocrx_word' id='word_1_445' title='bbox 1726 5326 1850 5392; x_wconf 87' lang='lat' dir='ltr'><strong><em>ejus,</em></strong></span> 
     </span>
    </p>
   </div>
   <div class='ocr_carea' id='block_1_55' title="bbox 270 5395 1072 5457">
    <p class='ocr_par' dir='ltr' id='par_1_55' title="bbox 270 5395 1072 5457">
     <span class='ocr_line' id='line_1_55' title="bbox 270 5395 1072 5457; baseline -0.015 -1"><span class='ocrx_word' id='word_1_446' title='bbox 270 5395 537 5457; x_wconf 62' lang='lat' dir='ltr'><strong><em>«uidenda</em></strong></span> <span class='ocrx_word' id='word_1_447' title='bbox 561 5413 675 5451; x_wconf 71' lang='lat' dir='ltr'><strong><em>esse</em></strong></span> <span class='ocrx_word' id='word_1_448' title='bbox 695 5395 835 5449; x_wconf 75' lang='lat' dir='ltr'><strong><em>duxit</em></strong></span> <span class='ocrx_word' id='word_1_449' title='bbox 856 5395 1072 5447; x_wconf 83' lang='lat' dir='ltr'><strong><em>savilius.</em></strong></span> 
     </span>
    </p>
   </div>
   <div class='ocr_carea' id='block_1_56' title="bbox 335 5454 1856 5527">
    <p class='ocr_par' dir='ltr' id='par_1_56' title="bbox 335 5454 1856 5527">
     <span class='ocr_line' id='line_1_56' title="bbox 335 5454 1856 5527; baseline -0.009 -12"><span class='ocrx_word' id='word_1_450' title='bbox 335 5464 407 5527; x_wconf 88' lang='lat' dir='ltr'><strong><em>(b)</em></strong></span> <span class='ocrx_word' id='word_1_451' title='bbox 443 5470 552 5514; x_wconf 64' lang='lat' dir='ltr'><strong><em>Haec</em></strong></span> <span class='ocrx_word' id='word_1_452' title='bbox 573 5462 1013 5527; x_wconf 68' lang='lat' dir='ltr'><strong><em>tmerpretatiqest</em></strong></span> <span class='ocrx_word' id='word_1_453' title='bbox 1030 5459 1169 5527; x_wconf 79' lang='lat' dir='ltr'><strong><em>juxta</em></strong></span> <span class='ocrx_word' id='word_1_454' title='bbox 1191 5454 1431 5527; x_wconf 64' lang='lat' dir='ltr'><strong><em>Aquilam;</em></strong></span> <span class='ocrx_word' id='word_1_455' title='bbox 1454 5465 1673 5517; x_wconf 86' lang='lat' dir='ltr'><strong><em>sequens</em></strong></span> <span class='ocrx_word' id='word_1_456' title='bbox 1689 5457 1856 5503; x_wconf 85' lang='lat' dir='ltr'><strong><em>autem</em></strong></span> 
     </span>
    </p>
   </div>
   <div class='ocr_carea' id='block_1_57' title="bbox 275 5516 1367 5587">
    <p class='ocr_par' dir='ltr' id='par_1_57' title="bbox 275 5516 1367 5587">
     <span class='ocr_line' id='line_1_57' title="bbox 275 5516 1367 5587; baseline -0.012 -7"><span class='ocrx_word' id='word_1_457' title='bbox 275 5516 353 5580; x_wconf 64' lang='lat' dir='ltr'><strong><em>esi</em></strong></span> <span class='ocrx_word' id='word_1_458' title='bbox 370 5516 507 5587; x_wconf 73' lang='lat' dir='ltr'><strong><em>j&#39;uxta</em></strong></span> <span class='ocrx_word' id='word_1_459' title='bbox 531 5516 1099 5587; x_wconf 39' lang='lat' dir='ltr'><strong><em>Symmachumrvmein</em></strong></span> <span class='ocrx_word' id='word_1_460' title='bbox 1121 5516 1367 5587; x_wconf 73' lang='lat' dir='ltr'><strong><em>Hexaplis.</em></strong></span> 
     </span>
    </p>
   </div>
   <div class='ocr_carea' id='block_1_58' title="bbox 339 5574 1855 5652">
    <p class='ocr_par' dir='ltr' id='par_1_58' title="bbox 339 5574 1855 5652">
     <span class='ocr_line' id='line_1_58' title="bbox 339 5574 1855 5652; baseline -0.01 -13"><span class='ocrx_word' id='word_1_461' title='bbox 339 5574 407 5652; x_wconf 57' lang='grc' dir='ltr'><strong><em>(ἱ)</em></strong></span> <span class='ocrx_word' id='word_1_462' title='bbox 429 5574 929 5651; x_wconf 24' lang='lat' dir='ltr'><strong><em>Vﬂtec&#39;iuterpretatio</em></strong></span> <span class='ocrx_word' id='word_1_463' title='bbox 972 5586 1050 5633; x_wconf 81' lang='lat' dir='ltr'><strong><em>est</em></strong></span> <span class='ocrx_word' id='word_1_464' title='bbox 1083 5582 1222 5643; x_wconf 81' lang='lat' dir='ltr'><strong><em>juxta</em></strong></span> <span class='ocrx_word' id='word_1_465' title='bbox 1258 5574 1855 5652; x_wconf 61' lang='lat' dir='ltr'><strong><em>Symmachum.__Vocem,</em></strong></span> 
     </span>
    </p>
   </div>
   <div class='ocr_carea' id='block_1_59' title="bbox 276 5628 1858 5719">
    <p class='ocr_par' dir='ltr' id='par_1_59' title="bbox 276 5628 1858 5719">
     <span class='ocr_line' id='line_1_59' title="bbox 276 5628 1858 5719; baseline -0.011 -9"><span class='ocrx_word' id='word_1_466' title='bbox 276 5628 419 5716; x_wconf 68' lang='grc' dir='ltr'><strong><em>τὸδ’,</em></strong></span> <span class='ocrx_word' id='word_1_467' title='bbox 440 5628 549 5713; x_wconf 48' lang='grc' dir='ltr'><em>ζ</em></span> <span class='ocrx_word' id='word_1_468' title='bbox 1322 5628 1327 5629; x_wconf 14' lang='grc' dir='ltr'>ί</span> <span class='ocrx_word' id='word_1_469' title='bbox 1338 5628 1478 5700; x_wconf 80' lang='lat' dir='ltr'><strong><em>solet.</em></strong></span> <span class='ocrx_word' id='word_1_470' title='bbox 1515 5628 1707 5718; x_wconf 52' lang='lat' dir='ltr'><strong><em>Aquila;</em></strong></span> <span class='ocrx_word' id='word_1_471' title='bbox 1730 5628 1858 5719; x_wconf 37' lang='lat' dir='ltr'><strong><em>sim;</em></strong></span> 
     </span>
    </p>
   </div>
   <div class='ocr_carea' id='block_1_60' title="bbox 277 5714 1861 5779">
    <p class='ocr_par' dir='ltr' id='par_1_60' title="bbox 277 5714 1861 5779">
     <span class='ocr_line' id='line_1_60' title="bbox 277 5714 1861 5779; baseline -0.01 -8"><span class='ocrx_word' id='word_1_472' title='bbox 277 5714 478 5772; x_wconf 69' lang='lat' dir='ltr'><strong><em>machus</em></strong></span> <span class='ocrx_word' id='word_1_473' title='bbox 498 5731 635 5779; x_wconf 87' lang='lat' dir='ltr'><strong><em>vero,</em></strong></span> <span class='ocrx_word' id='word_1_474' title='bbox 650 5726 755 5770; x_wconf 75' lang='lat' dir='ltr'><strong><em>LXX</em></strong></span> <span class='ocrx_word' id='word_1_475' title='bbox 776 5714 834 5769; x_wconf 82' lang='lat' dir='ltr'><strong><em>et</em></strong></span> <span class='ocrx_word' id='word_1_476' title='bbox 854 5714 1346 5779; x_wconf 34' lang='lat' dir='ltr'><strong><em>Theodotioisw</em></strong></span> <span class='ocrx_word' id='word_1_477' title='bbox 1358 5749 1371 5767; x_wconf 88' lang='lat'><strong><em>,</em></strong></span> <span class='ocrx_word' id='word_1_478' title='bbox 1387 5722 1498 5779; x_wconf 68' lang='lat' dir='ltr'><strong><em>quae</em></strong></span> <span class='ocrx_word' id='word_1_479' title='bbox 1513 5722 1607 5764; x_wconf 75' lang='lat' dir='ltr'><strong><em>vox</em></strong></span> <span class='ocrx_word' id='word_1_480' title='bbox 1624 5714 1861 5779; x_wconf 68' lang='lat' dir='ltr'><strong><em>signiticet</em></strong></span> 
     </span>
    </p>
   </div>
   <div class='ocr_carea' id='block_1_61' title="bbox 283 5768 1853 5842">
    <p class='ocr_par' dir='ltr' id='par_1_61' title="bbox 283 5768 1853 5842">
     <span class='ocr_line' id='line_1_61' title="bbox 283 5768 1853 5842; baseline -0.01 -11"><span class='ocrx_word' id='word_1_481' title='bbox 283 5768 495 5842; x_wconf 51' lang='lat' dir='ltr'><strong><em>iisab},</em></strong></span> <span class='ocrx_word' id='word_1_482' title='bbox 519 5768 611 5832; x_wconf 70' lang='lat' dir='ltr'><strong><em>aut</em></strong></span> <span class='ocrx_word' id='word_1_483' title='bbox 622 5768 941 5832; x_wconf 74' lang='lat' dir='ltr'><strong><em>cessationem</em></strong></span> <span class='ocrx_word' id='word_1_484' title='bbox 981 5768 1247 5842; x_wconf 41' lang='lat' dir='ltr'><strong><em>quamdam:</em></strong></span> <span class='ocrx_word' id='word_1_485' title='bbox 1259 5768 1463 5842; x_wconf 74' lang='lat' dir='ltr'><strong><em>brevem</em></strong></span> <span class='ocrx_word' id='word_1_486' title='bbox 1487 5773 1616 5842; x_wconf 67' lang='lat' dir='ltr'><strong><em>inter</em></strong></span> <span class='ocrx_word' id='word_1_487' title='bbox 1642 5768 1853 5832; x_wconf 70' lang='lat' dir='ltr'><strong><em>psallen-</em></strong></span> 
     </span>
    </p>
   </div>
   <div class='ocr_carea' id='block_1_62' title="bbox 277 5832 1849 5911">
    <p class='ocr_par' dir='ltr' id='par_1_62' title="bbox 277 5832 1849 5911">
     <span class='ocr_line' id='line_1_62' title="bbox 277 5832 1849 5911; baseline -0.01 -14"><span class='ocrx_word' id='word_1_488' title='bbox 277 5832 411 5911; x_wconf 74' lang='lat' dir='ltr'><strong><em>dum,</em></strong></span> <span class='ocrx_word' id='word_1_489' title='bbox 436 5832 493 5894; x_wconf 66' lang='lat' dir='ltr'><strong><em>ac</em></strong></span> <span class='ocrx_word' id='word_1_490' title='bbox 516 5851 659 5894; x_wconf 85' lang='lat' dir='ltr'><strong><em>recte</em></strong></span> <span class='ocrx_word' id='word_1_491' title='bbox 682 5844 957 5906; x_wconf 76' lang='lat' dir='ltr'><strong><em>exprimere</em></strong></span> <span class='ocrx_word' id='word_1_492' title='bbox 982 5832 1175 5903; x_wconf 74' lang='lat' dir='ltr'><strong><em>putatur</em></strong></span> <span class='ocrx_word' id='word_1_493' title='bbox 1208 5836 1493 5887; x_wconf 82' lang='lat' dir='ltr'><strong><em>llebraicam</em></strong></span> <span class='ocrx_word' id='word_1_494' title='bbox 1515 5832 1645 5883; x_wconf 82' lang='lat' dir='ltr'><strong><em>illam</em></strong></span> <span class='ocrx_word' id='word_1_495' title='bbox 1664 5844 1849 5882; x_wconf 85' lang='lat' dir='ltr'><strong><em>vocem.</em></strong></span> 
     </span>
    </p>
   </div>
   <div class='ocr_carea' id='block_1_63' title="bbox 1349 363 2409 429">
    <p class='ocr_par' dir='ltr' id='par_1_63' title="bbox 1349 363 2409 429">
     <span class='ocr_line' id='line_1_63' title="bbox 1349 363 2409 429; baseline -0.008 0"><span class='ocrx_word' id='word_1_496' title='bbox 1349 365 1708 429; x_wconf 75' lang='lat' dir='ltr'><strong><em>EXPOSITIO</em></strong></span> <span class='ocrx_word' id='word_1_497' title='bbox 1743 365 1807 423; x_wconf 77' lang='lat' dir='ltr'><strong><em>IN</em></strong></span> <span class='ocrx_word' id='word_1_498' title='bbox 1850 365 2170 421; x_wconf 77' lang='lat' dir='ltr'><strong><em>PSALMUM</em></strong></span> <span class='ocrx_word' id='word_1_499' title='bbox 2208 363 2409 422; x_wconf 73' lang='lat' dir='ltr'><strong><em>CXLII.</em></strong></span> 
     </span>
    </p>
   </div>
   <div class='ocr_carea' id='block_1_64' title="bbox 3422 358 3521 413">
    <p class='ocr_par' dir='ltr' id='par_1_64' title="bbox 3422 358 3521 413">
     <span class='ocr_line' id='line_1_64' title="bbox 3422 358 3521 413; baseline -0.02 0"><span class='ocrx_word' id='word_1_500' title='bbox 3422 358 3521 413; x_wconf 62' lang='grc'><strong><em>854</em></strong></span> 
     </span>
    </p>
   </div>
   <div class='ocr_carea' id='block_1_65' title="bbox 1946 472 3520 541">
    <p class='ocr_par' dir='ltr' id='par_1_65' title="bbox 1946 472 3520 541">
     <span class='ocr_line' id='line_1_65' title="bbox 1946 472 3520 541; baseline -0.003 -9"><span class='ocrx_word' id='word_1_501' title='bbox 1946 478 2242 541; x_wconf 86' lang='lat' dir='ltr'><strong><em>hominum,</em></strong></span> <span class='ocrx_word' id='word_1_502' title='bbox 2286 486 2342 533; x_wconf 90' lang='lat' dir='ltr'><strong><em>et</em></strong></span> <span class='ocrx_word' id='word_1_503' title='bbox 2386 475 2612 531; x_wconf 88' lang='lat' dir='ltr'><strong><em>aliorum</em></strong></span> <span class='ocrx_word' id='word_1_504' title='bbox 2653 474 2913 529; x_wconf 88' lang='lat' dir='ltr'><strong><em>omnium.</em></strong></span> <span class='ocrx_word' id='word_1_505' title='bbox 2964 472 3076 528; x_wconf 84' lang='lat' dir='ltr'><strong><em>Hoc</em></strong></span> <span class='ocrx_word' id='word_1_506' title='bbox 3122 472 3298 541; x_wconf 84' lang='lat' dir='ltr'><strong><em>itaque</em></strong></span> <span class='ocrx_word' id='word_1_507' title='bbox 3344 472 3520 527; x_wconf 84' lang='lat' dir='ltr'><strong><em>sciens</em></strong></span> 
     </span>
    </p>
   </div>
   <div class='ocr_carea' id='block_1_66' title="bbox 1941 566 3523 637">
    <p class='ocr_par' dir='ltr' id='par_1_66' title="bbox 1941 566 3523 637">
     <span class='ocr_line' id='line_1_66' title="bbox 1941 566 3523 637; baseline -0.006 -12"><span class='ocrx_word' id='word_1_508' title='bbox 1941 569 2156 636; x_wconf 85' lang='lat' dir='ltr'><strong><em>Paulus,</em></strong></span> <span class='ocrx_word' id='word_1_509' title='bbox 2188 568 2397 624; x_wconf 85' lang='lat' dir='ltr'><strong><em>dicebat</em></strong></span> <span class='ocrx_word' id='word_1_510' title='bbox 2424 584 2437 619; x_wconf 85' lang='lat'><strong>:</strong></span> <span class='ocrx_word' id='word_1_511' title='bbox 2467 566 2534 621; x_wconf 89' lang='lat' dir='ltr'><strong><em>In</em></strong></span> <span class='ocrx_word' id='word_1_512' title='bbox 2558 567 2669 637; x_wconf 90' lang='lat' dir='ltr'><strong><em>ipso</em></strong></span> <span class='ocrx_word' id='word_1_513' title='bbox 2695 567 2826 621; x_wconf 90' lang='lat' dir='ltr'><strong><em>enim</em></strong></span> <span class='ocrx_word' id='word_1_514' title='bbox 2844 566 3075 629; x_wconf 79' lang='lat' dir='ltr'><strong><em>vivimus,</em></strong></span> <span class='ocrx_word' id='word_1_515' title='bbox 3107 574 3151 618; x_wconf 92' lang='lat' dir='ltr'><strong><em>et</em></strong></span> <span class='ocrx_word' id='word_1_516' title='bbox 3178 579 3452 627; x_wconf 80' lang='lat' dir='ltr'><strong><em>movemur,</em></strong></span> <span class='ocrx_word' id='word_1_517' title='bbox 3475 574 3523 616; x_wconf 77' lang='lat' dir='ltr'><strong><em>et</em></strong></span> 
     </span>
    </p>
   </div>
   <div class='ocr_carea' id='block_1_67' title="bbox 1941 656 3523 730">
    <p class='ocr_par' dir='ltr' id='par_1_67' title="bbox 1941 656 3523 730">
     <span class='ocr_line' id='line_1_67' title="bbox 1941 656 3523 730; baseline -0.004 -16"><span class='ocrx_word' id='word_1_518' title='bbox 1941 676 2113 714; x_wconf 90' lang='lat' dir='ltr'><strong><em>sumus</em></strong></span> <span class='ocrx_word' id='word_1_519' title='bbox 2140 659 2272 730; x_wconf 80' lang='lat' dir='ltr'><strong><em>(Act.</em></strong></span> <span class='ocrx_word' id='word_1_520' title='bbox 2300 660 2387 714; x_wconf 94' lang='grc'><strong><em>17.</em></strong></span> <span class='ocrx_word' id='word_1_521' title='bbox 2419 656 2531 730; x_wconf 86' lang='grc'><strong>28).</strong></span> <span class='ocrx_word' id='word_1_522' title='bbox 2566 658 2631 713; x_wconf 85' lang='grc' dir='ltr'>Ει</span> <span class='ocrx_word' id='word_1_523' title='bbox 2667 673 2849 712; x_wconf 91' lang='lat' dir='ltr'><strong><em>rursus</em></strong></span> <span class='ocrx_word' id='word_1_524' title='bbox 2882 674 2895 709; x_wconf 92' lang='lat'>:</span> <span class='ocrx_word' id='word_1_525' title='bbox 2928 656 2993 710; x_wconf 86' lang='lat' dir='ltr'><strong><em>In</em></strong></span> <span class='ocrx_word' id='word_1_526' title='bbox 3020 657 3129 726; x_wconf 90' lang='lat' dir='ltr'><strong><em>ipso</em></strong></span> <span class='ocrx_word' id='word_1_527' title='bbox 3157 664 3387 709; x_wconf 82' lang='lat' dir='ltr'><strong><em>constant</em></strong></span> <span class='ocrx_word' id='word_1_528' title='bbox 3412 670 3523 707; x_wconf 86' lang='lat' dir='ltr'><strong><em>om-</em></strong></span> 
     </span>
    </p>
   </div>
   <div class='ocr_carea' id='block_1_68' title="bbox 1942 748 3521 823">
    <p class='ocr_par' dir='ltr' id='par_1_68' title="bbox 1942 748 3521 823">
     <span class='ocr_line' id='line_1_68' title="bbox 1942 748 3521 823; baseline -0.006 -19"><span class='ocrx_word' id='word_1_529' title='bbox 1942 753 2025 804; x_wconf 90' lang='lat' dir='ltr'><strong><em>nia</em></strong></span> <span class='ocrx_word' id='word_1_530' title='bbox 2064 750 2280 823; x_wconf 87' lang='lat' dir='ltr'><strong><em>(Coloss.</em></strong></span> <span class='ocrx_word' id='word_1_531' title='bbox 2315 751 2368 805; x_wconf 91' lang='grc'><strong><em>1.</em></strong></span> <span class='ocrx_word' id='word_1_532' title='bbox 2398 749 2508 822; x_wconf 88' lang='grc'><strong>17).</strong></span> <span class='ocrx_word' id='word_1_533' title='bbox 2553 751 2619 804; x_wconf 87' lang='lat' dir='ltr'><strong><em>Et</em></strong></span> <span class='ocrx_word' id='word_1_534' title='bbox 2648 749 2814 803; x_wconf 84' lang='lat' dir='ltr'><strong><em>David</em></strong></span> <span class='ocrx_word' id='word_1_535' title='bbox 2844 768 2855 802; x_wconf 89' lang='lat'><strong>:</strong></span> <span class='ocrx_word' id='word_1_536' title='bbox 2889 748 3072 802; x_wconf 86' lang='lat' dir='ltr'><strong><em>Omnia</em></strong></span> <span class='ocrx_word' id='word_1_537' title='bbox 3102 765 3131 799; x_wconf 91' lang='lat' dir='ltr'><strong><em>a</em></strong></span> <span class='ocrx_word' id='word_1_538' title='bbox 3158 756 3204 801; x_wconf 89' lang='lat' dir='ltr'><strong><em>te</em></strong></span> <span class='ocrx_word' id='word_1_539' title='bbox 3229 755 3521 815; x_wconf 72' lang='lat' dir='ltr'><strong><em>exspectant</em></strong></span> 
     </span>
    </p>
   </div>
   <div class='ocr_carea' id='block_1_69' title="bbox 1942 836 3518 910">
    <p class='ocr_par' dir='ltr' id='par_1_69' title="bbox 1942 836 3518 910">
     <span class='ocr_line' id='line_1_69' title="bbox 1942 836 3518 910; baseline -0.004 -16"><span class='ocrx_word' id='word_1_540' title='bbox 1942 851 1996 894; x_wconf 90' lang='lat' dir='ltr'><strong><em>ut</em></strong></span> <span class='ocrx_word' id='word_1_541' title='bbox 2025 842 2111 897; x_wconf 89' lang='lat' dir='ltr'><strong><em>des</em></strong></span> <span class='ocrx_word' id='word_1_542' title='bbox 2135 842 2237 896; x_wconf 89' lang='lat' dir='ltr'><strong><em>illis</em></strong></span> <span class='ocrx_word' id='word_1_543' title='bbox 2275 841 2439 895; x_wconf 81' lang='lat' dir='ltr'><strong><em>cibum</em></strong></span> <span class='ocrx_word' id='word_1_544' title='bbox 2468 843 2522 894; x_wconf 89' lang='lat' dir='ltr'><strong><em>in</em></strong></span> <span class='ocrx_word' id='word_1_545' title='bbox 2550 850 2771 910; x_wconf 87' lang='lat' dir='ltr'><strong><em>tempore</em></strong></span> <span class='ocrx_word' id='word_1_546' title='bbox 2796 849 3097 909; x_wconf 82' lang='lat' dir='ltr'><strong><em>Opportuna.</em></strong></span> <span class='ocrx_word' id='word_1_547' title='bbox 3128 838 3297 892; x_wconf 88' lang='lat' dir='ltr'><strong><em>Dante</em></strong></span> <span class='ocrx_word' id='word_1_548' title='bbox 3327 847 3372 890; x_wconf 89' lang='lat' dir='ltr'><strong><em>te</em></strong></span> <span class='ocrx_word' id='word_1_549' title='bbox 3394 836 3518 895; x_wconf 82' lang='lat' dir='ltr'><strong><em>illis.</em></strong></span> 
     </span>
    </p>
   </div>
   <div class='ocr_carea' id='block_1_70' title="bbox 1940 932 3523 1009">
    <p class='ocr_par' dir='ltr' id='par_1_70' title="bbox 1940 932 3523 1009">
     <span class='ocr_line' id='line_1_70' title="bbox 1940 932 3523 1009; baseline -0.004 -19"><span class='ocrx_word' id='word_1_550' title='bbox 1940 937 2211 1008; x_wconf 86' lang='lat' dir='ltr'><strong><em>colligent;</em></strong></span> <span class='ocrx_word' id='word_1_551' title='bbox 2256 938 2509 1009; x_wconf 87' lang='lat' dir='ltr'><strong><em>aperiente</em></strong></span> <span class='ocrx_word' id='word_1_552' title='bbox 2546 946 2594 990; x_wconf 91' lang='lat' dir='ltr'><strong><em>te</em></strong></span> <span class='ocrx_word' id='word_1_553' title='bbox 2619 954 2843 1000; x_wconf 88' lang='lat' dir='ltr'><strong><em>manum,</em></strong></span> <span class='ocrx_word' id='word_1_554' title='bbox 2874 936 3043 989; x_wconf 89' lang='lat' dir='ltr'><strong><em>omnia</em></strong></span> <span class='ocrx_word' id='word_1_555' title='bbox 3068 934 3407 1005; x_wconf 77' lang='lat' dir='ltr'><strong><em>implebantur</em></strong></span> <span class='ocrx_word' id='word_1_556' title='bbox 3435 932 3523 986; x_wconf 84' lang='lat' dir='ltr'><strong><em>bo-</em></strong></span> 
     </span>
    </p>
   </div>
   <div class='ocr_carea' id='block_1_71' title="bbox 1940 1027 3519 1101">
    <p class='ocr_par' dir='ltr' id='par_1_71' title="bbox 1940 1027 3519 1101">
     <span class='ocr_line' id='line_1_71' title="bbox 1940 1027 3519 1101; baseline -0.002 -20"><span class='ocrx_word' id='word_1_557' title='bbox 1940 1032 2124 1094; x_wconf 89' lang='lat' dir='ltr'><strong><em>nitate;</em></strong></span> <span class='ocrx_word' id='word_1_558' title='bbox 2139 1039 2387 1085; x_wconf 89' lang='lat' dir='ltr'><strong><em>avertente</em></strong></span> <span class='ocrx_word' id='word_1_559' title='bbox 2402 1040 2569 1085; x_wconf 89' lang='lat' dir='ltr'><strong><em>autem</em></strong></span> <span class='ocrx_word' id='word_1_560' title='bbox 2585 1042 2632 1083; x_wconf 91' lang='lat' dir='ltr'><strong><em>te</em></strong></span> <span class='ocrx_word' id='word_1_561' title='bbox 2642 1030 2842 1101; x_wconf 79' lang='lat' dir='ltr'><strong><em>faciem,</em></strong></span> <span class='ocrx_word' id='word_1_562' title='bbox 2859 1028 3187 1082; x_wconf 82' lang='lat' dir='ltr'><strong><em>turbabuntur</em></strong></span> <span class='ocrx_word' id='word_1_563' title='bbox 3203 1029 3373 1098; x_wconf 82' lang='lat' dir='ltr'><strong><em>(Psal.</em></strong></span> <span class='ocrx_word' id='word_1_564' title='bbox 3399 1027 3519 1081; x_wconf 85' lang='grc'><strong>105.</strong></span> 
     </span>
    </p>
   </div>
   <div class='ocr_carea' id='block_1_72' title="bbox 1938 1120 3520 1193">
    <p class='ocr_par' dir='ltr' id='par_1_72' title="bbox 1938 1120 3520 1193">
     <span class='ocr_line' id='line_1_72' title="bbox 1938 1120 3520 1193; baseline -0.002 -21"><span class='ocrx_word' id='word_1_565' title='bbox 1938 1120 2008 1173; x_wconf 77' lang='grc'><strong><em>27</em></strong></span> <span class='ocrx_word' id='word_1_566' title='bbox 2032 1121 2185 1193; x_wconf 87' lang='grc'><strong>-29).</strong></span> <span class='ocrx_word' id='word_1_567' title='bbox 2236 1122 2303 1176; x_wconf 88' lang='lat' dir='ltr'><strong><em>Et</em></strong></span> <span class='ocrx_word' id='word_1_568' title='bbox 2321 1137 2541 1177; x_wconf 84' lang='lat' dir='ltr'><strong><em>rursus:</em></strong></span> <span class='ocrx_word' id='word_1_569' title='bbox 2580 1122 2679 1187; x_wconf 81' lang='lat' dir='ltr'><strong><em>Qui</em></strong></span> <span class='ocrx_word' id='word_1_570' title='bbox 2704 1121 2902 1190; x_wconf 87' lang='lat' dir='ltr'><strong><em>respicit</em></strong></span> <span class='ocrx_word' id='word_1_571' title='bbox 2922 1136 3071 1190; x_wconf 86' lang='lat' dir='ltr'><strong><em>super</em></strong></span> <span class='ocrx_word' id='word_1_572' title='bbox 3098 1130 3303 1181; x_wconf 88' lang='lat' dir='ltr'><strong><em>terram,</em></strong></span> <span class='ocrx_word' id='word_1_573' title='bbox 3332 1128 3377 1173; x_wconf 89' lang='lat' dir='ltr'><strong><em>et</em></strong></span> <span class='ocrx_word' id='word_1_574' title='bbox 3399 1120 3520 1188; x_wconf 79' lang='lat' dir='ltr'><strong><em>facit</em></strong></span> 
     </span>
    </p>
   </div>
   <div class='ocr_carea' id='block_1_73' title="bbox 1940 1210 3521 1288">
    <p class='ocr_par' dir='ltr' id='par_1_73' title="bbox 1940 1210 3521 1288">
     <span class='ocr_line' id='line_1_73' title="bbox 1940 1210 3521 1288; baseline -0.001 -25"><span class='ocrx_word' id='word_1_575' title='bbox 1940 1228 2047 1264; x_wconf 90' lang='lat' dir='ltr'><strong><em>eam</em></strong></span> <span class='ocrx_word' id='word_1_576' title='bbox 2078 1223 2284 1266; x_wconf 86' lang='lat' dir='ltr'><strong><em>tremere</em></strong></span> <span class='ocrx_word' id='word_1_577' title='bbox 2329 1212 2503 1288; x_wconf 84' lang='lat' dir='ltr'><strong><em>(Psal.</em></strong></span> <span class='ocrx_word' id='word_1_578' title='bbox 2544 1212 2665 1267; x_wconf 92' lang='grc'><strong>105.</strong></span> <span class='ocrx_word' id='word_1_579' title='bbox 2698 1212 2812 1279; x_wconf 88' lang='grc'><strong>52).</strong></span> <span class='ocrx_word' id='word_1_580' title='bbox 2846 1212 2915 1265; x_wconf 92' lang='lat' dir='ltr'><strong><em>Et</em></strong></span> <span class='ocrx_word' id='word_1_581' title='bbox 2943 1211 3100 1265; x_wconf 91' lang='lat' dir='ltr'><strong><em>Isaias</em></strong></span> <span class='ocrx_word' id='word_1_582' title='bbox 3133 1229 3145 1264; x_wconf 89' lang='lat'><strong>:</strong></span> <span class='ocrx_word' id='word_1_583' title='bbox 3180 1210 3278 1274; x_wconf 84' lang='lat' dir='ltr'><strong><em>Qui</em></strong></span> <span class='ocrx_word' id='word_1_584' title='bbox 3306 1211 3521 1263; x_wconf 87' lang='lat' dir='ltr'><strong><em>continet</em></strong></span> 
     </span>
    </p>
   </div>
   <div class='ocr_carea' id='block_1_74' title="bbox 1938 1302 3521 1376">
    <p class='ocr_par' dir='ltr' id='par_1_74' title="bbox 1938 1302 3521 1376">
     <span class='ocr_line' id='line_1_74' title="bbox 1938 1302 3521 1376; baseline -0.001 -21"><span class='ocrx_word' id='word_1_585' title='bbox 1938 1320 2119 1372; x_wconf 79' lang='lat' dir='ltr'><strong><em>gyrum</em></strong></span> <span class='ocrx_word' id='word_1_586' title='bbox 2142 1314 2287 1358; x_wconf 78' lang='lat' dir='ltr'><strong><em>terra:</em></strong></span> <span class='ocrx_word' id='word_1_587' title='bbox 2314 1303 2462 1375; x_wconf 87' lang='lat' dir='ltr'><strong><em>(Isai.</em></strong></span> <span class='ocrx_word' id='word_1_588' title='bbox 2492 1304 2581 1360; x_wconf 73' lang='grc'><strong>40.</strong></span> <span class='ocrx_word' id='word_1_589' title='bbox 2612 1304 2729 1376; x_wconf 88' lang='grc'><strong>22).</strong></span> <span class='ocrx_word' id='word_1_590' title='bbox 2756 1304 2825 1359; x_wconf 89' lang='lat' dir='ltr'><strong><em>Et</em></strong></span> <span class='ocrx_word' id='word_1_591' title='bbox 2851 1306 2919 1359; x_wconf 88' lang='lat' dir='ltr'><strong><em>de</em></strong></span> <span class='ocrx_word' id='word_1_592' title='bbox 2948 1305 3160 1366; x_wconf 87' lang='lat' dir='ltr'><strong><em>virtute,</em></strong></span> <span class='ocrx_word' id='word_1_593' title='bbox 3197 1302 3315 1357; x_wconf 75' lang='lat' dir='ltr'><strong><em>Nisi</em></strong></span> <span class='ocrx_word' id='word_1_594' title='bbox 3344 1302 3521 1355; x_wconf 85' lang='lat' dir='ltr'><strong><em>Domi-</em></strong></span> 
     </span>
    </p>
   </div>
   <div class='ocr_carea' id='block_1_75' title="bbox 1939 1395 3522 1465">
    <p class='ocr_par' dir='ltr' id='par_1_75' title="bbox 1939 1395 3522 1465">
     <span class='ocr_line' id='line_1_75' title="bbox 1939 1395 3522 1465; baseline 0 -18"><span class='ocrx_word' id='word_1_595' title='bbox 1939 1411 2052 1458; x_wconf 88' lang='lat' dir='ltr'><strong><em>nus,</em></strong></span> <span class='ocrx_word' id='word_1_596' title='bbox 2098 1395 2285 1465; x_wconf 88' lang='lat' dir='ltr'><strong><em>inquit,</em></strong></span> <span class='ocrx_word' id='word_1_597' title='bbox 2316 1398 2637 1465; x_wconf 78' lang='lat' dir='ltr'><strong><em>tediﬁcaverit</em></strong></span> <span class='ocrx_word' id='word_1_598' title='bbox 2662 1398 2866 1451; x_wconf 89' lang='lat' dir='ltr'><strong><em>domum</em></strong></span> <span class='ocrx_word' id='word_1_599' title='bbox 2893 1437 2907 1460; x_wconf 95' lang='lat'><strong><em>,</em></strong></span> <span class='ocrx_word' id='word_1_600' title='bbox 2939 1397 2993 1449; x_wconf 89' lang='lat' dir='ltr'><strong><em>in</em></strong></span> <span class='ocrx_word' id='word_1_601' title='bbox 3036 1413 3218 1449; x_wconf 82' lang='lat' dir='ltr'><strong><em>vanum</em></strong></span> <span class='ocrx_word' id='word_1_602' title='bbox 3263 1396 3522 1449; x_wconf 79' lang='lat' dir='ltr'><strong><em>laborave-</em></strong></span> 
     </span>
    </p>
   </div>
   <div class='ocr_carea' id='block_1_76' title="bbox 1938 1486 3522 1561">
    <p class='ocr_par' dir='ltr' id='par_1_76' title="bbox 1938 1486 3522 1561">
     <span class='ocr_line' id='line_1_76' title="bbox 1938 1486 3522 1561; baseline 0 -22"><span class='ocrx_word' id='word_1_603' title='bbox 1938 1497 2057 1540; x_wconf 88' lang='lat' dir='ltr'><strong><em>runt</em></strong></span> <span class='ocrx_word' id='word_1_604' title='bbox 2080 1489 2162 1557; x_wconf 87' lang='lat' dir='ltr'><strong><em>qui</em></strong></span> <span class='ocrx_word' id='word_1_605' title='bbox 2192 1489 2447 1557; x_wconf 72' lang='lat' dir='ltr'><strong><em>wdi/icant</em></strong></span> <span class='ocrx_word' id='word_1_606' title='bbox 2474 1507 2583 1543; x_wconf 82' lang='lat' dir='ltr'><strong><em>eam</em></strong></span> <span class='ocrx_word' id='word_1_607' title='bbox 2610 1488 2778 1561; x_wconf 88' lang='lat' dir='ltr'><strong><em>(Psal.</em></strong></span> <span class='ocrx_word' id='word_1_608' title='bbox 2814 1488 2936 1543; x_wconf 88' lang='grc'><strong>126.</strong></span> <span class='ocrx_word' id='word_1_609' title='bbox 2972 1488 3048 1557; x_wconf 92' lang='grc'><strong><em>1).</em></strong></span> <span class='ocrx_word' id='word_1_610' title='bbox 3080 1488 3144 1542; x_wconf 84' lang='grc' dir='ltr'><strong><em>Ει</em></strong></span> <span class='ocrx_word' id='word_1_611' title='bbox 3175 1502 3391 1541; x_wconf 82' lang='lat' dir='ltr'><strong><em>rursus:</em></strong></span> <span class='ocrx_word' id='word_1_612' title='bbox 3420 1486 3522 1553; x_wconf 83' lang='lat' dir='ltr'><strong><em>Qui</em></strong></span> 
     </span>
    </p>
   </div>
   <div class='ocr_carea' id='block_1_77' title="bbox 1939 1576 3517 1646">
    <p class='ocr_par' dir='ltr' id='par_1_77' title="bbox 1939 1576 3517 1646">
     <span class='ocr_line' id='line_1_77' title="bbox 1939 1576 3517 1646; baseline 0 -17"><span class='ocrx_word' id='word_1_613' title='bbox 1939 1576 2167 1631; x_wconf 81' lang='lat' dir='ltr'><strong><em>habitare</em></strong></span> <span class='ocrx_word' id='word_1_614' title='bbox 2195 1579 2319 1646; x_wconf 80' lang='lat' dir='ltr'><strong><em>facit</em></strong></span> <span class='ocrx_word' id='word_1_615' title='bbox 2346 1579 2565 1633; x_wconf 83' lang='lat' dir='ltr'><strong><em>sterilem</em></strong></span> <span class='ocrx_word' id='word_1_616' title='bbox 2591 1581 2645 1633; x_wconf 89' lang='lat' dir='ltr'><strong><em>in</em></strong></span> <span class='ocrx_word' id='word_1_617' title='bbox 2680 1580 2829 1633; x_wconf 87' lang='lat' dir='ltr'><strong><em>domo</em></strong></span> <span class='ocrx_word' id='word_1_618' title='bbox 2850 1588 3061 1632; x_wconf 89' lang='lat' dir='ltr'><strong><em>matrem</em></strong></span> <span class='ocrx_word' id='word_1_619' title='bbox 3090 1578 3310 1646; x_wconf 79' lang='lat' dir='ltr'><strong><em>ﬁliorum</em></strong></span> <span class='ocrx_word' id='word_1_620' title='bbox 3336 1578 3517 1630; x_wconf 75' lang='lat' dir='ltr'><strong><em>[tetan-</em></strong></span> 
     </span>
    </p>
   </div>
   <div class='ocr_carea' id='block_1_78' title="bbox 1940 1668 3519 1740">
    <p class='ocr_par' dir='ltr' id='par_1_78' title="bbox 1940 1668 3519 1740">
     <span class='ocr_line' id='line_1_78' title="bbox 1940 1668 3519 1740; baseline 0.001 -19"><span class='ocrx_word' id='word_1_621' title='bbox 1940 1678 2036 1722; x_wconf 91' lang='lat' dir='ltr'><strong><em>tem</em></strong></span> <span class='ocrx_word' id='word_1_622' title='bbox 2061 1668 2232 1740; x_wconf 89' lang='lat' dir='ltr'><strong><em>(Psal.</em></strong></span> <span class='ocrx_word' id='word_1_623' title='bbox 2264 1670 2385 1725; x_wconf 88' lang='grc'><strong>112.</strong></span> <span class='ocrx_word' id='word_1_624' title='bbox 2417 1670 2491 1739; x_wconf 84' lang='grc'><strong><em>9).</em></strong></span> <span class='ocrx_word' id='word_1_625' title='bbox 2539 1671 2608 1726; x_wconf 83' lang='grc' dir='ltr'><strong>Ει</strong></span> <span class='ocrx_word' id='word_1_626' title='bbox 2645 1671 2766 1727; x_wconf 90' lang='lat' dir='ltr'><strong><em>ideo</em></strong></span> <span class='ocrx_word' id='word_1_627' title='bbox 2795 1680 2990 1726; x_wconf 88' lang='lat' dir='ltr'><strong><em>terram</em></strong></span> <span class='ocrx_word' id='word_1_628' title='bbox 3019 1670 3189 1740; x_wconf 88' lang='lat' dir='ltr'><strong><em>quatit</em></strong></span> <span class='ocrx_word' id='word_1_629' title='bbox 3212 1680 3265 1724; x_wconf 84' lang='lat' dir='ltr'><strong><em>et</em></strong></span> <span class='ocrx_word' id='word_1_630' title='bbox 3308 1678 3519 1723; x_wconf 70' lang='lat' dir='ltr'><strong><em>montes</em></strong></span> 
     </span>
    </p>
   </div>
   <div class='ocr_carea' id='block_1_79' title="bbox 1939 1761 3518 1834">
    <p class='ocr_par' dir='ltr' id='par_1_79' title="bbox 1939 1761 3518 1834">
     <span class='ocr_line' id='line_1_79' title="bbox 1939 1761 3518 1834; baseline 0.001 -21"><span class='ocrx_word' id='word_1_631' title='bbox 1939 1767 2159 1831; x_wconf 88' lang='lat' dir='ltr'><strong><em>tangens</em></strong></span> <span class='ocrx_word' id='word_1_632' title='bbox 2186 1761 2313 1818; x_wconf 83' lang='lat' dir='ltr'><strong><em>facit</em></strong></span> <span class='ocrx_word' id='word_1_633' title='bbox 2338 1772 2394 1818; x_wconf 91' lang='lat' dir='ltr'><strong><em>ut</em></strong></span> <span class='ocrx_word' id='word_1_634' title='bbox 2420 1763 2694 1834; x_wconf 86' lang='lat' dir='ltr'><strong><em>fumigeut,</em></strong></span> <span class='ocrx_word' id='word_1_635' title='bbox 2723 1778 2878 1818; x_wconf 89' lang='lat' dir='ltr'><strong><em>suum</em></strong></span> <span class='ocrx_word' id='word_1_636' title='bbox 2907 1761 3198 1818; x_wconf 88' lang='lat' dir='ltr'><strong><em>ostendens</em></strong></span> <span class='ocrx_word' id='word_1_637' title='bbox 3227 1762 3518 1817; x_wconf 88' lang='lat' dir='ltr'><strong><em>dominium</em></strong></span> 
     </span>
    </p>
   </div>
   <div class='ocr_carea' id='block_1_80' title="bbox 1939 1848 3517 1924">
    <p class='ocr_par' dir='ltr' id='par_1_80' title="bbox 1939 1848 3517 1924">
     <span class='ocr_line' id='line_1_80' title="bbox 1939 1848 3517 1924; baseline 0.001 -20"><span class='ocrx_word' id='word_1_638' title='bbox 1939 1848 2110 1922; x_wconf 88' lang='lat' dir='ltr'><strong><em>(Psal.</em></strong></span> <span class='ocrx_word' id='word_1_639' title='bbox 2139 1852 2261 1909; x_wconf 81' lang='grc'><strong>105.</strong></span> <span class='ocrx_word' id='word_1_640' title='bbox 2293 1851 2405 1924; x_wconf 81' lang='grc'><strong>52).</strong></span> <span class='ocrx_word' id='word_1_641' title='bbox 2423 1854 2601 1910; x_wconf 90' lang='lat' dir='ltr'><strong><em>Solem</em></strong></span> <span class='ocrx_word' id='word_1_642' title='bbox 2624 1862 2800 1909; x_wconf 89' lang='lat' dir='ltr'><strong><em>autem</em></strong></span> <span class='ocrx_word' id='word_1_643' title='bbox 2826 1852 3097 1920; x_wconf 89' lang='lat' dir='ltr'><strong><em>obscurat,</em></strong></span> <span class='ocrx_word' id='word_1_644' title='bbox 3121 1854 3192 1907; x_wconf 80' lang='lat' dir='ltr'><strong><em>ita</em></strong></span> <span class='ocrx_word' id='word_1_645' title='bbox 3212 1862 3267 1907; x_wconf 92' lang='lat' dir='ltr'><strong><em>ut</em></strong></span> <span class='ocrx_word' id='word_1_646' title='bbox 3285 1853 3517 1915; x_wconf 77' lang='lat' dir='ltr'><strong><em>deficiat,</em></strong></span> 
     </span>
    </p>
   </div>
   <div class='ocr_carea' id='block_1_81' title="bbox 1936 1942 3515 2015">
    <p class='ocr_par' dir='ltr' id='par_1_81' title="bbox 1936 1942 3515 2015">
     <span class='ocr_line' id='line_1_81' title="bbox 1936 1942 3515 2015; baseline 0 -19"><span class='ocrx_word' id='word_1_647' title='bbox 1936 1956 2032 2012; x_wconf 88' lang='lat' dir='ltr'><strong><em>per</em></strong></span> <span class='ocrx_word' id='word_1_648' title='bbox 2060 1942 2164 1998; x_wconf 89' lang='lat' dir='ltr'><strong><em>hoc</em></strong></span> <span class='ocrx_word' id='word_1_649' title='bbox 2191 1959 2376 1999; x_wconf 88' lang='lat' dir='ltr'><strong><em>rursus</em></strong></span> <span class='ocrx_word' id='word_1_650' title='bbox 2404 1945 2641 2001; x_wconf 87' lang='lat' dir='ltr'><strong><em>indicans</em></strong></span> <span class='ocrx_word' id='word_1_651' title='bbox 2669 1960 2728 2000; x_wconf 91' lang='lat' dir='ltr'><strong><em>se</em></strong></span> <span class='ocrx_word' id='word_1_652' title='bbox 2755 1959 2875 2001; x_wconf 91' lang='lat' dir='ltr'><strong><em>esse</em></strong></span> <span class='ocrx_word' id='word_1_653' title='bbox 2921 1944 3176 2015; x_wconf 84' lang='lat' dir='ltr'><strong><em>Opiﬁcem</em></strong></span> <span class='ocrx_word' id='word_1_654' title='bbox 3201 1945 3219 2015; x_wconf 95' lang='lat'>(</span> <span class='ocrx_word' id='word_1_655' title='bbox 3244 1944 3373 1998; x_wconf 83' lang='lat' dir='ltr'><strong><em>lsai.</em></strong></span> <span class='ocrx_word' id='word_1_656' title='bbox 3403 1945 3515 2012; x_wconf 81' lang='lat'><strong><em>58).</em></strong></span> 
     </span>
    </p>
   </div>
   <div class='ocr_carea' id='block_1_82' title="bbox 1978 2034 3521 2107">
    <p class='ocr_par' dir='ltr' id='par_1_82' title="bbox 1978 2034 3521 2107">
     <span class='ocr_line' id='line_1_82' title="bbox 1978 2034 3521 2107; baseline 0.001 -19"><span class='ocrx_word' id='word_1_657' title='bbox 1978 2076 1981 2079; x_wconf 43' lang='grc' dir='ltr'><strong><em>γ</em></strong></span> <span class='ocrx_word' id='word_1_658' title='bbox 2009 2034 2275 2092; x_wconf 84' lang='lat' dir='ltr'><strong><em>Miraculis</em></strong></span> <span class='ocrx_word' id='word_1_659' title='bbox 2299 2052 2435 2091; x_wconf 83' lang='lat' dir='ltr'><strong><em>nunc</em></strong></span> <span class='ocrx_word' id='word_1_660' title='bbox 2462 2053 2589 2107; x_wconf 87' lang='lat' dir='ltr'><strong><em>opus</em></strong></span> <span class='ocrx_word' id='word_1_661' title='bbox 2616 2053 2718 2092; x_wconf 87' lang='lat' dir='ltr'><strong><em>non</em></strong></span> <span class='ocrx_word' id='word_1_662' title='bbox 2743 2038 3108 2094; x_wconf 90' lang='lat' dir='ltr'><strong><em>est.—Porro</em></strong></span> <span class='ocrx_word' id='word_1_663' title='bbox 3138 2038 3190 2091; x_wconf 90' lang='lat' dir='ltr'><strong><em>in</em></strong></span> <span class='ocrx_word' id='word_1_664' title='bbox 3231 2038 3461 2107; x_wconf 77' lang='lat' dir='ltr'><strong><em>Scriptut</em></strong></span> <span class='ocrx_word' id='word_1_665' title='bbox 3479 2040 3521 2090; x_wconf 88' lang='lat' dir='ltr'><strong><em>is</em></strong></span> 
     </span>
    </p>
   </div>
   <div class='ocr_carea' id='block_1_83' title="bbox 1936 2127 3521 2199">
    <p class='ocr_par' dir='ltr' id='par_1_83' title="bbox 1936 2127 3521 2199">
     <span class='ocr_line' id='line_1_83' title="bbox 1936 2127 3521 2199; baseline -0.003 -16"><span class='ocrx_word' id='word_1_666' title='bbox 1936 2140 2151 2199; x_wconf 88' lang='lat' dir='ltr'><strong><em>quoque</em></strong></span> <span class='ocrx_word' id='word_1_667' title='bbox 2178 2127 2325 2185; x_wconf 77' lang='lat' dir='ltr'><strong><em>vides</em></strong></span> <span class='ocrx_word' id='word_1_668' title='bbox 2352 2130 2520 2185; x_wconf 86' lang='lat' dir='ltr'><strong><em>solem</em></strong></span> <span class='ocrx_word' id='word_1_669' title='bbox 2546 2128 2994 2198; x_wconf 89' lang='lat' dir='ltr'><strong><em>retrocedentem,</em></strong></span> <span class='ocrx_word' id='word_1_670' title='bbox 3035 2139 3089 2185; x_wconf 88' lang='lat' dir='ltr'><strong><em>et</em></strong></span> <span class='ocrx_word' id='word_1_671' title='bbox 3116 2130 3292 2182; x_wconf 89' lang='lat' dir='ltr'><strong><em>lunam</em></strong></span> <span class='ocrx_word' id='word_1_672' title='bbox 3335 2145 3521 2183; x_wconf 45' lang='lat' dir='ltr'><strong><em>rursus</em></strong></span> 
     </span>
    </p>
   </div>
   <div class='ocr_carea' id='block_1_84' title="bbox 1936 2219 3517 2292">
    <p class='ocr_par' dir='ltr' id='par_1_84' title="bbox 1936 2219 3517 2292">
     <span class='ocr_line' id='line_1_84' title="bbox 1936 2219 3517 2292; baseline 0.001 -20"><span class='ocrx_word' id='word_1_673' title='bbox 1936 2233 2055 2273; x_wconf 90' lang='lat' dir='ltr'><strong><em>cum</em></strong></span> <span class='ocrx_word' id='word_1_674' title='bbox 2080 2234 2147 2275; x_wconf 90' lang='lat' dir='ltr'><strong><em>eo</em></strong></span> <span class='ocrx_word' id='word_1_675' title='bbox 2166 2229 2394 2275; x_wconf 90' lang='lat' dir='ltr'><strong><em>stantem</em></strong></span> <span class='ocrx_word' id='word_1_676' title='bbox 2423 2219 2555 2291; x_wconf 84' lang='lat' dir='ltr'><strong><em>(Jos.</em></strong></span> <span class='ocrx_word' id='word_1_677' title='bbox 2587 2221 2674 2276; x_wconf 90' lang='grc'><strong><em>10.</em></strong></span> <span class='ocrx_word' id='word_1_678' title='bbox 2704 2221 2817 2292; x_wconf 88' lang='grc'><strong>15),</strong></span> <span class='ocrx_word' id='word_1_679' title='bbox 2840 2230 2895 2276; x_wconf 92' lang='lat' dir='ltr'><strong><em>et</em></strong></span> <span class='ocrx_word' id='word_1_680' title='bbox 2920 2221 3085 2275; x_wconf 88' lang='lat' dir='ltr'><strong><em>multa</em></strong></span> <span class='ocrx_word' id='word_1_681' title='bbox 3115 2221 3217 2275; x_wconf 89' lang='lat' dir='ltr'><strong><em>alia</em></strong></span> <span class='ocrx_word' id='word_1_682' title='bbox 3242 2221 3517 2275; x_wconf 85' lang='lat' dir='ltr'><strong><em>miracula.</em></strong></span> 
     </span>
    </p>
   </div>
   <div class='ocr_carea' id='block_1_85' title="bbox 1937 2312 3518 2385">
    <p class='ocr_par' dir='ltr' id='par_1_85' title="bbox 1937 2312 3518 2385">
     <span class='ocr_line' id='line_1_85' title="bbox 1937 2312 3518 2385; baseline -0.001 -19"><span class='ocrx_word' id='word_1_683' title='bbox 1937 2312 2159 2379; x_wconf 87' lang='lat' dir='ltr'><strong><em>Quando</em></strong></span> <span class='ocrx_word' id='word_1_684' title='bbox 2183 2314 2323 2368; x_wconf 90' lang='lat' dir='ltr'><strong><em>enim</em></strong></span> <span class='ocrx_word' id='word_1_685' title='bbox 2372 2315 2489 2384; x_wconf 87' lang='lat' dir='ltr'><strong><em>ejus</em></strong></span> <span class='ocrx_word' id='word_1_686' title='bbox 2526 2315 2757 2385; x_wconf 86' lang='lat' dir='ltr'><strong><em>cognitio</em></strong></span> <span class='ocrx_word' id='word_1_687' title='bbox 2787 2315 3021 2371; x_wconf 90' lang='lat' dir='ltr'><strong><em>nondum</em></strong></span> <span class='ocrx_word' id='word_1_688' title='bbox 3067 2326 3285 2369; x_wconf 77' lang='lat' dir='ltr'><strong><em>extensa</em></strong></span> <span class='ocrx_word' id='word_1_689' title='bbox 3328 2314 3518 2381; x_wconf 68' lang='lat' dir='ltr'><strong><em>fuerat,</em></strong></span> 
     </span>
    </p>
   </div>
   <div class='ocr_carea' id='block_1_86' title="bbox 1940 2402 3522 2478">
    <p class='ocr_par' dir='ltr' id='par_1_86' title="bbox 1940 2402 3522 2478">
     <span class='ocr_line' id='line_1_86' title="bbox 1940 2402 3522 2478; baseline 0.004 -23"><span class='ocrx_word' id='word_1_690' title='bbox 1940 2402 2053 2458; x_wconf 65' lang='lat' dir='ltr'><strong><em>haec</em></strong></span> <span class='ocrx_word' id='word_1_691' title='bbox 2083 2404 2282 2461; x_wconf 86' lang='lat' dir='ltr'><strong><em>fiebant</em></strong></span> <span class='ocrx_word' id='word_1_692' title='bbox 2315 2424 2327 2460; x_wconf 89' lang='lat'><strong>:</strong></span> <span class='ocrx_word' id='word_1_693' title='bbox 2360 2423 2500 2461; x_wconf 91' lang='lat' dir='ltr'><strong><em>nunc</em></strong></span> <span class='ocrx_word' id='word_1_694' title='bbox 2525 2416 2704 2463; x_wconf 85' lang='lat' dir='ltr'><strong><em>autem</em></strong></span> <span class='ocrx_word' id='word_1_695' title='bbox 2733 2422 2839 2462; x_wconf 92' lang='lat' dir='ltr'><strong><em>non</em></strong></span> <span class='ocrx_word' id='word_1_696' title='bbox 2876 2416 2955 2461; x_wconf 88' lang='lat' dir='ltr'><strong><em>est</em></strong></span> <span class='ocrx_word' id='word_1_697' title='bbox 2982 2408 3208 2476; x_wconf 86' lang='lat' dir='ltr'><strong><em>amplius</em></strong></span> <span class='ocrx_word' id='word_1_698' title='bbox 3247 2421 3379 2478; x_wconf 80' lang='lat' dir='ltr'><strong><em>Opus</em></strong></span> <span class='ocrx_word' id='word_1_699' title='bbox 3424 2408 3522 2461; x_wconf 87' lang='lat' dir='ltr'><strong><em>hac</em></strong></span> 
     </span>
    </p>
   </div>
   <div class='ocr_carea' id='block_1_87' title="bbox 1937 2491 3521 2569">
    <p class='ocr_par' dir='ltr' id='par_1_87' title="bbox 1937 2491 3521 2569">
     <span class='ocr_line' id='line_1_87' title="bbox 1937 2491 3521 2569; baseline 0.003 -23"><span class='ocrx_word' id='word_1_700' title='bbox 1937 2491 2198 2561; x_wconf 89' lang='lat' dir='ltr'><strong><em>doctrina,</em></strong></span> <span class='ocrx_word' id='word_1_701' title='bbox 2234 2511 2354 2553; x_wconf 91' lang='lat' dir='ltr'><strong><em>cum</em></strong></span> <span class='ocrx_word' id='word_1_702' title='bbox 2400 2512 2487 2551; x_wconf 90' lang='lat' dir='ltr'><strong><em>res</em></strong></span> <span class='ocrx_word' id='word_1_703' title='bbox 2517 2498 2644 2569; x_wconf 71' lang='lat' dir='ltr'><strong><em>ipsa:</em></strong></span> <span class='ocrx_word' id='word_1_704' title='bbox 2668 2498 2898 2553; x_wconf 87' lang='lat' dir='ltr'><strong><em>clament</em></strong></span> <span class='ocrx_word' id='word_1_705' title='bbox 2936 2508 2989 2552; x_wconf 89' lang='lat' dir='ltr'><strong><em>et</em></strong></span> <span class='ocrx_word' id='word_1_706' title='bbox 3029 2496 3311 2552; x_wconf 87' lang='lat' dir='ltr'><strong><em>ostendant</em></strong></span> <span class='ocrx_word' id='word_1_707' title='bbox 3352 2498 3521 2551; x_wconf 83' lang='lat' dir='ltr'><strong><em>Domi-</em></strong></span> 
     </span>
    </p>
   </div>
   <div class='ocr_carea' id='block_1_88' title="bbox 1937 2585 3520 2659">
    <p class='ocr_par' dir='ltr' id='par_1_88' title="bbox 1937 2585 3520 2659">
     <span class='ocr_line' id='line_1_88' title="bbox 1937 2585 3520 2659; baseline 0.003 -19"><span class='ocrx_word' id='word_1_708' title='bbox 1937 2600 2085 2640; x_wconf 88' lang='lat' dir='ltr'><strong><em>num.</em></strong></span> <span class='ocrx_word' id='word_1_709' title='bbox 2114 2585 2304 2643; x_wconf 82' lang='lat' dir='ltr'><strong><em>Vidisti</em></strong></span> <span class='ocrx_word' id='word_1_710' title='bbox 2335 2588 2386 2641; x_wconf 94' lang='lat' dir='ltr'><strong><em>in</em></strong></span> <span class='ocrx_word' id='word_1_711' title='bbox 2412 2587 2642 2659; x_wconf 65' lang='lat' dir='ltr'><strong><em>Egypto</em></strong></span> <span class='ocrx_word' id='word_1_712' title='bbox 2670 2590 2936 2656; x_wconf 87' lang='lat' dir='ltr'><strong><em>tenebras,</em></strong></span> <span class='ocrx_word' id='word_1_713' title='bbox 2961 2599 3015 2644; x_wconf 91' lang='lat' dir='ltr'><strong><em>et</em></strong></span> <span class='ocrx_word' id='word_1_714' title='bbox 3036 2590 3382 2645; x_wconf 86' lang='lat' dir='ltr'><strong><em>mutationem</em></strong></span> <span class='ocrx_word' id='word_1_715' title='bbox 3415 2597 3520 2644; x_wconf 35' lang='lat' dir='ltr'><strong><em>eius</em></strong></span> 
     </span>
    </p>
   </div>
   <div class='ocr_carea' id='block_1_89' title="bbox 1937 2678 3521 2750">
    <p class='ocr_par' dir='ltr' id='par_1_89' title="bbox 1937 2678 3521 2750">
     <span class='ocr_line' id='line_1_89' title="bbox 1937 2678 3521 2750; baseline 0.004 -18"><span class='ocrx_word' id='word_1_716' title='bbox 1937 2679 2277 2733; x_wconf 84' lang='lat' dir='ltr'><strong><em>mentorum?</em></strong></span> <span class='ocrx_word' id='word_1_717' title='bbox 2314 2678 2369 2735; x_wconf 92' lang='lat' dir='ltr'><strong><em>Si</em></strong></span> <span class='ocrx_word' id='word_1_718' title='bbox 2395 2680 2485 2750; x_wconf 91' lang='lat' dir='ltr'><strong><em>qui</em></strong></span> <span class='ocrx_word' id='word_1_719' title='bbox 2522 2691 2699 2736; x_wconf 91' lang='lat' dir='ltr'><strong><em>autem</em></strong></span> <span class='ocrx_word' id='word_1_720' title='bbox 2744 2681 2924 2735; x_wconf 87' lang='lat' dir='ltr'><strong><em>dicant</em></strong></span> <span class='ocrx_word' id='word_1_721' title='bbox 2966 2680 3229 2736; x_wconf 85' lang='lat' dir='ltr'><strong><em>defectum</em></strong></span> <span class='ocrx_word' id='word_1_722' title='bbox 3280 2683 3521 2738; x_wconf 83' lang='lat' dir='ltr'><strong><em>evenisse</em></strong></span> 
     </span>
    </p>
   </div>
   <div class='ocr_carea' id='block_1_90' title="bbox 1938 2772 3522 2843">
    <p class='ocr_par' dir='ltr' id='par_1_90' title="bbox 1938 2772 3522 2843">
     <span class='ocr_line' id='line_1_90' title="bbox 1938 2772 3522 2843; baseline 0.001 -18"><span class='ocrx_word' id='word_1_723' title='bbox 1938 2772 2267 2835; x_wconf 85' lang='lat' dir='ltr'><strong><em>naturaliter,</em></strong></span> <span class='ocrx_word' id='word_1_724' title='bbox 2302 2788 2408 2828; x_wconf 91' lang='lat' dir='ltr'><strong><em>non</em></strong></span> <span class='ocrx_word' id='word_1_725' title='bbox 2450 2782 2626 2829; x_wconf 90' lang='lat' dir='ltr'><strong><em>autem</em></strong></span> <span class='ocrx_word' id='word_1_726' title='bbox 2674 2774 2769 2828; x_wconf 91' lang='lat' dir='ltr'><strong><em>Dei</em></strong></span> <span class='ocrx_word' id='word_1_727' title='bbox 2807 2774 2980 2843; x_wconf 88' lang='lat' dir='ltr'><strong><em>jussu,</em></strong></span> <span class='ocrx_word' id='word_1_728' title='bbox 3032 2773 3211 2828; x_wconf 87' lang='lat' dir='ltr'><strong><em>dicant</em></strong></span> <span class='ocrx_word' id='word_1_729' title='bbox 3254 2775 3522 2842; x_wconf 79' lang='lat' dir='ltr'><strong><em>quomodo</em></strong></span> 
     </span>
    </p>
   </div>
   <div class='ocr_carea' id='block_1_91' title="bbox 1939 2864 3522 2938">
    <p class='ocr_par' dir='ltr' id='par_1_91' title="bbox 1939 2864 3522 2938">
     <span class='ocr_line' id='line_1_91' title="bbox 1939 2864 3522 2938; baseline 0 -18"><span class='ocrx_word' id='word_1_730' title='bbox 1939 2864 2109 2921; x_wconf 81' lang='lat' dir='ltr'><strong><em>factus</em></strong></span> <span class='ocrx_word' id='word_1_731' title='bbox 2136 2866 2207 2921; x_wconf 91' lang='lat' dir='ltr'><strong><em>sit</em></strong></span> <span class='ocrx_word' id='word_1_732' title='bbox 2234 2882 2300 2922; x_wconf 91' lang='lat' dir='ltr'><strong><em>eo</em></strong></span> <span class='ocrx_word' id='word_1_733' title='bbox 2325 2875 2565 2937; x_wconf 88' lang='lat' dir='ltr'><strong><em>tempore</em></strong></span> <span class='ocrx_word' id='word_1_734' title='bbox 2594 2883 2700 2938; x_wconf 92' lang='lat' dir='ltr'><strong><em>quo</em></strong></span> <span class='ocrx_word' id='word_1_735' title='bbox 2727 2868 2872 2924; x_wconf 89' lang='lat' dir='ltr'><strong><em>cruci</em></strong></span> <span class='ocrx_word' id='word_1_736' title='bbox 2901 2876 2984 2921; x_wconf 81' lang='lat' dir='ltr'><strong><em>est</em></strong></span> <span class='ocrx_word' id='word_1_737' title='bbox 3010 2865 3218 2921; x_wconf 76' lang='lat' dir='ltr'><strong><em>afﬁxus.</em></strong></span> <span class='ocrx_word' id='word_1_738' title='bbox 3243 2866 3359 2922; x_wconf 83' lang='lat' dir='ltr'><strong><em>Non</em></strong></span> <span class='ocrx_word' id='word_1_739' title='bbox 3379 2866 3522 2921; x_wconf 82' lang='lat' dir='ltr'><strong><em>enim</em></strong></span> 
     </span>
    </p>
   </div>
   <div class='ocr_carea' id='block_1_92' title="bbox 1939 2956 3524 3028">
    <p class='ocr_par' dir='ltr' id='par_1_92' title="bbox 1939 2956 3524 3028">
     <span class='ocr_line' id='line_1_92' title="bbox 1939 2956 3524 3028; baseline -0.001 -17"><span class='ocrx_word' id='word_1_740' title='bbox 1939 2965 2180 3028; x_wconf 87' lang='lat' dir='ltr'><strong><em>tempore</em></strong></span> <span class='ocrx_word' id='word_1_741' title='bbox 2221 2967 2345 3014; x_wconf 90' lang='lat' dir='ltr'><strong><em>tunc</em></strong></span> <span class='ocrx_word' id='word_1_742' title='bbox 2389 2960 2716 3027; x_wconf 69' lang='lat' dir='ltr'><strong><em>praestituto,</em></strong></span> <span class='ocrx_word' id='word_1_743' title='bbox 2762 2958 2856 3013; x_wconf 88' lang='lat' dir='ltr'><strong><em>sed</em></strong></span> <span class='ocrx_word' id='word_1_744' title='bbox 2897 2957 3109 3028; x_wconf 89' lang='lat' dir='ltr'><strong><em>quando</em></strong></span> <span class='ocrx_word' id='word_1_745' title='bbox 3146 2956 3363 3012; x_wconf 80' lang='lat' dir='ltr'><strong><em>minime</em></strong></span> <span class='ocrx_word' id='word_1_746' title='bbox 3407 2968 3524 3011; x_wconf 86' lang='lat' dir='ltr'><strong><em>crat</em></strong></span> 
     </span>
    </p>
   </div>
   <div class='ocr_carea' id='block_1_93' title="bbox 1939 3051 3522 3117">
    <p class='ocr_par' dir='ltr' id='par_1_93' title="bbox 1939 3051 3522 3117">
     <span class='ocr_line' id='line_1_93' title="bbox 1939 3051 3522 3117; baseline -0.001 -11"><span class='ocrx_word' id='word_1_747' title='bbox 1939 3059 2376 3117; x_wconf 88' lang='lat' dir='ltr'><strong><em>consentaneum,</em></strong></span> <span class='ocrx_word' id='word_1_748' title='bbox 2416 3068 2515 3108; x_wconf 91' lang='lat' dir='ltr'><strong><em>nec</em></strong></span> <span class='ocrx_word' id='word_1_749' title='bbox 2537 3052 2718 3108; x_wconf 88' lang='lat' dir='ltr'><strong><em>cursui</em></strong></span> <span class='ocrx_word' id='word_1_750' title='bbox 2760 3051 2983 3105; x_wconf 87' lang='lat' dir='ltr'><strong><em>naturali</em></strong></span> <span class='ocrx_word' id='word_1_751' title='bbox 3024 3052 3365 3116; x_wconf 85' lang='lat' dir='ltr'><strong><em>conveniens,</em></strong></span> <span class='ocrx_word' id='word_1_752' title='bbox 3399 3060 3522 3104; x_wconf 90' lang='lat' dir='ltr'><strong><em>tunc</em></strong></span> 
     </span>
    </p>
   </div>
   <div class='ocr_carea' id='block_1_94' title="bbox 1939 3142 3521 3214">
    <p class='ocr_par' dir='ltr' id='par_1_94' title="bbox 1939 3142 3521 3214">
     <span class='ocr_line' id='line_1_94' title="bbox 1939 3142 3521 3214; baseline 0.001 -17"><span class='ocrx_word' id='word_1_753' title='bbox 1939 3142 2151 3208; x_wconf 89' lang='lat' dir='ltr'><strong><em>accidit,</em></strong></span> <span class='ocrx_word' id='word_1_754' title='bbox 2180 3158 2300 3198; x_wconf 90' lang='lat' dir='ltr'><strong><em>cum</em></strong></span> <span class='ocrx_word' id='word_1_755' title='bbox 2331 3153 2475 3199; x_wconf 87' lang='lat' dir='ltr'><strong><em>esset</em></strong></span> <span class='ocrx_word' id='word_1_756' title='bbox 2499 3145 2702 3199; x_wconf 88' lang='lat' dir='ltr'><strong><em>scilicet</em></strong></span> <span class='ocrx_word' id='word_1_757' title='bbox 2729 3143 3120 3214; x_wconf 88' lang='lat' dir='ltr'><strong><em>quartadecima</em></strong></span> <span class='ocrx_word' id='word_1_758' title='bbox 3150 3143 3296 3211; x_wconf 90' lang='lat' dir='ltr'><strong><em>luna,</em></strong></span> <span class='ocrx_word' id='word_1_759' title='bbox 3328 3154 3379 3197; x_wconf 87' lang='lat' dir='ltr'><strong><em>et</em></strong></span> <span class='ocrx_word' id='word_1_760' title='bbox 3408 3142 3521 3212; x_wconf 67' lang='grc' dir='ltr'><strong><em>μο-</em></strong></span> 
     </span>
    </p>
   </div>
   <div class='ocr_carea' id='block_1_95' title="bbox 1942 3220 3523 3308">
    <p class='ocr_par' dir='ltr' id='par_1_95' title="bbox 1942 3220 3523 3308">
     <span class='ocr_line' id='line_1_95' title="bbox 1942 3220 3523 3308; baseline 0.002 -18"><span class='ocrx_word' id='word_1_761' title='bbox 1942 3235 2198 3291; x_wconf 89' lang='lat' dir='ltr'><strong><em>nilunium</em></strong></span> <span class='ocrx_word' id='word_1_762' title='bbox 2230 3236 2441 3308; x_wconf 77' lang='lat' dir='ltr'><strong><em>(Matth.</em></strong></span> <span class='ocrx_word' id='word_1_763' title='bbox 2487 3238 2577 3291; x_wconf 84' lang='grc'><strong><em>57.</em></strong></span> <span class='ocrx_word' id='word_1_764' title='bbox 2782 3235 3027 3292; x_wconf 81' lang='lat' dir='ltr'><strong><em>Defectus</em></strong></span> <span class='ocrx_word' id='word_1_765' title='bbox 3073 3248 3249 3292; x_wconf 87' lang='lat' dir='ltr'><strong><em>autem</em></strong></span> <span class='ocrx_word' id='word_1_766' title='bbox 3297 3254 3400 3291; x_wconf 87' lang='lat' dir='ltr'><strong><em>non</em></strong></span> <span class='ocrx_word' id='word_1_767' title='bbox 3446 3240 3523 3293; x_wconf 76' lang='lat' dir='ltr'><strong><em>sic</em></strong></span> 
     </span>
    </p>
   </div>
   <div class='ocr_carea' id='block_1_96' title="bbox 1941 3327 3520 3399">
    <p class='ocr_par' dir='ltr' id='par_1_96' title="bbox 1941 3327 3520 3399">
     <span class='ocr_line' id='line_1_96' title="bbox 1941 3327 3520 3399; baseline 0 -17"><span class='ocrx_word' id='word_1_768' title='bbox 1941 3327 2093 3383; x_wconf 84' lang='lat' dir='ltr'><strong><em>ﬁunt.</em></strong></span> <span class='ocrx_word' id='word_1_769' title='bbox 2127 3328 2236 3383; x_wconf 84' lang='lat' dir='ltr'><strong><em>Illis</em></strong></span> <span class='ocrx_word' id='word_1_770' title='bbox 2273 3338 2449 3385; x_wconf 91' lang='lat' dir='ltr'><strong><em>autem</em></strong></span> <span class='ocrx_word' id='word_1_771' title='bbox 2489 3346 2595 3384; x_wconf 88' lang='lat' dir='ltr'><strong><em>non</em></strong></span> <span class='ocrx_word' id='word_1_772' title='bbox 2638 3330 2870 3399; x_wconf 84' lang='lat' dir='ltr'><strong><em>suppetit</em></strong></span> <span class='ocrx_word' id='word_1_773' title='bbox 2907 3330 3048 3383; x_wconf 86' lang='lat' dir='ltr'><strong><em>unde</em></strong></span> <span class='ocrx_word' id='word_1_774' title='bbox 3090 3329 3194 3386; x_wconf 86' lang='lat' dir='ltr'><strong><em>hoc</em></strong></span> <span class='ocrx_word' id='word_1_775' title='bbox 3238 3331 3520 3398; x_wconf 85' lang='lat' dir='ltr'><strong><em>explicent.</em></strong></span> 
     </span>
    </p>
   </div>
   <div class='ocr_carea' id='block_1_97' title="bbox 1942 3421 3524 3489">
    <p class='ocr_par' dir='ltr' id='par_1_97' title="bbox 1942 3421 3524 3489">
     <span class='ocr_line' id='line_1_97' title="bbox 1942 3421 3524 3489; baseline 0.003 -14"><span class='ocrx_word' id='word_1_776' title='bbox 1942 3422 2117 3489; x_wconf 84' lang='lat' dir='ltr'><strong><em>Quare</em></strong></span> <span class='ocrx_word' id='word_1_777' title='bbox 2143 3421 2481 3477; x_wconf 87' lang='lat' dir='ltr'><strong><em>manifestum</em></strong></span> <span class='ocrx_word' id='word_1_778' title='bbox 2510 3432 2594 3478; x_wconf 91' lang='lat' dir='ltr'><strong><em>est</em></strong></span> <span class='ocrx_word' id='word_1_779' title='bbox 2637 3424 2773 3477; x_wconf 90' lang='lat' dir='ltr'><strong><em>sicut</em></strong></span> <span class='ocrx_word' id='word_1_780' title='bbox 2806 3423 2929 3489; x_wconf 91' lang='lat' dir='ltr'><strong><em>alia,</em></strong></span> <span class='ocrx_word' id='word_1_781' title='bbox 2976 3423 3045 3477; x_wconf 90' lang='lat' dir='ltr'><strong><em>ita</em></strong></span> <span class='ocrx_word' id='word_1_782' title='bbox 3088 3426 3245 3478; x_wconf 84' lang='lat' dir='ltr'><strong><em>etiam</em></strong></span> <span class='ocrx_word' id='word_1_783' title='bbox 3288 3424 3524 3479; x_wconf 83' lang='lat' dir='ltr'><strong><em>defectus</em></strong></span> 
     </span>
    </p>
   </div>
   <div class='ocr_carea' id='block_1_98' title="bbox 1943 3514 3523 3585">
    <p class='ocr_par' dir='ltr' id='par_1_98' title="bbox 1943 3514 3523 3585">
     <span class='ocr_line' id='line_1_98' title="bbox 1943 3514 3523 3585; baseline 0 -16"><span class='ocrx_word' id='word_1_784' title='bbox 1943 3530 2128 3570; x_wconf 88' lang='lat' dir='ltr'><strong><em>omnes</em></strong></span> <span class='ocrx_word' id='word_1_785' title='bbox 2149 3518 2299 3584; x_wconf 85' lang='lat' dir='ltr'><strong><em>jussu</em></strong></span> <span class='ocrx_word' id='word_1_786' title='bbox 2340 3515 2563 3585; x_wconf 82' lang='lat' dir='ltr'><strong><em>Opiﬁcis</em></strong></span> <span class='ocrx_word' id='word_1_787' title='bbox 2607 3514 2745 3570; x_wconf 86' lang='lat' dir='ltr'><strong><em>ficri.</em></strong></span> <span class='ocrx_word' id='word_1_788' title='bbox 2797 3516 2850 3569; x_wconf 91' lang='lat'><strong><em>7.</em></strong></span> <span class='ocrx_word' id='word_1_789' title='bbox 2909 3514 3156 3569; x_wconf 83' lang='lat' dir='ltr'><strong><em>Vclociter</em></strong></span> <span class='ocrx_word' id='word_1_790' title='bbox 3192 3515 3380 3569; x_wconf 74' lang='lat' dir='ltr'><strong><em>errandi</em></strong></span> <span class='ocrx_word' id='word_1_791' title='bbox 3424 3532 3523 3582; x_wconf 86' lang='lat' dir='ltr'><strong><em>me,</em></strong></span> 
     </span>
    </p>
   </div>
   <div class='ocr_carea' id='block_1_99' title="bbox 1943 3606 3528 3678">
    <p class='ocr_par' dir='ltr' id='par_1_99' title="bbox 1943 3606 3528 3678">
     <span class='ocr_line' id='line_1_99' title="bbox 1943 3606 3528 3678; baseline 0.001 -18"><span class='ocrx_word' id='word_1_792' title='bbox 1943 3606 2197 3672; x_wconf 88' lang='lat' dir='ltr'><strong><em>Domine;</em></strong></span> <span class='ocrx_word' id='word_1_793' title='bbox 2225 3608 2408 3676; x_wconf 64' lang='lat' dir='ltr'><strong><em>deiecit</em></strong></span> <span class='ocrx_word' id='word_1_794' title='bbox 2434 3608 2645 3677; x_wconf 83' lang='lat' dir='ltr'><strong><em>spiritus</em></strong></span> <span class='ocrx_word' id='word_1_795' title='bbox 2673 3624 2834 3660; x_wconf 88' lang='lat' dir='ltr'><strong><em>meus.</em></strong></span> <span class='ocrx_word' id='word_1_796' title='bbox 2859 3608 2995 3675; x_wconf 86' lang='lat' dir='ltr'><strong><em>Quid</em></strong></span> <span class='ocrx_word' id='word_1_797' title='bbox 3025 3608 3200 3662; x_wconf 86' lang='lat' dir='ltr'><strong><em>dicis?</em></strong></span> <span class='ocrx_word' id='word_1_798' title='bbox 3229 3624 3382 3678; x_wconf 79' lang='lat' dir='ltr'><strong><em>urges</em></strong></span> <span class='ocrx_word' id='word_1_799' title='bbox 3412 3624 3528 3663; x_wconf 82' lang='lat' dir='ltr'><strong><em>me-</em></strong></span> 
     </span>
    </p>
   </div>
   <div class='ocr_carea' id='block_1_100' title="bbox 1942 3700 3528 3771">
    <p class='ocr_par' dir='ltr' id='par_1_100' title="bbox 1942 3700 3528 3771">
     <span class='ocr_line' id='line_1_100' title="bbox 1942 3700 3528 3771; baseline 0.003 -17"><span class='ocrx_word' id='word_1_800' title='bbox 1942 3700 2118 3755; x_wconf 91' lang='lat' dir='ltr'><strong><em>dicum</em></strong></span> <span class='ocrx_word' id='word_1_801' title='bbox 2148 3701 2214 3755; x_wconf 89' lang='lat' dir='ltr'><strong><em>ad</em></strong></span> <span class='ocrx_word' id='word_1_802' title='bbox 2243 3702 2604 3755; x_wconf 84' lang='lat' dir='ltr'><strong><em>curationem?</em></strong></span> <span class='ocrx_word' id='word_1_803' title='bbox 2647 3700 2988 3771; x_wconf 85' lang='lat' dir='ltr'><strong><em>Nequaquam</em></strong></span> <span class='ocrx_word' id='word_1_804' title='bbox 3024 3722 3037 3755; x_wconf 93' lang='lat'><strong>:</strong></span> <span class='ocrx_word' id='word_1_805' title='bbox 3068 3701 3159 3755; x_wconf 90' lang='lat' dir='ltr'><strong><em>sed</em></strong></span> <span class='ocrx_word' id='word_1_806' title='bbox 3205 3701 3291 3755; x_wconf 92' lang='lat' dir='ltr'><strong><em>hic</em></strong></span> <span class='ocrx_word' id='word_1_807' title='bbox 3319 3718 3528 3771; x_wconf 79' lang='lat' dir='ltr'><strong><em>quoque</em></strong></span> 
     </span>
    </p>
   </div>
   <div class='ocr_carea' id='block_1_101' title="bbox 1944 3792 3527 3862">
    <p class='ocr_par' dir='ltr' id='par_1_101' title="bbox 1944 3792 3527 3862">
     <span class='ocr_line' id='line_1_101' title="bbox 1944 3792 3527 3862; baseline 0.001 -17"><span class='ocrx_word' id='word_1_808' title='bbox 1944 3807 2060 3845; x_wconf 89' lang='lat' dir='ltr'><strong><em>mos</em></strong></span> <span class='ocrx_word' id='word_1_809' title='bbox 2085 3801 2140 3847; x_wconf 88' lang='lat' dir='ltr'><strong><em>et</em></strong></span> <span class='ocrx_word' id='word_1_810' title='bbox 2166 3793 2460 3846; x_wconf 89' lang='lat' dir='ltr'><strong><em>animarum</em></strong></span> <span class='ocrx_word' id='word_1_811' title='bbox 2488 3808 2607 3862; x_wconf 75' lang='lat' dir='ltr'><strong><em>quae</em></strong></span> <span class='ocrx_word' id='word_1_812' title='bbox 2635 3792 2957 3862; x_wconf 76' lang='lat' dir='ltr'><strong><em>affliguntur,</em></strong></span> <span class='ocrx_word' id='word_1_813' title='bbox 2988 3793 3433 3861; x_wconf 86' lang='lat' dir='ltr'><strong><em>quemadmodum</em></strong></span> <span class='ocrx_word' id='word_1_814' title='bbox 3473 3806 3527 3847; x_wconf 84' lang='lat' dir='ltr'><strong><em>et</em></strong></span> 
     </span>
    </p>
   </div>
   <div class='ocr_carea' id='block_1_102' title="bbox 1946 3883 3528 3951">
    <p class='ocr_par' dir='ltr' id='par_1_102' title="bbox 1946 3883 3528 3951">
     <span class='ocr_line' id='line_1_102' title="bbox 1946 3883 3528 3951; baseline 0.002 -15"><span class='ocrx_word' id='word_1_815' title='bbox 1946 3883 2218 3937; x_wconf 88' lang='lat' dir='ltr'><strong><em>hominum</em></strong></span> <span class='ocrx_word' id='word_1_816' title='bbox 2265 3885 2637 3949; x_wconf 89' lang='lat' dir='ltr'><strong><em>laborantium,</em></strong></span> <span class='ocrx_word' id='word_1_817' title='bbox 2687 3898 2963 3939; x_wconf 87' lang='lat' dir='ltr'><strong><em>accersere</em></strong></span> <span class='ocrx_word' id='word_1_818' title='bbox 3013 3884 3279 3951; x_wconf 89' lang='lat' dir='ltr'><strong><em>medicos,</em></strong></span> <span class='ocrx_word' id='word_1_819' title='bbox 3321 3885 3528 3940; x_wconf 86' lang='lat' dir='ltr'><strong><em>etiamsi</em></strong></span> 
     </span>
    </p>
   </div>
   <div class='ocr_carea' id='block_1_103' title="bbox 1945 3975 3529 4046">
    <p class='ocr_par' dir='ltr' id='par_1_103' title="bbox 1945 3975 3529 4046">
     <span class='ocr_line' id='line_1_103' title="bbox 1945 3975 3529 4046; baseline 0 -17"><span class='ocrx_word' id='word_1_820' title='bbox 1945 3985 2155 4045; x_wconf 83' lang='lat' dir='ltr'><strong><em>tempus</em></strong></span> <span class='ocrx_word' id='word_1_821' title='bbox 2184 3991 2288 4030; x_wconf 88' lang='lat' dir='ltr'><strong><em>non</em></strong></span> <span class='ocrx_word' id='word_1_822' title='bbox 2317 3977 2566 4046; x_wconf 84' lang='lat' dir='ltr'><strong><em>posmlct,</em></strong></span> <span class='ocrx_word' id='word_1_823' title='bbox 2596 3988 2647 4031; x_wconf 90' lang='lat' dir='ltr'><strong><em>et</em></strong></span> <span class='ocrx_word' id='word_1_824' title='bbox 2678 3975 3045 4031; x_wconf 88' lang='lat' dir='ltr'><strong><em>liberationem</em></strong></span> <span class='ocrx_word' id='word_1_825' title='bbox 3076 3975 3324 4029; x_wconf 89' lang='lat' dir='ltr'><strong><em>celeriter</em></strong></span> <span class='ocrx_word' id='word_1_826' title='bbox 3351 3977 3529 4045; x_wconf 82' lang='lat' dir='ltr'><strong><em>provi-</em></strong></span> 
     </span>
    </p>
   </div>
   <div class='ocr_carea' id='block_1_104' title="bbox 1945 4065 3531 4138">
    <p class='ocr_par' dir='ltr' id='par_1_104' title="bbox 1945 4065 3531 4138">
     <span class='ocr_line' id='line_1_104' title="bbox 1945 4065 3531 4138; baseline -0.003 -14"><span class='ocrx_word' id='word_1_827' title='bbox 1945 4068 2091 4124; x_wconf 86' lang='lat' dir='ltr'><strong><em>dere.</em></strong></span> <span class='ocrx_word' id='word_1_828' title='bbox 2120 4067 2377 4135; x_wconf 87' lang='lat' dir='ltr'><strong><em>Quocirca</em></strong></span> <span class='ocrx_word' id='word_1_829' title='bbox 2406 4070 2517 4137; x_wconf 88' lang='lat' dir='ltr'><strong><em>ipse</em></strong></span> <span class='ocrx_word' id='word_1_830' title='bbox 2546 4083 2757 4138; x_wconf 90' lang='lat' dir='ltr'><strong><em>quoque</em></strong></span> <span class='ocrx_word' id='word_1_831' title='bbox 2784 4067 3038 4136; x_wconf 86' lang='lat' dir='ltr'><strong><em>adjicieus</em></strong></span> <span class='ocrx_word' id='word_1_832' title='bbox 3056 4108 3069 4130; x_wconf 91' lang='lat'><strong><em>,</em></strong></span> <span class='ocrx_word' id='word_1_833' title='bbox 3100 4066 3303 4121; x_wconf 82' lang='lat' dir='ltr'><strong><em>diccbat</em></strong></span> <span class='ocrx_word' id='word_1_834' title='bbox 3327 4108 3341 4132; x_wconf 89' lang='lat'><strong><em>,</em></strong></span> <span class='ocrx_word' id='word_1_835' title='bbox 3372 4065 3531 4137; x_wconf 77' lang='lat' dir='ltr'><strong><em>Defe-</em></strong></span> 
     </span>
    </p>
   </div>
   <div class='ocr_carea' id='block_1_105' title="bbox 1946 4158 3534 4233">
    <p class='ocr_par' dir='ltr' id='par_1_105' title="bbox 1946 4158 3534 4233">
     <span class='ocr_line' id='line_1_105' title="bbox 1946 4158 3534 4233; baseline -0.004 -16"><span class='ocrx_word' id='word_1_836' title='bbox 1946 4166 2012 4218; x_wconf 87' lang='lat' dir='ltr'><strong><em>cit</em></strong></span> <span class='ocrx_word' id='word_1_837' title='bbox 2041 4164 2248 4233; x_wconf 87' lang='lat' dir='ltr'><strong><em>spiritus</em></strong></span> <span class='ocrx_word' id='word_1_838' title='bbox 2288 4179 2443 4215; x_wconf 88' lang='lat' dir='ltr'><strong><em>meus.</em></strong></span> <span class='ocrx_word' id='word_1_839' title='bbox 2499 4161 2655 4231; x_wconf 83' lang='lat' dir='ltr'><strong><em>Atqui</em></strong></span> <span class='ocrx_word' id='word_1_840' title='bbox 2706 4161 2846 4214; x_wconf 90' lang='lat' dir='ltr'><strong><em>Deus</em></strong></span> <span class='ocrx_word' id='word_1_841' title='bbox 2887 4159 2977 4228; x_wconf 91' lang='lat' dir='ltr'><strong><em>qui</em></strong></span> <span class='ocrx_word' id='word_1_842' title='bbox 3024 4166 3199 4227; x_wconf 87' lang='lat' dir='ltr'><strong><em>potest</em></strong></span> <span class='ocrx_word' id='word_1_843' title='bbox 3237 4158 3468 4212; x_wconf 79' lang='lat' dir='ltr'><strong><em>excitare</em></strong></span> <span class='ocrx_word' id='word_1_844' title='bbox 3502 4173 3534 4211; x_wconf 91' lang='lat' dir='ltr'><strong><em>a</em></strong></span> 
     </span>
    </p>
   </div>
   <div class='ocr_carea' id='block_1_106' title="bbox 1947 4250 3532 4323">
    <p class='ocr_par' dir='ltr' id='par_1_106' title="bbox 1947 4250 3532 4323">
     <span class='ocr_line' id='line_1_106' title="bbox 1947 4250 3532 4323; baseline -0.005 -12"><span class='ocrx_word' id='word_1_845' title='bbox 1947 4256 2190 4320; x_wconf 90' lang='lat' dir='ltr'><strong><em>mortuis,</em></strong></span> <span class='ocrx_word' id='word_1_846' title='bbox 2226 4255 2396 4308; x_wconf 92' lang='lat' dir='ltr'><strong><em>multo</em></strong></span> <span class='ocrx_word' id='word_1_847' title='bbox 2420 4254 2588 4323; x_wconf 82' lang='lat' dir='ltr'><strong><em>magis</em></strong></span> <span class='ocrx_word' id='word_1_848' title='bbox 2613 4264 2737 4307; x_wconf 90' lang='lat' dir='ltr'><strong><em>ante</em></strong></span> <span class='ocrx_word' id='word_1_849' title='bbox 2767 4260 3016 4305; x_wconf 87' lang='lat' dir='ltr'><strong><em>mortem.</em></strong></span> <span class='ocrx_word' id='word_1_850' title='bbox 3046 4250 3150 4306; x_wconf 89' lang='lat' dir='ltr'><strong><em>Sed</em></strong></span> <span class='ocrx_word' id='word_1_851' title='bbox 3179 4250 3532 4320; x_wconf 86' lang='lat' dir='ltr'><strong><em>quemadmo-</em></strong></span> 
     </span>
    </p>
   </div>
   <div class='ocr_carea' id='block_1_107' title="bbox 1947 4340 3532 4413">
    <p class='ocr_par' dir='ltr' id='par_1_107' title="bbox 1947 4340 3532 4413">
     <span class='ocr_line' id='line_1_107' title="bbox 1947 4340 3532 4413; baseline -0.004 -11"><span class='ocrx_word' id='word_1_852' title='bbox 1947 4349 2072 4403; x_wconf 94' lang='lat' dir='ltr'><strong><em>dum</em></strong></span> <span class='ocrx_word' id='word_1_853' title='bbox 2119 4347 2249 4412; x_wconf 76' lang='lat' dir='ltr'><strong><em>dixi,</em></strong></span> <span class='ocrx_word' id='word_1_854' title='bbox 2300 4346 2423 4400; x_wconf 88' lang='lat' dir='ltr'><strong><em>hinc</em></strong></span> <span class='ocrx_word' id='word_1_855' title='bbox 2467 4342 2882 4413; x_wconf 81' lang='lat' dir='ltr'><strong><em>deprehenditur</em></strong></span> <span class='ocrx_word' id='word_1_856' title='bbox 2926 4352 3132 4396; x_wconf 82' lang='lat' dir='ltr'><strong><em>naturae</em></strong></span> <span class='ocrx_word' id='word_1_857' title='bbox 3173 4340 3532 4396; x_wconf 84' lang='lat' dir='ltr'><strong><em>imbecillitas.</em></strong></span> 
     </span>
    </p>
   </div>
   <div class='ocr_carea' id='block_1_108' title="bbox 1950 4433 3536 4503">
    <p class='ocr_par' dir='ltr' id='par_1_108' title="bbox 1950 4433 3536 4503">
     <span class='ocr_line' id='line_1_108' title="bbox 1950 4433 3536 4503; baseline -0.006 -5"><span class='ocrx_word' id='word_1_858' title='bbox 1950 4442 2163 4498; x_wconf 88' lang='lat' dir='ltr'><strong><em>Sciebat</em></strong></span> <span class='ocrx_word' id='word_1_859' title='bbox 2191 4442 2332 4493; x_wconf 88' lang='lat' dir='ltr'><strong><em>enim</em></strong></span> <span class='ocrx_word' id='word_1_860' title='bbox 2361 4439 2536 4493; x_wconf 91' lang='lat' dir='ltr'><strong><em>omnia</em></strong></span> <span class='ocrx_word' id='word_1_861' title='bbox 2567 4439 2616 4493; x_wconf 91' lang='lat' dir='ltr'><strong><em>ei</em></strong></span> <span class='ocrx_word' id='word_1_862' title='bbox 2645 4452 2764 4492; x_wconf 89' lang='lat' dir='ltr'><strong><em>esse</em></strong></span> <span class='ocrx_word' id='word_1_863' title='bbox 2793 4435 2985 4500; x_wconf 88' lang='lat' dir='ltr'><strong><em>facilia,</em></strong></span> <span class='ocrx_word' id='word_1_864' title='bbox 3015 4434 3107 4489; x_wconf 90' lang='lat' dir='ltr'><strong><em>sed</em></strong></span> <span class='ocrx_word' id='word_1_865' title='bbox 3137 4433 3275 4489; x_wconf 85' lang='lat' dir='ltr'><strong><em>ferre</em></strong></span> <span class='ocrx_word' id='word_1_866' title='bbox 3305 4449 3409 4487; x_wconf 93' lang='lat' dir='ltr'><strong><em>non</em></strong></span> <span class='ocrx_word' id='word_1_867' title='bbox 3440 4449 3536 4503; x_wconf 78' lang='lat' dir='ltr'><strong><em>po-</em></strong></span> 
     </span>
    </p>
   </div>
   <div class='ocr_carea' id='block_1_109' title="bbox 1951 4526 3539 4602">
    <p class='ocr_par' dir='ltr' id='par_1_109' title="bbox 1951 4526 3539 4602">
     <span class='ocr_line' id='line_1_109' title="bbox 1951 4526 3539 4602; baseline -0.006 -13"><span class='ocrx_word' id='word_1_868' title='bbox 1951 4543 2054 4589; x_wconf 89' lang='lat' dir='ltr'><strong><em>test</em></strong></span> <span class='ocrx_word' id='word_1_869' title='bbox 2090 4534 2230 4588; x_wconf 87' lang='lat' dir='ltr'><strong><em>mala</em></strong></span> <span class='ocrx_word' id='word_1_870' title='bbox 2258 4548 2377 4602; x_wconf 72' lang='lat' dir='ltr'><strong><em>quae</em></strong></span> <span class='ocrx_word' id='word_1_871' title='bbox 2418 4531 2737 4585; x_wconf 82' lang='lat' dir='ltr'><strong><em>inferuntur.</em></strong></span> <span class='ocrx_word' id='word_1_872' title='bbox 2770 4527 2854 4582; x_wconf 90' lang='lat' dir='ltr'><strong><em>Ne</em></strong></span> <span class='ocrx_word' id='word_1_873' title='bbox 2891 4537 3086 4581; x_wconf 89' lang='lat' dir='ltr'><strong><em>avertas</em></strong></span> <span class='ocrx_word' id='word_1_874' title='bbox 3114 4526 3295 4595; x_wconf 70' lang='lat' dir='ltr'><strong><em>[aciem</em></strong></span> <span class='ocrx_word' id='word_1_875' title='bbox 3330 4536 3466 4578; x_wconf 89' lang='lat' dir='ltr'><strong><em>tuam</em></strong></span> <span class='ocrx_word' id='word_1_876' title='bbox 3505 4543 3539 4579; x_wconf 90' lang='lat' dir='ltr'><strong><em>a</em></strong></span> 
     </span>
    </p>
   </div>
   <div class='ocr_carea' id='block_1_110' title="bbox 1953 4606 3541 4691">
    <p class='ocr_par' dir='ltr' id='par_1_110' title="bbox 1953 4606 3541 4691">
     <span class='ocr_line' id='line_1_110' title="bbox 1953 4606 3541 4691; baseline -0.005 -12"><span class='ocrx_word' id='word_1_877' title='bbox 1953 4643 2050 4691; x_wconf 90' lang='lat' dir='ltr'><strong><em>me,</em></strong></span> <span class='ocrx_word' id='word_1_878' title='bbox 2082 4636 2128 4679; x_wconf 92' lang='lat' dir='ltr'><strong><em>et</em></strong></span> <span class='ocrx_word' id='word_1_879' title='bbox 2158 4624 2337 4679; x_wconf 89' lang='lat' dir='ltr'><strong><em>similis</em></strong></span> <span class='ocrx_word' id='word_1_880' title='bbox 2376 4639 2460 4677; x_wconf 91' lang='lat' dir='ltr'><strong><em>ero</em></strong></span> <span class='ocrx_word' id='word_1_881' title='bbox 2486 4606 2894 4675; x_wconf 84' lang='lat' dir='ltr'><strong><em>descendentibus</em></strong></span> <span class='ocrx_word' id='word_1_882' title='bbox 2921 4620 2975 4671; x_wconf 89' lang='lat' dir='ltr'><strong><em>in</em></strong></span> <span class='ocrx_word' id='word_1_883' title='bbox 3003 4618 3189 4671; x_wconf 87' lang='lat' dir='ltr'><strong><em>lacum.</em></strong></span> <span class='ocrx_word' id='word_1_884' title='bbox 3236 4616 3409 4682; x_wconf 74' lang='lat' dir='ltr'><strong><em>Alius,</em></strong></span> <span class='ocrx_word' id='word_1_885' title='bbox 3457 4616 3541 4671; x_wconf 83' lang='lat' dir='ltr'><strong><em>Ne</em></strong></span> 
     </span>
    </p>
   </div>
   <div class='ocr_carea' id='block_1_111' title="bbox 1951 4710 3543 4787">
    <p class='ocr_par' dir='ltr' id='par_1_111' title="bbox 1951 4710 3543 4787">
     <span class='ocr_line' id='line_1_111' title="bbox 1951 4710 3543 4787; baseline -0.006 -14"><span class='ocrx_word' id='word_1_886' title='bbox 1951 4718 2270 4775; x_wconf 89' lang='lat' dir='ltr'><strong><em>absconderis</em></strong></span> <span class='ocrx_word' id='word_1_887' title='bbox 2318 4716 2499 4787; x_wconf 76' lang='lat' dir='ltr'><strong><em>faciem</em></strong></span> <span class='ocrx_word' id='word_1_888' title='bbox 2541 4724 2679 4769; x_wconf 89' lang='lat' dir='ltr'><strong><em>tuam</em></strong></span> <span class='ocrx_word' id='word_1_889' title='bbox 2720 4731 2753 4766; x_wconf 91' lang='lat' dir='ltr'><strong><em>a</em></strong></span> <span class='ocrx_word' id='word_1_890' title='bbox 2794 4729 2873 4766; x_wconf 90' lang='lat' dir='ltr'><strong><em>me</em></strong></span> <span class='ocrx_word' id='word_1_891' title='bbox 2914 4711 3013 4783; x_wconf 91' lang='lat' dir='ltr'><strong><em>(a).</em></strong></span> <span class='ocrx_word' id='word_1_892' title='bbox 3056 4711 3123 4765; x_wconf 86' lang='lat' dir='ltr'><strong><em>Et</em></strong></span> <span class='ocrx_word' id='word_1_893' title='bbox 3164 4710 3428 4764; x_wconf 86' lang='lat' dir='ltr'><strong><em>undenam</em></strong></span> <span class='ocrx_word' id='word_1_894' title='bbox 3474 4712 3543 4765; x_wconf 85' lang='lat' dir='ltr'><strong><em>sit</em></strong></span> 
     </span>
    </p>
   </div>
   <div class='ocr_carea' id='block_1_112' title="bbox 1953 4807 3542 4883">
    <p class='ocr_par' dir='ltr' id='par_1_112' title="bbox 1953 4807 3542 4883">
     <span class='ocr_line' id='line_1_112' title="bbox 1953 4807 3542 4883; baseline -0.007 -14"><span class='ocrx_word' id='word_1_895' title='bbox 1953 4813 2197 4871; x_wconf 88' lang='lat' dir='ltr'><strong><em>aversio?</em></strong></span> <span class='ocrx_word' id='word_1_896' title='bbox 2239 4812 2360 4883; x_wconf 88' lang='lat' dir='ltr'><strong><em>Ipse</em></strong></span> <span class='ocrx_word' id='word_1_897' title='bbox 2389 4812 2529 4866; x_wconf 91' lang='lat' dir='ltr'><strong><em>Deus</em></strong></span> <span class='ocrx_word' id='word_1_898' title='bbox 2575 4810 2703 4864; x_wconf 91' lang='lat' dir='ltr'><strong><em>dicit</em></strong></span> <span class='ocrx_word' id='word_1_899' title='bbox 2747 4825 2842 4877; x_wconf 90' lang='lat' dir='ltr'><strong><em>per</em></strong></span> <span class='ocrx_word' id='word_1_900' title='bbox 2883 4808 3092 4873; x_wconf 87' lang='lat' dir='ltr'><strong><em>Isaiam,</em></strong></span> <span class='ocrx_word' id='word_1_901' title='bbox 3132 4807 3315 4860; x_wconf 83' lang='lat' dir='ltr'><strong><em>Annon</em></strong></span> <span class='ocrx_word' id='word_1_902' title='bbox 3362 4817 3542 4860; x_wconf 83' lang='lat' dir='ltr'><strong><em>uotens</em></strong></span> 
     </span>
    </p>
   </div>
   <div class='ocr_carea' id='block_1_113' title="bbox 1954 4901 3546 4974">
    <p class='ocr_par' dir='ltr' id='par_1_113' title="bbox 1954 4901 3546 4974">
     <span class='ocr_line' id='line_1_113' title="bbox 1954 4901 3546 4974; baseline -0.006 -12"><span class='ocrx_word' id='word_1_903' title='bbox 1954 4917 2026 4962; x_wconf 91' lang='lat' dir='ltr'><strong><em>est</em></strong></span> <span class='ocrx_word' id='word_1_904' title='bbox 2062 4922 2242 4961; x_wconf 88' lang='lat' dir='ltr'><strong><em>manus</em></strong></span> <span class='ocrx_word' id='word_1_905' title='bbox 2283 4905 2442 4959; x_wconf 85' lang='lat' dir='ltr'><strong><em>mea?</em></strong></span> <span class='ocrx_word' id='word_1_906' title='bbox 2486 4903 2590 4959; x_wconf 86' lang='lat' dir='ltr'><strong><em>Sed</em></strong></span> <span class='ocrx_word' id='word_1_907' title='bbox 2626 4912 2827 4974; x_wconf 88' lang='lat' dir='ltr'><strong><em>peccata</em></strong></span> <span class='ocrx_word' id='word_1_908' title='bbox 2864 4912 3025 4956; x_wconf 73' lang='lat' dir='ltr'><strong><em>vestra</em></strong></span> <span class='ocrx_word' id='word_1_909' title='bbox 3053 4901 3282 4953; x_wconf 88' lang='lat' dir='ltr'><strong><em>dividunt</em></strong></span> <span class='ocrx_word' id='word_1_910' title='bbox 3307 4901 3439 4954; x_wconf 89' lang='lat' dir='ltr'><strong><em>inter</em></strong></span> <span class='ocrx_word' id='word_1_911' title='bbox 3469 4917 3546 4953; x_wconf 86' lang='lat' dir='ltr'><strong><em>me</em></strong></span> 
     </span>
    </p>
   </div>
   <div class='ocr_carea' id='block_1_114' title="bbox 1955 4992 3543 5072">
    <p class='ocr_par' dir='ltr' id='par_1_114' title="bbox 1955 4992 3543 5072">
     <span class='ocr_line' id='line_1_114' title="bbox 1955 4992 3543 5072; baseline -0.008 -14"><span class='ocrx_word' id='word_1_912' title='bbox 1955 5013 2003 5059; x_wconf 87' lang='lat' dir='ltr'><strong><em>et</em></strong></span> <span class='ocrx_word' id='word_1_913' title='bbox 2052 5019 2135 5056; x_wconf 84' lang='lat' dir='ltr'><strong><em>vos</em></strong></span> <span class='ocrx_word' id='word_1_914' title='bbox 2186 5001 2362 5072; x_wconf 84' lang='lat' dir='ltr'><strong><em>(Isai.</em></strong></span> <span class='ocrx_word' id='word_1_915' title='bbox 2406 4996 2497 5054; x_wconf 84' lang='lat'><strong><em>59.</em></strong></span> <span class='ocrx_word' id='word_1_916' title='bbox 2536 5000 2590 5054; x_wconf 92' lang='grc'><strong><em>1.</em></strong></span> <span class='ocrx_word' id='word_1_917' title='bbox 2619 4998 2741 5067; x_wconf 76' lang='lat'><strong><em>2)?</em></strong></span> <span class='ocrx_word' id='word_1_918' title='bbox 2792 4995 3014 5063; x_wconf 89' lang='lat' dir='ltr'><strong><em>Quando</em></strong></span> <span class='ocrx_word' id='word_1_919' title='bbox 3068 5009 3196 5064; x_wconf 82' lang='lat' dir='ltr'><strong><em>ergo</em></strong></span> <span class='ocrx_word' id='word_1_920' title='bbox 3239 4994 3363 5048; x_wconf 89' lang='lat' dir='ltr'><strong><em>mali</em></strong></span> <span class='ocrx_word' id='word_1_921' title='bbox 3417 4992 3543 5063; x_wconf 87' lang='lat' dir='ltr'><strong><em>quid</em></strong></span> 
     </span>
    </p>
   </div>
   <div class='ocr_carea' id='block_1_115' title="bbox 1955 5084 3545 5159">
    <p class='ocr_par' dir='ltr' id='par_1_115' title="bbox 1955 5084 3545 5159">
     <span class='ocr_line' id='line_1_115' title="bbox 1955 5084 3545 5159; baseline -0.01 -7"><span class='ocrx_word' id='word_1_922' title='bbox 1955 5097 2272 5159; x_wconf 82' lang='lat' dir='ltr'><strong><em>fecerimus,</em></strong></span> <span class='ocrx_word' id='word_1_923' title='bbox 2313 5092 2569 5147; x_wconf 89' lang='lat' dir='ltr'><strong><em>avertitur</em></strong></span> <span class='ocrx_word' id='word_1_924' title='bbox 2614 5107 2627 5144; x_wconf 91' lang='lat'><strong>:</strong></span> <span class='ocrx_word' id='word_1_925' title='bbox 2673 5088 2901 5143; x_wconf 86' lang='lat' dir='ltr'><strong><em>Mundus</em></strong></span> <span class='ocrx_word' id='word_1_926' title='bbox 2968 5095 3039 5141; x_wconf 86' lang='lat' dir='ltr'><strong><em>est</em></strong></span> <span class='ocrx_word' id='word_1_927' title='bbox 3101 5086 3279 5150; x_wconf 88' lang='lat' dir='ltr'><strong><em>enim,</em></strong></span> <span class='ocrx_word' id='word_1_928' title='bbox 3333 5084 3545 5153; x_wconf 87' lang='lat' dir='ltr'><strong><em>inquit,</em></strong></span> 
     </span>
    </p>
   </div>
   <div class='ocr_carea' id='block_1_116' title="bbox 1958 5178 3548 5248">
    <p class='ocr_par' dir='ltr' id='par_1_116' title="bbox 1958 5178 3548 5248">
     <span class='ocr_line' id='line_1_116' title="bbox 1958 5178 3548 5248; baseline -0.011 -4"><span class='ocrx_word' id='word_1_929' title='bbox 1958 5190 2137 5244; x_wconf 88' lang='lat' dir='ltr'><strong><em>oculus</em></strong></span> <span class='ocrx_word' id='word_1_930' title='bbox 2181 5199 2329 5248; x_wconf 86' lang='lat' dir='ltr'><strong><em>tuus,</em></strong></span> <span class='ocrx_word' id='word_1_931' title='bbox 2364 5195 2418 5239; x_wconf 88' lang='lat' dir='ltr'><strong><em>ut</em></strong></span> <span class='ocrx_word' id='word_1_932' title='bbox 2456 5201 2554 5237; x_wconf 88' lang='lat' dir='ltr'><strong><em>non</em></strong></span> <span class='ocrx_word' id='word_1_933' title='bbox 2593 5182 2957 5239; x_wconf 76' lang='lat' dir='ltr'><strong><em>videntum/r1;</em></strong></span> <span class='ocrx_word' id='word_1_934' title='bbox 3007 5189 3050 5231; x_wconf 90' lang='lat' dir='ltr'><strong><em>et</em></strong></span> <span class='ocrx_word' id='word_1_935' title='bbox 3094 5178 3342 5245; x_wconf 86' lang='lat' dir='ltr'><strong><em>respicere</em></strong></span> <span class='ocrx_word' id='word_1_936' title='bbox 3394 5190 3548 5241; x_wconf 87' lang='lat' dir='ltr'><strong><em>super</em></strong></span> 
     </span>
    </p>
   </div>
   <div class='ocr_carea' id='block_1_117' title="bbox 1960 5269 3595 5353">
    <p class='ocr_par' dir='ltr' id='par_1_117' title="bbox 1960 5269 3595 5353">
     <span class='ocr_line' id='line_1_117' title="bbox 1960 5269 3595 5353; baseline -0.014 -13"><span class='ocrx_word' id='word_1_937' title='bbox 1960 5285 2153 5340; x_wconf 87' lang='lat' dir='ltr'><strong><em>labores</em></strong></span> <span class='ocrx_word' id='word_1_938' title='bbox 2178 5298 2280 5337; x_wconf 90' lang='lat' dir='ltr'><strong><em>non</em></strong></span> <span class='ocrx_word' id='word_1_939' title='bbox 2329 5279 2516 5353; x_wconf 90' lang='lat' dir='ltr'><strong><em>poteris</em></strong></span> <span class='ocrx_word' id='word_1_940' title='bbox 2541 5275 2562 5350; x_wconf 93' lang='lat'><strong>(</strong></span> <span class='ocrx_word' id='word_1_941' title='bbox 2590 5275 2788 5331; x_wconf 85' lang='lat' dir='ltr'><strong><em>Habac.</em></strong></span> <span class='ocrx_word' id='word_1_942' title='bbox 2821 5275 2871 5328; x_wconf 92' lang='grc'><strong><em>1.</em></strong></span> <span class='ocrx_word' id='word_1_943' title='bbox 2902 5273 2969 5327; x_wconf 84' lang='grc'><strong><em>15</em></strong></span> <span class='ocrx_word' id='word_1_944' title='bbox 2996 5270 3035 5342; x_wconf 95' lang='grc'><strong><em>).</em></strong></span> <span class='ocrx_word' id='word_1_945' title='bbox 3076 5269 3143 5324; x_wconf 87' lang='lat' dir='ltr'><strong><em>Et</em></strong></span> <span class='ocrx_word' id='word_1_946' title='bbox 3190 5269 3308 5323; x_wconf 90' lang='lat' dir='ltr'><strong><em>ideo</em></strong></span> <span class='ocrx_word' id='word_1_947' title='bbox 3334 5282 3549 5321; x_wconf 81' lang='lat' dir='ltr'><strong><em>avcrsa-</em></strong></span> <span class='ocrx_word' id='word_1_948' title='bbox 3588 5270 3595 5275; x_wconf 84' lang='grc'><strong>“</strong></span> 
     </span>
    </p>
   </div>
   <div class='ocr_carea' id='block_1_118' title="bbox 1963 5363 3543 5443">
    <p class='ocr_par' dir='ltr' id='par_1_118' title="bbox 1963 5363 3543 5443">
     <span class='ocr_line' id='line_1_118' title="bbox 1963 5363 3543 5443; baseline -0.015 -12"><span class='ocrx_word' id='word_1_949' title='bbox 1963 5388 2049 5431; x_wconf 90' lang='lat' dir='ltr'><strong><em>tur</em></strong></span> <span class='ocrx_word' id='word_1_950' title='bbox 2078 5376 2237 5429; x_wconf 87' lang='lat' dir='ltr'><strong><em>etiam</em></strong></span> <span class='ocrx_word' id='word_1_951' title='bbox 2269 5379 2598 5443; x_wconf 84' lang='lat' dir='ltr'><strong><em>arrogantes.</em></strong></span> <span class='ocrx_word' id='word_1_952' title='bbox 2639 5368 2777 5422; x_wconf 90' lang='lat' dir='ltr'><strong><em>Dicit</em></strong></span> <span class='ocrx_word' id='word_1_953' title='bbox 2814 5366 2990 5436; x_wconf 86' lang='lat' dir='ltr'><strong><em>itaque</em></strong></span> <span class='ocrx_word' id='word_1_954' title='bbox 3020 5382 3033 5416; x_wconf 92' lang='lat'><strong>:</strong></span> <span class='ocrx_word' id='word_1_955' title='bbox 3068 5363 3237 5431; x_wconf 82' lang='lat' dir='ltr'><strong><em>Super</em></strong></span> <span class='ocrx_word' id='word_1_956' title='bbox 3262 5375 3408 5430; x_wconf 85' lang='lat' dir='ltr'><strong><em>quem</em></strong></span> <span class='ocrx_word' id='word_1_957' title='bbox 3459 5374 3543 5409; x_wconf 82' lang='lat' dir='ltr'><strong><em>re-</em></strong></span> 
     </span>
    </p>
   </div>
   <div class='ocr_carea' id='block_1_119' title="bbox 1961 5454 3548 5541">
    <p class='ocr_par' dir='ltr' id='par_1_119' title="bbox 1961 5454 3548 5541">
     <span class='ocr_line' id='line_1_119' title="bbox 1961 5454 3548 5541; baseline -0.016 -16"><span class='ocrx_word' id='word_1_958' title='bbox 1961 5470 2190 5541; x_wconf 85' lang='lat' dir='ltr'><strong><em>spiciant,</em></strong></span> <span class='ocrx_word' id='word_1_959' title='bbox 2216 5467 2313 5523; x_wconf 89' lang='lat' dir='ltr'><strong><em>nisi</em></strong></span> <span class='ocrx_word' id='word_1_960' title='bbox 2339 5482 2488 5536; x_wconf 89' lang='lat' dir='ltr'><strong><em>super</em></strong></span> <span class='ocrx_word' id='word_1_961' title='bbox 2516 5471 2831 5517; x_wconf 84' lang='lat' dir='ltr'><strong><em>mansuetum</em></strong></span> <span class='ocrx_word' id='word_1_962' title='bbox 2859 5466 2906 5512; x_wconf 90' lang='lat' dir='ltr'><strong><em>et</em></strong></span> <span class='ocrx_word' id='word_1_963' title='bbox 2931 5454 3170 5526; x_wconf 88' lang='lat' dir='ltr'><strong><em>quietunt,</em></strong></span> <span class='ocrx_word' id='word_1_964' title='bbox 3191 5461 3235 5506; x_wconf 90' lang='lat' dir='ltr'><strong><em>et</em></strong></span> <span class='ocrx_word' id='word_1_965' title='bbox 3262 5460 3548 5504; x_wconf 78' lang='lat' dir='ltr'><strong><em>trementem</em></strong></span> 
     </span>
    </p>
   </div>
   <div class='ocr_carea' id='block_1_120' title="bbox 2027 5605 3549 5690">
    <p class='ocr_par' dir='ltr' id='par_1_120' title="bbox 2027 5605 3549 5690">
     <span class='ocr_line' id='line_1_120' title="bbox 2027 5605 3549 5690; baseline 0 0"><span class='ocrx_word' id='word_1_966' title='bbox 2027 5627 2242 5690; x_wconf 59' lang='lat' dir='ltr'><strong><em>(a)?“ch</em></strong></span> <span class='ocrx_word' id='word_1_967' title='bbox 2286 5619 2641 5690; x_wconf 64' lang='grc' dir='ltr'><strong><em>ιηιοπρτειειίο,</em></strong></span> <span class='ocrx_word' id='word_1_968' title='bbox 2673 5617 2811 5690; x_wconf 58' lang='lat' dir='ltr'><strong><em>eius</em></strong></span> <span class='ocrx_word' id='word_1_969' title='bbox 2843 5615 2949 5690; x_wconf 61' lang='lat' dir='ltr'><strong><em>sit:</em></strong></span> <span class='ocrx_word' id='word_1_970' title='bbox 2995 5605 3549 5690; x_wconf 60' lang='lat' dir='ltr'><strong><em>999._€’_‘_°““I-_.}’&quot;PE</em></strong></span> 
     </span>
    </p>
   </div>
   <div class='ocr_carea' id='block_1_121' title="bbox 1966 5636 3551 5754">
    <p class='ocr_par' dir='ltr' id='par_1_121' title="bbox 1966 5636 3551 5754">
     <span class='ocr_line' id='line_1_121' title="bbox 2027 5636 3549 5690; baseline -0.018 -13"><span class='ocrx_word' id='word_1_971' title='bbox 2027 5636 2242 5690; x_wconf 60' lang='lat'><strong><em>(0)1126</em></strong></span> <span class='ocrx_word' id='word_1_972' title='bbox 2286 5636 2415 5673; x_wconf 68' lang='lat' dir='ltr'><strong><em>&quot;Ier</em></strong></span> <span class='ocrx_word' id='word_1_973' title='bbox 2448 5636 2628 5669; x_wconf 75' lang='lat' dir='ltr'><strong><em>retauo</em></strong></span> <span class='ocrx_word' id='word_1_974' title='bbox 2673 5636 2811 5667; x_wconf 65' lang='lat' dir='ltr'><strong><em>cuus</em></strong></span> <span class='ocrx_word' id='word_1_975' title='bbox 2853 5636 2949 5670; x_wconf 76' lang='grc' dir='ltr'><strong><em>διι,</em></strong></span> <span class='ocrx_word' id='word_1_976' title='bbox 2998 5636 3093 5659; x_wconf 86' lang='lat' dir='ltr'><strong><em>uuu</em></strong></span> <span class='ocrx_word' id='word_1_977' title='bbox 3132 5636 3325 5657; x_wconf 67' lang='grc' dir='ltr'><strong><em>υιιιιυι.</em></strong></span> <span class='ocrx_word' id='word_1_978' title='bbox 3380 5636 3549 5655; x_wconf 66' lang='lat' dir='ltr'><strong><em>vuum</em></strong></span> 
     </span>
     <span class='ocr_line' id='line_1_122' title="bbox 1966 5636 3551 5754; baseline -0.018 -14"><span class='ocrx_word' id='word_1_979' title='bbox 1966 5689 2134 5754; x_wconf 80' lang='lat' dir='ltr'><strong><em>Aquila</em></strong></span> <span class='ocrx_word' id='word_1_980' title='bbox 2157 5718 2173 5748; x_wconf 78' lang='lat'><strong><em>,</em></strong></span> <span class='ocrx_word' id='word_1_981' title='bbox 2218 5636 2550 5750; x_wconf 52' lang='lat' dir='ltr'><strong><em>Symma&amp;us,</em></strong></span> <span class='ocrx_word' id='word_1_982' title='bbox 2598 5686 2651 5729; x_wconf 86' lang='lat' dir='ltr'><strong><em>et</em></strong></span> <span class='ocrx_word' id='word_1_983' title='bbox 2694 5636 2956 5727; x_wconf 64' lang='lat' dir='ltr'><strong><em>Tbeodotio</em></strong></span> <span class='ocrx_word' id='word_1_984' title='bbox 2994 5675 3228 5754; x_wconf 77' lang='lat' dir='ltr'><strong><em>verbum,</em></strong></span> <span class='ocrx_word' id='word_1_985' title='bbox 3411 5711 3423 5727; x_wconf 78' lang='grc'><em>,</em></span> <span class='ocrx_word' id='word_1_986' title='bbox 3465 5679 3551 5754; x_wconf 52' lang='lat' dir='ltr'><strong><em>per</em></strong></span> 
     </span>
    </p>
   </div>
   <div class='ocr_carea' id='block_1_122' title="bbox 1966 5738 3551 5825">
    <p class='ocr_par' dir='ltr' id='par_1_122' title="bbox 1966 5738 3551 5825">
     <span class='ocr_line' id='line_1_123' title="bbox 1966 5738 3551 5825; baseline -0.016 -10"><span class='ocrx_word' id='word_1_987' title='bbox 2160 5738 2216 5811; x_wconf 75' lang='lat' dir='ltr'><strong><em>et</em></strong></span> <span class='ocrx_word' id='word_1_988' title='bbox 2246 5738 2516 5825; x_wconf 52' lang='grc' dir='ltr'><strong><em>ἓςοιρῡετιιν,</em></strong></span> <span class='ocrx_word' id='word_1_989' title='bbox 2537 5738 2867 5825; x_wconf 81' lang='lat' dir='ltr'><strong><em>abscondere,</em></strong></span> <span class='ocrx_word' id='word_1_990' title='bbox 2887 5745 3186 5825; x_wconf 51' lang='lat' dir='ltr'><strong><em>exprimere</em></strong></span> <span class='ocrx_word' id='word_1_991' title='bbox 3198 5739 3403 5825; x_wconf 40' lang='lat' dir='ltr'><strong><em>‘solent,</em></strong></span> <span class='ocrx_word' id='word_1_992' title='bbox 3425 5738 3551 5789; x_wconf 78' lang='lat' dir='ltr'><strong><em>unde</em></strong></span> 
     </span>
    </p>
   </div>
   <div class='ocr_carea' id='block_1_123' title="bbox 1967 5808 3242 5889">
    <p class='ocr_par' dir='ltr' id='par_1_123' title="bbox 1967 5808 3242 5889">
     <span class='ocr_line' id='line_1_124' title="bbox 1967 5808 3242 5889; baseline -0.02 -11"><span class='ocrx_word' id='word_1_993' title='bbox 1967 5808 2245 5889; x_wconf 45' lang='lat' dir='ltr'><strong><em>adjiciatur</em></strong></span> <span class='ocrx_word' id='word_1_994' title='bbox 2268 5808 2391 5871; x_wconf 75' lang='lat' dir='ltr'><strong><em>hanc</em></strong></span> <span class='ocrx_word' id='word_1_995' title='bbox 2406 5808 2863 5879; x_wconf 52' lang='lat' dir='ltr'><strong><em>interpretationem</em></strong></span> <span class='ocrx_word' id='word_1_996' title='bbox 2887 5808 3081 5859; x_wconf 83' lang='lat' dir='ltr'><strong><em>illorum</em></strong></span> <span class='ocrx_word' id='word_1_997' title='bbox 3112 5816 3242 5855; x_wconf 80' lang='lat' dir='ltr'><strong><em>esse.</em></strong></span> 
     </span>
    </p>
   </div>
  </div>
