4070 6340
548 378 650 434 455

549 492 698 546 verba
723 505 832 542 mea
861 487 1014 558 (lsai.
1046 487 1134 542 66.
1162 486 1261 556 ‘2')?
1293 485 1679 554 Pet-sequamur
1703 498 1831 554 ergo
1861 483 1996 539 hanc
2024 485 2130 538 vir-

548 593 733 646 tutem,
773 591 829 636 ut
867 581 983 650 ejus
1026 579 1212 634 faciem
1249 576 1609 641 attrahamus;
1652 592 1718 630 ne
1748 577 1802 630 in
1830 577 1940 630 vitii
1974 577 2128 630 hara-

547 679 724 731 tlirum
761 673 1076 737 incidamus,
1104 670 1284 726 densis
1307 669 1688 738 occupantibus
1716 669 1967 723 tenebris.
2003 668 2133 722 Pos-

544 777 674 823 sunt
699 767 857 822 etiam
889 765 977 836 qui
1006 763 1316 820 ceciderunt
1343 762 1534 816 iterum
1564 759 1875 816 ascendere.
1909 759 2131 830 Oportet

542 877 673 931 ergo
702 874 796 915 eos
821 859 908 930 qui
935 857 1148 923 cadunt,
1178 871 1280 910 non
1312 869 1527 909 manere
1552 853 1695 907 humi
1726 854 1979 921 iacentes.

619 953 826 1007 Peccati
851 961 1031 1005 natura
1055 951 1217 1003 lacus.
1263 947 1425 1002 Deum
1447 963 1641 1017 semper
1667 946 1849 999 intueri
1875 945 2126 1010 debemus,

547 1057 592 1101 et
628 1046 690 1098 ab
718 1061 776 1098 eo
813 1041 1320 1116 pendere—Lacus
1347 1047 1546 1104 autem,
1583 1037 1634 1090 in
1664 1051 1771 1107 quo
1809 1045 1934 1090 sunt
1977 1051 2131 1092 saeva:

545 1139 751 1204 bestiae,
780 1146 833 1190 et
857 1135 943 1204 qui
972 1142 1054 1188 est
1082 1132 1270 1202 plenus
1299 1129 1552 1194 tenebris,
1581 1139 1663 1184 est
1691 1139 1876 1183 natura
1907 1129 2128 1198 peccati.

544 1230 935 1299 Scripturaruni
963 1239 1090 1295 ergo
1118 1223 1369 1278 rudentes
1395 1222 1759 1287 demittamus,
1802 1228 1856 1275 et
1884 1219 2131 1273 volunta-

545 1330 649 1373 tem
677 1319 955 1388 alligemus
983 1332 998 1370 :
1025 1326 1080 1371 et
1112 1316 1154 1368 si
1185 1313 1560 1378 ceciderimus,
1593 1312 1847 1366 velociter
1875 1325 2127 1379 resurge-

545 1427 681 1465 iuus.
709 1407 988 1477 Quomodo
1010 1415 1188 1462 autem
1215 1406 1528 1476 incipiemus
1550 1404 1650 1459 iter
1671 1401 1914 1473 ingredi?
1933 1401 1988 1458 Si
2010 1415 2130 1456 cum

545 1502 916 1566 reciderimus,
947 1516 1054 1554 non
1082 1509 1511 1566 contemnamus,
1535 1513 1634 1553 nec
1649 1496 2014 1567 desperemus,
2038 1496 2131 1550 sed

549 1595 662 1648 haec
691 1592 998 1663 prophetica
1048 1591 1283 1647 carmina
1323 1589 1475 1644 nobis
1515 1603 1767 1644 canamus
1809 1605 1825 1642 :
1868 1586 2132 1659 Numquid

546 1688 731 1741 cadens
760 1703 861 1740 non
899 1685 1111 1755 resurgit
1143 1683 1276 1752 (Jer.
1326 1683 1379 1737 8.
1423 1682 1520 1751 ψ
1557 1682 1620 1736 Et
1658 1694 1862 1746 rursus,
1895 1678 2063 1732 Hodie
2090 1680 2134 1733 si

546 1798 713 1836 vocent
743 1782 853 1847 eius
882 1778 1165 1840 audieritis,
1199 1794 1260 1830 ne
1283 1775 1536 1830 obduretis
1563 1779 1719 1827 corda
1744 1782 1906 1826 vestra
1926 1773 2054 1826 sicut
2079 1771 2133 1824 in

546 1874 922 1929 exacerbatione
959 1871 1130 1944 (Psal.
1173 1869 1264 1925 9-1.
1310 1869 1363 1923 8.
1409 1867 1498 1938 9);
1527 1875 1582 1921 et
1609 1865 1692 1920 bis
1729 1864 2134 1934 cogitationibus

547 1969 754 2022 vinctos
781 1981 879 2020 nos
925 1963 1271 2018 attraliamus.
1313 1961 1368 2015 8.
1419 1959 1660 2013 Auditum
1704 1960 1785 2029 [ac
1829 1957 1952 2010 mihi
1989 1971 2136 2008 mane

547 2031 944 2113 misericordium
975 2065 1133 2120 tuam,
1163 2053 1400 2124 quoniam
1425 2052 1478 2104 in
1508 2060 1555 2104 te
1581 2049 1800 2120 speravi.
1829 2048 1999 2112 Alius,
2029 2045 2135 2099 Au-

550 2153 707 2204 ditam
738 2150 821 2220 [ac
847 2148 971 2200 milii
995 2163 1058 2201 ex
1085 2145 1332 2199 matutino
1357 2142 1754 2197 misericordiam
1779 2149 1916 2194 tuam
1950 2138 2046 2209 (a),
2081 2137 2134 2192 id

545 2254 648 2309 est,
678 2244 942 2298 celeriter.

621 2336 678 2390 6.
720 2333 908 2387 Vidisti
935 2331 1184 2386 afflictam
1218 2339 1269 2382 et
1315 2326 1675 2397 perturbatam
1718 2322 2136 2378 animam?Vult

547 2427 689 2482 enim
733 2425 900 2478 audiri
940 2434 1062 2476 ante
1115 2419 1520 2489 experientiam,
1565 2426 1623 2470 ut
1669 2432 1763 2485 spe
1808 2417 2038 2485 erigatur
2082 2423 2136 2469 et

551 2519 968 2588 exspectatione.
1014 2515 1125 2568 lloc
1155 2521 1240 2568 est
1277 2520 1456 2566 autem
1493 2511 1636 2579 quod
1673 2509 1803 2564 dicit
1849 2527 1864 2563 :
1909 2509 2012 2562 Fac
2050 2522 2136 2561 me

549 2626 790 2682 surgere,
817 2618 876 2664 ut
907 2609 1174 2677 pollicitus
1211 2622 1291 2674 es,
1331 2605 1529 2672 justam
1576 2603 1769 2658 deinde
1816 2601 2134 2672 impetrandi

551 2718 765 2758 causam
793 2701 992 2771 adjicit.
1039 2698 1172 2763 Quia
1214 2699 1268 2751 in
1313 2706 1359 2750 te
1397 2696 1612 2767 speravi.
1648 2694 1790 2749 Deus
1832 2694 1975 2749 enim
2006 2693 2135 2747 nihil

553 2805 660 2850 tam
691 2794 932 2864 requirit,
965 2807 1120 2862 quam
1160 2801 1218 2844 ut
1247 2806 1367 2844 eum
1399 2803 1611 2859 semper
1641 2788 1958 2849 intueamur,
1987 2796 2042 2840 et
2069 2786 2136 2840 ab

554 2905 619 2945 eo
645 2898 901 2960 perpetuo
928 2883 1274 2955 pendeamuz.
1308 2881 1500 2935 Notam
1530 2885 1613 2952 fac
1639 2879 1765 2934 mihi
1791 2880 1924 2932 viam
1959 2879 2012 2932 in
2036 2893 2136 2948 qua

555 2979 807 3035 ambulent
836 2995 853 3032 :
878 2978 995 3047 quia
1019 2975 1086 3029 ad
1109 2984 1153 3027 te
1174 2974 1328 3027 levavi
1353 2973 1575 3026 animam
1600 2987 1782 3024 meam.
1806 2969 1941 3037 Quid
1965 2968 2134 3024 dicis?

555 3086 676 3127 cum
704 3079 757 3124 ct
785 3078 971 3123 natura
1003 3064 1195 3118 habeat
1231 3064 1399 3134 legem
1439 3063 1506 3117 ab
1536 3062 1686 3115 initio
1711 3076 1740 3114 a
1777 3061 1886 3115 Deo
1917 3060 2135 3130 imposi-

558 3175 687 3230 tam,
715 3171 769 3217 et
809 3159 1052 3214 lllosaica:
1080 3157 1223 3224 leges
1263 3171 1378 3209 eam
1410 3164 1687 3219 renovent,
1725 3152 1852 3223 quid
1900 3152 1991 3207 tibi
2033 3151 2134 3217 vis,

559 3267 742 3307 rursus
768 3252 951 3305 dicens
981 3267 992 3302 :
1027 3247 1217 3302 Notam
1247 3251 1329 3319 [ac
1355 3246 1498 3312 milii,
1529 3245 1762 3306 Domine,
1807 3246 1936 3298 viam
1961 3244 2014 3297 in
2040 3259 2138 3314 qua

557 3341 846 3395 ambulem?
885 3339 981 3393 Vel
1026 3338 1126 3391 hoc
1156 3351 1283 3406 ergo
1313 3336 1415 3390 dici
1445 3345 1620 3405 potest
1651 3354 1665 3389 :
1708 3335 1966 3403 Quoniam
2006 3347 2136 3389 con-

557 3433 777 3488 scientia
809 3446 925 3484 mea
956 3429 1144 3482 obruta
1174 3437 1255 3482 est
1275 3442 1305 3480 a
1333 3426 1478 3490 vitio,
1509 3441 1638 3495 rogo
1662 3434 1717 3479 ut
1744 3441 1805 3480 ea
1835 3434 2135 3479 renovetur.

561 3525 652 3580 Vel
677 3525 760 3578 hic
791 3523 930 3575 viam
960 3521 1088 3575 dicit
1125 3520 1288 3572 multa
1333 3533 1514 3572 eorum
1559 3533 1678 3587 quae
1724 3517 2035 3587 ignorantur
2072 3514 2140 3569 ab

560 3616 878 3672 hominibus,
921 3611 1367 3682 quemadmodum
1411 3610 1605 3664 Paulus
1638 3624 1848 3678 quoque
1886 3607 2137 3674 ostendit,

559 3709 741 3762 dicens
791 3724 803 3759 :
855 3704 988 3768 Quid
1039 3703 1171 3756 enint
1221 3717 1418 3754 oremus
1461 3701 1588 3754 sicut
1636 3708 1847 3767 oportet,
1896 3699 2142 3752 nescimus

561 3799 738 3863 (Rom.
771 3798 822 3851 8.
850 3795 968 3865 26).
997 3795 1053 3849 Si
1078 3804 1254 3848 autem
1286 3793 1480 3847 Paulus
1509 3792 1609 3848 hoc
1635 3793 1842 3861 ignorat
1877 3800 1997 3862 post
2025 3800 2144 3845 tan-

564 3902 669 3946 tam
693 3890 1049 3957 cognitionem
1071 3929 1085 3952 ,
1118 3885 1240 3956 quid
1272 3885 1485 3939 miraris
1511 3886 1553 3938 si
1582 3884 1668 3938 hic
1694 3899 1901 3953 quoque
1933 3883 2031 3937 hoc
2058 3882 2145 3938 di-

561 3983 681 4038 cat?
712 3980 844 4036 Vide
883 3989 1061 4034 autem
1103 3994 1224 4032 eum
1255 3976 1384 4030 nihil
1413 3977 1606 4030 sensile
1636 3975 1722 4030 hic
1760 3989 2016 4044 quatrere,
2047 3973 2142 4029 sed

560 4077 700 4128 viam
724 4089 840 4143 qua:
871 4071 938 4126 ad
971 4071 1136 4125 Deum
1167 4069 1397 4134 deducit,
1428 4078 1482 4123 et
1511 4069 1680 4137 ipsum
1709 4084 1772 4121 ex
1796 4081 1854 4122 se
1885 4066 2143 4136 principia

562 4166 807 4223 cenferre
853 4164 965 4235 (b)?
1003 4163 1117 4217 Non
1162 4161 1294 4216 dixit
1333 4161 1474 4214 enim
1514 4159 1783 4225 absolute,
1835 4159 2024 4213 Natant
2064 4164 2146 4230 [ac

564 4259 708 4324 mihi,
740 4257 976 4321 Domine,
1005 4256 1134 4309 vitm
1159 4269 1272 4323 qua:
1294 4252 1360 4305 ad
1389 4261 1436 4306 te
1464 4251 1600 4305 ducit
1629 4266 1651 4306 :
1677 4250 1782 4307 Sed
1818 4250 1983 4320 quid?
2014 4251 2145 4316 Quia

565 4367 632 4404 aa
661 4363 707 4403 te
731 4349 887 4403 levavi
916 4347 1138 4400 animam
1163 4361 1324 4397 meam
1353 4359 1375 4396 :
1401 4342 1503 4397 hoc
1530 4352 1631 4407 est,
1663 4343 1702 4396 Α
1746 4350 1797 4396 te
1826 4343 2052 4411 pendeo,
2093 4352 2145 4398 te

566 4445 798 4505 intueor,
831 4448 882 4493 te
911 4454 1071 4492 unum
1112 4435 1360 4504 respicio.
1391 4433 1456 4486 lis
1493 4435 1635 4488 enim
1686 4434 1823 4487 Deus
1857 4432 2142 4487 maximam

565 4537 645 4590 sui
673 4534 872 4604 praebet
897 4531 1159 4585 notitiam.
1201 4529 1556 4594 Quamobrem
1585 4527 1796 4583 dicebat
1837 4528 1902 4583 de
1926 4527 2143 4591 Judaais,

566 4633 783 4694 rogatus
807 4638 904 4677 cur
932 4621 1010 4676 eis
1030 4621 1336 4689 loqueretur
1365 4618 1416 4672 in
1448 4618 1714 4688 parabolis
1742 4633 1755 4671 :
1791 4615 2024 4672 Videntes
2048 4634 2148 4671 non

569 4717 756 4780 vident,
787 4724 831 4769 et
862 4715 1122 4769 audientes
1145 4731 1247 4767 non
1272 4712 1484 4766 audiunt
1509 4710 1723 4782 (Matth.
1754 4712 1842 4767 15.
1869 4711 1979 4782 15).
2013 4710 2148 4766 illud

568 4818 767 4874 autem,
796 4805 998 4872 Levavi,
1030 4805 1310 4874 Significat,
1343 4803 1423 4858 Ad
1461 4813 1513 4858 te
1557 4803 1763 4857 traduxi
1812 4812 1864 4857 et
1904 4804 2150 4858 transtuli

567 4901 798 4953 animam
827 4913 1020 4952 meam.
1049 4896 1102 4952 9.
1132 4895 1288 4963 Eripe
1311 4912 1390 4950 me
1412 4898 1474 4949 de
1496 4895 1711 4948 inimicis
1739 4895 1880 4958 meis,
1914 4894 2144 4959 Domine,

567 4993 635 5044 ad
663 5001 709 5044 te
737 4991 959 5063 confugi.
1009 4988 1141 5043 Vide
1179 4989 1376 5058 ubique
1416 4987 1592 5043 aﬂ'erri
1637 5003 1823 5041 causas
1853 4987 1920 5041 ab
1957 5001 2023 5041 eo
2060 4988 2146 5056 qui

570 5091 739 5151 rogat.
775 5079 856 5136 Ne
877 5092 1093 5146 avertas,
1126 5081 1312 5149 inquit,
1342 5081 1522 5147 faciem
1544 5090 1680 5131 tuam
1707 5095 1740 5131 a
1768 5096 1847 5132 me
1873 5095 1892 5133 :
1915 5080 2151 5148 quoniam

569 5175 622 5226 in
648 5183 694 5226 te
718 5173 932 5240 speravi.
954 5170 1142 5224 Notum
1167 5173 1248 5242 {ac
1274 5171 1396 5223 milii
1422 5169 1552 5221 viam
1589 5178 1746 5234 tuam,
1765 5170 1999 5238 quoniam
2018 5171 2083 5222 ad
2105 5180 2152 5223 te

572 5266 728 5318 [μιθαυὶ
756 5269 979 5317 animant
1005 5277 1187 5316 meam.
1219 5261 1376 5332 Eripe
1411 5277 1488 5314 me
1513 5260 1576 5315 de
1605 5261 1821 5314 inimicis
1846 5261 1990 5328 meis,
2021 5277 2150 5329 quo-

571 5357 708 5410 niam
749 5357 818 5410 ad
858 5365 903 5409 te
944 5355 1168 5426 confugi.
1215 5352 1303 5408 10.
1345 5352 1483 5406 Doce
1523 5369 1604 5406 me
1645 5356 1812 5424 facere
1849 5353 2153 5407 voluntatem

633 5490 707 5555 (a)
739 5497 851 5540 tunc
871 5491 1213 5555 interpretatio
1226 5488 1463 5555 cujussit,
1487 5499 1586 5536 non
1621 5489 1928 5555 exprimitur,
1951 5489 2040 5538 sed
2062 5502 2152 5555 po-_

572 5550 823 5604 test'csse
846 5550 1138 5632 Symmachi,
1164 5550 1413 5632 quialibi,
1448 5555 1588 5631 Ἶρι,
1627 5550 1805 5608 vertit,
1839 5560 1989 5613 spem,
2023 5551 2151 5614 quod

572 5632 669 5680 est,
695 5630 825 5672 ortus
850 5624 967 5680 diei,
991 5624 1096 5670 sive
1120 5624 1423 5669 matutinum.

638 5686 709 5745 (li)
741 5692 842 5732 tam
867 5685 1072 5745 vidimus
1091 5683 1250 5745 locum
1271 5681 1354 5730 ubi
1380 5681 1664 5742 principium
1685 5681 1828 5729 bonae
1852 5683 2052 5745 actionis
2069 5682 2152 5731 ho-

575 5742 986 5795 mini—adscribere
1001 5744 1192 5793 videtur
1209 5743 1566 5805 Chrysostumus
1589 5756 1600 5790 :
1629 5755 1799 5792 verum
1821 5749 1863 5793 S.
1880 5742 2046 5794 doctor
2064 5745 2151 5795 ho-

577 5813 757 5857 minem
775 5807 1001 5870 supponit
1018 5807 1119 5868 jam
1141 5806 1310 5869 gratiae
1333 5809 1459 5854 dono
1491 5812 1806 5881 praeventum.

1329 374 1382 428 S.
1423 372 1695 429 JOANNIS
1732 369 2200 427 CllliVSOSTUMI
2241 375 2553 431 ARCIIIEP.
2595 379 3116 436 CONSTANTINOP.

3707 379 3811 438 £56

2237 498 2394 556 tuam,
2425 491 2543 560 quia
2573 490 2706 546 Deus
2732 509 2869 547 meus
2895 510 2946 547 es
2975 504 3048 546 tu.
3076 493 3191 549 Non
3217 493 3348 548 dixit
3375 494 3635 554 absolute.
3671 496 3810 551 Doce

2235 596 2321 636 me
2342 582 2661 638 voluntatem
2685 594 2848 651 tuam,
2879 585 2993 650 sed,
3023 584 3159 640 Doce
3177 602 3254 641 me
3277 590 3444 658 facere
3468 589 3767 642 voluntatem
3800 602 3816 641 ,ί

2236 671 2339 727 hoc
2376 682 2478 739 est,
2515 675 2593 729 Ad
2634 675 2744 744 ipsa
2777 675 2910 732 facta
2939 693 3025 732 me
3051 677 3242 733 deduc.
3271 678 3508 749 Superna
3535 681 3676 735 enim
3706 695 3814 750 ope

2235 776 2290 820 et
2327 768 2527 824 crelesti
2556 769 2794 824 doctrina
2831 786 2965 840 epus
3000 781 3101 839 est,
3147 783 3204 826 ut
3240 772 3546 828 incedamus
3574 775 3655 826 via
3692 789 3814 843 qua

2235 857 2382 914 ducit
2425 861 2491 915 ad
2530 861 2776 917 virtutem
2824 880 2836 916 :
2880 878 2983 917 non
3032 865 3185 919 nobis
3225 865 3278 920 in
3320 863 3428 918 otio
3473 863 3812 933 degentibus,

2235 950 2330 1006 sed
2357 968 2476 1022 quae
2515 963 2637 1008 sunt
2680 965 2860 1010 nostra
2897 956 3310 1012 conferentibus.
3345 957 3476 1022 Quia
3506 957 3643 1012 Deus
3674 975 3817 1013 meus

2236 1059 2286 1096 es
2315 1053 2386 1096 tu.
2422 1044 2582 1100 Vides
2610 1047 2912 1115 spirituales
2934 1049 3048 1118 ejus
3089 1049 3408 1119 petitiones?
3435 1049 3550 1104 Non
3578 1051 3716 1104 enim
3743 1051 3818 1105 de

2237 1136 2494 1203 pecuniis,
2525 1145 2777 1207 potentia,
2808 1150 2862 1193 et
2888 1141 3073 1210 gloria,
3107 1141 3200 1196 sed
3233 1152 3288 1196 ut
3313 1142 3406 1197 Dei
3433 1141 3592 1197 faciat
3620 1145 3810 1198 volun-

2237 1236 2420 1290 tatem,
2467 1229 2518 1282 in
2565 1229 2682 1298 ejus
2731 1232 2985 1300 petitione
3028 1233 3201 1302 agitur
3244 1250 3258 1286 :
3306 1234 3447 1304 quod
3483 1235 3691 1304 quidem
3731 1246 3820 1290 est

2235 1321 2470 1375 omnium
2501 1321 2756 1377 bonorum
2787 1323 3081 1392 thesaurus,
3123 1336 3176 1380 et
3213 1341 3342 1395 opes
3380 1343 3498 1397 qua:
3526 1343 3815 1398 numquam

2235 1409 2508 1477 deﬁciunt,
2549 1413 2970 1484 principiumque
2998 1425 3052 1470 et
3078 1417 3226 1471 radix
3269 1417 3556 1484 felicitatis,
3595 1427 3652 1474 et
3697 1436 3817 1474 me-

2237 1501 2404 1568 dium,
2435 1512 2485 1557 et
2513 1503 2654 1559 ﬁnis.
2689 1505 2916 1575 Spiritus
2952 1517 3068 1562 tuus
3096 1507 3254 1562 bonus
3281 1509 3488 1564 deducet
3511 1527 3590 1564 me
3624 1513 3676 1564 in
3709 1522 3818 1565 ter-

2236 1609 2347 1646 ram
2363 1604 2570 1649 rectam.
2601 1596 2762 1652 Vides
2786 1598 3052 1668 quomodo
3079 1599 3325 1665 dicimus,
3353 1602 3622 1672 quomodo
3649 1602 3819 1658 doce-

2234 1699 2356 1739 mur
2379 1686 2516 1739 viam
2551 1687 2827 1756 perﬁcere.
2879 1705 3072 1760 nempe
3101 1706 3196 1761 per
3246 1691 3499 1761 Spiritum
3537 1697 3820 1750 sanctum?

2237 1775 2307 1830 Et
2338 1776 2459 1831 ideo
2488 1777 2700 1832 dicebat
2748 1780 2980 1836 Paulus:
3010 1780 3173 1837 Nobis
3199 1794 3365 1836 autem
3408 1781 3548 1838 Deus
3581 1787 3819 1841 reuelauit

2236 1885 2324 1938 per
2349 1867 2598 1937 Spiritum
2649 1887 2794 1924 suum
2824 1871 2918 1942 (1.
2974 1871 3092 1926 Cor.
3138 1873 3192 1926 2.
3242 1873 3374 1945 10
3417 1873 3482 1928 1η
3522 1885 3706 1930 terram
3731 1893 3820 1930 re-

2236 1967 2386 2010 ctam.
2437 1959 2493 2014 Si
2539 1959 2822 2014 dictionem
2874 1963 3086 2031 quidem
3135 1973 3377 2032 spectes,
3421 1965 3550 2020 dicit
3591 1967 3817 2036 patriam

2235 2064 2384 2103 suam
2415 2066 2429 2102 :
2457 2049 2499 2104 si
2519 2051 2808 2121 accipiatur
2827 2063 3000 2107 autem
3026 2055 3332 2125 anagogice,
3364 2056 3499 2110 viam
3528 2073 3646 2126 qua:
3669 2056 3821 2112 ducit

2236 2138 2304 2193 ad
2330 2140 2596 2196 virtutem.
2624 2143 2774 2197 Alius
2796 2153 2971 2198 autem
2996 2144 3139 2208 dicit,
3164 2145 3267 2198 Per
3286 2155 3468 2199 terram
3483 2146 3688 2216 planam
3713 2147 3817 2218 (a).

2235 2231 2377 2286 Nihil
2404 2243 2487 2287 est
2515 2235 2655 2288 enim
2701 2237 2896 2290 virtute
2947 2237 3132 2291 laevius
3159 2252 3222 2292 ac
3248 2238 3476 2305 planius,
3519 2256 3636 2309 qua:
3664 2253 3748 2295 est
3782 2257 3818 2294 a

2237 2325 2388 2378 turba
2428 2334 2483 2379 et
2521 2326 2744 2380 tumultu
2782 2327 2967 2382 libera.
2999 2329 3086 2383 11.
3123 2328 3337 2399 Propter
3365 2348 3543 2384 nomen
3569 2340 3704 2384 tuum
3734 2334 3818 2386 vi-

2236 2415 2460 2483 viﬁcabis
2486 2433 2582 2482 me,
2605 2417 2838 2472 Domine.
2873 2419 3029 2474 Vides
3057 2437 3177 2476 eum
3210 2437 3392 2477 rursus
3419 2422 3486 2478 ad
3515 2424 3824 2479 Deumcon-

2238 2505 2438 2576 fugere,
2471 2523 2576 2562 non
2605 2517 2783 2564 autem
2827 2510 2879 2564 in
2909 2511 3013 2564 vita
3041 2527 3136 2566 sua
3166 2514 3429 2569 collocare
3459 2515 3745 2570 ﬁduciam?

2307 2597 2551 2669 xEquitas
2579 2609 2625 2654 et
2660 2601 2864 2672 justitia
2906 2619 2998 2672 pro
3041 2604 3301 2658 clementia
3345 2619 3392 2658 et
3449 2607 3818 2660 misericordia.

2241 2689 2417 2745 Oratio
2442 2692 2550 2746 sine
2581 2708 2732 2764 apere
2765 2694 2979 2750 inutilis.
3015 2725 3087 2735 —
3124 2695 3193 2750 In
3228 2697 3460 2768 a’quilate
3486 2707 3570 2751 tua
3595 2698 3768 2752 educes
3792 2715 3826 2752 e

2238 2782 2560 2838 tribulatione
2584 2785 2806 2838 animum
2829 2803 3010 2841 meam.
3054 2789 3225 2853 Alius,
3253 2789 3319 2843 In
3346 2791 3686 2846 misericordia
3708 2804 3819 2844 tua.

2239 2872 2400 2928 Vides
2427 2875 2695 2944 quomodo
2721 2892 2902 2932 verum
2945 2876 3036 2942 sit,
3083 2886 3222 2950 quod
3265 2884 3510 2950 superius
3555 2884 3816 2945 dicebam,

2239 2965 2637 3033 eumjust‘tiam
2678 2983 2820 3037 saepe
2863 2985 3054 3025 vocare
3097 2972 3470 3028 clementiam?
3515 2973 3719 3030 Educes
3761 2977 3824 3030 de

2240 3057 2564 3113 tribulatione
2591 3060 2815 3114 animum
2848 3078 3028 3115 meam.
3067 3062 3219 3117 Orate
3244 3065 3406 3124 enim.
3439 3065 3630 3135 inquit,
3658 3084 3722 3120 ne
3745 3068 3824 3120 in-

2239 3150 2376 3203 tretis
2404 3150 2457 3203 in
2487 3152 2805 3205 tentationem
2828 3153 3020 3219 (Marc.
3050 3155 3135 3209 14.
3171 3155 3284 3226 58).
3327 3155 3414 3211 12.
3446 3156 3513 3210 Et
3540 3159 3591 3211 in
3620 3159 3820 3212 miseri—

2240 3241 2413 3295 cordia
2451 3251 2539 3295 tua
2579 3241 2837 3314 disperdes
2876 3261 3047 3300 onmes
3091 3246 3319 3302 inimicos
3353 3263 3508 3301 meos.
3549 3248 3661 3302 Non
3691 3266 3827 3316 (ιιιωο

2243 3331 2382 3385 niam
2412 3347 2512 3403 ego
2540 3348 2657 3388 sum
2681 3333 2894 3404 dignus,
2927 3335 3120 3406 inquit,
3151 3337 3242 3392 sed
3281 3348 3500 3408 propter
3543 3349 3683 3393 tuam
3711 3339 3825 3394 cle-

2243 3424 2493 3478 mentiam
2523 3423 2687 3479 libera
2720 3441 2805 3480 me
2833 3427 2901 3481 ab
2930 3427 2994 3482 iis
3045 3429 3133 3497 qui
3162 3427 3216 3482 in
3247 3445 3331 3484 me
3370 3429 3564 3484 bellum
3609 3439 3818 3497 gerunt,

2243 3516 2405 3572 libera
2435 3532 2520 3572 me
2546 3518 2613 3572 ab
2637 3517 2704 3572 iis
2727 3519 2814 3588 qui
2845 3519 2973 3573 mihi
3003 3522 3314 3576 insidiantur
3333 3565 3346 3584 ,
3397 3523 3486 3578 dat
3513 3533 3568 3577 ut
3594 3525 3661 3579 ab
3689 3526 3825 3576 ami-

2245 3610 2424 3664 ctione
2449 3610 2776 3680 aliquantum
2802 3613 3080 3681 respirem.
3100 3613 3167 3667 Et
3186 3617 3365 3687 perdes
3385 3632 3554 3672 omnes
3569 3618 3653 3687 qui
3667 3620 3826 3671 mbu-

2244 3700 2350 3755 lant
2374 3702 2598 3756 animum
2621 3719 2800 3768 meam,
2825 3706 3065 3775 quoniam
3079 3722 3171 3776 ego
3192 3723 3362 3763 servus
3387 3718 3501 3764 tuus
3528 3726 3659 3764 sum.
3689 3711 3821 3766 Vide

2245 3792 2333 3848 hic
2365 3810 2550 3849 rursus
2589 3794 2848 3865 adjectam
2895 3812 3131 3853 causam.
3163 3800 3344 3869 Neque
3372 3803 3512 3856 enim
3541 3818 3824 3872 possumus

2245 3885 2488 3941 absolute
2525 3897 2705 3943 nostra
2749 3890 3010 3958 postulata
3039 3895 3318 3963 consequi,
3347 3894 3440 3948 sed
3484 3904 3689 3964 Oportet
3723 3913 3822 3950 nos

2246 3978 2319 4033 ita
2343 3995 2659 4051 praeparare,
2688 3993 2745 4036 ut
2769 3984 2934 4037 simus
2957 3985 3098 4054 digni
3121 3987 3206 4056 qui
3236 3987 3495 4056 postulata
3523 4004 3821 4060 consequa-

2248 4086 2388 4138 mur,
2416 4083 2469 4126 et
2498 4089 2618 4142 qua:
2656 4085 2834 4130 nostra
2873 4086 2997 4130 sunt
3039 4075 3306 4142 conferre,
3336 4087 3391 4133 et
3435 4080 3505 4133 ita
3546 4080 3819 4136 accedere.

2258 4161 2372 4216 Non
2402 4163 2595 4218 sufﬁcit
2617 4166 2764 4220 enim
2791 4166 2906 4222 sola
2934 4180 3124 4223 natura
3164 4171 3418 4224 orationis
3459 4187 3472 4224 :
3507 4185 3628 4225 nam
3654 4171 3821 4226 Judaei

2247 4269 2458 4324 quoque
2484 4255 2725 4322 orabant,
2743 4266 2797 4312 et
2824 4259 3133 4314 audiebant?
3158 4260 3220 4316 Si
3235 4262 3682 4330 multiplicaveritis
3707 4281 3824 4332 pre-

2249 4360 2349 4410 ces,
2381 4361 2482 4398 non
2510 4349 2780 4402 exaudiam
2807 4365 2892 4403 vos
2920 4348 3072 4420 (Isai.
3106 4352 3158 4405 1.
3191 4353 3304 4424 15).
3345 4351 3413 4407 Et
3454 4354 3578 4422 quid
3617 4355 3826 4411 niimrs

2250 4435 2294 4488 si
2318 4435 2486 4490 Judaei
2515 4452 2622 4492 non
2651 4438 3088 4506 exaudiebantur,
3115 4455 3235 4495 cum
3261 4442 3418 4497 etiam
3441 4443 3696 4500 Jeremias
3725 4461 3761 4516 ι)
3791 4462 3825 4500 ο

2251 4527 2330 4582 eis
2357 4543 2519 4583 orans
2543 4530 2984 4600 reprehendatur,
3011 4543 3067 4588 et
3095 4535 3262 4590 semel
3290 4550 3354 4590 ac
3381 4535 3462 4591 bis
3487 4537 3665 4592 audiat
3692 4556 3708 4592 :
3743 4537 3825 4591 Ne

2252 4635 2341 4672 ora
2373 4637 2463 4690 pro
2492 4621 2586 4675 hoc
2612 4624 2819 4693 populo,
2850 4625 3085 4692 quoniam
3117 4642 3217 4679 non
3243 4627 3511 4680 exaudiam
3541 4639 3586 4681 te
3611 4626 3743 4699 (Jer.
3769 4629 3821 4682 7.

2255 4711 2384 4781 i6)?
2431 4712 2495 4766 Et
2539 4714 2663 4782 quid
2707 4715 2918 4768 miraris
2961 4715 3004 4769 si
3049 4715 3309 4771 Jeremias
3357 4734 3459 4771 non
3512 4719 3826 4774 exauditur?

2252 4801 2468 4857 Etiamsi
2501 4801 2634 4870 Noe,
2663 4805 2850 4873 inquit,
2879 4807 3072 4860 etiamsi
3097 4805 3218 4873 Job,
3245 4809 3437 4862 etiamsi
3466 4808 3651 4863 Daniel
3677 4821 3827 4864 stete-

2252 4895 2375 4956 rint,
2401 4895 2534 4963 ﬁlios
2576 4904 2622 4948 et
2648 4895 2785 4964 ﬁlias
2809 4911 2926 4950 suas
2965 4913 3066 4950 non
3108 4899 3324 4967 eripient
3353 4897 3565 4967 (Ezech.
3611 4900 3696 4955 14.
3739 4902 3807 4954 14

2255 4986 2368 5058 16).
2401 4986 2524 5040 Haec
2549 5002 2676 5058 ergo
2703 5003 2823 5042 cum
2852 4989 3102 5052 sciamus,
3131 5006 3236 5044 non
3263 4991 3433 5045 solum
3471 5006 3704 5055 oremus,
3735 4989 3834 5048 sed

2253 5084 2376 5124 cum
2409 5071 2650 5139 precibus
2677 5088 2888 5142 quoque
2913 5088 3011 5128 nos
3041 5074 3110 5128 ita
3140 5089 3532 5144 comparemus,
3572 5083 3631 5131 ut
3664 5076 3830 5130 simus

2256 5161 2399 5233 digni
2425 5163 2515 5233 qui
2542 5163 2889 5234 accipiamus,
2919 5177 2979 5220 ut
3003 5175 3058 5220 et
3087 5169 3366 5235 praesentia
3409 5177 3463 5223 et
3492 5168 3663 5223 futura
3690 5169 3831 5223 bona

2255 5270 2644 5326 consequamur
2691 5275 2704 5311 :
2750 5273 2870 5324 quae
2913 5258 3065 5312 detur
3090 5259 3244 5313 nobis
3284 5261 3529 5314 omnibus
3556 5262 3832 5330 consequi,

2255 5347 2422 5418 gratia
2452 5356 2505 5402 et
2548 5348 2830 5404 clementia
2873 5349 3078 5403 Domini
3109 5350 3274 5404 nostri
3315 5349 3442 5406 Jesu
3488 5351 3704 5416 Christi,
3743 5353 3833 5408 cui

2257 5441 2422 5508 gloria
2447 5449 2501 5495 et
2525 5441 2828 5512 imperium,
2861 5442 2915 5496 in
2942 5443 3134 5496 saicula
3165 5445 3502 5499 smeuloruin.
3533 5449 3722 5500 Amen.

2323 5745 2396 5802 (a)
2429 5753 2540 5794 tunc
2577 5745 2925 5810 interpretatio
2960 5753 3036 5794 est
3082 5743 3291 5810 Aqmie;
3331 5746 3524 5810 quidam
3564 5745 3843 5810 Symmacho

2265 5807 2394 5856 illam
2417 5809 2653 5868 tribuunt,
2677 5807 2764 5858 sed
2788 5807 2974 5871 Aquila:
2994 5814 3086 5858 est.
