4064 6340
279 342 387 402 £55

280 455 445 512 αὐτοῦ
464 453 525 510 τὺ
544 453 852 526 πρόσωπον,
875 453 963 510 ἵνα
983 453 1058 526 μὴ
1078 455 1470 526 καταπέσωμεν
1489 457 1567 518 εἰς
1584 453 1650 508 τὰ
1672 452 1844 524 βάρα-

281 545 382 617 θρα
401 543 500 616 τῆς
519 542 736 607 κακίας,
758 541 950 596 πολλοῦ
971 542 1063 597 τοῦ
1094 543 1317 606 σκότους
1352 540 1848 610 κατέχοντος.”Εστι

278 634 373 688 καὶ
392 631 655 695 πεσόντας
676 631 934 686 ἀνελθεῖν.
967 633 1058 684 Δεῖ
1074 630 1250 684 τοίνυν
1270 629 1393 692 τοὺς
1413 629 1850 690 καταπίπτοντας

284 719 359 791 μὴ
379 720 560 790 μένειν
579 718 729 772 κάτω
751 718 1052 788 κειμένους.

348 807 565 871 Λάκκος
595 806 653 860 δέ
688 807 802 860 ἐστι
839 806 1048 876 χαλεπά
1067 805 1227 878 θηρία
1246 805 1384 876 ἔχων
1403 807 1497 860 καὶ
1517 804 1739 866 σκότους
1757 802 1849 872 γέ-

283 912 415 966 μων,
438 894 538 963 τῆς
576 893 846 964 ἁμαρτίας
887 894 920 964 ἡ
961 893 1141 962 φύσις.
1164 895 1370 946 Οὐκοῦν
1401 891 1721 963 χαλάσωμεν
1741 891 1848 944 τῶν

278 981 507 1055 Γραφῶν
527 981 597 1035 τὰ
617 982 843 1052 σχοινία,
867 981 958 1035 καὶ
976 982 1074 1052 τὴν
1093 981 1409 1053 προαίρεσιν
1431 980 1698 1050 ἐπιδῶμεν
1718 995 1730 1010 ’
1753 978 1847 1032 καίΙ

277 1069 485 1140 ταχέως
517 1070 950 1140 ἀναστησόμεθα,
976 1069 1077 1123 κᾶν
1097 1071 1512 1140 καταπέσωμεν.
1553 1069 1676 1131 Πῶς
1713 1067 1757 1121 δ’
1781 1067 1847 1121 ἂν

279 1156 486 1226 γένοιτο
505 1157 644 1229 ἀρχὴ
673 1156 792 1210 όδοῦ
814 1175 828 1223 ;
854 1159 951 1210 ‘Av
981 1158 1382 1220 καταπεσόντες
1405 1156 1478 1228 μὴ
1507 1158 1847 1228 καταφρονή-

281 1263 480 1317 σωμεν,
522 1247 654 1318 μηδέ
684 1247 1024 1316 ἀπογνῶμεν.
1068 1248 1181 1300 ἀλλ’
1219 1249 1505 1319 ἐπᾴδωμεν
1545 1248 1755 1308 ἑαυτοῖς
1777 1246 1846 1300 τὰ

279 1333 589 1405 προφητικά
633 1335 834 1388 ταῦτα·
873 1334 970 1402 Μὴ
1005 1338 1038 1389 ὁ
1065 1335 1296 1388 πίπτων
1336 1338 1446 1388 οὐκ
1493 1334 1844 1396 ἀ·νίσταται;

279 1422 388 1473 Καὶ
408 1421 600 1476 πάλιν*
634 1423 902 1492 Σήμερον
918 1422 1028 1476 ἐὰν
1063 1421 1175 1490 τῆς
1211 1421 1416 1491 φωνῆς
1439 1419 1623 1474 αὐτοῦ
1664 1420 1844 1473 ἁκού-

278 1522 444 1575 σητε,
472 1508 557 1579 μὴ
582 1512 963 1578 σκληρύνητε
995 1510 1100 1575 τὰς
1123 1509 1369 1577 καρδίας
1396 1506 1561 1577 ὑμῶν
1580 1509 1659 1571 ὡς
1680 1508 1749 1560 ἐν
1767 1506 1846 1571 τῷ

277 1595 744 1665 παραπικρασμῷ
761 1613 774 1626 ο
806 1597 899 1648 καὶ
924 1596 1131 1658 τούτοις
1150 1599 1258 1658 τοῖς
1280 1595 1556 1665 λογισμοῖς
1587 1596 1846 1665 δήσαντες

279 1684 500 1744 ἑαυτοὺς
544 1683 1280 1753 ἀνελκύσωμεν.Ἆκουστὸ-ν
1332 1683 1590 1749 ποίησόν
1631 1699 1732 1750 μοι
1779 1681 1845 1732 τὸ

276 1767 426 1835 πρωῒ
472 1767 539 1821 τὸ
583 1767 755 1833 ἔλεός
793 1784 930 1832 σου,
966 1769 1054 1822 ὅτι
1082 1767 1180 1820 ἐπὶ
1208 1768 1307 1821 σοὶ
1337 1767 1842 1837 ἤλπισα.Ἒτερος,

287 1854 610 1909 Ἀκουστὸν
643 1855 902 1922 ποίησόν
933 1872 1036 1924 μοι
1070 1855 1139 1920 ἐξ
1170 1855 1381 1923 ὄρθρου
1405 1854 1472 1908 τὸ
1500 1853 1674 1918 ἔλεός
1705 1870 1842 1919 σου,

281 1942 547 2003 τουτέστι,
577 1941 802 2011 ταχέως.

347 2037 420 2096 ς’.
443 2027 595 2093 Εἶδες
622 2029 944 2100 θλιϐομένην
966 2029 1140 2100 ψυχὴν
1161 2030 1253 2084 καὶ
1271 2029 1670 2100 θορυϐουμένην
1691 2046 1705 2094 ;
1734 2027 1847 2100 Πρὸ

276 2122 420 2192 γὰρι
443 2121 542 2190 τῆς
568 2121 758 2190 πείρας
777 2120 1006 2174 ἀκοῦσαι
1033 2119 1298 2189 βούλεται,
1331 2118 1470 2172 ὥστε
1490 2123 1610 2182 ταῖς
1635 2118 1845 2172 ἐλπίσιν

273 2207 577 2278 ὀρθωθῆναι
599 2209 692 2261 καὶ
715 2209 780 2277 τῇ
807 2207 1114 2278 προσδοκίᾳ..
1131 2209 1196 2260 Ὃ
1215 2207 1270 2260 δὲ
1289 2207 1458 2275 λέγει,
1489 2207 1646 2260 τοῦτό
1671 2208 1842 2260 ἐστιν·

288 2296 611 2366 Ἀνάστησόν
635 2313 698 2366 με
733 2294 842 2349 ἀπὸ
859 2296 960 2365 τῆς
979 2295 1331 2363 ἐπαγγελίας.
1371 2291 1504 2348 Εἶτα
1530 2295 1623 2348 καί
1647 2295 1745 2364 τὴν
1769 2294 1846 2347 δι-

276 2383 587 2450 καιολογίαν
625 2382 719 2436 τοῦ
755 2386 936 2453 τυχεῖν
978 2383 1320 2453 προστίθησι,
1366 2382 1567 2450 λέγων·
1594 2382 1717 2435 Ὅτι
1748 2381 1847 2435 ἐπὶ

273 2469 375 2524 σοι
400 2470 652 2539 ἤλπισα.
679 2470 842 2525 Οὐδὲν
862 2469 969 2541 γὰρ
988 2473 1016 2523 ὁ
1037 2470 1168 2533 Θεὸς
1188 2468 1359 2533 οὕτως
1389 2468 1656 2538 ἐπιζητεῖ,
1684 2468 1760 2532 ὡς
1787 2469 1849 2523 τὸ

273 2557 532 2628 διηνεκῶς
557 2557 692 2629 πρὸς
714 2557 875 2610 αὐτὸν
894 2557 1205 2628 κεχηνέναι.
1225 2556 1537 2625 Γνώρισόν
1550 2575 1673 2626 μοι,
1698 2555 1844 2628 [457]

274 2645 467 2713 Κύριε,
493 2644 657 2710 ὁδὸν,
693 2644 764 2698 ἐν
797 2638 838 2716 ᾖ
874 2645 1240 2714 πορεύσομαι
1263 2661 1278 2676 ’
1325 2645 1414 2698 ὅτι
1456 2645 1605 2713 πρὸς
1634 2645 1709 2696 σὲ
1735 2641 1849 2714 ἦρα

273 2732 386 2797 τὴν
412 2733 626 2801 ψυχήν
651 2750 791 2802 μου.
825 2732 888 2784 Τί
921 2732 1124 2802 λέγεις;
1148 2732 1361 2803 καὶτῆς
1387 2731 1594 2798 φύσεως
1623 2731 1848 2804 ἐχούσης

271 2819 362 2873 τὸν
403 2820 564 2890 νόμον
587 2819 678 2873 τὸν
698 2819 756 2884 ἐξ
781 2820 953 2890 ἀρχῆς
987 2819 1092 2872 ὐπὸ
1127 2820 1220 2872 τοῦ
1263 2819 1398 2873 Θεοῦ
1427 2819 1730 2887 ἐντεθέντα,
1753 2823 1848 2873 καὶ⁹

272 2907 380 2961 τῶν
409 2907 748 2978 γραμμάτων
779 2908 940 2962 αὐτὸν
973 2906 1335 2960 ἀνανεούντων
1372 2907 1480 2959 τῶν
1515 2905 1842 2973 Μωσαῖκῶν,

274 2996 390 3058 πῶς
436 2995 604 3062 ἀξιοῖς
641 2995 816 3065 λέγων
865 2995 1057 3060 πάλιν,
1116 2994 1428 3062 Γνώρισόν
1467 3012 1593 3062 μοι,
1651 2994 1844 3062 Κύριε,

272 3081 437 3148 ὀδόν,
466 3083 536 3136 ἐν
570 3082 608 3151 ᾖ
635 3083 1034 3152 πορεύσομαι;
1056 3082 1126 3134 Ἦ
1147 3078 1240 3136 οὖν
1272 3080 1427 3134 τοῦτό
1462 3082 1607 3134 ἐστιν
1642 3082 1843 3135 εἰπεῖν’

283 3171 438 3223 Ἐπεὶ
455 3171 558 3224 ὐπδ
573 3171 672 3240 τῆς
687 3171 882 3235 κακίας
903 3170 1218 3241 κατεχώσθη
1243 3187 1342 3241 μου
1358 3169 1418 3222 τὸ
1441 3169 1690 3235 συνειδὸς,
1714 3168 1848 3235 ἀξιῶ

273 3258 406 3311 αὐτὸ
453 3258 934 3328 ἀνανεωθῆναι.“Η
973 3259 1090 3312 ὁδὸν
1135 3257 1366 3311 ἐνταῦθα
1415 3257 1482 3310 τὰ
1527 3257 1694 3311 πολλά
1737 3257 1848 3312 τῶν

275 3344 652 3416 ἀγνοουμένων
677 3345 980 3416 ἀνθρώποις
1003 3345 1170 3414 λέγει,
1193 3345 1378 3418 ῶσπερ
1401 3347 1494 3400 καὶ
1513 3345 1724 3410 Παῦλος
1743 3345 1849 3398 δεί-

274 3448 451 3494 κνυσι,
475 3430 647 3499 λέγων
665 3447 679 3461 °
717 3431 786 3484 Τὸ
814 3431 923 3502 γὰρ
951 3433 1009 3485 τί
1036 3432 1495 3502 προσευξώμεθα
1531 3431 1707 3488 καθ’ὃ
1737 3431 1846 3498 δεῖ,

275 3522 387 3572 οὐκ
429 3518 693 3588 οιὸαμεν.
740 3520 804 3572 Εἰ
835 3519 890 3571 δὲ
931 3518 1140 3582 Παῦλος
1176 3521 1357 3588 ἀγνοεῖ
1401 3519 1535 3590 μετά
1581 3521 1848 3593 τοσαύτην

275 3605 496 3674 γνῶσιν,
521 3605 574 3658 τί
609 3605 906 3676 θαυμάζεις
928 3607 976 3659 εἰ
999 3601 1152 3668 οὗτος
1168 3607 1196 3646 δ
1224 3607 1397 3660 ταῦτα
1419 3607 1592 3674 λέγει;
1631 3609 1767 3678 Ὅρα
1793 3609 1849 3662 δὲ

277 3695 438 3749 αὐτὸν
460 3695 610 3748 οὐδὲν
630 3696 885 3760 αἰσθητὸν
905 3695 1135 3750 ἐνταῦθα
1157 3697 1443 3766 ζητοῦντα,
1462 3695 1598 3750 ἀλλά
1615 3698 1713 3768 τὴν
1733 3698 1849 3750 ὁδὸν

277 3783 376 3855 τὴν
396 3784 533 3855 πρὸς
567 3783 700 3837 Θεὸν
731 3782 1020 3854 φέρουσαν,
1057 3786 1150 3838 καὶ
1175 3785 1384 3839 οἴκοθεν
1414 3786 1723 3857 παρέχοντα
1749 3785 1850 3849 τάς

277 3870 469 3940 ἀρχάς.
508 3872 582 3923 Οὐ
610 3870 720 3942 γάρ
749 3871 933 3935 ἁπλῶς
974 3867 1094 3924 εἷπε
1113 3887 1126 3901 ·
1162 3872 1470 3940 Γνώρισόν
1494 3889 1616 3942 μοι,
1651 3871 1846 3941 Κύριε,

280 3957 394 4025 τὴν
421 3957 564 4012 ὁδὸν
597 3959 714 4026 τὴν
743 3957 888 4028 πρὸς
922 3959 997 4014 σὲ
1028 3957 1356 4027 φέρουσαν,
1381 3959 1516 4013 ἀλλά
1543 3959 1627 4027 τί;
1665 3961 1849 4014 Ἐπει-

278 4045 356 4111 δὴ
390 4045 538 4113 πρὸς
565 4045 640 4098 σὲ
665 4041 778 4114 ἦρα
806 4045 920 4114 τὴν
956 4046 1165 4115 ψυχήν
1221 4062 1366 4114 μου⁶
1411 4048 1675 4113 τουτέστι,
1709 4049 1853 4120 Πρὸς

283 4134 341 4186 σὲ
381 4133 600 4206 κέχηνα,
644 4134 780 4204 πρὸς
819 4133 879 4186 σὲ
929 4133 1126 4203 βλέπω.
1166 4134 1387 4198 Τούτοις
1420 4135 1527 4207 γὰρ
1559 4137 1792 4206 μάλιστα
1825 4139 1853 4190 ὁ

279 4222 412 4286 Θεὸς
439 4223 708 4293 γνωρίζει.
733 4224 822 4276 Διὸ
849 4225 979 4294 περὶ
994 4224 1258 4278 Ἰουδαίων
1279 4225 1482 4294 ἔλεγεν,
1503 4227 1852 4297 ἐρωτώμενος

280 4312 368 4365 διὰ
411 4312 463 4364 τί
501 4315 558 4365 ἐν
589 4311 918 4384 παραϐολαῖς
945 4313 1095 4366 λαλεῖ
1127 4315 1338 4377 αὐτοῖς’
1382 4315 1501 4367 Ὀτι
1521 4315 1855 4380 ,ϐλέποντες

281 4403 354 4454 οὐ
381 4399 704 4463 βλέπουσι,
741 4400 840 4454 καί
863 4401 1182 4467 ἀκούοντες
1200 4404 1311 4454 οὐκ
1333 4402 1643 4456 ἀκούουσι.
1675 4402 1748 4456 Τὸ
1772 4402 1851 4466 δὲ,

282 4481 454 4554 Ἦρα,
489 4489 832 4558 Μετέστησα,
869 4489 940 4560 ἢ(
970 4489 1246 4559 μετέθηκα
1270 4489 1408 4558 πρὸς
1435 4489 1494 4540 σὲ
1518 4487 1659 4562 [τὴν]
1679 4490 1855 4562 ψυχήν

287 4575 388 4648 μού
423 4579 590 4632 ἐστιν.
621 4575 865 4640 Ἐξελοῦ
895 4593 971 4644 με
1009 4577 1076 4630 ἐκ
1099 4575 1217 4630 τῶν
1233 4576 1461 4645 ἐχθρῶν
1481 4593 1620 4644 μου,
1657 4579 1854 4646 Κύριε,

283 4663 433 4731 πρὸς
465 4665 540 4716 σὲ
571 4663 924 4732 κατέφυγον.
943 4664 1082 4735 ’Ὁρα
1123 4662 1395 4733 πανταχοῦ
1423 4661 1522 4725 τὰς
1551 4663 1729 4723 αἰτίας
1765 4665 1858 4718 καὶ

283 4751 436 4820 παρὰ
461 4750 554 4804 τοῦ
573 4751 823 4821 δεομένου
841 4750 1305 4822 προσφερομένας.
1329 4748 1424 4816 Μὴ
1445 4750 1853 4819 ἀποστρέψῃς,

285 4839 450 4910 φησί,
483 4839 548 4892 τὸ
576 4839 897 4907 πρόσωπόν
926 4854 1042 4891 σου
1075 4837 1175 4891 ἀπ’
1195 4837 1361 4906 ἐμοῦ,
1390 4837 1478 4890 ὅτι
1499 4835 1731 4904 ἤλπισα
1759 4840 1856 4893 ἐπὶ

283 4928 380 4981 σέ.
414 4926 722 4994 Γνώρισόν
753 4946 853 4997 μοι
879 4927 1045 4990 ὁδὸν,
1064 4923 1159 4978 ὅτι
1184 4924 1334 4993 πρὸς
1361 4925 1436 4978 σὲ
1464 4922 1580 4997 ἦρα
1606 4925 1721 4995 τὴν
1747 4929 1858 4996 ψυ·

285 5015 409 5084 χήν
431 5033 569 5083 μου.
589 5015 835 5080 Ἕξελοῦ
854 5033 930 5083 με
957 5015 1024 5068 ἐκ
1047 5015 1168 5068 τών
1187 5012 1414 5081 ἐχθρῶν
1437 5031 1575 5083 μου,
1597 5014 1682 5068 ὅτι
1708 5015 1856 5082 πρὸς

282 5105 360 5158 σὲ
389 5104 745 5172 κατέφυγον.
783 5101 1038 5165 Δίδαξόν
1067 5120 1143 5171 με
1180 5101 1286 5155 τοῦ
1313 5101 1505 5155 ποιεῖν
1533 5103 1596 5156 τὸ
1631 5102 1858 5173 θέλημά

283 5208 424 5256 σου,
455 5191 544 5244 ὅτι
567 5191 646 5244 σὺ
669 5185 725 5244 εἷ
747 5193 778 5244 ό
809 5191 953 5254 Θεός
973 5206 1111 5257 μου.
1145 5191 1258 5242 Οὐκ
1281 5186 1422 5252 εἷπε,
1448 5188 1664 5256 Δίδαξόν
1701 5209 1767 5262 με
1796 5193 1857 5244 τὸ

283 5279 496 5350 θέλημά
537 5296 650 5346 σου,
694 5277 897 5344 ἁπλῶς,
942 5275 1098 5341 ἀλλὰ,
1145 5277 1253 5331 Τοῦ
1304 5276 1497 5330 ποιεῖν
1538 5279 1601 5331 τὸ
1631 5279 1855 5349 θέλημά

349 5452 376 5531 ἶ
399 5449 550 5531 ἓὲἳῖἱί·
574 5451 800 5531 ειη-ξγάρ-

349 5515 376 5554 b
404 5512 553 5580 Sayjl.
583 5515 622 5562 εἰ
664 5512 815 5580 οὗτος,
840 5515 1032 5580 omissis
1050 5516 1277 5580 cgeteris;
1311 5521 1460 5578 atque
1486 5513 1554 5566 ita
1578 5517 1703 5580 legit
1725 5516 1854 5567 Gen-

285 5575 449 5637 tianua
473 5575 955 5636 Hervetus.Utraque
975 5576 1125 5625 lectio
1147 5577 1366 5637 quadrat.

353 5644 376 5666 υ
411 5636 691 5694 Μετέστησα
721 5638 752 5694 ἡ
797 5637 1108 5686 desideratur
1147 5636 1198 5686 in
1227 5640 1347 5688 edit.
1380 5638 1550 5688 Morel.
1587 5638 1685 5690 Sed
1710 5640 1857 5690 habe—

287 5705 370 5747 tur
392 5699 456 5766 in
481 5699 593 5748 aliis
629 5698 1010 5760 exemplaribus.
1051 5699 1206 5750 Paulo
1249 5706 1360 5764 post
1397 5701 1546 5752 Savll.
1571 5702 1649 5752 ὅτε
1667 5703 1781 5766 πρὸς
1803 5705 1856 5752 σὲ

285 5761 561 5822 κατέφυγον.

1316 335 1676 397 EXPOSITIO
1712 333 1778 389 IN
1816 330 2146 394 PSALMUH
2186 338 2383 396 CXLII.

3415 345 3519 400 456

1953 467 2102 508 σου·
2131 455 2427 518 τουτέστιν,
2457 456 2550 520 Εἰς
2587 457 2656 511 τά
2701 458 2838 530 ἔργα
2883 460 3021 516 αὐτά
3055 458 3378 532 ἐμϐίϐασον.
3407 459 3518 528 Τῆς

1948 538 2056 610 γὰρ
2088 541 2294 594 ἄνωθιεν
2333 543 2505 612 ῥοπῆς
2529 544 2707 614 χρεία,
2729 547 2825 600 καὶ
2851 547 3098 600 ἐκεῖθενά
3133 549 3230 616 τῆς
3260 546 3516 600 διδασκα-

1947 625 2086 694 λίας,
2107 627 2245 680 ῶστε
2267 628 2497 698 βαδίζειν
2520 631 2617 701 τὴν
2639 633 2732 684 ἐπὶ
2749 632 2846 703 τὴν
2869 633 3068 704 ἀρετὴν
3089 634 3356 706 φέρουσαν
3378 633 3514 686 ὁδόν

1947 713 2046 782 οὐχ
2075 714 2231 786 ήμῶν
2260 715 2589 786 ἀργούντων,
2611 718 2855 773 ἀλλὰκαὶ
2887 721 3042 792 ἡμῶν
3069 724 3138 777 τὰ
3164 725 3290 793 παρ’
3309 720 3517 774 ἑαυτῶν

1947 803 2449 874 είσφερόντων.”οτι
2479 805 2559 860 σὺ
2593 804 2652 860 εἷ
2674 811 2706 862 ὀ
2730 809 2871 875 Θεός
2901 829 3038 879 μου.
3059 811 3218 882 Ὁρᾷς
3247 809 3344 874 τὰς
3364 809 3518 879 αἰτή-

1950 906 2062 953 σεις
2110 891 2274 944 αὐτοῦ
2319 895 2733 964 πνευματικέκς
2779 897 2852 948 Οὐ
2891 897 2999 968 γάρ
3049 899 3174 970 περὶ
3219 897 3515 968 χρημάτων

1947 978 2040 1031 καὶ
2063 979 2397 1044 δυναστείας,
2443 983 2537 1035 καὶ
2578 982 2753 1051 δόξης,
2782 984 2895 1037 ἀλλ’
2926 985 3065 1056 ὑπὲρ
3097 985 3189 1038 τοῦ
3221 985 3282 1038 τὸ
3305 985 3516 1054 θέλημα

1945 1065 2037 1119 τοῦ
2066 1066 2200 1119 Θεοῦ
2234 1071 2423 1133 ποιεῖν,
2447 1070 2711 1140 προσάγει
2733 1071 2831 1141 τὴν
2847 1071 3060 1142 αἴτησιν
3081 1089 3093 1102 ·
3122 1074 3256 1143 ὅπερ
3280 1071 3396 1124 ἐστὶ
3420 1070 3518 1140 θη-

1948 1153 2143 1226 σαυρὸς
2162 1154 2267 1207 τῶν
2289 1156 2506 1224 ἀγαθῶν
2526 1157 2798 1222 ἁπάντων,
2831 1158 2925 1212 καὶ
2957 1158 3181 1221 πλοῦτος
3203 1158 3514 1226 ἀνελλιπὴς,

1945 1241 2034 1294 καί
2058 1242 2355 1312 εὐημερίας
2381 1242 2540 1314 ἀρχὴ,
2572 1246 2666 1298 καὶ
2688 1245 2831 1315 ῥίζα,
2867 1247 2959 1298 καὶ
2989 1247 3127 1314 μέσα
3147 1258 3192 1308 ο,
3215 1245 3308 1298 καὶ
3343 1245 3512 1308 τέλος.

1951 1329 2019 1380 Τὸ
2053 1329 2292 1398 Πνεῦμα
2321 1346 2436 1384 σου
2465 1331 2529 1384 τὸ
2554 1333 2778 1400 ἀγαθὸν
2809 1332 3093 1402 ὁδηγήσει
3118 1350 3194 1401 με
3223 1333 3292 1385 ἐν
3318 1331 3394 1400 γῇ
3421 1335 3516 1385 εὐ·

1947 1418 2093 1483 θείᾳ.
2113 1419 2272 1488 Ὁρᾷς
2292 1418 2406 1483 πῶς
2431 1419 2791 1490 μανθάνομεν,
2817 1421 2928 1484 πῶς
2955 1418 3313 1490 διδασκόμεθα
3335 1419 3516 1471 ἀνύειν

1943 1505 2042 1576 τὴν
2068 1505 2183 1558 ὁδὸν
2205 1506 2290 1559 διὰ
2311 1507 2403 1559 τοῦ
2429 1507 2566 1560 Πνεύ
2576 1525 2740 1578 ματος
2765 1507 2857 1561 τοῦ
2887 1508 3070 1576 ἁγίους
3095 1508 3183 1559 Aab
3211 1509 3304 1558 καὶ
3327 1509 3353 1559 ὁ
3372 1504 3516 1559 Παῦ-

1945 1593 2034 1656 λος
2069 1593 2278 1661 ἐλεγενο
2320 1594 2481 1661 Ἡμῖν
2509 1593 2576 1646 δὲ
2619 1598 2651 1648 ὁ
2702 1595 2846 1660 Θεὸς
2888 1596 3246 1662 ἀπεκιίλυψε
3285 1595 3383 1647 διὰ
3409 1593 3515 1646 τοῦ

1945 1681 2289 1748 Πνεύματος
2336 1682 2539 1736 αὐτοῦ.
2578 1683 2678 1735 Ἐν
2720 1681 2798 1750 γῇ
2839 1684 3053 1748 εὐθείᾳ.
3097 1681 3252 1734 Κατὰ
3293 1682 3388 1751 μὲν
3417 1680 3514 1750 τὴν

1948 1767 2124 1838 ῥῆσιν,
2156 1767 2252 1839 τὴν
2287 1769 2518 1839 πατρίδα
2539 1769 2702 1822 αὐτοῦ
2740 1788 2903 1840 φησι·
2935 1769 3076 1823 κατά
3117 1770 3173 1822 δὲ
3203 1769 3512 1839 ἀναγωγὴν,

1942 1854 2042 1924 τὴν
2074 1855 2165 1907 ἐπὶ
2200 1853 2296 1925 τὴν
2328 1855 2529 1928 ἀρετὴν
2557 1855 2824 1928 φέρουσαν
2865 1857 3202 1918 ὁδόν.Ἀλλος
3239 1857 3297 1910 δέ
3341 1873 3474 1926 φησι
3497 1872 3510 1886 ·

1943 1941 2046 1995 Διά
2076 1941 2188 2010 γῆς
2209 1941 2458 2010 ὁμαλῆς.
2495 1943 2661 1997 Οὐδὲν
2683 1943 2790 2014 γὰρ
2808 1943 3073 2015 λειότερον
3103 1944 3321 2015 ἀρετῆς,
3353 1943 3516 2014 θορύ-

1945 2029 2055 2082 ϐων
2079 2030 2502 2101 ἀπηλλαγμένης
2534 2032 2624 2084 καὶ
2655 2032 2919 2102 ταραχῆς.
2949 2032 3198 2084 Ἕνεκεν
3236 2031 3341 2084 τοῦ
3385 2031 3519 2084 ὀνό-

1939 2119 2128 2185 ματός
2178 2133 2326 2183 σου,
2379 2119 2580 2188 Κύριε,
2633 2117 2830 2187 ζήσεις
2870 2136 2965 2187 με.
3018 2120 3178 2189 Ὁρᾷς
3221 2119 3378 2172 πάλιν
3425 2117 3518 2173 ἐπὶ

1944 2207 2036 2260 τὸν
2087 2206 2218 2260 Θεὸν
2268 2207 2286 2245 ί
2331 2207 2768 2277 καταφεύγοντα,
2811 2209 2872 2260 οὐ
2915 2208 3191 2280 παρρησία
3230 2209 3343 2278 βίου
3389 2207 3522 2276 Οαρ-

1948 2293 2142 2365 ροῦντα
2162 2310 2176 2357 ;

2019 2379 2168 2453 [458]
2200 2382 2302 2435 Ἐν
2345 2381 2420 2450 τῇ
2464 2381 2817 2451 δικαιοσύνῃ
2869 2399 2985 2436 σου
3024 2380 3258 2448 ἐξάξεις
3290 2382 3357 2436 ἐκ
3391 2382 3519 2435 θλί-

1946 2472 2105 2538 ψεως
2142 2469 2255 2537 τὴν
2291 2469 2501 2540 ψυχήν
2519 2470 2860 2539 μου.”Αλλος
2880 2470 3042 2542 φησίν
3061 2487 3075 2502 ’
3120 2471 3215 2523 Ἐν
3240 2468 3313 2537 τῇ
3345 2469 3517 2534 ἐλεη-

1941 2559 2181 2628 μοσύνῃ
2199 2560 2365 2612 σουε.
2385 2559 2544 2629 Ὁρᾷς
2564 2557 2679 2622 πῶς
2691 2558 2904 2628 ἀληθὲς,
2927 2559 3062 2630 ὅπερ
3079 2557 3382 2629 ἔμπροσθεν
3406 2555 3519 2609 ἕλε·

1947 2663 2062 2713 γον,
2079 2647 2159 2698 ὅτι
2175 2643 2440 2714 πολλαχοῦ
2457 2645 2554 2715 τὴν
2568 2644 2910 2716 δικαιοσύνην
2926 2645 3087 2699 αὐτοῦ
3112 2645 3516 2716 φιλανθρωπίαν

1948 2732 2132 2799 καλεῖ;
2171 2731 2428 2798 Ἐξάξεις
2458 2733 2526 2786 ἐκ
2554 2733 2814 2800 θλίψεως
2846 2733 2960 2802 τὴν
2984 2733 3194 2802 ψυχήν
3221 2750 3360 2802 μου.
3398 2731 3518 2784 Ei}-

1948 2825 2129 2890 χεσθε
2169 2819 2298 2891 γὰρ,
2345 2821 2497 2891 φησί,
2545 2821 2631 2889 μὴ
2683 2821 2981 2875 εἰσελθεῖν
3028 2824 3113 2886 είς
3166 2822 3516 2888 πειρασμόν.

1947 2908 2054 2961 Καὶ
2082 2907 2151 2960 ἑν
2181 2906 2258 2972 τῷ
2281 2906 2434 2961 ἐλέει
2461 2922 2576 2960 σου
2607 2907 3059 2974 ἑξολοθρεύσεις
3096 2908 3238 2973 τοὺς
3269 2905 3519 2974 ἐχθρούς

1941 3012 2082 3064 μου.
2122 2994 2232 3046 Οὐκ
2252 2993 2657 3064 ἐπειδὴ,φησίν,
2682 2993 2792 3063 ἐγὼ
2818 2995 2986 3059 ἄξιος,
3017 2995 3151 3049 ἀλλά
3172 2994 3262 3047 διὰ
3294 2993 3386 3065 τὴν
3421 2995 3520 3064 σὴν

1949 3082 2354 3152 φιλανθρωπίαν
2397 3081 2701 3148 ἀπάλλαξόν
2748 3099 2814 3152 με
2862 3081 2971 3134 τῶν
3013 3081 3388 3152 πολεμούντων
3429 3097 3517 3150 με,

1947 3169 2306 3239 ἐλευθέρωσον
2360 3168 2475 3222 τῶν
2517 3168 3005 3232 ἐπιϐουλευόντων,
3050 3169 3138 3233 δὸς
3189 3167 3520 3223 ἀναπνεῦσαι

1951 3257 2145 3328 μικρὸν
2170 3257 2278 3310 ἀπὸ
2295 3256 2394 3327 τῆς
2415 3255 2664 3325 θλίψεως.
2699 3257 2808 3310 Καὶ
2837 3257 3084 3323 ἀπολεῖς
3112 3256 3342 3322 πάντας
3379 3256 3522 3320 τοὺς

1949 3347 2264 3411 θλίϐοντας
2301 3343 2416 3411 τὴν
2448 3343 2658 3413 ψυχήν
2681 3361 2798 3414 μου
2825 3385 2839 3408 ,
2878 3343 2966 3398 ὅτι
2998 3344 3110 3414 ἐγὼ
3151 3343 3372 3411 δοῦλός
3405 3361 3520 3397 σου

1946 3431 2235 3504 είμ[.”ορα
2269 3431 2429 3486 πάλιν
2461 3433 2560 3504 τὴν
2592 3432 2770 3485 αἰτίαν
2804 3434 3080 3503 κειμένην.
3113 3433 3188 3486 Οὐ
3228 3433 3338 3504 γὰρ
3377 3431 3522 3485 ἐστιν

1948 3521 2135 3584 ἁπλῶς
2175 3521 2552 3591 ἐπιτυγχάνειν
2578 3519 2686 3574 τῶν
2725 3521 3014 3592 αἰτήσεων,
3065 3519 3202 3574 ἀλλά
3247 3519 3520 3591 πανταχοῦ

1949 3610 2383 3681 παρασκευάζειν
2437 3609 2660 3671 ἑαυτοὺς
2711 3606 2894 3672 ἀξίους
2931 3608 3036 3679 χρὴ
3080 3607 3174 3662 τοῦ
3227 3608 3522 3679 λαμϐάνειν

1949 3698 2093 3769 άπερ
2138 3696 2416 3767 αἰτοῦμεν,
2458 3696 2550 3750 καὶ
2604 3694 2672 3748 τὰ
2714 3697 2844 3767 παρ’
2872 3695 3076 3749 ἐαυτῶν
3128 3697 3518 3767 συνεισφέρειν,

1951 3787 2045 3838 καὶ
2074 3784 2214 3838 οῦτω
2240 3784 2539 3855 προσιέναι.
2569 3784 2644 3837 Οὐ
2671 3781 2780 3854 γὰρ
2806 3785 2964 3853 ἀρκεῖ
2989 3784 3147 3856 μόνον
3170 3783 3268 3855 τῆς
3289 3786 3453 3854 εὐχῆς
3487 3787 3520 3855 ἡ

1953 3874 2113 3942 φύσις
2137 3888 2150 3903 ⁶
2185 3873 2308 3925 ἐπεὶ
2333 3872 2426 3927 καί¹
2454 3872 2695 3926 Ἰουδαῖοι
2729 3870 2977 3944 ηὔχοντο,
3009 3872 3103 3925 καὶ
3131 3872 3325 3942 ἤκουον
3349 3889 3362 3903 ·
3394 3871 3443 3925 Κ
3446 3873 3522 3926 ἂν

1951 3961 2293 4029 πληθύνητε
2324 3960 2439 4028 τὴν
2464 3958 2699 4028 δέησιν,
2733 3963 2843 4014 οὐκ
2877 3961 3306 4029 εἰσακούσομαι
3335 3961 3520 4029 ὑμῶν.

1951 4047 2061 4101 Καὶ
2081 4046 2134 4098 τί
2161 4045 2475 4116 θαυμάζεις,
2502 4047 2550 4099 εἰ
2583 4048 2630 4099 οἱ
2673 4047 2914 4101 Ἰουδαῖοι
2941 4047 3040 4100 οὐκ
3075 4047 3350 4116 ἠκούοντο,
3387 4048 3521 4101 ὅπου

1952 4152 2015 4203 γε
2039 4135 2132 4188 καὶ
2163 4133 2426 4204 Ἱερεμίας
2458 4134 2596 4204 ὑπὲρ
2633 4133 2811 4186 αὐτῶν
2840 4133 3173 4204 παρακαλῶν
3207 4135 3520 4203 ἐπετιμᾶτο,

1953 4223 2044 4275 καὶ
2071 4221 2215 4285 ama
2238 4223 2330 4275 καὶ
2354 4222 2434 4284 δὶς
2457 4221 2674 4274 ἀκούει·
2697 4223 2751 4274 Μ
2761 4220 2792 4288 ὴ
2827 4224 3167 4291 προσεύχου
3199 4223 3386 4291 ὑπὲριι
3417 4221 3523 4275 τοῦ

1952 4310 2106 4363 λαοῦ
2134 4310 2370 4374 τούτου,
2406 4309 2494 4362 ὅτι
2536 4311 2648 4362 οὐκ
2686 4310 3119 4378 εἰσακούσομαί
3150 4325 3305 4372 σου;
3333 4310 3442 4362 Καὶ
3470 4309 3524 4361 τί

1955 4395 2253 4466 θαυμάζεις
2273 4398 2321 4448 εἰ
2356 4396 2624 4466 Ἱερεμίας
2651 4396 2750 4448 οὐκ
2779 4395 3198 4466 είσακούσηταις
3230 4395 3357 4449 Κᾶν
3372 4395 3520 4461 Νῶε,

1955 4485 2106 4556 φησὶ,
2136 4483 2252 4538 κᾶν
2292 4483 2430 4548 Ἰὼϐ,
2459 4484 2575 4537 κᾶν
2603 4472 2826 4550 Δᾱνιὴλ
2857 4483 3106 4547 στῶσιν,
3135 4484 3304 4550 υἱοὺς
3327 4484 3524 4539 αὐτῶν

1955 4571 2053 4626 καί
2083 4571 2405 4642 θυγατέρας
2441 4574 2513 4626 οὐ
2537 4572 2624 4640 μὴ
2649 4570 2988 4636 ἐξέλωνται.
3024 4571 3208 4625 Ταῦτα
3239 4575 3416 4628 τοίνυν
3447 4576 3526 4626 εἰ-

1954 4657 2123 4722 δότες,
2162 4659 2236 4729 μὴ
2283 4645 2439 4728 μόνον
2485 4658 2790 4729 εὐχώμεθα,
2837 4659 2972 4712 ἀλλά
3022 4660 3162 4730 μετά
3202 4659 3309 4713 τῶν
3351 4659 3526 4730 εὐχῶν

1955 4746 2136 4813 ἀξίους
2165 4747 2391 4810 ἐαυτούς
2421 4744 2922 4818 παρασκευάζωμεν
2950 4747 3042 4800 τοῦ
3073 4747 3274 4811 λαϐεῖν,
3307 4749 3391 4802 ἵνα
3431 4749 3526 4802 καὶ

1955 4833 2062 4886 τῶν
2099 4833 2376 4905 παρόντων
2406 4833 2634 4888 καὶτῶν
2671 4833 2968 4904 μελλόντων
3007 4833 3349 4906 ἐπιτύχωμεν
3389 4837 3528 4903 ἀγα-

1957 4919 2064 4973 θῶν
2085 4937 2100 4952 °
2145 4914 2220 4974 ὧν
2253 4922 2460 4989 γένοιτο
2487 4920 2694 4984 πάντας
2720 4921 2867 4990 ἡμᾶς
2898 4921 3168 4990 ἐπιτυχεῖν
3208 4924 3390 4994 χάριτι
3431 4923 3525 4974 καὶ

1957 5010 2332 5082 φιλανθρωπίᾳ
2362 5009 2458 5063 τοῦ
2491 5011 2696 5081 Κυρίου
2723 5009 2877 5082 ἡμῶν
2917 5009 3086 5082 Ἰησοῦ
3117 5011 3351 5082 Χριστοῦ
3374 5053 3386 5075 ,
3415 5004 3459 5078 ᾧ
3488 5015 3520 5082 ἡ

1956 5098 2082 5165 δόξα
2125 5099 2218 5151 καὶ
2261 5099 2321 5152 τὸ
2367 5099 2584 5170 κράτος,
2618 5100 2697 5162 είς
2745 5100 2870 5163 τοὺς
2915 5099 3114 5163 αἰῶνας
3148 5099 3254 5152 τῶν
3292 5098 3520 5152 αἰώνων.

1969 5189 2161 5258 Ἀμήν.

2015 5395 2045 5435 d
2069 5396 2150 5445 Sic
2169 5396 2317 5445 Savil.
2351 5395 2405 5444 In
2428 5393 2604 5444 Morel.
2629 5396 2798 5444 ἐκεῖθεν
2818 5397 2979 5445 deest.

2019 5469 2042 5498 ο
2068 5457 2216 5506 Savil.
2240 5458 2320 5504 καὶ
2343 5458 2759 5520 μέσηΛεεειιόυω
2782 5464 2947 5508 autem
2969 5457 3240 5520 suspicatur
3262 5456 3342 5504 καὶ
3360 5456 3521 5513 μέσον.

1957 5517 2076 5567 Mor.
2108 5520 2188 5566 καὶ
2211 5520 2349 5567 ιιέσα.
2372 5518 2517 5566 bene.

2005 5531 2076 5566 Ol'.
2108 5535 2171 5566 κα

2026 5578 2046 5616 τ
2076 5578 2227 5641 δενιις.
2252 5580 2326 5628 ἐπὶ
2347 5579 2426 5627 τὸν
2448 5579 2637 5641 Κύριον.

2020 5642 2046 5702 β
2073 5641 2185 5688 Haec
2205 5638 2548 5702 interpretatio
2571 5646 2648 5688 est
2674 5639 2972 5702 Symmachi.

2019 5700 2047 5739 h
2083 5702 2231 5750 Savil.
2256 5700 2380 5764 περί.
2413 5700 2540 5749 Infra
2558 5700 2706 5764 Savll.
2747 5708 2882 5764 putat
2907 5701 3168 5764 legendum
3189 5703 3276 5754 οὐκ
3303 5705 3524 5754 εἰσακου-

1959 5765 2199 5827 σθήσιται,
2227 5761 2334 5826 ipse
2360 5775 2476 5814 vero
2499 5763 2619 5825 legit
2642 5762 2728 5812 οὐκ
2751 5761 3097 5814 εἰσακούσεται.

2211 5518 2352 5580 μέσα,
2372 5518 2517 5580 bene,
