4070 6340
283 357 388 417 457

412 437 418 450 τ
749 466 816 523 1N
855 457 1177 523 PSALMUM
1205 461 1429 520 CXLIII.

289 607 343 664 1.
383 605 686 661 Benedictus
715 603 964 658 Dominus
1011 601 1148 655 Deus
1188 615 1347 662 meus,
1390 597 1478 665 qui
1522 595 1664 650 docet
1692 608 1873 646 manus

481 714 620 752 meas
645 698 712 750 ad
740 697 994 768 praelium,
1022 694 1204 765 digitos
1228 707 1362 745 meos
1381 688 1449 743 ad
1474 688 1677 742 bellum.

367 837 420 888 1.
460 833 598 900 Quid
626 833 798 888 dicis?
827 834 1034 888 Deusne
1067 831 1225 886 docet
1271 830 1493 893 bellare,
1539 841 1794 897 pugnare,
1823 834 1879 880 et

293 928 410 983 acie
451 925 779 996 conﬂigere?
828 926 1054 980 Maxime
1096 923 1312 994 quidem
1360 941 1374 976 :
1426 937 1532 976 non
1583 919 1880 990 peccaverit

297 1017 581 1087 quispiam,
610 1018 698 1087 qui
725 1017 999 1071 victoriam
1030 1031 1148 1086 quze
1191 1015 1277 1069 his
1304 1021 1542 1083 paratur,
1582 1011 1631 1065 ei
1673 1009 1883 1064 adscri-

302 1110 484 1177 pserit.
535 1109 647 1162 Hoc
691 1108 830 1162 enim
879 1107 980 1161 sibi
1019 1107 1131 1161 vult
1176 1103 1342 1171 illud,
1383 1103 1483 1169 Qui
1525 1103 1665 1156 docet
1703 1115 1883 1154 manus

298 1216 456 1253 meas.
489 1199 600 1253 Hoc
646 1208 749 1263 est,
781 1198 880 1265 Qui
911 1197 1036 1252 facit
1063 1206 1121 1251 ut
1162 1197 1374 1253 vincam
1422 1195 1624 1258 hostes,
1671 1200 1728 1245 ut
1777 1202 1886 1245 tro-

300 1305 470 1360 paeum
499 1292 724 1361 erigam.
756 1289 979 1356 Quando
1013 1289 1158 1345 enim
1199 1287 1485 1357 prostravit
1527 1283 1762 1350 Goliath,
1796 1283 1886 1338 ille

301 1379 401 1436 fuit
425 1395 476 1436 c2
490 1396 582 1435 usa
607 1381 866 1446 victoriae,
900 1389 956 1435 et
992 1377 1204 1450 quando
1232 1378 1396 1432 multa
1421 1376 1559 1431 bella
1588 1384 1733 1430 recte
1762 1389 1884 1443 ges-

302 1474 392 1539 sit,
419 1481 474 1528 et
499 1482 694 1542 tropzea
722 1473 910 1535 erexit,
939 1479 993 1525 et
1016 1471 1221 1540 aliquot
1257 1471 1416 1524 urbes
1447 1468 1678 1522 hostium
1708 1466 1756 1520 vi
1801 1481 1890 1520 ce-

305 1564 400 1633 pit,
430 1563 473 1617 is
501 1562 598 1616 fuit
623 1562 674 1616 in
700 1577 858 1616 eausa
886 1571 946 1616 ut
974 1562 1235 1616 vinceret.
1264 1560 1329 1614 Et
1372 1559 1490 1613 ideo
1519 1573 1716 1612 canens
1745 1556 1890 1611 dice-

304 1654 396 1707 bat
426 1671 440 1709 :
466 1653 714 1706 Dominus
745 1655 889 1722 fortis
916 1661 962 1706 et
988 1661 1181 1721 potens,
1213 1649 1461 1704 Dominus
1488 1658 1662 1718 potens
1691 1648 1744 1700 in
1764 1663 1891 1718 pra:-

306 1746 374 1799 lio
401 1744 570 1819 (Psal.
609 1746 698 1802 82.
741 1746 819 1813 5).
858 1744 1022 1800 Musis
1049 1758 1260 1815 quoque
1304 1752 1546 1812 tempore
1573 1740 1737 1798 multa
1766 1739 1894 1795 fecit

307 1837 592 1908 ejusmodi.

377 1930 635 1984 Auxilium
661 1929 882 1982 divinum
901 1928 1042 1982 nobis
1068 1926 1398 1981 necessarium
1422 1925 1490 1978 ad
1517 1923 1702 1979 bellum
1721 1932 1894 1978 contra

308 2024 586 2078 demands.
620 2021 821 2075 Bellum
847 2020 1034 2074 diaboli
1057 2020 1292 2074 adversus
1317 2019 1562 2072 homines.
1602 2017 1893 2071 Misericor-

310 2115 446 2168 diam
463 2112 558 2166 Dei
579 2122 633 2165 ut
649 2129 1033 2181 consequamur.
1050 2112 1288 2166 Subditos
1304 2119 1355 2163 ut
1370 2111 1422 2164 in
1439 2111 1598 2181 oﬁicio
1617 2111 1894 2175 contineas,

319 2203 411 2257 Dei
437 2204 629 2257 auxilio
656 2220 782 2272 opus
809 2213 900 2257 est.
934 2233 1008 2244 —
1033 2202 1226 2256 Verum
1267 2201 1408 2256 aliud
1449 2217 1662 2272 quoque
1699 2201 1894 2256 bellum

312 2294 522 2348 esthoc
555 2296 791 2364 gravius,
844 2293 933 2349 ubi
977 2294 1130 2347 nobis
1173 2292 1403 2347 maxime
1446 2307 1676 2363 superno
1702 2291 1898 2346 auxilio

312 2401 447 2455 opus
472 2396 572 2452 est,
601 2386 739 2456 quod
765 2386 967 2456 geritur
999 2395 1188 2442 contra
1228 2394 1516 2456 potestates
1545 2385 1896 2440 adversarias.

313 2477 464 2546 Quod
504 2489 680 2532 autem
726 2493 822 2532 nos
865 2487 1046 2532 contra
1093 2492 1184 2531 eas
1231 2477 1424 2530 bellum
1465 2491 1733 2546 geramus,
1776 2477 1899 2530 audi

319 2571 539 2626 Paulum
557 2571 822 2626 dicentem
843 2588 857 2623 :
883 2569 1003 2624 Non
1029 2580 1099 2624 est
1123 2570 1264 2624 nobis
1289 2571 1423 2624 lucta
1443 2572 1680 2624 adversus
1698 2587 1901 2624 carnem

315 2673 364 2716 et
394 2665 710 2732 sanguinem,
738 2664 827 2718 sed
854 2664 1090 2717 adversus
1119 2665 1453 2734 principatus,
1481 2664 1719 2717 adversus
1758 2673 1901 2729 pote-

317 2767 490 2821 states,
507 2758 746 2812 aduersus
762 2758 936 2810 mundi
957 2758 1208 2828 principes
1228 2757 1545 2811 tenebrarum
1561 2756 1732 2811 saeculi
1749 2760 1903 2824 hujus

319 2847 534 2921 (Ep/tes.
559 2849 611 2904 6.
642 2849 730 2921 l9.)
755 2867 767 2901 :
801 2859 855 2904 et
878 2865 942 2904 eo
966 2850 1199 2920 gravius,
1229 2849 1370 2918 quod
1398 2864 1463 2904 ex
1492 2849 1593 2902 alia
1624 2858 1809 2903 natura
1833 2850 1905 2904 sit

315 2956 502 2994 earnm
532 2942 820 3004 exercitus,
853 2950 906 2995 et
932 2956 1048 3010 qua:
1081 2939 1180 2995 sub
1217 2947 1491 3010 aspectum
1521 2955 1628 2993 non
1657 2939 1818 3006 cadit,
1850 2949 1906 2995 et

320 3031 462 3101 quod
483 3047 590 3086 non
611 3032 678 3086 de
697 3031 860 3086 rebus
885 3031 1090 3102 exiguis
1118 3031 1308 3100 agitur,
1343 3029 1437 3085 sed
1461 3030 1529 3086 de
1555 3031 1725 3086 salute
1758 3038 1815 3086 et
1838 3031 1906 3086 de

323 3124 577 3193 pernicie.
600 3123 714 3178 Non
740 3132 961 3193 possunt
985 3122 1072 3177 hic
1095 3123 1258 3177 videri
1287 3123 1530 3177 homines
1550 3123 1637 3192 qui
1664 3122 1908 3178 occidun-

325 3224 431 3280 tur,
468 3230 575 3269 non
607 3222 782 3284 potest
805 3213 1064 3283 praesciri,
1094 3228 1191 3268 nec
1218 3220 1444 3282 tempus,
1474 3228 1573 3268 nec
1599 3213 1903 3282 difﬁcultas,

325 3321 428 3361 nec
453 3307 620 3372 locus,
649 3321 748 3360 nec
773 3304 972 3375 aliquid
1016 3305 1157 3358 aliud
1186 3304 1470 3374 ejusmodi.
1501 3303 1633 3360 Nam
1659 3305 1824 3372 domi,
1854 3311 1906 3360 in

327 3398 464 3463 foro,
497 3399 761 3464 ludentes,
812 3399 866 3452 in
907 3398 1017 3454 otio
1044 3412 1143 3453 nos
1184 3397 1441 3452 invadunt
1471 3397 1553 3453 hte
1581 3399 1905 3470 phalanges:

325 3507 492 3562 quare
512 3501 720 3560 oportet
745 3506 843 3545 nos
867 3505 987 3546 esse
1007 3499 1260 3560 perpetuo
1276 3491 1530 3546 munitos.
1547 3491 1750 3547 Bellum
1767 3492 1908 3546 enim

331 3585 436 3638 hoc
461 3584 633 3638 nullas
658 3585 803 3638 novit
829 3584 1101 3638 inducias:
1128 3599 1231 3639 non
1265 3583 1422 3638 habet
1450 3584 1674 3654 legatos,
1702 3600 1800 3640 nec
1831 3585 1912 3640 l'e-

331 3676 514 3741 ciales,
547 3691 644 3731 nec
671 3675 867 3746 aliquid
893 3674 1186 3744 ejusmodi:
1217 3675 1413 3730 bellum
1441 3677 1580 3729 enim
1607 3685 1688 3730 est
1721 3676 1913 3746 impla-

332 3769 522 3834 cabile,
555 3779 609 3824 et
638 3768 758 3824 ideo
782 3777 993 3838 oportet
1020 3784 1079 3822 se
1106 3769 1336 3824 maxime
1357 3768 1590 3838 undique
1611 3770 1838 3836 munire,
1863 3779 1917 3824 et

333 3860 668 3913 convenienti
719 3859 972 3912 alimento
1011 3858 1246 3912 validum
1297 3857 1618 3929 ﬁrmumque
1666 3859 1912 3914 reddere.

338 3949 507 4018 Hujus
536 3957 712 4003 autem
741 3949 862 4003 belli
890 3959 1240 4014 commeatus,
1277 3960 1330 4004 et
1356 3949 1547 4004 horum
1579 3951 1802 4005 militum
1831 3968 1921 4006 ar-

337 4056 422 4094 ma
454 4048 577 4094 sunt
603 4038 900 4094 divinarum
931 4039 1321 4108 Scripturarum
1353 4040 1575 4096 auditio.
1606 4043 1680 4097 Ea
1701 4043 1791 4112 qui
1812 4060 1917 4098 non

339 4131 549 4196 fruitur,
579 4129 718 4186 fame
749 4132 905 4201 perit.
937 4130 1082 4184 Dabo
1103 4131 1244 4184 enim
1269 4131 1361 4197 eis,
1390 4131 1580 4201 inquit,
1613 4149 1710 4186 non
1736 4138 1922 4204 famem

341 4224 506 4294 panis,
531 4239 620 4276 nec
643 4222 776 4276 sitim
800 4237 964 4290 aquai,
987 4221 1074 4276 sed
1097 4222 1281 4290 {amem
1302 4223 1542 4276 audiendi
1560 4225 1690 4277 verbi
1715 4224 1923 4278 Domini

344 4315 519 4383 (Amos
564 4314 618 4368 8.
651 4314 762 4383 11).
794 4313 890 4367 llic
917 4313 1093 4384 igitur,
1122 4313 1258 4368 sicut
1282 4321 1335 4366 et
1354 4313 1407 4367 in
1436 4313 1589 4369 bellis
1616 4315 1921 4380 sensilibus,

343 4419 575 4472 superno
598 4404 797 4458 auxilio
819 4418 954 4473 opus
976 4411 1078 4458 est.
1123 4401 1246 4456 Non
1283 4413 1507 4457 servatur
1535 4405 1702 4471 enim,
1732 4406 1921 4476 inquit,

345 4513 434 4550 rea:
455 4512 543 4565 per
570 4497 782 4548 multam
811 4496 1103 4564 potentiam,
1148 4502 1194 4547 et
1233 4495 1374 4565 gigas
1416 4511 1517 4549 non
1557 4497 1832 4550 seruabitur
1872 4499 1926 4552 in

345 4587 666 4642 multitudine
691 4588 870 4641 virium
889 4604 1112 4640 suarum.
1142 4586 1334 4642 Fallax
1356 4604 1508 4657 equus
1533 4589 1600 4642 ad
1623 4591 1856 4654 salutem,
1874 4595 1928 4645 in

346 4680 668 4734 multitudine
710 4679 889 4732 uirium
933 4695 1143 4732 suarum
1184 4695 1288 4733 non
1333 4679 1609 4734 servabitur
1637 4679 1809 4752 (Psal.
1837 4682 1927 4736 32.

349 4773 438 4827 16.
475 4770 585 4844 17).
618 4770 766 4826 Multi
793 4771 971 4840 itaque
997 4770 1177 4826 hostes
1203 4772 1280 4826 sic
1307 4786 1451 4841 saepe
1475 4771 1723 4827 fuderunt
1756 4788 1819 4827 ac
1847 4774 1931 4828 fu-

350 4872 560 4932 garunt,
589 4877 710 4916 cum
738 4861 884 4931 prius
915 4875 1099 4931 preces
1125 4863 1540 4930 praecessissent,
1567 4871 1621 4917 et
1641 4879 1719 4918 ea:
1737 4863 1930 4920 adver-

353 4956 612 5010 sariorum
643 4954 931 5024 phalanges
954 4953 1294 5024 repulissent.
1321 4953 1377 5009 2.
1424 4954 1772 5010 Misericordia
1798 4975 1928 5022 mea,

352 5056 400 5101 et
428 5047 680 5118 refugium
722 5062 908 5114 meum,
947 5054 1204 5116 susceptor
1242 5063 1382 5101 meus
1423 5057 1469 5100 et
1513 5048 1746 5103 liberator
1772 5066 1930 5105 meus.

357 5139 519 5196 Vides
545 5154 666 5195 eum
693 5155 876 5193 rursus
897 5154 1084 5209 rogare
1110 5145 1168 5192 ut
1186 5149 1428 5195 servetur
1452 5155 1482 5195 a
1501 5141 1800 5197 clementia.
1825 5144 1934 5199 lmo

354 5247 484 5288 vero
513 5230 601 5286 hic
626 5231 784 5286 etiam
813 5229 1011 5299 aliquid
1048 5230 1189 5284 aliud
1216 5230 1497 5299 signiﬁcat.
1539 5233 1640 5288 Per
1667 5233 1767 5288 hoc
1792 5237 1932 5289 enim

355 5325 408 5380 id
434 5323 669 5379 ostendit
686 5332 742 5378 et
764 5322 924 5377 dicit:
952 5321 1030 5377 Ne
1058 5337 1232 5378 essem
1255 5323 1465 5392 quidem
1495 5325 1607 5394 ipsa
1631 5325 1822 5396 dignus
1838 5328 1936 5381 mi-

357 5413 667 5478 sericordia,
695 5413 794 5468 nisi
822 5413 936 5482 ipse
963 5413 1256 5468 annuisset.
1286 5414 1405 5483 ipse
1433 5426 1514 5470 est
1543 5431 1692 5486 ergo,
1740 5417 1929 5488 inquit,

361 5505 707 5561 Misericordia
737 5518 885 5560 mea:
911 5519 1029 5560 eam
1059 5505 1200 5559 enim
1229 5520 1294 5560 ex
1324 5505 1472 5561 lactis
1512 5509 1645 5562 meis
1687 5523 1791 5563 non
1819 5525 1936 5564 sum

356 5607 738 5668 consequutus.
765 5595 896 5650 Nam
921 5597 1019 5651 etsi
1049 5605 1130 5650 est
1156 5595 1541 5660 misericordia,
1567 5615 1670 5653 non
1692 5601 1938 5657 omnibus

360 5699 534 5745 tamen
554 5688 1010 5744 indiscriminatim
1026 5687 1250 5742 accidit:
1274 5687 1325 5740 Μ
1332 5689 1546 5744 iserebor
1560 5690 1723 5756 enim,
1747 5693 1936 5762 inquit,

357 5783 502 5852 cuius
524 5782 752 5837 misertus
771 5785 934 5854 fuero,
969 5790 1015 5836 et
1044 5779 1340 5847 miserebor,
1354 5797 1500 5852 quem
1521 5783 1662 5851 {uero
1680 5785 1940 5840 miseratus

1385 343 1740 405 EXPOSITIO
1777 341 1843 399 IN
1880 338 2203 398 PSALMUM
2239 338 2467 396 CXLlll.

3459 336 3562 392 458

1985 452 2162 526 (Rom.
2185 453 2240 510 9.
2263 454 2372 525 15).
2399 454 2620 523 Oportet
2643 467 2792 525 ergo,
2814 454 2857 508 si
2879 453 3295 511 misericordiam
3320 448 3574 511 volumus

1983 545 2262 616 consequi,
2309 543 2426 615 ejus
2467 545 2763 600 clementia:
2791 547 3124 601 occasionem
3155 562 3221 602 ex
3252 547 3404 602 nobis
3430 548 3565 618 ipsis

1981 636 2244 707 proferre.
2269 636 2366 692 Hic
2391 645 2564 691 autem
2604 637 2733 692 dicit
2761 653 2820 694 se
2851 639 2951 693 hoc
2976 639 3167 710 ipsum,
3198 640 3341 709 quod
3370 642 3438 694 sit
3463 642 3562 694 mi-

1982 727 2330 783 sericordiam
2371 738 2754 798 consequutus,
2799 729 2849 784 ei
2878 740 3152 801 acceptum
3182 733 3343 788 ferre.
3374 731 3568 788 Vidisti

1981 820 2266 874 contritum
2310 819 2585 874 animum?
2610 821 2785 876 vidisti
2827 831 3030 892 gratam
3061 832 3318 891 mentem,
3345 834 3398 880 et
3430 842 3567 896 quo-

1991 911 2150 966 modo
2192 912 2420 983 benigno
2465 913 2572 967 Deo
2611 912 2917 968 universum
2959 915 3246 971 adscribit?
3294 917 3571 986 Susceptor

1983 1018 2146 1069 meus,
2176 1009 2222 1055 et
2245 1001 2483 1057 liberator
2508 1019 2670 1066 meus,
2695 1013 2946 1074 protector
2967 1021 3129 1071 meus;
3158 1015 3204 1061 et
3233 1008 3287 1061 in
3313 1025 3426 1063 meo
3454 1026 3570 1078 spe-

1985 1095 2111 1148 ravi.
2141 1094 2299 1164 Spem
2331 1093 2384 1148 in
2417 1094 2588 1165 ipsum
2617 1096 2830 1151 assidue
2853 1109 3052 1164 versat,
3078 1098 3276 1153 docens
3303 1113 3492 1154 (mnes
3515 1111 3575 1156 ut

1988 1185 2152 1240 nullis
2177 1185 2330 1240 malis
2359 1186 2670 1251 obruantur,
2722 1187 2817 1241 sed
2862 1188 2950 1242 vel
2993 1189 3046 1242 in
3095 1189 3282 1245 mediis
3320 1193 3573 1246 :erumnis

1989 1293 2109 1332 eum
2137 1292 2350 1347 semper
2375 1281 2695 1343 intueantur,
2714 1279 2782 1333 ab
2796 1292 2860 1334 eo
2885 1281 3171 1349 pendeant,
3201 1298 3299 1338 nec
3325 1299 3572 1353 umquam

1990 1368 2297 1438 desperent,
2345 1369 2593 1425 animove
2621 1370 2925 1426 concidant.
2956 1371 3074 1442 lpse
3102 1382 3186 1428 est
3214 1375 3356 1429 enim
3387 1391 3574 1432 susce-

1993 1469 2113 1530 ptor
2143 1469 2196 1516 et
2222 1461 2477 1516 liberator
2496 1476 2666 1517 meus.
2691 1461 2845 1518 Unde
2871 1472 2925 1519 et
2952 1464 2998 1518 si
3034 1479 3139 1519 non
3167 1465 3220 1520 in
3250 1467 3378 1536 ipsis
3404 1468 3576 1523 malo-

1995 1567 2110 1604 rum
2138 1552 2408 1621 principiis
2436 1553 2690 1622 suscipiat
2715 1562 2767 1607 et
2793 1555 3003 1622 liberet,
3035 1555 3177 1611 bono
3218 1570 3428 1627 oportet
3455 1575 3578 1614 esse

1993 1643 2191 1697 animo.
2217 1644 2269 1698 Si
2289 1645 2429 1698 enim
2456 1645 2569 1714 ipse
2591 1655 2671 1700 est
2697 1655 2974 1716 susceptor
2992 1662 3054 1702 ac
3074 1647 3341 1714 defensor,
3359 1651 3578 1706 omnino

1996 1733 2243 1788 liberabit
2265 1751 2295 1788 a
2324 1735 2496 1790 malis.
2516 1735 2665 1790 Tunc
2682 1737 2822 1791 enim
2843 1739 3072 1794 maxime
3099 1756 3221 1809 spes
3238 1752 3340 1809 cst,
3367 1745 3581 1812 quando

1997 1825 2062 1878 iis
2090 1841 2206 1890 qua:
2238 1825 2482 1880 videntur
2508 1842 2604 1880 nos
2633 1827 3004 1896 dejicientibus
3047 1830 3098 1884 in
3126 1831 3588 1901 deSperationeIu,

1996 1930 2058 1970 ea
2085 1915 2412 1971 eilicitutde
2447 1915 2625 1971 futuro
2654 1917 2791 1973 bene
2829 1933 3126 1988 speremus.
3169 1922 3269 1989 Qui
3292 1924 3458 1978 subdit
3487 1943 3582 1995 po-

1999 2007 2177 2077 pulum
2206 2023 2369 2061 meum
2398 2009 2491 2062 sub
2516 2026 2614 2063 me.
2643 2009 2732 2065 Sic
2761 2020 2903 2066 recte
2923 2013 3076 2068 dixit.
3104 2013 3236 2068 Nam
3267 2015 3352 2071 hic
3372 2033 3584 2089 quoque

2000 2116 2233 2170 superno
2255 2103 2452 2156 auxilio
2483 2118 2617 2173 opus
2647 2113 2750 2169 est,
2778 2108 2948 2177 utqui
2975 2107 3163 2163 ditioni
3192 2110 3413 2180 subjecti
3436 2123 3581 2177 sunt,

2001 2193 2362 2262 acquiescant,
2393 2203 2447 2249 et
2474 2209 2576 2250 nec
2597 2196 2909 2251 seditionem
2928 2201 3146 2269 agitent,
3166 2216 3266 2258 nec
3289 2203 3582 2275 insurgant.

2002 2284 2123 2339 Non
2152 2286 2323 2341 solum
2353 2302 2480 2358 ergo
2506 2288 2557 2342 in
2582 2289 2926 2361 subjugandis
2947 2293 3196 2361 inimicis,
3225 2296 3319 2352 sed
3345 2299 3503 2353 etiam
3533 2303 3584 2354 in

2003 2377 2308 2433 domesticis
2323 2380 2436 2435 suis
2451 2381 2792 2452 subjiciendis
2817 2400 3050 2456 superno
3069 2389 3219 2444 nobis
3239 2391 3437 2448 auxilio
3454 2408 3589 2462 opus

2003 2480 2105 2526 est.
2136 2469 2268 2526 Nam
2298 2471 2400 2527 hoc
2419 2489 2632 2545 quoque
2670 2491 2915 2548 magnum
2945 2489 3047 2546 cst,
3077 2497 3202 2536 suos
3222 2484 3360 2540 bene
3380 2502 3585 2556 regere,

2005 2577 2104 2617 nec
2147 2563 2323 2618 minus
2356 2575 2438 2619 est
2462 2582 2621 2636 quam
2652 2568 2895 2626 inimicos
2938 2573 3166 2627 vincere.
3205 2575 3348 2630 Multi
3378 2579 3589 2647 quidem

2005 2661 2150 2709 certe
2176 2670 2543 2724 saepenumero
2569 2668 2766 2727 tropaea
2796 2661 2847 2714 in
2870 2661 3022 2717 bellis
3049 2676 3352 2730 erexerunt,
3383 2670 3432 2722 in
3464 2685 3593 2738 pace

2006 2756 2183 2801 autem
2209 2748 2335 2801 caesi
2363 2757 2509 2812 sunt,
2541 2765 2661 2804 cum
2687 2767 2875 2807 eorum
2905 2756 3099 2824 quibus
3125 2771 3392 2828 praeerant
3420 2762 3590 2817 habe-

2008 2852 2105 2893 nas
2149 2853 2256 2894 non
2299 2849 2445 2896 recte
2488 2851 2708 2912 possent
2749 2845 3033 2900 moderari.
3065 2849 3180 2903 Non
3211 2867 3339 2921 ergo
3364 2852 3416 2906 in
3446 2857 3595 2924 regni

2009 2939 2272 3000 potestate
2301 2934 2462 2988 situm
2489 2942 2592 3002 est,
2621 2944 2679 2990 ut
2707 2947 2878 2991 castra
2908 2939 3278 3009 subjiciuntur,
3309 2945 3402 3000 sed
3426 2947 3476 3000 in
3503 2949 3595 3003 Dei

2007 3022 2223 3076 auxilio.
2245 3011 2702 3089 Quemadmodum
2729 3037 2906 3082 autem
2932 3028 2999 3084 ab
3025 3045 3090 3085 eo
3113 3033 3406 3101 procedunt
3432 3037 3600 3091 victo-

2009 3114 2104 3170 rire
2125 3113 2193 3170 de
2223 3114 2486 3183 hostibus,
2518 3117 2588 3172 ita
2615 3116 2774 3173 etiam
2801 3133 3018 3175 suorum
3049 3122 3370 3180 obedientia.
3399 3128 3452 3182 5.
3483 3127 3596 3183 Do-

2011 3206 2162 3274 mine,
2179 3207 2303 3279 quid
2327 3217 2398 3263 est
2421 3208 2593 3274 homo,
2622 3211 2745 3280 quia
2769 3212 3034 3267 innotuisti
3052 3216 3138 3270 ei?
3165 3226 3252 3270 aut
3275 3218 3414 3287 ﬁlius
3437 3220 3600 3276 homi-

2011 3299 2130 3355 nis?
2147 3301 2266 3371 quia
2287 3313 2495 3371 reputas
2523 3321 2635 3358 eum
2651 3307 2676 3359 ?
2699 3306 2870 3372 Alius,
2903 3309 3039 3376 Quid
3067 3311 3236 3377 homo,
3264 3324 3310 3367 et
3334 3331 3600 3386 cognosces

2011 3393 2216 3464 ipsum?
2258 3395 2427 3461 Alius,
2480 3395 2631 3464 Quod
2671 3402 2904 3470 agnoscis
2941 3402 3146 3471 ipsum?
3195 3405 3442 3476 Magnum
3475 3424 3602 3480 ergo

2014 3484 2316 3554 quempiam
2347 3501 2466 3542 esse
2492 3498 2720 3556 oportet,
2755 3491 2841 3560 qui
2867 3501 2948 3546 cst
2980 3493 3144 3548 Deum
3173 3498 3500 3566 cogniturus,
3519 3502 3602 3555 vel

2018 3575 2193 3643 potius
2213 3576 2299 3645 qui
2331 3585 2413 3631 est
2441 3577 2509 3632 ab
2532 3579 2648 3647 ipso
2673 3584 3104 3651 cognoscendus;
3136 3601 3240 3641 non
3265 3588 3406 3645 lumc
3424 3601 3603 3648 autem

2018 3667 2210 3734 solum,
2240 3669 2333 3724 sed
2355 3670 2514 3725 etiam
2540 3672 2687 3727 illum
2710 3676 2796 3729 cui
2824 3676 2964 3732 Deus
2990 3680 3214 3735 voluerit
3244 3681 3601 3740 innotescere.

2018 3756 2089 3811 Et
2117 3758 2239 3814 ideo
2265 3759 2464 3830 optime
2489 3762 2740 3819 dixerunt
2775 3766 3119 3838 Septuaginta
3149 3773 3298 3838 illud,
3331 3773 3605 3832 Innotuisti

2021 3852 2469 3910 ei:ostendentes
2499 3872 2595 3912 nos
2637 3873 2742 3914 non
2792 3875 2914 3916 eum
2959 3863 3251 3928 invenisse,
3297 3868 3388 3922 sed
3433 3870 3605 3940 ipsum

2024 3946 2176 3999 nobis
2203 3946 2362 4001 fuisse
2388 3947 2682 4004 inventum.
2714 3950 2987 4022 Siquidem
3019 3972 3124 4010 non
3151 3958 3321 4013 dixit:
3345 3960 3481 4028 Quid
3523 3973 3608 4018 est

2023 4037 2202 4104 homo,
2235 4041 2322 4110 qui
2357 4048 2408 4095 te
2433 4043 2712 4112 cognovit?
2742 4044 2857 4112 sed,
2890 4045 3028 4111 Quid
3067 4059 3138 4104 est
3165 4051 3335 4119 homo,
3361 4055 3496 4126 quod
3518 4073 3607 4110 co-

2023 4131 2192 4200 gnitus
2212 4147 2264 4186 cs
2281 4132 2344 4186 ab
2363 4134 2473 4202 ipso
2485 4133 2512 4188 .9

2096 4226 2150 4277 2.
2193 4223 2261 4278 Et
2283 4226 2401 4280 ideo
2427 4227 2622 4282 Paulus
2653 4228 2753 4284 hoc
2777 4245 2976 4302 susque
3003 4233 3178 4304 deque
3197 4238 3410 4294 assidue
3435 4252 3612 4297 versat

2026 4315 2230 4382 dicens,
2261 4317 2408 4371 Tunc
2437 4329 2603 4373 autem
2624 4337 2900 4392 agnoscam
2926 4327 3053 4379 sicut
3081 4337 3129 4381 et
3155 4332 3356 4399 agnitus
3382 4349 3494 4386 sum
3535 4336 3610 4404 (1.

2028 4405 2146 4462 Cor.
2166 4409 2253 4464 15.
2285 4408 2589 4477 12).P0rro
2632 4412 2746 4480 ipse
2795 4430 3006 4484 quoque
3053 4417 3316 4482 Christus,
3363 4422 3483 4476 Non
3527 4441 3614 4480 vos

2029 4514 2108 4551 me
2129 4499 2363 4570 elegistis,
2393 4501 2480 4554 sed
2501 4518 2590 4572 ego
2611 4503 2738 4574 elegi
2753 4522 2838 4559 vos
2865 4506 3042 4578 (Joan.
3077 4510 3166 4565 15.
3202 4510 3310 4583 16).
3339 4514 3455 4568 Jam
3486 4532 3616 4570 vero

2031 4588 2155 4643 alibi
2179 4605 2390 4661 quoque
2417 4591 2634 4660 Paulus,
2660 4594 2722 4649 Si
2741 4597 2852 4664 quis
2880 4608 3046 4653 autem
3072 4601 3233 4673 diligit
3250 4601 3436 4670 Deum,
3464 4609 3507 4663 is
3529 4628 3618 4663 σος

2032 4682 2198 4750 gnitus
2218 4691 2291 4736 est
2311 4683 2373 4736 ab
2399 4699 2456 4736 eo
2487 4683 2562 4754 (1.
2586 4686 2703 4739 Cor.
2727 4687 2780 4742 8.
2807 4688 2884 4759 5).
2908 4689 2976 4744 Ει
3004 4691 3124 4747 ideo
3149 4697 3360 4752 assidue
3381 4701 3618 4770 seipsum

2033 4786 2230 4844 susque
2257 4775 2430 4846 deque
2464 4776 2594 4832 dicit
2619 4790 2884 4846 vocatum,
2929 4786 3217 4841 ostendens
3256 4804 3314 4844 se
3344 4807 3448 4847 non
3480 4795 3623 4849 ultro

2035 4867 2345 4932 accessisse,
2375 4868 2467 4923 sed
2501 4868 2646 4939 prius
2690 4883 2933 4928 vocatum
2980 4875 3162 4934 fuisse.
3195 4879 3267 4935 Ita
3307 4885 3466 4940 etiam
3495 4887 3625 4943 dicit

2035 4957 2184 5022 alibi,
2213 4956 2500 5030 Persequor
2519 4971 2706 5028 autem,
2729 4965 2775 5017 si
2794 4965 2941 5019 etiam
2957 4971 3396 5040 comprehendam,
3417 4988 3624 5049 propter

2036 5049 2172 5119 quod
2194 5058 2240 5103 et
2263 5053 2650 5121 comprehensus
2669 5071 2778 5108 sum
2814 5056 3072 5132 (Philipp.
3101 5063 3155 5116 5.
3184 5064 3295 5136 12).
3327 5066 3443 5122 Νοη
3470 5069 3621 5132 dixit,

2038 5143 2449 5212 Comprehendi,
2479 5145 2596 5208 sed,
2623 5144 3023 5216 Comprehensus
3051 5171 3181 5208 sum.
3221 5157 3500 5223 Quomodo
3525 5177 3626 5216 au-

2039 5244 2146 5289 tem
2174 5235 2300 5290 dicit
2324 5234 2430 5300 hic,
2457 5236 2593 5301 Quid
2617 5247 2690 5292 est
2715 5241 2904 5296 homo?
2925 5245 3084 5314 Atqui
3113 5247 3248 5301 alius
3264 5249 3407 5315 dicit,
3432 5250 3629 5322 Magna

2039 5345 2118 5382 res
2143 5328 2313 5395 homo,
2338 5337 2384 5383 et
2416 5331 2634 5399 pretiosa
2669 5349 2749 5387 res
2787 5335 2865 5388 uir
2895 5337 3178 5393 misericors
3217 5340 3401 5404 (Prov.
3428 5343 3518 5400 20.
3544 5345 3627 5412 6).

2043 5419 2112 5474 Et
2157 5420 2316 5485 alius,
2346 5419 2426 5473 Ad
2451 5423 2719 5494 imaginem
2750 5424 2847 5480 Dei
2884 5429 3002 5498 fecit
3044 5430 3211 5500 ipsum
3241 5432 3390 5503 (Gen.
3421 5437 3474 5490 1.
3503 5436 3624 5507 27).

2040 5510 2271 5567 Sortitus
2295 5521 2378 5566 est
2407 5515 2547 5568 enim
2573 5516 2734 5570 totius
2760 5529 3017 5573 creaturae
3042 5522 3407 5590 praefecturam
3437 5527 3624 5597 (Eccli.

2043 5603 2128 5657 17.
2154 5603 2232 5673 1).
2266 5603 2402 5658 Sunt
2427 5616 2601 5660 autem
2621 5610 2880 5673 nonnulli,
2901 5612 3092 5680 quibus
3117 5629 3184 5670 nc
3208 5616 3396 5685 dignus
3413 5619 3626 5689 quidem

2041 5704 2157 5750 erat
2185 5695 2416 5752 mundus
2441 5695 2629 5768 (Hebr.
2648 5700 2732 5753 ll.
2758 5699 2871 5772 38).
2909 5701 3016 5757 Sed
3062 5704 3150 5758 illa
3178 5707 3391 5779 quidem
3418 5709 3485 5765 de
3511 5713 3625 5765 vir-

2045 5796 2174 5857 tute,
2209 5799 2263 5845 et
2288 5791 2500 5862 quando
2547 5791 2761 5864 quidam
2806 5792 3214 5855 homineseam
3261 5804 3628 5862 ostenderint:
