4070 6340
522 313 627 372 ⁸59
1302 317 1362 374 8.
1400 313 1680 374 JOANNIS
1713 311 2183 371 CHRYSOSTOMI
2221 312 2542 372 ARCHIEP.
2577 317 3110 380 CONSTANTINOP.
3703 334 3798 392 οθο

518 432 620 488 hoc
638 439 838 498 autem,
863 431 1002 500 Quid
1027 441 1098 488 est
1124 433 1313 488 homo?
1335 431 1534 488 dictum
1560 440 1644 488 est
1661 430 1730 486 de
1750 441 1956 485 natura.
1988 429 2098 484 Ma-

516 539 620 596 gna
651 534 735 580 est
762 525 993 580 hominis
1014 534 1200 581 natura
1219 527 1270 579 ¹ε
1306 540 1493 595 magna
1521 524 1758 594 quidem,
1800 523 1893 577 sed
1934 523 1978 577 si
2009 538 2097 578 re-

515 616 712 685 spicias
737 617 1117 687 cognitionem,
1148 633 1250 688 qua
1284 617 1478 673 donata
1523 615 1640 682 fuit,
1683 617 1837 686 longe
1872 625 1957 670 est
1997 615 2096 670 hac

515 707 754 764 Inferior.

583 799 949 856 Hernicorum
971 802 1322 872 prtesumptio.
1362 799 1527 855 Deum
1547 817 1650 855 esse
1677 809 1731 854 ut
1751 799 2092 854 didicerimus.

511 891 809 946 Substantia
837 892 934 947 Dei
962 895 1106 948 nobis
1136 893 1638 962 ignota.—Audiant
1665 892 1900 947 haeretici
1918 889 2094 946 sehoc

508 981 686 1038 furore
715 996 836 1039 esse
865 984 1110 1052 percitos,
1133 983 1257 1036 dum
1281 983 1359 1037 sui
1382 981 1597 1036 modum
1625 980 1906 1045 excedunt,
1924 989 1978 1035 et
2001 996 2095 1035 ex-

508 1083 672 1130 trema
701 1075 945 1130 laborare
976 1075 1269 1137 inscientia,
1289 1075 1414 1128 dum
1432 1073 1614 1128 dicunt
1632 1087 1689 1126 se
1714 1087 1775 1128 ea
1796 1073 1953 1139 scire,
1972 1087 2090 1140 qmc

504 1175 629 1218 sunt
662 1165 790 1235 ipsis
816 1166 1088 1235 superiora
1117 1164 1217 1236 (a).
1249 1166 1428 1220 Potest
1453 1165 1596 1220 enim
1619 1179 1738 1220 esse
1762 1164 2085 1234 ignoratioin

503 1257 826 1326 cognitione,
856 1265 910 1311 et
949 1257 999 1311 in
1032 1256 1362 1326 ignoratione
1406 1255 1669 1326 cognitio:
1699 1263 1753 1310 et
1781 1255 1824 1310 si
1852 1256 1951 1321 vis,
1986 1255 2088 1311 hoc

505 1349 676 1415 ipsum
725 1349 982 1418 agitemus
1011 1348 1064 1402 in
1094 1348 1253 1403 rebus
1281 1347 1585 1403 sensilibus.
1618 1346 1711 1401 Dic
1753 1345 1883 1400 mihi
1920 1346 2082 1411 enim,

500 1441 545 1492 si
576 1440 693 1510 quis
723 1440 860 1495 dicat
886 1454 944 1494 se
973 1454 1130 1511 posse
1156 1454 1304 1494 mare
1332 1438 1529 1502 metiri,
1567 1446 1622 1493 et
1649 1437 1789 1492 scire
1830 1445 1958 1507 quot
1987 1435 2085 1489 ha-

504 1533 860 1604 beatcyathos
885 1550 898 1586 :
923 1548 1098 1589 annon
1120 1541 1204 1588 est
1231 1532 1314 1587 hic
1343 1532 1574 1587 maxime
1601 1531 1692 1601 qui
1719 1531 1927 1601 ignorat
1956 1528 2083 1600 quid

499 1625 569 1678 sit
592 1625 776 1678 mare?
802 1623 901 1690 Qui
928 1632 1104 1678 autem
1126 1623 1255 1678 dicit
1282 1639 1342 1678 se
1367 1623 1594 1687 nescire,
1640 1621 1735 1676 sed
1765 1622 1956 1676 asserit
1982 1638 2082 1675 nu-

499 1729 702 1769 merum
733 1715 847 1785 ejus
870 1731 988 1770 esse
1017 1715 1315 1769 intlnitum:
1345 1717 1391 1770 is
1415 1725 1498 1770 est
1523 1715 1610 1784 qui
1638 1715 1866 1769 maxime
1881 1728 2080 1784 cogno-

496 1805 568 1859 vit
598 1805 722 1876 quid
745 1807 814 1860 sit
842 1821 1010 1862 mare.
1036 1805 1186 1874 Quod
1215 1807 1259 1860 si
1286 1807 1406 1876 quis
1434 1806 1501 1860 de
1531 1807 1636 1860 Deo
1664 1805 1877 1870 dixerit,
1913 1806 2079 1860 Deum

496 1895 624 1962 vidi,
653 1904 707 1950 et
727 1896 859 1950 meis
881 1897 1049 1951 oculis
1077 1896 1426 1967 apprehendi,
1452 1913 1630 1952 annon
1661 1907 1746 1951 est
1771 1898 1814 1951 is
1843 1899 1933 1968 qui
1961 1913 2078 1951 ma-

496 1990 637 2045 xime
662 1990 828 2046 Deum
851 2007 956 2044 non
981 1991 1148 2057 novit,
1180 1992 1267 2060 qui
1293 2006 1436 2055 emn,
1459 1991 1549 2061 qui
1567 1990 1952 2060 subaspectum
1969 2005 2077 2045 non

492 2079 656 2144 cadit,
684 2080 814 2136 dicit
841 2096 963 2137 esse
989 2082 1389 2151 aspectabilem,
1427 2093 1482 2136 et
1512 2083 1564 2136 in
1589 2081 1951 2138 additamento
1987 2097 2078 2137 co—

490 2173 744 2244 gnitionis
787 2189 906 2230 eam
945 2189 1174 2244 quoque,
1202 2189 1321 2244 qua:
1364 2173 1544 2228 haberi
1579 2181 1769 2242 potest,
1800 2175 1992 2243 eripit?
2019 2174 2073 2228 Si

489 2266 608 2336 quis
627 2280 802 2322 autem
830 2267 1020 2321 dixerit
1049 2282 1169 2322 eum
1201 2266 1301 2320 sub
1328 2265 1496 2320 vismn
1531 2281 1634 2320 non
1660 2265 1874 2329 cadere,
1903 2274 1959 2320 et
1979 2282 2072 2321 ne-

489 2359 686 2413 minem
714 2373 835 2413 eum
867 2359 1046 2414 videre
1075 2373 1251 2430 posse,
1280 2373 1456 2412 annon
1488 2358 1532 2412 is
1561 2367 1642 2413 est
1668 2359 1758 2428 qui
1781 2358 1880 2412 scit
1905 2359 2074 2412 maxi-

488 2449 612 2523 me!
634 2450 770 2519 Quid
796 2460 972 2505 autem
1005 2450 1052 2505 si
1075 2450 1194 2521 quis
1213 2450 1406 2505 dixerit
1425 2466 1545 2506 eum
1567 2451 1948 2521 comprehendi
1965 2467 2070 2506 non

489 2555 664 2610 posse,
686 2541 822 2597 alius
845 2557 974 2596 vero
997 2542 1375 2612 comprehendi
1397 2559 1410 2595 :
1435 2557 1611 2598 annon
1637 2552 1719 2598 est
1743 2543 1830 2598 hic
1856 2544 2069 2614 quidem

485 2634 572 2701 qui
606 2633 832 2702 ignorat,
861 2633 948 2688 ille
977 2648 1105 2688 vero
1131 2634 1217 2703 qui
1240 2634 1422 2688 novit?
1451 2637 1642 2688 Annon
1672 2633 1821 2690 vides
1848 2635 2068 2690 Paulum

483 2739 694 2794 quoque
724 2723 823 2778 hac
849 2725 931 2778 via
964 2724 1188 2795 ingredi,
1221 2733 1276 2780 et
1299 2724 1494 2791 dicere,
1539 2725 1623 2779 Ea:
1650 2737 1791 2796 parte
1819 2729 2071 2798 cognosci-

483 2831 616 2878 mus,
643 2825 688 2870 et
715 2832 780 2870 ea:
803 2825 944 2886 parte
973 2819 1331 2886 prophetamus
1373 2817 1450 2890 (Ι.
1487 2817 1606 2874 Cor.
1643 2820 1725 2874 l3.
1759 2820 1851 2890 9)?
1875 2821 2066 2876 Consi~

483 2907 610 2962 dera
648 2917 778 2978 quot
817 2916 874 2964 et
912 2919 1111 2978 quanta
1148 2911 1284 2966 facta
1319 2920 1463 2976 sunt,
1494 2920 1554 2966 ut
1579 2912 1925 2980 disceremus,
1959 2930 2066 2970 non

481 3015 600 3070 quae
627 3001 696 3054 sit
723 3000 814 3055 Dei
852 3001 1170 3069 substantia,
1197 3001 1291 3058 sed
1321 3003 1464 3074 quod
1503 3004 1572 3058 sit
1611 3004 1770 3059 Deus.
1802 3004 1914 3059 Hoc
1936 3021 2066 3076 ergo

482 3089 674 3144 Paulus
694 3105 908 3161 quoque
935 3091 1098 3148 dicit:
1125 3090 1338 3148 Credere
1359 3095 1499 3148 enim
1530 3104 1743 3165 oportet,
1771 3097 1963 3166 inquit,
1981 3115 2066 3152 ac-

478 3183 730 3239 cedentem
758 3185 827 3238 ad
855 3184 1039 3250 Deum,
1070 3187 1190 3255 quia
1227 3197 1300 3242 est
1331 3186 1515 3259 (Hebr.
1556 3189 1643 3243 il.
1673 3190 1748 3259 6).
1777 3189 1915 3244 Eum
1942 3191 2064 3245 uni-

478 3290 631 3330 versa
651 3276 902 3344 praedicat
919 3286 1165 3332 creatura
1188 3277 1298 3348 (Ea:
1317 3279 1662 3350 magnitudine
1684 3280 1848 3346 enim,
1869 3281 2061 3352 inquit,

475 3378 520 3420 et
547 3368 920 3438 pulchritudine
938 3379 1286 3424 creaturarum
1315 3387 1406 3440 per
1427 3374 1800 3443 praportionem
1831 3375 2064 3429 conside-

475 3469 618 3512 ratur
647 3457 854 3513 Creator
881 3458 1033 3532 [Sap.
1064 3461 1150 3516 15.
1179 3459 1296 3533 5]),
1329 3462 1441 3530 ipsa
1473 3463 1703 3518 hominis
1727 3465 2059 3534 constitutio,

478 3550 708 3607 honores
737 3552 885 3623 quia
937 3552 1047 3608 Deo
1095 3553 1204 3607 dati
1255 3563 1398 3622 sunt,
1448 3556 1725 3626 supplicia,
1778 3558 2057 3625 beneﬁcia,

477 3643 617 3697 varia
651 3644 703 3699 in
731 3659 797 3699 eo
825 3644 1060 3714 regendo
1093 3647 1334 3715 consilia,
1377 3663 1496 3718 qua:
1536 3649 1788 3719 praedicta
1814 3661 1938 3706 sum
1964 3667 2061 3722 per

477 3735 782 3804 prophetas,
813 3735 1022 3792 diversa
1047 3739 1323 3793 miracula.
1349 3739 1475 3796 Post
1491 3741 1604 3796 haec
1630 3744 1774 3797 venit
1797 3743 1910 3814 ipse
1929 3745 2062 3801 Uni-

474 3826 703 3891 gcnitus,
734 3836 786 3882 et
811 3827 1178 3883 admirabilem
1222 3829 1365 3884 illam
1410 3841 1464 3885 et
1501 3833 1816 3902 stupendam
1854 3837 2060 3907 peregit

474 3918 848 3972 mconomiam.
881 3917 950 3973 Et
975 3929 1148 3975 tamen
1179 3929 1303 3976 sunt
1330 3923 1590 3988 nonnulli,
1611 3924 1700 3994 qui
1726 3927 1866 3997 quod
1891 3929 2061 3982 mani-

477 4008 666 4064 festum
697 4019 775 4065 est
804 4010 1038 4066 nondum
1082 4011 1414 4071 didicerunt:
1451 4024 1505 4070 et
1535 4024 1588 4070 tu
1626 4016 1759 4072 dicis
1809 4028 1859 4072 te
1901 4033 2058 4088 posse

475 4100 686 4170 propria
717 4103 926 4158 ratione
968 4104 1442 4173 comprehendere,
1493 4124 1722 4177 quanam
1751 4111 1795 4165 is
1824 4113 1894 4167 sit
1921 4113 2052 4168 sub-

475 4192 701 4246 stantia?
733 4193 898 4249 Deum
925 4210 1073 4266 ergo,
1103 4198 1292 4268 inquit,
1324 4199 1570 4268 ignoras?
1595 4202 1780 4269 Absit;
1813 4204 1906 4260 sed
1930 4221 2055 4262 eum

473 4282 686 4351 quidem
716 4299 833 4339 esse
879 4285 1025 4340 scio:
1053 4287 1164 4342 scio
1204 4303 1325 4344 esse
1364 4290 1698 4359 clementem,
1738 4293 1959 4362 bonum,
2004 4307 2060 4354 et

475 4373 894 4438 misericordem,
944 4377 1332 4444 providentem,
1378 4389 1432 4433 et
1471 4383 1708 4435 omnium
1755 4399 1935 4440 curam
1965 4404 2057 4457 ge-

471 4472 697 4528 rentem,
730 4473 782 4518 et
804 4479 1151 4535 quaecumque
1171 4468 1269 4521 alia
1298 4469 1880 4542 dixeruntScripturte:
1905 4479 2060 4548 quid-

474 4568 595 4608 nam
623 4554 692 4608 sit
718 4565 894 4610 autem
911 4555 1203 4612 substantia
1231 4559 1346 4626 Dei,
1368 4577 1472 4616 non
1490 4563 1634 4617 novi.
1661 4565 1830 4619 Adam
1848 4584 2057 4638 quoque

472 4646 674 4714 putavit
693 4660 753 4701 se
793 4661 948 4715 posse
988 4650 1105 4718 plus
1147 4650 1405 4716 invenire,
1441 4669 1724 4722 persuasus
1750 4671 1781 4712 a
1810 4657 2054 4726 diabolo;

470 4736 603 4815 etid
631 4738 790 4792 etiam
837 4739 978 4809 quod
1023 4741 1224 4807 habuit,
1260 4744 1507 4814 perdidit.
1556 4747 1707 4814 Quod
1735 4749 1819 4805 his
1843 4767 2056 4823 quoque

471 4814 670 4897 evenit,
701 4829 827 4886 dum
851 4832 1118 4888 ducuntur
1146 4833 1393 4892 humanis
1420 4839 1732 4905 rationibus,
1761 4853 1933 4899 etnon
1956 4862 2053 4901 an-

469 4921 623 4976 diunt
661 4921 941 4977 Dominum
968 4923 1096 4980 dare
1123 4928 1457 4996 sapientiam,
1489 4939 1544 4984 et
1567 4946 1594 4984 a
1630 4932 1760 4987 facie
1796 4934 1913 5004 ejus
1937 4951 2056 4992 esse

469 5014 743 5068 scientiam
772 5023 826 5070 et
853 5015 1250 5088 intelligentiam
1291 5019 1467 5089 (Prov.
1499 5023 1554 5076 ‘2.
1585 5023 1663 5094 6).
1691 5024 1804 5079 Non
1834 5028 2056 5083 audiunt

469 5103 692 5160 Paulum
717 5107 1006 5174 dicentem,
1027 5108 1129 5164 Per
1150 5109 1398 5180 Spiritum
1421 5115 1655 5169 reuelauit
1673 5118 1814 5172 nobis
1837 5120 1884 5189 (l
1899 5159 1913 5173 .
1933 5119 2051 5175 (.‘or.

469 5197 526 5252 2.
552 5197 662 5270 10),
692 5208 746 5253 et
774 5200 1008 5256 rationes
1028 5204 1408 5271 expellentcm.
1436 5205 1696 5272 Rationes,
1739 5209 1931 5280 inquit,
1961 5213 2054 5266 de-

468 5304 736 5362 struentes,
763 5305 814 5350 et
847 5313 1043 5349 onmem
1071 5297 1406 5364 altitudinem,
1446 5317 1560 5371 qua:
1582 5302 1790 5371 erigitur
1817 5305 2056 5360 adversus

471 5388 730 5444 scientiam
759 5387 856 5442 Dei
885 5388 959 5461 (Ξ.
988 5387 1105 5444 Cor.
1137 5390 1224 5446 10.
1250 5391 1330 5464 5).
1362 5392 1425 5448 Et
1456 5393 1589 5450 alius
1613 5397 1848 5467 sapiens,
1877 5399 2059 5455 Ratio-

547 5503 562 5532 ¹
593 5504 879 5574 (imitemini
903 5507 992 5566 μὴν
1013 5507 1152 5574 καὶὴ.
1171 5508 1316 5574 φύςις-
1333 5512 1531 5572 μεγάλη,
1557 5515 1895 5574 interrogandi
1918 5530 2057 5568 more

479 5563 753 5640 pervetus,
778 5563 1018 5640 linguaue
1040 5573 1111 5618 est
1133 5563 1344 5640 hominis
1361 5563 1581 5626 natura?
1618 5563 1803 5627 Verum
1826 5563 1908 5628 hic
1920 5563 2058 5631 "iian

483 5624 582 5672 lam
603 5636 718 5694 esse
745 5624 883 5689 pnto'
906 5626 1365 5694 interrogationem.

551 5687 621 5755 ta)
652 5687 908 5756 Hiclnotat
933 5687 1213 5756 Anpmdeos,
1243 5693 1329 5755 qui
1353 5695 1580 5750 dicebant
1601 5712 1657 5752 se
1691 5709 1835 5752 noue
1871 5703 2051 5756 Filium

483 5743 577 5796 Dei
600 5743 805 5810 perinde
831 5755 981 5816 atque
1003 5751 1110 5817 ipse
1137 5743 1367 5806 se'novit.

2218 443 2307 484 nes
2332 427 2592 484 hominum
2620 433 2830 496 timidae.
2856 446 2902 489 et
2924 435 3102 492 labiles
3122 438 3426 494 inventiones
3446 457 3619 496 eorum
3642 446 3794 516 (Sep.

2217 517 2268 572 9.
2311 518 2389 587 5).
2421 519 2556 586 Quid
2584 532 2655 575 est
2682 527 2849 587 homo,
2883 528 3001 593 quia
3045 529 3304 583 innotuiin
3343 533 3432 584 ei?
3458 533 3632 590 Mente
3658 543 3793 608 agita

2208 609 2467 665 inﬁnitam
2502 613 2642 668 illam
2672 617 3120 684 magnitudinem;
3147 622 3252 674 imo
3283 639 3408 678 vero
3437 642 3504 681 ne
3524 643 3643 682 cmn
3671 647 3702 685 e
3721 649 3787 686 sm

2207 702 2420 771 quidem
2456 702 2597 769 dico,
2641 705 2832 776 loquor
2879 725 2975 778 pro
3016 711 3109 764 Dei
3155 712 3440 782 dignitate;
3488 721 3578 772 sed
3613 727 3792 776 τωρωι

2201 793 2469 864 quomodo
2499 795 2716 866 loquar:
2745 814 2918 869 neque
2939 802 3142 856 enimsi
3171 805 3588 874 magnitudinem
3614 812 3663 864 in
3685 813 3791 867 Deo

2200 886 2460 950 dicamus,
2493 891 2706 958 proprie
2736 891 3021 962 loquimur.
3047 895 3150 950 Sed
3179 899 3427 966 quoniam
3457 918 3561 955 non
3594 919 3790 970 passu-

2199 993 2318 1031 mus
2347 977 2502 1034 aliter
2527 979 2692 1050 loqui,
2735 982 2800 1035 iis
2841 983 3018 1038 verbis
3053 986 3243 1054 quibus
3285 987 3432 1044 licuit
3474 1007 3600 1047 usus
3643 1010 3784 1048 sum.

2195 1067 2326 1123 Nam
2353 1085 2475 1124 cum
2501 1084 2625 1126 eum
2642 1088 2853 1142 quoque
2879 1090 3009 1128 voco
3027 1077 3379 1144 Altissimum,
3405 1097 3508 1136 non
3525 1098 3646 1138 eum
3666 1086 3786 1141 loco

2194 1161 2611 1217 circumscribo:
2641 1164 2734 1218 scd
2762 1165 2878 1233 ejus
2907 1175 3111 1222 naturae
3152 1167 3486 1227 altitudinem
3528 1183 3584 1228 et
3628 1177 3785 1246 maje-

2193 1260 2404 1320 statem,
2455 1269 2574 1324 qua:
2617 1256 2810 1327 ubique
2839 1258 3028 1314 ditiusa
3057 1269 3160 1324 est,
3199 1271 3256 1318 et
3298 1267 3472 1320 omnia
3516 1270 3778 1338 pervadit,

2191 1345 2439 1400 ostendo.
2473 1345 2541 1402 Et
2571 1347 2690 1403 ideo
2718 1347 2866 1415 dicit,
2903 1350 3039 1416 Quid
3067 1361 3140 1407 est
3176 1354 3346 1420 homo,
3378 1359 3496 1427 quia
3523 1360 3781 1416 innotuisti

2188 1436 2276 1490 ei?
2301 1435 2587 1508 Propterea
2631 1440 2776 1494 enim
2815 1457 2937 1497 eum
2980 1459 3193 1516 quoque
3239 1446 3365 1503 fecit
3408 1449 3684 1520 humilem,
3726 1465 3780 1511 et

2188 1543 2379 1598 magna
2409 1529 2458 1584 ei
2487 1529 2708 1601 largitus
2728 1541 2830 1596 est,
2862 1550 2930 1588 ne
2954 1537 3325 1606 extolleretur,
3357 1557 3474 1595 cum
3503 1553 3561 1598 ut
3580 1559 3638 1599 se
3658 1561 3777 1599 mo-

2187 1620 2371 1677 derate
2399 1631 2568 1692 gerat,
2599 1639 2843 1696 magnam
2872 1629 3245 1685 necessitatem
3268 1631 3453 1688 aderat
3480 1644 3681 1691 natura:
3699 1639 3775 1691 vi-

2186 1711 2326 1767 litas.
2374 1713 2475 1767 Aut
2505 1715 2643 1784 ﬁlius
2693 1717 2929 1786 hominis,
2969 1721 3087 1789 quia
3129 1733 3332 1793 reputas
3381 1729 3537 1782 eum?
3583 1729 3773 1786 Vidisti

2184 1813 2377 1874 quanta
2401 1806 2470 1860 sit
2498 1809 2589 1862 Dei
2621 1817 2824 1864 natura:
2856 1812 3142 1880 majestas?
3188 1816 3240 1869 4.
3274 1815 3441 1870 Homo
3468 1822 3676 1874 vanitati
3700 1825 3774 1877 si-

2183 1896 2320 1950 milis
2349 1901 2512 1966 factus
2540 1909 2632 1952 est.
2661 1901 2812 1955 Alius
2839 1911 3016 1958 autem
3038 1904 3326 1975 interpres,
3359 1907 3599 1978 Vanitati,
3617 1913 3771 1978 dixit,

2191 1985 2399 2058 Vapori.
2429 1988 2568 2044 Nihil
2607 1999 2784 2046 autem
2831 1994 3092 2062 signilicat
3132 1997 3294 2063 aliud,
3339 1997 3580 2069 Vanitati,
3610 2019 3772 2073 quam

2181 2091 2302 2131 eum
2333 2091 2454 2134 esse
2479 2079 2760 2148 caducum,
2795 2091 3219 2153 tcmporaneum,
3252 2096 3307 2142 et
3333 2089 3453 2144 vitae
3484 2091 3681 2149 brevis.
3713 2095 3770 2150 ln

2181 2167 2281 2222 hoc
2308 2168 2426 2224 loco
2454 2177 2710 2226 tractatur
2736 2171 2802 2227 de
2831 2188 3076 2243 corpore.
3108 2177 3172 2232 Et
3199 2177 3320 2233 ideo
3345 2180 3554 2237 dicebat
3595 2185 3771 2240 Abra-

2178 2258 2323 2326 ham,
2355 2259 2466 2332 Ego
2510 2273 2677 2317 autem
2714 2273 2847 2318 terra
2876 2277 2924 2320 et
2953 2269 3080 2322 cinis
3123 2268 3272 2338 (Gen.
3313 2273 3399 2328 18.
3440 2273 3563 2346 27);
3607 2277 3772 2333 Isaias

2176 2360 2376 2416 autem,
2408 2351 2586 2407 Omnis
2605 2369 2724 2408 caro
2745 2359 2957 2426 faenum,
2981 2371 3028 2412 et
3050 2359 3215 2431 gloria
3231 2363 3338 2434 ejus
3360 2367 3506 2436 quasi
3528 2368 3626 2435 flos
3645 2369 3770 2437 freni

2180 2441 2331 2514 (lsai.
2363 2444 2451 2500 40.
2485 2445 2562 2515 6).
2594 2446 2731 2514 Quid
2758 2459 2838 2503 est
2865 2457 3068 2516 autem,
3125 2451 3348 2509 Vanitati
3391 2458 3571 2513 similis
3601 2463 3768 2530 factus

2175 2536 2286 2589 est?
2309 2535 2506 2604 Nihilo,
2536 2537 2738 2608 inquit:
2772 2556 2948 2596 rerum
2972 2545 3118 2599 enim
3149 2545 3497 2604 humanarum
3531 2552 3768 2608 nihilest

2175 2627 2384 2681 ﬁrmum
2430 2643 2529 2682 nec
2571 2629 2780 2696 stabile,
2813 2632 2908 2687 sed
2935 2635 3117 2691 omnia
3149 2645 3426 2694 transeunt
3463 2650 3518 2696 et
3545 2653 3767 2711 przetcr-

2171 2725 2412 2771 currunt.
2441 2717 2562 2772 Dies
2592 2721 2701 2790 ejus
2725 2721 2852 2774 sicut
2882 2725 3058 2777 umbra
3083 2738 3418 2797 praetereunt;
3449 2731 3548 2787 hoc
3564 2742 3662 2798 est,
3682 2734 3767 2791 Ne

2172 2809 2386 2876 quando
2415 2809 2631 2879 quidem
2657 2811 2870 2879 adsunt,
2904 2814 3064 2870 ullam
3109 2819 3214 2872 vim
3244 2819 3460 2888 habent,
3503 2823 3598 2879 sed
3623 2828 3768 2881 cele-

2170 2901 2302 2956 riter
2318 2903 2551 2957 avolant.

2241 2994 2294 3050 3.
2327 2993 2382 3048 ld
2413 3005 2589 3050 autem
2629 2997 2909 3053 considera
2938 2999 2990 3054 in
3026 3002 3189 3058 rebus
3219 3003 3369 3072 ipsis.
3409 3021 3505 3062 eos
3539 3011 3678 3078 apud
3709 3020 3764 3066 te

2169 3086 2430 3155 cogitans,
2480 3089 2570 3158 qui
2609 3097 2733 3144 sunt
2763 3093 3078 3149 auctoritate
3118 3095 3347 3166 prtcditi,
3377 3099 3468 3169 qui
3512 3103 3765 3157 curribus

2169 3178 2454 3248 vehuntur,
2484 3181 2574 3251 qui
2617 3183 2961 3253 magistratus
2982 3197 3196 3258 gerunt,
3249 3193 3341 3262 qui
3384 3193 3439 3246 in
3482 3207 3759 3249 carcerem

2165 3269 2475 3338 conjiciunt,
2508 3282 2562 3327 et
2585 3271 2764 3344 ﬂagris
2789 3277 3024 3332 caedunt.
3055 3279 3191 3348 Quid
3218 3283 3358 3336 enim
3379 3283 3450 3337 illi
3477 3283 3543 3337 ab
3570 3286 3760 3339 umbra

2165 3360 2439 3429 dill‘erunt,
2469 3379 2575 3418 non
2597 3366 2772 3422 solum
2793 3375 3036 3439 tempore
3080 3373 3266 3427 mortis
3291 3415 3306 3438 ,
3337 3375 3430 3429 sed
3455 3376 3614 3430 etiam
3631 3387 3761 3432 ante

2165 3453 2435 3508 mortem?
2481 3455 2708 3523 Quando
2737 3460 2879 3514 enim
2908 3463 3248 3532 magistratus
3273 3466 3634 3536 deposuerint,
3663 3467 3759 3524 illa

2165 3547 2345 3600 omnia
2391 3548 2614 3602 omnino
2645 3562 2872 3620 pereunt
2914 3563 2968 3608 et
2993 3557 3207 3611 avolant
3234 3575 3247 3612 :
3279 3575 3364 3615 res
3394 3571 3574 3617 autem
3607 3576 3754 3616 vera:

2165 3648 2290 3692 sunt
2318 3649 2596 3710 postquam
2627 3641 2753 3698 hinc
2779 3649 3167 3704 excesserimns
3195 3667 3211 3705 :
3239 3666 3361 3707 vera
3390 3661 3513 3709 tunc
3551 3653 3747 3710 redde-

2165 3737 2250 3783 tur
2275 3731 2435 3795 ratio,
2467 3747 2592 3787 vera
2620 3744 2780 3789 erunt
2803 3737 3083 3806 supplicia,
3112 3749 3169 3796 et
3194 3742 3332 3797 bona
3364 3744 3612 3816 similiter
3643 3765 3658 3800 :
3691 3756 3753 3802 et

2159 3821 2321 3891 judex
2352 3833 2437 3879 est
2473 3827 2561 3896 qui
2611 3827 2830 3884 minime
2870 3830 2980 3886 falli
3030 3842 3223 3902 potest.
3265 3835 3395 3903 Quae
3439 3848 3619 3893 autem
3664 3840 3754 3896 hic

2165 3913 2317 3979 ﬁunt,
2348 3925 2472 3970 sunt
2501 3918 2694 3972 similia
2727 3922 2909 3989 pueris
2929 3922 3255 3981 ludentibus.
3284 3928 3384 3996 Qui
3415 3929 3560 3984 enim
3587 3929 3748 3986 hodie

2158 4006 2381 4074 judicat,
2409 4007 2496 4064 die
2525 4011 2759 4065 crastino
2783 4013 3071 4083 jndicatnr,
3097 4017 3386 4088 densreque
3411 4028 3466 4074 et
3493 4020 3748 4090 frequen-

2163 4106 2244 4151 tes
2265 4106 2388 4152 sunt
2418 4115 2596 4154 rerum
2629 4104 2971 4169 mutationes,
2991 4118 3044 4160 et
3075 4107 3361 4178 inmquales
3393 4113 3668 4166 transitus.
3691 4113 3746 4167 5.

2161 4188 2398 4256 Domine,
2427 4192 2618 4247 inclina
2645 4195 2794 4250 ccelos
2817 4208 2948 4265 tuos,
2980 4210 3027 4252 et
3045 4201 3304 4256 descende.
3339 4201 3509 4274 Tange
3533 4214 3744 4271 montes,

2162 4291 2210 4335 et
2238 4285 2580 4354 funaigabunt.
2614 4289 2784 4354 Alius,
2816 4289 2942 4345 Cum
2965 4293 3221 4348 inclinasti
3253 4298 3402 4351 ctelos
3429 4309 3561 4364 tuos,
3585 4309 3633 4355 et
3659 4300 3747 4354 de-

2161 4372 2417 4436 scendisti,
2441 4385 2488 4428 et
2513 4377 2714 4446 tetigisti
2741 4393 2951 4442 montes,
3001 4385 3376 4456 fumigarerunt
3397 4387 3494 4461 (a).
3524 4391 3590 4445 Et
3609 4407 3747 4461 qua:-

2161 4479 2281 4517 nam
2295 4473 2376 4518 est
2389 4464 2506 4524 lucc
2518 4469 2796 4525 verborum
2812 4475 3010 4528 series?
3026 4475 3206 4545 Magna
3221 4488 3384 4545 certe,
3398 4489 3452 4534 et
3463 4481 3744 4552 qumvalde

2161 4553 2400 4610 cohaeret
2425 4558 2712 4625 prioribus.
2741 4561 3001 4628 Quoniam
3033 4567 3174 4620 enim
3205 4567 3273 4623 de
3290 4571 3492 4626 vilitate
3510 4573 3738 4626 humana

2162 4647 2412 4718 loquutus
2455 4660 2559 4717 est,
2592 4661 2648 4706 et
2671 4655 2904 4709 ostendit
2933 4672 3090 4725 quam
3119 4661 3188 4714 sit
3219 4671 3404 4717 natura
3430 4666 3582 4720 nihili
3611 4683 3624 4718 :
3658 4666 3743 4720 hic

2160 4754 2348 4794 rursus
2371 4739 2609 4796 refrenat
2645 4759 2708 4799 ac
2751 4749 2994 4814 reprimit
3015 4752 3338 4808 tmnidorum
3383 4761 3740 4828 arrogantiam

2162 4843 2259 4898 per
2278 4845 2337 4885 ea
2357 4847 2474 4902 quae
2490 4833 2782 4904 subjunxit,
2808 4837 2907 4893 hoc
2930 4844 3313 4909 propemodum
3334 4847 3546 4904 dicens:
3571 4849 3741 4921 Opor-

2161 4920 2308 4974 tebat
2333 4921 2548 4993 quidem
2575 4924 2718 4993 ipsos
2747 4942 2814 4982 ex
2840 4931 3031 5000 seipsis
3059 4937 3362 5005 perspicere
3385 4951 3592 4996 natura:
3621 4944 3741 4998 vili-

2161 5021 2350 5077 tatem,
2378 5021 2432 5068 et
2460 5030 2563 5069 non
2586 5016 2687 5071 sibi
2730 5018 2943 5088 placere
2967 5064 2982 5088 ,
3025 5039 3355 5098 magnosque
3393 5032 3612 5101 spiritus
3657 5050 3746 5089 su-

2163 5120 2343 5158 ntere:
2373 5105 2472 5160 sed
2513 5109 2764 5176 quoniam
2795 5114 2983 5168 nolunt
3001 5156 3018 5179 ,
3043 5131 3108 5171 ex
3136 5116 3288 5174 factis
3310 5122 3413 5176 tuis
3438 5125 3660 5181 ostende
3678 5125 3744 5182 ad

2162 5205 2416 5264 quantam
2447 5196 2800 5254 humilitatem
2825 5218 2912 5258 res
2939 5220 3126 5261 eorum
3155 5209 3430 5267 redierint.

2235 5288 2374 5344 Deus
2403 5291 2656 5356 quomodo
2682 5293 2881 5348 dicatur
2921 5297 3219 5354 descendere
3242 5310 3286 5355 et
3307 5311 3531 5374 tangere.
3561 5305 3747 5361 Manus

2165 5379 2260 5432 Dei
2279 5380 2420 5449 quid.
2442 5381 2610 5436 Alieni
2629 5383 2724 5449 ﬁlii
2742 5387 2829 5453 qui
2851 5396 2987 5442 sunt.
3005 5418 3076 5430 —
3091 5389 3306 5448 Domine
3323 5433 3341 5458 ,
3382 5396 3570 5450 inclina
3599 5399 3744 5453 celos

2163 5478 2297 5537 tuos,
2329 5482 2376 5527 et
2420 5475 2683 5531 descende.
2727 5477 2840 5533 lloc
2881 5480 3029 5547 dicit,
3059 5497 3163 5538 non
3191 5486 3332 5556 quod
3359 5487 3498 5545 Deus
3523 5489 3746 5546 descen-

2161 5562 2254 5618 dat
2283 5582 2296 5618 :
2321 5565 2592 5634 quomodo
2617 5567 2759 5622 enim
2786 5569 3156 5643 descenderet,
3187 5578 3278 5645 qui
3299 5578 3494 5653 ubique
3508 5598 3745 5652 przeseus

2163 5654 2287 5710 est?
2334 5657 2428 5712 sed
2488 5665 2548 5712 ut
2603 5672 2698 5730 per
2762 5659 3067 5731 hujusmodi
3123 5665 3382 5744 humanas
3446 5672 3742 5741 dictiones.

2226 5786 2300 5851 (a)
2334 5795 2443 5840 Hae
2465 5789 2613 5842 lectio
2637 5791 2778 5855 cujus
2801 5794 3082 5860 interpretis
3100 5801 3162 5851 sit
3187 5803 3452 5866 ignoratur.

3957 871 4005 1096 Α
