4070 6340
346 319 454 378 «659

345 446 482 501 σμος
509 426 776 490 ἀντάξιος.
840 425 979 480 Ἀλλ’
1036 427 1219 479 ἐκεῖνα
1255 427 1354 496 μὲν
1381 429 1512 498 περὶ
1552 426 1776 499 ἀρετῆς,
1823 423 1916 478 καὶ

344 517 470 568 ὅταν
490 511 635 574 τινὲς
665 509 834 581 αὐτὴν
867 508 1261 572 ἐπιδείξωνται·
1313 510 1373 562 τὸ
1410 511 1488 573 δὲ,
1537 511 1595 563 Τί
1619 510 1787 562 ἐστιν
1816 506 1917 560 ἀν-

347 598 613 664 θρωπος;
664 593 793 662 περὶ
831 592 930 661 τῆς
957 591 1170 659 φύσεως
1199 593 1432 661 εἴρηται.
1475 592 1584 646 Καὶ
1609 593 1714 662 μὴν
1740 591 1832 643 καὶ
1883 589 1916 658 ἡ

353 677 510 745 φύσις
549 677 777 747 μεγάλη·
838 676 1047 744 μεγάλη
1106 676 1224 746 μὲν,
1259 675 1392 750 ἀλλοά
1436 676 1531 728 ἐὰν
1578 675 1674 745 τὴν
1719 673 1918 741 γνῶσιν

355 762 462 833 ίδῃς
493 755 560 831 ἦς
586 757 918 829 κατηξιώθη,
946 759 1077 811 πολὺ
1097 758 1493 829 καταδεεστέρα
1516 758 1741 828 ταύτης.

432 841 799 896 Ἀκουέτωσαν
824 841 1113 912 αίρετικῶν
1146 843 1352 904 παῖδες,
1397 842 1480 894 ὃτι
1510 841 1778 908 τοσαύτην
1813 855 1917 908 μα-

350 925 469 980 νίαν
503 924 800 995 μαίνονται,
835 925 904 976 τὰ
931 926 1103 995 μέτρα
1130 923 1544 994 ὑπερϐαίνοντες
1570 922 1795 984 ἑαυτῶν,
1829 919 1920 973 καὶ

351 1011 570 1078 ἄγνοιαν
598 1011 832 1081 ἐσχάτην
877 1007 1089 1061 νοσοῦσι
1118 1021 1167 1072 ει,
1217 1008 1284 1061 τὰ
1311 1008 1452 1078 ὑπὲρ
1492 1007 1685 1069 αὐτοὺς
1725 1005 1918 1059 ειδέναι

350 1094 669 1163 φάσκοντες.
709 1094 864 1152 Ἔστι
892 1091 1000 1163 γάρ
1039 1093 1133 1144 καὶ
1161 1095 1219 1145 ὲν
1248 1091 1441 1163 ἀγνοίᾳ
1475 1091 1696 1160 γνῶσιν,
1741 1091 1833 1143 καὶ
1862 1091 1921 1142 ἐν

349 1176 544 1246 γνώσει
570 1175 718 1248 μοι]
752 1176 972 1242 ἄγνοιαν
994 1172 1148 1228 εἷναι·
1175 1177 1269 1228 καὶ
1302 1177 1350 1227 εί
1386 1174 1659 1244 βούλεσθε,
1693 1175 1786 1227 ἐπὶ
1813 1173 1921 1226 τῶν

348 1261 620 1330 αἰσθητῶν
675 1259 806 1312 αὐτὸ
836 1259 1225 1328 γυμνάσωμεν,
1277 1259 1412 1310 Εἰπὲ
1451 1257 1561 1329 γάρ
1591 1274 1702 1326 μοι,
1744 1256 1810 1309 ἄν
1835 1271 1921 1318 τις

347 1346 479 1417 λέγῃ
500 1345 596 1415 τὴν
629 1343 900 1398 θάλασσαν
941 1341 1199 1395 δύνασθαι
1247 1343 1553 1411 ἐκμετρείν,
1588 1340 1682 1393 καὶ
1722 1338 1920 1392 ειδέναι

348 1429 545 1491 πόσους
581 1427 694 1497 ἔχει
729 1425 978 1488 κυάθους,
1012 1421 1123 1494 ἄρα
1153 1426 1253 1495 οὐχ
1297 1420 1450 1486 οὗτός
1499 1425 1615 1476 ἐστι
1642 1420 1922 1491 μάλισταὸ

347 1511 572 1579 ἀγνοῶν,
599 1511 650 1563 τί
676 1509 807 1562 ποτέ
836 1510 953 1561 ὲστι
989 1508 1268 1571 θάλασσα;
1308 1507 1364 1560 '0
1387 1506 1445 1559 δὲ
1485 1506 1661 1573 λέγων
1686 1504 1760 1574 μὴ
1783 1503 1923 1557 εἰδέ-

349 1613 457 1659 ναι,
484 1594 598 1647 ἀλλ’
631 1594 856 1663 ἄπειρον
887 1591 1056 1661 αὐτῆς
1110 1591 1201 1644 τὸν
1239 1591 1468 1662 ἀριθμὸν
1509 1589 1919 1658 διατεινόμενος,

348 1674 498 1743 οὗτος
533 1677 766 1748 μάλιστά
795 1680 941 1728 ἐστιν
986 1677 1015 1729 6
1072 1674 1230 1739 εἰδὼς
1261 1677 1314 1728 τί
1344 1675 1473 1728 ποτέ
1515 1677 1630 1727 ἐστι
1657 1673 1919 1726 θάλασσα.

349 1764 414 1816 Τί
433 1763 489 1816 δὲ
509 1765 600 1814 ἐπὶ
632 1760 725 1813 τοῦ
759 1759 926 1825 Θεοῦ;
953 1759 1051 1811 "Av
1087 1758 1214 1830 εἴπῃ
1237 1775 1338 1821 τις,
1369 1753 1520 1810 Εἶδον
1543 1756 1632 1810 τὸν
1650 1755 1800 1820 Θεὸν,
1829 1757 1923 1808 καὶ

349 1843 643 1900 κατέλαϐον
666 1846 732 1912 τῇ
749 1841 868 1910 ὄψει
899 1844 965 1912 τῇ
988 1843 1118 1911 ἐμῇ,
1138 1837 1172 1893 ἆ
1179 1843 1226 1912 ρ’
1244 1841 1342 1910 οὐχ
1363 1832 1517 1902 οὗτός
1549 1841 1664 1891 ἐστι
1692 1837 1924 1908 μάλιστα

345 1931 376 1982 6
404 1927 612 1996 ἀγνοῶν
628 1926 717 1978 τὸν
742 1925 893 1986 Θεὸν,
928 1927 956 1977 ὁ
986 1923 1046 1976 τὸ
1072 1923 1298 1994 ἀόρατον
1327 1923 1518 1993 ὁρατὸν
1554 1917 1692 1974 εἶναι
1729 1921 1920 1989 λέγων,

348 2014 443 2068 καὶ
472 2015 530 2066 ὲν
553 2010 837 2082 προσθήκῃ
862 2009 1113 2076 γνώσεως
1145 2008 1240 2060 καὶ
1267 2007 1365 2077 τὴν
1396 2005 1629 2076 δυνατὴν
1662 2005 1925 2076 ἀφαιρού-

352 2113 537 2168 μενοςς
569 2096 667 2147 Ἂν
691 2093 746 2146 δέ
786 2110 868 2154 τις
894 2091 1121 2163 ἀόρατον
1143 2091 1172 2131 1³
1212 2090 1372 2143 αὐτὸν
1410 2089 1562 2160 εἴπῃ,
1597 2088 1690 2140 καὶ
1721 2087 1925 2158 μηδένα

347 2179 606 2234 δύνασθαι
647 2177 802 2248 δρᾷν,
833 2177 931 2245 οὐχ
963 2169 1118 2237 οὗτος
1149 2173 1382 2244 μάλιστά
1409 2174 1555 2225 ἔστιν
1574 2175 1602 2226 6
1629 2171 1816 2236 είδώς;
1856 2169 1923 2222 Τί

347 2265 406 2320 δὲ
440 2263 599 2318 πάλιν
644 2261 709 2316 ἄν
740 2278 823 2323 τις
866 2259 1248 2329 ἀκατάληπτον
1277 2257 1438 2309 αὐτὸν
1463 2255 1611 2327 εἴπῃ,
1635 2256 1821 2327 ἕτερος
1866 2254 1925 2307 δὲ

349 2346 713 2416 καταληπτόν·
765 2340 853 2410 ἄρ’
901 2345 999 2413 οὑχ
1046 2335 1201 2403 οὗτος
1256 2341 1353 2410 μέν
1385 2341 1534 2391 ἐστιν
1569 2341 1598 2392 6
1638 2338 1846 2406 ἀγνοῶν
1869 2348 1917 2401 ο,

350 2433 557 2493 ἐκεῖνος
587 2429 641 2482 δὲ
667 2429 696 2480 6
729 2428 913 2491 είδώς;
941 2427 1051 2495 Οὐχ
1076 2426 1208 2495 ὁρᾷς
1244 2425 1336 2477 καὶ
1357 2423 1568 2476 Παῦλον
1603 2420 1807 2491 ταύτην
1831 2423 1922 2493 ἑρ-

350 2516 577 2586 χόμενον
629 2512 725 2584 τὴν
766 2512 901 2578 ὁδὸν,
939 2513 1032 2564 καὶ
1077 2510 1321 2578 λέγοντα,
1376 2508 1476 2562 Ἐκ
1501 2505 1722 2576 μέρους
1752 2505 1922 2575 τινά).

350 2614 595 2667 σκομεν,
653 2596 748 2648 καί
796 2595 864 2648 ἐκ
907 2593 1128 2663 μέρους
1179 2593 1661 2660 προφητεύομεν;
1697 2590 1921 2657 Λὸγισαι

352 2681 495 2736 πόσα
519 2681 762 2748 γέγονεν,
785 2678 874 2732 ἵνα
909 2678 1167 2747 μάθωμεν
1189 2676 1277 2729 τὸν
1303 2674 1454 2734 Θεὸν,
1488 2675 1546 2726 οὐ
1574 2674 1657 2735 τίς
1685 2675 1800 2725 ἐστι
1825 2671 1923 2743 τὴν

351 2770 560 2828 οὐσίαν,
594 2766 707 2820 ἀλλ’
738 2767 819 2820 ὃτι
845 2765 978 2819 ἔστι.
999 2764 1168 2817 Τοῦτο
1191 2761 1320 2832 γοῦν
1347 2762 1441 2814 καὶ
1469 2760 1723 2822 ὀΠαῦλος
1751 2758 1918 2826 λέγει·

355 2856 680 2911 Πιστεῦσαι
718 2853 827 2922 γὰρ
883 2851 978 2905 δεῖ
1007 2850 1114 2905 τὸν
1162 2850 1645 2917 προσερχόμενον
1673 2845 1752 2910 τῷ
1783 2845 1922 2911 Θεῷ,

356 2944 446 2998 ὅτι
474 2943 663 2996 ἐστιν.
706 2940 771 2994 Ἦ
800 2939 974 3002 κτίσις
1004 2937 1192 2991 ἅπασα
1210 2935 1367 2989 αύτὸν
1400 2935 1760 3004 ἀνακηρύττει
1789 2934 1805 2998 <
1822 2932 1924 2986 Ἐκ

353 3033 460 3102 γάρ
480 3029 787 3100 μεγέθους,
809 3025 962 3096 φησὶ,
982 3025 1075 3078 καὶ
1103 3021 1410 3088 καλλονῆς
1430 3020 1764 3088 κτισμάτων
1791 3020 1926 3072 ἀνα-

351 3120 545 3188 λόγως
600 3119 632 3170 ό
658 3111 1080 3182 τενεσιουργός
1114 3107 1449 3177 θεωρεῖται).
1499 3107 1592 3159 τοῦ
1639 3106 1924 3177 ἀνθρώπου

351 3205 491 3276 αὑτὴ
519 3207 551 3274 ἡ
579 3199 910 3271 κατασκευὴ,
940 3201 994 3252 αί
1018 3198 1174 3268 τιμαὶ
1202 3198 1257 3250 αἱ
1276 3198 1402 3265 παρ’
1427 3196 1588 3249 αὑτοῦ
1621 3194 1922 3264 δεδομέναι,

351 3297 407 3348 αἱ
440 3293 704 3353 κολάσεις,
738 3289 792 3341 αἱ
813 3285 1140 3357 εὐεργεσίαι,
1170 3286 1226 3337 αἱ
1259 3283 1578 3354 οἰκονομίαι,
1614 3281 1682 3334 τά
1699 3280 1786 3334 διὰ
1816 3281 1925 3334 τῶν

352 3379 647 3454 προφητῶν
688 3371 1286 3448 προαναπεφωνημένα,
1323 3372 1391 3422 τὰ
1418 3370 1672 3440 θαύματα
1697 3370 1763 3422 τά
1813 3369 1927 3423 διά-

353 3486 518 3541 φορα.
550 3465 702 3520 Μετὰ
727 3463 900 3517 ταῦτα
925 3457 1086 3532 ἦλθεν
1105 3459 1266 3522 αὐτὸς
1289 3461 1317 3512 6
1342 3455 1662 3527 Μονογενὴς,
1696 3457 1789 3510 καὶ
1827 3456 1926 3527 τὴν

353 3554 660 3624 οἰκονομίαν
681 3552 779 3623 τὴν
800 3549 1118 3619 θαυμαστὴν
1139 3546 1352 3613 ἐκείνην
1383 3545 1477 3598 καὶ
1508 3545 1738 3614 φρικτὴν
1761 3542 1926 3614 eam}-

357 3660 518 3715 ρωσε.
552 3641 661 3696 Καὶ
679 3641 825 3709 ὅμως
869 3637 976 3690 εἰσί
1005 3651 1167 3698 τινες,
1199 3635 1248 3687 οἰ
1282 3633 1506 3704 μηδέπω
1534 3632 1594 3685 τὸ
1622 3632 1791 3700 σαφὲς
1819 3649 1923 3700 μα-

354 3733 554 3794 θόντες·
595 3729 689 3781 καὶ
727 3728 793 3779 σὺ
831 3725 1010 3792 λέγεις
1032 3721 1091 3786 ἐξ
1127 3721 1343 3774 οἰκείων
1381 3719 1652 3789 λογισμῶν
1669 3718 1924 3772 δύνασθαι

354 3817 791 3889 καταλαμϐάνειν
829 3815 889 3867 τὸ
943 3813 996 3866 τί
1061 3812 1159 3883 τὴν
1217 3811 1406 3864 οὐσίαν
1467 3809 1650 3872 eam;
1716 3808 1924 3861 Οὐκοῦν

354 3909 564 3976 ἀγνοεῖς
602 3904 693 3956 τὸν
729 3901 894 3965 Θεόν;
947 3898 1128 3970 φησίν.
1178 3900 1413 3966 Ἄπαγε·
1465 3896 1578 3949 ἀλλ’
1627 3892 1744 3949 οἶδα
1800 3895 1920 3966 μὲν,

354 3997 436 4048 ὅτι
464 3994 598 4058 ἔστι,
652 3991 744 4045 καὶ
769 3990 849 4042 ὅτι
888 3987 1284 4056 φιλάνθρωπος,
1333 3984 1428 4037 καὶ
1451 3985 1533 4036 ὅτι
1569 3983 1791 4050 ἀγαθὸς,
1833 3982 1926 4036 καὶ

354 4087 434 4139 ἔτι
475 4081 735 4154 προνοῶν,
788 4079 883 4131 καὶ
943 4076 1012 4129 τὰ
1068 4075 1200 4129 ἀλλα
1253 4073 1468 4126 ἅπαντα
1514 4073 1617 4125 ὅσα
1667 4067 1819 4125 εἷπον
1869 4074 1925 4126 αί

356 4170 592 4242 Γραφαί·
615 4169 674 4222 τὸ
693 4168 748 4220 δὲ
765 4166 817 4218 τί
854 4164 951 4235 τὴν
989 4163 1196 4222 οὐσίαν,
1237 4161 1337 4212 οὐκ
1372 4155 1507 4212 οἶδα.
1549 4159 1793 4226 Ἐνόμισε
1831 4158 1926 4211 καὶ

356 4261 385 4312 6
427 4257 599 4328 Ἀδὰμ
645 4254 804 4308 πλέον
839 4251 1132 4322 εὑρίσκειν,
1171 4247 1248 4318 τῷ
1286 4246 1513 4315 διαϐόλῳ
1540 4245 1801 4308 πεισθεὶς,
1832 4244 1927 4297 καὶ

356 4346 444 4400 διὰ
479 4347 579 4417 τῆς
617 4340 924 4405 πλεονεξίας
984 4337 1184 4406 ταύτης
1237 4335 1331 4388 καὶ
1377 4333 1404 4386 6
1443 4329 1586 4402 εἶχεν
1624 4329 1922 4384 ἀπώλεσεν.

359 4414 543 4501 Ὅπερ
572 4429 665 4482 καὶ
694 4418 838 4478 οὗτοι
873 4423 1166 4492 πάσχουσιν
1205 4419 1312 4471 ἀπὸ
1328 4417 1434 4470 τῶν
1463 4415 1815 4488 ἀνθρωπίνων
1842 4414 1930 4466 λο-

356 4517 569 4589 γισμῶν
615 4512 950 4583 ὲναγόμενοι,
1007 4508 1098 4562 καὶ
1130 4507 1228 4559 οὐκ
1261 4503 1550 4567 ἀκούοντες
1592 4505 1672 4556 ὅτι
1726 4501 1927 4572 Κύριος

357 4607 537 4661 ἕίδωσι
561 4601 771 4670 σοψίαν,
809 4599 904 4651 καὶ
935 4595 1041 4649 ἀπὸ
1074 4592 1363 4665 προσώπου
1405 4590 1568 4645 αὐτοῦ
1606 4589 1802 4659 γνῶσις
1835 4590 1929 4641 καὶ

360 4693 592 4755 σύνεσις.
633 4690 746 4740 ούκ
792 4683 1047 4738 ἀκούουσι
1086 4681 1298 4736 Παύλου
1359 4679 1629 4747 λέγοντος,
1700 4677 1802 4730 Διὰ
1821 4675 1928 4730 τοῦ

359 4779 702 4846 Πνεύματος
743 4770 1140 4836 ἀπεκάλυψεν
1173 4768 1335 4837 ἡμῖν,
1375 4768 1614 4828 καὶτοὺς
1639 4764 1930 4833 λογισμοὺς

361 4865 744 4930 ὲκϐάλλοντος;
786 4857 1139 4928 Λογισμοὺς.
1170 4857 1322 4926 φησὶ,
1360 4852 1800 4923 καθαιροῦντες,
1831 4849 1930 4904 καὶ

361 4952 483 5007 πᾶν
519 4951 734 5018 ὕψωμα
766 4948 1162 5013 ἐπαιρόμενον
1199 4941 1350 4996 κατὰ
1378 4940 1488 5010 τῆς
1523 4939 1798 5009 γνώσεως
1823 4937 1930 4992 τοῦ

364 5037 534 5096 Θεοῦ.
557 5037 667 5090 Καὶ
688 5035 843 5097 ἄλλος
867 5031 1046 5098 σοφὸς,
1073 5029 1359 5098 Λογισμοί
1386 5026 1711 5096 ἀνθρώπων
1723 5023 1928 5090 δειλοί,

361 5127 459 5181 καὶ
485 5121 841 5192 ἐπισφαλεῖς
894 5122 954 5172 αι
983 5118 1238 5170 ἐπίνοιαι
1276 5113 1489 5168 αὐτῶν.
1545 5115 1604 5167 Τί
1639 5112 1808 5166 ἐστιν
1830 5110 1933 5163 ἄν-

361 5219 613 5285 θρωπος,
638 5210 728 5264 ὅτι
745 5205 1054 5278 ἐγνώσθης
1089 5202 1269 5268 αὐτῷ.
1315 5201 1594 5272 Ἐννόησον
1630 5200 1690 5252 τὸ
1718 5199 1745 5239 d
1776 5199 1932 5254 ἄπει-

423 5392 453 5420 ⁸
473 5389 594 5439 Mor.
615 5389 675 5436 τὰ
697 5388 844 5450 μέτρα
865 5381 1333 5450 ὑπερϐαίνοντες,ικαὶ
1359 5375 1784 5450 ἄγνοιανινοσοῦσι.

427 5455 454 5494 b
475 5437 632 5507 'Unus,
656 5437 910 5496 réfer'enle
956 5437 1127 5498 Sa\'i|.,
1159 5437 1581 5507 γνώσεως-καὶτὰ
1599 5439 1803 5501 πρότερα
1827 5437 1935 5484 ἐλυ-

401 5515 570 5571 ἧνατο;
596 5500 651 5560 ἂν
674 5512 725 5558 δέ
743 5527 812 5564 τις
834 5508 892 5556 ἀὸ
921 5523 1052 5563 ατον,
1075 5500 1186 5564 quaé
1216 5506 1363 5551 etiam
1411 5500 1558 5549 lectio
1589 5507 1721 5548 stare
1747 5500 1931 5560 posset.

407 5589 545 5616 prum
566 5573 838 5616 Gentianus
876 5524 1121 5616 IIem-elus
1149 5574 1361 5614 nostram
1396 5569 1597 5612 secutus
1628 5567 1707 5610 est
1731 5560 1931 5609 lection.

401 5532 570 5571 ηνατο;
596 5532 651 5560 αν
674 5532 725 5558 οε
743 5532 812 5564 τις
834 5532 892 5556 αο
921 5532 1052 5563 ατυν,
1075 5532 1185 5564 qua:
1216 5532 1363 5551 cuaul
1411 5532 1558 5549 ICDDIU
1590 5532 1721 5548 ους-υ
1749 5532 1931 5560 γνουνι.

363 5532 545 5626 Verum
566 5573 838 5621 Gemianus
876 5532 1121 5616 IIem-elus
1149 5574 1361 5614 nosuam
1396 5569 1597 5612 secutus
1628 5567 1707 5610 est
1731 5560 1932 5609 lection.

424 5641 447 5667 θ
475 5637 624 5684 Savil.
651 5635 782 5682 ἔσται
802 5631 1000 5692 ἀγνοῶ),
1025 5628 1200 5692 ἐκεῖνος
1231 5627 1282 5674 δὲ
1302 5626 1460 5692 εἰδῶ-ς.

423 5705 449 5736 «ι
475 5682 621 5744 ἐξινίι.
648 5682 867 5750 ἐννόησώ
888 5682 1002 5752 γοῦν
1042 5689 1111 5738 τό.
1155 5688 1262 5737 Mox
1298 5687 1446 5737 Savil.
1472 5686 1604 5740 ἀξίαν
1636 5682 1760 5733 Θεοῦ
1792 5683 1932 5744 λέγω.

365 5759 482 5810 Mor;
507 5759 645 5817 ἀξίως
659 5753 783 5806 Θεοῦ
816 5755 956 5815 λέγω,
980 5752 1178 5801 melius.

1429 312 1793 372 EXPOSITIO
1831 312 1899 367 IN
1936 311 2271 369 PSALMUM
2315 312 2539 370 CXLIII.

3491 318 3603 380 δαὶ

2029 442 2122 496 ρον
2160 427 2336 481 ἐκεῖνο
2385 428 2632 498 μέγεθος·
2697 431 2895 502 μᾶλλον
2948 434 3006 488 δὲ
3040 435 3160 488 οὐδὲ
3212 433 3371 489 τοῦτο
3398 434 3596 504 λέγων,

2025 513 2192 578 ἀξίως
2208 515 2340 569 Θεοῦ
2378 516 2537 585 λέγω·
2578 518 2692 572 ἀλλ’
2733 522 2832 574 ούκ
2879 517 2996 575 οἶδα
3038 520 3156 582 πῶς
3193 521 3426 592 λαλήσω·
3475 523 3598 576 οὐδὲ

2024 603 2134 673 γὰρ
2175 605 2403 674 μέγεθος
2452 608 2545 660 ἐπὶ
2596 608 2731 662 Θεοῦ
2770 609 3036 678 λέγοντες,
3086 612 3291 682 κυρίως
3343 611 3593 682 λέγομεν·

2026 690 2138 743 ἀλλ’
2155 690 2305 763 [4621
2334 693 2522 766 ἐπειδὴ
2548 696 2647 748 ούκ
2666 695 2812 750 ἔστιν
2855 697 3056 768 ἑτέρως
3094 698 3448 766 φθέγγεσθαι,
3486 701 3598 760 τοῖς

2025 780 2328 852 ὲγχωροῦσι
2367 782 2641 854 κέχρημαι
2695 786 2955 856 ῥήμασιν.
3021 787 3173 840 Ἐπεὶ
3220 787 3314 840 καὶ
3338 787 3598 855 Ὕψιστον

2026 868 2188 922 αὑτὸν
2224 870 2428 936 καλῶν,
2469 872 2527 924 ού
2554 872 2706 942 τόπῳ
2755 873 2916 927 αὑτὸν
2959 874 3273 945 περιορίζω·
3315 873 3449 928 ἀλλά
3505 857 3599 926 καί

2024 955 2085 1008 τὸ
2123 955 2322 1028 ὑψηλὸν
2372 961 2466 1011 καὶ
2496 959 2776 1030 μεγαλεῖον
2805 961 2970 1014 αὐτοῦ
3006 962 3105 1030 τῆς
3141 961 3352 1030 φύσεως
3389 960 3530 1030 δηλῶ
3548 969 3596 1022 ⁸,

2027 1045 2122 1098 καὶ
2173 1046 2474 1117 διεστηκὸς,
2515 1050 2609 1102 καὶ
2650 1050 2863 1103 πάντων
2904 1051 3343 1122 ἀνακεχωρηκός.
3385 1049 3486 1103 Διά
3533 1049 3598 1118 δὴ

2026 1134 2184 1186 τοῦτο
2217 1135 2392 1202 ἔλεγε·
2432 1138 2490 1189 Τί
2545 1138 2714 1191 ἐστιν
2764 1137 3092 1208 ἅνθρωπος,
3150 1138 3237 1190 ὅτι
3292 1137 3600 1206 ἐγνώσθης

2027 1221 2186 1287 αὐτῷ
2203 1241 2222 1288 ;
2249 1223 2346 1277 Διά
2376 1224 2484 1296 γὰρ
2520 1225 2678 1279 τοῦτο
2711 1227 2805 1279 καὶ
2844 1231 3096 1280 ταπεινὸν
3127 1227 3348 1296 ἐποίησε
3380 1227 3476 1281 καὶ
3506 1243 3602 1297 με⁶

2027 1313 2166 1378 γάλα
2195 1314 2502 1384 ἐχαρίσατο,
2543 1316 2631 1369 ἵνα
2661 1315 2735 1386 μὴ
2765 1315 2995 1388 ἐπαρθῇ,
3017 1316 3154 1386 ἔχων
3183 1317 3444 1387 μεγίστην
3473 1317 3602 1371 ἀνά-

2027 1416 2170 1470 γκην
2187 1399 2278 1452 τοῦ
2307 1402 2640 1472 μετριάζειν,
2662 1403 2759 1474 τὴν
2791 1405 2898 1456 ἀπὸ
2933 1405 3032 1474 τῆς
3056 1405 3270 1472 φύσεως
3304 1404 3600 1458 εὐτέλειαν.

2030 1487 2102 1541 Ἦ
2128 1488 2255 1554 υίὸς
2272 1487 2606 1556 ἀνθρώπου,
2632 1490 2716 1544 ὅτι
2740 1491 2939 1561 λογίζῃ
2957 1494 3172 1557 αὐτόν;
3196 1490 3346 1555 Εἶδες
3365 1492 3527 1544 πόσον
3541 1491 3602 1545 τὸ

2033 1576 2314 1647 μεγαλεῖον
2338 1577 2435 1647 τῆς
2461 1576 2674 1644 φύσεως
2693 1579 2786 1630 τοῦ
2812 1578 2977 1642 Θεοῦ;
3003 1581 3344 1648 Ἀνθρωπος
3362 1579 3603 1648 ματαιό-

2030 1681 2099 1730 τη
2107 1681 2157 1715 τι
2177 1663 2596 1732 ὡμοιώθη.”Ετε
2606 1681 2694 1734 ρος
2703 1664 2759 1717 δὲ
2775 1666 3110 1735 ἑρμηνευτὴς
3125 1666 3204 1729 τὸ,
3221 1664 3276 1717 Μ
3280 1665 3600 1731 αταιότητι,

2043 1750 2221 1819 Ὰτμῷ
2263 1749 2284 1790 ί
2306 1747 2476 1806 εἴπεν.
2504 1751 2618 1804 Ούκ
2646 1751 2771 1807 ἄλλο
2802 1753 2858 1805 δὲ
2897 1752 2958 1804 τὸ
2985 1753 3343 1820 Ματαιότητι
3375 1753 3599 1824 δηλοῖ,ἢ

2030 1839 2111 1891 ὅτι
2142 1837 2424 1910 ὲπίκηρος,
2447 1838 2801 1911 πρόσκαιρος,
2820 1838 3044 1910 βραχύς.
3065 1839 3327 1893 Ἐνταῦθα
3357 1841 3446 1894 τὸν
3474 1841 3603 1913 περὶ

2030 1927 2123 1979 τοῦ
2143 1925 2854 1997 σώματοςγυμνάζειλόγον.
2869 1927 2983 1980 Δι’ὃ
3010 1928 3104 1980 καὶ
3133 1927 3382 2001 Ἀϐραὰμ
3398 1928 3598 1996 ἔλεγεν·

2046 2015 2184 2084 Ἐγὼ
2210 2013 2276 2067 δέ
2303 2017 2420 2084 ειμι
2446 2014 2521 2085 γῆ
2570 2016 2667 2068 καὶ
2695 2015 2947 2081 σποδός·
2989 2017 3015 2068 ὁ
3053 2016 3108 2068 δὲ
3155 2018 3402 2079 Ἡσαΐας,
3431 2016 3605 2070 Πᾶσα

2031 2103 2187 2172 σὰρξ
2214 2105 2444 2172 χόρτος,
2473 2103 2574 2157 καὶ
2602 2101 2770 2157 πᾶσα
2803 2103 2954 2168 δόξα
2976 2104 3288 2169 ἀνθρώπου
3310 2103 3390 2170 ὡς
3422 2102 3605 2170 ἄνθος

2031 2195 2268 2262 χόρτου.
2297 2191 2362 2245 Τί
2385 2193 2442 2247 δέ
2487 2195 2623 2258 ἐστι,
2650 2194 3003 2260 Ματαιότητι
3039 2191 3300 2262 ὡμοιώθη
3319 2211 3338 2257 ;
3379 2191 3466 2262 Τῷ
3499 2210 3605 2262 μη-

2031 2279 2160 2342 δενὶ,
2195 2281 2378 2349 φησίν·
2407 2279 2592 2351 ἐπειδὴ
2639 2279 2745 2332 τῶν
2778 2279 3131 2350 ἀνθρωπίνων
3175 2278 3328 2332 οὐδὲν
3361 2277 3601 2348 βέϐαιον,

2031 2366 2151 2420 οὐδὲ
2183 2369 2466 2438 στάσιμον,
2488 2367 2624 2420 άλλά
2656 2367 2835 2421 πάντα
2860 2369 3096 2437 παράγει
3119 2367 3212 2419 καὶ
3248 2366 3602 2437 παρέρχεται.

2022 2460 2089 2509 Al
2127 2456 2339 2526 ἡμέραι
2367 2455 2554 2510 αὐτοῦ
2576 2455 2719 2508 ὡσεὶ
2749 2456 2892 2508 σκιὰ
2907 2453 3264 2522 παράγουσι·
3302 2455 3602 2516 τουτέστιν,

2029 2545 2150 2599 οὐδὲ
2192 2545 2353 2616 ἡνίκα
2389 2544 2664 2614 πάρεισιν,
2708 2543 2860 2614 ἰσχύν
2896 2560 3018 2598 τινα
3068 2541 3301 2613 ἔχουσιν,
3341 2541 3474 2596 ἀλλά
3512 2544 3606 2596 καὶ

2029 2634 2238 2704 ταχέως
2274 2633 2625 2702 ἀφίπτανται.

2101 2771 2169 2832 γ’.
2212 2764 2322 2816 Καὶ
2351 2762 2541 2816 σκόπει
2569 2760 2728 2814 τοῦτο
2765 2761 2855 2814 ἐπὶ
2891 2759 2997 2814 τῶν
3033 2759 3374 2832 πραγμάτων
3403 2759 3604 2826 αὐτῶν,

2030 2854 2155 2914 τοὺς
2173 2854 2228 2904 ὲν
2245 2852 2517 2921 ἀξιώμασι
2532 2849 2892 2918 λογιζόμενος,
2915 2850 3040 2912 τοὺς
3058 2848 3270 2901 ἐπὶτῶν
3290 2847 3604 2918 ὀχημάτων,

2031 2941 2158 3000 τοὺς
2191 2941 2247 2990 ὲν
2293 2941 2412 3001 ταῖς
2445 2937 2814 2999 δυναστείαις,
2854 2937 2979 2998 τοὺς
3012 2937 3091 2998 είς
3141 2936 3201 2987 τὸ
3234 2935 3604 3005 δεσμωτήριον

2032 3026 2397 3097 ἐμϐάλλοντας
2425 3026 2518 3079 καὶ
2545 3023 2959 3095 μαστιγοῦντας.
2989 3023 3053 3075 Τί
3076 3022 3192 3094 ’γάρ
3233 3025 3388 3086 σκιᾶς
3415 3023 3603 3092 διαφέ-

2037 3134 2218 3190 ρουσιν
2265 3110 2430 3176 οῦτοι,
2474 3117 2574 3168 ούκ
2608 3118 2664 3167 ὲν
2703 3114 2781 3185 τῷ
2807 3113 2983 3184 καιρῷ
3019 3113 3120 3182 τῆς
3157 3113 3434 3182 τελευτῆς,
3471 3113 3607 3167 ἀλλά

2033 3206 2126 3260 καὶ
2179 3205 2284 3276 πρὸ
2326 3206 2424 3274 τῆς
2454 3203 2745 3271 τελευτῆςς
2786 3202 2953 3254 Ὅταν
2997 3199 3106 3271 γάρ
3147 3201 3318 3272 ἀρχῆς
3358 3200 3605 3271 παραλυ-

2034 3294 2186 3358 θῶσι,
2213 3295 2389 3346 πάντα
2415 3295 2595 3344 ἐκεῖνα
2623 3291 2828 3361 οἴχεται
2853 3288 2949 3342 καὶ
2984 3288 3224 3340 ἐκποδὼν
3258 3288 3498 3355 γίνεται·
3538 3288 3610 3342 τὰ

2031 3385 2088 3437 δὲ
2120 3383 2296 3453 ἀληθῆ
2351 3382 2649 3454 πράγματα
2685 3379 2821 3450 μετά
2850 3379 2948 3450 τὴν
2981 3377 3230 3430 ἐντεῦθεν
3255 3377 3564 3449 ἀποδημίαν
3587 3393 3603 3410 ⁸

2031 3474 2149 3526 τότε
2178 3473 2270 3523 καὶ
2292 3469 2516 3523 εὐθῦναι
2545 3469 2638 3521 καὶ
2675 3467 2922 3530 κολάσεις
2937 3465 3176 3537 ἀληθεῖς,
3209 3465 3304 3518 καὶ
3331 3466 3399 3519 τὰ
3425 3466 3606 3534 ἀγαθά

2032 3560 2252 3631 ὁμοίως,
2287 3562 2382 3612 καὶ
2402 3562 2429 3612 6
2454 3554 2712 3623 δικαστὴς
2736 3554 3164 3624 ἀνεξαπάτητος.
3194 3552 3276 3605 Τὰ
3295 3552 3352 3606 δὲ
3376 3552 3608 3607 ἐνταῦθα

2034 3649 2220 3702 παισὶν
2267 3648 2408 3700 ἔοικε
2465 3645 2772 3708 παίζουσιν.
2827 3644 2886 3694 Ὀ
2934 3642 3169 3712 σήμερον
3195 3641 3303 3708 γάρ
3336 3640 3604 3706 δικάζων,

2033 3735 2261 3807 ἕστηκεν
2287 3734 2472 3807 αὔριον
2491 3733 2860 3802 δικαζόμενος,
2879 3730 2972 3782 καὶ
2992 3729 3192 3782 πυκναὶ
3214 3728 3270 3780 αἱ
3293 3729 3607 3797 μεταϐολαὶ,

2033 3826 2127 3878 καὶ
2169 3822 2442 3892 ἀνώμαλοι
2471 3823 2527 3874 αί
2571 3818 2915 3889 μεταϐάσεις.
2949 3817 3154 3883 Κύριε,
3196 3815 3408 3868 κλῖνον
3435 3818 3610 3883 οὐρα-

2032 3912 2179 3977 νούς
2208 3928 2344 3970 σοι’,
2396 3909 2494 3962 καὶ
2537 3907 2839 3974 κατάϐηθι.
2887 3905 3062 3972 ’Ἀψαι
3105 3902 3224 3956 τῶν
3266 3903 3466 3971 ὀρέων,
3507 3903 3607 3956 καί

2034 3997 2572 4063 καπνισθήσονται.
2624 3995 2848 4062 Ἕτερος
2868 4031 2883 4049 ,
2934 3989 3266 4056 Κλίναντός
3298 4007 3413 4043 σου
3437 3991 3611 4058 οὐρα-

2033 4087 2199 4152 νοὺς.
2239 4085 2332 4138 καὶ
2365 4080 2750 4145 καταϐάντος,
2789 4077 2883 4132 καί
2918 4076 3231 4146 ἁψαμένου
3270 4077 3387 4130 τῶν
3422 4077 3610 4145 ὀρέων

2033 4174 2511 4238 ἐκαπνίσθησαν.
2545 4170 2653 4221 Καὶ
2671 4167 2797 4220 ποία
2829 4164 2964 4234 αῦτη
2991 4164 3250 4236 ῥημάτων
3278 4163 3565 4217 ἀκολουθία
3590 4181 3605 4231 ;

2034 4261 2213 4316 Πολλὰ
2254 4261 2351 4330 μὲν
2385 4254 2498 4321 οὖν,
2540 4257 2632 4308 καὶ
2661 4254 2863 4326 σφόδρα
2894 4252 3125 4323 ἐχομένη
3151 4251 3260 4304 τῶν
3303 4252 3605 4324 προτέρων.

2047 4353 2263 4423 Ἐπειδὴ
2303 4350 2411 4421 γὰρ
2444 4349 2572 4420 περὶ
2606 4348 2704 4417 τῆς
2729 4345 3001 4407 εὐτελείας
3028 4345 3126 4414 τῆς
3165 4342 3505 4414 ἀνθρωπίνης
3533 4342 3611 4394 δι-

2035 4442 2247 4512 ελέχθη,
2280 4441 2373 4495 καὶ
2399 4440 2461 4492 τὸ
2483 4436 2768 4508 οὑδαμινὸν
2792 4436 2889 4506 τῆς
2913 4433 3126 4501 φύσεως
3153 4434 3461 4504 παρέστησε
3481 4471 3494 4496 ,
3517 4433 3610 4484 καὶ

2037 4530 2266 4584 ἐνταῦθα
2309 4529 2466 4583 πάλιν
2513 4525 2860 4582 καταστέλλει
2902 4523 3009 4576 τῶν
3044 4521 3482 4592 φλεγμαινόντων
3513 4520 3612 4592 τὴν

2037 4619 2316 4679 ἀπόνοιαν,
2338 4615 2618 4688 μονονουχὶ
2636 4612 2792 4666 τοῦτο
2806 4612 2874 4665 δι’
2892 4605 2964 4663 ὧν
2987 4611 3232 4681 ἐπήγαγε
3254 4609 3443 4676 λέγων·
3465 4609 3612 4661 Ἔδει

2041 4708 2139 4777 μὲν
2168 4707 2362 4769 αὐτοὺς
2392 4705 2600 4758 οἴκοθεν
2642 4701 2869 4755 συνιδεῖν
2902 4700 3004 4768 τῆς
3037 4698 3248 4768 φύσεως
3283 4699 3344 4750 τὸ
3374 4697 3609 4759 εὐτελὲς,

2039 4796 2134 4850 καὶ
2171 4795 2244 4866 μὴ
2277 4794 2418 4865 μέγα
2444 4793 2658 4864 φρονεῖν
2678 4809 2691 4822 ·
2723 4789 2909 4859 ἐπειδὴ
2932 4789 2986 4840 δὲ
3016 4787 3077 4840 ού
3110 4786 3408 4856 βούλονται,
3443 4786 3614 4850 δεῖξον

2039 4884 2146 4938 ἀπὸ
2181 4883 2289 4936 τῶν
2319 4880 2426 4935 σῶν
2455 4881 2630 4951 ἔργων
2675 4877 2778 4932 ποῦ
2818 4875 3200 4946 ταπεινότητός
3239 4875 3374 4928 εἰσιν
3405 4875 3616 4945 ἀπῳκιο

2040 4972 2244 5026 σμένοι.

2110 5129 2307 5196 Κύριε,
2357 5124 2571 5178 κλῖνον
2595 5121 2908 5192 οὐρανοὺς,
2945 5120 3045 5174 καί
3095 5118 3403 5185 κατάϐηθι.
3445 5117 3617 5172 Τοῦτο

2041 5217 2211 5285 λέγει,
2242 5218 2341 5270 οὐκ
2367 5213 2554 5282 ἐπειδὴ
2575 5214 2604 5264 6
2623 5211 2753 5275 Θεὸς
2779 5209 3128 5264 καταϐαίνει·
3150 5207 3269 5270 πῶς
3297 5207 3405 5278 γάρ
3435 5208 3462 5258 6
3481 5222 3618 5259 παν-

2041 5304 2208 5374 ταχοῦ
2246 5302 2459 5374 παρών;
2500 5301 2614 5354 ἀλλ’
2650 5301 2734 5353 ἵνα
2766 5299 2852 5352 διὰ
2890 5297 2999 5351 τῶν
3037 5296 3390 5368 ἀνθρωπίνων
3416 5292 3618 5346 τούτων

2041 5394 2237 5458 λέξεων
2253 5394 2378 5454 τοὺς
2401 5389 2551 5462 [465]
2570 5388 2905 5458 παχυτέρους
2920 5385 3164 5455 ἐκπλήξῃ
3187 5383 3295 5436 τῶν
3311 5381 3615 5452 ἀκροατῶν,

2044 5480 2524 5554 ἀνθρωπινώτερον
2559 5481 2686 5546 περὶ
2705 5475 2868 5529 αὑτοῦ
2901 5474 3228 5542 διαλέγεται.
3273 5471 3425 5524 Ἐπεὶ
3451 5470 3545 5524 καὶ
3558 5466 3620 5523 τὸ

2105 5679 2125 5699 ⁸
2155 5676 2269 5734 Mm:
2293 5676 2465 5732 δηλῶν,
2486 5670 2645 5724 minus
2664 5676 2818 5734 tecte.

2104 5739 2132 5810 ξ
2158 5723 2421 5787 ἔδει-εἰ-ιὶι
2455 5723 2792 5796 Symmachus,
2815 5737 2871 5780 ut
2893 5727 2942 5780 in
2967 5727 3204 5792 Hexaplis
3233 5726 3411 5776 nostris
3436 5723 3602 5776 videas
