4070 6340
496 372 595 429 ’.δι

499 492 598 562 τῆς
618 491 779 562 ἁφῆς,
810 491 856 544 εί
875 489 966 544 καὶ
997 489 1146 544 δοκεῖ
1177 490 1317 560 μέγα
1345 487 1502 551 εἶναι,
1537 486 1672 541 ἀλλά
1699 485 1832 539 πολὺ
1857 485 1952 555 τῆς
1971 482 2065 536 τοῦ

501 571 636 626 Θεοῦ
679 573 834 639 ἀξίας
879 573 1320 644 καταδεέστερον.
1373 571 1507 624 Οὐδὲ
1546 571 1653 641 γὰρ
1684 569 1827 638 ἁφῆς
1871 569 1901 620 6
1941 567 2073 628 Θεὸς

503 656 689 725 χρείαν
741 655 874 725 ἔχει,
919 656 1006 708 ἵνα
1055 655 1294 727 καπνίσῃ
1325 655 1394 707 τά
1430 653 1552 722 ὅρη,
1609 651 1809 722 μᾶλλον
1856 649 1912 702 δὲ
1957 647 2075 701 οὐδὲ

505 739 796 805 νεύματος,
839 739 974 792 ἀλλά
1024 738 1221 809 βουλῆς
1257 738 1351 790 καὶ
1382 737 1668 806 θελήσεως.
1691 733 1872 787 Εἰπὼν
1897 738 2075 785 τοίνυν

506 825 633 893 περὶ
659 823 758 891 τῆς
789 822 1058 884 εὐτελείας
1078 821 1170 874 τοῦ
1203 821 1506 891 ἀνθρώπου,
1538 819 1682 886 λέγει
1705 817 1799 870 καὶ
1823 816 1949 886 περὶ
1977 815 2075 883 τῆς

506 899 786 976 δυνάμεως
826 904 917 957 τοῦ
949 904 1117 966 Θεοῦ,
1162 903 1237 966 ὡς
1283 902 1552 972 ἀνθρώπῳ
1602 899 1824 954 δυνατὸν
1867 898 2071 950 εἰπεῖν’

507 991 628 1041 ἐπεὶ
678 990 771 1040 καλ⁵
815 987 986 1040 ταῦτα
1032 987 1164 1039 πολὺ
1210 986 1503 1039 ἀποδέοντα
1545 987 1643 1054 τῆς
1688 980 2076 1052 μεγαλωσύνης

507 1073 738 1142 ὲκείνης.
766 1073 1115 1138 Ἀστραψον
1136 1068 1475 1136 ἀστραπὴν,
1505 1067 1602 1119 καὶ
1631 1064 1939 1133 σκορπιεῖς
1967 1066 2074 1116 αὺ-

506 1156 678 1220 τούς·
711 1154 1147 1217 ὲξαπόστειλον
1190 1152 1263 1204 τὰ
1305 1150 1466 1217 ,ϐέλη
1500 1165 1618 1203 σου
1651 1190 1666 1212 ,
1713 1148 1811 1200 καὶ
1853 1162 2070 1200 συντα·

499 1237 707 1304 μίξεις
734 1237 977 1301 αὐτούς.
1020 1233 1326 1305 Ἀστραπὴν
1359 1233 1590 1286 ἐνταῦθα
1613 1231 1704 1284 καὶ
1735 1231 1861 1301 βέλη
1888 1229 1948 1281 οὐ
1979 1227 2076 1298 τὴν

507 1319 794 1390 ἀστραπὴν
826 1318 1029 1388 ταύτην
1061 1319 1246 1388 φησὶν,
1290 1316 1410 1370 οὐδὲ
1438 1315 1610 1368 ταῦτα
1636 1315 1706 1368 τά
1762 1313 1909 1384 βέλη,
1941 1311 2076 1365 ἀλλά

506 1404 604 1467 τὰς
629 1400 897 1473 τιμωρίας
929 1400 1070 1454 οῦτω
1099 1400 1272 1462 καλεῖ,
1291 1401 1398 1453 ἀπὸ
1419 1401 1525 1452 τῶν
1546 1399 1644 1470 ὴδη
1677 1397 1966 1469 γνωρίμων
1988 1395 2077 1447 τὸν

508 1485 920 1556 καταφρονητὴν
944 1484 1144 1537 πείθων
1169 1485 1260 1537 καὶ
1283 1483 1371 1536 τὸν
1405 1481 1837 1536 ἀναπεπτωκότα
1857 1479 2078 1549 τρέμειν

509 1573 602 1624 καὶ
627 1568 916 1622 δεδοικέναι
941 1568 1034 1620 καὶ
1069 1565 1424 1620 ὑποκύπτειν.
1456 1563 1520 1616 Εἰ
1542 1564 1650 1635 γὰρ
1683 1565 1964 1635 ἀστραπήν
1996 1577 2078 1622 τις

507 1654 607 1704 οὐκ
631 1651 695 1704 ἂν
712 1650 941 1716 ἐνέγκοι,
957 1648 1131 1702 καίτοι
1151 1649 1249 1701 οὐκ
1271 1648 1362 1701 ἐπὶ
1387 1647 1606 1700 κολάσει
1631 1644 2004 1715 πεμπομένην,
2029 1645 2076 1695 εἰ

511 1734 793 1805 βουληθείη
815 1733 1028 1802 κινῆσαι
1045 1732 1142 1802 τὴν
1161 1730 1536 1802 τιμωρητικὴν
1553 1729 1715 1782 αὐτοῦ
1736 1727 1982 1798 δύναμιν,
1996 1727 2078 1788 τίς

510 1820 870 1888 ύποστήσεται
892 1831 905 1877 ;
934 1813 1070 1884 Βέλη
1096 1815 1150 1867 δὲ
1168 1813 1300 1867 Θεοῦ
1317 1813 1485 1883 λιμοὶ,
1511 1813 1605 1866 καὶ
1629 1813 1825 1882 λοιμοὶ,
1841 1811 1931 1864 καὶ
1949 1827 2080 1880 σκη-

510 1903 652 1965 πτοὶ,
683 1900 777 1952 καὶ
815 1897 1107 1960 πολυειδεῖς
1147 1897 1427 1966 τιμωρίαι.
1467 1895 1923 1959 Ἐξαπόστειλον
1964 1891 2080 1958 τὴν

508 1981 673 2052 χεῖρά
685 1998 798 2034 σου
809 1980 876 2044 ἐξ
894 1980 1110 2048 ὕψους·
1125 1978 1339 2042 ἐξελοῦ
1348 1996 1441 2047 με,
1455 1977 1552 2031 καί
1563 1977 1750 2044 ῥῦσαί
1764 1993 1839 2044 με
1853 1975 1919 2039 ἐξ
1935 1972 2079 2028 ὑδά-

507 2083 626 2118 των
637 2062 902 2126 πολλῶν,
917 2062 984 2115 ἐκ
996 2063 1192 2130 χειρός
1204 2059 1349 2114 υίῶν
1359 2060 1708 2129 ἀλλοτρίων.
1727 2059 1800 2112 Οὐ
1816 2058 1921 2128 γὰρ
1942 2055 2080 2126 πρὸς

507 2147 568 2200 τὸ
608 2145 854 2209 κολάζειν
882 2145 1060 2215 μόνον,
1109 2144 1244 2197 ἀλλὰ
1281 2145 1376 2197 καὶ
1404 2143 1541 2212 πρὸς
1579 2142 1639 2195 τὸ
1667 2139 1858 2205 σώζειν
1895 2141 2078 2210 ἀπηρ-

507 2230 736 2300 τισμένη
766 2229 800 2299 ἡ
829 2227 1058 2298 δύναμις
1095 2227 1188 2280 τοῦ
1219 2226 1375 2279 Θεοῦ.
1418 2225 1590 2297 Χεῖρα
1629 2224 1687 2278 δὲ
1715 2222 1951 2276 ἐνταῦθα
1982 2222 2079 2292 τὴν

512 2312 762 2384 βοήθειαν
781 2350 795 2375 ,
826 2311 926 2382 τὴν
961 2310 1275 2380 συμμαχίαν
1305 2309 1486 2379 λέγει·
1513 2309 1594 2362 διὸ
1620 2308 1743 2362 οὐδὲ
1775 2308 2076 2367 Ἔκτεινον,

509 2393 682 2457 εἶπεν,
716 2395 830 2448 ἀλλ’
878 2393 1370 2458 Ἐξαπόστειλον,
1401 2392 1555 2446 τοῦτο
1583 2391 1774 2462 δηλῶν·
1813 2393 1861 2443 εἰ
1894 2389 1948 2442 δέ
1979 2405 2078 2442 που

511 2481 626 2544 καὶ,
659 2479 954 2542 Ἔκτεινον,
979 2476 1146 2544 λέγοι,
1174 2476 1233 2528 τὸ
1259 2476 1390 2528 αὐτὸ
1430 2475 1589 2528 πάλιν
1631 2474 1945 2528 αἰνίττεται.
1971 2471 2081 2524 Καὶ

511 2562 678 2614 ὕδατα
713 2560 771 2612 δὲ
812 2559 908 2630 τὴν
953 2561 1184 2612 ἄτακτον
1230 2558 1336 2610 τῶν
1374 2557 1643 2627 πολεμίων
1682 2556 1867 2626 ἔφοδον
1895 2555 2078 2618 καλεῖ,

513 2647 606 2698 καὶ
632 2642 1062 2714 συγκεχυμένην,
1107 2641 1200 2693 καὶ
1245 2640 1414 2712 πολλῇ
1457 2643 1525 2710 τῇ
1568 2639 1718 2712 ῥύμῃ
1750 2639 2076 2711 φερομένην.

512 2729 633 2782 Ὄτι
673 2727 780 2797 γάρ
824 2726 883 2777 οὐ
926 2725 1054 2795 περὶ
1097 2723 1301 2776 ὑδάτων
1339 2726 1367 2776 6
1403 2724 1560 2792 λόγος
1575 2763 1588 2787 ι
1640 2723 1798 2793 δῆλον
1841 2723 1928 2776 διὰ
1983 2723 2080 2791 τῆς

510 2809 804 2879 ἐπαγωγῆς
823 2825 836 2836 ·
868 2808 968 2861 Ἐκ
985 2808 1180 2876 χειρὸς
1195 2807 1324 2878 γὰρ,
1353 2807 1536 2878 φησὶν,
1564 2806 1711 2860 υίῶν
1725 2806 2078 2874 ἀλλοτρίων.

510 2893 670 2955 Υἰούς
699 2893 756 2944 δὲ
795 2890 1104 2961 ἀλλοτρίους
1133 2888 1370 2943 ἐνταῦθά
1411 2905 1503 2959 μοι
1545 2889 1694 2942 δοκεῖ
1734 2888 1913 2956 λέγειν
1955 2889 2081 2950 τούς

510 2980 606 3048 τῆς
657 2974 914 3046 ἀληθείας
973 2973 1436 3042 ἀπεξενωμένους.
1501 2973 1711 3043 Ὥσπερ
1765 2971 1875 3042 γάρ
1953 2973 2080 3034 τοὺς

514 3061 738 3122 πιστοὺς
769 3059 1003 3119 οἰκείους
1030 3056 1307 3127 ἡγούμεθα
1339 3056 1430 3109 καὶ
1459 3055 1738 3123 ἀδελφοὺς,
1783 3053 1926 3108 οὓτω
1956 3054 2083 3117 τοὺς

510 3144 771 3204 ἀπίστους
799 3140 1110 3210 ἀλλοτρίους
1131 3155 1146 3170 ο
1181 3140 1275 3192 καὶ
1310 3137 1482 3208 τούτῳ
1511 3137 1743 3208 μάλιστα
1774 3136 1866 3191 τὸν
1887 3137 2082 3190 οἰκεῖον

514 3229 605 3280 καὶ
629 3226 720 3279 τὸν
745 3224 1021 3293 ἀλλότριον
1051 3219 1499 3292 ἐπιγινώσκομεν.
1535 3221 1746 3285 Οἰκεῖος
1791 3220 1900 3293 γὰρ
1929 3215 2082 3283 οὗτος

509 3315 538 3364 ὁ
581 3312 675 3364 τὸν
719 3309 880 3363 αὐτόν
931 3325 1020 3378 μοι
1062 3307 1276 3375 πατέρα
1326 3305 1794 3377 ἐπιγραφόμενος,
1851 3306 1946 3358 καὶ
1984 3305 2083 3375 τῆς

513 3396 682 3465 αὐτῆς
729 3391 999 3446 κοινωνῶν
1031 3391 1327 3459 τραπέζης,
1363 3390 1560 3459 μᾶλλον
1603 3390 1636 3458 ἦ
1671 3391 1698 3442 6
1730 3389 1874 3458 γένει
1912 3406 2083 3461 προσ-

512 3481 693 3550 ήκων·
723 3476 818 3528 καὶ
846 3473 954 3545 γὰρ
978 3472 1363 3544 ἀκριϐέστερος
1397 3465 1550 3536 οὗτος
1581 3474 1678 3542 τῆς
1705 3474 2023 3542 συγγενείας
2054 3475 2084 3527 6

511 3561 692 3629 νόμος,
716 3557 904 3627 ὥσπερ
929 3551 1022 3608 οὖν
1047 3556 1139 3608 καὶ
1161 3555 1502 3626 ἀλλοτριότης
1521 3558 1554 3627 ή
1571 3557 1676 3608 ἀπὸ
1691 3555 1798 3608 τῶν
1825 3556 2082 3610 ἐναντίων

511 3640 808 3712 τρανοτέρα
833 3639 930 3706 τῆς
953 3638 1094 3690 κατὰ
1121 3638 1295 3706 γένος.
1317 3639 1408 3709 Μὴ
1433 3639 1608 3691 τοίνυν
1634 3639 1789 3692 τοῦτο
1821 3638 1937 3709 ἴδῃς
1953 3677 1967 3701 ,
2002 3640 2083 3692 ὅτι

517 3725 620 3776 ὐπὸ
656 3723 745 3776 τὸν
783 3721 945 3773 αὐτόν
983 3723 1148 3791 ἐσμεν
1184 3722 1410 3792 οὐρανὸν
1448 3723 1542 3775 καὶ
1568 3723 1667 3789 τὴν
1707 3721 1875 3791 αὐτὴν
1901 3723 2083 3774 οἰκου-

518 3808 682 3879 μένην
705 3823 718 3836 ·
748 3806 914 3876 ἀλλην
935 3805 1004 3874 γλ
1022 3823 1051 3875 ρ
1077 3804 1188 3873 ἐγὼ
1219 3807 1498 3858 κοινωνίαν
1527 3807 1786 3876 ἐπιζητῶ,
1819 3807 1913 3859 καὶ
1944 3805 2084 3877 ὑπὲρ

513 3893 605 3944 τὸν
635 3889 881 3961 οὐρανόν.
926 3890 1070 3941 Ἑκεί
1095 3888 1253 3958 ἡμῶν
1286 3888 1346 3941 τὸ
1383 3888 1682 3958 πολίτευμα
1715 3891 1809 3942 καὶ
1844 3892 1878 3960 ή
1925 3888 2036 3960 ζωή
2067 3905 2081 3920 ⁸

515 3973 645 4039 Ζωὴ
676 3974 784 4043 γὰρ
827 3970 1015 4040 ἡμῶν,
1052 3973 1205 4042 φησὶ,
1234 3970 1557 4038 κέκρυπται
1585 3972 1710 4024 σὺν
1746 3970 1827 4036 τῷ
1854 3969 2086 4040 Χριστῷ

514 4057 584 4110 ἐν
608 4055 687 4122 τῷ
717 4053 856 4120 Θεῷ.
881 4055 1012 4108 Οὐδὲ
1042 4055 1150 4126 γὰρ
1175 4055 1277 4124 γῆν
1297 4053 1571 4124 οἰκοῦμεν,
1589 4054 1722 4108 ἀλλά
1749 4056 2087 4125 μετέστημεν

517 4140 652 4211 πρὸς
701 4141 800 4210 τὴν
844 4139 956 4192 ἀνω
1011 4137 1358 4208 μητρόπολιν.
1405 4138 1632 4209 Ἕτερον
1679 4138 1793 4208 φῶς
1833 4137 2084 4210 ἀληθινὸν

516 4223 745 4294 ἔχομεν,
790 4221 980 4292 ἑτέραν
1026 4220 1292 4290 πατρίδα,
1341 4221 1435 4274 καὶ
1478 4221 1700 4291 πολίτας
1741 4221 1932 4285 ἄλλους
1993 4221 2086 4274 καὶ

519 4309 817 4375 συγγενεῖς.
864 4305 954 4356 Διὸ
983 4306 1076 4356 καὶ
1117 4303 1326 4368 Παῦλος
1375 4303 1557 4372 ἔλεγεν
1578 4322 1592 4336 ·
1625 4306 1764 4373 ’Ἄρα
1799 4307 1910 4360 οὐκ
1945 4307 2086 4359 ἐστὲ

519 4390 680 4452 ξένοι
713 4388 807 4441 καὶ
837 4387 1126 4453 πάροικοι,
1152 4388 1311 4441 ἀλλὰ
1335 4387 1697 4455 συμπολῖται
1724 4387 1843 4442 τῶν
1878 4389 2080 4458 ἁγίων.

520 4474 642 4538 ιιῶς
669 4470 781 4535 οῦν,
801 4473 951 4541 φησὶ,
976 4471 1068 4522 τὸν
1095 4471 1436 4540 Σαμαρείτην
1473 4470 1696 4540 πλησίον
1725 4471 1923 4542 ἔφησεν
1951 4470 2086 4526 εἶναι

517 4562 545 4611 ο
573 4557 805 4628 Χριστὸς
825 4596 839 4619 ,
885 4555 1060 4608 καίτοι
1093 4555 1224 4608 πολύ
1266 4554 1326 4607 τὸ
1361 4554 1522 4624 μέσον
1551 4555 1641 4620 δν;
1683 4556 1819 4609 Ἀλλ’
1849 4557 1908 4609 οὐ
1946 4559 2087 4610 κατά

519 4643 610 4694 τὸν
637 4641 737 4711 τῆς
766 4638 978 4708 φύσεως
1019 4639 1194 4706 λόγον.
1233 4638 1400 4690 Ὅταν
1445 4633 1536 4690 οὖν
1566 4638 1798 4691 εὐποιείν
1827 4637 1943 4710 δέη,
1980 4641 2087 4704 πᾶς

520 4722 802 4793 ἄνθρωπός
859 4737 940 4773 σοι
995 4722 1162 4788 ἐγγὺς
1207 4720 1378 4773 ἔστω·
1427 4721 1554 4774 ὅταν
1601 4719 1751 4792 [464]
1804 4721 1861 4774 δὲ
1909 4722 1938 4772 6
1988 4725 2087 4793 τῆς

520 4804 778 4874 ἀληθείας
813 4803 1154 4874 γυμνάζηται
1181 4803 1356 4870 λόγος,
1393 4801 1717 4870 ἐπιγίνωσκε
1763 4803 1853 4856 τὸν
1889 4805 2086 4856 οἰκεῖον

522 4890 617 4942 καὶ
648 4889 737 4942 τὸν
771 4887 1069 4959 ἀλλότριον.
1099 4887 1217 4941 Κάν
1237 4886 1461 4955 ἀδελφὸν
1485 4885 1612 4957 ἔχῃς
1643 4889 1972 4958 ὁμοπάτριον
1995 4888 2088 4940 καὶ

519 4974 870 5042 ὁμομήτριον,
884 4971 978 5024 καὶ
992 4972 1066 5041 μὴ
1083 4971 1380 5040 κοινωνήσῃ
1411 4987 1490 5020 σοι
1508 4980 1534 5008 ιι
1563 4973 1701 5020 κατά
1723 4969 1810 5021 τὸν
1825 4969 1922 5038 τῆς
1954 4970 2088 5039 ἀλη-

522 5053 668 5116 θείας
681 5053 864 5124 νόμον,
879 5053 1016 5104 ἔστω
1034 5069 1113 5105 σοι
1129 5051 1223 5105 τοῦ
1240 5052 1445 5104 Σκύθου
1465 5050 1962 5123 βαρϐαρικώτερος·
1986 5054 2087 5105 κάν

521 5136 754 5207 Σκύθης,
771 5135 872 5189 κᾶν
899 5132 1325 5206 Σαυρομάτηςῇ,
1346 5133 1452 5186 τῶν
1468 5134 1751 5204 δογμάτων
1768 5133 1824 5186 δὲ
1852 5134 1965 5206 εἱδῇ
1991 5136 2089 5207 τὴν

520 5222 824 5294 ἀκρίϐειαν,
844 5219 936 5274 καὶ
959 5218 1185 5289 πιστεύῃ
1203 5218 1358 5271 τοῦτο
1375 5217 1401 5270 ὃ
1419 5217 1510 5270 καὶ
1530 5217 1690 5280 αὐτὸς
1709 5217 1794 5281 σύ,
1816 5218 1978 5272 αὐτοῦ
1997 5221 2089 5272 τοῦ

519 5307 619 5369 τὰς
643 5303 812 5365 αὐτάς
831 5303 1023 5366 ώδίνας
1054 5302 1136 5354 σοὶ
1160 5302 1418 5365 λύσαντος
1468 5299 1795 5372 οἰκειότερος
1827 5302 1968 5356 ἔστω
1997 5306 2092 5357 καὶ

520 5389 817 5460 ἐγγύτερος
835 5403 849 5418 ’
876 5389 968 5441 καὶ
999 5387 1089 5440 τὸν
1119 5385 1391 5457 βάρϐαρον
1418 5387 1512 5438 καὶ
1540 5385 1630 5438 τὸν
1658 5387 1718 5438 οὐ
1746 5387 1984 5440 τοιοῦτον
2007 5389 2094 5440 έν-

519 5471 709 5526 τεῦθεν
731 5472 1115 5544 διακρίνωμεν,
1148 5469 1222 5539 μὴ
1251 5469 1358 5521 ἀπὸ
1386 5471 1485 5538 τῆς
1506 5466 1772 5539 γλώττης,
1823 5470 1959 5541 μηδὲ
1986 5472 2094 5525 ἀπὸ

520 5556 614 5610 τοῦ
659 5557 879 5625 γένους,
924 5554 1036 5608 ἀλλ’
1068 5554 1174 5608 ἀπὸ
1222 5556 1320 5624 τῆς
1350 5551 1574 5622 γνώμης
1613 5553 1706 5605 καὶ
1746 5553 1843 5624 τῆς
1890 5553 2088 5625 ψυχῆς.

528 5776 569 5826 Μ
587 5715 601 5734 ⁸
624 5714 880 5804 ςανὶὶιλῇκαὶ
905 5717 966 5772 αὴ
991 5718 1191 5776 κοινωνῇ
1215 5730 1310 5763 σοι.
1339 5710 1444 5760 Mox
1478 5710 1626 5760 Savil.
1652 5711 1740 5759 κάν
1771 5712 2089 5775 Σαυρομάτης..

573 5789 644 5826 0r.
666 5792 743 5822 και
767 5790 905 5826 ...αυςλ

573 5789 644 5826 ω’.
666 5792 743 5822 και
767 5789 905 5836 ιαυρ.

1210 370 1270 427 S.
1302 367 1587 427 JOANNIS
1617 362 2104 425 CHRYSOSTOMI
2141 362 2460 420 ARCHIEP.
2501 364 3048 422 CONSTANTINOP.

3644 367 3747 426 669

2179 481 2349 536 Τοῦτο
2373 483 2480 554 γάρ
2515 483 2748 552 μάλιστα
2776 483 3081 554 ἄνθρωπος,
3117 482 3243 536 ὅταν
3276 479 3559 553 δογμάτων
3590 483 3746 555 ἀκρίσ

2175 565 2325 620 ϐειαν
2347 566 2445 640 ἕχῃ
2481 567 2574 620 καὶ
2603 567 2877 620 πολιτείαν
2908 566 3214 635 φιλόσοφον.

2242 701 2306 754 δ’.
2344 701 2483 753 Ἀλλ’
2521 701 2716 772 ἴδωμεν
2750 702 2934 755 λοιπὸν
2970 701 3098 764 τοὺς
3129 699 3460 770 ἀλλοτρίους,
3495 699 3610 762 πῶς
3648 700 3715 752 αὐ

2172 784 2298 847 τούς
2334 784 2616 856 ὑπέγραψε
2645 786 2738 839 καὶ
2767 789 2794 838 6
2830 787 3137 855 προφήτης,
3177 782 3376 836 εἰπών’
3415 782 3651 846 Έξελοῦ
3673 799 3754 850 με

2172 867 2240 920 ἐκ
2272 867 2470 935 χειρὸς
2497 867 2644 922 υἱῶν
2669 869 3021 934 ἀλλοτρίων,
3051 862 3138 920 ὧν
3168 868 3233 920 τὸ
3262 866 3454 934 στόμα
3481 864 3749 932 ἐλάλησε

2175 953 2566 1019 ματαιότητα,
2611 951 2709 1005 καί
2747 953 2784 1018 ἡ
2833 951 3000 1014 δεξιά
3042 949 3241 1004 αὐτῶν
3277 949 3442 1013 δεξιὰ
3493 947 3743 1012 ἀδικίας.

2176 1028 2328 1098 Εἶδες
2357 1036 2511 1098 τίνας
2536 1037 2698 1103 φησὶν
2721 1034 3064 1106 ἀλλοτρίους;
3089 1033 3226 1096 Τοὺς
3255 1033 3311 1086 έν
3345 1029 3577 1101 πονηρίᾳ
3619 1030 3750 1094 ζῶνο

2175 1135 2291 1182 τας,
2332 1122 2456 1184 τούς
2485 1121 2698 1184 ἀδικίας
2729 1122 2988 1193 ἐρῶντας,
3031 1120 3157 1182 τοὺς
3187 1118 3254 1172 τὰ
3286 1118 3487 1186 ἀνόητα
3519 1117 3546 1156 ι)
3584 1115 3750 1184 φθεγ-

2175 1202 2458 1272 γομένους,
2491 1204 2616 1266 τούς
2631 1203 2780 1256 οὐδὲν
2803 1205 3068 1274 χρήσιμον
3087 1202 3359 1270 λέγοντας.
3390 1198 3747 1267 Ἐπιγίνωσκε

2174 1283 2353 1338 τοίνυν
2392 1288 2518 1349 τοὺς
2556 1287 2868 1356 ἀλλοτρίους
2906 1287 3013 1340 ἀπὸ
3054 1285 3150 1338 τοῦ
3178 1283 3463 1353 στόματος,
3501 1280 3608 1334 ἀπὸ
3637 1280 3746 1332 τῶν

2177 1364 2353 1437 ἔργων
2372 1383 2385 1394 '
2416 1367 2605 1440 ὥσπερ
2636 1371 2728 1422 καὶ
2757 1372 2785 1423 6
2810 1367 3042 1439 Χριστός
3073 1384 3236 1437 φησιν
3259 1383 3270 1395 ·
3304 1364 3438 1419 Ἀπὸ
3460 1361 3580 1416 τῶν
3609 1379 3750 1430 καρ-

2176 1450 2306 1503 πῶν
2338 1451 2536 1504 αὐτῶν
2563 1451 2970 1520 ἐπιγνώσεσθε
2993 1451 3232 1515 αὐτούς.
3265 1447 3532 1516 Καθάπερ
3569 1445 3676 1514 γάρ
3689 1446 3750 1496 έν

2175 1535 2287 1595 τοῖς
2310 1544 2330 1570 ε
2372 1534 2754 1604 στρατοπέδοις
2790 1533 2962 1588 πολλά
2995 1551 3116 1587 τινα
3157 1532 3388 1586 δίδονται
3432 1529 3750 1597 συνθήματα

2177 1615 2271 1667 καὶ
2305 1620 2523 1686 σημεῖα,
2561 1617 2627 1670 ἵν’
2653 1617 2835 1670 εἴποτε
2875 1619 2908 1687 ή
2943 1615 3282 1686 νυκτομαχία
3323 1613 3551 1684 γένοιτο,
3588 1611 3622 1681 ἦ
3658 1611 3748 1664 κό-

2177 1715 2257 1760 νις
2282 1699 2507 1767 ἀρθεῖσα
2532 1700 2599 1752 τὰ
2625 1701 2723 1770 τῆς
2752 1699 2944 1763 νυκτὸς
2982 1698 3305 1762 ἐπιδείξαιτο
3324 1739 3338 1761 ,
3377 1697 3410 1768 ἢ
3454 1697 3548 1750 καὶ
3589 1695 3750 1765 έτέρα

2177 1797 2260 1843 τις
2282 1781 2489 1848 γένοιτο
2517 1781 2776 1852 σύγχυσις
2811 1783 2906 1836 καὶ
2933 1781 3178 1853 ταραχὴ,
3226 1779 3299 1851 μὴ
3328 1780 3418 1833 τὸν
3452 1779 3646 1832 οίκεῖον
3673 1778 3752 1841 ὡς

2176 1863 2270 1917 τὸν
2309 1863 2565 1934 πολέμιόν
2589 1881 2672 1928 τις
2708 1864 2812 1934 ἴδῃ,
2855 1864 2988 1936 μηδὲ
3025 1864 3114 1917 τὸν
3139 1862 3378 1916 ἐναντίον
3403 1861 3477 1924 ὡς
3517 1863 3744 1914 οἰκεῖονο

2176 1944 2320 1999 οὓτω
2348 1947 2440 2000 καὶ
2469 1946 2702 2000 ἐνταῦθα
2730 1946 2910 2001 δίδωσί
2933 1963 3016 1999 σοι
3043 1945 3358 2016 συνθήματα
3376 1946 3404 1996 6
3428 1944 3712 2014 προφήτης
3729 1981 3748 2006 ,

2176 2028 2244 2082 δι’
2282 2022 2357 2082 ὧν
2392 2029 2594 2101 δυνήσῃ
2635 2029 2725 2082 τὸν
2759 2031 2955 2083 οίκείον
2995 2029 3089 2083 καὶ
3126 2028 3216 2082 τὸν
3252 2027 3526 2098 ἀλλότριον
3555 2026 3751 2095 γνωρί-

2178 2114 2292 2177 ζειν
2312 2153 2327 2179 ,
2368 2108 2478 2166 οἷον
2521 2113 2614 2182 ἀφ’
2642 2107 2718 2167 ὧν
2759 2113 3076 2183 φθέγγεται,
3124 2114 3216 2181 ἀφ’
3243 2106 3320 2167 ὧν
3345 2114 3508 2176 ποιεῖ,
3541 2110 3744 2177 λέγων’

2176 2189 2292 2248 Ὧν
2329 2196 2396 2248 τὸ
2431 2197 2627 2265 στόμα
2653 2195 2922 2265 ὲλάλησε
2951 2196 3339 2265 ματαιότητα,
3371 2194 3471 2248 καὶ
3499 2194 3538 2262 ἠ
3581 2192 3751 2256 δεξιὰ

2176 2277 2376 2331 αὐτῶν
2394 2277 2561 2343 δεξιὰ
2596 2278 2846 2346 ἀδικίας.
2880 2279 2991 2333 Καὶ
3011 2279 3120 2349 γάρ
3151 2279 3246 2332 καὶ
3264 2277 3359 2332 νῦν
3381 2277 3611 2346 πόλεμός
3631 2279 3750 2328 ἐστι

2178 2362 2272 2414 καὶ
2313 2361 2481 2434 μάχη,
2522 2363 2617 2416 καὶ
2658 2362 2995 2434 νυκτομαχία
3041 2361 3430 2433 χαλεπωτάτη,
3481 2359 3751 2430 δαιμόνων

2179 2445 2516 2515 βαλλόντων,
2563 2447 2871 2518 ἐπιθυμιῶν
2921 2444 3416 2509 ἐπιϐουλευουσῶν,
3474 2442 3752 2514 λογισμῶν

2178 2531 2640 2601 ἐπανισταμένων.
2671 2532 2827 2585 Ἔστι
2866 2531 2960 2585 καὶ
2987 2533 3046 2584 ὲν
3073 2534 3186 2594 τοῖς
3227 2529 3597 2601 μεμυημένοις
3627 2545 3752 2580 συν-

2178 2611 2398 2682 θήματα
2424 2613 2519 2666 καὶ¹
2565 2612 2841 2684 σύμϐολαο
2883 2613 2987 2668 κᾶν
3023 2612 3370 2684 βουληθῶμέν
3409 2628 3548 2674 τινα,
3584 2613 3755 2681 ἀμφι·

2179 2696 2461 2760 ϐάλλοντες
2487 2698 2599 2750 εἴτε
2623 2697 2868 2770 ἀμύητός
2889 2699 3056 2761 ἐστιν,
3089 2697 3197 2750 εἴτε
3239 2697 3610 2768 μεμυημένος,
3633 2696 3754 2746 ἐπι-

2177 2778 2398 2847 γνῶναι,
2425 2779 2598 2834 ταῦτα
2631 2780 2943 2852 ἐρωτῶντες
2973 2779 3351 2852 μανθάνωμεν.

2259 2912 2332 2966 Ἢ
2349 2911 2518 2978 δεξιά
2550 2911 2747 2968 αὐτῶν
2778 2913 2946 2979 δεξιὰ
2968 2913 3221 2980 ἀδικίας.
3256 2912 3320 2966 Τί
3350 2912 3528 2966 τοίνυν
3561 2912 3754 2966 τούτου

2179 2995 2556 3068 χαλεπώτερον
2593 2997 2787 3066 γένοιτ’
2819 2997 2906 3065 ἂν,
2940 2998 3070 3051 ὃταν
3090 2996 3186 3068 τὴν
3219 2999 3300 3059 εἰς
3331 2997 3578 3068 βοήθειαν
3610 2996 3757 3049 δεδο-

2183 3079 2392 3150 μένην,
2444 3081 2522 3143 είς
2578 3080 2871 3150 ἐπιϐουλὴν
2921 3080 3248 3152 τρέπωμεν;
3296 3080 3394 3133 Διά
3442 3079 3550 3150 γάρ
3597 3081 3758 3133 τοῦτο

2178 3162 2372 3233 ἔχομεν
2400 3162 2599 3230 δεξιὰς,
2636 3165 2724 3218 ἵνα
2750 3167 2842 3217 καὶ
2866 3165 3078 3228 ἑαυτοῖς
3097 3165 3190 3217 καὶ
3219 3163 3425 3235 ἑτέροις
3463 3165 3756 3234 ἀδικουμέ-

2178 3263 2289 3308 νοις
2308 3245 2624 3318 ἀμύνωμεν,
2667 3247 2754 3301 ἵνα
2776 3247 3087 3320 ἀναιρῶμεν
3112 3247 3471 3317 παρανομίας,
3487 3248 3570 3300 ἵνα
3590 3247 3757 3318 λιμὴν

2178 3329 2463 3399 γενώμεθα
2499 3331 2593 3384 καὶ
2627 3331 2916 3402 καταφυγὴ
2950 3333 3064 3394 τοῖς
3099 3329 3574 3401 ἐπηρεαζομένοις.
3619 3329 3756 3384 Τίνα

2179 3411 2271 3468 οὖν
2305 3415 2370 3468 ἂν
2394 3414 2566 3484 έχοιεν
2590 3414 2918 3486 συγγνώμην
2941 3416 2990 3467 οἱ
3019 3415 3094 3486 μὴ
3115 3415 3252 3486 πρὸς
3267 3416 3537 3486 σωτηρίαν
3552 3415 3756 3486 ἐτέρων

2183 3495 2457 3568 χρώμενοι
2483 3497 2560 3568 τῷ
2593 3497 2742 3569 ὅπλῳ
2781 3497 2956 3570 τούτῳ
2974 3537 2988 3562 ,
3023 3497 3161 3551 ἀλλά
3191 3497 3330 3568 πρὸς
3357 3497 3627 3551 ἀπώλειαν
3654 3498 3755 3569 τὴν

2181 3580 2421 3644 έαυτῶν;
2463 3579 2524 3632 '0
2567 3581 2742 3647 Θεὸς,
2772 3581 2939 3649 ᾠδὴν
2965 3579 3184 3650 καινὴν
3206 3579 3428 3650 ᾄσομαι
3465 3597 3584 3636 σοι.
3619 3583 3758 3635 Ποία

2179 3663 2317 3734 αὐτη
2348 3663 2562 3735 πάλινή
2590 3663 2879 3717 ἀκολουθία
2906 3681 2920 3728 ;
2949 3664 3130 3735 Πολλὴ
3151 3665 3248 3736 μὲν
3269 3660 3360 3718 οὖν
3381 3665 3476 3718 καὶ
3501 3665 3752 3721 ἐνταῦθα.

2193 3748 2412 3818 Ἐπειδὴ
2441 3747 2548 3818 γὰρ
2585 3743 2756 3811 εἷπεν,
2805 3747 3276 3812 Ἐξαπόστειλον
3294 3748 3410 3816 τὴν
3429 3748 3595 3818 χεῖρά
3614 3765 3752 3812 σου,

2181 3831 2295 3894 καὶ,
2334 3829 2580 3894 Ἐξελοῦ
2601 3846 2698 3898 με,
2739 3831 2832 3883 καὶ
2868 3830 3157 3901 σκόρπισον
3186 3831 3443 3895 ἐκείνους,
3485 3833 3754 3900 ἐπαγγέλο

2183 3911 2332 3966 λεται
2357 3915 2448 3966 καὶ
2470 3912 2790 3983 ἀμείϐεσθαι
2812 3911 2838 3951 ἀ
2861 3915 2958 3983 τῆς
2981 3914 3294 3983 συμμαχίας
3317 3915 3478 3967 αὐτὸν
3497 3917 3752 3986 ἀμοιϐὴν,

2182 3996 2376 4066 ἐκείνῳ
2417 3996 2514 4065 μὲν
2544 3995 2691 4048 οὐδὲν
2731 3995 2890 4049 πλέον
2916 3995 3194 4057 ποιοῦσαν,
3241 3996 3318 4066 τῷ
3355 3997 3410 4049 δὲ
3451 3998 3754 4069 εἰσφέροντι

2182 4081 2280 4152 τὴν
2303 4079 2536 4150 ἀμοιϐὴν
2563 4079 2627 4131 τὸ
2664 4079 2853 4147 κέρδος
2897 4079 3163 4150 φέρουσαν
3194 4079 3365 4152 [465].
3410 4081 3475 4133 Τί
3513 4081 3569 4133 δὲ
3613 4081 3752 4151 αῦτη

2183 4165 2361 4228 ἐστίν;
2407 4163 2470 4215 '0
2519 4162 2684 4227 Θεὸς,
2713 4161 2879 4230 ᾠδὴν
2909 4161 3125 4231 καινὴν
3165 4163 3388 4232 ᾄσομαι
3420 4177 3541 4218 σοι.
3593 4164 3655 4215 ΕΞ
3693 4163 3754 4216 δὲ

2187 4245 2380 4317 μικρὸν
2405 4244 2559 4298 τοῦτο
2585 4243 2720 4315 πρὸς
2757 4245 2816 4297 τὸ
2853 4244 3079 4315 μέγεθος
3120 4247 3217 4316 τῆς
3255 4246 3569 4316 εὐεργεσίας
3590 4290 3603 4309 ,
3637 4244 3752 4298 ἀλλ’

2183 4331 2319 4400 ὅπερ
2349 4327 2524 4398 έσχεν.
2562 4326 2713 4378 Ἐπεὶ
2748 4326 2842 4379 καὶ
2877 4328 3037 4398 ἡμεῖς
3069 4327 3216 4397 παρά
3251 4327 3358 4380 τῶν
3391 4329 3636 4399 πενήτων
3659 4329 3754 4380 καὶ

2186 4410 2336 4463 οὐδὲν
2362 4409 2712 4479 κεκτημένων
2744 4409 2894 4464 οὐδὲν
2921 4410 3105 4480 ἕτερον
3143 4409 3526 4481 ἐπιζητοῦμεν,
3564 4410 3677 4464 ἀλλ’
3715 4411 3750 4481 ἢ

2184 4493 2460 4563 εὐφημίαν
2483 4493 2577 4544 καὶ
2618 4491 3058 4562 εὐγνωμοσύνην.
3112 4492 3250 4544 Ἀλλ’
3296 4496 3459 4563 ἡμεῖς
3503 4495 3617 4562 μὲν.
3669 4495 3755 4546 ἵνα

2184 4575 2554 4645 λαμπρότεροι
2586 4572 2874 4643 γενώμεθα
2895 4590 2907 4602 ·
2927 4576 2954 4626 6
2975 4573 3031 4626 δὲ
3060 4574 3324 4641 Θεὸς,οὐκ
3353 4575 3538 4648 ἐπειδὴ
3563 4576 3748 4638 δεῖται,

2184 4657 2297 4710 ἀλλ’
2330 4658 2415 4710 ἵνα
2443 4657 2639 4718 αὐτοὺς
2681 4658 2805 4718 τούς
2833 4655 3057 4727 ᾅδοντας
3083 4657 3494 4730 λαμπροτέρους
3523 4661 3756 4730 ἐργάση-

2183 4755 2306 4806 ται,
2376 4739 2469 4792 καὶ
2523 4736 2697 4809 ταύτῃ
2760 4738 2922 4791 πάλιν
2971 4740 3169 4803 αὐτοὺς
3240 4742 3593 4813 εὐεργετήσῃ.
3661 4743 3756 4792 Ἐν

2183 4822 2493 4892 ψαλτηρίῳ
2542 4820 2883 4888 δεκαχόρδῳ
2927 4823 3104 4890 ψαλῶ
3149 4840 3284 4878 σοι·
3322 4827 3618 4884 τουτέστιν.
3653 4825 3756 4877 Εὐ-

2185 4908 2494 4976 χαριστήσω
2540 4921 2641 4958 σοι.
2703 4903 2863 4956 Ἀλλά
2901 4906 3020 4958 τότε
3067 4907 3165 4975 μὲν
3209 4907 3412 4979 ὄργανα
3445 4905 3544 4980 ἦν,
3593 4908 3659 4961 δι’
3681 4903 3754 4962 ὧν

2184 4993 2283 5052 τὰς
2311 4988 2452 5058 ᾠδὰς
2477 4987 2736 5058 ἀνέφερον
2754 5005 2766 5017 ·
2805 4989 2920 5040 νυνὶ
2949 4989 3004 5042 δὲ
3029 4991 3148 5042 ἀντὶ
3182 4992 3426 5062 ὀργάνων
3457 4991 3753 5064 κεχρῆσθαι

2187 5071 2301 5124 ἔστι
2327 5070 2405 5141 τῷ
2441 5069 2672 5140 σώματι.
2711 5070 2868 5122 Ἔστι
2901 5071 3011 5142 γάρ
3043 5073 3136 5125 καὶ
3164 5073 3231 5126 δι’
3263 5075 3554 5146 ὀφθαλμῶν
3585 5075 3748 5147 ᾅδειν,

2187 5155 2248 5207 οὐ
2289 5153 2377 5207 διά
2406 5152 2650 5222 γλώττης
2685 5151 2864 5222 μόνον,
2902 5155 3111 5208 καὶδιά
3158 5157 3379 5228 χειρῶν,
3408 5158 3502 5210 καὶ
3528 5157 3614 5210 διὰ
3657 5174 3752 5210 πο-

2187 5237 2312 5302 δῶν,
2359 5237 2452 5292 καὶ
2487 5235 2576 5291 διὰ
2625 5239 2795 5310 ἀκοῆς
2822 5249 2866 5292 θ.
2908 5239 3074 5292 Ὅταν
3128 5241 3236 5312 γὰρ
3284 5242 3512 5298 ἕκαστον
3554 5241 3754 5297 τούτων

2251 5410 2278 5450 ι)
2305 5413 2582 5484 Εάῇιηὶιοτλ
2601 5415 3012 5484 τιὴ-ἀνόνηταλεθά
3033 5419 3092 5484 τά
3109 5419 3286 5484 ἀνόητα
3322 5420 3502 5484 n_1_elius
3535 5422 3756 5484 quadrat,

2190 5477 2358 5536 sicque
2384 5476 2531 5524 habet
2553 5478 2702 5525 Savil.
2726 5483 2779 5524 el
2811 5479 2877 5524 ila
2914 5480 3034 5539 legit
3059 5476 3328 5531 Gemianus
3345 5476 3607 5534 Hervelds.

2255 5540 2278 5567 °
2309 5536 2427 5584 Mor.
2451 5538 2633 5586 αὐτούς.
2662 5539 2754 5585 Καὶ
2777 5539 2986 5586 καθάπερ
3011 5539 3058 5586 ἐν
3080 5542 3192 5586 τοῖς.

2418 5573 2427 5582 .
2451 5554 2633 5585 αυτούς.
2662 5554 2754 5585 nou
2777 5554 2914 5585 καυας

2255 5553 2278 5567 ν
2309 5553 2427 5584 mor.
2451 5553 2633 5592 αυτους.
2662 5553 2754 5585 mu
2777 5553 2986 5601 καθάπερ
3011 5555 3058 5586 εν
3080 5557 3192 5596 τοις.

2253 5597 2280 5636 d
2313 5596 2462 5661 SAaviAI.
2485 5598 2790 5661 ἀμείψασθαι.
2909 5660 2916 5661 7

2259 5673 2282 5698 ε
2321 5659 2469 5707 Savil.
2501 5659 2618 5732 ’καῖ
2672 5660 2842 5732 ἑκοῇς.
2897 5660 3308 5732 [hidgmﬂMorelf
3365 5666 3477 5732 ὅταν
3527 5668 3616 5732 γὰρ
3657 5669 3760 5732 καθ’

2195 5720 2394 5791 ἕκαστον
2433 5719 2632 5791 τούτων.
2672 5719 2849 5791 ᾉθίίιιε
2887 5723 3209 5791 _Savil.__'0'1-av
3256 5728 3346 5791 γὰρ
3409 5719 3610 5778 ἕκαστον
3651 5730 3756 5778 τούν

2196 5795 2307 5828 των.
2333 5782 2491 5842 Atque
2516 5782 2579 5830 ita
2601 5782 2723 5844 legit
2755 5785 3022 5835 Uentianus
3052 5782 3318 5838 Hervelu's.
