4070 6340
328 421 422 480 hil

335 667 384 689 ιυ
427 667 586 684 ........
627 667 761 675 η---
800 667 839 669 _,

335 667 576 781 videtur,
607 712 775 769 multo
807 711 955 762 certe
993 708 1076 754 est
1105 692 1196 749 Dei
1237 686 1494 756 dignitate
1524 674 1765 732 inferius.
1791 667 1907 722 Non

333 817 474 872 enim
509 821 642 878 opus
684 803 842 856 habet
871 797 1010 850 Deus
1053 778 1474 843 contrectatione
1501 770 1566 825 ad
1594 768 1645 822 id
1675 763 1910 820 efficien-

1588 871 1602 878 -
1680 856 1881 878 suum

333 856 474 872 DI'IIII
513 856 640 878 *νισι-ν

333 909 483 976 dum,
509 910 565 957 ut
592 906 798 952 montes
825 887 1100 955 fumigent,
1133 879 1240 932 imo
1268 884 1396 925 vero
1425 882 1491 921 ne
1513 871 1643 918 nutu
1671 856 1906 928 quidem,

1092 975 1099 976 “
1350 964 1384 976 "
1455 971 1465 976 -
1553 971 1626 976 ——-
1675 966 1798 976 -..ι-Λ
1827 947 1876 976 ,Ιῖ

337 1002 427 1056 sed
456 994 679 1053 consilio
709 996 909 1041 tantum
942 990 996 1033 et
1023 975 1312 1030 voluntate.
1349 964 1630 1030 Postquam
1671 966 1800 1020 ergo
1826 947 1910 1001 di-

337 1098 414 1150 xit
439 1091 506 1146 de
533 1088 735 1142 vilitate
763 1073 1013 1134 hominis,
1057 1067 1185 1122 dicit
1214 1062 1372 1118 etiam
1405 1056 1471 1110 de
1502 1052 1593 1106 Dei
1623 1044 1859 1119 potentia
1892 1081 1909 1106 ,

335 1183 512 1258 quoad
540 1181 654 1249 ejus
683 1181 856 1244 potest
883 1165 994 1220 fieri
1018 1164 1084 1214 ab
1111 1155 1330 1212 homine
1359 1169 1374 1203 :
1409 1162 1529 1203 nam
1558 1145 1673 1197 haec
1699 1147 1912 1207 quoque

340 1241 496 1346 ronge
523 1241 714 1327 absunt
741 1266 808 1318 ab
844 1262 929 1315 illa
961 1255 1258 1325 majestate.
1293 1246 1348 1300 6.
1402 1241 1632 1308 Fulgura
1675 1243 1914 1286 corusca-

340 1331 544 1431 tionlm,
591 1373 637 1417 et
671 1354 935 1427 dissipabis
956 1365 1039 1404 eos
1073 1364 1092 1402 :
1132 1343 1298 1399 emitte
1325 1336 1532 1408 sagittas
1559 1339 1689 1391 tuas,
1721 1331 1768 1378 et
1793 1336 1916 1374 ron-

342 1413 563 1519 turbabis
604 1472 705 1510 eos.
739 1413 936 1518 Fulgur
963 1443 1049 1497 hic
1074 1448 1128 1494 et
1152 1435 1370 1505 sagittas
1397 1443 1502 1482 non
1527 1421 1656 1478 dicit
1681 1419 1783 1472 hoc
1805 1413 1912 1468 ful-

341 1571 458 1626 gur,
490 1563 589 1604 nec
613 1546 709 1601 has
730 1541 946 1611 sagittas
966 1575 982 1601 ,
1043 1529 1138 1586 sed
1167 1529 1240 1582 ita
1264 1529 1420 1577 vocat
1445 1511 1723 1586 supplicia,
1757 1522 1826 1564 ex
1853 1505 1918 1559 iis

343 1605 426 1626 0—-
444 1605 458 1624 .
792 1605 817 1611 -

343 1663 461 1720 quae
490 1645 600 1714 jam
630 1647 753 1694 nota
793 1641 942 1693 sunt,
967 1622 1296 1699 persuadens
1322 1617 1370 1672 ei
1399 1613 1486 1684 qui
1517 1605 1834 1665 contemnit.
1863 1609 1918 1653 et

343 1707 424 1795 est
447 1738 592 1806 piger
617 1744 680 1786 ac
705 1708 997 1797 negligens,
1023 1727 1086 1773 ut
1117 1718 1348 1776 tremat,
1379 1710 1706 1762 revereatur,
1752 1707 1917 1762 seque

346 1791 587 1888 incl'inuet.
620 1824 675 1879 Si
707 1791 1048 1884 enimvfulgur
1083 1806 1210 1865 ferri
1237 1818 1340 1859 non
1374 1805 1589 1871 potest,
1638 1791 1764 1846 licet
1811 1799 1920 1840 non

343 1912 587 1980 mittatur
607 1915 672 1971 ad
700 1907 1036 1982 supplicium,
1069 1902 1112 1956 si
1143 1912 1294 1954 suam
1318 1888 1570 1964 puniendi
1601 1887 1917 1954 potestatem

347 2012 578 2069 voluerit
598 2018 835 2068 movere,
864 1999 982 2071 quis
1008 2010 1124 2050 eam
1152 1982 1471 2046 sustinebit?
1501 1979 1592 2034 Dei
1620 1984 1797 2030 autem
1832 1985 1920 2023 sa-

345 2113 490 2182 gitta:
511 2114 635 2162 sunt
660 2109 854 2173 pestes,
881 2095 1067 2154 fames,
1095 2088 1322 2158 fulgura,
1355 2089 1409 2135 et
1443 2071 1752 2142 multiplicia
1796 2079 1923 2133 sup—

1497 2179 1504 2182 _
1680 2163 1729 2182 λ,
1785 2158 1880 2182 ,ω
1910 2172 1922 2182 ,

351 2158 628 2276 iudiciorum
674 2207 891 2266 genera.
926 2189 977 2242 7.
1011 2184 1196 2240 Emitte
1243 2189 1450 2231 manum
1489 2179 1626 2224 tuam
1669 2163 1732 2217 de
1777 2158 1922 2213 aito:

348 2255 604 2368 zripe‘me,
626 2255 856 2346 etvh'bera
878 2301 956 2338 me
980 2279 1044 2334 de
1069 2277 1212 2348 aquis
1236 2271 1430 2334 multis,
1452 2276 1500 2321 et
1525 2265 1589 2318 de
1604 2275 1758 2315 manu
1784 2255 1924 2326 ﬁlio-

350 2347 387 2353 "
405 2347 478 2368 'r'
512 2347 533 2348 η
548 2347 551 2348 ν
566 2347 575 2349 ε
593 2347 604 2358 ι
1116 2347 1121 2348 ,

349 2408 462 2445 rum
493 2387 789 2443 alienorum.
820 2379 935 2434 Non
961 2374 1133 2430 solum
1175 2366 1316 2425 enim
1345 2366 1414 2420 ad
1443 2355 1762 2431 puniendum
1784 2393 1798 2419 ,
1830 2347 1926 2404 sed

351 2486 510 2541 etiam
535 2473 602 2536 ad
629 2470 1050 2534 conservandum
1079 2472 1258 2536 parata
1289 2468 1371 2515 est
1404 2456 1495 2511 Dei
1530 2450 1786 2522 potentia.
1817 2445 1923 2499 Ma-

353 2592 479 2634 num
506 2583 680 2628 autem
696 2569 781 2623 hic
795 2573 950 2621 vocat
964 2553 1450 2632 opem.auxilium:
1481 2556 1536 2603 et
1565 2545 1683 2601 ideo
1712 2557 1816 2596 non
1846 2538 1925 2593 di.

353 2671 451 2738 xit,
470 2665 729 2731 Extende,
747 2661 840 2717 sed
859 2657 1066 2720 Emitte,
1087 2652 1187 2707 hoc
1198 2648 1527 2719 signiﬁcans:
1547 2638 1690 2714 quod
1705 2637 1748 2692 si
1767 2634 1924 2691 etiam

353 2761 543 2816 alicubi
567 2730 722 2819 dicit,
747 2751 1009 2815 Extende,
1041 2747 1180 2800 idem
1211 2754 1397 2796 rursus
1432 2735 1714 2806 signiﬁcat.
1749 2730 1927 2794 Aquas

356 2863 531 2908 autem
559 2849 872 2903 insolentem
895 2839 1126 2895 hostium
1163 2831 1534 2901 irruptionem,
1562 2833 1616 2879 et
1631 2819 1928 2880 confusam,

357 2959 475 3015 quae
501 2953 691 3010 magno
717 2938 916 3005 impetu
939 2931 1125 2985 fertur.
1155 2923 1306 2993 Quod
1354 2919 1496 2975 enim
1540 2915 1608 2970 de
1643 2911 1794 2982 aquis
1825 2924 1930 2962 non

359 3004 623 3108 loquatur,
673 3004 909 3086 ostendit
953 3022 1007 3078 id
1053 3018 1194 3092 quod
1223 3011 1561 3084 subjungitur
1588 3023 1602 3061 :
1631 3004 1708 3060 De
1733 3016 1888 3056 manu
1913 3039 1930 3064 ,

361 3090 551 3202 inquit,
580 3090 804 3194 filiorum
830 3090 1131 3172 alienorum.
1177 3108 1398 3164 Alienos
1427 3110 1607 3156 autem
1639 3097 1777 3150 filios
1805 3090 1934 3147 mihi

360 3184 570 3281 videtur
599 3218 686 3272 hic
709 3213 890 3269 dicere
915 3223 1032 3273 eos,
1063 3203 1154 3275 qui
1197 3217 1228 3256 a
1257 3200 1481 3254 veritate
1529 3197 1654 3248 sunt
1696 3184 1933 3243 alienati.

362 3309 819 3386 Quemadmodum
840 3302 982 3358 enim
1005 3298 1189 3355 ﬁdeles
1210 3287 1603 3349 necessitudine
1623 3282 1936 3352 conjunctos

363 3408 733 3468 existimamus
760 3407 816 3456 et
844 3397 1058 3458 fratres,
1093 3391 1164 3446 ita
1205 3388 1366 3445 etiam
1393 3383 1616 3442 alienos,
1650 3373 1890 3432 infideles
1921 3389 1934 3426 :

365 3511 421 3559 et
443 3500 544 3554 hac
575 3495 804 3551 maxime
843 3490 1053 3544 ratione
1078 3485 1309 3539 alienum
1338 3493 1368 3532 a
1400 3469 1794 3530 necessitudine
1814 3480 1944 3522 con-

367 3592 548 3666 iuncto
571 3583 947 3643 discernimus.
977 3577 1025 3634 Is
1053 3575 1198 3633 enim
1226 3571 1358 3628 mihi
1403 3575 1487 3624 est
1533 3561 1863 3636 propinquus
1889 3563 1945 3612 et

372 3678 768 3740 necessitudine
818 3674 1156 3743 coniunctus,
1210 3667 1302 3738 qui
1351 3662 1597 3718 eumdem
1646 3657 1746 3711 sibi
1782 3666 1944 3724 quem

371 3790 472 3846 ego
493 3783 698 3844 patrem
724 3766 1014 3831 adscribit,
1059 3772 1114 3818 et
1151 3770 1235 3816 est
1281 3754 1522 3828 ejusdem
1549 3762 1750 3806 mensze
1781 3745 1944 3816 parti-

372 3881 520 3937 ceps,
547 3865 724 3934 potius
750 3874 908 3932 quam
938 3859 982 3912 is
1003 3855 1092 3925 qui
1117 3861 1202 3908 est
1227 3849 1358 3905 mihi
1387 3859 1587 3918 genere
1623 3840 1897 3912 proximus
1928 3852 1946 3893 :

377 3969 460 4015 est
486 3958 628 4014 enim
661 3957 774 4009 haec
795 3951 1089 4022 perfectior
1115 3948 1198 4001 lex
1221 3940 1577 4014 cognationis,
1597 3931 1947 4006 quemadmo-

377 4053 504 4107 dum
531 4050 690 4105 etiam
716 4061 836 4118 qua:
861 4060 927 4098 ex
961 4038 1244 4097 contrariis
1270 4037 1329 4090 tit
1358 4031 1635 4095 alienatio,
1663 4034 1747 4083 est
1797 4038 1951 4093 aper-

378 4146 488 4200 tior
509 4151 562 4195 et
586 4138 882 4198 evidentior
905 4150 968 4189 ea
1010 4148 1128 4203 qua:
1151 4132 1222 4184 sit
1241 4144 1307 4184 ex
1329 4139 1546 4197 genere.
1575 4120 1654 4175 Ne
1679 4119 1780 4172 hoc
1823 4127 1952 4181 ergo

381 4234 702 4307 respexeris,
726 4230 867 4303 quod
897 4228 996 4282 sub
1022 4223 1214 4279 eodem
1243 4220 1376 4275 cado
1404 4230 1589 4272 sumus
1614 4253 1630 4279 ,
1678 4223 1731 4262 et
1781 4211 1832 4260 in
1863 4220 1953 4261 eo-

383 4331 508 4386 dem
537 4328 668 4382 orbe
711 4334 975 4378 terrarum
1006 4316 1343 4370 habitamus:
1372 4307 1529 4362 aliam
1552 4302 1692 4358 enim
1716 4311 1959 4353 comnm-

385 4425 601 4480 nionem
631 4430 833 4488 quaero,
864 4429 982 4483 qua:
1029 4408 1190 4465 cmlos
1229 4411 1466 4473 superat.
1511 4397 1623 4453 lllic
1665 4402 1845 4449 nostra
1880 4395 1962 4444 est

389 4511 725 4572 conversatio
749 4516 803 4563 et
843 4479 948 4558 vita
984 4520 998 4556 :
1039 4500 1156 4554 Vita
1183 4496 1327 4552 enim
1371 4499 1564 4553 nostra,
1617 4485 1805 4553 inquit,
1849 4479 1966 4532 abs-

390 4571 593 4663 condita
623 4612 691 4658 est
719 4617 833 4655 cum
862 4596 1060 4651 Christo
1086 4592 1140 4646 in
1164 4590 1271 4644 Deo
1300 4584 1536 4658 (Coloss.
1567 4579 1622 4634 3.
1652 4577 1731 4648 5).
1781 4571 1966 4642 Neque

393 4703 534 4758 enim
567 4708 763 4753 terram
794 4691 1114 4746 habitamus,
1141 4682 1235 4738 sed
1261 4671 1733 4746 commigravimus
1780 4665 1834 4719 in
1873 4677 1967 4717 su—

397 4808 617 4865 pernam
657 4784 1016 4854 metropolim.
1043 4780 1212 4835 Aliam
1243 4789 1424 4828 veram
1453 4771 1626 4825 lucem
1658 4764 1918 4819 habemus
1951 4797 1965 4821 ,

399 4889 558 4942 aliam
592 4851 847 4954 patriam,
869 4890 922 4934 et
949 4878 1093 4930 cives
1116 4872 1250 4925 alios
1283 4877 1337 4924 et
1359 4873 1638 4935 cognatos.
1664 4858 1733 4913 Et
1757 4851 1974 4910 ideodi-

401 4981 551 5035 ccbat
578 4943 775 5033 Daulias
799 4991 812 5027 :
849 4972 971 5026 Non
997 4969 1113 5022 estis
1138 4966 1310 5034 utique
1329 4959 1549 5028 hospites
1574 4963 1621 5008 et
1643 4952 1868 5012 aduente,
1887 4943 1974 5000 sed

401 5075 531 5130 cives
557 5079 844 5125 sanctorum
886 5061 1118 5135 (Ephes.
1145 5059 1202 5113 2.
1233 5055 1344 5127 l9).
1375 5047 1653 5119 Quomodo
1689 5057 1818 5112 ergo
1847 5039 1979 5096 dixit

403 5165 652 5221 Christus
677 5157 1067 5217 Samaritanum
1113 5164 1235 5206 esse
1282 5146 1615 5217 proximum,
1664 5135 1766 5193 etsi
1812 5132 1980 5187 multo

408 5257 687 5314 intervallo
708 5261 1008 5322 separatum
1038 5245 1202 5316 (Luc.
1231 5243 1318 5297 10.
1343 5240 1431 5295 36.
1457 5235 1589 5306 5'7)?
1629 5235 1699 5288 At
1726 5246 1830 5284 non
1857 5235 1936 5280 est
1962 5265 1977 5288 ,

409 5355 451 5407 si
481 5359 754 5422 spectetur
783 5353 986 5399 natium
1011 5338 1168 5394 ratio.
1191 5331 1416 5403 Quando
1437 5343 1566 5398 ergo
1595 5322 1862 5379 beneficio
1878 5317 1984 5372 atti-

411 5459 536 5500 cere
579 5435 894 5510 oportuerit.
944 5433 1016 5488 sit
1058 5429 1232 5485 omnis
1271 5425 1435 5480 homo
1475 5417 1568 5474 tibi
1614 5414 1984 5485 propinquus;

413 5534 627 5607 quando
652 5539 826 5586 autem
853 5527 922 5581 de
963 5523 1192 5579 veritate
1220 5527 1441 5587 agetur,
1487 5523 1716 5581 agnosce
1755 5504 1874 5574 quis
1920 5501 1991 5555 sit

423 5596 772 5697 propinquus,
800 5617 992 5689 etquis
1018 5615 1243 5668 alienus.
1275 5607 1448 5662 Etiam
1475 5605 1518 5658 si
1548 5601 1744 5655 habeas
1770 5596 1986 5651 fratrem

419 5719 609 5775 eodem
663 5723 810 5772 patre
839 5719 895 5766 et
935 5705 1124 5764 eadem
1148 5710 1322 5758 matre
1350 5706 1555 5759 natum,
1580 5702 1634 5746 et
1673 5690 1728 5745 in
1763 5690 1880 5758 lege
1904 5700 1997 5739 ve—

423 5809 600 5866 ritatis
619 5815 795 5864 tecum
820 5819 925 5861 non
951 5791 1442 5860 communicaverit,
1461 5788 1529 5845 sit
1544 5785 1638 5842 tibi
1661 5781 1828 5854 magis
1839 5793 1995 5851 quam

1435 356 1792 427 EXPOSlTlO
1829 353 1894 410 IN
1932 347 2252 410 PSALMUII
2286 342 2509 404 CXLIII.

3495 332 3604 391 M52

2019 464 2192 537 quivis
2220 462 2420 536 Scytha
2446 459 2746 518 barbarus:
2772 473 2885 515 sive
2908 464 3084 512 autem
3115 456 3186 508 sit
3208 449 3430 523 Scytha,
3483 450 3602 504 sive

2015 556 2352 620 Sauromata,
2379 553 2627 623 dogmata
2646 558 2824 605 autem
2849 548 3003 618 plene
3019 554 3073 602 et
3097 543 3330 615 perfecte
3357 538 3597 600 sciverit,

2016 657 2070 704 et
2085 647 2312 717 idipsum
2334 643 2476 715 quod
2517 653 2572 698 tu
2598 639 2908 704 crediderit,
2923 653 2988 693 eo
3010 637 3099 707 qui
3121 636 3310 691 eodem
3337 640 3488 686 utero
3514 639 3598 682 est

2017 740 2212 803 editus,
2256 741 2326 792 sit
2367 737 2458 790 tibi
2489 733 2853 804 propinquior,
2882 746 3048 799 eaque
3075 729 3280 782 ratione
3309 725 3593 780 barbarum

2017 848 2046 886 a
2069 847 2175 886 non
2205 831 2430 885 barbaro
2456 829 2839 889 discernamus,
2869 838 2972 877 non
3012 838 3077 876 ex
3120 822 3318 890 lingua,
3377 833 3476 872 nec
3524 833 3592 870 ex

2018 941 2247 997 genere;
2275 923 2369 979 sed
2408 938 2473 976 ex
2506 921 2700 984 anima,
2745 927 2800 974 et
2842 932 2906 972 ex
2953 915 3145 969 mentis
3194 914 3480 967 sententia.
3526 911 3595 962 lta

2021 1020 2165 1074 enim
2193 1016 2422 1070 maxime
2468 1013 2629 1067 homo
2656 1021 2768 1076 est,
2811 1008 3023 1080 quando
3067 1007 3220 1076 plene
3271 1013 3323 1058 et
3369 1003 3596 1072 perfecte

2023 1121 2168 1167 tenet
2195 1111 2441 1180 dogmata
2463 1147 2480 1174 ,
2510 1115 2565 1160 et
2591 1106 2751 1160 vitam
2780 1103 2925 1173 agit,
2949 1116 3067 1172 quae
3097 1099 3375 1170 sapientia:
3421 1097 3595 1150 studio

2021 1203 2321 1258 conveniat.

2093 1295 2148 1350 ι.
2193 1293 2300 1350 Sed
2323 1291 2596 1346 videamus
2615 1287 2867 1356 deinceps
2890 1283 3158 1356 quomodo
3189 1283 3287 1338 hos
3312 1281 3601 1349 descripsit

2023 1385 2227 1441 alienos
2249 1384 2530 1454 prapheta,
2561 1381 2745 1435 dicens
2776 1399 2788 1434 :
2824 1377 2983 1447 Eripe
3005 1392 3085 1429 me
3112 1374 3175 1428 de
3199 1390 3350 1426 manu
3379 1374 3602 1442 ﬁliorum

2025 1480 2323 1542 alienorum,
2355 1475 2410 1530 8.
2436 1488 2646 1543 quorum
2661 1488 2716 1526 os
2737 1470 2997 1542 (aquatum
3017 1477 3088 1522 est
3107 1468 3396 1528 vanitatem,
3418 1474 3465 1518 et
3481 1465 3604 1518 dea:-

2026 1581 2133 1625 tera
2161 1583 2332 1624 eorum
2370 1565 2575 1620 dextera
2614 1561 2912 1632 iniquitatis.
2959 1558 3148 1613 Vidisti
3177 1571 3434 1627 quosnam
3462 1554 3605 1609 dicat

2025 1661 2265 1718 alienos?
2294 1660 2402 1715 Eos
2431 1659 2521 1728 qui
2551 1657 2733 1710 vivunt
2763 1655 2815 1708 in
2845 1653 3050 1708 scelere
3073 1693 3087 1716 ,
3141 1666 3235 1706 eos
3278 1650 3367 1720 qui
3421 1655 3604 1702 amant

2027 1756 2383 1825 iniquitatem,
2409 1767 2503 1807 eos
2546 1749 2635 1821 qui
2663 1747 2822 1803 stulta
2843 1748 2859 1778 ¹
2888 1746 3198 1815 loquuntur,
3231 1758 3324 1798 eos
3351 1741 3439 1812 qui
3472 1739 3603 1794 nihil

2027 1848 2215 1904 dicunt
2241 1845 2392 1901 utile.
2423 1844 2671 1913 Agnosco
2689 1855 2817 1910 ergo
2843 1838 3073 1903 alienos,
3102 1836 3169 1889 ab
3193 1850 3304 1898 ore,
3339 1848 3366 1886 a
3401 1832 3553 1887 factis
3587 1849 3602 1884 :

2029 1942 2169 1997 sicut
2211 1939 2453 1996 Christus
2498 1948 2707 2006 quoque
2736 1933 2904 1986 dicit:
2948 1930 2992 1983 A
3022 1927 3264 2002 fructibus
3294 1942 3466 1980 eorum
3509 1940 3598 1976 co-

2029 2034 2273 2106 gnoscetis
2301 2046 2384 2085 eos
2423 2026 2652 2100 (Matth.
2685 2028 2738 2080 7.
2794 2023 2860 2078 16
2892 2024 2931 2095 ).
2962 2021 3110 2077 Sicut
3130 2020 3272 2074 enim
3318 2019 3368 2071 in
3415 2018 3605 2070 castris

2029 2127 2196 2182 multa
2223 2124 2418 2181 dantur
2438 2121 2588 2193 signa
2610 2129 2665 2174 et
2687 2117 2928 2190 symbola
2953 2158 2967 2183 ,
3022 2122 3080 2169 ut
3123 2114 3167 2169 si
3206 2111 3419 2182 quando
3447 2118 3608 2164 noctu

2031 2218 2266 2291 praeliari
2289 2215 2594 2286 contigerit.
2626 2211 2711 2267 vel
2731 2208 2974 2265 sublatus
3003 2207 3195 2278 pulvis,
3220 2213 3278 2259 ut
3303 2217 3406 2258 nox
3428 2200 3608 2255 videa-

2033 2323 2139 2378 tur,
2173 2309 2431 2375 effecerit,
2456 2307 2541 2362 vel
2571 2305 2747 2375 aliqua
2777 2303 2884 2358 alia
2919 2299 3165 2356 confusio
3191 2307 3247 2351 et
3277 2293 3608 2366 perturbatio

2033 2403 2295 2467 evenerit,
2325 2417 2395 2456 ne
2419 2399 2622 2455 socium
2649 2409 2804 2452 suum
2829 2392 3050 2463 aspiciat
3073 2398 3342 2458 tamquam
3375 2384 3604 2448 hostem,

2035 2513 2134 2552 nec
2158 2497 2370 2551 hostem
2397 2505 2664 2562 tamquam
2695 2487 2898 2543 socium
2924 2503 2937 2538 :
2970 2485 3132 2539 etiam
3158 2483 3305 2552 signa
3332 2477 3423 2533 dat
3456 2475 3610 2530 nobis

2035 2589 2123 2643 hic
2147 2586 2428 2659 propheta,
2451 2599 2545 2654 per
2570 2597 2688 2652 qua}
2717 2579 2916 2649 poteris
2931 2575 3237 2632 discernere
3255 2571 3609 2642 propinquant

2036 2691 2090 2736 et
2133 2680 2392 2743 alienum,
2439 2689 2632 2744 nempe
2655 2688 2718 2728 ex
2746 2673 2810 2726 iis
2839 2686 2957 2742 qua:
2985 2667 3239 2737 loquitur,
3289 2663 3450 2718 exiis
3494 2676 3612 2730 qua:

2037 2775 2198 2840 facit,
2252 2771 2474 2826 dicens:
2510 2768 2736 2835 Quorum
2767 2781 2823 2818 os
2863 2764 3125 2833 loquutum
3149 2767 3221 2813 est
3249 2756 3537 2815 vanitatem,
3568 2759 3614 2804 et

2039 2869 2243 2923 dextera
2263 2881 2434 2920 eorum
2459 2863 2665 2916 dextera
2692 2858 2990 2930 iniquitatis.
3019 2853 3172 2908 Nunc
3213 2851 3356 2905 enim
3383 2856 3464 2902 est
3499 2843 3615 2900 bel-

2041 2961 2169 3023 lum,
2199 2967 2254 3012 et
2279 2971 2472 3027 pugna,
2496 2963 2551 3008 et
2579 2951 2818 3021 pra-lium
2836 2955 3151 3003 nocturnum
3169 2937 3613 2997 crudelissimum,

2040 3048 2372 3107 daemonibus
2401 3044 2750 3106 ferientibus,
2786 3037 3064 3095 desideriis
3104 3029 3474 3088 insidiantibus
3498 3068 3513 3093 ,
3560 3037 3616 3080 et

2040 3139 2534 3202 ratiocinationibus
2561 3133 2980 3204 insurgentibus.
3013 3127 3148 3182 Sunt
3168 3123 3329 3179 etiam
3361 3121 3438 3176 eis
3459 3161 3476 3185 ,
3519 3116 3610 3186 qui

2043 3246 2169 3295 sunt
2192 3232 2460 3307 mysteriis
2486 3228 2695 3290 initiati,
2741 3240 2834 3279 sua
2861 3223 3010 3293 signa
3052 3227 3107 3274 et
3133 3212 3376 3288 syntbola
3418 3228 3433 3264 :
3477 3217 3532 3265 et
3575 3207 3618 3262 si

2045 3331 2349 3388 dubitantes
2374 3325 2512 3381 scire
2535 3321 2798 3383 volumus,
2845 3331 2912 3370 an
2951 3313 3068 3383 quis
3110 3309 3180 3364 sit
3216 3303 3504 3378 profanus,
3553 3313 3613 3354 ar

2049 3423 2317 3498 mysteriis
2344 3419 2602 3481 initiatus,
2629 3429 2692 3470 ea
2717 3421 2962 3481 rogantes
2978 3406 3268 3460 discamus.

2120 3512 2379 3570 Proximis
2422 3511 2606 3565 nostris
2655 3502 2846 3559 auxilio
2875 3515 2981 3557 esse
3007 3495 3260 3550 debemus.
3308 3489 3444 3544 Deus
3468 3500 3559 3540 cur
3594 3497 3626 3536 α

2050 3611 2192 3666 nobis
2217 3605 2416 3663 laudari
2460 3599 2602 3657 velit.
2647 3595 2875 3651 Membra
2901 3600 3074 3646 nostra
3117 3595 3172 3641 ut
3215 3581 3312 3638 Dei
3339 3579 3513 3636 laudes
3539 3592 3627 3629 ca-

2052 3711 2194 3758 nant.
2223 3698 2528 3752 ——Dea:tera
2548 3706 2722 3746 eorum
2757 3693 2962 3740 dextera
2992 3677 3288 3751 iniquitatis.
3321 3671 3456 3740 Quid
3475 3669 3632 3738 igitur

2054 3795 2224 3866 possit
2253 3790 2356 3844 hoc
2389 3801 2509 3844 esse
2559 3780 2772 3853 gravius
2795 3819 2810 3841 ,
2841 3772 3052 3845 quando
3077 3784 3194 3839 qua:
3223 3765 3344 3820 data
3373 3771 3455 3816 est
3483 3759 3632 3813 nobis

2056 3887 2123 3942 ad
2147 3885 2420 3947 auxilium,
2447 3892 2564 3933 eam
2592 3874 2656 3928 ad
2689 3868 2906 3926 insidias
2931 3857 3330 3920 convertimus?
3351 3853 3474 3908 Ideo
3491 3849 3632 3905 enitn

2060 3978 2315 4036 habemus
2333 3973 2603 4032 dexteras,
2644 3973 2703 4019 ut
2724 3973 2778 4017 et
2807 3954 3091 4024 nobisipsis
3114 3960 3169 4006 et
3195 3948 3312 4001 aliis
3337 3942 3525 4013 injuria
3553 3939 3633 3993 af-

2060 4074 2212 4131 fectis
2231 4083 2383 4137 apem
2411 4063 2666 4124 feramus,
2697 4063 2756 4109 ut
2775 4052 2977 4108 scelera
2999 4047 3064 4100 de
3092 4041 3267 4098 medio
3295 4037 3561 4094 tollamus,
3581 4039 3639 4084 ut

2063 4167 2127 4221 iis
2157 4163 2344 4234 quibus
2368 4161 2448 4210 vis
2473 4164 2525 4208 et
2552 4152 2802 4205 damnum
2831 4141 3070 4200 aﬂertur,
3095 4133 3261 4187 simus
3282 4135 3466 4198 portus
3487 4132 3639 4176 etre-

2055 4213 2282 4328 fugium.
2298 4252 2378 4317 Qu
2387 4243 2584 4304 omodo
2593 4255 2724 4309 ergo
2739 4235 2820 4291 eis
2832 4229 2990 4286 venia
3003 4220 3338 4292 dabitur,qui
3364 4216 3449 4272 his
3477 4213 3639 4268 armis

2065 4306 2280 4328 "'o-F—n
2309 4306 2343 4317 τι
2663 4306 2682 4309 ν

2065 4361 2284 4410 utuntur
2307 4360 2414 4400 non
2443 4342 2507 4396 ad
2539 4338 2765 4392 aliorum
2788 4328 3036 4389 salutem,
3057 4317 3150 4376 sed
3181 4315 3248 4372 ad
3279 4326 3430 4368 suam
3459 4306 3640 4378 perni-

2066 4442 2244 4503 ciem?
2269 4439 2324 4494 9.
2352 4436 2506 4493 Deus,
2535 4427 2785 4483 canticum
2811 4433 2998 4475 nouum
3023 4409 3235 4469 cantabo
3261 4405 3370 4460 tibi.
3389 4403 3646 4469 Qurenam

2070 4543 2152 4592 est
2179 4542 2364 4588 rursus
2392 4526 2505 4580 hmo
2525 4510 2942 4586 consequentia?
2968 4505 3190 4562 Maxima
3211 4511 3422 4568 quoque
3444 4493 3528 4546 hic
3543 4499 3645 4543 cst.

2072 4627 2331 4697 Quoniam
2358 4619 2500 4675 enim
2527 4612 2680 4672 dixit,
2712 4585 2898 4661 Emitte
2937 4615 3138 4653 manum
3164 4605 3302 4648 tuam
3323 4633 3338 4657 ,
3387 4596 3459 4649 et,
3493 4585 3654 4652 Eripe

2076 4679 2174 4786 ine,
2201 4729 2254 4773 et
2281 4715 2526 4782 diSperge
2544 4707 2709 4775 ipsos,
2732 4697 3006 4769 profitetur
3026 4705 3084 4745 se
3104 4699 3314 4758 quoque
3334 4681 3381 4736 ei
3399 4679 3650 4734 daturum

2079 4810 2377 4869 mercedem
2398 4800 2596 4864 auxilii,
2625 4812 2690 4851 ex
2719 4806 2821 4863 qua
2851 4785 2982 4843 nihil
3007 4781 3220 4854 quidem
3258 4769 3524 4830 commodi
3568 4780 3657 4818 ac-

2081 4907 2238 4978 cipiat
2262 4902 2345 4958 cui
2373 4900 2562 4957 datur;
2593 4888 2688 4946 sed
2713 4899 2831 4956 qua:
2873 4881 2922 4936 ei
2967 4877 3057 4947 qui
3087 4873 3229 4929 illam
3260 4866 3436 4928 offert,
3481 4858 3653 4931 pluri-

2826 4975 2843 4978 ‘
3160 4974 3169 4978 -
3246 4975 3330 4978 7--
3367 4953 3480 4978 Δ--‹›
3506 4951 3635 4978 ηρ...

2084 4951 2238 4978 mpm.
2266 4951 2345 4958 ____
2551 4951 2561 4957 ,
2733 4951 2747 4956 _

2084 5015 2228 5058 mum
2257 4994 2411 5050 affert
2431 4979 2794 5044 emolumenti.
2814 4975 3066 5042 Quasnam
3087 4974 3262 5020 autem
3278 4975 3339 5015 ea
3361 4953 3480 5012 est?
3498 4951 3656 5012 Deus,

2085 5097 2334 5154 canticum
2358 5100 2539 5142 novum
2555 5076 2765 5136 cantabo
2791 5067 2967 5126 tibi.Si
2991 5072 3167 5118 autem
3190 5057 3292 5112 hoc
3315 5061 3398 5108 est
3419 5058 3662 5118 parvum,

2089 5134 2892 5246 'cunimagttitudine
2918 5152 3182 5218 beneficii,
3230 5145 3374 5216 atqui
3418 5138 3566 5195 dedit
3611 5134 3662 5234 id

2091 5224 2339 5246 υυιιαιυιιι
2371 5224 2490 5235 υπ--υ
2532 5224 2647 5242 ---ἣν

2091 5279 2232 5354 quod
2263 5271 2465 5330 habuit.
2511 5266 2643 5322 Nam
2690 5274 2787 5314 ItOs
2833 5264 3045 5324 quoque
3072 5261 3101 5299 a
3129 5235 3471 5314 pauperibus,
3499 5238 3552 5283 et
3577 5224 3667 5296 qui

2684 5353 2692 5354 ί
2748 5350 2777 5354 η
2841 5346 2852 5354 ³
3012 5342 3020 5351 “
3062 5353 3066 5354 ⁷
3094 5349 3193 5354 νέη-
3251 5341 3404 5354 "nam
3433 5319 3642 5354 'nnr‘nln

2568 5353 2697 5412 nihil
2713 5319 3218 5412 aliud-requirimus,
3248 5341 3406 5399 quam
3433 5319 3666 5439 laqdem,

2096 5477 2152 5522 et
2177 5412 2383 5534 graium
2409 5453 2666 5508 animum.
2705 5443 2812 5499 Sed
2855 5450 2951 5491 nos
2983 5427 3233 5503 quidem,
3279 5428 3339 5476 ut
3382 5412 3671 5472 evadamus

3108 5520 3120 5534 .
3168 5529 3282 5534 γη
3322 5510 3506 5534 LAW,
3573 5501 3670 5534 ω,

2099 5501 2396 5614 elati-iores:
2431 5548 2570 5603 Deus
2605 5547 2806 5600 autem,
2845 5544 2953 5587 non
2981 5501 3124 5596 quod
3152 5529 3288 5588 opus
3322 5510 3534 5572 habeat,
3573 5501 3672 5557 sed

2165 5710 2184 5742 ι
2218 5705 2339 5754 edit.
2375 5695 2558 5754 Morel,
2598 5685 2813 5744 inutilia;
2849 5679 2954 5734 sed,
2985 5673 3146 5732 stulta,
3183 5664 3361 5718 melius
3396 5654 3598 5725 quadrat
3619 5647 3679 5702 ad

2103 5772 2305 5826 seriem.
