4070 6340
452 374 556 432 465

452 504 506 548 ut
535 507 628 547 eos
654 492 743 564 qui
769 502 989 560 canunt,
1021 491 1217 548 efficiat
1244 493 1517 559 clariores,
1544 502 1598 548 et
1619 509 1680 548 ea
1699 493 1904 549 ratione
1928 507 2023 550 eos

454 599 644 638 rursus
665 583 926 640 beneﬁcio
951 583 1164 639 afficiat.
1198 582 1265 638 In
1296 584 1536 654 psalterio
1552 583 1866 639 decachordo
1895 585 2027 655 psal-

449 675 552 728 lam
572 675 696 740 tibi;
731 675 834 732 hoc
859 685 961 742 est,
986 678 1149 745 Agam
1177 676 1267 730 tibi
1293 676 1512 746 gratias.
1540 675 1644 730 Sed
1665 684 1788 730 tunc
1809 675 2024 746 quidem

449 773 602 820 erant
630 767 979 822 instrumenta
1007 783 1102 837 per
1126 783 1242 838 quae
1267 769 1471 823 cantica
1502 767 1817 823 emittebant
1841 785 1856 822 :
1884 783 2027 824 nunc

447 871 623 914 autem
654 875 750 930 pro
779 861 1140 916 instrumentis
1168 875 1448 930 possumus
1463 861 1534 914 uti
1561 875 1804 929 corpore.
1832 860 2027 916 Possu-

449 967 566 1006 mus
594 953 735 1007 enim
764 969 860 1022 per
883 954 1064 1007 oculos
1089 968 1303 1018 cauere,
1351 969 1456 1006 non
1503 968 1597 1021 per
1633 953 1862 1023 linguam
1912 963 2028 1007 tan-

448 1051 597 1109 tum;
629 1059 724 1114 per
761 1060 981 1104 manus,
1031 1059 1124 1112 per
1159 1045 1339 1112 pedes,
1367 1053 1419 1097 et
1455 1059 1550 1112 per
1595 1057 1770 1098 aures.
1803 1043 2026 1111 Quando

446 1137 585 1190 enim
619 1136 1025 1205 unumquodque
1051 1151 1236 1188 eorum
1265 1149 1329 1190 ea
1361 1134 1484 1188 facit
1509 1150 1628 1204 qua:
1654 1135 1762 1187 Deo
1799 1133 2024 1204 gloriam

445 1237 499 1282 et
528 1227 782 1282 honorem
805 1227 1050 1294 afferunt,
1077 1243 1266 1296 nempe
1287 1227 1499 1296 quando
1519 1229 1701 1282 oculus
1723 1243 1826 1283 non
1851 1229 2026 1298 impu-

445 1319 563 1374 dice
591 1321 900 1390 reSpexerit,
929 1320 1140 1391 quando
1174 1335 1362 1374 manus
1393 1336 1495 1374 non
1527 1320 1594 1374 ad
1640 1322 1896 1391 rapinam,
1930 1321 2024 1375 sed

357 1460 362 1464 .
447 1413 512 1467 ad
545 1413 936 1484 eleemosyuam
969 1427 1028 1467 se
1057 1413 1412 1480 exlenderint,
1463 1412 1674 1482 quando
1699 1413 1765 1467 ad
1795 1413 2025 1482 psalmos

445 1518 499 1562 et
551 1507 836 1562 conciones
880 1507 1144 1577 Spiritales
1202 1506 1564 1576 suscipiendas
1627 1520 1784 1561 aures
1829 1515 2026 1576 paratas

446 1601 657 1664 fuerint,
676 1598 885 1668 quando
903 1599 1066 1668 pedes
1082 1597 1146 1652 ad
1161 1598 1437 1652 ecclesiam
1451 1597 1797 1662 cucurreriut,
1815 1597 2025 1667 quando

445 1705 538 1744 eor
565 1704 668 1743 non
698 1689 851 1744 dolos
878 1691 1057 1755 struit,
1103 1690 1196 1744 sed
1237 1690 1459 1743 caritate
1503 1690 1716 1758 plenum
1744 1699 1845 1752 est,
1891 1690 2026 1743 ﬁunt

445 1780 682 1834 membra
710 1781 948 1850 corporis
977 1781 1286 1852 psalterium
1307 1792 1360 1834 et
1387 1780 1611 1846 cithara,
1634 1789 1689 1835 et
1712 1789 1911 1835 canunt
1927 1796 2024 1836 no-

444 1883 566 1926 Vum
593 1874 880 1939 canticum,
906 1887 1010 1926 non
1033 1875 1204 1926 verbis
1229 1873 1378 1937 solis,
1399 1872 1491 1926 sed
1513 1872 1671 1926 etiam
1699 1873 2018 1941 rebusipsis.

445 1961 533 2017 10.
571 1964 670 2030 Qui
717 1965 806 2016 dat
849 1963 1065 2018 salutem
1103 1964 1320 2035 regibus.
1353 1963 1534 2033 Neque
1561 1963 1701 2017 enim
1727 1973 1922 2028 castra,
1971 1973 2026 2018 et

445 2055 728 2108 multitudo
750 2055 998 2121 militum,
1023 2069 1122 2109 nec
1147 2054 1424 2120 satellites,
1454 2054 1807 2124 custodesque
1837 2069 2026 2124 corpo-

446 2147 516 2198 ris
537 2145 610 2216 (a)
635 2187 649 2210 ,
680 2145 774 2200 sed
821 2147 910 2201 Dei
953 2147 1204 2200 auxilium
1236 2160 1451 2200 servare
1478 2145 1633 2200 solet.
1683 2144 1784 2212 Qui
1826 2147 2025 2199 redimit

447 2237 614 2291 David
637 2254 835 2292 servum
858 2255 1024 2292 suum.
1061 2237 1113 2290 In
1151 2237 1420 2292 communi
1439 2237 1706 2306 loquutus,
1730 2237 1840 2305 jam
1870 2237 1936 2291 de
1965 2251 2024 2291 se

445 2332 692 2400 loquitur,
726 2348 824 2387 nec
850 2333 999 2397 dicit,
1027 2330 1128 2399 Qui
1174 2331 1437 2385 redemit:
1466 2330 1559 2384 sed
1580 2371 1594 2393 ,
1649 2328 1750 2396 Qui
1792 2331 2019 2399 redimit,

443 2423 729 2478 ostendens
761 2433 1065 2492 perpetuam
1097 2423 1212 2490 ejus
1240 2421 1646 2490 providentiam.

595 2515 794 2569 Deinde
822 2530 1005 2568 rursus
1030 2514 1160 2583 petit
1189 2530 1248 2568 ea
1280 2529 1398 2583 qum
1429 2512 1572 2581 prius
1612 2513 1854 2580 petierat,
1883 2513 2021 2566 assi-

441 2607 544 2661 due
569 2621 758 2673 rogans
789 2615 841 2658 et
866 2606 1176 2675 supplicans
1199 2613 1255 2658 ut
1278 2605 1532 2658 liberetur
1555 2605 1621 2659 ab
1642 2604 1900 2673 improbis
1929 2606 2024 2657 ho-

441 2697 690 2762 minibus,
713 2696 789 2752 sic
817 2696 1000 2752 dicens
1023 2714 1036 2750 :
1060 2697 1142 2751 11.
1161 2695 1234 2749 De
1257 2697 1427 2766 gladio
1454 2696 1676 2766 maligno
1704 2697 1842 2767 eripe
1860 2711 1957 2760 me,
1977 2706 2022 2750 et

439 2804 556 2842 erue
583 2803 660 2841 me
686 2787 749 2842 de
768 2804 920 2841 manu
945 2789 1166 2856 ﬁliorum
1192 2788 1490 2853 alienarum,
1521 2804 1735 2857 quarunt
1762 2805 1817 2841 os
1840 2789 2020 2856 loquu-

439 2888 546 2933 tum
584 2890 656 2933 est
678 2881 965 2941 vanitatem,
994 2890 1040 2932 et
1066 2877 1268 2932 dextera
1294 2894 1467 2931 eorum
1490 2877 1694 2932 dextera
1720 2878 2017 2947 iniquitatis.

511 2972 766 3040 Prospera
809 2988 922 3042 qua:
958 2971 1233 3024 habeantur
1255 2971 1306 3024 in
1333 2971 1428 3023 hoc
1451 2969 1848 3024 mundun—12.
1885 2969 2021 3034 Quo-

436 3081 548 3119 rmn
564 3066 660 3132 ﬁlii
699 3068 825 3118 sicut
861 3065 1068 3119 novella:
1087 3065 1418 3130 plantationes
1438 3065 1489 3116 in
1514 3065 1761 3130 iuventute
1778 3081 1890 3117 sua.
1919 3063 2022 3119 De-

438 3158 580 3212 scrib
602 3167 621 3211 t
644 3157 728 3212 ltic
746 3159 1122 3227 prosperitates
1143 3156 1434 3210 mundanas
1451 3165 1503 3210 et
1522 3157 1730 3210 divitias
1757 3175 1770 3211 :
1801 3165 1854 3209 et
1875 3159 2021 3226 ponit

439 3251 490 3305 id
521 3251 658 3320 quod
689 3252 1046 3320 est-primum,
1080 3249 1275 3303 habere
1301 3250 1438 3302 filios
1475 3249 1742 3306 florentes.
1775 3259 1828 3303 et
1863 3248 2018 3316 juve-

439 3342 614 3396 niliter
637 3341 982 3402 exsultantes.
1005 3355 1204 3408 eosque
1234 3339 1507 3408 utriusque
1525 3354 1709 3394 sexus.
1735 3339 2021 3408 Suhjunxit

437 3451 602 3506 ergo:
638 3433 790 3488 Filia:
831 3451 1002 3488 eorum
1029 3435 1334 3503 compositae,
1367 3435 1752 3486 circumornataz
1779 3443 1832 3486 ut
1871 3433 2016 3486 simi-

437 3525 596 3579 litudo
626 3525 816 3596 templi.
845 3525 942 3580 Hic
967 3540 1070 3579 una
1099 3540 1219 3579 cum
1258 3525 1535 3593 juventute
1578 3525 1798 3578 multum
1837 3525 2016 3579 luxum

436 3617 687 3682 ostendit,
717 3618 872 3671 vittas
895 3632 1074 3671 earum
1097 3616 1456 3684 mundumque
1485 3618 1798 3672 muliebrem
1827 3618 2020 3673 deseri-

437 3712 531 3774 hit,
579 3727 697 3780 qua:
745 3710 960 3778 quidem
1011 3711 1252 3764 oriuntur
1299 3725 1365 3764 ex
1405 3725 1590 3780 magna
1646 3711 2015 3779 prosperitate.

440 3802 638 3856 Deinde
665 3801 804 3872 quod
844 3801 1051 3854 videtur
1083 3814 1204 3855 esse
1238 3800 1551 3866 secundum,
1582 3799 1808 3856 fortasse
1838 3811 2015 3856 autem

438 3910 575 3948 nunc
601 3902 684 3948 est
728 3893 976 3963 primum,
1024 3892 1232 3947 divitias
1273 3908 1458 3947 rursus
1496 3892 1748 3947 describit
1788 3892 2014 3948 dicens:

436 3987 526 4041 15.
555 3985 913 4054 Promptuaria
938 4001 1109 4038 eorum
1139 3985 1307 4053 plena,
1354 3985 1628 4037 eructantia
1656 4001 1718 4038 c1:
1743 3985 1838 4037 hoc
1875 3985 1928 4038 in
1951 3985 2018 4038 il-

436 4079 542 4132 lud.
579 4077 714 4143 Quid
758 4086 860 4140 est,
907 4076 1204 4130 Eructantia
1241 4092 1303 4130 ea:
1327 4076 1421 4129 hoc
1467 4077 1520 4129 in
1565 4076 1737 4130 illud?
1784 4077 2014 4147 Angusta

437 4168 815 4240 promptuaria,
843 4168 1030 4238 inquit,
1055 4182 1159 4221 non
1183 4177 1401 4236 possunt
1418 4181 1608 4236 capere
1631 4166 1864 4222 divitias.
1891 4165 2018 4221 Oves

435 4280 610 4318 eorum
639 4266 828 4332 fetostz,
856 4261 1165 4315 abundantes
1201 4261 1254 4314 in
1287 4259 1560 4332 egressibus
1591 4261 1715 4314 suis.
1744 4261 1830 4315 M.
1857 4258 2018 4314 Boves

431 4372 608 4410 eorum
636 4369 840 4408 crasstt’.
871 4353 993 4408 Haec
1023 4369 1232 4423 quoque
1260 4369 1362 4407 non
1395 4352 1669 4407 videbatur
1710 4368 1868 4422 parva
1896 4352 2016 4406 feli-

433 4447 588 4500 citas.
621 4445 775 4516 Apud
815 4446 1061 4514 antiquos
1091 4445 1234 4500 enim
1281 4446 1332 4498 in
1377 4443 1458 4498 his
1483 4445 1598 4498 sita:
1622 4454 1775 4498 erant
1797 4445 2013 4510 divitias,

434 4538 486 4593 in
518 4538 794 4602 armentis,
834 4536 1080 4607 gregibus
1119 4544 1173 4591 et
1213 4536 1526 4601 seminibus,
1572 4535 1878 4606 priusquam
1932 4537 2015 4590 in-

435 4637 589 4682 venta
609 4638 751 4683 esset
768 4626 1018 4681 hodierna
1044 4628 1229 4681 inertia
1256 4635 1310 4680 et
1337 4626 1603 4680 mollities.
1631 4624 1753 4679 Non
1777 4635 1850 4680 est
1869 4627 2016 4679 ruina

435 4721 682 4785 maceria,
715 4735 872 4789 neque
900 4719 1160 4773 transitus.
1209 4718 1317 4773 Hoc
1360 4727 1463 4783 est,
1507 4717 1564 4771 In
1605 4719 1748 4788 agris
1779 4716 2015 4772 colendis

434 4825 624 4880 magna
666 4809 947 4866 adhibetur
993 4824 1140 4875 cura,
1189 4807 1460 4879 diligentia
1505 4816 1560 4862 et
1604 4808 1860 4871 studium,
1891 4823 2010 4862 cmn

431 4902 635 4958 fructus
663 4901 949 4958 luxurient.
981 4915 1135 4969 sepes
1161 4910 1323 4956 stent.
1355 4901 1505 4955 vinea
1537 4901 1770 4970 undique
1810 4902 2012 4954 consita

431 4995 502 5049 sit
535 5003 589 5049 et
613 4992 833 5047 munita.
879 4990 1056 5063 Neque
1083 4993 1274 5046 clamor
1299 4995 1350 5044 iu
1391 4993 1572 5060 plateis
1609 5009 1800 5046 eorum.
1842 4993 2010 5056 Alius,

430 5087 502 5143 In
548 5088 691 5141 atriis
729 5102 921 5140 eorum.
966 5085 1122 5140 Aliud
1153 5100 1320 5154 genus
1365 5086 1748 5153 prosperitatis,
1788 5084 1881 5138 sed
1909 5101 2010 5138 non

431 5197 554 5238 cum
581 5180 998 5251 quibuscumque
1039 5179 1233 5231 divitiis
1273 5179 1585 5246 acquisitutu
1627 5195 1640 5230 :
1670 5193 1859 5246 nempe
1888 5193 2008 5245 pax,

432 5273 804 5345 tranquillitas,
832 5281 885 5326 et
913 5273 1200 5335 securitas;
1236 5269 1410 5323 nullus
1450 5270 1537 5340 qui
1583 5276 1732 5338 paret
1774 5268 2007 5330 insidias,

431 5367 610 5420 nullus
638 5365 728 5435 qui
755 5363 953 5418 bellum
975 5373 1144 5431 gerat,
1174 5362 1267 5416 sed
1299 5376 1396 5415 nec
1431 5361 1686 5414 tumultus
1721 5359 1879 5425 ullus,
1912 5375 2012 5414 nec

433 5457 783 5528 perturbatio.
825 5457 914 5511 15.
959 5453 1174 5510 Beatum
1213 5455 1449 5508 dixerunt
1497 5452 1759 5524 papulum,
1796 5453 1877 5506 cui
1905 5451 2011 5506 luac

429 5561 568 5606 sunt.
596 5547 790 5604 Beatus
816 5549 1056 5620 populus,
1078 5548 1223 5615 cuius
1247 5545 1494 5600 Dominus
1509 5545 1648 5600 Deus
1666 5546 1794 5616 ejus.
1818 5543 2010 5599 Vidisti

491 5648 573 5716 _({t)
602 5649 683 5698 Gr.
711 5649 1148 5716 ρῳματοφύλακες.
1175 5650 1258 5699 Sic
1277 5651 1324 5716 in
1347 5649 1749 5716 inscriptionibus
1773 5661 2009 5716 vocantur

435 5709 625 5777 mizites
667 5709 725 5758 ad
773 5709 1449 5777 Imperatorumgpraesidium
1499 5709 1769 5777 ideputatia
1798 5715 2009 5777 Neronis

441 5770 650 5840 Carsaris
673 5770 877 5840 corpore
897 5781 1072 5840 custos.
1116 5770 1308 5840 Claudii
1329 5773 1542 5840 _Ca:_saris
1567 5770 1776 5840 Augusti
1789 5775 2008 5839 corporis

436 5837 598 5900 custos
617 5867 639 5900 ,⁸
673 5835 912 5900 tl(_)_rente_
928 5835 1090 5900 adhuc
1141 5839 1279 5886 bonae
1325 5835 1603 5886 Latinitatis
1643 5835 1841 5890 stt-culo.
1875 5835 2008 5890 Vide

437 5894 681 5954 Autiquit.
709 5894 848 5945 Tom.
885 5897 933 5958 ὅ,
959 5911 1009 5958 p.
1037 5895 1108 5946 16.

1189 375 1246 432 S.
1285 375 1561 432 JOANNIS
1597 373 2069 432 CHRYSOSTOMI
2109 379 2425 437 ARCHIEP.
2466 381 2998 446 CONSTANTINOP.

3607 405 3708 461 Δι’ιά

2134 496 2231 549 viri
2277 499 2560 556 virtutem?
2605 503 2888 576 Postquam
2935 525 3123 567 omnes
3153 512 3366 572 divitias
3391 516 3628 582 adduxit.
3657 535 3709 576 et

2130 601 2220 640 eas
2250 591 2425 646 verbis
2469 607 2816 666 persequutus
2855 611 2957 666 est,
3003 613 3058 658 et
3102 604 3296 663 deinde
3337 611 3478 680 vulgi
3518 612 3586 668 de
3632 615 3707 669 eis

2128 683 2444 738 sententiam
2469 687 2662 755 attulit,
2692 705 2758 744 ex
2787 690 2868 746 his
2896 694 3028 749 nihil
3052 697 3101 750 ei
3128 696 3344 754 humani
3365 703 3573 769 accidit,
3608 722 3708 761 nec

2128 785 2222 823 eos
2257 789 2373 826 esse
2406 777 2588 833 beatos
2613 781 2882 838 existimat
2925 787 3010 854 qui
3043 787 3156 843 haec
3185 792 3478 861 possident,
3505 796 3596 848 sed
3625 796 3707 853 his

2129 866 2375 921 omnibus
2428 875 2831 942 prtetermissis,
2879 877 2948 932 ad
2990 896 3174 935 verum
3218 882 3521 940 thesaurum
3561 903 3707 942 suam

2129 959 2366 1012 extendit
2392 959 2790 1019 beatitudinem.
2840 968 2963 1033 Alii,
3016 970 3200 1041 inquit,
3233 989 3325 1028 eos
3351 977 3439 1044 qui
3471 977 3583 1032 haec
3613 973 3704 1032 1ιέ-

2130 1047 2254 1102 hent
2273 1090 2288 1114 ,
2317 1051 2500 1106 beatos
2527 1070 2646 1111 esse
2671 1058 2918 1115 dixerunt
2953 1080 2966 1114 :
3008 1079 3106 1132 ego
3142 1075 3316 1120 autem
3349 1067 3559 1124 beatum
3590 1072 3705 1125 exi-

2127 1141 2285 1194 stimo
2301 1146 2571 1214 pOpqum,
2600 1149 2758 1218 Cujus
2778 1161 2850 1204 est
2875 1151 3120 1208 Dominus
3143 1155 3277 1212 Deus
3297 1159 3405 1228 ejus
3430 1175 3449 1213 :
3479 1163 3579 1216 hoc
3602 1179 3704 1216 uno

2129 1233 2412 1288 ostendens
2431 1250 2641 1292 omnem
2672 1240 2990 1308 felicitatem,
3018 1261 3203 1301 omnes
3225 1248 3482 1305 bonorum
3504 1254 3701 1324 copias,

2128 1338 2314 1377 omnes
2351 1342 2498 1393 opes.
2548 1329 2638 1384 Illa
2664 1333 2806 1386 enim
2845 1337 3207 1401 prmterlluunt
3255 1350 3308 1394 et
3365 1351 3700 1410 prmlereunt,

2129 1412 2241 1468 lure
2265 1431 2391 1470 vero
2421 1417 2688 1474 beatitudo
2719 1435 2897 1479 manet
2923 1437 3193 1497 perpetuo,
3224 1447 3344 1485 cum
3379 1448 3472 1502 pro
3496 1435 3702 1502 ovibus,

2128 1503 2266 1570 filiis,
2299 1507 2488 1576 hohus,
2507 1512 2818 1581 sepimento,
2849 1525 2902 1571 et
2926 1517 3098 1584 vinea,
3125 1520 3217 1575 Dei
3240 1522 3508 1579 beatitudo
3533 1524 3701 1581 futura

2127 1595 2196 1648 sit
2234 1596 2448 1664 divitim,
2480 1605 2757 1670 securitas,
2802 1620 2852 1660 et
2885 1624 3070 1664 murus
3100 1613 3540 1684 inexpugnabilis.
3572 1618 3703 1673 (him

2128 1700 2188 1738 ea
2219 1702 2344 1757 ergo
2371 1690 2563 1746 auditis
2585 1733 2600 1759 ,
2646 1695 2790 1778 nullo
2817 1713 2999 1754 eorum
3030 1703 3426 1771 perturbemini.
3473 1708 3566 1762 sed
3593 1725 3708 1762 um-

2128 1781 2252 1838 bras
2282 1797 2771 1859 praetercurrentes,
2817 1795 3091 1850 veritatem
3121 1799 3522 1866 apprehendite.
3553 1802 3706 1859 Prius

2126 1877 2267 1932 enim
2295 1878 2427 1934 dixit
2474 1880 2741 1939 hominem
2789 1887 3015 1944 similem
3053 1905 3172 1946 esse
3218 1894 3451 1960 vanitati,
3498 1906 3552 1952 et
3593 1899 3707 1953 dies

2127 1971 2241 2040 ejus
2266 1981 2531 2044 tamquam
2560 1979 2799 2034 umbram
2829 1984 3120 2050 praeterire.
3148 1985 3202 2040 Si
3241 1986 3434 2042 videris
3463 2004 3589 2059 ergo
3610 1991 3706 2044 ali-

2126 2079 2260 2132 quos
2287 2065 2370 2120 his
2395 2069 2640 2124 omnibus
2671 2071 2971 2140 afﬂuentes,
3001 2076 3050 2130 in
3090 2077 3294 2134 scelere
3322 2080 3478 2135 vitam
3505 2098 3661 2152 agere
3689 2102 3702 2137 :

2125 2155 2333 2210 etiamsi
2360 2158 2636 2215 universus
2663 2169 2922 2218 terrarum
2959 2167 3104 2222 orbis
3143 2184 3238 2225 eos
3280 2170 3463 2227 beatos
3484 2173 3703 2242 judicet,

2130 2255 2182 2299 tu
2209 2263 2301 2301 eos
2326 2265 2444 2304 esse
2467 2251 2701 2308 infelices
2731 2264 2784 2308 et
2827 2258 3050 2313 miseros
3075 2261 3313 2316 existima
3344 2280 3357 2315 :
3397 2280 3489 2319 eos
3528 2275 3704 2320 autem

2125 2337 2211 2405 qui
2240 2353 2297 2391 se
2338 2339 2447 2395 Deo
2485 2342 2814 2410 dedicarunt,
2855 2347 3030 2403 felices
3065 2363 3117 2405 et
3160 2352 3343 2408 beatos
3363 2367 3569 2424 reputa.
3597 2358 3706 2413 Nos

2129 2442 2256 2481 vero
2282 2445 2466 2485 omnes
2508 2448 2602 2487 eas
2639 2449 2850 2507 semper
2896 2438 3106 2495 divitias
3133 2457 3450 2511 qumramus,
3488 2456 3544 2501 et
3572 2448 3707 2502 hanc

2129 2520 2502 2579 beatitudinem
2529 2543 2542 2579 :
2572 2537 2628 2580 ut
2655 2537 2709 2582 et
2737 2531 3015 2598 prsesentia
3048 2533 3185 2590 bona
3227 2546 3280 2591 et
3324 2539 3491 2592 futura
3519 2555 3707 2594 conse-

2125 2627 2369 2682 quamur,
2418 2619 2686 2686 gratiaoet
2731 2623 3092 2678 misericordia
3135 2627 3346 2683 Domini
3383 2632 3546 2685 nostri
3577 2631 3705 2687 Jesu

2123 2704 2340 2773 Christi,
2371 2709 2453 2762 cui
2483 2709 2648 2777 gloria
2669 2720 2721 2766 et
2749 2713 3046 2783 imperium,
3070 2718 3121 2770 in
3145 2721 3335 2774 sazcula
3361 2722 3703 2778 szeculorum.

2125 2799 2315 2855 Amen.

2573 2919 2638 2974 IN
2670 2919 2987 2978 PSALMUM
3015 2923 3240 2979 CXLIV.

2124 3025 2177 3078 1.
2207 3025 2454 3080 Εεαέιαὺο
2477 3036 2542 3096 te,
2563 3027 2697 3083 Deus
2725 3047 2879 3096 meus,
2908 3031 3020 3086 Rea:
3039 3051 3207 3088 meus:
3229 3045 3275 3088 et
3302 3036 3587 3092 benedicam
3607 3056 3706 3093 no-

2287 3119 2415 3170 mini
2442 3120 2599 3172 tuoin
2623 3122 2885 3188 siccatum,
2917 3132 2962 3176 et
2987 3124 3040 3177 in
3061 3126 3299 3179 saeculum
3327 3129 3520 3183 saeculi.

2197 3232 2247 3284 1.
2280 3230 2491 3285 Carnem
2529 3243 2573 3286 et
2600 3236 2892 3306 sanguinem
2935 3236 3120 3291 Christi
3155 3239 3365 3293 edimus.
3414 3239 3702 3298 Benedictio

2123 3339 2212 3393 per
2234 3340 2310 3376 res
2330 3325 2486 3394 ipsas.
2518 3324 2686 3380 Homo
2713 3343 2802 3380 cur
2827 3328 3011 3396 factus.
3044 3328 3142 3383 Dei
3165 3331 3217 3384 in
3244 3347 3333 3384 nos
3354 3332 3608 3398 beneﬁcia.
3630 3364 3702 3375 —

2124 3414 2220 3468 llic
2248 3413 2488 3470 Psaltnus
2521 3417 2800 3485 diligenter
2836 3420 3188 3475 attendendus
3215 3433 3314 3478 est.
3349 3424 3442 3478 Hic
3465 3426 3604 3478 enim
3636 3425 3699 3479 iis

2122 3516 2328 3560 constat
2358 3508 2551 3574 verbis,
2577 3525 2693 3579 qua:
2717 3511 2804 3580 qui
2834 3523 2957 3565 sunt
2987 3516 3249 3584 mysteriis
3271 3518 3462 3571 nostris
3490 3519 3695 3581 initiati,

2122 3599 2331 3650 assidue
2360 3600 2634 3654 succinum
2675 3601 2910 3656 dicentes
2942 3621 2955 3657 :
2992 3603 3140 3658 Oculi
3165 3607 3382 3660 omnium
3408 3609 3461 3662 iu
3509 3619 3557 3664 te
3580 3627 3695 3674 spe-

2121 3697 2256 3753 rant,
2285 3697 2329 3740 et
2357 3699 2410 3740 tu
2447 3689 2539 3744 das
2564 3691 2728 3744 cibunt
2765 3708 2935 3745 eorum
2964 3694 3017 3747 in
3043 3705 3261 3764 tempore
3289 3708 3571 3766 Opportuna
3614 3700 3694 3767 (η)

2123 3778 2192 3851 (υ.
2228 3778 2338 3850 15).
2364 3779 2462 3846 Qui
2491 3782 2628 3836 enim
2657 3781 2791 3836 illius
2820 3781 2990 3838 factus
3019 3795 3118 3851 est,
3149 3795 3204 3840 et
3231 3802 3410 3840 mensa
3438 3789 3694 3857 spirituali

2121 3871 2333 3934 fruitur,
2355 3873 2510 3943 digne
2537 3885 2733 3942 patrem
2765 3875 2930 3945 gloria
2952 3875 3203 3932 alfecerit.
3223 3877 3386 3932 Filius
3417 3879 3579 3942 enim,
3600 3880 3690 3944 ait,

2122 3965 2372 4035 glori/ica:
2417 3975 2646 4035 patrem,
2700 3977 2746 4020 et
2796 3985 2964 4021 servus
3018 3969 3274 4024 dominum
3317 3988 3462 4025 suum
3513 3973 3696 4026 timebit

2124 4056 2375 4122 (Malach.
2407 4057 2458 4110 1.
2490 4054 2564 4126 6).
2598 4055 2786 4112 Factus
2827 4073 2887 4112 es
2925 4058 3082 4126 filius,
3120 4069 3173 4114 et
3215 4077 3396 4116 mensa
3437 4063 3694 4133 spirituali

2123 4147 2335 4210 frueris,
2366 4148 2652 4202 comedens
2676 4164 2888 4204 carnem
2925 4159 2979 4204 et
3016 4154 3323 4222 sanguinem
3367 4153 3499 4221 ejus,
3529 4156 3616 4225 qui
3645 4165 3694 4210 te

2120 4239 2463 4307 regeneravit
2487 4256 2500 4294 :
2527 4240 2667 4295 refer
2689 4243 2862 4312 itaque
2884 4245 3102 4312 gratiam
3128 4259 3223 4313 pro
3245 4255 3389 4300 tanto
3415 4247 3690 4314 beneficio,

2121 4339 2176 4385 et
2202 4346 2321 4385 eum
2347 4331 2438 4400 qui
2477 4331 2591 4387 haec
2618 4333 2862 4402 prmbuit,
2889 4334 3054 4401 gloria
3076 4343 3131 4390 et
3153 4336 3355 4392 honore
3383 4337 3552 4402 allice,
3577 4354 3692 4392 ver-

2122 4421 2291 4491 baque
2331 4421 2509 4485 legens
2528 4437 2787 4491 compone
2815 4433 3043 4480 mentem
3084 4427 3150 4480 ad
3179 4443 3241 4481 ea
3268 4444 3384 4497 qua:
3406 4429 3650 4483 dicuntur
3673 4447 3690 4485 :

2119 4521 2173 4567 et
2222 4528 2342 4566 cum
2387 4513 2538 4580 dicis,
2588 4513 2834 4569 Exaltabo
2877 4526 2941 4580 te,
2998 4515 3136 4572 Deus
3186 4537 3348 4587 meus,
3394 4520 3504 4575 Rea:
3532 4539 3688 4584 meus,

2119 4606 2339 4660 Ostende
2371 4621 2610 4677 magnam
2645 4607 3050 4664 familiaritatem
3080 4621 3132 4664 et
3158 4611 3603 4682 conjunctionem,
3640 4625 3694 4668 ut

2119 4699 2186 4754 de
2214 4710 2263 4754 te
2292 4701 2448 4754 etiam
2493 4701 2632 4755 dicat
2673 4701 2831 4768 Deus,
2875 4704 3013 4757 sicut
3039 4713 3090 4759 et
3116 4703 3182 4759 de
3208 4705 3496 4770 Abraham,
3527 4705 3692 4770 Isaac,

2119 4801 2166 4845 et
2210 4793 2392 4856 Jacob,
2447 4791 2559 4862 Ego
2598 4809 2709 4845 sum
2750 4793 2885 4847 Deus
2927 4795 3199 4862 Abraham,
3252 4795 3391 4851 Deus
3439 4796 3607 4861 Isaac,
3653 4809 3694 4849 et

2125 4884 2258 4938 Deus
2299 4883 2459 4938 ,ιασοὸ
2486 4883 2678 4954 (Exod.
2723 4885 2777 4940 5.
2808 4885 2886 4953 6).
2919 4885 2975 4940 Si
3005 4886 3150 4942 dicas
3177 4888 3338 4951 enim,
3373 4886 3511 4941 Deus
3531 4904 3692 4951 meus,

2119 4989 2163 5032 et
2189 4979 2302 5031 Rea:
2327 4995 2481 5044 meus,
2513 4993 2612 5033 nec
2649 4994 2779 5034 voce
2811 4979 2957 5034 dicas
2986 4987 3210 5044 tantum,
3249 4979 3344 5035 sed
3375 4980 3511 5035 hanc
3533 4982 3691 5035 etiam

2117 5070 2367 5124 ostendas
2407 5069 2712 5135 caritatem,
2762 5070 2872 5140 ipse
2915 5085 3122 5139 quoque
3168 5070 3282 5125 haec
3319 5071 3387 5125 de
3434 5081 3486 5126 te
3527 5072 3690 5132 dicet,

2119 5163 2316 5215 Servus
2351 5175 2500 5215 meus
2536 5170 2591 5214 et
2617 5161 2843 5216 famulus
2876 5176 3024 5215 meus
3051 5179 3064 5212 :
3093 5157 3231 5229 quod
3257 5162 3413 5216 etiam
3443 5161 3509 5217 de
3548 5162 3691 5216 Mosa

2118 5252 2310 5306 dictum
2339 5260 2440 5306 est.
2478 5251 2541 5304 Et
2567 5251 2850 5305 bcnedicam
2870 5253 3061 5306 nomini
3091 5261 3178 5305 tuo
3206 5253 3258 5306 in
3279 5252 3541 5316 saeculum,
3569 5263 3615 5307 et
3638 5255 3689 5308 in

2116 5341 2357 5396 tta-culum
2382 5344 2572 5399 saeculi.
2601 5343 2785 5398 Vidisti
2807 5344 3073 5412 quomodo
3101 5343 3334 5398 ostendit
3357 5345 3474 5398 vitae
3504 5345 3688 5399 futurae

2119 5434 2427 5504 prommia?
2472 5434 2897 5490 Benedictioneni
2947 5444 3125 5489 autem
3165 5435 3252 5489 hic
3287 5435 3538 5501 ostendit,
3584 5451 3686 5489 non

2116 5541 2235 5595 quae
2267 5526 2325 5580 fit
2352 5541 2445 5596 per
2470 5525 2649 5592 verba,
2682 5524 2779 5580 sed
2811 5539 2930 5595 qua:
2981 5541 3078 5596 per
3115 5541 3200 5581 res
3245 5527 3404 5596 ipsas.
3448 5525 3525 5581 Ita
3564 5539 3688 5595 ergo

2179 5640 2258 5708 la).
2297 5636 2778 5708 Gr..bnoq;ail_louct.
2829 5633 2955 5708 Hinc
2983 5635 3239 5708 discimus
3262 5637 3411 5708 “hunc
3464 5650 3680 5706 versum,

2118 5697 2258 5749 Oculi
2278 5700 2490 5751 omnium
2529 5697 2579 5750 in
2614 5702 2683 5768 te‘
2699 5705 2912 5768 sperant,
2947 5705 2992 5750 et
3014 5705 3065 5746 tu
3102 5697 3191 5748 das
3227 5697 3384 5768 cibum
3426 5712 3592 5768 eorum
3630 5698 3686 5746 in.

2121 5767 2328 5823 tempore
2352 5769 2636 5823 opportuno,
2661 5759 2814 5810 fuisse
2835 5773 3144 5823 responsum,
3165 5761 3294 5822 quod
3317 5761 3681 5823 succinebatur.

2117 5820 2323 5935 dtllilgllli‘l
2359 5820 2568 5934 veLalio
2605 5829 2861 5886 prteeunte
2885 5838 2897 5883 ;
2922 5820 3032 5886 ~qua
3057 5824 3119 5872 de
3147 5820 3202 5873 re
3239 5836 3386 5886 supra
3421 5820 3471 5871 in
3501 5823 3666 5872 Monit.

2117 5901 2141 5935 a
2238 5900 2290 5935 sa
2312 5900 2375 5935 m.
2471 5920 2485 5935 .

2115 5900 2174 5935 au
2199 5900 2375 5935 l’Sﬂlm.
2411 5900 2485 5936 εΗ.
