4070 6340
423 363 530 420 465

423 477 514 541 εἰς
543 473 651 528 τόν
694 469 915 536 αἰῶνα,
961 470 1060 524 καὶ
1103 471 1191 537 εἰς
1231 469 1341 524 τὸν
1375 469 1560 525 αἰῶνα
1599 468 1714 524 τοῦ
1761 467 1999 533 αἰῶνος.

427 561 697 627 Ἕτερος,
728 558 832 622 Εἰς
889 554 1075 609 αἰῶνα
1121 553 1413 624 διηνεκῶς
1441 567 1491 609 ι.
1547 553 1717 608 Τοῦτο
1773 552 2005 624 μάλιστα

422 642 602 712 ψυχῆς
649 636 910 702 εὐλαϐοῦς
933 676 949 702 ,
996 638 1057 692 τὸ
1107 636 1215 691 τῶν
1275 637 1544 708 βιωτικῶν
1598 637 2005 705 ἀπαλλαγεῖσαν

425 724 766 796 πραγμάτων
791 725 902 786 τοῖς
925 721 1112 790 ὐμνοις
1132 721 1468 775 ἀνακεῖσθαι.
1502 721 1612 775 Καὶ
1642 720 1752 792 γὰρ
1779 719 2005 790 αἰσχρὸν

429 811 494 863 ἂν
510 811 592 879 εἴη
609 809 700 861 τὸν
722 807 938 875 λογικὸν
964 805 1268 876 ἄνθρωπον,
1293 806 1503 858 καὶτῶν
1523 806 1814 875 ὁρωμένων
1835 806 2007 859 ἀπάν-

426 911 534 946 των
565 891 908 962 τιμιώτερον.
954 888 1173 942 ἔλαττον
1224 889 1322 959 τῆς
1363 889 1593 951 κτίσεως
1635 889 1818 958 φέρειν
1864 887 2005 942 κατὰ

429 977 518 1028 τὸν
545 979 641 1046 τῆς
667 972 940 1042 εὐφημίας
968 972 1126 1040 λόγον
1145 988 1159 1001 ο
1191 973 1290 1024 οὐκ
1317 971 1541 1044 αἰσχρὸν
1567 971 1624 1026 δὲ
1659 971 1838 1042 μόνον,
1871 970 2008 1024 ἀλλά

429 1062 521 1113 καὶ
560 1060 778 1112 ἄτοπον.
806 1057 928 1118 Πῶς
954 1056 1008 1108 δὲ
1041 1057 1140 1108 οὐκ
1173 1056 1392 1117 ἄτοπον,
1421 1056 1474 1108 εί
1500 1073 1562 1124 γε
1594 1055 1732 1125 αὐτὴ
1761 1055 1858 1125 μὲν
1883 1055 2006 1108 καθ’

429 1145 666 1214 ἑκάστην
707 1143 918 1212 ἡμέραν
947 1141 1041 1194 καὶ
1090 1139 1240 1210 ῶραν
1279 1140 1591 1210 ἀναπέμπει
1636 1139 1716 1210 τῷ
1763 1129 2006 1211 Δεσπότῃ

429 1227 769 1293 δοξολογέαν;
805 1228 868 1277 Ol
899 1224 1007 1294 γάρ
1036 1223 1302 1292 οὐρανοὶ,
1342 1225 1494 1295 φησὶ,
1531 1222 1876 1292 διηγοῦνται
1913 1222 2009 1277 δό-

431 1309 546 1374 ξαν
574 1310 741 1369 Θεοῦ,
777 1307 1025 1371 ποίησιν
1071 1306 1138 1359 δὲ
1167 1305 1380 1375 χειρῶν
1425 1305 1614 1361 αὑτοῦ
1653 1305 2009 1376 ἀναγγέλλει

431 1396 494 1448 τὸ
535 1392 855 1460 στερέωμα.
898 1390 1106 1460 Ἡμέρα
1143 1391 1218 1458 τῇ
1253 1391 1443 1462 ἡμέρα
1493 1393 1794 1461 ἐρεύγεται
1822 1390 2006 1460 ῥῆμα,

432 1479 525 1531 καί
563 1477 678 1541 νὺξ
709 1475 882 1529 νυκτί
927 1475 1286 1544 ἀναγγέλλει
1317 1476 1566 1545 γνῶσιν.
1611 1475 1799 1538 Ἢλιός
1829 1491 1886 1527 τε
1917 1475 2012 1527 καὶ

433 1563 652 1632 σελήνη,
707 1561 802 1612 καὶ
830 1561 858 1612 6
885 1559 1130 1622 ποικίλος
1167 1559 1277 1613 τῶν
1322 1560 1538 1631 ἄστρων
1569 1560 1748 1630 χορὸς,
1784 1561 1876 1612 καὶ
1901 1557 2011 1612 τῶν

430 1643 602 1698 ἄλλων
631 1643 886 1696 ἁπάντων
931 1643 964 1710 ἡ
996 1641 1216 1706 εὐταξία
1245 1642 1338 1695 τὸν
1381 1644 1579 1696 οἰκεῖον
1619 1640 1877 1712 κηρύττει
1917 1641 2012 1712 δη-

434 1727 714 1799 μιουργόν.
739 1727 796 1779 ὐ
812 1725 989 1779 τοίνυν
1005 1726 1260 1780 ἀπάντων
1289 1724 1493 1778 τούτων
1511 1723 1852 1794 τιμιώτερος,
1883 1725 1957 1794 μὴ
1981 1725 2008 1764 ιτ

431 1810 600 1862 ποιῶν
617 1809 794 1870 τοῦτο,
817 1808 950 1862 ἀλλά
969 1808 1061 1861 καὶ
1098 1808 1208 1877 βίον
1237 1808 1490 1878 παρέχων
1519 1807 1585 1860 δι’
1613 1807 1672 1860 δν
1696 1807 2010 1879 βλασφημία

431 1891 816 1964 προστρίϐεται
849 1890 928 1960 τῷ
969 1892 1256 1962 ποιήσαντι
1289 1890 1450 1944 αὐτὸν
1502 1888 1640 1960 Θεῷ,
1690 1891 1848 1954 ποίας
1902 1892 2008 1962 ἀρα

431 1975 582 2029 ἔσται
602 1973 932 2044 συγγνώμης
955 1971 1100 2038 ἄξιος
1122 1975 1150 2027 6
1171 1972 1410 2036 τοιοῦτος
1427 1972 1601 2040 ςτίνος
1618 1972 1673 2026 δὲ
1692 1972 2006 2041 ἀπολογίας,

429 2060 558 2112 ὅταν
585 2059 671 2112 διά
696 2058 853 2111 τοῦτο
885 2057 1192 2126 γενόμενος,
1225 2057 1313 2111 ἵνα
1343 2057 1515 2128 ἀρέσῃ
1538 2054 1616 2126 τῷ
1645 2055 2009 2129 φιλανθρώπῳ

430 2140 571 2211 Θεῷ,
623 2141 718 2194 καί.
763 2141 862 2210 τῆς
911 2140 1188 2209 βασιλείας
1218 2138 1501 2210 ἀπολαύσῃ
1547 2137 1657 2190 τῶν
1690 2139 2006 2208 μελλόντων,

430 2224 620 2277 τούτου
647 2224 744 2293 μὲν
763 2225 837 2295 μὴ
852 2223 1018 2276 πολὺν
1040 2223 1258 2293 ποιῆται
1278 2221 1368 2274 τὸν
1395 2221 1574 2289 λόγον,
1608 2221 2009 2292 πραγματείας

432 2307 490 2360 δὲ
525 2307 804 2376 βιωτικαῖς
831 2307 926 2360 καὶ
968 2307 1258 2377 μερίμναις
1297 2305 1488 2358 ἑαυτὸν
1537 2307 1828 2375 κοσμικαῖς
1852 2321 2010 2378 περι-

434 2391 637 2462 σάλλῃς
683 2389 823 2443 Ἀλλ’
855 2390 954 2461 οὐχ
976 2401 999 2428 ο
1029 2384 1184 2453 οὗτος
1226 2387 1488 2452 τοιοῦτος,
1519 2387 1662 2442 ἀλλά
1685 2388 1774 2442 διὰ
1811 2387 2011 2452 παντὸς

430 2474 526 2530 τοῦ
561 2475 675 2545 βίου
703 2471 848 2527 αἶνον
895 2472 1126 2543 ἀνέφερε
1175 2473 1252 2542 τῷ
1282 2471 1423 2542 Θεῷ,
1457 2471 1551 2525 τὸν
1587 2471 1676 2524 διά
1698 2470 1806 2524 τῶν
1829 2471 2007 2544 ῥημά-

431 2577 562 2624 των,
594 2558 685 2611 τδν
716 2556 806 2610 διὰ
826 2555 935 2610 τῶν
964 2553 1326 2626 πραγμάτων.
1344 2555 1453 2607 Καὶ
1468 2553 1577 2625 γάρ
1609 2553 1818 2608 πολλῶν
1844 2556 2010 2626 ἐσμεν

435 2641 710 2711 ὀφειλέται
743 2639 912 2710 αὐτῷ,
945 2640 1027 2692 ὅτι
1061 2655 1121 2692 τε
1158 2639 1258 2691 οὐκ
1283 2637 1441 2700 δντας
1482 2637 1756 2705 ἐποίησεν,
1803 2637 1898 2690 καὶ
1929 2638 2010 2690 ὅτι

433 2725 704 2788 τοιούτους
731 2723 1025 2793 εἰργάσατο
1045 2763 1062 2787 ,
1111 2723 1193 2774 ὄτι
1225 2721 1548 2792 γενομένους
1581 2720 1885 2792 διακρατεῖ,
1919 2723 2012 2776 καὶ

431 2810 513 2862 ὅτι
542 2808 662 2862 καθ’
696 2808 930 2878 ἑκάστην
962 2808 1181 2877 προνοεῖ
1209 2804 1304 2875 τὴν
1352 2805 1565 2874 ἡμέραν
1597 2805 1690 2857 καὶ
1723 2807 1874 2876 κοινῇ
1917 2805 2011 2858 κα)⁸

437 2891 561 2964 ἰδία,
593 2892 686 2944 καὶ
713 2889 887 2962 λάθρᾳ
916 2891 1009 2942 καὶ
1054 2887 1301 2959 φανερῶς
1342 2884 1517 2957 [468],
1550 2887 1644 2939 καὶ
1673 2885 1890 2940 εἰδότων
1916 2887 2012 2940 καὶ

430 2978 532 3030 οὐκ
577 2975 816 3028 εἰδότων.
849 2973 913 3025 Τί
948 2972 1055 3042 γὰρ
1083 2972 1147 3025 άν
1193 2987 1275 3034 τις
1305 2971 1448 3022 εἴποι
1483 2969 1552 3022 τά
1576 2967 1844 3039 ὁρώμενα,
1879 2967 1916 3023 ἀ
1943 2969 2009 3022 δι’

431 3060 580 3128 ἡμᾶς
625 3057 882 3126 ὲποίησε;
924 3055 1024 3124 τὴν
1057 3053 1330 3107 διακονίαν
1363 3051 1560 3116 αὐτῶν,
1591 3053 1657 3122 ἡν
1692 3051 2008 3123 παρέχεται,

431 3137 525 3191 τοῦ
546 3135 794 3204 σώματος
810 3136 908 3204 τὴν
933 3133 1242 3195 διάπλασιν,
1261 3133 1360 3202 τῆς
1378 3131 1556 3202 ψυχῆς
1583 3134 1683 3203 τὴν
1710 3131 2008 3200 εὐγένειαν,

432 3217 531 3286 τὴν
577 3214 698 3268 καθ’
733 3214 969 3283 ἑκάστην
1029 3213 1242 3284 ἡμέραν
1279 3213 1609 3281 οἰκονομίαν,
1642 3210 1738 3281 τὴν
1768 3211 1856 3264 διὰ
1903 3211 2012 3265 τῶν

433 3298 746 3369 θαυμάτων,
774 3297 870 3366 τὴν
891 3297 978 3350 διὰ
992 3295 1102 3348 τῶν
1120 3295 1320 3366 νόμων,
1336 3296 1434 3364 τὴν
1461 3293 1548 3347 διὰ
1573 3294 1681 3346 τῶν
1706 3295 2007 3366 τιμωριῶν,

431 3384 531 3453 τὴν
569 3379 818 3448 ποικίλην
853 3378 1016 3433 αὐτοῦ
1070 3378 1325 3448 πρόνοιαν
1371 3378 1467 3430 καὶ
1507 3377 1912 3447 ἀκατάληπτον,
1951 3379 2012 3433 τὸ

433 3467 725 3535 κεφάλαιον
768 3461 875 3516 τῶν
927 3461 1167 3530 ἀγαθῶν,
1215 3464 1297 3514 ὅτι
1348 3461 1470 3514 οὐδὲ
1516 3460 1612 3513 τοῦ
1675 3461 2013 3529 Μονογενοῦς

434 3549 686 3618 ἐφείσατο
707 3547 773 3598 δι’
805 3547 972 3616 ἡμᾶς,
999 3544 1067 3597 τά
1093 3543 1312 3596 δοθέντα
1335 3543 1435 3614 ἠδη
1469 3543 1556 3596 διὰ
1581 3543 1674 3596 τοῦ
1699 3544 2000 3617 βαπτίσμα-

433 3650 544 3695 τος,
566 3630 654 3684 διέι
679 3629 784 3683 τῶν
812 3627 1145 3700 μυστηρίων,
1175 3628 1245 3680 τά
1291 3627 1550 3697 μέλλοντα
1575 3627 1916 3699 δοθήσεσθαι,
1944 3629 2012 3683 τὰ

433 3715 722 3785 ἀπόρρητα
752 3711 931 3780 ἀγαθά
957 3712 1162 3775 ἐκεῖνα,
1191 3711 1289 3781 τὴν
1315 3710 1610 3780 βασιλείαν,
1646 3713 1745 3781 τὴν
1778 3713 2009 3766 ἀνάστα-

433 3815 540 3863 σιν,
573 3797 670 3866 τὴν
701 3795 854 3866 λῆξιν
896 3794 994 3866 τὴν
1042 3796 1221 3864 πάσης
1254 3795 1654 3866 μακαριότητος
1685 3795 1960 3866 γέμουσαν
1993 3813 2007 3859 ;

436 3883 534 3936 ’Ἂν
563 3881 670 3952 γὰρ
703 3879 930 3933 ἕκαστόν
976 3897 1061 3942 τις
1089 3880 1293 3933 τούτων
1326 3879 1619 3951 καταλέγῃ,
1652 3881 1731 3942 εἰς
1779 3880 2012 3947 πέλαγος

434 3968 639 4036 ἄφατον
683 3963 1050 4035 ὲμπεσεῖταιά
1088 3964 1436 4034 εὐεργεσιῶν,
1479 3965 1573 4016 καί.
1616 3963 1805 4032 ὄψεται
1831 3963 2011 4016 πόσων

436 4050 582 4104 ἐστὶν
617 4048 918 4112 ὑπεύθυνος
937 4047 1016 4118 τῷ
1053 4047 1420 4119 φιλανθρώπῳ
1449 4047 1568 4117 Θεῷ
1593 4065 1606 4076 ο
1634 4048 1694 4100 οὐ
1722 4047 1810 4100 διὰ
1841 4046 2012 4100 ταῦτα

433 4135 488 4188 δὲ
517 4133 694 4203 μόνον,
729 4131 866 4185 ἀλλά
886 4133 981 4185 καὶ
999 4131 1085 4184 διὰ
1113 4131 1174 4184 τὸ
1211 4131 1496 4202 μεγαλεῖον
1523 4130 1622 4199 τῆς
1643 4131 1800 4200 δόξης
1825 4129 2010 4194 αὐτοῦ,

432 4218 520 4270 διὰ
542 4216 639 4286 τὴν
669 4217 947 4288 ἀκήρατον
991 4215 1197 4267 οὐσίαν.
1245 4214 1355 4266 Kal.
1400 4214 1509 4286 γὰρ
1549 4213 1642 4266 καὶ
1685 4212 1773 4266 διὰ
1808 4212 2012 4282 ταύτην

432 4300 705 4369 ὀφείλεται
748 4297 896 4368 αὐτῷ
943 4299 1070 4368 παρ’
1107 4296 1264 4367 ἡμῶν
1297 4294 1466 4362 αἶνος,
1514 4299 1608 4350 καὶ
1643 4295 1882 4365 εὐλογία,
1916 4296 2011 4349 καὶ

432 4381 684 4454 διηνεκὴς
718 4381 1059 4451 εὐχαριστία,
1091 4382 1186 4432 καὶ
1212 4379 1454 4452 λατρεία,
1487 4379 1580 4432 καὶ
1606 4378 1847 4432 διακονία
1881 4395 2009 4431 συν-

432 4467 581 4536 εχὴς.
607 4463 777 4516 Τοῦτο
804 4462 934 4531 γοῦν
961 4464 1092 4517 αὐτὸ
1123 4463 1300 4533 δηλῶν
1322 4464 1415 4518 καὶ
1444 4466 1471 4517 6
1493 4463 1796 4534 προφήτης,
1813 4463 2012 4531 Μέγας

436 4549 668 4615 Κύριος,
708 4547 864 4616 φησὶ,
902 4547 999 4600 καὶ
1029 4549 1262 4613 αἰνετός
1284 4547 1540 4617 σφόδρα,
1561 4546 1657 4600 καί
1684 4544 1795 4614 τῆς
1827 4562 2011 4616 μεγα-

433 4631 713 4697 λωσύνης
731 4628 918 4683 αὐτοῦ
938 4632 1048 4683 οὐκ
1065 4629 1195 4683 ἐστι
1212 4629 1419 4698 πέρας.
1459 4628 1674 4700 Ἐπειδὴ
1703 4629 1810 4700 γὰρ
1831 4624 2008 4693 εἶπεν,

433 4711 767 4782 Εὑλογήσω
793 4711 890 4766 καὶ
916 4712 1158 4775 αἰνέσω,
1185 4711 1453 4766 δείκνυσιν
1482 4712 1561 4765 ὅτι
1590 4711 1651 4765 οὐ
1676 4713 1864 4784 χρείαν
1898 4713 2011 4784 ἔχει

431 4797 540 4848 τῶν
569 4796 698 4865 παρ’
722 4796 879 4866 ἡμῶν
901 4795 1087 4857 αῐνων,
1111 4795 1232 4848 οὐδὲ
1259 4794 1367 4847 τῶν
1390 4795 1670 4862 εὐλογιῶν,
1695 4795 1814 4850 οὐδὲ
1840 4813 2009 4867 προσ-

437 4880 642 4936 τίθεται
694 4879 860 4933 αὐτοῦ
882 4895 935 4933 τι
967 4883 1032 4950 τῇ
1071 4879 1195 4951 δόξῃ
1228 4879 1380 4952 παρά
1407 4879 1506 4950 τῆς
1524 4880 1633 4933 τῶν
1661 4881 2011 4951 διακονουμέ-

431 4982 538 5018 νων
582 4962 878 5034 εὐφημίας.
932 4963 1234 5034 Ἀκήρατος
1275 4963 1383 5035 γάρ
1426 4962 1591 5016 αὐτοῦ
1646 4965 1680 5034 ἡ
1731 4965 1888 5018 οὐσία
1919 4965 2011 5018 καὶ

431 5048 682 5118 ἀνενδεὴς
734 5043 890 5111 οὖσα,
942 5045 1156 5110 οὐδενὸς
1212 5047 1401 5117 ἑτέρου
1455 5047 1788 5118 προσδεῖται.
1847 5049 1910 5100 Οἱ
1951 5048 2008 5100 δὲ

433 5132 711 5196 αἰνοῦντες
744 5130 926 5195 αὐτὸν,
959 5129 1113 5182 αὐτοὶ
1139 5129 1509 5202 λαμπρότεροι
1537 5129 1798 5199 γίνονται.
1822 5131 1895 5184 Οὐ
1922 5130 2009 5184 διά

495 5247 522 5276 ιι
540 5243 658 5304 Quis
679 5244 742 5291 sit
773 5243 852 5291 hic
873 5243 1115 5304 interpres
1141 5254 1237 5290 non
1254 5248 1570 5291 memoratur.
1595 5243 1692 5292 Sed
1715 5256 1882 5292 vocem
1917 5246 2008 5298 Ὃ).

429 5319 542 5366 qum
565 5303 614 5354 in
646 5306 887 5366 Hebraioo
912 5303 1158 5366 iubetur,
1193 5305 1390 5366 Aquila,
1413 5303 1733 5363 Symmachus
1771 5305 2009 5353 et'l'lieo-

430 5363 568 5478 cista)
592 5367 820 5475 lli-avlai);
844 5363 961 5413 alibi
1005 5369 1220 5424 vertunt,
1254 5363 1312 5414 ut.
1354 5366 1521 5416 videas
1549 5368 1602 5415 iu
1639 5366 1823 5416 Lexico
1842 5376 2010 5417 nostro

431 5445 460 5478 ιι
565 5441 689 5478 exao
710 5441 771 5478 a..

431 5441 491 5479 aa
520 5441 771 5489 uexapia,

494 5489 522 5528 ιι
550 5487 645 5538 Alii
662 5486 849 5536 τούτων
867 5486 1086 5534 ἁπάντων
1111 5487 1432 5599 εὐγενέστερος
1450 5489 1534 5551 p.11-
1573 5501 1717 5550 quam
1739 5487 2008 5538 lectionem

494 5555 575 5599 »ιιιι
605 5551 755 5599 Savil.
795 5549 848 5598 in
885 5561 1038 5599 marg.
1063 5549 1168 5598 Pau
1188 5563 1219 5599 ο
1258 5559 1373 5599 non.
1395 5551 1566 5599 Morel.
1591 5552 1676 5599 τήν
1709 5551 2008 5599 mammia»;

433 5555 575 5600 notat
605 5551 755 5600 Savil.
795 5549 848 5598 in
885 5561 1038 5612 marg.
1063 5549 1219 5599 Paulo
1258 5549 1373 5613 post
1395 5549 1566 5601 ιιοτει.
1591 5549 1676 5609 τήν
1709 5551 2008 5614 βλασφημίαν

497 5627 656 5725 ἓσῦΐο
686 5685 801 5722 mss.
825 5671 1084 5735 βιωτικαῖς,
1103 5673 1275 5737 καὶτῷ
1305 5691 1374 5723 πα
1413 5673 1500 5722 ’ντι
1528 5672 1775 5736 κλυδωνίῳ
1800 5675 2008 5738 συνεχῶς

497 5735 597 5783 στὸν
619 5733 901 5786 πεοιπείοει,
929 5733 1032 5782 ἀλλ’
1058 5735 1164 5786 οὐκ.
1189 5741 1244 5784 el
1261 5737 1334 5785 sic
1355 5689 1505 5786 ἔξω.
1532 5734 1581 5784 in
1603 5747 1758 5786 mam.

431 5735 597 5798 ἑαυτόν
619 5733 901 5798 περιπείρει,
929 5733 1032 5782 ἀλλ’
1058 5735 1164 5798 οὐχ,
1189 5733 1337 5798 ειεὶε
1355 5733 1505 5798 Sari].
1532 5734 1581 5784 in
1603 5733 1758 5798 marg;

496 5795 526 5835 ὃ
557 5793 844 5858 Ἐμοήσεται
867 5799 969 5845 tres
985 5807 1099 5847 mss.
1109 5793 1126 5858 λ
1135 5793 1560 5859 ἶμπεσεῖταιᾘοτ.
1589 5802 1641 5846 et
1675 5793 1788 5846 Siv.

1078 352 1138 407 S.
1176 350 1461 407 JOANNIS
1496 349 1988 408 CHRYSOSTOMI
2025 349 2354 408 ARCHIEP.
2392 350 2947 410 CONSTANTINOP.

3583 356 3684 414 ιει

2109 463 2270 520 τοῦτο
2291 466 2350 520 δὲ
2386 467 2568 537 μόνον,
2595 466 2730 521 ἀλλά
2772 467 2866 522 καὶ
2894 464 2984 520 διὰ
3007 455 3088 519 τὸ’
3104 464 3369 538 ὑπερέχον
3389 463 3557 521 αὐτοῦ
3587 467 3685 540 τῆς

2103 547 2262 619 δόξης
2305 549 2579 619 ὀφείλεται
2613 550 2762 622 αὐτῷ
2800 549 3046 622 εὐφημία
3083 551 3213 621 παρ’
3243 549 3420 620 ἡμῶν.
3473 549 3565 604 Διὸ
3592 552 3684 604 καὶ

2104 633 2262 689 τοῦτο
2311 635 2487 707 δηλῶν
2536 632 2680 698 εἷπε,
2729 634 2928 706 Μέγας
2976 634 3192 702 Κύριος
3217 673 3233 699 ,
3293 633 3393 688 καί
3451 633 3684 700 αἰνετός

2105 718 2376 788 σφόδρα·
2423 719 2737 783 τουτέστιν,
2787 718 3000 782 οὐδενὸς
3045 717 3319 788 δεόμενος.
3377 716 3445 768 Τί
3497 720 3644 770 ἐστιν
3667 758 3681 780 ,

2098 803 2373 868 Αίνετός;
2404 803 2704 873 Εὐφημιῶν
2727 802 2895 868 ἀξιος,
2923 801 3215 872 ἐγκωμίων
3231 800 3327 854 καὶ
3347 800 3529 872 ὓμνων
3545 816 3562 832 ·
3586 801 3683 869 οὐχ

2107 885 2313 950 ἁπλῶς,
2347 885 2606 952 Αἰνετὸς,
2636 885 2772 941 ἀλλά
2803 886 2897 938 καὶ
2916 925 2930 950 ,
2975 883 3214 952 Σφόδρα
3234 901 3249 916 ο
3292 885 3374 938 διὸ
3403 884 3497 938 καὶ
3527 883 3684 938 τοῦτο

2109 969 2416 1040 προσέθηκε
2435 987 2449 1004 ο
2479 971 2643 1023 πόσον
2671 969 2729 1023 δὲ
2761 966 2973 1031 αἰνετός
2993 969 3055 1020 οὐ
3083 967 3380 1038 δυνάμενος
3410 967 3686 1038 παραστῆ-

2111 1068 2199 1104 σαι
2220 1052 2298 1122 τῷ
2332 1051 2493 1122 λόγῳ,
2517 1053 2764 1122 ἐπήγαγε
2784 1069 2798 1083 ·
2830 1050 2941 1107 Καὶ
2963 1050 3074 1120 τῆς
3101 1053 3539 1120 μεγαλωσύνης
3579 1053 3684 1105 af)-

2109 1134 2217 1189 τοῦ
2273 1137 2384 1190 οὐκ
2425 1137 2559 1189 ἐστι
2605 1136 2789 1206 πέρας
2820 1151 2834 1165 ·
2888 1136 3024 1208 ὅπερ
3081 1134 3264 1206 ἕτερος
3324 1135 3682 1207 ἑρμηνευτὴς,

2122 1225 2463 1296 Ἐξεύρεσις
2497 1238 2544 1290 ο,
2584 1222 2758 1280 εἶπεν.
2805 1227 2870 1280 "0
2901 1224 2959 1279 δὲ
3005 1225 3171 1293 λέγει,
3211 1227 3451 1280 τοιοῦτόν
3499 1230 3683 1282 ἐστινι

2122 1308 2276 1361 Ἐπεὶ
2323 1310 2496 1380 μέγαν
2537 1309 2679 1381 ἔχεις
2712 1309 3008 1379 Δεσπότην,
3038 1309 3197 1377 γενοῦ
3225 1310 3318 1363 καὶ
3359 1311 3422 1363 σὺ
3460 1311 3682 1382 ὑψηλὸς,

2113 1390 2207 1443 καὶ
2259 1391 2369 1447 τῶν
2412 1392 2681 1461 βιωτικῶν
2727 1391 3073 1462 ἀπαλλάγηθι
3127 1393 3484 1462 πραγμάτων.
3538 1395 3680 1448 Λάϐε

2113 1475 2367 1548 φρόνημα
2403 1477 2674 1548 ἀνώτερον
2705 1476 2806 1546 τῆς
2831 1476 3212 1546 ταπεινότητος
3240 1477 3348 1528 τῶν
3379 1477 3684 1547 παρόντων,

2109 1561 2208 1630 οὐχ
2253 1561 2340 1614 ἵνα
2385 1560 2815 1632 ἀπονενοημένος
2869 1561 3002 1634 γένῃ
3043 1562 3135 1614 καὶ
3175 1560 3418 1627 ἀλαζὼν,
3453 1561 3684 1616 ἀλλ’ἵνα

2115 1643 2470 1712 μεγαλόφρων
2522 1643 2617 1697 καὶ
2673 1643 3019 1714 μεγαλόνους.
3065 1644 3289 1714 Ἕτερον
3333 1645 3442 1715 γὰρ
3492 1645 3686 1710 ἀλαζο-

2112 1727 2248 1790 νεία,
2303 1728 2396 1780 καὶ
2440 1726 2626 1798 ἕτερον
2676 1726 3068 1798 μεγαλοψυχία.
3117 1725 3357 1791 Ἀλαζὼν
3424 1728 3522 1800 μὲν
3575 1727 3686 1800 γάρ

2112 1813 2259 1865 ἐστιν
2293 1811 2321 1864 6
2355 1811 2448 1864 ἐπὶ
2493 1815 2607 1875 τοῖς
2654 1813 2868 1883 μικροῖς
2898 1809 3197 1882 κομπάζων
3221 1852 3236 1877 ,
3281 1812 3375 1866 καὶ
3404 1812 3515 1866 τῶν
3558 1816 3686 1883 ὀμο-

2110 1895 2309 1949 δούλων
2339 1896 2622 1968 ὑπερορῶν
2639 1913 2653 1926 ·
2675 1895 2874 1966 ὑψηλὸς
2906 1895 2964 1949 δὲ
2985 1897 3014 1950 6
3039 1896 3292 1960 ταπεινὸς
3311 1896 3410 1968 τὴν
3426 1897 3680 1954 διάνοιαν.

2113 1979 2206 2032 καὶ
2229 1979 2329 2044 τὰς
2357 1979 2658 2049 φαντασίας
2691 1979 2785 2034 τοῦ
2813 1979 3080 2051 παρόντος
3112 1979 3228 2050 βίου
3255 1979 3406 2034 οὐδὲν
3432 1977 3571 2034 εἶναι
3599 1998 3687 2035 νο-

2115 2063 2302 2135 μίζων.

2182 2167 2247 2238 β’.
2265 2166 2374 2221 Ποῦ
2392 2167 2489 2223 νῦν
2510 2171 2648 2222 εἰσιν
2669 2169 2719 2223 οἰ
2739 2167 2987 2238 λέγοντες
3000 2167 3172 2233 οὕτως
3190 2168 3386 2223 εἰδέναι
3409 2168 3499 2224 τὸν
3528 2169 3682 2235 Θεὸν,

2109 2252 2184 2315 ὡς
2212 2251 2373 2316 αὐτὸς
2431 2253 2620 2308 ἑαυτὸν
2665 2249 2838 2321 οἷδεν;
2875 2252 3246 2308 Ἀκουέτωσαν
3281 2253 3375 2308 τοῦ
3405 2255 3684 2327 προφήτου

2109 2333 2382 2402 λέγοντος,
2411 2334 2530 2404 Τῆς
2549 2337 2994 2406 μεγαλωσύνης
3025 2336 3212 2391 αὐτοῦ
3252 2339 3364 2394 οὐκ
3396 2337 3531 2393 ἔστι
3581 2336 3687 2393 πέ-

2101 2434 2236 2486 ρας,
2262 2419 2353 2472 καί
2375 2419 2816 2489 αἰσχυνέσθωσαν
2845 2419 2940 2475 ἰπὶ
2962 2421 3030 2491 τῇ
3063 2420 3239 2492 οἰκείᾳ
3279 2421 3464 2494 μανίᾳ.

2180 2523 2371 2578 Γενεά
2407 2523 2508 2579 καί
2529 2523 2708 2592 γενεά
2731 2525 3043 2581 ἐπαινέσει
3073 2526 3146 2582 τὰ
3169 2528 3314 2598 ἔργα
3339 2544 3477 2584 σου.
3511 2529 3688 2601 ὀπερ

2109 2604 2230 2665 ἔθος
2256 2605 2404 2676 αὐτῷ
2422 2610 2617 2672 ποιεῖν,
2631 2607 2791 2662 τοῦτο
2812 2610 2906 2664 καὶ
2927 2609 3163 2664 ἐνταῦθα
3192 2611 3501 2682 ἐργάζεται.
3517 2612 3689 2666 Ὅταν

2110 2687 2218 2758 γάρ
2255 2689 2417 2742 αὐτοῦ
2450 2689 2708 2764 θαυμάσῃ
2738 2691 2837 2764 τὴν
2882 2691 3273 2764 μεγαλωσύνην
3298 2734 3314 2758 ,
3359 2694 3458 2755 τὴν
3488 2695 3642 2759 δόξαν
3664 2735 3682 2758 ,

2110 2771 2325 2843 ἔρχεται
2347 2772 2444 2826 καὶ
2468 2774 2561 2825 ἐπὶ
2579 2775 2677 2846 τὴν
2693 2774 2803 2830 τῶν
2821 2774 3000 2847 ἔργων
3021 2775 3040 2815 ί
3063 2776 3356 2841 ἀπόδειξιν.
3377 2779 3449 2832 T6
3474 2780 3603 2834 αὐτὸ
3621 2779 3687 2849 δὴ

2110 2855 2202 2908 καὶ
2227 2854 2461 2909 ἐνταῦθα
2495 2860 2655 2923 ποιεῖ,
2686 2858 2780 2911 καὶ
2810 2858 2978 2926 λέγει⁶
3014 2857 3163 2931 [469]
3189 2860 3375 2914 Γενεά
3394 2863 3493 2915 καί
3515 2861 3690 2931 γενεά

2109 2937 2413 2993 ἐπαινέσει
2463 2940 2536 2994 τὰ
2581 2940 2726 3011 ἔργα
2776 2958 2914 3008 σου,
2960 2943 3171 3008 δεικνὺς
3213 2942 3321 2998 ἀπὸ
3356 2945 3463 2998 τῶν
3510 2945 3688 3018 ἔργων

2111 3021 2276 3077 αὐτοῦ
2306 3024 2407 3094 τὴν
2437 3023 2850 3096 μεγαλωσύνην.
2877 3027 3185 3090 Τουτέστιν,
3203 3028 3302 3082 οὐκ
3327 3029 3384 3081 ὲν
3413 3030 3493 3082 ἑνὶ
3511 3030 3689 3100 χρόνῳ

2109 3105 2299 3174 γέγονε
2341 3106 2502 3175 μόνον
2552 3108 2646 3160 καὶ
2692 3109 2986 3180 παρῆλθεν,
3023 3110 3143 3164 οὐδὲ
3169 3111 3228 3165 ὲν
3255 3110 3347 3165 δύο
3388 3113 3482 3166 καὶ
3508 3113 3688 3182 τρισὶν

2111 3191 2312 3255 ἐτεσιν,
2349 3191 2486 3245 ἀλλά
2514 3192 2677 3246 παντὶ
2701 3195 3114 3266 παρεκτείνεται
3144 3195 3222 3266 τῷ
3256 3196 3483 3268 παρόντι
3507 3195 3684 3258 αἰῶνι,

2109 3273 2250 3327 ὥστε
2280 3275 2514 3346 ἑκάστην
2556 3274 2751 3344 γενεὰν
2801 3276 3024 3350 θεωρεῖν
3057 3277 3220 3332 αὐτοῦ
3257 3278 3326 3332 τά
3354 3278 3687 3350 δημιουργή-

2113 3377 2278 3430 ματα.
2311 3359 2483 3413 Τοῦτο
2523 3361 2632 3431 γάρ
2661 3363 2795 3424 ἐστι,
2817 3361 3009 3416 Γενεὰ
3038 3361 3140 3416 καί
3159 3363 3335 3433 γενεά
3352 3379 3365 3394 ’
3389 3363 3424 3433 ἡ
3448 3379 3507 3415 τε
3529 3359 3682 3425 οὖσα,

2112 3443 2296 3516 φησὶν,
2320 3445 2355 3514 ἦ
2383 3460 2444 3496 τε
2473 3445 2723 3508 ἐπιοῦσα,
2753 3447 2788 3516 ἥ
2828 3463 2888 3500 τε
2931 3447 3047 3517 μετ’
3079 3447 3315 3518 ἐκείνην,
3365 3449 3460 3501 καί.
3481 3448 3515 3518 ἡ
3547 3446 3686 3518 μετά

2109 3526 2313 3598 ταύτην
2335 3526 2516 3590 πάλιν,
2539 3528 2633 3582 καὶ
2660 3528 2865 3600 ἑκάστη
2888 3529 2994 3582 τῶν
3027 3530 3298 3583 ἐπιουσῶν
3321 3542 3336 3559 ⁸
3367 3530 3402 3601 ἡ
3427 3548 3486 3584 τε
3512 3531 3686 3594 κτίσις

2111 3611 2273 3664 πάλιν
2307 3611 2472 3664 παντὶ
2492 3611 2693 3681 ὁμοίως
2721 3611 2798 3683 τῷ
2825 3613 3000 3682 χρόνῳ
3027 3611 3440 3683 παρεκτείνεται
3469 3613 3639 3680 τούτῳ
3659 3652 3675 3676 ,

2110 3689 2220 3748 οἷον
2247 3693 2494 3765 οὐρανὸς,
2522 3695 2616 3765 γῆ,
2659 3694 2919 3760 θάλασσα,
2949 3695 3076 3767 ἀὴρ,
3121 3695 3326 3767 λίμναι,
3359 3697 3551 3768 πηγαὶ,
3589 3714 3685 3750 πο⁶

2109 3777 2309 3847 ταμοὶ,
2349 3775 2670 3846 σπέρματα,
2713 3777 2875 3846 φυτὰ,
2908 3778 3148 3849 βοτάναι,
3182 3780 3277 3833 καὶ
3313 3781 3346 3849 ἡ
3389 3781 3453 3833 ὲκ
3483 3781 3684 3834 τούτων

2112 3859 2420 3930 εὐεργεσία,
2457 3859 2672 3928 φύσεως
2699 3860 2897 3930 δρόμος
2929 3862 3197 3932 μηδέποτε
3226 3862 3646 3933 διακοπτόμενος
3665 3902 3680 3925 ,

2113 3943 2279 4008 ὑετοὶ,
2307 3944 2506 4015 τροπαὶ
2525 3943 2792 4014 διηνεκῶς
2806 3945 3146 4016 χορεύουσαι,
3163 3946 3277 4011 νὺξ,
3295 3948 3494 4018 ἡμέρα,
3512 3949 3681 4018 ἥλιος,

2114 4026 2329 4098 σελήνη,
2358 4025 2428 4080 τὰ
2459 4026 2652 4099 ἀστρα,
2684 4027 2753 4080 τὰ
2785 4027 2920 4082 ἄλλα
2951 4029 3147 4096 πάντα,
3183 4029 3263 4083 ἔτι
3301 4048 3360 4083 τε
3385 4031 3453 4085 τὰ
3481 4032 3683 4085 τούτων

2112 4110 2298 4182 χωρὶς,
2327 4109 2364 4163 ἃ
2403 4110 2496 4164 καὶ
2535 4109 2658 4164 καθ’
2689 4111 2926 4184 ἑκάστην
2950 4113 3158 4182 γίνεται
3199 4107 3411 4182 γενεὰν,
3455 4115 3548 4168 καὶ
3583 4115 3683 4185 ἰδίᾳ

2113 4194 2207 4248 καὶ
2245 4196 2420 4265 κοινῇ,
2478 4194 2615 4264 πρὸς
2663 4195 2986 4267 διόρθωσιν,
3041 4197 3176 4269 πρὸς
3229 4198 3544 4268 εὐεργεσίαν
3590 4199 3682 4252 τοῦ

2113 4276 2292 4331 κοινοῦ
2321 4277 2430 4330 τῶν
2454 4278 2709 4332 ἀπάντων
2737 4287 2762 4326 ι
2785 4279 3085 4351 ἀνθρώπων
3114 4279 3327 4348 γένους,
3354 4275 3441 4334 οἷα
3461 4283 3554 4335 ἐπὶ
3577 4281 3684 4334 τῶν

2124 4359 2390 4414 Ἰουδαίων
2423 4359 2616 4428 γέγονε
2647 4360 2884 4431 συνεχῶς
2909 4361 3181 4431 θαύματα,
3215 4366 3436 4434 σημεῖα,
3465 4365 3685 4436 πρόνοια

2112 4445 2144 4513 ἡ
2176 4445 2234 4496 ὲν
2279 4443 2554 4513 εὐετηρίᾳ,
2582 4445 2616 4514 ἡ
2650 4443 2709 4494 ὲν
2748 4445 2864 4504 ταῖς
2891 4444 3069 4506 νίκαις
3097 4445 3208 4498 τῶν
3237 4446 3504 4517 πολέμων,
3556 4450 3588 4519 ἡ
3623 4449 3682 4501 ὲν

2109 4531 2222 4590 τοῖς
2259 4527 2438 4589 ἄλλοις
2467 4526 2690 4586 ἀπασιν.
2727 4522 2815 4580 οἷα
2838 4527 2930 4580 ἐπὶ
2955 4527 3056 4598 τῆς
3097 4529 3396 4600 παρουσίας
3425 4530 3516 4584 τοῦ
3547 4533 3680 4603 Χρι-

2113 4608 2262 4673 στοῦ,
2306 4609 2399 4662 ἐπὶ
2435 4608 2546 4662 τῶν
2583 4609 2916 4675 ἀποστόλων,
2952 4611 3043 4663 ἐπὶ
3069 4611 3161 4665 τοῦ
3197 4612 3387 4684 καιροῦ
3426 4613 3533 4667 τῶν
3567 4613 3684 4667 διω-

2111 4693 2288 4763 γμῶν,
2307 4692 2526 4746 πλείονα
2548 4693 2642 4746 καὶ
2659 4694 2792 4746 πολὺ
2813 4692 2920 4746 τῶν
2939 4695 3181 4748 παλαιῶν
3202 4695 3522 4768 διαφέροντα
3543 4696 3682 4751 κατά

2115 4775 2364 4846 μέγεθος,
2398 4769 2486 4828 οἷα
2532 4777 2626 4828 καί⁵
2649 4775 2738 4828 ἐπὶ
2769 4776 2868 4845 τῆς
2896 4779 3090 4844 γενεᾶς
3123 4778 3220 4849 τῆς
3253 4780 3544 4852 ἡμετέρας.
3573 4782 3681 4835 Καὶ

2111 4857 2221 4929 γάρ
2246 4859 2345 4912 οὐκ
2374 4859 2490 4912 ἐστι
2523 4859 2715 4930 χρόνος
2739 4859 2932 4924 οὐδεὶς,
2969 4860 3064 4914 καὶ
3121 4860 3319 4914 τούτων
3375 4863 3531 4927 ἐκτὸς
3575 4865 3680 4918 τῶν

2110 4940 2326 5006 κοινῶν,
2353 4943 2382 4994 6
2412 4941 2486 5012 μὴ
2515 4942 2696 5012 φέρων
2718 4942 2818 5011 τῆς
2847 4943 3012 4996 αὐτοῦ
3041 4944 3293 5016 προνοίας
3310 4949 3550 5016 σημεῖον.
3571 4946 3680 5001 Καὶ

2109 5021 2224 5090 τὴν
2243 5022 2501 5092 δύναμιν
2537 5039 2654 5078 σου
2688 5024 3120 5094 ἀπαγγελοῦσι.
3150 5028 3260 5081 Καὶ
3273 5027 3360 5081 διὰ
3390 5027 3500 5082 τῶν
3524 5029 3680 5101 εὐερ-

2109 5105 2329 5174 γεσιῶν,
2363 5107 2516 5177 φησὶ,
2565 5108 2659 5160 καὶ
2685 5105 2772 5160 διὰ
2800 5107 2909 5160 τῶν
2951 5108 3244 5163 κολάσεων.
3304 5110 3378 5164 Οὐ
3422 5111 3529 5183 γὰρ
3568 5112 3681 5165 δια-

2108 5189 2367 5261 λιμπάνει
2421 5190 2584 5243 παντὶ
2629 5189 2817 5260 τρόπῳ
2868 5190 2937 5245 τά
2980 5193 3120 5264 ὑπὲρ
3165 5193 3270 5263 τῆς
3321 5193 3537 5263 φύσεως
3581 5194 3680 5263 τῆς

2109 5271 2383 5344 ἡμετέρας
2428 5272 2729 5344 οἰκονομῶν
2765 5273 2795 5327 6
2833 5272 2966 5338 Θεὸς
2993 5273 3080 5328 διὰ
3121 5277 3318 5341 παντὸς
3345 5276 3438 5331 τοῦ
3463 5276 3675 5350 χρόνου.

2169 5402 2189 5472 '_
2219 5401 2344 5472 Quis
2366 5403 2427 5472 sit
2447 5402 2524 5472 hie
2543 5403 2746 5472 interp_,
2767 5405 2851 5466 qui
2881 5407 3031 5472 [Vertit
3078 5407 3321 5472 ἐξεύρεσις,
3345 5423 3440 5459 nou
3461 5415 3677 5472 notatur.

2107 5463 2196 5514 Est
2215 5463 2342 5512 forte
2365 5464 2564 5524 Aquila,
2587 5463 2846 5554 qui'Pro'v.
2884 5466 2964 5526 25,
2992 5470 3042 5528 5,
3062 5463 3474 5556 apri-river“!
3495 5471 3682 5535 ἀντεπύ-

2108 5547 2593 5610 pnoc.Hieronymus
2617 5545 2698 5596 hic
2720 5550 2888 5608 vertit,
2915 5563 3011 5600 non
3030 5545 3338 5605 ια’ἱηυεὲιιὶο.

2173 5606 2194 5646 ί
2225 5609 2336 5656 Sav.
2365 5609 2441 5656 ἐπὶ
2471 5609 2556 5656 τήν
2579 5608 2674 5656 ἀπὸ
2694 5611 2789 5656 τῶν
2816 5610 2979 5656 Ξογων.

2173 5609 2194 5646 τ
2225 5609 2336 5656 Sav.
2365 5609 2441 5656 ἐπὶ
2471 5609 2556 5664 τὴν
2579 5609 2674 5656 ἀπὸ
2694 5611 2789 5657 τῶν
2816 5610 2979 5674 ἔργων.

2169 5671 2196 5711 ι
2229 5667 2476 5742 ιρπᾲγτιιξν
2496 5670 2730 5742 άοεειλο
2760 5670 2946 5742 ⁵ξίοιςιεί.
2989 5672 3088 5722 Sed
3111 5675 3163 5742 io
3189 5674 3298 5725 aliis
3329 5676 3552 5731 habetur.
3577 5678 3676 5729 1δί-

2104 5730 2220 5779 dem
2241 5730 2392 5804 δενίι.
2413 5731 2492 5799 σία
2515 5731 2590 5779 ἐπὶ
2613 5731 2999 5804 τῶν-’Ἰουδαίων
3023 5737 3279 5804 συνέϐαινε-
3301 5730 3527 5804 συνεχῶς
3563 5743 3674 5792 διά-

2109 5807 2256 5854 ματα,
2281 5792 2527 5854 praemissa
2551 5799 2665 5843 ante
2686 5792 2904 5845 ultimam
2932 5809 3099 5848 vocem
3123 5800 3331 5851 viauia.
