4070 6340
307 312 411 368 465

305 425 569 479 exaltatur
615 418 776 487 Deus,
824 417 898 474 ita
936 415 1283 473 benedicitur.
1333 413 1409 469 lta
1442 414 1601 469 etiam
1643 412 1892 484 jubemur

306 517 482 569 dicere
510 513 561 567 in
598 510 902 581 precatione
945 525 960 562 :
1006 507 1363 575 Sanctiﬁcetur
1389 521 1568 558 nomen
1598 513 1761 571 tuum,
1792 503 1894 558 hoc

309 615 407 670 est,
441 603 787 676 gloriﬁcetur.
817 600 873 656 2.
913 600 1013 654 Per
1039 599 1264 670 singulos
1302 597 1410 652 dies
1452 598 1738 651 benedicam
1782 597 1889 662 tibi,

308 710 354 752 et
381 698 598 753 laudabo
627 712 806 751 nomen
832 706 974 748 tuum
1001 695 1055 748 in
1093 693 1355 757 saeculum,
1383 701 1430 744 et
1459 692 1510 744 in
1531 691 1772 745 saeculum
1798 704 1895 744 ste-

310 792 430 847 euli.
457 791 624 856 Alius,
656 788 722 842 In
747 788 989 843 saxulum
1012 795 1272 854 perpetuo.
1298 784 1408 838 Hoc
1432 795 1514 839 est
1543 784 1594 838 in
1619 782 1800 852 primis
1821 782 1893 852 pii

311 882 498 947 anitni,
525 896 552 933 a
583 879 741 934 rebus
765 893 883 948 quae
910 877 975 930 ad
1004 876 1202 932 vietum
1233 875 1500 944 pertinent
1527 873 1802 927 liberatum
1834 887 1894 927 se

313 973 525 1045 hymnis
548 971 814 1034 dedicare.
842 969 1019 1037 Turpe
1040 967 1181 1022 enim
1209 966 1384 1026 fuerit.
1421 973 1476 1019 ut
1518 963 1675 1017 homo
1695 965 1782 1034 qui
1814 972 1896 1018 est

313 1079 532 1134 compos
573 1061 813 1126 rationis,
842 1067 898 1113 et
923 1057 1169 1112 omnibus
1198 1073 1317 1127 quae
1358 1055 1602 1110 videntur
1639 1063 1897 1125 praestan-

315 1161 435 1214 tior.
465 1157 533 1211 sit
557 1164 797 1210 creatura
829 1155 879 1207 in
907 1152 998 1206 Dei
1026 1151 1267 1206 laudibus
1295 1149 1510 1204 inferior
1543 1168 1556 1204 :
1586 1164 1691 1203 non
1721 1149 1892 1203 solum

315 1258 490 1304 autem
519 1257 689 1315 turpe,
714 1260 894 1299 verum
915 1243 1072 1297 etiam
1095 1241 1396 1296 absurdum.
1425 1239 1700 1311 Quomodo
1719 1248 1895 1294 autem

317 1356 421 1394 non
469 1337 777 1405 absurdum,
826 1335 1085 1406 siquidem
1141 1335 1253 1405 ipsa
1289 1333 1522 1403 qumidie
1568 1341 1726 1402 atque
1765 1332 1898 1386 adeo

315 1429 538 1500 singulis
590 1428 736 1482 horis
773 1427 966 1482 emittit
1009 1425 1228 1479 Domino
1263 1423 1736 1492 glorilicationcm?
1777 1421 1898 1476 Ca'li

316 1521 480 1586 enim,
514 1520 701 1588 inquit,
735 1526 969 1570 enarrant
994 1516 1208 1586 gloriam
1249 1513 1362 1576 Dei,
1395 1523 1439 1566 et
1469 1531 1622 1585 opera
1660 1529 1899 1566 manuum

318 1614 426 1682 ejus
451 1610 718 1663 annuntiat
747 1608 1137 1676 ﬁrmamentum.
1172 1603 1292 1658 Dies
1331 1605 1427 1658 diei
1458 1613 1648 1657 eructat
1675 1603 1896 1669 verbum,

318 1713 367 1758 et
414 1719 516 1757 nox
570 1701 702 1755 nocti
756 1701 946 1754 indicat
983 1699 1240 1753 scientiam
1267 1697 1436 1770 (Psal.
1468 1697 1555 1753 18.
1595 1696 1648 1750 2.
1682 1694 1758 1768 5).
1788 1695 1897 1762 Sol,

320 1794 463 1857 luna,
504 1794 680 1846 varius
713 1801 975 1845 astrorum
1016 1791 1231 1854 chorus,
1261 1797 1314 1842 et
1353 1788 1736 1858 pulcherrimus
1771 1786 1902 1840 ordo

320 1896 633 1939 czeterorum
661 1882 895 1937 omnium
926 1896 1079 1935 suum
1109 1880 1359 1950 prtedicat
1388 1880 1662 1950 Opiﬁcem.
1694 1879 1791 1947 Qui
1821 1889 1904 1933 est

321 1992 448 2047 ergo
478 1975 560 2030 his
587 1975 835 2029 omnibus
863 1973 1196 2043 praestantior
1238 1973 1280 2026 si
1312 1971 1412 2026 hoc
1452 1987 1555 2025 non
1591 1972 1766 2033 faciat,
1807 1970 1901 2026 sed

323 2069 484 2123 etiam
539 2067 700 2120 vitam
759 2073 880 2135 agat
929 2080 1048 2134 quas
1101 2064 1406 2118 Creatorem
1464 2078 1620 2118 suum
1665 2062 1903 2117 maledici

325 2167 598 2230 procuret,
627 2157 893 2227 quomodo
913 2157 1009 2210 erit
1031 2157 1077 2211 is
1097 2158 1283 2225 dignus
1305 2157 1407 2210 ulla
1436 2158 1606 2222 venia,
1635 2164 1725 2211 aut
1747 2171 1904 2224 quam

328 2253 521 2322 poterit
557 2250 746 2305 afferre
772 2251 850 2304 sui
882 2249 1267 2316 defensionem,
1313 2249 1550 2319 cum-qui
1587 2249 1705 2304 ideo
1741 2233 1908 2304 laetus

326 2353 427 2407 est,
459 2353 514 2396 ut
542 2343 648 2397 Deo
678 2342 900 2410 placeat,
941 2350 996 2397 et
1023 2357 1241 2411 regnum
1275 2340 1505 2394 futurum
1532 2351 1904 2410 consequatur,

328 2435 444 2504 ejus
467 2433 681 2504 quidem
712 2433 911 2486 nullam
945 2433 1104 2487 ducat
1129 2433 1407 2493 rationem.
1439 2432 1530 2485 sed
1560 2432 1784 2502 negotiis
1809 2446 1910 2485 sre-

329 2527 593 2580 cularibus
619 2525 865 2592 curisque
895 2523 1174 2578 mundanis
1212 2539 1270 2578 se
1299 2524 1567 2594 implicet?
1591 2525 1661 2578 At
1695 2523 1782 2579 hic
1803 2539 1908 2578 non

331 2616 468 2678 talis,
508 2614 600 2668 sed
644 2629 736 2682 per
761 2623 922 2668 totam
962 2614 1119 2667 vitam
1149 2612 1404 2668 oll‘erebat
1433 2613 1541 2669 Deo
1570 2614 1773 2681 laudes,
1805 2629 1910 2669 nou

332 2706 501 2760 solum
527 2705 723 2770 verbis,
753 2706 845 2760 sed
888 2705 1046 2760 rebus
1089 2706 1233 2775 ipsis,
1269 2707 1375 2760 Deo
1396 2706 1535 2760 etaim
1564 2707 1723 2762 multa
1753 2708 1915 2763 debe-

333 2814 473 2860 mus,
496 2797 634 2867 quod
665 2807 718 2851 et
743 2813 862 2851 cum
892 2814 995 2852 non
1018 2814 1257 2853 essemus
1298 2796 1507 2863 fecerit,
1536 2809 1589 2854 et
1615 2800 1756 2870 quod
1785 2801 1914 2854 tales

334 2889 614 2950 creaverit,
646 2897 700 2944 et
724 2889 890 2945 factos
918 2900 1064 2958 regat
1093 2899 1145 2944 et
1164 2891 1454 2954 contineat,
1483 2900 1538 2944 et
1574 2890 1713 2958 quod
1745 2891 1916 2959 quoti-

335 2980 421 3035 die
444 2993 546 3034 tam
574 2981 816 3050 privatim
838 2995 993 3049 quam
1021 2981 1372 3036 communiter
1393 2981 1687 3051 provideat,
1719 2981 1912 3035 nostri-

336 3087 440 3141 que
467 3086 646 3125 curam
682 3078 850 3139 gerat,
892 3071 1048 3141 idque
1073 3071 1208 3124 clam
1245 3082 1300 3126 et
1335 3081 1544 3140 aperte,
1583 3071 1840 3141 nobisque
1863 3080 1919 3127 et

337 3162 630 3218 scientibus
659 3171 713 3216 et
745 3161 1122 3216 nescientibus.
1152 3161 1287 3227 Quid
1309 3162 1448 3216 enim
1478 3175 1612 3230 opus
1638 3162 1919 3216 estdicere

337 3270 456 3323 qua:
497 3253 596 3307 sub
640 3259 914 3321 aspectum
951 3251 1169 3316 eadunt,
1201 3268 1316 3321 qua:
1357 3262 1579 3322 propter
1618 3268 1715 3306 nos
1763 3252 1919 3306 fecit?

342 3343 713 3409 ministerium,
743 3342 881 3412 quod
903 3343 1012 3412 ipsa
1043 3344 1298 3411 prasbent,
1321 3344 1562 3412 corporis
1581 3344 1921 3398 constitutio-

343 3453 487 3501 nem,
519 3436 711 3490 animae
762 3435 1110 3502 nobilitatem,
1163 3435 1522 3505 quotidianam
1552 3436 1668 3504 ejus
1705 3451 1923 3491 meone-

343 3532 504 3586 miam
540 3539 595 3584 et
617 3529 1150 3593 administrationem,
1184 3546 1279 3599 per
1316 3529 1590 3594 miracula,
1623 3545 1718 3598 per
1757 3531 1920 3600 leges,

346 3640 441 3693 per
469 3622 756 3694 supplicia,
797 3623 995 3676 variam
1032 3633 1086 3676 et
1123 3638 1241 3692 quae
1282 3621 1660 3693 comprehendi
1694 3637 1797 3676 non
1830 3637 1924 3690 po-

348 3725 452 3770 test
493 3715 609 3783 ejus
650 3713 1054 3783 providentiam,
1087 3712 1346 3767 bonorum
1377 3713 1612 3767 omnium
1641 3727 1922 3780 summam,

349 3808 486 3875 quod
519 3824 584 3861 ne
613 3805 748 3860 Filio
773 3806 984 3878 quidem
1011 3820 1110 3861 suo
1150 3806 1386 3877 pepercit
1424 3814 1638 3876 propter
1660 3823 1776 3871 nos,
1808 3824 1926 3878 quae

349 3896 453 3959 iam
479 3895 598 3950 data
625 3903 747 3950 sunt
778 3891 870 3965 per
911 3895 1250 3965 baptismum,
1286 3911 1380 3966 per
1421 3907 1773 3960 sacramenta,
1808 3913 1927 3967 quae

349 3988 521 4044 danda
551 3997 676 4044 sunt
700 3988 833 4044 bona
865 3989 952 4043 illa
978 3988 1282 4054 ineliabilia,
1311 4004 1550 4058 regnum,
1580 3993 1929 4044 resurrectio-

351 4099 495 4150 nem,
528 4082 875 4138 hereditatem
914 4082 1122 4151 plenam
1149 4082 1292 4136 omni
1335 4081 1692 4136 beatitudine?
1730 4082 1785 4136 Si
1812 4082 1931 4152 quis

353 4177 494 4231 enim
544 4193 706 4230 unutn
754 4175 1002 4245 quodque
1042 4190 1226 4229 eorum
1276 4184 1588 4237 enumeret,
1642 4175 1834 4230 incidet
1876 4177 1928 4229 in

353 4267 621 4323 ineffabile
649 4269 865 4337 pelagus
905 4266 1280 4321 beneﬁciorum
1303 4307 1317 4330 ,
1352 4277 1406 4319 et
1435 4267 1628 4321 videbit
1667 4276 1797 4336 quot
1831 4282 1929 4320 no-

355 4360 586 4415 minibus
609 4361 680 4414 sit
709 4359 936 4428 benigno
965 4359 1072 4413 Deo
1091 4357 1350 4412 obnoxius
1379 4375 1392 4410 :
1423 4374 1526 4411 non
1555 4359 1725 4412 solum
1753 4368 1931 4412 antem

356 4460 572 4521 propter
596 4451 730 4516 haec,
756 4451 851 4506 sed
880 4450 1040 4505 etiam
1075 4459 1290 4519 pr0pter
1329 4449 1659 4518 majestatem
1684 4451 1800 4519 ejus
1823 4451 1935 4518 glo-

358 4540 470 4606 riae,
499 4553 713 4611 propter
757 4541 1103 4595 substantiam
1132 4541 1198 4594 ab
1243 4541 1388 4595 omni
1429 4541 1642 4596 interitu
1683 4543 1930 4596 alienam.

357 4631 486 4686 Nam
520 4633 677 4687 etiam
710 4640 926 4701 propter
950 4647 1067 4686 cam
1092 4631 1316 4686 debetur
1351 4632 1399 4686 ei
1433 4647 1464 4686 a
1494 4633 1645 4686 nobis
1683 4634 1848 4702 gloria
1883 4640 1938 4686 et

360 4725 674 4789 benedictio,
706 4733 760 4778 et
785 4735 1032 4793 perpetua
1059 4726 1342 4794 gratiarum
1365 4724 1524 4790 actio,
1555 4723 1726 4778 cultus
1754 4733 1807 4778 et
1832 4725 1936 4777 mi-

363 4817 633 4871 nisterium
677 4816 969 4870 assiduum.
1001 4815 1111 4870 Hoc
1153 4816 1324 4885 ipsum
1352 4832 1480 4886 ergo
1518 4818 1776 4887 propheta
1805 4832 1933 4886 quo-

361 4923 463 4974 que
487 4907 786 4976 significans
814 4907 1019 4961 dicebat
1049 4924 1062 4960 :
1095 4907 1146 4961 5.
1196 4905 1415 4976 Magnus
1446 4906 1708 4971 Dominus,
1752 4919 1798 4961 et
1829 4909 1940 4961 lau-

363 4997 546 5051 dabilis
574 4997 721 5050 nimis
745 5011 764 5050 .'
791 5007 836 5050 et
867 4996 1224 5065 magnitudinis
1260 4997 1370 5067 ejus
1395 5013 1493 5050 non
1537 5006 1606 5051 est
1631 4999 1766 5062 ﬁnis.
1793 4997 1936 5065 Quo-

362 5089 507 5142 niam
536 5087 676 5142 enim
707 5087 858 5153 dixit,
889 5086 1191 5140 Benedicam
1221 5097 1266 5140 et
1291 5087 1530 5150 laudabo,
1564 5088 1794 5142 ostendit
1815 5105 1936 5142 eum

361 5197 469 5236 non
497 5195 657 5250 egere
687 5180 882 5234 nostris
926 5178 1169 5233 laudibus
1195 5192 1296 5233 nec
1332 5178 1807 5244 benedictionibus,
1843 5195 1939 5234 nec

361 5277 478 5343 ejus
512 5273 696 5344 gloriae
737 5271 937 5342 aliquid
975 5271 1230 5327 accedere
1267 5287 1298 5326 a
1341 5272 1583 5326 laudibus
1627 5286 1810 5326 eorum
1851 5273 1938 5342 qui

367 5365 684 5421 ministrant.
707 5363 835 5433 Ejus
855 5364 996 5418 enim
1017 5361 1308 5418 substantia
1325 5371 1407 5417 est
1429 5363 1495 5418 ab
1512 5363 1726 5418 interitu
1746 5364 1939 5430 aliena,

364 5467 420 5513 et
446 5466 568 5528 eget
589 5457 739 5517 nullo
767 5456 891 5511 alio.
920 5456 1020 5525 Qui
1045 5467 1220 5512 autem
1247 5457 1417 5526 ipsum
1437 5456 1670 5521 laudant,
1698 5457 1799 5526 ipsi
1821 5472 1945 5512 eva-

365 5551 496 5604 dunt
521 5550 794 5606 clariores.
833 5549 948 5606 Non
988 5550 1161 5605 solum
1204 5559 1380 5606 autem
1428 5559 1645 5620 propter
1686 5550 1807 5618 hoc,
1849 5551 1943 5606 sed

365 5643 526 5696 etiam
572 5651 788 5711 propter
819 5640 1167 5698 excellean
1207 5642 1324 5711 ejus
1349 5642 1572 5711 gloriam
1596 5641 1818 5696 debetur
1841 5641 1890 5696 ei
1914 5656 1945 5698 a

368 5732 521 5788 nobis
544 5732 800 5803 laudatio,
826 5740 879 5789 et
907 5732 1028 5788 ideo
1067 5732 1168 5789 hoc
1201 5735 1503 5805 signiﬁcans
1541 5733 1690 5801 dixit,
1726 5731 1943 5805 Magnus

1405 300 1762 357 EXPOSl'l‘lO
1800 299 1864 358 IN
1906 302 2228 359 PSALMUM
2268 304 2497 362 CXLIV.

3472 311 3576 368 466

1997 413 2266 482 Dominus,
2285 428 2332 472 et
2359 418 2628 475 laudabilis
2643 422 2828 488 nimis;
2854 423 2955 480 hoc
2973 433 3076 491 est,
3095 423 3297 482 nullius
3315 424 3580 496 indigens.

1997 508 2131 572 Quid
2154 518 2255 574 est,
2294 509 2630 567 Laudabilis?
2671 515 2868 584 Dignus
2902 517 2990 586 qui
3024 517 3288 582 laudibus,
3323 518 3582 573 encomiis

1998 609 2051 655 et
2075 598 2287 670 hymnis
2312 601 2629 659 celebretur.
2653 605 2766 660 Non
2793 615 2881 662 est
2903 616 3082 663 autem
3115 610 3289 664 solum
3319 607 3580 663 Laudabi-

1999 691 2082 757 lis,
2112 693 2224 757 sed,
2259 691 2419 748 Valde
2446 694 2755 752 laudabilis:
2780 706 2835 752 et
2877 699 2997 753 ideo
3041 700 3143 754 hoc
3185 700 3378 770 adjecit
3416 719 3429 755 :
3458 717 3582 756 cum

1998 791 2176 838 autem
2203 800 2359 854 quam
2389 787 2458 840 sit
2481 786 2780 852 laudabilis,
2825 791 3002 845 verbis
3051 807 3157 846 non
3195 803 3374 862 posset
3400 794 3582 862 ειμι-ἰ-

2000 889 2166 938 mere,
2217 876 2511 946 subjunxit,
2550 877 2620 931 Et
2656 881 3017 950 magnitudinis
3054 883 3164 951 ejus
3191 899 3292 936 non
3320 893 3391 937 est
3421 885 3539 950 [inis
3563 897 3586 938 ε

1999 966 2138 1035 quod
2169 967 2379 1036 quidam
2408 969 2540 1024 alius
2605 972 2877 1042 interpres
2926 972 3082 1038 dixit,
3148 971 3398 1028 Iuventio.
3431 974 3583 1042 Quod

2001 1071 2176 1116 autem
2205 1062 2351 1129 dicit,
2383 1071 2465 1117 est
2490 1063 2748 1134 ejusmodi
2786 1083 2800 1118 :
2830 1065 3088 1133 Quoniam
3131 1083 3380 1136 magnum
3422 1068 3586 1122 habes

2002 1154 2305 1220 Dominum,
2333 1154 2407 1208 sis
2434 1170 2646 1225 quoque
2687 1165 2738 1210 tu
2770 1157 3030 1219 excelsus,
3057 1168 3113 1211 et
3148 1167 3198 1212 te
3224 1159 3413 1226 expedi
3441 1173 3469 1210 a
3503 1174 3585 1210 re-

2003 1244 2100 1300 bus
2128 1262 2245 1315 qua:
2271 1246 2336 1300 ad
2367 1246 2504 1300 hanc
2542 1246 2701 1300 vitam
2733 1249 3016 1316 pertinent.
3049 1249 3212 1304 Sume
3251 1250 3467 1318 spiritus
3494 1249 3585 1319 qui

2002 1345 2257 1406 superent
2284 1339 2622 1408 praesentium
2661 1355 2840 1394 rerum
2888 1340 3261 1405 humilitatem,
3294 1358 3398 1394 non
3430 1351 3485 1394 ut
3513 1342 3588 1394 sis

2003 1431 2144 1482 elato
2172 1430 2349 1483 animo
2371 1439 2425 1484 et
2451 1431 2708 1498 insolens,
2737 1433 2828 1486 sed
2852 1447 3044 1502 magno
3061 1443 3118 1488 et
3140 1435 3355 1488 excelso
3384 1436 3581 1488 animo.

2004 1521 2160 1576 Aliud
2205 1525 2344 1577 enim
2392 1524 2712 1592 arrogantia,
2769 1534 2823 1578 et
2873 1525 3018 1580 aliud
3057 1526 3365 1596 magnitudo
3402 1527 3586 1580 animi.

2006 1615 2100 1668 Est
2119 1615 2258 1668 enim
2283 1629 2560 1684 arrogans,
2604 1617 2692 1686 qui
2724 1627 2940 1686 propter
2978 1633 3066 1672 res
3105 1635 3292 1688 parvas
3317 1633 3375 1672 se
3400 1619 3586 1688 jactat,

2005 1716 2058 1758 et
2080 1720 2366 1761 conservos
2393 1707 2650 1778 deSpieit;
2679 1709 2786 1761 alto
2804 1717 2978 1763 autem
3006 1718 3087 1763 est
3106 1711 3303 1776 animo,
3329 1712 3415 1780 qui
3441 1726 3591 1764 men-

2009 1809 2058 1854 te
2088 1806 2170 1853 est
2212 1798 2445 1866 humilis,
2481 1809 2535 1855 et
2583 1800 2859 1870 praesentis
2898 1801 3019 1855 vita:
3050 1817 3271 1872 pompas
3314 1802 3442 1856 nihil
3471 1817 3591 1858 esse

2006 1890 2294 1945 existimat.

2077 1981 2132 2036 2.
2181 1982 2368 2037 Contra
2402 1982 2782 2038 Anomteos.—-
2810 1984 2906 2040 Ubi
2936 2000 3077 2040 nunc
3118 1994 3240 2040 sunt
3283 1986 3371 2056 qui
3411 1986 3592 2040 dicunt

2009 2090 2068 2130 se
2095 2076 2263 2130 Deum
2284 2074 2356 2128 ita
2377 2088 2556 2139 nosse,
2586 2075 2723 2130 sicut
2749 2083 2804 2130 et
2843 2075 2956 2144 ipse
2991 2076 3224 2144 seipsum
3256 2075 3444 2130 novit?
3480 2078 3591 2129 Au-

2009 2165 2157 2220 diant
2182 2168 2497 2235 prophetam
2539 2164 2827 2232 dicentem,
2857 2167 3224 2237 Magnitudinis
3263 2169 3371 2237 ejus
3397 2184 3494 2220 non
3523 2176 3594 2220 est

2010 2256 2150 2325 finis,
2180 2267 2232 2311 et
2253 2257 2570 2311 erubescant
2595 2256 2662 2312 de
2692 2257 2897 2312 insania
2922 2253 3129 2331 sua(a).

2086 2348 2256 2420 Opera
2277 2348 2374 2404 Dei
2403 2351 2512 2419 ejus
2557 2349 2918 2418 prouidentiam
2945 2349 3229 2403 laudantia.
3251 2379 3323 2390 -—
3348 2349 3405 2404 4.
3435 2349 3594 2403 Gene-

2012 2441 2142 2494 ratio
2162 2452 2206 2493 et
2226 2440 2481 2510 generatio
2519 2439 2744 2492 laudabit
2773 2455 2928 2508 opera
2947 2448 3052 2493 tua.
3082 2439 3232 2507 Quod
3263 2438 3438 2494 facere
3463 2454 3594 2493 con-

2015 2531 2218 2591 suevit.
2253 2531 2302 2584 id
2349 2545 2561 2602 quoque
2586 2530 2733 2584 facit.
2762 2529 2986 2597 Quando
3030 2534 3172 2583 enim
3221 2529 3457 2585 laudavit
3480 2530 3596 2599 ejus

2017 2623 2435 2694 magnitudinem
2464 2631 2520 2679 et
2554 2623 2798 2693 gloriam,
2826 2624 2972 2678 venit
3007 2624 3167 2678 etiam
3217 2623 3280 2676 ad
3310 2624 3424 2692 ejus
3453 2624 3596 2678 cele-

2018 2714 2217 2768 branda
2245 2729 2426 2785 Opera.
2458 2713 2572 2768 lloc
2601 2714 2772 2783 ipsum
2804 2713 2890 2768 hic
2921 2727 3129 2784 quoque
3158 2713 3311 2778 facit,
3341 2725 3393 2768 et
3422 2715 3551 2769 dicit
3581 2731 3595 2768 :

2020 2803 2284 2859 Genet-otio
2316 2813 2363 2857 et
2408 2807 2662 2876 generatio
2710 2804 2938 2859 laudabit
2974 2821 3127 2872 opera
3174 2815 3279 2869 tua,
3312 2805 3598 2859 ostendens

2020 2896 2435 2966 magnitudinem
2462 2895 2578 2964 ejus
2604 2911 2668 2950 ex
2696 2896 2966 2965 operibus.
2982 2895 3094 2950 lloc
3114 2904 3214 2957 est,
3237 2895 3352 2950 Non
3380 2911 3488 2950 uno
3513 2911 3600 2950 so-

2021 2987 2130 3041 lum
2164 2998 2401 3057 tempore
2429 2987 2565 3041 facta
2595 2995 2720 3040 sunt
2761 2995 2818 3042 et
2864 2987 3275 3057 prmterierunt,
3319 3002 3493 3057 neque
3545 2986 3598 3040 in

2021 3079 2231 3134 duobus
2259 3089 2351 3134 aut
2378 3079 2548 3134 tribus
2571 3080 2746 3146 annis,
2777 3082 2874 3134 sed
2905 3095 2999 3150 per
3025 3081 3331 3134 universum
3365 3093 3603 3148 prmsens

2026 3171 2274 3226 saeculum
2306 3171 2700 3236 extenduntur,
2749 3172 2820 3226 ita
2845 3181 2906 3226 ut
2953 3187 3282 3243 unaquaeque
3328 3172 3601 3242 generatio

2025 3262 2141 3332 ejus
2169 3277 2332 3332 opera
2359 3262 2769 3332 contempletur.
2800 3262 2913 3317 Hoc
2951 3272 3034 3317 est
3062 3265 3228 3328 enim,
3257 3262 3528 3318 Generatio
3557 3272 3604 3316 et

2025 3355 2277 3425 generatio
2300 3370 2318 3407 :
2337 3363 2390 3409 et
2416 3369 2536 3424 qua:
2563 3363 2662 3417 est.
2695 3354 2884 3425 inquit,
2912 3362 2965 3408 et
2989 3369 3106 3424 qua:
3136 3356 3392 3425 sequitur,
3410 3363 3465 3410 et
3488 3370 3606 3425 qua:

2028 3455 2148 3516 post
2192 3444 2337 3499 illam
2394 3443 2568 3500 futura
2598 3455 2700 3513 est,
2732 3455 2788 3501 et
2826 3461 2945 3517 qua:
2985 3462 3171 3501 rursus
3213 3457 3334 3516 post
3362 3461 3503 3514 eam,
3553 3458 3605 3502 et

2028 3552 2356 3608 unaquaeque
2383 3553 2563 3593 earum
2609 3554 2727 3608 qua:
2756 3548 3051 3609 sequuntur
3080 3557 3093 3595 :
3128 3554 3311 3593 rursus
3341 3549 3606 3605 creatura,

2027 3648 2146 3702 qum
2175 3631 2275 3686 hoc
2301 3632 2447 3687 omni
2474 3641 2714 3702 tempore
2740 3632 2985 3687 similiter
3025 3633 3326 3687 extenditur
3348 3673 3364 3699 ,
3416 3648 3608 3703 nempe

2029 3723 2236 3787 caelum,
2264 3733 2423 3789 terra,
2451 3738 2618 3790 mare,
2637 3737 2750 3791 aer,
2769 3723 2935 3790 lacus,
2966 3721 3160 3790 fontes,
3180 3724 3345 3783 lluvii,
3380 3727 3606 3789 semina,

2031 3818 2243 3888 plantae,
2271 3815 2472 3881 herbae,
2494 3824 2550 3872 et
2574 3832 2693 3887 qua:
2716 3830 2782 3872 ex
2807 3816 2871 3871 iis
2897 3817 3174 3885 capiuntur
3201 3816 3477 3881 beneﬁcia,
3519 3833 3612 3870 na-

2034 3920 2165 3965 tura:
2189 3926 2379 3965 cursus
2399 3911 2487 3979 qui
2517 3925 2804 3980 numquam
2842 3910 3265 3980 interrumpitur,
3297 3910 3514 3974 imbres,
3558 3919 3614 3965 et

2036 4013 2332 4070 temporum
2364 4003 2756 4059 vicissitudines
2775 4013 2923 4058 certo
2951 4003 3137 4058 ordine
3174 4002 3389 4058 assidue
3429 4017 3614 4073 proce-

2034 4092 2244 4158 dentes,
2265 4108 2391 4158 nox,
2413 4093 2550 4152 dies.
2573 4094 2677 4159 sol,
2712 4093 2855 4156 luna,
2872 4102 3036 4153 astra,
3058 4095 3157 4146 alia
3185 4093 3381 4157 omnia,
3414 4102 3469 4148 et
3493 4109 3613 4163 quae

2038 4193 2229 4252 przeter
2260 4183 2375 4236 huic
2398 4183 2635 4252 quotidie
2662 4183 2792 4237 ﬁunt
2821 4191 2876 4238 et
2895 4183 3139 4253 privatim
3178 4193 3233 4238 et
3261 4183 3614 4238 communiter

2036 4272 2102 4326 ad
2130 4273 2500 4342 corrigendum
2529 4282 2582 4327 et
2625 4273 2882 4328 beneﬁcio
2933 4271 3268 4327 afﬁciendum
3308 4274 3614 4327 universum

2039 4377 2206 4432 genus
2231 4361 2505 4416 hominum
2523 4404 2538 4430 ,
2569 4377 2686 4431 qua:
2714 4362 2928 4418 assidue
2953 4363 3149 4418 Judaeis
3176 4363 3491 4418 eveniebant
3518 4364 3618 4418 mi~

2038 4452 2250 4518 racula,
2284 4453 2464 4522 signa,
2510 4453 2837 4522 providentia
2896 4455 2948 4508 in
2978 4454 3182 4523 frugum
3239 4455 3616 4524 proventibus,

2043 4542 2373 4613 providentia
2407 4544 2456 4597 in
2486 4543 2705 4598 victoria
2757 4545 3010 4599 adversus
3055 4544 3256 4611 hostes,
3291 4545 3619 4615 providentia

2041 4649 2159 4704 quas
2187 4642 2271 4689 est
2315 4634 2366 4688 in
2393 4634 2510 4688 aliis
2552 4635 2818 4700 omnibus,
2843 4637 3017 4704 qualia
3047 4635 3258 4691 fuerunt
3297 4637 3348 4690 in
3388 4637 3620 4693 adventu

2041 4725 2260 4790 Christi,
2287 4725 2461 4794 qualia
2485 4735 2723 4795 tempore
2739 4728 3100 4795 apostolorum
3121 4769 3136 4791 ,
3171 4729 3345 4798 qualia
3379 4739 3620 4798 tempore

2042 4816 2532 4886 persequutionum,
2563 4832 2682 4885 quae
2709 4817 2920 4885 quidem
2952 4817 3165 4872 fuerunt
3191 4819 3421 4888 antiquis
3453 4819 3609 4889 longe

2047 4908 2194 4978 plura
2217 4917 2272 4962 et
2295 4907 2516 4977 majora,
2542 4908 2713 4976 qualia
2742 4909 2898 4962 etiam
2928 4919 3106 4964 nostra
3130 4909 3229 4964 hac
3255 4911 3620 4980 generatione.

2043 5000 2256 5055 Nullum
2299 5009 2381 5054 est
2422 5001 2562 5054 enim
2601 5009 2808 5068 tempus
2832 5041 2847 5065 ,
2879 5001 3015 5068 quod
3066 5001 3226 5054 etiam
3278 5011 3472 5070 praeter
3511 5002 3637 5078 lure

2044 5093 2342 5146 communia
2371 5107 2476 5145 non
2506 5091 2640 5144 lerat
2664 5093 2871 5161 signum
2900 5093 3016 5160 ejus
3035 5093 3403 5162 providentiae.
3443 5092 3510 5147 Et
3531 5111 3624 5164 po-

2046 5185 2252 5239 tentiam
2281 5195 2419 5237 tuam
2445 5185 2834 5237 annuntiabunt.
2871 5184 2935 5238 Et
2969 5199 3065 5254 per
3108 5185 3386 5246 beneﬁcia,
3419 5186 3624 5253 inquit,

2045 5285 2099 5331 et
2129 5291 2224 5347 per
2251 5277 2526 5346 supplicia.
2557 5275 2672 5330 Non
2701 5285 2879 5331 cessat
2906 5277 3047 5331 enim
3085 5279 3226 5331 omni
3252 5278 3456 5331 ratione
3488 5277 3628 5332 Deus

2048 5370 2190 5424 omni
2220 5379 2457 5438 tempore
2493 5376 2688 5423 nostra:
2709 5376 2912 5423 natura:
2933 5368 3254 5440 prospicere.
3278 5368 3333 5423 5.
3375 5366 3628 5438 Magni/i-

2117 5491 2191 5558 (ᾳ)
2225 5491 2323 5558 Gr._
2344 5490 2729 5558 aioxovéo‘ewauv
2765 5489 2841 5538 ἐπὶ
2871 5492 2930 5558 τῇ
2974 5486 3129 5551 οἰκείᾳ
3160 5485 3326 5558 pavit}.
3362 5483 3513 5558 Hac,_
3545 5485 3622 5534 ἐπὶ

2051 5572 2098 5605 τ.
2124 5549 2190 5602 'ol'.
2219 5569 2289 5614 p..,
2311 5549 2512 5614 habent
2532 5552 2630 5600 duo
2648 5565 2789 5609 mss,
2823 5557 2964 5599 recte
2974 5564 3005 5614 _:
3031 5549 3142 5597 nam
3173 5549 3449 5614 insectatur
3487 5549 3625 5614 Anq-7

2053 5607 2232 5673 minos,
2258 5607 2350 5675 qui
2390 5610 2621 5662 dicebant
2671 5624 2727 5660 se
2776 5607 2929 5675 nosse
2973 5610 3167 5675 Deum,
3207 5613 3264 5656 ut
3315 5607 3454 5675 Deus
3492 5609 3627 5675 novit

2053 5666 2292 5740 seipsum:
2324 5674 2755 5740 QuatuorAautetn
2793 5672 2900 5721 haec
2941 5669 3090 5720 verba
3137 5669 3348 5740 deerant
3395 5666 3448 5717 in
3497 5668 3624 5740 Edit.

2056 5732 2227 5788 Morel.
2246 5743 2299 5786 et
2322 5732 2371 5786 in
2393 5734 2543 5787 Savi'.
2557 5736 2654 5787 Sed
2675 5732 2754 5784 hic
2776 5741 3054 5797 postremus
3066 5744 3126 5784 ea
3151 5739 3288 5782 notat
3312 5732 3364 5780 in
3381 5732 3624 5795 margine.
