4070 6340
527 329 632 385 467

524 445 734 498 centiam
763 444 940 515 gloria:
986 432 1269 498 sanctitatis
1297 455 1396 499 tum
1421 445 1719 516 loquentur,
1764 454 1809 500 et
1855 445 2106 499 mirabilia

525 550 612 591 tua
640 537 938 592 narrabant.
969 537 1120 593 Alius
1150 536 1251 612 (a),
1283 535 1726 592 Pulchritudinem
1779 537 1946 592 laudis
1986 548 2104 604 tum,

523 638 568 682 et
597 627 744 682 verba
772 628 1079 682 mirabilium
1100 639 1300 683 tuorum
1331 629 1625 682 narrabant.
1658 629 1946 700 Postquam
1971 629 2106 684 dixit

523 721 848 791 potentiam,
886 719 1120 775 ostendit
1149 721 1306 775 etiam
1335 735 1451 776 eam
1482 721 1774 790 potentiam
1801 735 1922 776 esse
1971 719 2108 774 insi-

519 825 678 881 gnem
703 817 758 865 et
780 811 1051 866 eximiam.
1077 810 1259 880 Neque
1285 812 1426 865 enim
1449 810 1782 881 simpliciter,
1817 827 1989 880 neque
2021 826 2108 866 res

521 903 770 972 vulgares
820 901 982 967 fecit,
1027 901 1124 958 sed
1152 903 1331 957 omnia
1375 912 1480 957 tam
1530 903 1861 958 admirabilia
1903 914 1959 959 et
1999 914 2106 958 tam

524 993 854 1048 incredibilia
905 1003 1160 1064 perpetuo
1187 993 1334 1060 fecit,
1368 994 1488 1062 plus
1516 1009 1674 1065 quam
1705 1010 1898 1064 capere
1925 1006 2106 1065 posset

519 1088 746 1138 humana
780 1093 968 1161 natura
995 1101 1244 1154 operaus,
1269 1094 1328 1141 ut
1347 1103 1465 1156 qua:
1503 1086 1659 1151 tiunt,
1683 1087 1792 1140 sint
1819 1087 1974 1157 plena
2001 1087 2104 1140 mi-

519 1176 700 1232 raculo
727 1187 776 1230 et
808 1177 993 1247 gloria.
1019 1175 1309 1232 Considera
1339 1193 1466 1247 ergo
1483 1193 1600 1248 qua:
1628 1178 1679 1232 in
1703 1177 1955 1249 Egypto,
1983 1194 2105 1249 qua:

517 1267 569 1320 in
615 1267 892 1322 Palaestina
923 1267 1059 1323 facta
1108 1279 1232 1323 sunt
1269 1278 1506 1339 tempore
1533 1269 1760 1324 Abrahae
1784 1311 1798 1334 ,
1830 1270 2007 1334 Isaac,
2051 1279 2104 1324 et

515 1360 712 1430 Joseph
741 1379 754 1415 :
782 1377 966 1416 rursus
995 1377 1114 1432 qua:
1143 1363 1192 1416 in
1216 1362 1450 1433 IEgypto
1478 1371 1721 1433 tempore
1758 1361 1920 1418 Mosis
1941 1406 1953 1420 .
1984 1379 2102 1432 qua:

515 1453 569 1507 in
618 1453 923 1519 solitudine,
971 1469 1088 1523 qua:
1129 1462 1248 1524 post
1289 1453 1588 1524 ingressum
1623 1471 1636 1506 :
1670 1453 1847 1508 denuo
1893 1469 2011 1525 quae
2048 1455 2101 1509 in

515 1545 842 1614 captivitate,
867 1561 984 1615 qua:
1006 1547 1104 1601 sub
1116 1545 1626 1614 Nabuchodonosor,
1648 1563 1765 1617 quae
1793 1548 1844 1602 in
1864 1548 2097 1614 fornace,

512 1654 633 1705 qua:
660 1641 710 1691 in
743 1638 1008 1704 leonibus,
1040 1654 1158 1709 qua:
1189 1639 1241 1694 in
1283 1638 1490 1704 reditu,
1537 1655 1656 1710 quae
1700 1640 1751 1693 in
1799 1640 2094 1709 prophetis.

511 1728 637 1784 ﬂare
662 1730 804 1784 enim
832 1731 1008 1784 omnia
1030 1729 1390 1799 prardicabant
1415 1730 1532 1796 ejus
1560 1731 1649 1800 qui
1684 1729 2096 1799 fecitvirtutcm,

511 1821 754 1891 gloriam,
780 1820 1134 1891 majeSLatem,
1157 1821 1435 1878 all'erentia
1465 1837 1715 1893 magnum
1743 1832 2016 1893 stuporem
2044 1832 2100 1879 et

510 1912 938 1968 admirationem.

587 2005 834 2078 Pestifera
856 2023 916 2059 ac
942 2008 1093 2060 noxia
1113 2007 1263 2060 etiam
1291 2004 1386 2060 Dei
1412 2014 1530 2060 sunt
1570 2005 1912 2074 providentiae.
1943 2037 2014 2046 —
2039 2009 2090 2060 6.

515 2097 581 2152 Et
609 2100 840 2152 virtutem
863 2099 1158 2152 terribilium
1189 2108 1389 2150 tuorum
1418 2097 1602 2158 dicent,
1623 2109 1668 2152 et
1697 2097 2096 2167 magnitudinem

508 2202 644 2245 tuam
667 2195 962 2246 narrabant.
992 2193 1098 2246 Per
1129 2192 1241 2245 haec
1265 2191 1498 2246 ostendit
1521 2205 1639 2247 esse
1671 2192 1958 2258 perfectam
1979 2192 2094 2260 ejus

455 2297 457 2299 ‘
510 2284 798 2352 potentiam
821 2282 886 2336 ad
910 2281 1363 2344 benefacieudnm,
1387 2281 1452 2335 ad
1474 2281 1819 2350 puniendum,
1847 2282 2092 2336 etomuia

507 2392 625 2444 qme
659 2383 964 2429 enumerata
987 2383 1111 2428 sunt
1140 2385 1420 2444 utrumque
1445 2373 1748 2442 complecti.
1776 2373 1887 2427 Hoc
1915 2383 2091 2427 autem

509 2476 688 2536 potest
715 2467 881 2521 videri
914 2481 1018 2520 non
1047 2466 1220 2520 solum
1249 2466 1300 2520 in
1333 2467 1398 2520 iis
1446 2482 1566 2537 qua:
1596 2476 1720 2520 tunc
1774 2476 2089 2531 evenerunt,

507 2559 601 2611 sed
629 2559 789 2612 etiam
827 2559 878 2612 in
918 2559 1199 2624 creaturis,
1230 2568 1283 2612 et
1329 2558 1608 2628 utriusque
1655 2558 1896 2613 beneﬁcii
1927 2561 2090 2613 multa

506 2667 627 2705 esse
657 2651 1029 2717 instrumenta,
1075 2659 1258 2720 utpote
1285 2665 1462 2704 rerum
1511 2648 1724 2721 quidem
1754 2651 2088 2716 terribilium,

506 2741 730 2812 fulgura,
763 2743 991 2796 tonitrua
1016 2743 1056 2810 ¹,
1093 2741 1331 2806 fulmina,
1367 2741 1548 2812 igneos
1581 2741 1837 2808 turbines,
1865 2752 2086 2811 pestem,

507 2835 674 2899 nives,
701 2835 1034 2905 grandinem,
1059 2835 1373 2904 rubiginem,
1396 2835 1538 2905 gelu,
1570 2835 1834 2899 incendia,
1868 2836 2090 2890 inunda-

508 2931 713 2992 tiones;
745 2928 796 2981 in
827 2927 1127 2996 reptilibus,
1151 2927 1434 2992 dracones,
1471 2929 1734 2997 scorpios,
1767 2938 2084 2997 serpentes;

510 3022 561 3074 in
590 3020 910 3087 volucribus,
937 3020 1224 3084 locustam;
1253 3031 1304 3075 et
1329 3020 1382 3074 in
1411 3021 1475 3074 iis
1502 3036 1621 3091 quae
1661 3031 1784 3076 sunt
1805 3022 2010 3090 abjecta
2033 3031 2090 3077 et

506 3113 647 3175 vilia,
681 3116 1053 3190 cynomyiam,
1081 3126 1292 3166 erucam
1321 3130 1334 3165 :
1381 3127 1501 3182 qua:
1550 3114 1662 3182 ipsa
1697 3129 1908 3184 quoque
1965 3125 2088 3171 sunt

507 3203 855 3270 providentia:
892 3220 904 3255 :
935 3212 1124 3272 etquae
1153 3200 1394 3257 homines
1414 3212 1748 3270 convertant,
1782 3221 1811 3259 a
1842 3205 2084 3261 socordia

504 3293 752 3358 Iibereut,
795 3308 823 3346 a
864 3292 1130 3364 profundo
1167 3307 1359 3348 somno
1399 3295 1649 3361 excitent,
1699 3311 1728 3349 a
1756 3307 1977 3352 veterno
2018 3298 2083 3352 ad

503 3387 824 3456 vigilantiam
854 3386 1154 3440 traducaut.
1187 3386 1300 3440 Non
1323 3387 1496 3442 solum
1522 3396 1699 3444 autem
1732 3389 1783 3443 in
1820 3389 1900 3443 his
1924 3433 1940 3457 ,
1987 3392 2082 3446 sed

501 3480 659 3532 etiam
712 3479 762 3531 in
797 3479 1078 3532 Contrariis
1107 3487 1191 3532 est
1231 3479 1398 3533 virtus
1429 3479 1543 3549 ejus
1574 3481 1825 3548 perlecta.
1872 3482 1935 3536 Et
1965 3483 2084 3537 ideo

501 3585 622 3623 cum
655 3586 752 3624 ltus
781 3570 894 3625 hinc
923 3570 1085 3624 vellet
1111 3569 1325 3634 docere,
1353 3578 1627 3641 pOSIquam
1651 3571 1805 3630 dixit.
1835 3571 2082 3626 Virtutem

500 3663 794 3718 terribilium
823 3674 1022 3716 tuorum
1053 3663 1238 3727 dicent,
1263 3673 1308 3719 et
1339 3666 1763 3734 magniﬁcentiam
1791 3677 1928 3719 tuam
1957 3684 2080 3718 nar-

499 3756 700 3820 rabunt,
729 3757 999 3825 subjunxit
1023 3775 1035 3809 :
1064 3758 1116 3811 7.
1143 3756 1443 3810 Memoriam
1468 3759 1793 3812 abundantia?
1819 3761 2081 3814 suavitatis

499 3858 600 3902 tua:
641 3850 951 3901 eructabunt.
999 3850 1166 3914 Alius,
1201 3848 1449 3903 Bonitatis
1494 3860 1610 3904 tute.
1663 3850 1729 3904 Et
1767 3853 1970 3922 justitia
1996 3863 2084 3907 tua

498 3939 816 3993 ea‘sultabunt
839 3939 933 4010 (b).
964 3939 1114 4006 Quod
1143 3941 1277 3993 alius
1317 3941 1451 3994 dixit
1479 3941 1762 4010 interpres,
1787 3942 1852 3996 Et
1881 3947 2079 3998 miseri-

499 4031 696 4084 cordias
719 4041 830 4084 tuas
871 4031 1148 4085 laudabunt
1177 4030 1265 4104 (ο).
1289 4031 1398 4088 Nos
1427 4043 1604 4087 autem
1633 4037 2077 4102 quemadmodum

498 4120 753 4174 terribilia
782 4121 1230 4185 enmneravimus,
1269 4122 1337 4176 ita
1368 4124 1525 4177 etiam
1559 4141 1776 4179 necesse
1816 4137 1898 4180 est
1935 4129 2080 4183 (lica-

497 4224 613 4265 mus
641 4226 825 4265 eorum
857 4212 1122 4266 contraria
1147 4228 1162 4278 ;
1201 4227 1393 4282 nempe
1424 4215 1476 4268 in
1507 4215 1571 4269 iis
1599 4232 1717 4285 qua:
1739 4217 2006 4284 videntur,
2026 4227 2081 4274 et

496 4321 617 4376 qum
643 4307 781 4360 circa
809 4321 904 4360 nos
927 4317 1072 4372 sunt,
1097 4321 1303 4360 annuas
1331 4316 1628 4378 temporum
1658 4311 2075 4378 vicissitudines,

496 4397 632 4464 dies,
665 4397 868 4460 hortos,
905 4409 1076 4468 prata,
1127 4397 1286 4454 nores
1316 4401 1510 4464 varios,
1543 4417 1735 4472 aquam
1767 4403 1974 4459 dulcem
2024 4414 2080 4460 et

496 4488 781 4556 potabilcm
807 4529 822 4553 ,
855 4489 1134 4544 commoda
1167 4504 1284 4559 qua:
1326 4491 1607 4560 capiuntur
1649 4507 1712 4547 ex
1779 4495 2074 4562 imbribus,

495 4588 652 4634 terrae
680 4590 879 4649 partus,
903 4581 1078 4635 varios
1102 4579 1325 4646 fructus,
1355 4581 1593 4637 diversas
1617 4584 1860 4652 arbores,
1886 4601 2077 4643 suaves

494 4685 704 4735 ventos,
738 4674 966 4728 solerem
991 4674 1218 4734 radium.
1253 4675 1493 4732 lunarem
1519 4676 1837 4746 lampadem,
1869 4694 2074 4734 varium

493 4773 758 4819 astrorum
788 4765 1050 4831 chorum,
1081 4767 1313 4836 quietam
1355 4775 1410 4820 et
1454 4766 1793 4836 tranquillam
1825 4779 2070 4823 noctem:

493 4866 546 4911 et
575 4857 625 4910 in
656 4855 842 4919 brutis,
874 4871 1022 4923 oves,
1054 4859 1238 4924 boves,
1267 4868 1321 4913 et
1345 4873 1565 4927 capras;
1598 4859 1729 4913 etin
1751 4861 2070 4929 agresdhus,

491 4966 710 5020 capreas
729 4991 744 5016 ,
771 4966 976 5017 cervos,
1005 4951 1234 5020 lepores,
1253 4951 1418 5006 etalia
1442 4951 1664 5020 plurima
1685 4967 1700 5016 ;
1719 4954 1833 5007 etiu
1858 4952 2075 5007 volucri-

493 5043 611 5108 bus,
637 5059 762 5097 aves
782 5042 1052 5109 lndicas’;
1081 5044 1134 5098 in
1163 5043 1292 5113 ipsis
1313 5043 1562 5112 operibus
1587 5043 1748 5097 videri
1771 5053 1944 5112 potest
1967 5060 2070 5097 non

553 5214 569 5245 ι
605 5211 677 5260 sic
695 5208 856 5268 Savil.;
880 5221 993 5266 vox,
1037 5205 1262 5268 tonitrua,
1299 5206 1474 5268 deerat
1501 5205 1549 5252 in
1586 5204 1752 5254 Morel.
1779 5203 1919 5268 Paulo
1942 5209 2067 5267 post,

489 5287 604 5330 vox,
616 5267 897 5330 rubiginem,
908 5272 1053 5320 deest
1076 5271 1125 5319 in
1147 5267 1284 5318 savii.
1301 5281 1316 5329 ;
1340 5269 1430 5318 sed
1447 5267 1576 5316 illam
1592 5279 1764 5317 vocem
1778 5267 1941 5328 adjicit
1961 5269 2069 5329 ipse

489 5336 633 5399 paulo
656 5331 777 5384 inli‘a
795 5340 921 5395 post,
948 5331 1192 5381 locustam.
1275 5390 1326 5399 ,ί
1529 5397 1537 5399 _
1609 5395 1612 5398 ,
1659 5391 1675 5399 _
1748 5390 1760 5399 ,
1909 5389 1918 5399 .

550 5399 569 5428 ³
605 5406 654 5446 In
675 5388 856 5453 Graeco,
883 5407 966 5453 τοὺς
991 5405 1128 5456 ὄρνιθας
1153 5403 1236 5449 τώς
1265 5390 1449 5456 inmte.
1477 5395 1640 5452 ’ῼδυιοῦς
1659 5390 1847 5455 legisse
1874 5388 2070 5439 videtur

485 5461 746 5510 chtianus
769 5453 1024 5518 Hervetus,
1045 5455 1126 5518 qui
1151 5453 1318 5509 vertit,
1343 5462 1694 5518 aves_canoras.

549 5522 624 5584 (a)
659 5521 772 5578 Quis
791 5521 857 5584 sit
890 5517 969 5568 hic
990 5511 1252 5578 interpres,
1279 5525 1342 5563 ne
1365 5512 1644 5575 conjectura
1674 5511 1874 5576 quidem
1901 5524 2068 5574 possu-

484 5595 1011 5708 m'l‘iiﬁifgiii'terpres
1033 5641 1144 5750 qluis
1159 5639 1221 5690 sit
1244 5637 1511 5700 ignoratur.
1539 5641 1651 5686 Haec
1674 5641 1855 5697 autem,
1883 5635 2064 5687 bonita-

484 5706 544 5750 lis
563 5716 676 5750 tum-
693 5707 870 5750 desunt
886 5708 932 5750 in
954 5705 1055 5750 Savi
1081 5740 1094 5750 .

481 5706 544 5760 tis
561 5705 676 5766 tum,
693 5707 870 5755 desunt
886 5708 932 5753 in
954 5705 1094 5753 Savil.

549 5772 621 5834 (ε)
658 5760 767 5819 inec
789 5768 1128 5830 interpretatio
1152 5771 1228 5814 est
1246 5760 1526 5826 Symmachi.

1330 337 1386 383 δ.
1427 328 1706 386 JOANNIS
1737 327 2204 386 CHRYSOSTOMI
2235 329 2550 391 ARCHIEP.
2591 338 3124 405 CONSTANTINOP.

3709 363 3806 420 £68

2217 445 2387 500 solum
2411 450 2656 519 puniens,
2681 456 2774 511 sed
2811 458 2968 530 longe
2997 464 3155 517 etiam
3190 466 3416 535 amplius
3444 467 3702 529 beneﬁcio
3727 476 3784 531 at

2218 536 2403 638 ﬁciens
2423 559 2579 612 quam
2606 550 2849 615 puniens.
2877 553 2942 608 Et
2972 554 3059 608 illa
3091 556 3304 625 quidem
3353 562 3573 618 terroris
3600 567 3798 638 gratia;

2213 630 2326 684 etsi
2344 647 2404 686 ea
2431 635 2713 729 aliquando
2741 658 2926 699 revera
2956 645 3318 717 intentaverit,
3367 652 3416 706 id
3443 651 3568 710 facit
3589 630 3795 729 proptei

2213 737 2314 824 eos
2339 727 2442 824 qui
2492 730 2628 786 adeo
2659 737 2853 804 stupidi
2875 749 3017 806 sunt,
3045 752 3102 797 ut
3125 754 3268 801 metu
3311 764 3415 803 non
3445 727 3795 824 corrigantur.

2213 813 2381 917 lumbis
2403 828 2578 875 autem
2601 832 2657 917 et
2680 829 2958 885 muniﬁcus
2979 843 3032 886 et
3051 834 3383 903 splendidus,
3412 813 3796 917 hisqudreipsa

2211 905 2374 961 allicit
2401 925 2505 964 non
2537 915 2708 969 solum
2731 917 2939 988 dignos,
2965 923 3058 977 sed
3087 926 3246 981 etiam
3273 905 3540 1002 indignos.

2281 1018 2336 1120 δῖ
2393 1020 2614 1078 Varians
2660 1041 2790 1098 ergo
2843 1043 3078 1090 nostram
3130 1038 3396 1110 salutem,
3449 1027 3610 1102 modo
3657 1047 3792 1120 itare,

2212 1113 2374 1210 modo
2400 1114 2512 1184 illa,
2568 1117 2714 1183 facit,
2746 1131 2801 1176 et
2831 1122 2945 1180 hate
2974 1130 3170 1198 smpius
3195 1147 3353 1202 quam
3386 1136 3500 1205 illa,
3545 1113 3792 1210 quoniam

2211 1202 2328 1260 haec
2356 1209 2468 1261 sola
2497 1209 2785 1268 desiderat.
2810 1215 3097 1286 Propterea
3125 1224 3265 1278 enim
3289 1202 3591 1295 gehennam
3622 1233 3791 1291 mina-

2213 1303 2297 1390 tus
2318 1306 2420 1363 est,
2455 1315 2559 1354 non
2603 1312 2659 1357 ut
2687 1320 2803 1360 eam
2845 1306 3129 1381 iuﬂigeret,
3168 1315 3261 1368 sed
3291 1331 3358 1371 ne
3385 1317 3683 1390 inﬂigeret;
3739 1335 3794 1382 et

2210 1389 2355 1486 illam
2403 1394 2616 1463 quidem
2653 1402 2862 1468 paravit
2895 1402 3108 1459 diabolo
3138 1423 3152 1459 :
3183 1405 3266 1461 Ite
3301 1412 3466 1477 enim,
3508 1416 3696 1486 inquit,
3740 1419 3792 1472 in

2208 1481 2392 1550 ignem,
2439 1486 2526 1554 qui
2551 1497 2761 1557 paratus
2802 1501 2874 1544 est
2911 1495 3112 1550 diabolo
3153 1497 3366 1566 (Matth.
3397 1500 3488 1558 25.
3517 1481 3624 1575 Η-)
3663 1481 3789 1564 :rro-

2205 1587 2368 1641 gnum
2393 1586 2569 1630 autem
2599 1578 2923 1649 hominibus,
2956 1587 3246 1642 ostendens
3265 1605 3324 1645 se
3353 1593 3495 1649 nolle
3520 1595 3788 1655 hominem

2205 1661 2476 1720 intrudere
2503 1668 2556 1722 in
2576 1669 2894 1739 gehennam.
2914 1674 2967 1729 8.
2995 1675 3290 1736 Misericors
3313 1693 3360 1736 et
3386 1685 3650 1741 miserator
3677 1689 3787 1743 Do-

2205 1757 2388 1822 minus,
2423 1760 2619 1828 patiens
2637 1773 2684 1816 et
2713 1766 2925 1820 multum
2975 1769 3278 1827 misericors.
3309 1775 3363 1830 9.
3391 1775 3578 1833 Suavis
3599 1779 3782 1836 Domi-

2203 1864 2298 1905 nus
2324 1853 2595 1918 universis,
2626 1866 2672 1909 et
2700 1859 3041 1916 miserationes
3090 1865 3198 1935 ejus
3231 1883 3384 1935 super
3426 1873 3600 1926 omnia
3623 1891 3780 1945 opera

2203 1943 2332 2013 ejus.
2367 1944 2530 2000 Vides
2561 1949 2874 2019 pr0phetam
2921 1953 3192 2011 immorari
3233 1959 3285 2012 in
3333 1960 3415 2015 his
3446 1943 3784 2032 melioribus,

2200 2045 2255 2090 et
2278 2039 2549 2106 prolixiori
2577 2043 2650 2097 uti
2681 2045 2943 2101 oratione.
2971 2047 3130 2104 Novit
3157 2052 3299 2106 enim
3346 2055 3436 2110 Dei
3463 2071 3594 2128 opes
3622 2060 3672 2114 in
3701 2061 3786 2119 his

2201 2131 2432 2187 maxime
2457 2135 2773 2191 consistere.
2815 2136 2996 2209 Neque
3022 2142 3164 2196 enim
3191 2143 3428 2202 licuisset
3453 2156 3780 2221 conservari,

2202 2223 2302 2276 nisi
2331 2239 2520 2295 magna
2553 2226 2742 2283 fuisset
2765 2229 2881 2299 ejus
2909 2233 3194 2291 clementia
3221 2256 3233 2291 :
3263 2255 3366 2294 non
3400 2241 3636 2302 licuisset
3662 2262 3782 2301 ma-

2200 2330 2350 2381 nere,
2392 2319 2494 2373 nisi
2523 2320 2640 2390 ejus
2671 2339 2915 2393 magnam
2961 2341 3203 2383 essemus
3228 2336 3431 2402 experti
3465 2336 3778 2396 bonitatem.

2197 2405 2269 2463 Et
2294 2409 2414 2465 ideo
2439 2411 2649 2468 dicebat
2680 2431 2693 2467 :
2724 2413 2836 2486 Ego
2865 2434 2976 2472 sum
3001 2421 3089 2491 qui
3107 2423 3247 2478 deleo
3263 2427 3550 2495 iniquitates
3570 2441 3703 2492 tuas.
3727 2447 3778 2490 et

2197 2501 2248 2554 in
2276 2503 2374 2557 tuis
2419 2508 2637 2574 peccatis
2663 2519 2711 2562 te
2733 2509 2954 2578 defendi.
2989 2513 3260 2572 Miserator
3285 2529 3330 2573 et
3360 2523 3642 2579 misericors
3664 2525 3780 2580 Do-

2198 2597 2364 2651 minus
2394 2592 2414 2664 (
2431 2597 2560 2653 lsai.
2606 2602 2696 2656 45.
2728 2602 2845 2675 25).
2877 2605 3006 2660 Vide
3035 2612 3304 2678 quomodo
3332 2618 3566 2672 ostendit
3592 2619 3778 2675 iuetl‘a-

2195 2688 2354 2745 bilem
2399 2692 2515 2762 ejus
2556 2693 2916 2752 clementiam.
2947 2699 3062 2755 Non
3109 2704 3280 2759 solum
3325 2708 3467 2762 enim
3497 2711 3783 2768 miseretur

2194 2797 2377 2836 eorum
2406 2785 2494 2854 qui
2522 2797 2763 2855 peceant,
2797 2791 2890 2845 sed
2917 2792 3075 2846 etiam
3101 2795 3244 2850 aliud
3266 2800 3496 2854 ostendit
3521 2818 3624 2856 non
3656 2819 3776 2872 par-

2194 2890 2510 2946 vumgeuus
2553 2880 2872 2949 clementiae,
2919 2899 3111 2954 nempe
3154 2886 3424 2944 lenitatem
3469 2903 3524 2946 et
3570 2895 3781 2963 patien-

2195 2970 2346 3036 tiam,
2395 2979 2450 3027 ut
2475 2975 2687 3029 veniant
2716 2976 2784 3030 ad
2827 2978 3215 3047 paenitentiam,
3247 2991 3299 3037 et
3345 2998 3466 3039 cum
3507 2986 3622 3056 ejus
3667 2989 3782 3044 cle-

2191 3064 2388 3118 mentia
2416 3079 2446 3118 a
2474 3081 2571 3121 suo
2600 3082 2811 3138 quoque
2839 3084 3222 3128 conserventur
3269 3075 3446 3132 studio
3469 3087 3525 3132 et
3551 3079 3783 3151 diligen-

2193 3161 2284 3226 tia,
2316 3168 2370 3214 et
2391 3175 2457 3215 ex
2487 3162 2597 3216 suis
2623 3161 2775 3218 factis
2806 3163 3051 3220 ﬁduciam
3082 3166 3331 3222 habeant.
3354 3169 3468 3225 Non
3491 3181 3574 3227 est
3595 3181 3777 3229 autem

2191 3253 2361 3307 solum
2416 3254 2742 3322 Misericors,
2796 3257 2890 3312 sed
2927 3259 3127 3326 etiam,
3173 3259 3395 3316 Multum
3453 3265 3771 3334 misericors,

2191 3347 2481 3401 ostendens
2509 3357 2708 3402 tantam
2739 3351 3160 3405 misericordiam
3189 3369 3293 3407 non
3337 3370 3493 3424 posse
3521 3373 3770 3414 mensura

2187 3438 2602 3507 comprehendi,
2642 3440 2734 3494 sed
2773 3457 2872 3496 nec
2897 3443 3010 3497 ullo
3052 3445 3303 3513 explicari
3353 3462 3620 3504 sermone.
3664 3452 3770 3506 Sed

2189 3539 2366 3583 tamen
2395 3545 2488 3598 per
2508 3544 2569 3583 ea
2587 3547 2704 3600 qua:
2728 3531 2978 3601 deinceps
3005 3548 3424 3606 consequuntur.
3450 3541 3622 3608 quoad
3655 3543 3771 3611 ejus

2191 3619 2304 3674 ﬁeri
2341 3621 2529 3690 potuit,
2576 3621 2829 3687 ostendit,
2859 3639 2978 3678 cum
3016 3626 3293 3695 subjunxit
3333 3647 3346 3683 :
3379 3630 3563 3685 Suavis
3589 3629 3772 3686 Domi-

2187 3729 2280 3766 nus
2295 3714 2556 3778 universis,
2575 3724 2622 3768 et
2640 3714 2978 3770 miserationes
2997 3717 3104 3786 ejus
3120 3735 3271 3788 super
3282 3721 3451 3774 omnia
3472 3739 3622 3789 Opera
3633 3726 3766 3794 ejus.

2260 3805 2470 3860 Bonitas
2513 3807 2610 3862 Dei
2647 3809 2699 3863 in
2743 3826 2930 3865 omnes.
2973 3809 3098 3866 Cain
3131 3813 3324 3883 punitio
3367 3831 3429 3868 ea:
3468 3814 3770 3886 benignitate

2187 3899 2302 3953 Dei.
2336 3899 2519 3954 Mortis
2543 3919 2701 3972 genus
2730 3904 3031 3958 levissimum
3059 3921 3146 3974 per
3165 3921 3367 3975 aquam.
3421 3905 3473 3959 Μ
3479 3917 3579 3961 uta:
3614 3925 3694 3962 res
3715 3920 3768 3962 ut

2187 3991 2351 4046 Deum
2376 3992 2688 4048 benedicant.
2719 4026 2790 4036 -—
2815 3996 2950 4061 Quid
2987 4006 3090 4060 est,
3117 3995 3372 4052 Universis
3391 3996 3417 4049 ἲ
3441 3998 3610 4052 Etiam
3639 4015 3766 4069 pec-

2185 4087 2475 4154 catoribus,
2509 4089 2698 4158 inquit,
2723 4099 2776 4143 et
2803 4091 2867 4145 iis
2900 4090 2988 4160 qui
3015 4089 3200 4146 vivunt
3225 4093 3504 4148 scelerate.
3534 4093 3654 4148 Non
3677 4110 3767 4149 so-

2184 4179 2293 4234 lum
2315 4181 2456 4234 enim
2481 4180 2627 4249 justi,
2661 4191 2715 4234 et
2735 4181 2768 4234 ii
2799 4182 2887 4252 qui
2909 4197 2968 4237 se
2988 4190 3133 4237 recte
3165 4191 3221 4238 et
3244 4199 3308 4238 ex
3337 4185 3533 4240 virtute
3553 4195 3760 4255 gerunt.

2183 4279 2276 4324 aut
2296 4271 2385 4340 qui
2407 4271 2674 4324 ducuntur
2713 4273 3021 4342 pmnitentia
3047 4288 3062 4336 ;
3091 4273 3185 4327 sed
3223 4273 3381 4329 etiam
3411 4289 3622 4340 omnes,
3673 4292 3766 4346 per

2184 4375 2247 4415 ea
2293 4377 2413 4430 qua:
2441 4363 2717 4431 patiuntur
2741 4403 2754 4427 ,
2791 4363 2906 4429 ejus
2932 4362 3350 4418 misericordiam
3381 4365 3670 4434 praedicant
3708 4375 3766 4420 et

2182 4452 2494 4508 bonitatem.
2522 4453 2588 4507 Et
2627 4452 2672 4506 si
2700 4452 2817 4522 quis
2853 4467 2939 4508 me
2964 4460 3136 4524 roget,
3167 4453 3390 4510 Cuinam
3417 4453 3515 4510 fuit
3552 4457 3764 4512 bonus?

2181 4545 2353 4600 dicam
2385 4564 2399 4601 :
2431 4545 2544 4601 Non
2589 4546 2720 4600 Abel
2750 4545 2890 4610 soli,
2916 4544 3011 4600 sed
3052 4545 3211 4600 etiam
3254 4545 3425 4601 Caino
3462 4565 3476 4600 :
3509 4563 3614 4602 non
3661 4549 3761 4602 soli

2180 4640 2294 4696 Noe
2318 4649 2372 4695 et
2399 4640 2515 4710 ejus
2539 4639 2720 4695 liberis
2743 4680 2757 4701 ,
2787 4638 2882 4693 sed
2911 4637 2976 4692 iis
3003 4639 3164 4693 etiam
3210 4654 3346 4710 quos
3383 4638 3635 4694 diluvium
3661 4639 3760 4696 ob-

2183 4733 2306 4786 ruit.
2329 4731 2688 4800 Qumcumque
2717 4731 2860 4785 enim
2897 4729 3044 4794 facit,
3079 4729 3372 4800 procedunt
3392 4745 3423 4783 a
3450 4731 3759 4786 misericor-

2179 4822 2266 4876 dia
2293 4833 2349 4878 et
2375 4820 2676 4877 clementia.
2707 4819 2774 4874 Et
2817 4830 2872 4874 ut
2900 4821 3039 4875 scias
3063 4861 3079 4886 ,
3105 4819 3373 4890 quomodo
3399 4819 3468 4872 sit
3491 4819 3546 4873 in
3573 4835 3759 4875 omnes

2180 4913 2350 4968 bonus
2371 4923 2426 4967 et
2453 4912 2708 4975 clemens,
2736 4909 2862 4965 illud
2893 4913 3015 4965 hinc
3041 4910 3343 4964 considera.
3372 4909 3597 4975 Quanta:
3625 4909 3746 4973 fuit,

2178 5020 2381 5075 quaso,
2430 5002 2790 5073 benignitatis,
2836 5002 2984 5056 illum
3033 4999 3378 5066 fratricidam,
3424 5002 3516 5070 qui
3553 5000 3756 5057 caedem

2179 5097 2441 5169 ejusmodi
2470 5097 2690 5164 fecerat,
2727 5096 2815 5166 qui
2847 5095 3118 5151 dexteram
3162 5094 3657 5158 suam-lmdaverat,
3702 5103 3758 5148 et

2178 5191 2268 5260 qui
2315 5188 2407 5244 Dei
2451 5189 2596 5258 leges
2645 5187 3086 5252 conculcaverat,
3117 5185 3207 5240 tali
3236 5185 3449 5240 tradere
3473 5184 3755 5256 supplicio,

2178 5281 2319 5354 quod
2344 5280 2636 5336 admonitio
2679 5282 2748 5335 sit
2773 5280 2949 5349 potius
2974 5293 3129 5348 quam
3155 5292 3331 5347 pteua,
3362 5284 3419 5331 ut
3442 5285 3497 5332 et
3523 5291 3617 5346 per
3637 5275 3756 5329 lou-

2177 5375 2471 5446 gitudinem
2502 5375 2758 5442 temporis
2788 5374 2932 5428 illum
2951 5372 3196 5440 expiaret
3222 5385 3252 5424 a
3284 5379 3520 5439 peccato,
3543 5378 3596 5424 et
3616 5367 3754 5422 alios

2177 5467 2396 5521 doceret
2445 5476 2501 5521 et
2542 5466 2827 5535 castigaret
2869 5479 2962 5533 per
3013 5478 3076 5518 ea
3123 5479 3242 5530 quas
3284 5463 3374 5518 ille
3419 5459 3755 5533 patiebatur?

2176 5559 2398 5627 Quanta:
2418 5567 2554 5624 erat,
2575 5572 2776 5627 qumso,
2807 5555 3148 5625 benignitatis
3167 5595 3182 5618 ,
3211 5569 3304 5609 eos
3330 5554 3419 5623 qui
3439 5552 3756 5623 gravissimo

2175 5663 2230 5708 et
2250 5649 2526 5705 iucurabili
2557 5649 2743 5702 morbo
2771 5645 3078 5700 laborabant
3095 5652 3334 5715 tempore
3358 5643 3562 5707 diluvii,
3582 5650 3755 5698 etnec

2182 5744 2360 5812 minis,
2387 5756 2487 5798 nec
2511 5739 2826 5806 rationibus,
2866 5752 2966 5794 nec
2990 5736 3099 5792 ullo
3124 5735 3229 5793 alio
3257 5735 3484 5791 correcti
3509 5733 3744 5793 fuerant.
