4064 6340
526 289 632 348 569

522 400 725 466 κακίας
752 414 802 467 ι,
851 402 942 456 καὶ
990 401 1068 474 τῷ
1117 404 1282 476 κοινῷ
1339 407 1493 477 χρέει
1549 409 1651 478 τῆς
1708 408 1927 478 φύσεως
1982 407 2103 461 ἀντὶ

525 486 831 560 φαρμάκου
871 488 1199 559 χρήσασθαι,
1251 491 1345 543 καὶ
1394 490 1485 544 τὸν
1541 492 1869 561 κουφότατον
1921 493 2102 556 αὐτοῖς

524 572 829 640 ἐπαγαγεῖν
861 570 1090 626 θάνατον
1115 572 1208 626 τὸν
1233 571 1321 626 διά
1349 573 1457 627 τῶν
1486 575 1695 629 ὑδάτων
1718 595 1735 643 ;
1763 576 1837 630 Τὸ
1854 576 1932 639 δέ,
1951 579 2103 647 Σύμ-

523 669 735 718 πασιν,
766 654 867 708 οὐκ
905 655 1000 708 ἐπὶ
1041 654 1229 709 τούτου
1264 656 1422 726 μόνον
1452 657 1599 711 ἐστιν
1632 660 1793 725 ίδείν,
1825 659 1963 713 ἀλλά
2010 660 2105 713 καὶ

524 737 619 791 ἐπὶ
643 736 750 790 τῶν
786 738 1076 809 ὁρωμένων
1102 739 1377 805 ἁπάντων,
1404 741 1497 793 ἐπὶ
1533 743 1640 794 τῶν
1668 741 1844 806 ζώων,
1880 743 2103 796 ἐπὶτῶν

524 820 764 890 ἀλόγων·
793 819 896 875 κᾶν
927 823 1007 885 είς
1030 821 1225 886 αὐτοὺς
1252 822 1279 862 δ
1307 823 1364 877 δὲ
1386 824 1450 877 ἄν
1477 842 1559 889 τις
1586 826 1760 897 ἀναϐῇ
1786 828 1912 891 τοὺς
1937 827 2103 898 ἀγγέ-

523 904 672 970 λους,
705 905 833 969 τοὺς
876 904 1268 977 ἀρχαγγέλους,
1325 907 1525 980 πολλὴν
1579 908 1771 978 ὄψεται
1817 910 1915 981 τὴν
1965 928 2103 983 χρη-

527 986 759 1059 στότητα
788 1030 802 1051 ,
863 987 1091 1051 πολλοὺς
1140 990 1266 1052 τοὺς
1321 990 1666 1061 οἰκτιρμούς·
1715 992 1945 1047 ἕκαστον
1995 992 2105 1064 γὰρ

526 1071 686 1144 ἔργον
714 1070 912 1141 πολλῆς
937 1070 1198 1124 ἀπολαύει
1228 1071 1654 1145 φιλανθρωπίας.
1695 1075 1875 1147 Ὅπερ
1916 1076 1980 1147 δὴ
2012 1077 2105 1130 καὶ

526 1155 689 1219 αὐτὸς
734 1153 990 1217 συνιδὼν,
1027 1155 1309 1225 ἐπήγαγεν
1334 1174 1346 1187 ·
1408 1156 2105 1229 Ἐξομολογησάσθωσάν

526 1252 650 1300 σοι,
673 1239 866 1305 Κύριε,
899 1236 1095 1290 πάντα
1122 1238 1196 1292 τὰ
1221 1239 1363 1306 ἔργα
1393 1255 1528 1302 σου,
1572 1240 1671 1294 καὶ
1705 1245 1760 1295 οὶ
1791 1241 1950 1295 ὅσιοί
1984 1258 2103 1297 σου

527 1319 1041 1390 εὺλογησάτωσάν
1054 1335 1148 1373 σε·
1162 1321 1457 1385 τουτέστιν,
1475 1323 1621 1393 Εὐχα
1629 1324 1979 1395 ριστείτωσάν
1996 1341 2101 1387 σοι,

526 1402 998 1475 ἀναπεμπέτωσάν
1019 1419 1101 1456 σοι
1130 1402 1351 1475 ὕμνους,
1391 1405 1444 1457 οἵ
1467 1422 1525 1458 τε
1553 1405 1695 1478 λόγῳ
1726 1407 2100 1477 τετιμημένοι,

526 1488 597 1543 τά
635 1506 695 1544 τε
736 1488 919 1560 φωνὴν
946 1489 1046 1542 οὐκ
1076 1488 1283 1560 ἔχοντα.
1317 1491 1425 1542 Καὶ
1454 1488 1564 1562 γὰρ
1598 1492 1694 1545 καὶ
1725 1490 1835 1545 τῶν
1873 1490 2104 1562 ἀφώνων

527 1574 756 1628 ἕκαστον
774 1570 916 1626 οὕτω
942 1572 1185 1641 γέγονεν,
1212 1571 1354 1626 ὥστε
1375 1573 1619 1643 εὐλογίαν
1645 1575 1989 1647 ἀναπέμπειν
2015 1575 2105 1629 διά

527 1656 630 1724 τῆς
656 1654 863 1718 οἰκείας
901 1653 1136 1723 φύσεως,
1166 1655 1267 1710 κᾶν
1300 1657 1491 1726 ἄφωνα
1519 1652 1576 1731 ᾖ,
1609 1657 1696 1711 διά
1720 1657 1827 1711 τῶν
1852 1658 2103 1728 ὁρώντων

528 1740 624 1795 καὶ
651 1738 1029 1793 ἀπολαυόντων
1061 1738 1383 1811 ἀνθρώπων.
1418 1742 1525 1795 Καὶ
1544 1743 1724 1795 ἐκεῖνα
1754 1742 1850 1812 μὲν
1894 1742 1982 1795 διὰ
2004 1742 2104 1812 τῆς

529 1822 716 1884 οὐσίας
739 1822 837 1891 τῆς
860 1821 1058 1888 αὐτῶν,
1082 1821 1357 1893 ἄνθρωποι
1376 1823 1433 1876 δὲ
1456 1824 1550 1878 καὶ
1571 1824 1659 1878 διὰ
1686 1824 1783 1894 τῆς
1805 1824 2101 1895 διαγωγῆς,

527 1907 624 1960 καὶ
640 1903 692 1978 [ί
703 1905 791 1977 72]
804 1904 891 1958 διὰ
906 1905 1005 1976 τῆς
1025 1904 1297 1976 πράξεως.
1311 1907 1401 1959 Διὸ
1414 1906 1673 1961 καὶτοῦτο
1684 1906 1841 1977 δῆλον
1858 1910 2003 1960 ποιεῖ
2016 1908 2103 1961 διὰ

525 1989 626 2058 τῆς
647 1988 941 2058 ἐπαγωγῆς
956 1988 1072 2053 τοῦ,
1094 1991 1158 2042 Ol
1174 1987 1331 2042 ὅσιοί
1342 2004 1458 2044 σου
1474 1988 1988 2059 εὐλογησάτωσάν
2005 2006 2098 2045 σε.

536 2072 746 2136 Ὀσίους
777 2070 833 2124 δὲ
864 2069 1097 2125 ἐνταῦθα
1139 2072 1268 2135 τοὺς
1313 2072 1499 2141 ἀγίους
1536 2073 1692 2126 καλεῖ
1732 2071 1859 2135 τοὺς
1896 2070 1964 2125 τά
2005 2072 2101 2126 τοῦ

525 2154 663 2208 Θεοῦ
696 2154 1091 2225 προστάγματα
1112 2154 1473 2227 πληροῦντας,
1500 2155 1627 2219 τοὺς
1664 2155 1893 2220 ἀϐάτους
1920 2158 2101 2228 ἀμαρ-

526 2239 737 2309 τήμασι
793 2237 887 2290 καὶ
948 2238 1202 2308 πονηρίᾳ.
1248 2238 1445 2302 Δόξαν
1481 2238 1592 2305 τῆς
1642 2239 1958 2305 βασιλείας
1986 2256 2102 2294 σου

526 2322 757 2390 ἐροῦσι.
795 2320 859 2374 Τί
886 2319 1229 2385 ἐστι,Δόξαν
1244 2320 1449 2391 ἐροῦσι
1466 2338 1485 2385 ;
1518 2322 1592 2375 Τὸ
1622 2322 1884 2385 ἁνενδεές,
1907 2324 1969 2376 τὸ
1984 2323 2104 2392 φιλ-

529 2405 834 2477 άνθρωπον,
862 2403 1047 2473 φησὶν,
1072 2402 1132 2456 τὸ
1150 2404 1520 2475 κηδεμονικὸν,
1542 2406 1602 2457 τὸ
1630 2406 1702 2477 μὴ
1732 2405 1979 2475 δεόμενον
1995 2405 2102 2459 τῶν

526 2487 942 2560 ἀρχομένων,τὺ
974 2487 1242 2558 τοσαύτην
1267 2498 1289 2526 ο
1324 2489 1452 2560 περὶ
1470 2489 1665 2553 αὐτοὺς
1699 2491 2101 2545 ἐπιδείκνυσθαι

527 2574 805 2644 πρόνοιαν,
846 2571 906 2624 τὸ
955 2572 1248 2643 ἀπρόσιτον
1274 2573 1368 2625 τοῦ
1402 2575 1606 2641 φωτὸς,
1635 2575 1696 2627 τὸ
1727 2576 1963 2647 ἄρρητον
2001 2576 2101 2646 τῆς

524 2656 732 2720 οὐσίας.
763 2656 824 2709 τὸ
853 2656 1253 2727 ἀκατάληπτον.
1288 2657 1394 2711 Καὶ
1432 2657 1545 2726 τὴν
1582 2657 1947 2712 δυναστείαν
1981 2674 2099 2713 σου

523 2740 893 2808 λαλήσουσι-
916 2739 1210 2804 τουτέστιν,
1240 2739 1351 2812 Τὴν
1376 2738 1604 2811 δύναμιν
1630 2740 1729 2812 τὴν
1755 2741 1986 2813 ἄμαχον,
2001 2743 2100 2812 τὴν

524 2822 822 2893 ἀχείρωτον
855 2822 1074 2895 ᾅσονται
1103 2821 1129 2862 ἀ
1159 2837 1173 2853 ’
1215 2822 1315 2877 οὐκ
1342 2823 1527 2896 ἐπειδή
1582 2840 1664 2877 σοι
1707 2824 1863 2896 χρεία
1895 2824 2100 2880 τούτων

524 2906 634 2961 τῶν
667 2905 851 2977 ὕμνων
885 2907 980 2961 καὶ
1016 2906 1124 2960 τῶν
1173 2906 1481 2978 εὐφημιῶν,
1524 2907 1660 2962 ἀλλά
1688 2908 1756 2961 δι’
1809 2908 2007 2974 αὐτούς
2038 2927 2098 2964 τε

522 2990 650 3052 τοὺς
681 2988 960 3059 λέγοντας,
1009 2990 1104 3044 καὶ
1149 2989 1289 3044 ὥστε
1331 2991 1427 3044 καὶ
1471 2991 1691 3063 ἐτέρους
1732 2991 1956 3057 διδάξαι,
2006 2994 2100 3047 καὶ

524 3073 751 3141 ποιῆσαι
777 3074 875 3144 τῆς
901 3072 1178 3144 εὐφημίας
1212 3073 1521 3136 κοινωνούς.
1554 3073 1644 3127 Διὸ
1669 3074 1915 3146 ἐπήγαγε
1936 3092 1951 3105 ·
1988 3076 2099 3130 Τοῦ

524 3156 816 3227 γνωρίσαι
867 3152 991 3221 τοῖς
1036 3155 1184 3223 υἱοῖς
1234 3155 1354 3209 τῶν
1396 3156 1722 3224 ἀνθρώπων
1769 3157 1884 3223 τὴν
1917 3156 2099 3211 δυναο

524 3238 737 3291 στείαν
766 3252 904 3301 σου,
932 3236 1032 3290 καὶ
1068 3237 1185 3306 τὴν
1223 3237 1412 3303 δόξαν
1442 3236 1553 3306 τῆς
1591 3241 2098 3308 μεγαλοπρεπείας

524 3320 637 3387 τῆς
656 3322 980 3387 βασιλείας
997 3336 1135 3377 σου.
1162 3323 1412 3377 Δείκνυσι
1444 3322 1531 3377 διά
1554 3321 1779 3388 τούτων,
1815 3324 1896 3379 ὅτι
1926 3324 2015 3378 διά
2038 3325 2099 3378 τὸ

529 3404 720 3475 μαθεῖν
750 3406 968 3475 ἐτέρους
1004 3405 1102 3477 τὴν
1141 3405 1458 3461 δυναστείαν
1493 3409 1658 3463 αὐτοῦ
1697 3409 1796 3473 τάς
1822 3409 2099 3481 εὐφημίας

524 3487 826 3558 προσίεται.
879 3488 1056 3559 Πολλὴ
1094 3488 1273 3543 τοίνυν
1317 3489 1628 3563 ὴδύναμις,
1674 3492 1844 3565 πολλὴ
1882 3496 1917 3567 ἡ
1949 3494 2095 3561 δόξα,

478 3572 482 3579 ’
525 3570 695 3641 πολλὴ
715 3572 750 3643 ἡ
779 3570 1103 3642 εὐπρέπεια,
1123 3572 1292 3644 πολλὴ
1316 3576 1411 3628 xa1
1428 3575 1650 3643 ἄφατος,
1665 3577 1727 3629 οὐ
1744 3577 1903 3648 μόνον
1921 3578 2096 3632 πάντα

527 3654 928 3725 ὑπερϐαίνουσα
971 3653 1150 3724 λόγον,
1190 3654 1325 3709 ἀλλά
1362 3659 1457 3710 καὶ
1486 3659 1662 3713 πάντα
1705 3660 1911 3715 νικῶσα
1948 3661 2093 3717 νοῦν.

467 3808 473 3814 ἢ
537 3737 677 3792 Ἀλλ’
713 3739 748 3809 ὴ
789 3736 959 3809 πολλὴ
987 3738 1082 3791 καὶ
1118 3738 1323 3807 ἀφατος
1349 3738 1489 3811 αῦτη
1528 3743 1716 3814 χρείαν
1746 3744 1858 3813 ἔχει
1886 3744 1994 3798 τῶν
2019 3745 2099 3799 δι·

522 3821 833 3876 δασκόντων
861 3820 1031 3891 αὐτὴν
1059 3820 1147 3875 διά
1167 3821 1263 3894 τὴν
1287 3823 1470 3878 ἄνοιαν
1497 3837 1520 3863 θ
1543 3825 1651 3878 τῶν
1682 3827 1910 3882 πολλῶν.
1944 3828 2098 3881 Ἐπεὶ

522 3906 619 3959 καὶ
648 3904 799 3976 ἥλιος
833 3903 1130 3973 φανότατόν
1175 3906 1322 3959 ἐστιν
1353 3905 1570 3977 ἄστρον,
1606 3910 1702 3962 καὶ
1749 3910 1898 3980 ὅμως
1941 3911 1991 3963 οί
2028 3911 2098 3964 τά

461 4050 471 4063 ι
522 3988 749 4058 ὄμματα
775 3987 1059 4051 νοσοῦντες
1084 3987 1181 4059 οὐχ
1201 3989 1399 4061 ὁρῶσιν
1418 3991 1582 4045 αὐτοῦ
1602 3993 1663 4045 τὸ
1685 3992 1800 4061 φῶς
1825 4009 1839 4021 ο
1866 3993 2010 4048 οὕτω
2031 3995 2097 4068 δὴ

468 4138 471 4141 _
522 4073 618 4126 καὶ
649 4072 684 4141 ἠ
708 4070 800 4124 τοῦ
833 4069 971 4124 Θεοῦ
1012 4071 1238 4143 πρόνοια
1265 4071 1420 4143 ἡλίου
1467 4074 1565 4143 μὲν
1591 4076 1793 4140 παντός
1822 4081 1937 4131 ἐστι
1969 4096 2097 4148 φαι-

521 4152 770 4224 δροτέρα,
807 4151 924 4207 ἀλλ’
962 4155 1010 4206 οἱ
1049 4156 1164 4218 τοῖς
1200 4152 1480 4226 λογισμοῖς
1509 4155 1952 4229 διεστραμμένοι,
2003 4162 2097 4214 καὶ

525 4234 847 4306 βεϐυσμένοι
883 4234 904 4274 ί
940 4236 1041 4298 τάς
1082 4237 1273 4304 ἀκοάς,
1315 4237 1517 4308 πολλῆς
1543 4238 1750 4294 δέονται
1777 4241 1872 4312 τῆς
1898 4244 2095 4315 ἐπιμε-

520 4317 690 4381 λείας,
715 4316 857 4372 ὥστε
892 4319 1171 4390 ἀνοιγῆναι
1199 4318 1378 4374 αὐτῶν
1408 4321 1506 4391 τὴν
1531 4321 1788 4377 διάνοιαν.

455 4466 458 4470 λ
592 4400 655 4455 δ’.
686 4402 779 4453 Δεῖ
801 4401 982 4455 τοίνυν
1024 4402 1265 4472 συνεχῶς
1307 4403 1487 4466 αὐτοῖς
1521 4405 1732 4475 ἐνηχεῖν
1764 4406 1857 4459 καὶ
1896 4406 2094 4461 ἐνιέναι

520 4483 621 4576 τὴν
643 4484 769 4576 περὶ
792 4482 994 4576 τούτων
1022 4483 1389 4576 διδασκαλίαν.
1417 4482 1547 4539 Εἶτα
1576 4484 1905 4576 ἐπειδὴᾼεῐπε
1935 4489 2094 4557 δόξαν

522 4565 802 4637 βασιλείας
835 4566 927 4620 καὶ
968 4566 1477 4638 μεγαλοπρέπειαν,
1508 4571 1604 4623 καὶ
1651 4572 1724 4642 μὴ
1751 4565 2093 4643 διασαφήσας

523 4649 863 4722 παρέδραμε,
903 4648 1062 4705 πάλιν
1104 4650 1499 4721 ἀναλαμϐάνει,
1545 4653 1639 4707 καὶ
1664 4653 1812 4721 λέγει
1854 4656 1994 4707 κατά
2032 4655 2094 4706 τὸ

521 4730 797 4801 ἐγχωροῦν
832 4731 997 4803 αὐτῷ,
1033 4732 1087 4785 τί
1115 4733 1261 4787 ἐστιν
1290 4734 1324 4804 ἡ
1353 4734 1497 4798 δόξα,
1529 4734 1823 4803 ἐπαγαγών
1843 4751 1856 4765 ⁸
1895 4736 2091 4801 Ἤβα-

520 4815 722 4868 σιλεία
749 4830 885 4877 σου,
906 4815 1199 4879 ,βασιλεία
1228 4815 1468 4871 πάντων
1486 4816 1606 4872 τῶν
1623 4820 1869 4872 αἰώνων.
1889 4822 1962 4874 Οὐ
1986 4821 2092 4874 τῶν

521 4892 804 4964 παρόντων
853 4895 1036 4964 μόνον,
1068 4897 1252 4964 φησὶν,
1297 4896 1433 4949 ἀλλά
1475 4896 1571 4949 καὶ
1606 4896 1717 4950 τῶν
1748 4899 2057 4970 ἐρχομένων
2077 4918 2091 4931 ·

521 4974 876 5045 ἀτελεύτητος
923 4977 1033 5048 γὰρ
1072 4978 1167 5030 καὶ
1211 4977 1456 5049 ἄπειρος,
1491 4978 1586 5032 καὶ
1636 4980 1770 5051 μόνη
1819 4982 1880 5033 τὸ
1925 4982 2094 5036 ἀΐδιον

518 5057 735 5127 ἔχουσα.
768 5060 876 5112 Καὶ
910 5063 948 5129 ἡ
981 5062 1303 5115 δεσποτεία
1331 5078 1447 5115 σου
1477 5062 1546 5114 ἐν
1572 5061 1744 5130 πάσῃ
1787 5063 1963 5132 γενεᾷ
1990 5067 2091 5120 καί

516 5139 713 5211 γενεᾷ.
734 5142 876 5213 Ὅρα
898 5144 1067 5215 αὐτῆς
1089 5145 1181 5198 καὶ
1212 5144 1459 5200 ἐντεῦθεν
1481 5144 1541 5198 τὸ
1558 5145 1930 5219 ἀτελεύτητον.
1951 5150 2094 5203 Παν-

563 5294 607 5366 1⁸
627 5294 777 5345 Savil.
801 5302 977 5355 στῆσαι
995 5296 1056 5345 τὰ
1076 5302 1161 5354 τῆς
1178 5298 1361 5354 κακίας.
1373 5297 1502 5349 Infra
1523 5301 1675 5351 ﬁdem
1701 5300 1790 5349 οὐκ
1814 5301 1889 5350 ἐπὶ
1915 5301 2094 5349 τούτων

516 5371 778 5466 Wight].
799 5417 881 5465 καὶ
905 5418 970 5475 εἰς
996 5418 1185 5475 αὐτούς,
1210 5419 1372 5469 minus
1393 5426 1545 5471 recte.

576 5481 600 5541 ῗ
629 5477 779 5541 δλνᾊ·
806 5478 1083 5541 ἀρχομένων
1104 5479 1355 5541 τρε-αὐτην-

573 5537 605 5578 ει
623 5538 777 5603 ξρνὶι.
798 5537 1020 5603 τῖσον-ται.
1036 5541 1100 5589 At
1126 5537 1312 5603 Morel;
1324 5542 1537 5603 ᾇσσνται.

578 5611 604 5641 ι
627 5599 801 5664 More}.
820 5600 916 5664 Δδιὰ
954 5601 1041 5664 τὴν
1068 5603 1247 5650 ἄνοιαν.
1274 5599 1424 5652 8³⁷1111.
1469 5604 1548 5652 διὰ
1583 5603 1669 5661 τὴν
1694 5603 1903 5664 ἄγνοιαν,
1924 5611 2093 5656 notata

512 5661 569 5709 in
586 5673 740 5730 marg.
764 5660 980 5709 lectione
1001 5662 1182 5710 ἄνοιαν,

580 5717 602 5758 ι
630 5721 770 5770 Altus
790 5722 873 5769 καὶ
896 5723 1156 5786 μεμυκότες
1170 5724 1253 5777 τὰς
1276 5724 1440 5780 ἀκοάς.

1239 290 1298 345 S.
1339 287 1626 346 JOANNIS
1661 286 2155 347 CHRYSOSTOMI
2195 289 2514 348 ARCIIIEP.
2551 287 3105 349 CONSTANTINOP.

3674 288 3781 344 470

2206 408 2373 479 ταχοῦ
2408 409 2511 480 τῆς
2545 408 2895 480 οίκουμένης,
2920 403 3194 475 πανταχοῦ
3231 396 3340 458 τῶν
3372 401 3606 464 αίώνων.
3640 422 3773 461 παν-

2203 492 2372 563 ταχοῦ
2391 492 2498 545 τῶν
2520 492 2726 564 χρόνων
2746 491 3051 545 ἐκτέταται.
3076 487 3301 553 Πιστὸς
3313 488 3529 554 Κύριος
3547 487 3617 542 ἐν
3630 487 3775 542 πᾶσι

2204 574 2328 641 τοῖς
2347 577 2551 646 λόγοις
2579 574 2786 639 αὐτοῦ,
2827 573 2926 627 καὶ
2969 572 3137 636 ὅσιος
3172 571 3242 625 ἐν
3265 569 3415 625 πᾶσι
3439 569 3564 635 τοῖς
3588 569 3773 638 ἔργοις

2205 660 2391 714 αὐτοῦ
2411 678 2423 690 ·
2455 658 2626 713 εἰπὼν
2660 659 2757 730 τῆς
2794 656 3073 728 βασιλείας
3099 654 3160 707 τὸ
3191 652 3568 723 ἀτελεύτητον,
3594 653 3653 705 τὸ
3685 652 3771 723 βε-

2206 742 2395 812 ϐηκὸς,
2424 743 2484 797 τὸ
2515 742 2734 810 πάγιον,
2770 741 2829 794 τὺ
2861 739 3135 808 ἀκίνητον,
3169 736 3438 805 λέγεικαὶ
3469 734 3578 787 τῶν
3605 735 3769 803 λόγων

2205 824 2370 878 αὐτοῦ
2403 827 2466 878 τὸ
2497 825 2739 897 στερρόν.
2774 823 2847 877 Τὸ
2876 823 3006 894 γὰρ,
3029 821 3274 887 Πιστὸς,
3293 820 3452 874 τοῦτό
3488 821 3657 884 ἐστιν,
3689 820 3772 889 βέ-

2205 909 2359 972 ϐαιος
2398 910 2445 974 8,
2478 909 2702 979 ἀληθής.
2742 908 2809 960 Εἰ
2836 907 2893 960 δὲ
2931 904 3140 969 πιστὸς,
3173 905 3389 966 πάντως
3419 903 3571 955 ἔσται
3596 903 3665 955 τά
3698 904 3770 955 εί-

2210 993 2422 1064 ρημένα
2459 993 2591 1063 παρ’
2646 989 2832 1045 αὐτοῦ.
2875 989 3089 1059 Ὥσπερ
3131 987 3188 1041 δὲ
3237 987 3272 1057 ἡ
3315 985 3564 1054 βασιλεία
3612 986 3767 1040 αὐτοῦ

2204 1075 2562 1139 ἀδιάπτωτος,
2598 1075 2693 1128 καὶ
2721 1074 2894 1143 πέρας
2922 1072 3023 1124 οὐκ
3062 1070 3288 1141 έχουσα-
3321 1069 3462 1122 οὓτω
3493 1069 3587 1122 καὶ
3612 1070 3662 1122 οί
3686 1068 3769 1122 λό‹

2203 1176 2292 1226 γοι
2321 1156 2484 1212 αὐτοῦ
2512 1157 2752 1227 στερροὶ,
2794 1155 3108 1226 βεϐηκότες.
3140 1154 3279 1207 Οὐτε
3316 1149 3409 1207 οὗν
3443 1153 3626 1223 ἐκείνη
3647 1153 3770 1206 ποτὲ

2203 1241 2573 1303 διακόπτεται,
2613 1238 2734 1292 οὔτε
2759 1234 2904 1293 οὗτοι
2938 1237 3339 1291 διαπίπτουσιν.
3377 1236 3441 1289 Εί
3475 1234 3533 1290 δὲ
3562 1236 3622 1288 οὐ
3659 1235 3771 1289 δια-

2204 1323 2485 1386 πίπτουσι,
2512 1324 2594 1377 δεῖ
2613 1324 2829 1385 πάντως
2848 1319 3210 1391 ἀκολουθῆσαι
3232 1320 3302 1373 τά
3330 1319 3487 1390 ἔργα.
3514 1320 3574 1371 Εἰ
3592 1318 3649 1374 δέ
3672 1317 3769 1373 πού

2202 1422 2257 1459 τι
2285 1407 2377 1459 καὶ
2399 1402 2541 1470 εἷπε,
2574 1406 2668 1459 καὶ
2699 1404 2761 1459 οὐ
2793 1403 2947 1477 [4751
2980 1404 3191 1472 γέγονε,
3222 1403 3495 1456 καὶτοῦτο
3514 1401 3614 1471 τῆς
3640 1400 3771 1474 ἀλη-

2204 1488 2354 1553 θείας
2368 1488 2531 1543 αὐτοῦ
2562 1487 2863 1552 ἀπόδειξις·
2889 1487 3081 1557 Πέρας
3106 1486 3215 1559 γὰρ
3233 1486 3486 1554 λαλήσω
3512 1485 3609 1539 ἐπὶ
3630 1485 3770 1553 ἔθνη

2203 1572 2298 1625 καί
2320 1574 2671 1638 βασιλείαν,
2699 1570 2807 1625 τοῦ
2831 1569 3281 1625 κατασκάπτειν
3310 1569 3409 1622 καὶ
3441 1566 3706 1635 ἐκριζοῦν
3718 1567 3768 1608 ι·

2204 1654 2301 1708 καὶ
2328 1655 2436 1709 ἐὰν
2461 1654 2923 1722 μετανοήσωσιν
2955 1652 3056 1706 ἐπὶ
3087 1652 3161 1720 τῇ
3198 1652 3398 1719 κακίᾳ,
3423 1650 3773 1720 ιιετανοήσω

2204 1739 2365 1809 κάγὼ
2399 1739 2491 1808 ἐφ’
2518 1734 2605 1805 οἶς
2647 1738 2926 1805 ἐλάλησα
2968 1735 3217 1803 ποιῆσαι
3261 1735 3485 1802 αὐτοῖς.
3531 1736 3639 1788 Καὶ
3681 1734 3772 1787 ἐπὶ

2202 1822 2311 1875 τῶν
2326 1821 2547 1891 ἀγαθῶν
2568 1822 2771 1892 ὁμοίως
2785 1838 2799 1852 ·
2832 1821 3074 1890 Χρηστὰ
3095 1819 3463 1890 διαλέξομαι,
3492 1819 3643 1891 φησὶ,
3660 1816 3775 1871 κᾶν

2196 1904 2643 1976 μεταϐάλωνται
2664 1948 2678 1971 ,
2724 1903 2886 1975 κάγὼ
2930 1903 3246 1973 μεταϐαλῶ
3287 1905 3363 1959 τά
3404 1904 3541 1972 περὶ
3579 1901 3774 1958 αὐτῶν

2203 1991 2501 2061 εἰρημένα.
2536 1992 2644 2045 Καὶ
2682 1991 2852 2057 ὅσιος
2878 1991 2950 2045 ἐν
2985 1990 3135 2045 πᾶσι
3170 1988 3301 2056 τοῖς
3335 1989 3530 2059 ἔργοις
3566 1988 3769 2043 αὐτοῦ.

2203 2076 2269 2129 Τί
2299 2077 2466 2140 ἐστιν,
2497 2075 2737 2140 ”Οσιος;
2781 2073 3076 2144 Ἀληπτος,
3116 2072 3293 2144 ὀρθὸς,
3334 2072 3590 2143 καθαρὸς,
3624 2070 3775 2141 ἀμω-

2206 2176 2325 2231 μος,
2353 2158 2610 2230 οὐδεμίαν
2634 2157 2811 2212 οὐδενὶ
2839 2157 3094 2228 παρέχων
3128 2156 3319 2227 λαϐήν.
3363 2156 3774 2225 ’Υποστηρίζει

2202 2244 2418 2310 Κύριος
2442 2241 2677 2307 πάντας
2700 2240 2842 2307 τοὺς
2879 2240 3380 2305 καταπίπτοντας,
3410 2240 3509 2293 καὶ
3538 2237 3775 2307 ἀνορθοῖ

2203 2326 2436 2392 πάντας
2456 2325 2600 2390 τοὺς
2625 2322 3159 2394 κατερραγμένους.
3193 2321 3375 2376 Εἰπὼν
3397 2324 3524 2393 περὶ
3552 2323 3650 2392 τῆς
3674 2321 3772 2392 βα-

2205 2410 2430 2473 σιλείας,
2456 2410 2539 2462 ὃτι
2564 2409 2889 2480 ἀπέραντος,
2915 2408 3045 2479 περὶ.
3074 2406 3182 2460 τῶν
3205 2406 3399 2475 λόγων,
3431 2407 3513 2460 ὅτι
3537 2406 3771 2475 ἀληθεῖς,

2203 2492 2334 2564 περὶ
2375 2491 2480 2543 τῶν
2526 2491 2797 2562 πράξεων,
2841 2492 2923 2544 ὅτι
2970 2491 3221 2560 ἄληπτοι.
3268 2491 3397 2561 περὶ
3446 2489 3548 2559 τῆς
3595 2488 3770 2560 δόξης.

2202 2574 2332 2646 περὶ
2350 2576 2449 2645 τῆς
2473 2573 2966 2646 μεγαλοπρεπείας,
2999 2574 3147 2642 λέγει
3177 2574 3338 2627 πάλιν
3366 2575 3494 2646 περὶ
3525 2575 3625 2643 τῆς
3650 2573 3771 2644 φιλο

2201 2657 2543 2729 ανθρωπίας·
2575 2656 2605 2709 ὃ
2629 2657 2725 2710 καὶ
2757 2656 2889 2710 αὐτὸ
2930 2656 3161 2727 μεγίστη
3198 2658 3325 2723 δόξα
3372 2658 3469 2727 τῆς
3500 2656 3774 2726 βασιλείας

2200 2739 2389 2803 αὐτοῦ,
2435 2741 2496 2794 τὸ
2541 2740 2617 2811 μὴ
2663 2740 2822 2811 μόνον
2856 2740 3171 2811 διακρατεῖν
3200 2742 3327 2803 τοὺς
3352 2741 3612 2804 ἑστῶτας,
3639 2740 3772 2794 ἀλλὰ

2200 2825 2297 2878 καὶ
2329 2823 2620 2895 μέλλοντας
2642 2824 3004 2877 καταπίπτειν
3042 2824 3115 2895 μὴ
3139 2825 3235 2894 ἐᾷν
3258 2822 3417 2876 τοῦτο
3442 2823 3652 2889 παθεῖν,
3679 2826 3770 2878 καὶ

2202 2907 2487 2977 κειμένους
2537 2906 2785 2978 ἀνιστᾷν,
2817 2907 3002 2961 καὶτὸ
3031 2907 3096 2978 δὴ
3141 2907 3475 2977 θαυμαστὸν.
3517 2908 3599 2960 ὅτι
3638 2908 3771 2961 πάν-

2197 3008 2297 3054 τας
2331 2992 2377 3053 ί,
2409 2990 2469 3043 οὐ
2508 2990 2600 3044 τὸν
2626 2989 2773 3043 δεῖνα
2805 2989 2985 3061 μόνον,
3018 2991 3153 3045 ἀλλά
3182 2992 3407 3054 πάντας,
3441 2991 3545 3045 κᾶν
3574 2990 3768 3055 δοῦλοι,

2198 3073 2303 3128 κάν
2326 3073 2559 3145 πένητες
2588 3066 2710 3136 ὦσι,
2739 3074 2845 3126 κᾶν
2872 3072 3096 3145 ἄσημοι,
3123 3072 3225 3127 κᾶν
3257 3073 3317 3137 ἐξ
3344 3074 3596 3143 ἀσήμων.
3625 3074 3768 3128 Πάν-

2197 3175 2306 3211 των
2344 3158 2454 3228 γάρ
2492 3159 2606 3210 ἐστι
2643 3156 2940 3227 Δεσπότης,
2971 3160 3066 3210 καὶ
3114 3157 3234 3212 οὐδὲ
3280 3158 3565 3228 κειμένους
3598 3175 3771 3229 παρα-

2197 3241 2401 3314 τρέχει,
2435 3241 2557 3295 οὐδέ
2598 3240 2987 3311 σαλευομένους
3027 3242 3289 3314 ὑπερορᾷ.
3328 3240 3500 3294 Τοῦτο
3539 3242 3632 3295 καὶ
3680 3243 3769 3296 ἐπὶ

2198 3326 2296 3396 τῆς
2339 3325 2525 3395 κοινῆς
2570 3325 2783 3392 φύσεως
2817 3324 3039 3395 ἐποίησε
3060 3342 3073 3354 ο
3111 3325 3269 3379 τοῦτο
3297 3326 3392 3379 καὶ
3419 3327 3505 3394 ἐφ’
3543 3326 3766 3380 ἑκάστου

2198 3397 2510 3479 ἐργάζεται.
2549 3408 2610 3460 El
2638 3407 2693 3460 δέ
2728 3424 2870 3470 τινες
2889 3405 2999 3460 τῶν
3027 3408 3295 3478 κειμένων
3316 3407 3416 3461 οὐκ
3438 3409 3767 3473 ἀνίστανται,

2199 3493 2262 3544 οὐ
2303 3490 2434 3563 παρ’
2462 3489 2623 3544 αὐτὸν
2645 3490 2736 3544 τὸν
2766 3489 3087 3561 βουλόμενον
3118 3490 3446 3560 ἀνορθῶσαι,
3479 3491 3613 3544 ἀλλά
3641 3493 3769 3562 παρ’

2198 3573 2439 3638 ἐκείνους
2466 3575 2592 3636 τοὺς
2626 3573 2700 3643 μὴ
2730 3572 2985 3637 θέλοντας
3009 3572 3327 3643 ἀναστῆναι.
3375 3575 3529 3628 Ἐπεὶ
3554 3576 3646 3629 καὶ
3680 3576 3771 3630 τὸν

2209 3656 2410 3711 Ἰούδαν
2435 3658 2669 3709 πεσόντα
2700 3655 2972 3727 ἠϐουλήθη
2994 3657 3318 3729 ἀναστῆσαι,
3336 3659 3434 3712 καὶ
3454 3659 3592 3730 πρὸς
3614 3659 3771 3715 τοῦτο

2199 3740 2378 3794 πάντα
2393 3740 2708 3813 εἰργάσατο,
2734 3740 2850 3794 ἀλλ’
2878 3743 3087 3806 ἐκεῖνος
3104 3742 3208 3796 οὐκ
3227 3741 3484 3813 ⁴ίὶθέλησε.
3509 3744 3613 3798 Τδν
3640 3745 3769 3814 γοῦν

2197 3822 2362 3877 Δαυῖδ
2393 3824 2629 3877 πεσόντα
2653 3820 2977 3894 ἀνώρθωσεο
3014 3824 3109 3878 καὶ
3143 3825 3364 3896 ἰσχυρὸν
3390 3826 3632 3899 ἐποίησε.
3668 3828 3769 3882 Τδν

2198 3906 2404 3977 Πέτρον
2449 3906 2708 3976 μέλλοντα
2735 3907 3102 3962 καταπίπτειν
3137 3910 3426 3979 ἀνέστησε.
3459 3911 3571 3964 Καὶ
3605 3912 3767 3967 ἄκουε

2198 3988 2349 4053 πῶς’
2392 3991 2610 4059 Σίμων,
2652 3991 2868 4059 Σίμων,
2920 3991 3107 4060 φησὶν,
3140 3991 3271 4046 ίδοὺ
3309 3996 3343 4047 ό
3380 3994 3652 4061 Σατανᾶς
3676 3995 3769 4059 ἐξο

2196 4071 2388 4139 ᾐτησε
2410 4071 2679 4126 σινιάσαι
2699 4073 2874 4141 ὑμᾶς,
2899 4074 2977 4140 ὡς
2992 4074 3283 4128 τὸνσῐτον
3301 4093 3315 4106 ·
3333 4077 3492 4145 κάγὼ
3516 4077 3771 4145 ἐδεήθην

2197 4154 2328 4220 περὶ
2353 4153 2489 4218 σοῦ,
2512 4154 2611 4207 ἵνα
2638 4154 2724 4224 μὴ
2750 4156 2971 4224 ἐκλίπῃ
2996 4158 3033 4225 ἡ
3064 4157 3272 4222 πίστις
3290 4174 3428 4211 σου.
3458 4155 3591 4212 Εἶτα
3622 4160 3767 4229 λέγει

2197 4235 2291 4288 καὶ
2319 4234 2503 4307 ἕτερον
2529 4235 2848 4308 εὐεργεσίας
2872 4234 3009 4302 εἶδος
3035 4257 3048 4270 ·
3082 4239 3299 4309 ποικίλη
3329 4240 3439 4309 γὰρ
3464 4240 3629 4294 αὑτοῦ
3679 4244 3769 4295 καὶ

2197 4319 2511 4391 παντοδαπὴ
2551 4321 2584 4390 ἡ
2619 4321 2936 4391 κηδεμονία.
2975 4324 3040 4376 Ol
3079 4325 3375 4393 ὀφθαλμοὶ
3413 4324 3656 4378 πάντων
3684 4329 3769 4391 εἰς

2195 4399 2272 4453 σὲ
2304 4399 2636 4466 ἐλπίζουσι,
2662 4403 2759 4457 καὶ
2793 4404 2874 4458 σὺ
2902 4404 3082 4469 δίδως
3104 4406 3221 4471 τὴν
3237 4406 3468 4475 τροφὴν
3485 4406 3686 4461 αὐτῶν
3700 4410 3769 4460 ἐν
3808 4474 3811 4477 Α

2195 4485 2485 4552 εὐκαιρίᾳ.
2513 4480 2669 4549 Εἶδες
2697 4485 2812 4550 πῶς
2836 4486 3053 4553 ἔδειξεν,
3077 4488 3159 4541 ὅτι
3179 4490 3451 4556 Χρηστὸς
3470 4490 3596 4555 τοῖς
3612 4493 3766 4559 σύμ-

2195 4579 2367 4631 πασι,
2411 4566 2509 4619 καὶ
2553 4570 2608 4621 al
2644 4569 2929 4638 οἰκτιρμοί
2969 4570 3156 4624 αὐτοῦ
3183 4570 3281 4624 ἐπὶ
3307 4571 3503 4625 πάντα
3532 4573 3604 4628 τὰ
3625 4574 3765 4643 ἔργα

2194 4647 2411 4714 αὐτοῦ;
2433 4650 2609 4722 Ὅπερ
2629 4652 2686 4704 ἐν
2715 4652 2829 4713 τοῖς
2845 4651 3196 4720 Εὐαγγελίοις
3212 4653 3447 4724 εἴρηται,
3475 4655 3603 4709 Ὀτι
3622 4657 3765 4709 ἀνα-

2194 4731 2393 4785 τέλλει
2429 4733 2537 4785 τὸν
2582 4732 2761 4801 ἣλιον
2801 4734 2988 4787 αὐτοῦ
3021 4735 3120 4787 ἐπὶ
3156 4736 3462 4805 πονηροὺς
3492 4738 3592 4791 καὶ
3628 4739 3767 4807 ἀτα-

2196 4814 2360 4881 θοὺς,
2409 4815 2505 4868 καὶ
2532 4815 2740 4886 βρέχει
2769 4818 2865 4870 ἐπὶ
2900 4816 3171 4884 δικαίους
3195 4819 3293 4871 καὶ
3324 4820 3593 4887 ἀδίκους,
3614 4822 3765 4876 τοῦτο

2195 4898 2289 4949 καὶ
2325 4898 2559 4951 ἐνταῦθα
2585 4893 2738 4961 οὗτος
2764 4898 2983 4970 ᾐνίξατο
3018 4900 3096 4969 τῷ
3121 4902 3317 4954 εἰπεῖν·
3357 4904 3465 4956 Καὶ
3493 4904 3574 4956 σὺ
3593 4902 3769 4969 δίδως

2194 4978 2312 5044 τὴν
2329 4980 2557 5048 τροφὴν
2576 4978 2775 5033 αὐτῶν
2788 4981 2857 5032 ἐν
2878 4982 3167 5049 εὐκαιρίᾳ.
3197 4983 3271 5035 Οὐ
3297 4983 3406 5054 γὰρ
3420 4984 3567 5037 ὑετοὶ
3586 4986 3766 5055 καῖγῆ

2197 5061 2290 5112 καὶ
2322 5062 2452 5132 ἀὴρ,
2487 5062 2624 5115 ἀλλὰ
2661 5062 2721 5115 τὸ
2745 5063 3025 5133 ἐπίταγμα
3054 5064 3219 5118 αὐτοῦ
3247 5067 3377 5130 τοὺς
3404 5070 3653 5139 καρποὺς
3678 5085 3768 5121 τε·
3824 5109 3843 5127 ,

2193 5140 2251 5195 λε
2260 5146 2476 5214 σφορεῖν
2513 5144 2719 5198 εἴωθεν.

2268 5225 2343 5278 Τὸ
2375 5225 2454 5291 δὲ,
2506 5227 2610 5280 Ἐν
2638 5230 2907 5298 εὐκαιρίᾳ
2935 5230 2982 5297 i,
3028 5229 3187 5283 τοῦτο
3221 5230 3392 5302 δηλοῖ,
3436 5233 3519 5287 ὅτι
3557 5238 3772 5307 καιροῖς

2229 5366 2286 5477 “5
2302 5367 2665 5477 ῗξξέιὲΐάεεει
2691 5371 2740 5418 in
2762 5370 2933 5419 Morel.
2962 5372 3060 5420 Sed
3084 5374 3338 5433 interpres
3367 5372 3514 5436 legit,
3536 5380 3593 5426 et
3610 5377 3659 5426 in
3680 5377 3772 5428 Sa-

2197 5436 2281 5477 Vll.
2308 5436 2536 5478 habetat.

2256 5488 2286 5559 ξι
2307 5489 2466 5559 119cm
2484 5492 2538 5559 it}
2558 5490 2774 5559 Jgremig
2797 5494 2868 5559 sig
2892 5492 3079 5559 pabgl;
3102 5493 3324 5559 ἐπζξθνη,
3345 5494 3377 5552 ἢ
3396 5495 3475 5559 ἐπὶ
3503 5496 3774 5559 βασιλείαν.

2191 5549 2279 5614 τοῦ
2300 5551 2456 5614 ἐξᾶραι
2478 5550 2662 5607 αὐτοὺς,
2685 5553 2765 5600 καὶ
2788 5551 2874 5601 τοῦ
2888 5554 3152 5602 ἀπολλύειν.
3165 5549 3439 5614 Ξειιιίειιὶίι
3449 5549 3775 5609 vitam

2193 5612 2626 5676 dumgemgnljam
2645 5620 2839 5676 Διειιιιιιιι
2864 5616 3003 5664 aﬂerl
3028 5612 3415 5676 Chrysosiomn.

2261 5674 2276 5712 ἱ
2311 5672 2484 5720 Morel.
2510 5674 2583 5721 ὃτι
2605 5673 2664 5729 δὴ
2687 5673 2880 5729 πάντας.

2263 5735 2279 5784 i
2310 5733 2458 5782 Savﬂ.
2483 5735 2539 5780 τὸ
2558 5734 2604 5781 ἐν
2632 5736 2858 5799 εὐκαιρίᾳ.
