4070 6340
295 345 400 403 169

288 478 319 518 a
349 460 556 516 scelere
578 459 852 527 cohibere,
879 465 935 516 et
953 456 1222 513 communi
1243 463 1452 510 natura:
1473 452 1654 509 debito
1681 450 1757 506 uti
1779 463 1874 522 pro

289 551 682 607 medicamento
706 591 722 616 ,
749 549 1182 619 levissimumque
1223 546 1412 602 mortis
1439 557 1608 616 genus
1633 584 1652 612 ,
1681 555 1874 610 nempe

290 661 388 716 per
424 657 616 714 aquam
646 641 930 712 inﬂigere?
967 641 1098 695 lllud
1130 648 1327 702 autem,
1364 635 1638 700 Universis,
1692 648 1798 688 non
1821 631 1875 686 in

293 739 376 793 his
403 736 577 790 solum
604 736 861 800 cernitur,
885 733 980 787 sed
1005 731 1166 786 etiam
1197 731 1248 783 in
1279 727 1528 784 omnibus
1551 741 1669 795 qua:
1692 725 1877 778 viden-

292 841 396 898 tur,
431 831 487 886 in
513 829 832 885 animalibus
855 868 870 892 ,
904 828 956 880 in
987 824 1155 880 brutis
1188 840 1202 876 :
1231 822 1358 891 quin
1397 820 1556 875 etiam
1595 818 1639 871 si
1664 817 1782 886 quis
1809 815 1878 870 ad

293 926 440 994 ipsos
466 921 685 992 angelos
709 918 1008 973 ascenderit
1031 924 1086 970 et
1121 911 1494 982 archangelos,
1517 909 1717 965 videbit
1758 907 1878 976 plu-

293 1010 858 1082 rimum‘henignitalis
879 1050 894 1072 ,
923 1015 978 1063 et
1002 1006 1223 1060 multam
1266 1001 1687 1058 misericordiam
1721 1017 1733 1054 :
1761 999 1875 1053 sin-

292 1107 432 1177 gulis
453 1105 596 1160 enim
620 1105 670 1156 in
695 1101 948 1171 cperibus
969 1098 1133 1152 multa
1154 1097 1359 1152 relucet
1379 1094 1698 1149 humanitas.
1724 1090 1877 1158 Quod

294 1200 410 1268 ipse
439 1211 649 1267 quoque
672 1193 1118 1257 animadverteris,
1142 1188 1444 1257 subjunxit:
1481 1189 1564 1240 10.
1591 1185 1879 1253 Con/itean-

295 1303 379 1346 tur
409 1291 517 1356 tibi,
537 1288 772 1353 Domine,
791 1302 946 1357 Opera
969 1294 1075 1351 tua,
1103 1292 1150 1336 et
1172 1282 1334 1336 sancti
1355 1281 1426 1334 tui
1454 1278 1746 1334 benedicant
1766 1277 1875 1341 tibi,

295 1383 398 1437 hoc
425 1390 527 1448 est,
560 1379 771 1436 Gratias
818 1378 909 1434 tibi
937 1385 1134 1446 agant,
1165 1374 1350 1429 laudes
1377 1373 1654 1436 emittant,
1689 1380 1744 1426 et
1768 1369 1880 1441 qui-

295 1475 396 1530 bus
432 1474 696 1530 sermonis
745 1471 910 1526 decus
935 1470 1117 1525 datum
1149 1477 1252 1535 est,
1277 1478 1334 1523 et
1365 1482 1487 1537 qum
1536 1480 1724 1521 vocem
1767 1479 1877 1518 non

295 1569 514 1625 habent.
539 1567 744 1622 Etenim
786 1562 1200 1634 unumquodque
1230 1575 1416 1616 eorum
1462 1575 1581 1630 qua:
1611 1573 1742 1613 voce
1785 1572 1877 1611 ca-

297 1671 438 1724 rent,
488 1662 559 1714 ita
590 1659 785 1713 factum
811 1667 895 1714 est
918 1699 933 1724 ,
966 1665 1026 1712 ut
1054 1672 1148 1726 per
1186 1671 1336 1710 suam
1364 1662 1610 1709 naturam
1662 1651 1881 1708 benedi-

297 1753 528 1806 ctionem
561 1748 1086 1820 emittat,'quamvis
1129 1755 1278 1802 muta
1324 1746 1451 1811 sint,
1496 1760 1593 1816 per
1637 1743 1880 1798 homines

298 1857 492 1912 nempe
518 1842 607 1912 qui
636 1856 698 1896 ea
731 1841 912 1896 vident
951 1848 1006 1893 et
1052 1839 1119 1894 iis
1148 1837 1420 1892 fruuntur.
1451 1836 1518 1890 Et
1546 1835 1636 1890 illa
1665 1835 1877 1906 quidem

299 1950 393 2004 per
420 1949 570 1987 suam
601 1932 978 1996 substantiam,
1009 1928 1254 1983 homines
1279 1936 1458 1983 autem
1489 1941 1583 1996 per
1609 1926 1735 1981 vitte
1768 1941 1880 1980 sum

299 2027 710 2091 institutionem,
753 2034 809 2079 et
835 2039 928 2094 per
967 2025 1250 2078 actionem.
1298 2021 1367 2077 Et
1394 2019 1514 2075 ideo
1540 2019 1592 2075 id
1618 2019 1883 2090 signiﬁcat

299 2132 400 2188 per
425 2118 528 2174 hoc
550 2116 692 2188 quod
720 2115 996 2187 subjungit
1023 2114 1208 2170 dicens
1237 2131 1250 2166 :
1280 2112 1463 2168 Sancti
1483 2113 1557 2165 tui
1587 2111 1882 2166 benedicant

300 2211 410 2265 tibi.
439 2210 668 2266 Sanctos
683 2218 863 2264 autem
888 2207 976 2263 hic
1005 2215 1178 2274 vocat,
1206 2206 1298 2278 qui
1339 2205 1435 2260 Dei
1461 2205 1612 2276 jussa
1635 2203 1880 2273 implent,

299 2305 366 2358 ad
384 2318 517 2372 quos
565 2303 796 2372 peccatis
850 2312 906 2358 et
951 2301 1199 2370 nequitia:
1251 2299 1430 2353 nullus
1479 2297 1636 2352 datur
1684 2295 1880 2350 aditus.

301 2398 392 2451 11.
422 2394 650 2450 Gloriam
675 2395 816 2465 regni
838 2394 910 2447 tui
929 2393 1114 2446 dicent.
1134 2390 1270 2458 Quid
1290 2399 1390 2456 est,
1421 2388 1649 2444 Gloriam
1674 2387 1882 2444 dicent?

303 2488 456 2556 Quod
477 2488 616 2542 nulla
640 2503 699 2542 re
715 2487 975 2556 indigeas,
1001 2485 1148 2556 quod
1163 2485 1240 2539 sis
1264 2483 1522 2554 benignus
1545 2491 1600 2537 et
1622 2481 1878 2545 clemens,

303 2582 446 2653 quod
486 2597 606 2637 cum
649 2581 714 2635 iis
755 2579 948 2650 quibus
994 2593 1166 2648 prices
1211 2577 1358 2631 nulla
1399 2591 1466 2632 ex
1507 2585 1656 2646 parte
1704 2590 1882 2646 egeas,

303 2685 506 2732 tantam
534 2673 784 2730 ostendas
827 2673 880 2726 in
911 2687 1006 2727 eos
1029 2670 1416 2741 providentiam
1437 2711 1454 2737 ,
1483 2669 1624 2741 quod
1650 2669 1716 2723 ad
1741 2679 1884 2722 tuam

306 2768 482 2823 lucem
511 2765 692 2821 accedi
723 2774 971 2835 nequeat,
1010 2763 1153 2835 quod
1191 2763 1263 2818 sit
1297 2762 1598 2818 substantia
1645 2772 1734 2816 tua
1762 2760 1888 2816 inef-

307 2861 504 2925 fabilis,
553 2868 609 2913 et.
653 2873 774 2929 quae
817 2855 1198 2926 comprehendi
1240 2864 1486 2926 nequeat.
1517 2853 1595 2908 Et
1616 2857 1888 2924 potentiam

310 2963 451 3006 tuam
494 2951 793 3020 loquentur;
845 2949 946 3004 hoc
975 2957 1076 3014 est,
1104 2949 1251 3008 ,vires
1293 2956 1489 3001 canent
1513 2947 1528 2976 ί
1558 2945 1888 3015 insuperabi—

307 3047 389 3102 les
417 3064 428 3099 :
457 3061 564 3101 non
591 3044 730 3115 quod
763 3043 855 3098 tibi
898 3057 1034 3113 opus
1080 3041 1150 3096 sit
1189 3041 1272 3096 his
1301 3041 1513 3112 hymnis
1541 3048 1596 3094 et
1623 3040 1886 3104 laudibus,

309 3137 403 3193 sed
433 3145 650 3207 pr0pter
699 3137 843 3206 ipsos
884 3136 973 3205 qui
999 3134 1201 3197 dicunt,
1231 3143 1286 3188 et
1315 3133 1521 3188 utalios
1553 3132 1801 3196 doceant,
1829 3147 1892 3186 ac

308 3231 525 3286 laudum
550 3229 746 3285 faciant
780 3229 1090 3300 participes.
1111 3227 1280 3294 Quam
1305 3227 1374 3282 ob
1405 3241 1619 3282 causam
1648 3225 1844 3294 adjecit
1874 3242 1886 3277 :

313 3324 402 3380 12.
438 3323 505 3378 Ut
532 3333 704 3377 notam
730 3322 925 3390 faciant
964 3321 1087 3391 ﬁliis
1113 3320 1372 3375 hominum
1412 3319 1686 3390 potentiam
1713 3327 1890 3385 tuam,

318 3426 367 3472 et
396 3417 612 3488 gloriam
657 3415 1045 3487 magniﬁcentia:
1069 3415 1212 3485 regni
1247 3414 1340 3468 tui.
1374 3413 1476 3468 Per
1520 3412 1634 3468 haec
1663 3410 1895 3468 ostendit

311 3521 434 3561 eum
465 3506 650 3561 laudes
670 3506 971 3571 admittere,
1010 3514 1065 3559 ut
1092 3505 1180 3559 alii
1201 3503 1322 3575 ejus
1345 3512 1670 3574 cognoscant
1700 3511 1893 3573 poten-

315 3598 469 3654 tiam.
510 3598 694 3668 Magna
725 3610 811 3653 est
845 3613 975 3668 ergo
1017 3599 1255 3669 potentia
1277 3639 1292 3663 ,
1326 3612 1515 3668 magna
1557 3596 1749 3666 gloria,
1791 3610 1897 3649 ma-

316 3705 478 3760 gnum
527 3689 696 3746 decus
723 3697 884 3760 atque
913 3689 1049 3744 adeo
1076 3689 1368 3755 ineffabile,
1416 3689 1558 3758 quod
1585 3701 1691 3742 non
1720 3687 1893 3740 solum

313 3795 528 3837 omnem
577 3792 791 3850 superat
816 3781 1138 3845 orationem,
1193 3779 1288 3834 sed
1309 3781 1470 3835 etiam
1494 3778 1658 3833 vincit
1679 3793 1894 3833 omnem

316 3881 569 3928 mentem.
601 3872 706 3928 Sed
735 3888 858 3928 cum
885 3881 1088 3927 tantum
1115 3872 1186 3927 sit
1213 3879 1268 3926 et
1295 3881 1400 3926 tam
1430 3870 1720 3938 inell'abile,
1763 3885 1896 3940 opus

315 3962 476 4018 habet
515 3964 578 4018 iis
621 3963 709 4034 qui
743 3963 795 4018 id
834 3962 1063 4018 doceant
1109 3971 1328 4033 pr0pter
1379 3964 1664 4018 multorum
1715 3976 1898 4016 amen-

319 4058 442 4110 tiam
463 4058 507 4109 ¹.
533 4056 663 4110 Nam
695 4056 772 4110 sol
796 4071 1006 4126 quoque
1029 4066 1111 4111 est
1137 4055 1284 4110 sidus
1316 4056 1473 4125 longe
1515 4054 1895 4120 clarissimum,

319 4157 373 4203 et
403 4158 578 4203 tamen
604 4151 690 4220 qui
723 4148 1172 4216 oculislaborant,
1203 4149 1318 4217 ejus
1339 4149 1510 4202 lucem
1535 4162 1642 4202 non
1674 4146 1857 4200 vident
1882 4163 1896 4201 :

320 4241 392 4294 ita
415 4241 576 4295 etiam
607 4241 698 4296 Dei
727 4241 1065 4311 providentia
1085 4249 1168 4295 est
1187 4239 1400 4311 quidem
1429 4240 1617 4310 quovis
1641 4239 1756 4294 sole
1784 4241 1898 4294 cla-

319 4335 450 4400 rior,
483 4336 577 4390 sed
606 4336 797 4405 quibus
818 4350 1069 4406 perversa
1097 4334 1356 4401 estratio,
1387 4342 1444 4388 et
1467 4335 1659 4403 quibus
1684 4333 1899 4389 obstru-

321 4435 420 4481 ctae
449 4436 575 4482 sunt
617 4441 793 4493 aures,
849 4441 1041 4497 magna
1075 4426 1348 4497 diligentia
1386 4440 1522 4497 opus
1572 4425 1790 4487 habent,
1847 4433 1900 4480 ut

324 4533 479 4574 mens
505 4534 693 4575 eorum
721 4520 1014 4590 aperiatur.

401 4611 455 4666 4.
483 4612 559 4667 De
586 4613 670 4666 his
697 4627 834 4683 ergo.
850 4611 1095 4666 doctrina
1120 4617 1203 4664 est
1231 4624 1417 4664 eorum
1445 4609 1663 4663 auribus
1712 4622 1904 4677 perpe-

321 4718 414 4763 tuo
458 4703 806 4760 infundenda.
837 4701 1040 4758 Deinde
1065 4701 1316 4772 quoniam
1344 4699 1480 4755 dixit
1511 4699 1655 4770 regni
1681 4698 1902 4768 gloriam

321 4809 376 4856 et
401 4796 870 4869 magniﬁcentiam,
895 4804 1088 4850 etcum
1118 4809 1223 4848 non
1263 4793 1392 4848 satis
1421 4807 1540 4847 eam
1564 4789 1902 4860 explicasset,

325 4892 612 4962 prmteriit;
645 4903 832 4944 rursus
873 4888 1087 4957 repetit,
1116 4896 1170 4941 et
1195 4895 1450 4956 quantum
1481 4884 1528 4939 ei
1571 4881 1904 4946 conceditur,

324 4984 455 5038 dicit
479 4983 603 5052 quid
633 4982 701 5036 sit
723 4981 913 5050 gloria,
954 4979 1282 5048 subjungens
1312 4995 1325 5032 :
1359 4977 1445 5032 15.
1474 4975 1707 5046 Regnum
1744 4983 1903 5038 tuum,

323 5090 534 5143 regnum
555 5073 781 5127 omnium
808 5069 1130 5126 saeculorum.
1154 5068 1269 5124 Non
1301 5069 1662 5138 praesentium,
1712 5067 1904 5136 inquit,

325 5168 521 5230 solum,
554 5164 647 5219 sed
674 5167 968 5217 futurorum
990 5161 1150 5217 etiam
1180 5177 1194 5216 :
1218 5170 1301 5215 est
1324 5161 1466 5215 enim
1485 5159 1899 5222 interminatam,

325 5257 614 5323 inﬁnitum,
641 5263 696 5311 et
720 5254 894 5310 solum
923 5253 1086 5309 habet
1129 5253 1503 5308 aeternitatem.
1538 5250 1602 5306 Et
1624 5250 1903 5305 dominatio

389 5411 421 5446 ι’
441 5411 500 5462 In
522 5410 662 5462 Savil.
686 5410 886 5474 legitur,
911 5415 1217 5474 cognoscent,
1242 5409 1448 5460 sedvox
1479 5443 1493 5468 ,
1517 5414 1705 5474 canent,
1729 5421 1839 5473 quae
1861 5410 1911 5459 in

325 5474 491 5541 Morel.
517 5471 932 5541 habeturfmelius
943 5471 1145 5541 quadrat
1163 5472 1224 5520 ad
1246 5480 1463 5541 mentem
1484 5471 1754 5541 Prophetas;

391 5540 411 5569 ³
446 5537 629 5594 Morel.,
656 5541 850 5597 prapter
874 5532 1148 5597 amentiam.
1174 5532 1334 5594 savil.,
1352 5538 1548 5596 propter
1572 5532 1911 5597 ignorantiam;

330 5600 411 5662 qui
437 5608 598 5662 tamen
637 5594 838 5647 Savilius
869 5595 1069 5644 alteram
1102 5594 1380 5662 lectionem,
1405 5594 1681 5653 uiuentium,
1707 5597 1754 5644 in
1791 5610 1914 5660 l_ll:ll'-

330 5656 448 5723 g'ine
479 5661 648 5723 refert.
675 5668 783 5709 Hac
804 5664 942 5708 certe
963 5663 1207 5723 postrema
1232 5656 1393 5712 lectio,
1420 5665 1614 5723 propter
1637 5656 1910 5723 amentiam,

331 5718 494 5786 inagis,
507 5722 690 5786 arridet
703 5736 718 5786 ;
744 5733 856 5771 nam
875 5718 1085 5770 amentia
1108 5721 1268 5782 potius
1289 5718 1432 5786 quam
1456 5718 1724 5786 ignorantia
1753 5718 1913 5767 dicun-

334 5782 659 5836 tur'laha'are
681 5785 713 5837 ii
734 5817 749 5846 ,
772 5795 977 5847 quorum
1001 5793 1232 5845 perversa
1255 5782 1501 5831 ratiocinia
1524 5791 1653 5830 sunt.

1390 333 1751 395 EXPOSITIO
1788 330 1854 389 IN
1894 329 2216 388 PSALMUM
2253 329 2484 389 CXLIV.

3465 325 3572 386 4.70

1985 457 2072 502 tua
2102 447 2157 501 in
2201 463 2400 502 onmem
2422 444 2790 518 generationem
2831 453 2879 499 et
2928 441 3316 516 generationem.
3348 440 3428 497 Ex
3472 441 3573 498 hoc

1983 539 2106 595 vide
2129 555 2248 595 eam
2278 540 2479 594 nullum
2503 539 2700 594 habere
2721 537 2903 593 ﬁnem.
2931 537 3036 593 Per
3061 537 3368 592 universum
3386 536 3572 591 orbem

1985 639 2168 697 terrae,
2200 646 2296 701 per
2345 629 2522 684 omnia
2574 630 2790 694 saecula,
2850 644 2945 698 per
2985 628 3162 681 omnia
3213 637 3454 696 tempora
3493 638 3577 680 est

1984 731 2225 780 extensa.
2272 721 2465 777 Fidelis
2518 721 2769 776 Dominus
2792 721 2846 774 in
2887 721 3115 774 omnibus
3165 719 3325 774 verbis
3369 719 3495 781 suis,
3527 726 3578 771 α

1983 825 2188 870 sanctus
2213 813 2265 868 in
2307 813 2536 866 omnibus
2571 813 2803 881 aperibus
2842 812 2965 865 suis.
2999 811 3289 880 Postquam
3331 807 3467 862 dixit
3490 822 3578 862 τοι

1983 921 2145 977 gnum
2174 921 2292 960 esse
2324 905 2586 959 inﬁnitum
2614 947 2628 970 ,
2661 905 2870 967 stabile,
2917 902 3148 968 lirmum,
3181 909 3239 957 et
3276 900 3572 966 immobile,

1985 1000 2112 1053 dicit
2137 999 2297 1053 etiam
2329 1015 2487 1069 quam
2534 1000 2642 1054 sint
2687 998 2802 1069 ejus
2846 997 3009 1052 verba
3035 998 3210 1051 ﬁrma.
3242 995 3376 1051 lllud
3407 996 3572 1059 enim,

1987 1090 2202 1152 Fidelis,
2246 1097 2332 1145 est.
2375 1089 2562 1145 ﬁrmus
2590 1098 2645 1144 et
2672 1104 2849 1143 verus.
2899 1087 2957 1143 Si
3009 1095 3094 1141 est
3140 1095 3319 1143 autem
3368 1086 3565 1151 ﬁdelis,

1985 1183 2140 1229 erunt
2162 1173 2389 1229 omnino
2418 1189 2537 1245 quae
2556 1173 2624 1228 ab
2654 1187 2720 1227 eo
2762 1171 2903 1226 dicta
2931 1180 3074 1225 sunt.
3104 1169 3568 1236 Quemadmodum

1985 1273 2162 1320 autem
2195 1265 2309 1334 ejus
2335 1280 2556 1335 regnum
2605 1272 2688 1318 est
2712 1263 3005 1328 immobile,
3049 1270 3103 1317 et
3145 1261 3250 1316 ﬁne
3270 1270 3417 1316 caret
3446 1279 3461 1316 :
3493 1261 3567 1316 ita

1999 1358 2158 1412 etiam
2191 1357 2306 1427 ejus
2349 1357 2510 1412 verba
2540 1364 2664 1410 sunt
2705 1355 2875 1409 ﬁrma.
2905 1353 3088 1424 Neque
3117 1366 3245 1422 ergo
3283 1351 3413 1406 illud
3459 1367 3577 1406 um-

1984 1465 2142 1518 quam
2195 1447 2622 1520 interrumpitur,
2681 1461 2779 1501 nec
2822 1447 2936 1500 haec
2985 1461 3240 1513 umquam
3291 1443 3563 1499 excidunt.

1983 1541 2037 1596 Si
2065 1551 2242 1596 autem
2299 1556 2406 1596 non
2461 1540 2734 1601 excidunt,
2769 1547 2980 1610 Oportet
3042 1539 3184 1607 ipsas
3221 1553 3309 1592 res
3353 1537 3572 1591 omnino

1984 1632 2258 1702 consequi.
2315 1630 2470 1698 Quod
2517 1631 2561 1685 si
2608 1631 2766 1686 etiam
2806 1629 3002 1684 alicubi
3030 1628 3165 1683 dixit
3198 1626 3398 1699 aliquid
3435 1628 3577 1698 quod

1986 1739 2093 1779 non
2121 1723 2316 1778 factum
2342 1731 2446 1790 est,
2500 1724 2675 1793 ipsum
2716 1737 2926 1792 quoque
2961 1722 3078 1792 ejus
3107 1721 3388 1776 veritatem
3434 1719 3576 1775 indi-

1984 1827 2111 1874 cat:
2155 1817 2236 1871 Ad
2278 1834 2528 1872 summam
2568 1817 2712 1872 enim
2770 1817 2946 1886 loquar
2993 1832 3145 1886 super
3193 1824 3363 1886 gentes
3403 1822 3449 1866 et
3491 1829 3578 1866 re-

1985 1928 2158 1982 gnum,
2216 1922 2269 1964 ut
2309 1912 2508 1964 diruam
2567 1919 2616 1963 et
2671 1909 2918 1964 eradicem
2963 1923 2982 1962 :
3032 1917 3078 1961 et
3129 1909 3172 1961 si
3230 1905 3576 1978 paenitentiam

1985 2003 2176 2073 egerint
2213 2002 2275 2055 de
2307 2003 2446 2066 vitio,
2493 2019 2583 2073 ego
2599 2016 2795 2071 quoque
2836 2017 2986 2071 agam
3034 1998 3376 2068 paenitentiam
3427 1997 3490 2050 de
3515 1997 3578 2050 iis

1985 2110 2097 2166 qua:
2126 2094 2360 2163 loquutus
2384 2110 2515 2160 sum,
2557 2102 2612 2146 ut
2644 2093 2860 2162 [acerem
2886 2091 2978 2146 eis.
3007 2091 3071 2145 Et
3098 2089 3164 2144 de
3206 2088 3360 2144 bonis
3386 2086 3575 2142 simili-

1988 2195 2069 2242 ter
2121 2203 2133 2238 :
2167 2185 2313 2238 Bona
2348 2185 2546 2254 loquar,
2572 2182 2760 2252 inquit,
2787 2191 2830 2235 et
2852 2183 2895 2236 si
2912 2181 3092 2234 mutati
3116 2180 3322 2252 fuerint,
3347 2195 3435 2248 ego
3454 2193 3579 2243 quo-

1985 2296 2083 2352 que
2100 2279 2301 2330 mutabo
2325 2293 2384 2330 ea
2407 2291 2518 2346 quae
2545 2275 2605 2328 de
2625 2275 2725 2328 illis
2747 2274 2880 2326 dicta
2899 2283 3013 2327 sunt
3031 2269 3164 2342 (εἶεν.
3189 2269 3276 2325 18.
3307 2269 3484 2338 7-10).
3517 2266 3580 2320 Et

1987 2380 2191 2424 sanctus
2235 2369 2289 2422 in
2332 2367 2562 2421 omnibus
2611 2365 2845 2435 operibus
2880 2365 3007 2418 suis.
3041 2361 3179 2430 Quid
3202 2368 3283 2416 est
3315 2357 3581 2414 Sanctus?

1991 2463 2334 2532 Inculpatus,
2380 2471 2576 2524 rectus,
2628 2475 2810 2530 purus,
2869 2458 3120 2524 mundus,
3183 2456 3250 2511 ab
3295 2455 3443 2510 omni
3488 2468 3579 2508 re~

1993 2556 2350 2626 prehensione
2376 2555 2604 2619 alienus,
2635 2553 2724 2623 qui
2757 2552 2955 2606 nullam
3003 2550 3097 2604 ulli
3126 2548 3347 2603 omnino
3379 2546 3581 2616 praebet

1990 2665 2196 2704 ansam.
2230 2650 2316 2703 14.
2374 2648 2568 2701 Allevat
2609 2645 2858 2699 Dominus
2901 2659 3072 2697 omnes
3101 2642 3185 2712 qui
3239 2647 3504 2705 corruunt,
3536 2646 3582 2692 et

1991 2743 2136 2813 erigit
2167 2758 2336 2796 omnes
2357 2741 2523 2793 elisos.
2553 2738 2836 2807 Postquam
2886 2734 2954 2789 de
2983 2748 3149 2804 regno
3197 2731 3334 2786 dixit
3362 2730 3412 2784 id
3456 2743 3578 2784 esse

1993 2837 2280 2898 inﬁnitum,
2313 2835 2376 2888 de
2416 2833 2596 2887 verbis
2626 2847 2689 2884 ea
2728 2844 2850 2884 esse
2875 2843 3021 2894 vera,
3073 2827 3141 2881 de
3182 2826 3334 2880 factis
3359 2839 3422 2877 ea
3470 2839 3576 2877 non

1995 2943 2150 2998 posse
2181 2924 2525 2994 reprehendi,
2556 2932 2610 2976 et
2653 2922 2720 2976 de
2759 2921 2927 2992 gloria
2955 2927 3010 2972 et
3039 2917 3108 2973 de
3137 2915 3532 2986 magnilicentia
3563 2933 3576 2967 :

1992 3020 2124 3075 dicit
2170 3033 2356 3072 rursus
2380 3017 2447 3070 de
2473 3015 2775 3077 clementia,
2828 3011 2878 3065 id
2907 3024 3119 3082 quoque
3148 3023 3268 3063 esse
3295 3007 3582 3060 maximam

1993 3109 2144 3181 regni
2169 3109 2248 3164 sui
2278 3107 2525 3180 gloriam,
2548 3104 2690 3175 quod
2722 3120 2827 3158 non
2856 3111 3061 3158 stantes
3082 3101 3254 3156 solum
3279 3102 3576 3158 contineat.

1994 3201 2088 3256 sed
2119 3201 2277 3254 etiam
2303 3197 2392 3268 qui
2422 3205 2545 3252 sunt
2583 3195 2778 3257 casuri,
2808 3209 2915 3248 non
2940 3192 3212 3264 permittat
3236 3200 3295 3244 ut
3315 3188 3366 3242 id
3389 3188 3468 3244 eis
3496 3201 3586 3241 ac-

1995 3293 2158 3356 cidat,
2183 3300 2237 3347 et
2264 3291 2354 3362 qui
2380 3290 2584 3361 jacent,
2612 3289 2782 3358 erigat
2807 3305 2820 3341 :
2854 3285 3069 3356 etquod
3113 3294 3196 3339 est
3225 3282 3393 3352 magis
3417 3280 3587 3335 admi-

1995 3386 2184 3449 rabile,
2216 3399 2323 3440 non
2345 3383 2468 3438 huic
2494 3392 2585 3437 aut
2624 3381 2720 3448 illi,
2750 3379 2843 3435 sed
2875 3379 3122 3432 omnibus
3154 3375 3204 3430 id
3238 3373 3394 3429 faciat
3416 3413 3432 3437 ,
3461 3373 3588 3427 licet

1996 3480 2104 3534 sint
2148 3478 2327 3543 servi,
2385 3477 2509 3531 licet
2549 3489 2836 3545 pauperes,
2876 3472 3002 3527 licet
3049 3468 3285 3534 obscuri,
3340 3467 3467 3521 licet
3515 3480 3584 3520 ex

1998 3569 2241 3626 obscuris
2294 3569 2418 3622 orti.
2450 3569 2541 3622 Est
2568 3565 2709 3622 enim
2737 3565 2977 3619 omnium
3006 3562 3290 3628 Dominus,
3338 3575 3437 3614 nec
3491 3571 3588 3613 eos

1998 3662 2084 3732 qui
2111 3661 2290 3729 jacent
2317 3658 2702 3728 prmtercurrit,
2734 3671 2835 3710 nec
2859 3671 2952 3710 eos
2979 3653 3066 3724 qui
3100 3653 3284 3708 labant
3332 3651 3583 3720 despicit.

2000 3753 2111 3807 Hoc
2136 3752 2258 3804 fecit
2288 3749 2444 3803 simul
2498 3750 2548 3802 in
2574 3749 2819 3802 universa
2863 3757 3052 3799 natura
3075 3787 3088 3805 ,
3120 3744 3222 3798 hoc
3249 3741 3410 3798 etiam
3465 3739 3592 3795 facit

2005 3844 2060 3897 in
2084 3856 2422 3912 unoquoque.
2452 3839 2604 3908 Quod
2628 3839 2670 3892 si
2705 3839 2791 3908 qui
2823 3853 2887 3892 ex
2917 3837 2981 3890 iis
3011 3838 3097 3905 qui
3118 3836 3299 3904 jacent
3325 3848 3433 3887 non
3455 3847 3582 3886 sur-

2000 3941 2150 4004 gunt,
2181 3948 2285 3986 non
2317 3931 2368 3984 in
2395 3945 2554 3985 causa
2585 3938 2669 3984 est
2717 3929 2762 3981 is
2807 3928 2894 3996 qui
2942 3926 3051 3980 vult
3080 3925 3307 3995 erigere,
3358 3922 3453 3977 sed
3497 3922 3592 3992 qui

2004 4026 2191 4081 nolunt
2213 4038 2452 4093 surgere.
2479 4021 2611 4076 Nam
2640 4020 2830 4076 Judam
2872 4035 3082 4089 quoque
3103 4060 3117 4085 ,
3145 4033 3266 4072 cum
3297 4015 3583 4072 cecidisset

2001 4114 2169 4170 voluit
2193 4103 2399 4184 erigere
2429 4131 2442 4167 :
2475 4122 2524 4166 et
2550 4121 2606 4166 ut
2632 4120 2894 4181 surgeret,
2924 4109 3056 4164 nihil
3086 4124 3192 4162 non
3210 4107 3356 4174 fecit,
3381 4108 3474 4162 sed
3506 4107 3595 4162 ille

2003 4208 2195 4262 noluit.
2228 4205 2392 4260 David
2418 4214 2586 4270 certe,
2609 4219 2731 4260 cum
2761 4203 3064 4268 cecidisset,
3097 4201 3270 4256 erexit
3293 4209 3346 4256 et
3374 4199 3588 4255 ﬁrmum

2004 4299 2253 4356 reddidit.
2287 4299 2525 4364 Petrum,
2557 4313 2678 4352 cum
2709 4306 2852 4351 esset
2879 4311 3119 4359 casurus,
3165 4293 3405 4349 retinuit.
3449 4291 3588 4346 Audi

2005 4404 2181 4448 autem
2203 4391 2470 4463 quomodo
2505 4410 2517 4445 :
2568 4391 2768 4452 Simon,
2799 4389 3000 4453 Simon,
3057 4387 3249 4458 inquit,
3288 4403 3398 4441 ecce
3437 4403 3594 4456 cxpe-

2007 4487 2112 4539 tivit
2141 4501 2227 4538 vos
2249 4492 2454 4538 satanas
2476 4483 2718 4548 cribrare,
2752 4491 3006 4550 tamquam
3033 4481 3255 4534 triticum
3279 4494 3298 4542 ;
3319 4489 3365 4532 et
3386 4495 3477 4548 ego
3507 4493 3595 4531 ro-

2007 4576 2122 4646 gavi
2155 4590 2246 4644 pro
2283 4583 2350 4639 te,
2397 4590 2459 4627 ne
2497 4573 2730 4642 deﬁceret
2756 4570 2881 4640 ﬁdes
2931 4579 3016 4623 tua
3044 4569 3193 4643 (Luc.
3223 4569 3312 4624 92.
3345 4570 3435 4625 51.
3465 4566 3595 4636 52).

1942 4694 1951 4709 I
2010 4665 2213 4722 Deinde
2236 4664 2364 4719 dicit
2393 4664 2532 4718 aliud
2565 4678 2776 4733 quoque
2801 4676 2970 4731 genus
2998 4660 3238 4715 beneﬁcii
3274 4681 3286 4715 :
3321 4669 3406 4716 est
3451 4661 3596 4715 enim

2008 4758 2151 4812 varia
2183 4767 2236 4812 et
2267 4756 2540 4826 multiplex
2570 4756 2689 4825 ejus
2713 4769 2839 4808 cura
2867 4763 2921 4809 et
2947 4754 3300 4824 providentia.
3327 4753 3415 4808 15.
3447 4751 3597 4809 Oculi

2009 4852 2234 4904 omnium
2293 4852 2346 4902 in
2377 4860 2422 4902 te
2464 4857 2687 4918 sperant,
2717 4846 2934 4900 Domine
2954 4889 2968 4910 ,
3000 4855 3043 4899 et
3088 4855 3143 4898 tu
3177 4845 3269 4899 das
3295 4861 3457 4898 escam
3482 4843 3598 4898 illo-

2010 4961 2121 4998 rum
2141 4943 2192 4995 in
2214 4951 2436 5010 tempore
2457 4950 2763 5011 opportuno.
2787 4938 2974 4992 Vidisti
3000 4937 3269 5008 quomodo
3305 4936 3601 4992 ostenderit

2013 5053 2136 5091 eum
2169 5049 2287 5089 esse
2335 5033 2532 5087 bonum
2564 5031 2832 5090 omnibus,
2861 5039 2914 5084 et
2939 5029 3316 5083 miserationes
3341 5028 3457 5098 ejus
3481 5041 3602 5082 esse

2013 5143 2173 5200 super
2201 5126 2378 5182 omnia
2408 5139 2569 5194 Opera
2600 5123 2752 5192 ejus?
2775 5120 3061 5179 Utdictum
3097 5133 3180 5181 est
3200 5125 3256 5179 in
3280 5119 3588 5189 Evangeliis,

2017 5220 2116 5286 Qui
2169 5217 2324 5272 solem
2353 5232 2500 5271 suum
2540 5216 2660 5269 oriri
2698 5214 2821 5286 facit
2867 5229 3016 5283 super
3047 5215 3207 5267 malos
3256 5220 3304 5264 et
3339 5210 3517 5292 bonas,
3543 5219 3584 5264 et

2016 5313 2144 5386 pluit
2169 5295 2502 5380 superjustos
2533 5317 2579 5361 et
2621 5308 2832 5378 injustas
2859 5305 3069 5378 (Matth.
3098 5307 3153 5362 5.
3195 5303 3285 5375 45)
3315 5345 3332 5370 ,
3393 5303 3480 5358 hic
3520 5303 3594 5356 ie

2018 5407 2189 5476 ipsum
2223 5403 2504 5473 signiﬁcat,
2534 5417 2657 5455 cum
2686 5400 2812 5454 dicit
2845 5417 2858 5453 :
2891 5397 2958 5452 Et
2996 5407 3049 5451 tu
3089 5396 3184 5452 das
3208 5412 3370 5451 escam
3402 5395 3604 5453 illorum

2017 5500 2069 5552 in
2097 5509 2316 5566 tempore
2346 5505 2652 5564 Opportuna.
2699 5492 2880 5562 Neque
2900 5492 3043 5546 enim
3101 5491 3322 5554 imbres,
3356 5501 3498 5544 terra
3553 5499 3607 5544 et

2019 5605 2129 5654 aer,
2163 5587 2256 5641 scd
2287 5587 2401 5654 ejus
2422 5586 2602 5655 jussus
2628 5585 2766 5640 solet
2797 5585 2999 5638 ﬁ'uctus
3025 5581 3341 5653 producere.

2101 5677 2478 5733 Vicissitudines
2501 5687 2782 5746 temporum
2800 5675 2870 5729 ad
2885 5673 3023 5745 quid.
3046 5705 3116 5715 —
3130 5673 3286 5740 lllud,
3304 5673 3371 5728 In
3392 5682 3611 5743 tempore

2024 5783 2341 5845 opportuno,
2373 5772 2475 5828 hoc
2502 5770 2764 5842 signiﬁcat
2800 5787 2811 5824 :
2838 5767 3030 5827 Omnia
3058 5779 3184 5826 sunt
3210 5769 3370 5826 certis
3393 5767 3612 5826 deﬁnita
