4070 6340
473 341 563 396 171

479 449 830 523 temporibus,
859 442 1160 504 etdiversis
1189 437 1645 496 vicissitudinibus
1669 431 2051 506 producuntur.

474 547 590 602 [loc
614 545 755 601 enim
777 540 1007 597 maxime
1032 534 1264 592 ostendit
1289 533 1403 603 ejus
1424 529 1759 600 sapientiam,
1783 523 1921 595 quod
1948 537 2051 578 non

471 639 652 693 omnia
690 634 848 692 simul
877 642 931 689 et
955 619 1164 686 eodem"
1189 635 1458 696 tempore,
1488 622 1582 678 sed
1622 637 1716 691 per
1759 628 1926 674 totum
1955 631 2054 670 an-

474 745 601 784 num
641 727 893 782 alimenta
934 720 1167 784 dividat,
1203 728 1260 772 ut
1283 717 1524 788 quiescat
1562 712 1813 782 agricnla,
1843 717 1897 764 ct
1936 721 2056 778 qure

475 819 765 892 gignuntur
791 831 898 872 non
937 815 1219 870 intereant.
1250 807 1382 864 Illud
1425 821 1577 877 ergo,
1609 801 1675 858 In
1716 813 1937 892 tempore
1962 817 2056 868 op-

479 891 726 984 portuno,
752 909 839 964 vel
878 906 929 963 id
961 903 1224 976 signiﬁcat
1265 899 1404 970 quod
1450 907 1574 952 ante
1598 895 1851 958 diximus,
1894 891 2061 984 fuisse

478 983 686 1074 Singula
712 999 824 1056 suis
849 997 1126 1067 dispertita
1169 991 1524 1063 temporibus,
1553 987 1637 1044 vel
1676 1001 1798 1042 eum
1824 984 1955 1040 dare
1981 983 2060 1074 ci-

477 1072 603 1150 bum
630 1092 697 1148 iis
723 1089 814 1162 qui
841 1087 1102 1158 indigent,
1131 1093 1188 1142 et
1215 1082 1457 1138 laborant
1481 1077 1679 1150 inopia.
1706 1077 1773 1132 Et
1795 1072 2063 1146 quomodo

474 1185 644 1250 dixit,
693 1179 938 1253 inquies,
988 1175 1141 1235 Oculi
1184 1175 1410 1231 omnium
1449 1173 1503 1226 in
1549 1181 1597 1225 te
1619 1167 1863 1240 sperant?
1902 1165 2060 1236 Atqui

480 1275 632 1330 multi
661 1279 808 1340 sunt,
837 1270 930 1343 qui
964 1269 1150 1325 dicunt
1171 1281 1234 1322 ea
1261 1280 1382 1337 qua:
1416 1270 1574 1330 sunt,
1605 1274 1730 1318 esse
1764 1273 1912 1326 casu,
1943 1265 1996 1312 ut
2027 1257 2060 1310 ii

477 1367 566 1437 qui
594 1373 718 1421 sunt
741 1362 910 1434 impii.
941 1361 1082 1417 Dicit
1108 1359 1196 1414 hic
1220 1357 1387 1428 ipsius
1413 1355 1492 1410 rei
1522 1361 1784 1416 naturam,
1816 1359 1875 1405 ut
1901 1349 2060 1405 etiam

482 1455 630 1522 alibi,
655 1451 870 1524 quando
895 1451 988 1518 ait,
1019 1447 1193 1506 Pullis
1230 1461 1494 1501 corvorum
1522 1441 1866 1498 invocantibus
1897 1441 2065 1512 ipsum

482 1544 656 1615 (Psal.
675 1542 796 1600 146.
816 1541 893 1613 9);
917 1540 1123 1596 etiamsi
1143 1537 1248 1594 sint
1263 1535 1548 1592 animantia
1569 1532 1790 1589 rationis
1805 1531 2062 1602 expertia.

490 1635 562 1694 Et
587 1649 772 1692 rursus
800 1650 814 1690 :
845 1632 1015 1690 Catuli
1034 1631 1235 1686 leonum
1261 1628 1534 1700 rugientes,
1557 1635 1613 1680 ut
1638 1624 1842 1695 rapiant
1865 1631 1908 1677 et
1931 1637 2069 1693 qua:-

482 1735 598 1780 rant
622 1741 655 1778 a
670 1724 778 1779 Deo
800 1738 963 1778 escam
981 1720 1076 1776 sibi
1105 1718 1274 1789 (Psal.
1306 1717 1430 1773 105.
1452 1715 1570 1787 2|).
1597 1714 1759 1786 Atqui
1783 1712 1836 1768 hi
1860 1725 2070 1782 quoque

484 1825 608 1874 sunt
636 1833 666 1871 a
693 1817 899 1872 ratione
924 1813 1106 1878 alieni,
1135 1827 1233 1867 nec
1259 1811 1357 1880 ipsi
1385 1816 1630 1880 quazrunt
1656 1825 1670 1862 :
1698 1804 1792 1862 sed
1823 1805 1909 1860 hic
1931 1818 2068 1875 quo-

484 1924 590 1978 que
609 1908 739 1963 dicit
765 1906 842 1962 rei
873 1915 1151 1963 naturam:
1173 1917 1272 1958 nec
1291 1917 1355 1956 ex
1379 1890 1774 1955 illorum'animi
1802 1896 2067 1959 instituto,

489 1999 579 2052 sed
607 2014 676 2054 ex
696 2013 882 2054 eorum
905 2011 1022 2065 quae
1049 1996 1182 2048 liunt
1209 2004 1393 2048 natura
1421 1993 1522 2046 hoc
1540 1988 1823 2044 dicendum
1851 1997 1953 2042 est.
1979 1986 2068 2041 16.

486 2089 663 2163 Aperis
688 2097 743 2142 tu
781 2103 985 2142 manum
1011 2095 1250 2152 tuam,et
1293 2083 1470 2152 imples
1513 2097 1659 2135 omne
1686 2077 1879 2133 animal
1921 2078 2073 2132 bene-

484 2179 689 2254 placito.
715 2178 928 2234 Manum
951 2177 1080 2233 dicit
1105 2176 1489 2247 operationem,
1521 2182 1578 2229 et
1603 2169 2072 2242 suppeditatricem

484 2272 791 2328 facultatem
823 2288 838 2326 :
876 2285 972 2341 per
995 2269 1173 2325 omnia
1203 2275 1256 2324 te
1283 2265 1481 2322 docens
1500 2306 1517 2330 ,
1549 2279 1655 2320 non
1681 2264 1734 2318 in
1769 2260 2071 2328 elementis,

491 2362 583 2418 sed
610 2363 662 2417 in
707 2361 798 2417 Dei
841 2359 1170 2432 providentia
1211 2373 1330 2414 esse
1373 2358 1503 2412 sitas
1545 2355 1808 2411 fructuum
1853 2366 2075 2424 genera-

491 2457 682 2516 tiones.
716 2455 816 2511 Vel
857 2456 1019 2510 etiam
1047 2451 1335 2510 ostendens
1376 2449 1716 2516 facilitatem,
1763 2447 1892 2504 dicit
1921 2445 2072 2513 illud,

489 2549 530 2602 Δ
539 2549 669 2619 peris
689 2555 744 2602 tu
765 2563 972 2601 manum
999 2557 1158 2599 tuam.
1181 2543 1440 2613 Quoniam
1463 2542 1605 2597 enim
1627 2541 1714 2611 qui
1747 2549 1871 2595 tunc
1895 2547 2073 2607 erant,

495 2639 774 2710 principali
793 2653 950 2694 causa
975 2639 1180 2702 relicta,
1208 2634 1505 2690 adorabant
1527 2648 1704 2689 aerem
1727 2643 1781 2688 et
1807 2632 1998 2697 solem,
2023 2641 2079 2686 et

490 2729 868 2786 existimabant
897 2745 957 2784 ea
979 2743 1099 2784 esse
1128 2728 1216 2790 illa
1242 2742 1361 2800 qum
1387 2725 1588 2782 fructus
1614 2724 1944 2794 prazbebant,
1976 2738 2076 2778 ex-

495 2825 688 2880 tollens
719 2838 815 2878 cos
855 2822 923 2877 ad
967 2836 1256 2891 supernum
1302 2818 1642 2889 principium,
1671 2827 1725 2871 et
1765 2829 1952 2870 eorum
1980 2829 2079 2870 au-

493 2926 698 2971 ctorem
725 2929 788 2970 ac
813 2914 1116 2982 Dominum,
1154 2911 1272 2967 haec
1292 2912 1595 2982 frequenter
1623 2907 1856 2976 adducit,
1894 2916 2078 2964 osten-

502 3009 638 3065 dens
662 3023 728 3065 ex
755 3008 897 3063 illius
939 3021 1132 3072 manu,
1163 3005 1216 3060 id
1245 3015 1349 3074 est,
1391 3021 1458 3060 ex
1482 3003 1623 3059 illius
1647 3017 1776 3058 cura
1805 3009 1860 3058 et
1900 2999 2082 3072 prdvi-

495 3099 697 3165 dentia,
725 3100 902 3154 omnia
933 3099 1068 3153 bona
1099 3097 1287 3152 liuere.

565 3191 620 3246 5.
653 3189 1031 3245 Benedictione
1074 3198 1286 3252 autem,
1332 3185 1436 3242 hoc
1469 3195 1554 3243 est
1578 3185 1934 3257 beneplacito,
1977 3185 2083 3240 im-

497 3284 643 3355 plere
668 3282 754 3338 hic
782 3282 932 3348 dicit,
959 3282 1210 3352 quoniam
1235 3281 1415 3352 implet
1447 3279 1861 3351 unumquodque
1883 3276 2083 3332 animal

495 3374 770 3428 voluntate
795 3387 888 3427 sua
915 3373 964 3428 ei
991 3372 1246 3441 placente.
1288 3371 1405 3426 Non
1432 3371 1576 3426 enim
1602 3369 1694 3424 dat
1719 3369 1961 3424 absolute
1985 3368 2082 3423 ali-

497 3475 758 3531 montum,
783 3464 878 3520 sed
906 3475 1062 3535 prout
1089 3473 1171 3520 est
1190 3464 1383 3535 cuique
1409 3463 1557 3529 utile,
1591 3479 1687 3534 pro
1710 3462 1967 3533 cujusque
1989 3461 2083 3517 de-

494 3555 726 3624 siderio,
753 3565 1007 3627 quantum
1030 3555 1120 3608 'atl
1160 3571 1282 3610 eum
1313 3553 1631 3624 explendum
1671 3555 1801 3607 satis
1825 3562 1927 3607 est.
1973 3553 2084 3608 lloc

495 3657 578 3702 est
601 3657 777 3703 autem
805 3647 946 3718 quod
975 3646 1139 3703 dicit:
1172 3648 1238 3703 Et
1262 3646 1453 3712 brutis,
1481 3656 1535 3702 et
1560 3645 1883 3710 hominibus,
1918 3655 2080 3716 atque

496 3739 633 3793 adeo
653 3739 903 3794 omnibus
923 3739 1038 3804 das,
1061 3749 1118 3793 ut
1138 3747 1223 3794 est
1246 3737 1435 3808 cuique
1453 3744 1682 3808 gratum,
1712 3745 1767 3790 ut
1790 3745 1873 3792 est
1891 3737 2084 3808 cuique

496 3831 644 3884 cordi
680 3848 694 3884 :
728 3845 829 3886 nec
857 3829 953 3885 das
979 3830 1174 3895 solum,
1201 3830 1294 3885 sed
1321 3829 1479 3884 etiam
1511 3829 1729 3898 imples.
1763 3829 1833 3882 ita
1867 3837 1923 3883 ut
1952 3829 2083 3884 nihil

496 3921 653 3976 desit.
683 3921 972 3992 Propterea
993 3921 1138 3988 dicit,
1160 3919 1351 3992 Imples
1372 3938 1516 3974 omne
1533 3920 1726 3974 animal
1749 3921 2080 3991 beneplacito.

497 4013 585 4068 17.
613 4012 797 4068 Justus
822 4012 1072 4067 Dominus
1100 4014 1152 4066 in
1180 4013 1406 4066 omnibus
1435 4012 1527 4065 viis
1567 4011 1672 4066 suis
1691 4055 1705 4078 ,
1729 4021 1774 4065 et
1800 4023 2004 4067 sanctus
2030 4014 2084 4068 in

495 4108 726 4162 omnibus
743 4107 975 4179 operibus
1001 4108 1122 4161 suis.
1157 4103 1280 4161 Vias
1303 4105 1388 4160 hic
1413 4105 1539 4160 dicit
1567 4105 1683 4176 ejus
1703 4107 2080 4172 oeconomiam,

495 4201 916 4271 providentiam,
963 4199 1314 4262 curationem,
1366 4214 1460 4268 per
1501 4214 1660 4268 quam
1708 4199 1885 4253 omnia
1931 4197 2084 4254 tinxit

495 4307 558 4346 ac
583 4293 873 4348 constituit.
896 4289 1104 4353 Omnia.
1136 4290 1326 4360 inquit,
1350 4305 1511 4360 Opera
1535 4290 1648 4360 ejus
1673 4303 1796 4344 sunt
1815 4292 2078 4358 encomia,

495 4381 654 4451 plena
676 4381 968 4449 miraculis,
989 4397 1109 4452 qua:
1133 4381 1330 4436 nemini
1349 4381 1585 4451 praebent
1604 4381 1764 4437 ullam
1787 4396 1971 4437 ansam
1993 4398 2081 4438 re-

497 4471 865 4543 prehendendi
886 4474 904 4504 ί
920 4513 936 4537 ,
961 4473 1061 4528 etsi
1085 4473 1324 4527 nonnulli
1341 4473 1538 4540 iurant,
1553 4483 1608 4528 et
1629 4474 1774 4529 rabie
1793 4475 2080 4543 agitentur.

497 4564 668 4634 Opera
707 4579 838 4634 ergo
863 4564 980 4631 ejus
1011 4563 1098 4618 tali
1131 4573 1251 4618 sunt
1281 4575 1493 4632 natura,
1521 4574 1580 4619 ut
1617 4563 1854 4635 fulgeant
1874 4609 1888 4632 ,
1912 4576 1972 4622 ut
1999 4583 2082 4621 re—

495 4653 846 4723 Splendeant,
885 4665 942 4709 nt
969 4655 1087 4724 ejus
1127 4657 1217 4727 qui
1261 4657 1386 4710 fecit
1422 4672 1640 4723 curam,
1673 4657 2080 4727 providentiam,

495 4746 858 4814 clementiam,
899 4746 1183 4817 justitiam,
1233 4747 1569 4803 sanctitatem
1613 4750 1948 4804 annuntient.
1987 4750 2074 4805 18.

496 4837 672 4910 Prope
689 4849 762 4893 est
789 4839 1038 4894 Dominus
1063 4841 1291 4895 omnibus
1316 4842 1662 4896 invocantibus
1687 4860 1822 4908 eum,
1851 4845 2079 4899 omnibus

496 4931 847 4986 invocantibus
881 4949 994 4986 eum
1021 4933 1074 4987 in
1102 4935 1326 4987 veritate.
1366 4933 1504 4990 Ecce
1542 4933 1704 4990 etiam
1743 4935 1900 4990 aliam
1952 4951 2080 5006 pro-

496 5023 751 5079 videntim
775 5034 981 5094 partem
1002 5066 1017 5091 ,
1047 5040 1167 5096 qua:
1195 5035 1276 5080 est
1299 5035 1460 5096 caput
1483 5025 1765 5081 bonorum.
1794 5026 2080 5097 Postquam

464 5191 466 5194 ν
493 5117 640 5171 enim
683 5115 816 5171 dixit
850 5131 970 5186 quae
996 5116 1048 5170 in
1077 5131 1361 5172 commune
1389 5116 1510 5170 data
1547 5127 1671 5170 sunt
1699 5117 1859 5171 etiam
1890 5117 2079 5173 inlide-

464 5275 466 5277 ν
493 5209 652 5275 ‘ibus,
682 5224 875 5278 nempe
895 5210 1146 5264 alimenta
1171 5221 1226 5264 et
1251 5209 1468 5274 imbres.
1497 5209 1623 5264 dicit
1646 5210 1804 5264 etiam
1830 5226 1947 5280 quae
1967 5212 2080 5280 pri-

509 5303 655 5356 ratim
701 5299 950 5358 ﬁdelibus
975 5301 1098 5357 data
1142 5311 1286 5357 sunt.
1318 5301 1572 5369 Quaanam
1603 5311 1780 5358 autem
1823 5317 1886 5356 ea
1914 5303 2080 5357 sunt?

500 5390 672 5464 l‘rope
697 5409 792 5450 eos
835 5409 979 5461 esse,
1009 5393 1113 5450 hoc
1149 5403 1250 5459 est,
1293 5392 1600 5457 defendere,
1642 5408 1824 5448 curam
1869 5408 2078 5463 gerere,

499 5489 726 5556 amplius
747 5487 825 5542 eis
849 5486 1148 5557 providere,
1181 5501 1300 5540 esse
1323 5486 1401 5540 eis
1429 5484 1768 5551 bcnemlum,
1796 5485 2079 5555 benignum

496 5588 549 5632 ct
577 5579 889 5649 pr0pitium,
917 5588 972 5634 et
999 5578 1137 5632 lmna
1167 5577 1246 5632 eis
1273 5577 1438 5648 magis
1466 5575 1725 5633 revelare.

519 5730 524 5732 ’
561 5743 578 5773 ι
614 5746 759 5791 Unus.
779 5753 886 5805 qua!
905 5752 1016 5791 rtem
1036 5741 1084 5789 ni
1108 5738 1336 5788 (ianum-nt
1361 5737 1584 5801 nmmum.

1179 329 1238 387 S.
1275 323 1553 385 JOANNIS
1587 315 2059 380 CIIRYSOSTOMI
2097 311 2412 369 ARCIIIEP.
2453 312 2984 372 CONSTANTINOP.

3635 313 3737 370 472

2240 412 2540 499 Aﬁlictiones
2565 429 2730 498 utiles.
2747 460 2815 470 —
2830 429 2918 486 19.
2950 427 3270 484 Voluntatent
3286 427 3564 483 timentium
3588 446 3642 484 se
3663 433 3739 499 [a—

2165 523 2260 576 ciet
2280 565 2295 588 ,
2327 532 2374 576 et
2399 523 2799 594 deprecationem
2825 538 2999 577 eorum
3027 520 3292 587 exaudiet,
3324 531 3373 576 et
3406 523 3573 577 saluus
3597 524 3744 593 facies

2165 620 2268 672 eos.
2292 617 2450 687 Atqui
2477 615 2606 672 dicit
2623 618 2908 689 quispiam,
2942 615 3163 672 Volebat
3184 617 3378 671 Paulus
3396 616 3640 685 angelum
3662 633 3746 672 sa-

2167 721 2306 767 tana:
2333 711 2398 767 ab
2424 725 2485 766 se
2512 711 2764 766 recedere
2795 711 2873 782 (2.
2909 710 3028 766 Cor.
3066 709 3151 765 l2.
3180 710 3258 781 8),
3300 708 3403 765 hoc
3439 719 3542 774 est,
3577 718 3747 766 tenta-

2165 805 2362 871 tiones,
2386 803 2724 866 afﬂictiones,
2751 801 2992 869 insidias,
3019 809 3076 856 et
3103 817 3208 856 non
3231 801 3280 856 id
3311 801 3453 856 fecit.
3482 800 3594 857 lmo
3616 816 3746 856 vero

2167 895 2334 951 fecit:
2385 903 2666 965 postquam
2709 895 2852 949 enim
2899 894 3146 964 cognovit
3191 907 3251 949 se
3301 901 3487 962 petere
3530 893 3748 947 minime

2165 985 2548 1050 conducibilia,
2583 995 2638 1039 ut
2679 1000 2869 1040 rursus
2894 985 3058 1040 vellet
3096 992 3152 1040 et
3180 984 3526 1040 vehementer
3567 983 3748 1045 vellet.

2172 1077 2263 1132 Dei
2290 1091 2426 1147 opus
2468 1087 2602 1131 erat.
2633 1075 2700 1130 Et
2726 1075 2846 1130 ideo
2873 1075 3082 1131 dicebat
3115 1092 3128 1127 :
3162 1075 3293 1129 Mihi
3316 1074 3490 1144 placeo
3514 1075 3569 1128 in
3605 1075 3749 1140 inﬁr-

2168 1169 2445 1236 mitatibus,
2473 1168 2525 1221 in
2553 1169 2918 1240 afﬂictionibus,
2942 1169 2994 1222 in
3029 1169 3494 1239 persequutionibus
3520 1166 3594 1240 (2.
3631 1167 3748 1221 Cor.

2169 1261 2259 1317 12.
2293 1259 2404 1334 10).
2447 1261 2503 1317 Si
2541 1271 2718 1317 autem
2745 1263 2892 1333 prius
2938 1261 3152 1317 volebat
3192 1261 3488 1327 contraria,
3541 1262 3750 1316 volebat

2169 1359 2389 1423 propter
2434 1351 2808 1421 ignorantiam.
2855 1350 3143 1422 Postquam
3192 1361 3372 1407 autem
3423 1351 3592 1406 Deum
3651 1350 3752 1406 hue

2168 1444 2309 1500 velle
2331 1443 2533 1510 didicit,
2558 1444 2672 1513 ipse
2696 1442 2950 1513 deinceps
2972 1443 3218 1498 lubenter
3239 1442 3548 1514 acquiescit.
3573 1441 3753 1513 Neque

2171 1537 2314 1593 enim
2344 1536 2444 1592 alia
2472 1546 2552 1591 est
2581 1535 2673 1590 Dei
2701 1536 2979 1603 voluntas,
3015 1545 3071 1591 et
3096 1537 3198 1590 alia
3233 1550 3418 1591 eorum
3459 1536 3548 1602 qui
3579 1537 3754 1606 ipsum

2173 1630 2363 1684 timent
2389 1647 2403 1683 :
2431 1641 2482 1683 et
2516 1629 2558 1682 si
2608 1629 2706 1698 ipsi
2738 1643 2950 1698 quoque
2976 1628 3150 1699 aliqua
3172 1628 3356 1683 volunt
3381 1637 3437 1682 ut
3471 1625 3752 1694 homines,

2176 1733 2361 1794 postea
2393 1724 2751 1792 corriguntur.
2781 1723 2872 1777 20.
2904 1722 3134 1778 Custodit
3162 1720 3413 1777 Dominus
3441 1739 3612 1775 omnes
3640 1723 3758 1775 dili-

2174 1825 2343 1886 gentes
2371 1831 2423 1870 se
2449 1831 2469 1868 :
2509 1824 2554 1868 et
2593 1830 2766 1869 omnes
2785 1825 3066 1886 peccatores
3093 1813 3364 1885 disperdet.
3387 1814 3513 1870 Hac
3540 1829 3754 1885 quoque

2175 1917 2257 1962 est
2279 1922 2383 1961 non
2421 1921 2583 1976 parva
2618 1920 2748 1978 pars
2777 1906 3145 1977 providentia,
3177 1919 3516 1970 conservare,
3550 1908 3759 1962 munire

2175 2013 2239 2054 ac
2262 2006 2571 2069 protegere,
2603 2011 2755 2053 suam
2781 1997 3028 2070 praebere
3063 1997 3476 2068 providentiam.
3509 1998 3758 2054 Peccatu—

2175 2106 2264 2146 res
2290 2101 2467 2146 autem
2503 2089 2632 2144 dicit
2675 2104 2770 2145 eos
2796 2089 2890 2161 qui
2935 2089 3180 2145 laborant
3222 2089 3413 2144 morbo
3451 2087 3761 2144 immedica-

2177 2184 2291 2251 bili,
2320 2198 2414 2239 eos
2456 2184 2543 2252 qui
2589 2181 2778 2238 nolunt
2819 2182 3034 2254 corrigi.
3077 2182 3229 2252 Quod
3274 2182 3317 2238 si
3344 2183 3504 2238 etiam
3553 2182 3764 2251 aliquos

2175 2290 2361 2331 eorum
2382 2317 2397 2341 ,
2423 2275 2512 2346 qui
2545 2277 2716 2344 ipsum
2745 2273 2987 2346 diligunt,
3020 2274 3147 2329 sinit
3171 2275 3224 2329 in
3253 2281 3477 2329 mortem
3505 2273 3757 2337 incidere,

2180 2369 2262 2422 hae
2285 2382 2497 2439 quoque
2539 2375 2666 2423 sunt
2708 2376 2889 2438 partes
2932 2365 3317 2422 custodientis:
3358 2366 3500 2435 quod
3544 2365 3598 2420 in
3627 2364 3761 2418 Abel

2179 2474 2393 2530 quoque
2417 2459 2630 2514 accidit.
2658 2458 2773 2514 Etsi
2801 2458 2943 2514 enim
2973 2471 3158 2513 eorum
3188 2472 3414 2527 corpora
3441 2455 3758 2519 interierint,

2183 2551 2363 2605 animo
2389 2560 2569 2605 tamen
2607 2549 2864 2606 clariores
2897 2556 3184 2604 evaserunt
3216 2565 3232 2602 :
3276 2547 3538 2618 recipient
3583 2556 3760 2601 autem

2181 2642 2340 2698 etiam
2364 2655 2590 2712 corpora
2621 2640 2859 2696 interitui
2889 2655 2993 2694 non
3033 2639 3283 2695 obnoxia.
3322 2639 3610 2709 Postquam
3634 2653 3764 2708 ergo

2181 2735 2315 2790 dixit
2341 2735 2548 2804 species
2587 2733 2704 2804 ejus
2749 2732 3131 2804 providentiaa,
3175 2741 3432 2803 quantum
3475 2731 3764 2787 abeodici

2181 2835 2448 2897 poterant,
2473 2839 2786 2880 communes
2805 2866 2820 2891 ,
2862 2823 3094 2894 priVatas
3113 2864 3128 2889 ,
3156 2831 3211 2877 et
3236 2837 3358 2893 quas
3381 2831 3508 2877 sunt
3547 2829 3764 2876 sancto-

2183 2934 2324 2982 rum,
2358 2917 2627 2988 prtecipue
2655 2931 2839 2972 eorum
2871 2915 2964 2986 qui
2988 2915 3306 2971 vacillarunt
3325 2955 3342 2980 ,
3372 2928 3555 2969 curam
3577 2928 3765 2968 eorum

2182 3011 2272 3080 qui
2313 3012 2524 3082 jacent,
2579 3009 3003 3080 providentiam,
3048 3008 3380 3080 patientiam,
3425 3017 3766 3078 peccatorum

2183 3102 2596 3168 correctionem,
2641 3109 2948 3157 sanctorum
2994 3098 3331 3155 custodiam:
3380 3097 3538 3154 laude
3580 3113 3768 3153 rursus

2184 3193 2457 3250 concludit
2476 3193 2794 3259 orationem,
2820 3201 2876 3248 et
2895 3192 3203 3246 universum
3227 3190 3407 3246 orbem
3433 3197 3592 3245 terrae
3614 3199 3768 3244 vocat

2183 3285 2252 3341 ad
2297 3284 2468 3341 laudis
2508 3283 2984 3340 communionem:
3023 3281 3114 3338 2i.
3145 3279 3516 3336 Laudationem
3559 3278 3769 3334 Domini

2185 3377 2415 3448 loquetur
2459 3393 2517 3431 os
2555 3393 2752 3442 meum,
2801 3385 2850 3429 et
2889 3373 3149 3429 benedicat
3199 3373 3362 3428 omnis
3405 3388 3526 3427 caro
3577 3372 3770 3426 nomini

2185 3477 2360 3524 sancto
2389 3470 2497 3540 ejus
2534 3468 2589 3522 in
2614 3467 2886 3534 saculum,
2912 3475 2960 3520 et
3001 3466 3054 3520 in
3097 3466 3338 3521 saculum
3377 3465 3570 3519 seculi.
3605 3463 3769 3518 Vides

2185 3563 2458 3631 quomodo
2484 3576 2549 3618 ex
2582 3563 2721 3618 bona
2747 3559 3029 3616 affectione
3055 3575 3160 3615 non
3200 3574 3296 3614 eos
3323 3559 3468 3613 solos
3493 3567 3650 3613 vocat
3676 3557 3768 3626 qui

2185 3653 2448 3709 beneﬁcio
2495 3652 2828 3714 afﬁciuntur,
2859 3651 2953 3706 sed
3002 3663 3097 3705 eos
3137 3649 3300 3704 etiam
3339 3649 3428 3719 qui
3477 3648 3771 3718 puniuntur

2188 3747 2332 3815 (nam
2357 3744 2460 3799 hoc
2481 3759 2696 3814 quoque
2715 3751 2801 3798 est
2827 3743 2945 3812 ejus
2965 3740 3356 3813 providentia),
3388 3757 3496 3796 non
3525 3740 3770 3794 homines

2189 3838 2384 3903 solum,
2412 3835 2506 3890 sed
2553 3837 2711 3890 etiam
2739 3835 2891 3890 bruta
2910 3876 2925 3899 ,
2948 3842 3004 3889 et
3045 3833 3308 3889 elementa
3329 3874 3344 3897 ,
3377 3840 3435 3888 et
3472 3831 3651 3886 omnia
3679 3831 3768 3885 in-

2187 3929 2402 3985 sensilia
2432 3945 2446 3982 :
2477 3926 2653 3982 omnia
2693 3929 2835 3982 enim
2860 3926 2977 3997 ejus
3013 3925 3252 3981 bonitate
3293 3925 3446 3994 plena
3486 3932 3630 3977 sunt.
3657 3921 3768 3978 Nec

2187 4038 2286 4079 nos
2329 4039 2457 4093 ergo
2487 4023 2899 4077 intermittamus
2937 4036 3059 4075 eum
3105 4030 3162 4074 et
3187 4019 3364 4074 verbis
3389 4028 3442 4073 et
3487 4016 3639 4072 factis
3675 4031 3767 4070 as-

2188 4115 2341 4170 sidue
2373 4112 2610 4176 laudare,
2643 4113 2734 4184 qui
2764 4123 2848 4167 est
2870 4109 3006 4166 adeo
3033 4109 3222 4174 bonus,
3251 4110 3389 4164 adeo
3419 4108 3677 4176 benignus
3711 4116 3769 4160 et

2186 4206 2445 4268 clemens,
2475 4213 2532 4258 et
2556 4203 2753 4274 ubique
2781 4217 2936 4259 suam
2964 4200 3206 4258 extendit
3235 4197 3634 4254 beneﬁcentiam
3661 4215 3674 4251 :
3709 4206 3766 4251 ut

2186 4306 2243 4352 et
2280 4297 2420 4351 bona
2451 4297 2734 4366 praesentia
2769 4304 2826 4350 et
2852 4295 3026 4349 futura
3054 4305 3480 4362 consequamur,
3517 4291 3684 4360 gratia
3713 4299 3769 4343 et

2187 4387 2470 4442 clementia
2515 4386 2727 4440 Domini
2776 4385 2946 4440 nostri
2981 4383 3110 4440 .Iesu
3132 4382 3368 4446 Christi,
3398 4383 3485 4438 cui
3519 4381 3687 4452 gloria
3712 4367 3788 4435 er

2188 4481 2492 4550 imperium,
2523 4480 2578 4533 in
2603 4480 2799 4535 saecula
2828 4477 3166 4534 saeculorum.
3194 4475 3386 4530 Amen.

2647 4615 2714 4672 IN
2749 4613 3075 4672 PSALMUM
3111 4611 3314 4670 CXLV.

2187 4750 2241 4804 2.
2262 4750 2443 4803 Lauda
2463 4791 2478 4815 ,
2507 4749 2678 4802 anima
2720 4763 2863 4812 mea,
2893 4746 3187 4802 Dominum.
3217 4744 3462 4800 laudabo
3495 4742 3768 4799 Dominum

2257 4846 2312 4898 in
2338 4844 2440 4898 vita
2467 4859 2598 4897 mea.
2625 4841 2863 4897 Psallam
2893 4841 2999 4895 Deo
3025 4857 3132 4896 meo
3157 4839 3397 4904 quamdiu
3425 4839 3589 4907 fuero.

2261 4981 2312 5034 1.
2345 4978 2447 5034 Ubi
2475 4977 2663 5044 desiit,
2697 4976 2818 5032 inde
2847 4993 3032 5033 rursus
3073 4975 3275 5045 incipit,
3303 4989 3496 5045 nempe
3523 4990 3553 5028 a
3581 4973 3768 5028 lauda-

2189 5074 2354 5130 tione.
2387 5073 2500 5128 lloc
2525 5072 2667 5133 enim
2691 5087 2803 5128 non
2832 5086 3016 5142 parum
3046 5081 3306 5140 expurgat
3338 5069 3591 5124 animum.
3624 5067 3768 5123 Lauo

2188 5168 2309 5221 dem
2337 5175 2514 5222 autem
2545 5165 2693 5227 dicit,
2736 5173 2795 5219 ut
2831 5162 3141 5234 frequenter
3167 5162 3287 5216 dico
3306 5203 3321 5223 ,
3348 5176 3469 5231 qua:
3498 5160 3649 5214 factis
3675 5175 3765 5214 ex-

2190 5259 2403 5314 hibetur
2427 5276 2440 5312 :
2471 5257 2612 5329 quod
2639 5256 2800 5312 etiam
2821 5255 2951 5312 dicit
2974 5255 3215 5310 Christus
3243 5273 3256 5307 :
3286 5251 3475 5309 Luceat
3501 5254 3585 5309 lea
3607 5261 3766 5309 vestra

2189 5368 2360 5406 coram
2390 5350 2672 5404 hominibus
2691 5391 2706 5416 ,
2739 5356 2796 5403 ut
2821 5348 3022 5403 uideant
3045 5348 3178 5401 bona
3201 5357 3365 5402 vestra
3388 5363 3564 5417 opera,
3591 5354 3640 5401 et
3658 5346 3768 5418 glo-

2188 5447 2385 5515 riﬁcent
2409 5443 2618 5498 Patrem
2645 5453 2861 5497 vestrum
2883 5443 3064 5514 quiest
3091 5441 3144 5494 in
3167 5439 3302 5495 ca'lis
3327 5439 3542 5510 (Matth.
3568 5439 3622 5494 5.
3652 5438 3770 5505 16).

2191 5542 2258 5596 Et
2278 5555 2466 5596 rursus
2492 5540 2686 5594 Paulus
2715 5555 2728 5592 :
2757 5535 3051 5606 Gloriﬁcate
3077 5533 3238 5589 Deum
3259 5534 3310 5588 in
3340 5549 3549 5602 corpore
3572 5541 3735 5587 uestro
3753 5572 3771 5595 ,

2190 5644 2234 5688 et
2259 5635 2311 5688 in
2341 5632 2522 5698 spiritu
2553 5639 2714 5685 vestro
2741 5628 2815 5701 (1.
2845 5628 2964 5682 Cor.
2991 5627 3046 5682 6.
3072 5626 3168 5698 20)
3197 5643 3213 5680 :
3242 5635 3297 5680 et
3321 5623 3770 5696 quemadmodum

2192 5728 2324 5780 dixit
2356 5726 2407 5779 in
2457 5722 2776 5794 pratcedenti
2805 5720 3037 5784 Psalmo.
3075 5717 3176 5773 Per
3207 5715 3446 5788 singulos
3469 5712 3579 5767 dies
3605 5710 3770 5766 bene-
