4070 6340
387 307 483 368 ιη
1059 365 1061 368 ,
1414 300 1776 359 ΕΧιδοειτιυ
1813 299 1880 354 ΙΝ
1920 298 1945 354 ε

2054 298 2246 356 ιιιυν
2289 300 2492 358 CXLV.

381 422 563 476 πάντα
603 418 905 493 διώρισται,
945 419 1042 474 καὶ
1081 419 1311 491 τροπαῖς
1357 417 1635 490 διαφόροις
1673 416 1948 486 ἐξάγεται.

386 507 500 564 Καὶ
528 505 686 561 τοῦτο
730 503 839 576 γὰρ
868 501 1103 574 μάλιστα
1137 500 1302 555 αὐτοῦ
1338 501 1578 556 δείκνυσι
1610 501 1708 572 τὴν
1738 500 1948 572 σοφίαν,

383 597 445 646 τὸ
477 591 552 663 μὴ
593 587 728 659 ὁμοῦ
769 587 965 652 πάντα,
1002 585 1138 656 μηδέ
1181 586 1270 653 ὑφ’
1310 583 1391 649 ἓν,
1429 583 1564 638 ἀλλά
1594 585 1743 655 παρὰ
1774 583 1953 637 πάντα

383 679 474 730 τὸν
500 671 740 728 ἐνιαυτὸν
760 670 952 724 διελεῖν
972 670 1039 724 τά
1063 669 1164 740 τῆς
1188 668 1413 740 τροφῆς,
1445 667 1584 722 ὥστε
1607 669 1701 722 καὶ
1725 669 1817 722 τὸν
1844 684 1948 741 γη..

386 759 546 812 πόνον
587 752 983 818 ἀναπαύεσθαι,
1013 751 1108 804 καὶ
1138 748 1207 804 τὰ
1237 750 1498 820 γινόμενα
1539 752 1614 824 μὴ
1643 750 1952 822 διαφθείρε-

386 841 530 895 σθαι.
571 838 645 892 Τδ
676 836 878 899 τοίνυν,
919 835 1025 889 Ἔν
1065 833 1354 902 εὐκαιρίᾳ,
1396 832 1430 904 ἢ
1469 833 1606 903 ὅπερ
1645 833 1951 906 ἔμπροσθεν

384 924 609 993 εἴπομεν
634 919 792 974 τοῦτό
816 920 984 983 ἐστιν,
1011 919 1093 972 ὅτι
1121 919 1333 988 καιροῖς
1362 916 1686 988 μεμέρισται
1713 917 1947 972 ἕκαστα-

382 1007 416 1077 ἢ
455 1007 545 1061 ὄτι
583 1002 868 1074 Δεομένοις
900 1000 995 1054 καὶ
1031 999 1295 1072 χρῄζουσι
1326 997 1428 1070 τὴν
1465 998 1616 1072 [474]
1644 1003 1851 1073 τροφὴν
1873 1000 1952 1056 δε-

383 1091 506 1154 δως.
543 1089 650 1143 Καὶ
679 1085 818 1151 πῶς,
851 1083 1034 1154 φησὶν,
1065 1087 1129 1138 Ol
1166 1082 1460 1154 ὀφθαλμοί
1500 1081 1742 1138 πάντων
1767 1088 1852 1151 είς
1876 1084 1952 1139 σὲ

381 1172 754 1233 ἐλπίζουσιν,
789 1165 938 1236 sine;
969 1167 1164 1224 Καίτοι
1201 1168 1386 1223 πολλοί
1415 1173 1553 1226 εἰσιν
1577 1169 1856 1242 αὐτόματα
1881 1169 1952 1222 τὰ

381 1256 513 1310 ὄντα
555 1253 826 1322 λέγοντες,
868 1255 918 1306 οἰ
945 1253 1003 1306 ἐν
1027 1250 1253 1323 ἀσεϐείᾳ
1285 1252 1507 1318 ζῶντες.
1538 1252 1644 1307 Τοῦ
1689 1253 1951 1326 πράγμα-

384 1357 476 1404 τος
502 1348 527 1375 ⁸
558 1336 723 1393 αὐτοῦ
753 1335 901 1404 λέγει
919 1334 1019 1406 τὴν
1050 1333 1211 1404 φύσιν
1241 1335 1492 1403 ἐνταῦθα,
1521 1335 1710 1408 ῶσπερ
1743 1337 1838 1390 καὶ
1864 1334 1952 1389 άλ-

382 1421 550 1494 λαχοῦ
572 1422 696 1474 ὅταν
726 1419 861 1493 λέγῃ
877 1436 892 1450 ο
926 1418 1053 1484 Τοῖς
1073 1418 1359 1485 νεοσσοῖς
1388 1419 1508 1474 τῶν
1535 1418 1806 1488 κοράκων
1827 1417 1952 1482 τοῖς

381 1501 879 1572 ἐπικαλουμένοις
923 1501 1142 1556 αὐτόν·
1187 1500 1389 1573 καίπερ
1421 1502 1680 1572 ἀλόγιστα
1721 1500 1792 1555 τὰ
1836 1499 1952 1566 ζῶά

384 1585 519 1637 ἐστι.
553 1581 658 1636 Καὶ
686 1580 847 1634 πάλιν
866 1599 878 1611 ·
904 1580 1166 1650 Σκύμνοι
1183 1579 1528 1651 ὠρυόμενοι,
1551 1581 1659 1636 τοῦ
1685 1580 1950 1649 ἁρπάσαι

382 1667 480 1718 καί
511 1662 764 1732 ζητῆσαι
797 1664 958 1730 παρὰ
983 1663 1090 1718 τοῦ
1127 1664 1276 1718 Θεοῦ
1303 1664 1537 1733 ,βρῶσιν
1558 1663 1782 1730 αὐτοῖς.
1815 1662 1950 1717 Καί-

382 1766 462 1802 τοι
483 1748 578 1802 καὶ
603 1738 749 1802 οῦτοι
773 1747 1069 1815 ἀλόγιστοι,
1098 1747 1192 1801 καὶ
1212 1748 1311 1802 οὐκ
1335 1747 1491 1802 αὐτοὶ
1511 1745 1763 1819 ζητοῦσιν
1777 1765 1792 1781 ο
1813 1745 1950 1801 ἀλλά

382 1833 476 1886 καὶ
503 1830 738 1886 ἐνταῦθα
775 1831 938 1886 πάλιν
966 1829 1060 1884 τοῦ
1091 1832 1418 1902 πράγματος
1448 1831 1595 1900 λέγει
1632 1830 1729 1902 τὴν
1756 1829 1944 1898 φύσινυ

379 1916 442 1968 οὐ
471 1914 582 1986 γάρ
613 1915 724 1969 ἀπὺ
752 1913 852 1984 τῆς
881 1912 1102 1966 ἐκείνων
1135 1913 1528 1984 προαιρέσεως,
1562 1913 1676 1966 ἀλλ’
1707 1913 1814 1968 ἀπὸ
1848 1914 1951 1983 τῆς

380 1999 489 2052 τῶν
508 1997 808 2068 γινομένων
829 1995 1044 2066 φύσεως
1060 1995 1220 2050 τοῦτο
1249 1996 1441 2067 ῥητέον
1467 1996 1632 2050 ἐστίν.
1675 1996 1948 2064 Ἀνοίπεις

379 2098 464 2136 συ
493 2079 608 2148 τὴν
633 2077 803 2148 χεῖρά
829 2095 968 2145 σου,
1000 2079 1098 2133 καί
1135 2077 1435 2148 ὲμπιπλᾷς
1467 2077 1592 2133 πᾶν
1615 2075 1762 2140 ζῶον
1781 2080 1949 2132 81560-

380 2166 532 2230 κίας.
557 2165 728 2234 Χεῖρα
753 2162 852 2234 τὴν
884 2161 1162 2233 ἐνέργειαν
1191 2162 1358 2230 λέγει,
1390 2163 1485 2216 καὶ
1521 2161 1620 2232 τὴν
1656 2177 1948 2232 χορηγητι-

379 2249 484 2318 κὴν
505 2245 855 2317 δύναμιν,δώ
885 2246 1099 2300 πάντων
1131 2262 1190 2298 σε
1217 2243 1488 2299 παιδεύων
1515 2245 1735 2310 εἰδέναι,
1753 2245 1828 2308 ὡς
1847 2245 1947 2300 οὐκ

379 2333 438 2388 ἐν
467 2333 580 2393 τοῖς
622 2329 925 2400 στοιχείοις,
960 2327 1075 2382 ἀλλ’
1103 2329 1160 2380 ἐν
1189 2330 1254 2398 τῇ
1282 2326 1377 2380 τοῦ
1411 2326 1546 2382 Θεοῦ
1584 2327 1810 2401 προνοίᾳ
1838 2325 1946 2380 τῶν

378 2413 606 2487 καρπῶν
643 2413 698 2467 αἰ
725 2410 904 2480 γοναί.
932 2412 1003 2464 Ἢ
1030 2409 1125 2464 καὶ
1143 2409 1204 2464 τὸ
1227 2409 1445 2465 εὔκολον
1467 2411 1697 2478 δεικνὺς,
1721 2406 1839 2464 εἷπε
1860 2409 1942 2480 τὸ,

390 2497 672 2566 Ἀνοίγεις
714 2493 796 2548 σὺ
830 2493 945 2562 τὴν
977 2492 1148 2563 χεῖρά
1176 2509 1318 2548 σου.
1359 2492 1577 2564 Ἐπειδὴ
1609 2493 1719 2566 γάρ
1744 2495 1794 2546 οἰ
1823 2493 1944 2547 τότε

380 2579 611 2640 μάλιστα
631 2577 765 2650 [τὸν]
787 2577 1004 2631 πάντων
1022 2577 1194 2630 αἴτιον
1210 2575 1441 2645 ἀφέντες
1458 2576 1826 2648 προσεκύνουν
1851 2578 1945 2630 καὶ

377 2663 514 2734 ἀέρα
553 2663 648 2715 καὶ
693 2662 864 2733 ἥλιον,
901 2659 1198 2714 καὶταῦτα
1225 2659 1472 2730 ἐνόμιζον
1509 2656 1650 2715 εἶναι
1693 2659 1762 2714 τά
1797 2677 1943 2732 παρ-

378 2745 572 2816 έχοντα
596 2746 722 2810 τοὺς
745 2744 1013 2816 καρποὺς,
1045 2743 1263 2812 ἀνάγων
1287 2743 1486 2808 αὐτοὺς
1513 2743 1605 2797 ἐπὶ
1631 2743 1731 2815 τὴν
1768 2745 1945 2816 ἀρχὴν

377 2828 478 2900 τὴν
501 2827 614 2882 ἀνω
643 2828 738 2881 καὶ
765 2827 856 2880 τὸν
889 2825 1095 2880 τούτων
1116 2827 1288 2882 αῐτιον
1330 2826 1426 2880 καὶ
1469 2824 1765 2897 Δεσπότην,
1815 2843 1944 2879 συν-

379 2911 516 2981 εχῶς
535 2909 708 2964 ταῦτα
727 2909 987 2978 ἐπιλέγει,
1008 2909 1222 2972 δεικνὺς
1239 2909 1320 2962 δτι
1337 2908 1403 2962 ἐκ
1417 2907 1517 2978 τῆς
1532 2907 1741 2961 ἐκείνου
1763 2907 1944 2980 χειρὸς

380 2995 575 3056 πάντα,
607 2993 671 3046 ἐκ
695 2993 796 3062 τῆς
825 2992 1034 3047 ἐκείνου
1063 2991 1388 3063 κηδεμονίας
1408 2991 1626 3063 ἐπιρρεῖ
1649 2991 1718 3046 τὰ
1741 2991 1939 3060 ἀγαθά.

448 3075 512 3131 ε’.
536 3075 800 3139 Εὐδοκίας
815 3075 871 3128 δὲ
904 3073 1137 3128 ἐνταῦθα
1162 3075 1443 3146 ἐμπιπλᾷν
1467 3073 1638 3144 λέγει,
1664 3075 1944 3130 τουτέστιν

376 3165 788 3235 εύαρεστήσεως
821 3160 869 3228 ιι,
899 3161 1032 3215 διότι
1069 3160 1300 3215 ἐκαστον
1331 3159 1471 3225 ζῶον
1503 3161 1705 3233 πληροῖ
1734 3161 1830 3216 τοῦ
1855 3161 1942 3216 θε-

372 3247 618 3316 λήματος
647 3243 832 3309 αὐτοῦ,
859 3242 953 3297 τοῦ
978 3243 1304 3316 ἀρέσκοντος
1324 3242 1492 3315 αὐτῷ.
1521 3245 1596 3297 οὐ
1620 3245 1728 3316 γάρ
1757 3245 1943 3310 ἀπλῶς

375 3327 555 3382 δίδωσι
575 3325 803 3397 τροφὴν,
835 3325 972 3380 ἀλλά
997 3324 1138 3380 κατά
1164 3325 1224 3380 τὸ
1249 3327 1514 3398 χρήσιμον
1544 3326 1777 3398 ἑκάστῳ,
1801 3326 1944 3382 κατά

325 3457 327 3460 ι
375 3411 475 3481 τὴν
515 3409 806 3481 ἐπιθυμίαν
835 3410 1086 3473 ἑκάστου,
1126 3409 1268 3464 κατά
1305 3409 1367 3463 τὺ
1408 3410 1636 3482 πλῆρες.
1676 3413 1742 3464 Ὃ
1769 3411 1826 3464 δέ
1855 3410 1942 3464 λέ-

374 3510 482 3564 γει,
514 3492 672 3546 τοῦτό
697 3493 812 3546 ἐστι
831 3508 844 3524 ·
880 3493 990 3546 Καὶ
1021 3491 1238 3561 ἀλόγοις
1264 3491 1442 3555 δίδως,
1477 3493 1573 3547 καὶ
1612 3493 1940 3565 ἀνθρώποις,

375 3577 470 3630 καὶ
493 3577 680 3642 πᾶσιν,
709 3574 785 3639 ὡς
811 3574 1029 3645 ἐκάστῳ
1056 3575 1178 3646 ἡδὺ,
1211 3576 1288 3638 ὡς
1313 3575 1529 3646 ἑκάστῳ
1556 3576 1786 3649 ἀρεστόν
1803 3579 1942 3632 ὀιαὶ

373 3659 438 3714 ού
485 3659 642 3722 δίδως
677 3657 860 3729 μόνον,
889 3657 1026 3712 ἀλλά
1059 3658 1156 3712 καὶ
1202 3649 1450 3730 πληροῖς,
1483 3659 1558 3722 ῶς
1599 3659 1766 3730 μηδὲν
1802 3655 1941 3715 εἷναι

377 3741 570 3796 ἐνδέον.
589 3741 682 3796 Διό
707 3757 892 3812 φησιν,
935 3737 1275 3810 Ἐμπιπλᾷς
1297 3739 1421 3795 πᾶν
1436 3739 1581 3801 ζῶον
1594 3740 1940 3814 εὐδοκίαςβ.

374 3826 610 3893 Δίκαιος
647 3827 863 3894 Κύριος
891 3825 960 3880 ὲν
989 3824 1216 3892 πάσαις
1244 3824 1374 3892 ταῖς
1412 3825 1574 3892 ὁδοῖς
1601 3826 1810 3892 αὐτοῦ,
1844 3827 1944 3882 καί

374 3909 544 3977 ὅσιος
579 3909 650 3963 ἐν
678 3907 830 3963 πᾶσι
865 3907 990 3973 τοῖς
1019 3907 1216 3978 ἔργοις
1246 3907 1452 3962 αὑτοῦ.
1501 3908 1681 3973 Ὀδοὺς
1710 3910 1943 3965 ἐνταῦθα

375 3992 477 4057 τάς
507 3992 818 4064 οἰκονομίας
839 3991 1010 4060 λέγει,
1032 3990 1132 4062 τὴν
1160 3991 1436 4062 πρόνοιαν,
1467 3991 1565 4063 τὴν
1588 3991 1941 4064 κηδεμονίαν,

374 4075 442 4129 δι’
473 4069 540 4145 ἦς
569 4075 781 4130 ἅπαντα
809 4073 1132 4127 διετύπωσε.
1166 4074 1350 4128 Πάντα
1377 4073 1508 4144 γάρ,
1534 4074 1690 4146 φησὶ,
1715 4075 1785 4129 τά
1807 4075 1945 4147 ἔργα

376 4157 540 4212 αὐτοῦ
596 4156 868 4228 ἐγκώμια,
917 4156 1208 4228 θαυμάτων
1243 4157 1423 4227 γέμει,
1469 4157 1725 4228 οὐδεμίαν
1767 4160 1943 4214 οὐδενὶ

376 4241 681 4314 παρέχοντα
723 4240 894 4311 λαϐὴν
925 4238 977 4302 ἀ,
1017 4239 1118 4294 κάν
1148 4255 1293 4303 τινες
1342 4241 1636 4310 μαίνωνται
1671 4244 1764 4296 καὶ
1816 4243 1943 4296 λυσ-

377 4324 532 4377 σῶσι.
564 4324 644 4377 Τά
671 4324 849 4377 τοίνυν
873 4323 1008 4395 ἔργα
1033 4322 1449 4393 φύσειτοιαῦτα,
1472 4323 1549 4386 ὼς
1576 4326 1940 4398 ἀπολάμπειν,

374 4408 450 4474 ὡς
484 4407 852 4474 ἀποστίλϐειν,
893 4407 970 4470 ὡς
1007 4406 1406 4478 ἀνακηρύττειν
1449 4406 1542 4460 τοῦ
1583 4410 1944 4480 πεποιηκότος

373 4491 474 4563 τὴν
511 4491 786 4562 πρόνοιαν,
836 4489 936 4561 τὴν
981 4489 1329 4562 κηδεμονίαν,
1374 4489 1475 4562 τὴν
1513 4491 1940 4564 φιλανθρωπίαν,

374 4574 474 4646 τὴν
501 4572 869 4644 δικαιοσύνην,
888 4573 987 4642 τὴν
1015 4572 1290 4644 ὁσιότητα.
1328 4572 1540 4642 Ἐγγὺς
1566 4576 1779 4642 Κύριος
1794 4572 1943 4630 πᾶσι

373 4655 497 4722 τοῖς
537 4655 1034 4725 ἐπικαλουμένοις
1063 4656 1270 4721 αὐτὸν,
1297 4655 1447 4711 πᾶσι
1473 4656 1597 4723 τοῖς
1627 4659 1943 4713 ἐπικαλου-

368 4738 577 4807 μένοις
605 4739 792 4794 αὑτὸν
827 4750 851 4778 θ
882 4738 955 4793 έν
993 4739 1264 4806 ἀληθείᾳ.
1308 4739 1437 4792 Ἰδοὺ
1467 4740 1561 4794 καὶ
1594 4741 1780 4812 ἕτερον
1809 4759 1944 4814 προ-

372 4821 522 4884 νοίας
557 4821 743 4892 μέρος,
778 4822 840 4876 τὸ
869 4821 1165 4891 κεφάλαιον
1189 4821 1299 4875 τῶν
1337 4823 1576 4891 ἀγαθῶν.
1611 4823 1794 4880 Εἰπὼν
1833 4828 1942 4900 γὰρ

371 4904 444 4958 τά
483 4906 632 4975 κοινῇ
680 4905 774 4958 καὶ
819 4907 933 4968 τοῖς
972 4903 1222 4968 ἀπίστοις
1260 4904 1538 4976 δεδομένα,
1577 4908 1676 4979 τὴν
1716 4913 1939 4980 τροφὴν,

373 4985 502 5048 τοὺς
533 4986 743 5053 ὑετοὺς,
790 4986 942 5056 λέγει
974 4986 1071 5041 καὶ
1109 4985 1180 5042 τά
1217 4986 1545 5059 ἰδιαζόντως,
1571 4992 1686 5054 τοῖς
1731 4996 1944 5058 πιστοῖς

437 5117 462 5145 ⁸
488 5118 679 5187 ζῶντες..
693 5119 819 5187 -Πως
863 5118 944 5166 οῦν
967 5119 1081 5182 πρὸς
1102 5120 1159 5187 σε
1183 5117 1396 5187 έλπιοῦσι
1411 5133 1424 5180 ;
1442 5122 1596 5187 φησί’
1618 5121 1703 5170 τοῦ
1725 5125 1942 5187 πράγμα-

493 5179 574 5227 Sic
589 5180 784 5241 quidam
803 5194 942 5239 ωειλ,
961 5179 1105 5242 qoam
1149 5182 1415 5232 lectionem
1438 5179 1490 5233 id
1513 5196 1664 5246 marg.
1691 5179 1942 5247 poinit'Sa-

393 5253 402 5261 ·
464 5254 536 5287 us.

376 5252 624 5369 Tilliui‘i'aeg.
650 5303 894 5369 τουτέστιν
911 5301 1280 5369 εὐαρεστήσεως,
1304 5305 1356 5354 in
1379 5303 1477 5369 alio
1495 5307 1768 5369 exemplari
1792 5309 1939 5366 lecta,

373 5362 425 5412 in
451 5360 669 5445 ωοςεξειε
691 5360 1014 5445 τεςῗιιξιινίιζ
1036 5370 1252 5445 ευριηυο
1269 5360 1276 5363 ⁷
1291 5379 1411 5416 vere
1434 5360 1668 5445 tegenda;
1695 5375 1748 5418 ut
1774 5381 1837 5421 ex
1861 5360 1941 5420 se;

371 5426 545 5486 quenli
561 5424 704 5473 idiclo
726 5424 964 5485 arguitur,
982 5424 1068 5472 τοῦ
1094 5424 1377 5487 ἀρέσκοντος
1397 5424 1545 5490 αὐτῷ.
1653 5424 1663 5429 ⁷

373 5485 820 5597 ὶθῗοξίέρθῖιυεόιιω
859 5485 1068 5536 deerant
1107 5487 1160 5536 iu
1187 5487 1339 5550 edito,
1365 5503 1475 5552 quas
1496 5492 1624 5541 lecta
1648 5498 1763 5541 sunt
1781 5492 1841 5542 ab
1863 5495 1941 5543 in-

398 5559 615 5607 erprete.

433 5606 471 5647 ἆ
491 5609 624 5658 Unus
647 5608 842 5666 βλάϐην.
1050 5671 1054 5674 _

441 5682 479 5740 ε-
489 5669 605 5740 ch
624 5671 878 5740 regetitig,
895 5674 1022 5740 πᾶσι
1047 5671 1161 5740 ’τοῖς
1201 5672 1582 5740 ἐπικαλουμένοις
1605 5676 1763 5740 αὐτόν,
1781 5675 1940 5740 deest

375 5730 424 5780 in
449 5732 600 5783 Savil.
620 5729 873 5783 et'lorel.‘
893 5729 993 5783 Sed
1019 5731 1079 5782 ab
1107 5730 1382 5798 interprete
1400 5729 1525 5788 lécta
1547 5729 1642 5801 est.
1750 5729 1762 5740 ”
1790 5737 1798 5743 ’

3527 304 3632 362 472

2059 417 2428 489 παρεχόμενα.
2474 418 2609 473 Τίνα
2643 419 2699 472 δέ
2734 418 2906 474 ταῦτά
2937 421 3084 487 ἐστι;
3121 418 3196 475 Τὸ
3238 419 3408 490 ἐγγὺς
3450 422 3630 478 αὐτῶν

2057 496 2216 568 εἶναι,
2237 502 2531 567 τουτέστιν,
2553 502 2892 574 ἀντέχεσθαι,
2913 502 3196 575 κήδεσθαι,
3217 508 3465 576 προνοεῖν
3492 507 3628 563 πολὺ

2059 583 2321 655 μειζόνως
2335 587 2583 653 ἐκείνων,
2606 587 2794 642 εὔνουν
2822 589 3004 653 αὐτοῖς
3021 584 3160 642 εἶναι
3179 587 3330 661 [475]
3359 591 3452 643 καὶ
3468 590 3629 645 ἵλεων

2057 668 2154 722 καὶ
2183 669 2408 740 εὐμενῆ,
2441 671 2638 741 μᾶλλον
2668 671 2852 737 αὐτοῖς
2873 671 3278 726 ἀποκαλύπτειν
3298 673 3367 727 τὰ
3390 673 3588 742 ἀγαθά.

2130 750 2366 822 Θέλημα
2379 752 2497 808 τῶν
2519 753 2901 824 φοϐουμένων
2916 755 3101 810 αὑτὸν
3121 755 3380 821 ποιήσει,
3401 754 3628 825 καὶτῆς
3695 787 3698 790 ~

2057 833 2322 903 δεήσεως
2347 836 2544 891 αὐτῶν
2565 838 3002 902 εἰσακούσεται,
3044 838 3142 892 καί
3167 838 3352 892 σώσει
3381 841 3623 907 αὐτούς.

2057 918 2167 970 Καὶ
2198 918 2325 988 μὴν,
2359 920 2541 990 φησὶν,
2567 921 2597 975 ὁ
2624 920 2834 985 Παῦλος
2863 919 3113 974 ἐϐούλετο
3141 922 3230 976 τὸν
3272 922 3501 990 ἄγγελον
3525 924 3620 978 τοῦ

2058 1002 2230 1056 Σατᾶν
2259 1002 2278 1041 τ
2313 1004 2610 1076 ἀποστῆναι
2641 1005 2734 1058 ἀπ’
2761 1005 2946 1070 αὑτοῦ,
2985 1005 3251 1070 τουτέστι,
3277 1007 3403 1070 τοὺς
3437 1025 3623 1081 πειρα-

2059 1086 2249 1155 σμοὺς,
2276 1084 2378 1150 τάς
2405 1086 2630 1157 θλίψεις,
2660 1087 2760 1153 τὰς
2788 1088 3099 1153 ἐπιϐουλάς,
3131 1091 3224 1144 καὶ
3244 1089 3344 1143 οὐκ
3375 1091 3618 1162 ἐποίησε.

2057 1167 2166 1220 Καὶ
2194 1167 2300 1238 μὴν
2315 1169 2567 1242 ἐποίησεν
2589 1187 2604 1202 ο
2623 1172 2811 1243 ἐπειδὴ
2831 1173 2939 1244 γὰρ
2971 1171 3112 1240 ἔγνω
3130 1173 3212 1227 ὅτι
3233 1175 3299 1228 τά
3326 1173 3399 1244 μὴ
3417 1175 3624 1245 συμφέ-

2060 1266 2221 1321 ροντα
2251 1252 2393 1322 ᾔτει,
2421 1253 2581 1307 πάλιν
2611 1254 2834 1326 θελῆσαι
2874 1256 2968 1308 καὶ
3007 1255 3212 1326 σφόδρα
3239 1256 3460 1328 θελῆσαι
3485 1256 3621 1313 Θεοῦ

2057 1331 2217 1404 ἔργον
2257 1331 2344 1405 ἦν.
2377 1336 2468 1390 Διὸ
2510 1337 2605 1391 καὶ
2635 1337 2849 1406 ἐλεγενο
2881 1335 3127 1392 Εὺδοκῶ
3157 1338 3227 1392 ἐν
3263 1339 3618 1409 ἀσθενείαις,

2056 1416 2126 1495 ἐν
2147 1417 2452 1486 θλίψεσιν,
2476 1419 2546 1473 έν
2563 1419 2854 1491 διωγμοῖς.
2881 1421 2942 1474 Εἰ
2961 1420 3016 1473 δὲ
3040 1419 3110 1473 τά
3131 1421 3346 1476 ἐναντία
3361 1423 3624 1495 πρότερον

2056 1493 2325 1556 ἐϐούλετο,
2347 1497 2415 1550 δι’
2439 1498 2660 1567 ἄγνοιαν
2682 1498 2959 1552 ἐϐούλετο·
2991 1499 3177 1570 ἐπειδὴ
3205 1500 3262 1552 δὲ
3294 1493 3514 1571 ἔμαθεν,
3532 1493 3623 1560 δτι

2055 1576 2214 1630 τοῦτο
2247 1582 2276 1633 ό
2309 1579 2441 1644 Θεὸς
2475 1579 2742 1651 βούλεται,
2781 1581 2874 1635 καὶ
2900 1581 3061 1645 αὐτὸς
3087 1580 3271 1634 λοιπὸν
3297 1584 3522 1639 εὐδοκεῖ.
3547 1586 3622 1638 Ού

2056 1660 2165 1730 γάρ
2198 1662 2349 1715 ἐστιν
2373 1661 2502 1716 ἀλλο
2522 1662 2581 1716 τὸ
2605 1663 2816 1733 θέλημα
2845 1662 3000 1725 Θεοῦ,
3028 1664 3119 1717 καὶ
3148 1663 3272 1718 ἄλλο
3291 1666 3397 1718 τῶν
3432 1667 3625 1734 φοϐου-

2059 1743 2236 1811 μένων
2266 1746 2430 1798 αύτόν
2452 1763 2466 1777 ·
2499 1748 2548 1800 εἰ
2573 1747 2628 1800 δέ
2656 1764 2778 1801 τινα
2806 1747 2900 1800 καὶ
2924 1747 3076 1800 αὐτοὶ
3104 1747 3179 1810 ὠς
3204 1748 3475 1820 ἄνθρωποι
3504 1751 3624 1820 βού-

2055 1822 2256 1882 λονται.
2286 1826 2400 1880 ἀλλ’
2438 1825 2662 1898 ὕστερον
2683 1825 3038 1898 διορθοῦνται.
3069 1828 3376 1884 Φυλάσσει
3409 1833 3624 1900 Κύριος

2056 1905 2285 1974 πάντας
2316 1908 2456 1974 τοὺς
2484 1907 2837 1978 ἀγαπῶντας
2868 1909 3070 1971 αὐτὸν,
3099 1912 3197 1964 καὶ
3227 1911 3455 1980 πάντας
3484 1917 3624 1983 τοὺς

2054 1989 2444 2058 ἁμαρτωλοὺς
2482 1991 2922 2059 ἐξολοθρεύονει.
2973 1993 3082 2046 Καὶ
3106 1993 3263 2046 τοῦτο
3299 1996 3464 2067 μέρος
3490 2015 3623 2070 προ-

2055 2073 2202 2136 νοίας
2227 2075 2287 2126 ού
2325 2075 2539 2146 μικρὸν,
2571 2074 2632 2128 τὸ
2662 2077 2870 2146 τηρεῖν,
2909 2075 2971 2128 τὸ
3003 2076 3411 2144 ἀσφαλίξεσθαι,
3439 2082 3500 2134 τὸ
3523 2084 3623 2153 τὴν

2054 2155 2185 2226 παρ’
2212 2157 2376 2210 αὐτοῦ
2400 2158 2654 2228 πρόνοιαν
2684 2157 2965 2229 παρέχειν.
3000 2159 3382 2230 Ἀμαρτωλοὺς
3407 2165 3462 2216 δέ
3489 2182 3621 2236 φησι

2051 2239 2177 2302 τοὺς
2201 2238 2270 2292 τὰ
2292 2238 2486 2294 ἀνίατα
2510 2240 2820 2304 νοσοῦντας,
2855 2243 2981 2302 τοὺς
3004 2241 3064 2294 ού
3107 2241 3457 2314 βουλομένους
3479 2248 3622 2319 διορ-

2053 2319 2310 2392 θωθῆναι.
2350 2322 2412 2376 Εἰ
2453 2323 2510 2377 δέ
2537 2341 2689 2388 τινας
2712 2326 2805 2378 καί⁷
2833 2323 2942 2378 τῶν
2965 2325 3300 2394 ἀγαπώντων
3335 2330 3495 2384 αὑτὸν
3522 2333 3623 2401 ἀφ-

2055 2404 2197 2475 ίησιν
2229 2406 2308 2468 εἰς
2338 2405 2601 2470 θανάτους
2623 2407 2904 2478 ἐμπεσεῖν,
2939 2407 3034 2461 καὶ
3064 2407 3221 2462 τοῦτο
3259 2410 3620 2480 φυλάσσοντός

2051 2489 2198 2544 ἐστιν
2221 2504 2236 2520 ⁸
2254 2491 2392 2561 ὅπερ
2415 2491 2510 2544 καὶ
2533 2491 2625 2543 ἐπὶ
2651 2489 2747 2543 τοῦ
2781 2490 2947 2544 Ἀϐελ
2975 2491 3184 2559 γέγονε.
3218 2494 3279 2546 ΕΞ
3302 2496 3406 2566 γάρ
3440 2499 3534 2550 καὶ
3554 2497 3620 2552 τά

2053 2572 2284 2643 σώματα
2322 2574 2503 2628 αὐτῶν
2528 2574 2816 2645 διεφθάρη,
2843 2575 2957 2627 ἀλλ’
2987 2577 3012 2616 δ
3043 2577 3192 2646 ὅμως
3223 2580 3288 2649 τῇ
3315 2578 3458 2650 ψυχῇ
3485 2581 3620 2654 λαμ-

2051 2657 2307 2728 πρότεροι
2335 2657 2624 2726 γεγόνασιν
2644 2674 2656 2685 ³
2687 2657 3050 2727 ἀπολήψονται
3085 2657 3140 2712 δὲ
3165 2660 3259 2712 καὶ
3296 2661 3363 2713 τά
3395 2661 3620 2733 σώματα

2050 2736 2320 2810 ἄφθαρτα.
2351 2740 2505 2794 Ἐπεὶ
2527 2734 2620 2794 οῦν
2645 2735 2767 2793 εἷπε
2783 2739 2884 2810 τῆς
2909 2739 3164 2812 προνοίας
3192 2742 3356 2796 αὑτοῦ
3380 2744 3450 2798 τά
3482 2745 3616 2816 εἴδη,

2048 2825 2150 2878 ὅσα
2180 2823 2404 2877 δυνατὸν
2432 2819 2500 2894 ἦν
2530 2826 2703 2878 εἰπεῖν
2728 2825 2898 2895 αὐτῷ,
2928 2827 2995 2878 τά
3022 2825 3196 2889 κοινά,
3228 2827 3298 2880 τά
3329 2828 3618 2898 ίδιάζοντα,

2049 2907 2117 2962 τά
2156 2907 2412 2977 ἐξαίρετα
2435 2906 2544 2962 τῶν
2570 2907 2761 2975 ἀγίων,
2792 2907 2892 2979 τὴν
2921 2911 3049 2979 περί
3076 2910 3204 2964 τοὺς
3234 2910 3620 2982 σαλευομένους

2049 2989 2397 3061 κηδεμονίαν,
2437 2991 2536 3060 τὴν
2564 2991 2694 3061 περὶ
2722 2990 2849 3054 τοὺς
2893 2991 3175 3061 κειμένους
3209 2994 3482 3063 πρόνοιαν,
3517 2997 3619 3069 τὴν

2053 3071 2455 3143 μακροθυμίαν,
2472 3071 2571 3144 τὴν
2592 3073 2701 3126 τῶν
2727 3073 3060 3142 ἁμαρτωλῶν
3077 3074 3379 3145 διόρθωσιν,
3392 3076 3491 3149 τὴν
3510 3079 3620 3134 τῶν

2050 3154 2222 3222 ἁγίων
2253 3152 2520 3225 φυλακὴν,
2553 3154 2715 3209 πάλιν
2733 3158 2810 3220 εἰς
2827 3151 2974 3210 αἶνον
3001 3158 3310 3211 κατακλείει
3335 3160 3425 3214 τὸν
3440 3160 3616 3230 λόγον,

2049 3238 2144 3290 καὶ
2174 3238 2272 3309 τὴν
2299 3237 2621 3310 οἰκουμένην
2653 3237 2870 3293 ἃπασαν
2900 3241 2980 3304 εἰς
3015 3241 3298 3295 κοινωνίαν
3327 3242 3424 3314 τῆς
3452 3244 3619 3316 εὐφη-

2052 3320 2181 3390 μίας
2225 3322 2379 3374 καλεῖ
2423 3320 2628 3389 λέγων·
2683 3321 2928 3375 είῖνεσιν
2979 3321 3202 3390 Κυρίου
3249 3325 3508 3393 λαλήσει
3552 3329 3619 3383 τὸ

2048 3404 2243 3473 στόμα
2259 3421 2396 3473 μου,
2424 3406 2522 3458 καὶ
2551 3405 2868 3474 εὐλογείτω
2889 3402 3056 3459 πᾶσα
3076 3405 3232 3474 σὰρξ
3253 3408 3316 3459 τὸ
3341 3408 3527 3479 ὄνομα
3550 3411 3620 3464 τὸ

2049 3485 2219 3556 ἅγιον
2245 3486 2431 3541 αὑτοῦ
2457 3488 2546 3553 είς
2567 3487 2674 3540 τὸν
2696 3486 2901 3546 αἰῶνα.
2937 3487 3035 3541 καί
3062 3491 3149 3555 εἰς
3182 3491 3286 3543 τὸν
3306 3488 3492 3546 αἰῶνα
3512 3493 3618 3547 τοῦ

2049 3569 2285 3637 αἰῶνος.
2333 3571 2497 3642 Ὁρᾷς
2524 3572 2641 3634 πῶς
2674 3571 2782 3624 ἀπὸ
2827 3571 2926 3642 τῆς
2967 3574 3206 3645 χρηστῆς
3237 3574 3528 3641 διαθέσεως
3556 3578 3618 3632 ού

2047 3655 2175 3718 τοὺς
2195 3653 2683 3726 εὐεργετουμένους
2715 3656 2893 3726 μόνον,
2907 3655 3042 3710 ἀλλά
3065 3657 3298 3723 καὶτοὺς
3321 3658 3617 3730 κολαζομέ-

2049 3754 2172 3800 νους
2211 3737 2365 3790 καλεῖ
2391 3737 2506 3806 (καὶ
2536 3735 2645 3808 γὰρ
2681 3738 2836 3792 τοῦτο
2868 3739 3234 3811 κηδεμονίας),
3273 3743 3372 3794 οὐκ
3406 3743 3619 3815 ἀνθρώ-

2050 3839 2184 3886 πους
2224 3823 2404 3893 μόνον,
2432 3821 2568 3876 ἀλλά
2594 3823 2690 3876 καὶ
2714 3823 2781 3876 τά
2803 3823 2994 3892 ἄλογα,
3021 3825 3118 3878 καὶ
3143 3826 3212 3880 τά
3239 3833 3493 3898 στοιχεῖα,
3525 3832 3619 3883 καὶ

2049 3907 2117 3958 τά
2135 3906 2436 3976 ἀναίσθητα
2461 3907 2675 3960 ἅπαντα
2691 3923 2704 3937 ο
2727 3906 2903 3961 πάντα
2923 3906 3033 3976 γάρ
3051 3908 3432 3978 ἐμπέπλησται
3452 3912 3617 3965 αὐτοῦ

2048 3988 2148 4057 τῆς
2173 3987 2529 4060 ἀγαθότητος.
2561 3989 2660 4059 Μὴ
2687 3988 2866 4043 τοίνυν
2902 3990 3036 4060 μηδέ
3069 3990 3229 4060 ἡμεῖς
3255 3991 3619 4066 διαλείπωμεν

2047 4071 2140 4122 τὸν
2171 4069 2316 4123 οὕτω
2344 4071 2599 4142 χρηστὸν,
2628 4070 2722 4125 τὸν
2747 4069 2888 4125 οὕτω
2923 4071 3320 4144 φιλάνθρωπον,
3354 4076 3445 4128 τὸν
3484 4093 3620 4131 παν-

2050 4153 2214 4224 ταχοῦ
2279 4155 2588 4209 ἐκτείνοντα
2649 4154 2813 4209 αὐτοῦ
2866 4155 2965 4226 τὴν
3011 4157 3328 4228 εὐεργεσίαν
3381 4163 3618 4233 συνεχῶς

2049 4236 2431 4307 ἀνυμνοῦντες,
2452 4238 2548 4292 καὶ
2565 4237 2653 4292 διὰ
2684 4238 2963 4309 ῥημάτων,
3001 4239 3096 4294 καὶ
3130 4240 3215 4294 διά
3241 4245 3578 4314 πραγμάτων
3598 4263 3612 4279 ’

2050 4320 2136 4372 ἵνα
2163 4319 2258 4374 καὶ
2284 4319 2394 4374 τῶν
2428 4320 2712 4392 παρόντων
2743 4322 2839 4376 καὶ
2877 4320 2987 4376 τῶν
3019 4323 3319 4392 μελλόντων
3351 4327 3618 4399 ἐπιτύχω-

2053 4419 2151 4473 μεν
2187 4401 2430 4472 ἀγαθῶν,
2478 4402 2661 4475 χάριτι
2706 4403 2801 4458 καὶ
2851 4404 3227 4480 φιλανθρωπίᾳ
3273 4407 3367 4462 τοῦ
3411 4412 3616 4482 Κυρίου

2049 4486 2206 4558 ἡμῶν
2261 4485 2436 4559 Ἰησοῦ
2468 4486 2730 4559 Χριστοῦ,
2758 4483 2804 4556 ᾧ
2844 4489 2878 4560 ἡ
2904 4487 3030 4554 δόξα
3067 4491 3247 4546 καὶτὸ
3290 4492 3510 4565 κράτος,
3537 4497 3618 4561 είς

2051 4569 2178 4634 τοὺς
2206 4568 2411 4634 αἰῶνας
2436 4569 2544 4624 τῶν
2566 4569 2794 4624 αἰώνων.
2833 4571 3027 4643 ’Δμήν.

2317 4673 2466 4749 [476]
2504 4675 2617 4731 ΕΙΣ
2663 4675 2802 4730 ΤΟΝ
2837 4673 2996 4730 PME'
3032 4677 3348 4738 ΨΑΛΜΟΝ.

2048 4764 2489 4838 Λῖνέιᾈὴῌψιυχή
2506 4781 2657 4838 μου,
2671 4762 3035 4838 τὸνᾳΚύριον.
3069 4766 3297 4838 Αἰνέσω
3318 4769 3621 4838 Κύριονέν

2118 4833 2194 4903 τῇ
2216 4833 2328 4902 ζωῇ
2347 4851 2488 4902 μου.
2531 4833 2711 4888 Ψαλῶ
2731 4833 2812 4899 τῷ
2844 4833 2967 4900 Θεῷ
2993 4851 3114 4904 μου
3144 4836 3256 4904 ἕως
3279 4833 3546 4911 ὑπάρχω.

2119 4923 2188 4970 α’.
2214 4916 2383 4970 Ἔνθα
2409 4916 2705 4970 κατέλυσεν
2728 4955 2744 4977 ,
2772 4916 3021 4972 ἐντεῦθεν
3042 4917 3269 4990 ἄρχεται
3301 4921 3482 4988 πάλιν,
3511 4924 3620 4978 ἀπὸ

2049 5003 2198 5054 αἰνου
2229 5001 2324 5053 καὶ
2353 5000 2648 5076 εὐφημίας.
2679 4999 2754 5054 Ού
2781 4999 2888 5072 γὰρ
2921 5001 3134 5073 μικρῶς
3173 5003 3488 5075 ἐκκαθαίρει
3516 5007 3620 5076 ψυ-

2050 5080 2149 5151 χὴν
2176 5079 2238 5132 τὸ
2260 5078 2520 5133 τοιοῦτον.
2551 5073 2710 5133 Αἶνον
2743 5079 2801 5133 δέ
2829 5079 2999 5148 λέγει,
3021 5079 3050 5132 δ
3077 5082 3315 5152 συνεχῶς
3338 5073 3498 5154 λέγω,
3530 5073 3618 5140 διὰ

2047 5163 2156 5215 τῶν
2181 5161 2389 5232 ἐργων·
2413 5162 2553 5233 ὅπερ
2584 5162 2679 5216 καὶ
2703 5164 2732 5216 ὁ
2758 5163 2994 5234 Χριστός
3025 5181 3192 5234 φησι·
3221 5165 3522 5235 Λαμψάτω
3551 5171 3619 5223 τὸ

2048 5243 2172 5314 φῶς
2199 5243 2368 5314 ὑμῶν
2389 5243 2734 5314 ἔμπροσθεν
2759 5245 2878 5300 τῶν
2901 5245 3244 5315 ἀνθρώπων,
3267 5248 3424 5316 ὅπως
3450 5247 3621 5306 ἴδωσι

2050 5324 2120 5378 τὰ
2161 5323 2321 5379 καλὰ
2360 5322 2528 5394 ὑμῶν
2551 5324 2714 5395 ἔργα,
2747 5325 2844 5379 καί
2893 5325 3199 5392 δοξάσωσι
3233 5327 3339 5381 τὸν
3387 5328 3621 5410 Πατέρα

2113 5430 2134 5471 ι
2165 5430 2316 5510 $an1.
2338 5433 2421 5482 τὸν
2443 5439 2611 5484 σατᾶν.
2657 5435 2710 5486 In
2750 5434 2888 5510 Novo
2909 5437 3046 5486 Test.
3071 5437 3240 5488 Graeco
3279 5439 3463 5501 legitur
3479 5439 3620 5549 ἀνί-χι-

2113 5510 2316 5549 ςσαταν.
2341 5493 2498 5545 Paulo
2521 5503 2632 5549 post
2651 5498 2802 5547 Savtl.
2827 5499 2883 5546 τὸ
2907 5500 2996 5549 γὰο
3021 5499 3181 5549 ἐπειδὴ
3201 5499 3337 5549 έγνω.
3363 5499 3470 5549 Mox
3492 5516 3518 5549 ιι
3543 5515 3620 5549 Ius

2047 5496 2127 5571 λος
2146 5498 2316 5564 σατᾷν.
2341 5493 2498 5572 Ρίιυιο
2521 5503 2632 5558 post
2651 5498 2802 5547 Savil.
2827 5499 2883 5546 τὸ
2907 5500 2996 5610 γὰὲ
3021 5499 3181 5558 ἐπειδὴ
3201 5493 3470 5562 έγνωῗκοι
3492 5493 3620 5574 alitis

2047 5572 2321 5610 ῃτει,τουτο
2339 5558 2478 5606 παλιν
2495 5559 2715 5610 ἠθέλησε.
2731 5560 2816 5608 Διὸ
2835 5560 2935 5608 καί.
2998 5560 3061 5609 ed
3080 5560 3228 5610 lonze
3250 5566 3449 5610 0mm
3468 5563 3620 5610 lectio

2080 5558 2321 5624 τει,τοῦτο
2330 5558 2478 5624 πάλιν
2495 5559 2715 5624 ἠθέλησε.
2731 5560 2816 5624 Διρ
2835 5558 2935 5608 καί.
2961 5558 3061 5624 sed
3080 5558 3449 5624 liongefprestat
3468 5561 3620 5614 lectio

2097 5617 2221 5686 qrel.
2252 5617 2499 5686 et§avll.,
2538 5632 2634 5682 qua
2656 5622 2961 5684 signiﬁcatur
2986 5617 3192 5686 Paulutﬁ
3231 5617 3282 5675 iii
3301 5624 3431 5686 quod
3454 5626 3618 5675 statim

2047 5680 2292 5744 noluerat,
2320 5677 2427 5730 Deo
2448 5677 2897 5744 qpefantefpostea
2923 5684 3156 5742 voluisse.

2109 5741 2135 5781 ⁸
2159 5741 2269 5792 Duo
2290 5753 2404 5791 mss.
2432 5742 2587 5791 αὐτῶν
2619 5741 2870 5806 κατεπόθη,
2895 5741 3018 5796 άλλδ.
