4064 6340
492 339 602 401 473

489 458 659 530 ὑμῶν
695 456 802 511 τὸν
835 455 905 509 ἐν
930 452 1053 522 τοῖς
1084 455 1381 525 οὐρανοῖς.
1420 458 1531 511 Kal
1560 457 1720 512 πάλιν
1751 460 1780 511 0
1817 457 2023 521 Παῦλος
2039 471 2054 486 ·

490 539 796 606 Δοξάσατε
816 537 893 606 δὴ
916 538 1024 592 τὸν
1040 537 1188 592 Θεὸν
1214 538 1284 592 ἐν
1305 538 1386 605 τῷ
1411 539 1637 609 σώματι
1655 539 1843 609 ὑμῶν,
1869 538 1966 593 καὶ
1990 540 2060 592 ἐν

489 622 570 690 τῷ
604 623 896 690 πνεύματι
941 621 1127 690 ὑμῶν.
1161 622 1270 675 Kal
1300 621 1488 694 ὥσπερ
1525 625 1583 676 ὲν
1629 624 1701 693 τῷ
1730 622 1836 695 πρὸ
1865 622 2056 676 τούτου

487 706 663 774 ἔλεγε,
702 705 844 757 Καθ’
881 700 1152 771 ἑκάστην
1176 702 1404 771 ἡμέραν
1441 704 1756 773 εὐλογήσω
1780 717 1884 756 σεο
1918 701 2059 756 οὕτω

487 788 585 844 καὶ
597 785 848 846 ἐνταῦθα,
872 783 1053 839 Ψαλῶ
1071 785 1152 851 τῷ
1173 785 1295 851 Θεῷ
1307 804 1449 855 μου,
1463 786 1649 857 φησὶν,
1666 786 1776 853 ἕως
1786 785 2054 855 ὑπάρχω.

486 865 619 923 Εἶτα
638 866 955 938 βουλόμενος
976 864 1139 918 πάλιν
1156 865 1341 920 λαϐεῖν
1363 868 1652 930 κοινωνοὺς
1674 868 1771 937 τῆς
1784 866 2057 937 εὐφημίας

485 951 825 1024 ἀνθρώπους,
845 952 923 1012 είς
943 948 1010 1002 τά
1027 948 1337 1019 διηγήματα
1356 949 1518 1004 αὑτοῦ
1533 949 1634 1020 τῆς
1649 949 2058 1020 φιλανθρωπίας

486 1027 768 1107 ὲμπίπτει,
804 1033 1113 1102 καιόμενος,
1146 1032 1569 1104 θερμαινόμενος
1602 1033 1679 1103 τῷ
1704 1032 1874 1103 πόθῳ,
1907 1049 2059 1103 περι-

482 1113 692 1187 τρέχων
724 1113 823 1183 τὴν
866 1111 1192 1183 οἰκουμένην
1234 1111 1470 1175 ἃπασαν,
1519 1112 1764 1175 ἅπαντας
1810 1112 2057 1178 συνάγων

485 1197 564 1261 είς
589 1195 679 1249 τὸν
704 1197 902 1249 οἰκεῖον
927 1194 1107 1265 χορόν.
1136 1194 1247 1247 Kal
1269 1194 1377 1265 γάρ
1409 1194 1684 1248 καὶτοῦτο
1714 1194 1947 1264 μάλιστα
1970 1189 2058 1248 αἷ-

483 1296 594 1343 νος,
624 1277 782 1332 τοῦτο
819 1277 1054 1347 μάλιστα
1081 1275 1208 1342 δόξα
1234 1279 1313 1339 είς
1334 1276 1487 1342 Θεδν,
1522 1278 1649 1330 ὅταν
1683 1278 1907 1340 πολλοὺς
1933 1279 2053 1331 ἑπι-

484 1365 627 1436 ζητῇ
660 1363 789 1423 τοὺς
815 1360 1109 1431 μέλλοντας
1136 1361 1234 1430 τῆς
1255 1358 1419 1413 αὐτοῦ
1444 1360 1734 1414 ἀπολαύειν
1761 1361 2053 1431 σωτηρίας.

482 1448 581 1516 Mh
605 1445 925 1500 πεποίθατε
941 1442 1032 1495 ἐπ’
1060 1443 1372 1512 ἄρχοντας,
1398 1441 1498 1495 ἐπὶ
1519 1444 1689 1509 υἱοὺς
1709 1443 2053 1511 ἀνθρώπων,

482 1526 573 1597 οἷς
604 1530 715 1583 οὐκ
759 1527 891 1582 ἐστι
924 1528 1203 1594 σωτηρία.
1262 1526 1517 1595 Ἕτερος,
1570 1524 1653 1591 Τῷ
1697 1528 1807 1580 οὐκ
1854 1527 2054 1594 ἔχοντι

483 1612 701 1670 σῶσαι.
750 1611 1115 1665 ’Λκουέτωσαν
1153 1608 1253 1679 τῆς
1300 1608 1673 1680 παραινέσεως
1706 1609 1911 1680 ταύτης
1960 1610 2055 1662 καὶ

486 1717 550 1753 συ
558 1696 796 1769 μϐουλῆς
817 1695 864 1746 οἱ
883 1692 1020 1763 πρὸς
1036 1692 1133 1755 τάς
1151 1691 1496 1763 ἀνθρωπίνας
1514 1692 1802 1763 κεχηνότες
1827 1710 2054 1765 προστα-

484 1783 605 1845 σίας
642 1779 740 1843 τὰς
770 1776 1067 1846 ἐπικήρους
1100 1775 1195 1828 καὶ
1227 1773 1648 1845 διεφθαρμένας.
1687 1775 1753 1828 Τί
1794 1774 1848 1828 δέ
1881 1776 2051 1842 ἐστιν,

476 1859 576 1933 Οἷς
604 1865 714 1918 οὐκ
748 1861 879 1914 ἔστι
903 1858 1199 1926 (rumpia;
1223 1857 1357 1910 Οὐδὲ
1385 1858 1487 1928 τῆς
1515 1857 1670 1921 ἰδίας,
1703 1859 1857 1929 φησὶ,
1888 1875 2056 1930 σωτη-

484 1953 607 2024 ρίας
637 1952 743 2003 εἰσὶ
775 1947 975 2020 κύριοι,
1027 1944 1147 1999 οὐδὲ
1191 1946 1401 1999 ἑαυτῶν
1446 1945 1746 2017 προστῆναι
1778 1944 2051 2001 δύνανται.

481 2038 546 2091 Εἰ
570 2035 676 2108 γὰρ
706 2032 922 2087 ἐπέλθοι
953 2032 987 2102 ἡ
1018 2030 1261 2100 τελευτὴ,
1289 2029 1560 2083 κείσονται
1592 2029 1754 2082 λίθων
1781 2029 2046 2098 ἀφωνότε-

485 2138 585 2193 ροι.
617 2116 788 2171 Τοῦτο
820 2115 929 2186 γάρ
955 2114 1101 2166 ἐστιν
1128 2112 1156 2164 ὃ
1185 2112 1437 2182 ἐπιφέρει
1457 2111 1631 2180 λέγων
1657 2128 1667 2141 ·
1707 2111 2055 2174 Ἐξελεύσε-

477 2219 573 2257 ται
598 2202 662 2254 τὸ
703 2198 940 2266 πνεῦμα
971 2194 1179 2254 αὐτοῦ,
1204 2194 1303 2249 καί
1323 2194 1673 2263 ἐπιστρέψει
1693 2198 1780 2261 εὶς
1802 2195 1917 2265 τὴν
1936 2197 2054 2265 Tn“:-

478 2284 687 2340 αὐτοῦ.
732 2284 835 2338 Ἐν
863 2279 1068 2346 ἐκείνῃ
1099 2276 1172 2346 τῇ
1200 2276 1390 2347 ἡμέρᾳ
1424 2277 1792 2332 ἀπολοῦνται
1831 2277 2054 2346 πάντες

478 2374 533 2423 cl
573 2363 949 2435 διαλογισμοί
969 2361 1174 2415 αὑτοῦ.
1212 2361 1456 2431 Ἕτερος,
1496 2363 1566 2414 Αἱ
1601 2362 1918 2428 προθέσεις
1946 2365 2052 2417 αὑ-

478 2454 605 2508 τοῦ.
626 2453 691 2502 Ὃ
711 2449 768 2503 δὲ
791 2448 960 2517 λέγει,
983 2445 1140 2499 τοῦτό
1162 2446 1325 2498 ἐστιν’
1353 2443 1413 2498 '0
1437 2444 1628 2499 ἑαυτοῦ
1656 2447 1953 2517 προστῆναι
1977 2447 2053 2519 μὴ

478 2537 797 2604 δυνάμενος,
825 2529 942 2594 πῶς
964 2529 1183 2598 ἑτέρους
1207 2527 1606 2600 ὲξαρπάσεται;
1636 2528 1804 2582 Οὐδὲν
1822 2530 1932 2602 γὰρ
1960 2529 2053 2582 οῦ-

479 2636 587 2681 τως
621 2612 921 2685 ἐπισφαλὲς
950 2612 1047 2665 καὶ
1077 2610 1295 2679 σαθρὸν,
1326 2611 1401 2673 ὡς
1430 2613 1463 2681 ἡ
1497 2609 1718 2683 τοιαύτη
1744 2611 1917 2675 ἐλπίς.
1944 2613 2054 2666 Kal

477 2702 715 2756 δείκνυσι
752 2698 858 2751 τῶν
897 2694 1235 2765 πραγμάτων
1275 2696 1309 2765 ἡ
1341 2698 1517 2763 φύσις.
1571 2694 1662 2748 Διὸ
1708 2695 1801 2749 καὶ
1833 2696 2049 2761 Παῦλος

479 2784 610 2857 περὶ
630 2781 729 2854 τῆς
763 2782 843 2843 εἰς
868 2778 999 2832 Θεὸν
1020 2776 1229 2841 ἐλπίδος
1249 2776 1626 2848 διαλεγόμενος
1646 2776 1830 2847 ἔλεγεν
1847 2794 1860 2809 ·
1894 2780 1959 2837 Ἠ
1985 2779 2054 2833 δὲ

476 2867 654 2933 ἐλπὶς
673 2866 744 2919 οὐ
767 2863 1173 2933 καταισχύνει.

562 2948 699 3004 Ἀλλ’
729 2947 790 3000 οὐ
824 2946 892 2998 τά
921 2943 1234 3016 ἀνθρώπινα
1262 2940 1507 3006 τοιαῦτα,
1533 2941 1670 2996 ἀλλά
1704 2943 1863 3007 σκιᾶς
1892 2943 2052 2997 ἀσθε-

478 3035 730 3103 νέστερα.
755 3028 847 3100 Μὴ
877 3029 985 3096 γάρ
1010 3043 1101 3097 μοι
1125 3024 1308 3098 εἴπῃς,
1334 3025 1416 3078 ὅτι
1438 3025 1620 3097 ἄρχων
1646 3026 1781 3080 ὲστί.
1810 3024 1914 3080 Kal
1944 3027 2053 3099 γὰρ

480 3117 574 3170 καὶ
588 3118 615 3170 0
631 3116 814 3187 ἀρχων
836 3111 987 3166 οὐδὲν
1009 3110 1121 3180 ἕχει
1144 3110 1304 3162 πλέον
1332 3106 1426 3161 τοῦ
1457 3108 1711 3178 τυχόντος
1734 3110 1833 3163 ἀνθ
1843 3107 2048 3180 ρώπου⁶

479 3203 547 3270 τῇ
576 3200 712 3269 αὐτῇ
734 3193 924 3267 ἀδηλίᾳ
949 3193 1249 3247 ὑπόκειται.
1270 3192 1333 3245 Εἰ
1355 3190 1410 3244 δέ
1427 3209 1479 3244 τι
1494 3191 1720 3270 χρὴΑκαὶ
1737 3191 2053 3263 θαυμαστὸν

479 3268 889 3344 εἰπεῖν,νιπειδὴ
918 3273 1101 3344 ἀρχων
1135 3272 1275 3333 ἐστὶ,
1304 3270 1399 3324 καὶ
1424 3270 1512 3323 διὰ
1543 3268 1702 3323 τοῦτο
1735 3271 1970 3341 μάλιστα
1989 3271 2051 3324 οὐ

478 3361 589 3433 χρὴ
625 3359 866 3431 θαρρεῖν.
928 3353 1319 3426 Ἀκροσφαλείς
1350 3351 1456 3424 γὰρ
1499 3354 1555 3406 αἱ
1600 3352 1848 3408 τοιαῦται
1892 3353 2054 3410 δυνα.

482 3446 676 3498 στείαι.
705 3440 823 3496 Κᾶν
858 3438 934 3510 μὴ
965 3438 1265 3510 μεταπέσῃ,
1292 3436 1426 3507 πρὸς
1454 3436 1623 3507 όργήν
1651 3438 1800 3490 ἐστιν
1826 3436 2054 3509 ὁξυρρε-

479 3528 608 3599 πῆς,
639 3525 733 3579 καὶ
749 3525 815 3594 τῇ
837 3521 1054 3592 ἐξουσίᾳ
1081 3520 1216 3593 πρὸς
1232 3520 1624 3590 ἀγνωμοσύνην
1647 3520 2049 3593 ἀποκέχρηται,

477 3610 553 3675 ώς
574 3609 633 3663 οὐ
664 3607 870 3680 μέλλων
896 3605 1191 3668 ὑπεύθυνος
1220 3599 1362 3655 εἷναι
1378 3601 1454 3673 τῷ
1466 3602 1562 3674 τὴν
1588 3603 1881 3672 ὑπόσχεσιν
1894 3604 2047 3670 δεξα-

482 3694 629 3765 μένῳ
651 3703 699 3731 ιι·
725 3687 880 3763 [477]
906 3686 1009 3742 κᾶν
1040 3685 1337 3757 εὐγνώμων
1357 3687 1519 3756 φανῇ,
1537 3684 1909 3756 εὐκολωτέρας
1938 3686 2049 3752 ἕξει

478 3778 578 3841 τὰς
608 3772 983 3847 μεταπτώσεις
1009 3770 1119 3824 τῶν
1151 3770 1550 3831 ἰδιωτευόντων,
1578 3770 1688 3840 ὅσῳ
1718 3771 1812 3823 καὶ
1842 3770 2051 3841 μείζοσι

481 3861 575 3915 καὶ
607 3858 847 3913 πλείοσιν
872 3854 1185 3917 ἐπιϐουλαῖς
1219 3853 1530 3906 ὐπόκειται’
1556 3853 1652 3906 καὶ
1686 3852 1881 3923 μᾶλλόν
1903 3855 2049 3908 ἐστιν

478 3942 804 4011 εὐχείρωτος
832 3929 1008 4001 οὗτος,
1041 3937 1151 4006 ὅσῳ
1178 3936 1273 3989 καὶ
1305 3934 1520 3997 πλείους
1542 3934 1656 4005 ἔχει
1682 3936 1806 3999 τοὺς
1828 3936 2048 3989 ἐπιϐου-

477 4024 754 4088 λεύοντας.
771 4022 837 4077 Τί
856 4020 964 4094 γὰρ
983 4019 1259 4092 βούλονται
1276 4020 1325 4070 οἱ
1340 4017 1804 4088 σωματοφύλακες
1820 4034 1835 4083 ;
1854 4017 1907 4071 τί
1925 4018 2047 4072 δὲαί

478 4109 669 4163 πολλαὶ
691 4103 1065 4177 προφυλακαίς
1092 4102 1215 4165 Πῶς
1241 4096 1333 4155 οὖν
1356 4103 1383 4153 ὁ
1407 4103 1464 4153 ὲν
1495 4100 1650 4153 πόλει
1673 4101 2048 4173 εὐνομουμένῃ

482 4193 616 4265 μηδὲ
634 4191 762 4262 περὶ
777 4188 871 4243 τοῦ
895 4187 1146 4257 σώματος
1171 4185 1239 4239 αὐ
1251 4183 1336 4238 τοῦ
1360 4183 1600 4255 θαρρῶν,
1624 4184 1738 4238 ἀλλ’
1767 4185 1843 4249 ὡς
1870 4187 1929 4239 ὲν
1954 4186 2047 4256 μέ-

481 4291 594 4338 σοις
624 4269 1095 4344 ἀναστρεφόμενος
1118 4265 1417 4336 πολεμίοις,
1438 4265 1611 4330 οὓτως
1634 4265 1709 4320 ὢν
1733 4266 2044 4336 ἐναγώνιος,

479 4353 700 4424 ἑτέρους
726 4350 897 4403 σῶσαι
923 4347 1208 4419 δυνήσεται
1226 4363 1241 4408 ;
1266 4345 1327 4398 Ὀ
1344 4345 1563 4416 εἰρήνης
1582 4344 1748 4416 οῦσης
1768 4345 1876 4398 τῶν
1889 4347 1945 4399 ὲν
1959 4364 2050 4400 πο-

478 4432 664 4503 λέμοις
703 4426 1079 4501 χαλεπώτερον
1102 4424 1371 4490 δεδοικὼς,
1402 4425 1516 4488 πῶς
1545 4425 1760 4497 ἑτέρους
1786 4428 1842 4479 ὲν
1872 4427 2046 4496 ἀσφα-

478 4515 600 4586 λείᾳ
615 4513 944 4583 καταστήσει
974 4512 1065 4564 καὶ
1095 4508 1460 4579 ὲξαρπάσεται
1481 4507 1589 4560 τῶν
1605 4507 1866 4562 κινδύνων
1882 4525 1896 4574 ;
1914 4509 2048 4563 Πολ-

476 4598 588 4661 λοῖς
603 4596 659 4648 δὲ
673 4594 989 4665 δυναμένοις
1015 4592 1135 4646 καθ’
1164 4592 1389 4654 ἑαυτοὺς
1402 4590 1502 4661 ζῇν
1527 4590 1663 4661 μετά
1686 4590 1869 4654 ἀδείας
1889 4590 2048 4646 τοῦτο

479 4681 609 4735 αὐτὸ
640 4679 862 4747 γέγονεν
896 4675 1173 4747 ἐπιϐουλὴ,
1215 4675 1276 4728 τὸ
1303 4673 1564 4738 τοιούτοις
1609 4673 1881 4745 θαρρῆσαι
1905 4690 1920 4706 ο
1952 4675 2046 4728 καὶ

479 4761 898 4816 καταπεσόντων
927 4759 1151 4813 ἐκείνων
1188 4759 1283 4811 καὶ
1308 4752 1452 4811 οὗτοι
1492 4755 2010 4827 συγκατηνέχθησαν
2030 4774 2043 4787 ·

479 4846 683 4917 ἑτέροις
709 4844 765 4896 δὲ
791 4845 840 4896 οἱ
858 4841 1093 4911 φύλακες
1118 4840 1373 4911 προδόται
1397 4839 1702 4908 γεγόνασιν.
1741 4839 1877 4892 Ἀλλ’
1898 4839 2047 4909 ὅμως

476 4931 507 4983 0
537 4928 822 5001 προφήτης
847 4924 1017 4979 ταῦτα
1042 4926 1256 4979 ᾶπαντα
1275 4922 1667 4995 παραδραμὼν,
1699 4923 1886 4995 ἐπειδὴ
1916 4923 2046 4977 πολ-

476 5011 560 5065 λοὶ
582 5010 857 5078 διέφυγον,
881 5009 941 5062 τὸ
985 5006 1462 5077 ἀναμφισϐήτητον
1505 5006 1705 5077 τίθησι,
1740 5005 1799 5059 τὸ
1826 5008 1927 5076 τῆς
1955 5024 2047 5060 τε·

474 5093 690 5164 λευτῆς.
716 5092 829 5146 Κᾶν
858 5092 967 5162 γὰρ
990 5090 1204 5144 ἅπαντα
1229 5106 1311 5142 σοι
1341 5088 1481 5142 κατά
1504 5088 1631 5161 ῥοῦν
1666 5089 1920 5160 φέρηται,
1942 5089 2047 5142 κᾶν

475 5176 663 5240 εὔνους
690 5170 744 5250 ᾗ,
777 5174 880 5229 κᾶν
909 5174 1067 5245 χάριν
1097 5172 1271 5235 εἰδὼς,
1303 5171 1456 5242 φησὶ,
1481 5170 1583 5225 κᾶν
1609 5171 1777 5243 μέλλῃ
1801 5169 2048 5225 ἀποδιδό-

476 5279 587 5322 ναι,
623 5262 681 5313 ἐν
726 5259 917 5330 μέσαις
943 5260 1062 5319 ταῖς
1095 5255 1416 5328 ὑποσχέσεσι
1448 5254 1754 5316 καταλύσας
1790 5253 1879 5306 τὸν
1910 5252 2044 5322 βίον,

477 5343 660 5414 ἀφῆκέ
683 5359 742 5397 σε
763 5344 820 5396 ὲν
843 5340 1020 5397 ἐλπίσι
1043 5341 1251 5398 κεναῖς,
1273 5338 1362 5389 διὰ
1396 5338 1458 5391 τὺ
1482 5337 1582 5399 τὴν
1604 5335 1749 5407 ζωὴν
1779 5335 1856 5409 μὴ
1887 5335 2048 5409 ἀρκέ-

536 5478 566 5510 ³
605 5475 793 5527 Horum
830 5474 1092 5540 Verborum
1126 5474 1253 5530 1000,
1278 5472 1363 5540 1Q
1387 5469 1479 5540 τήχ
1511 5469 1771 5540 ὑπόσχεσιν
1791 5467 2047 5540 δεξαμένῳ,

474 5515 697 5600 διίστηἾῆ
712 5515 1253 5600 ἶιίἔτέίῖιῖι¹ἑοῖἰρῇ⁷ἐιίι¹
1287 5515 1827 5600 ὧιεξῧεῇἰίξκῖεὴιρε
1853 5515 1921 5589 τῷ

477 5600 629 5663 ἀρχὴν
650 5598 741 5663 οὗπι
757 5589 962 5663 ὲδῑξατῖον
986 5594 1245 5663 φερέῑεειο
1280 5592 1481 5650 mem»
1505 5590 1587 5663 ubi
1622 5589 2047 5663 lesenﬁvwme-

473 5651 573 5714 ἰιῖιῗ
591 5651 688 5709 τῶν
710 5660 776 5709 ὧν
797 5651 882 5717 τῆν
1061 5656 1641 5765 ἐδέξατοβιιεωβεουῐιιει
1653 5651 1763 5700 eSse
1783 5651 2046 5699 lectionem

473 5723 669 5765 videtur
692 5721 961 5765 Geminnus
1028 5723 1243 5765 etvetus.
1322 5712 1468 5765 Idem
1506 5724 1616 5765 qua!
1642 5714 1706 5760 ad
1730 5717 1907 5763 textum
1939 5711 2038 5763 Lat.

473 5674 572 5714 (ιη’.
591 5677 688 5709 των
710 5674 776 5709 ων
797 5674 882 5717 την
902 5674 960 5722 ap
993 5674 1050 5716 ην
1061 5674 1267 5714 εοεςατο,
1314 5674 1641 5724 ιξδωρεουιιιδ
1653 5674 1763 5700 esse
1786 5674 2038 5699 Icuuuucw

472 5723 669 5771 videtur
692 5674 1243 5772 Gemiandstervelus.
1275 5674 1468 5765 autem
1506 5724 1616 5777 qua:
1642 5714 1706 5760 ad
1730 5717 1907 5763 textum
1939 5711 2038 5771 Lat.

471 5788 632 5831 πυιηια
655 5786 781 5833 amt.

1258 341 1316 399 ε.
1355 340 1641 399 JOANNIS
1674 339 2162 400 CHRYSOSTOMI
2200 341 2518 400 ARCHIEP.
2557 340 3104 404 CONSTANTINOP.

3624 346 3726 404 ιτι

2162 474 2251 511 σαι
2285 458 2422 529 πρὸς
2467 460 2530 512 10
2573 459 2674 529 τῆς
2715 460 3059 531 ὑποσχέσεως
3100 458 3447 523 τέλος.⁸οταν
3487 458 3547 514 δδ
3593 462 3726 534 μηδὲ

2158 544 2305 618 ζωὴν
2330 545 2605 617 ἀρκοῦσαν
2649 547 2748 620 ἔχῃ
2776 548 2912 619 πρὸς
2943 549 3045 620 τὴν
3073 547 3385 618 ὑπόσχεσιν,
3419 548 3557 602 ἀλλά
3590 564 3723 620 προ-

2156 635 2489 708 καταλύηται
2512 637 2607 691 τοῦ
2639 637 2827 701 τέλους
2851 638 2880 690 ό
2906 637 3037 708 βίος,
3073 638 3166 692 ἐπὶ
3205 637 3414 709 σαθρὰν
3456 639 3725 710 καταφεύ-

2065 774 2071 781 .
2156 743 2274 795 γεις
2312 726 2724 798 συμμαχίαν.Ἤ
2753 728 2853 781 οὐκ
2884 727 2996 781 ῐστε
3026 727 3253 792 πολλοὺς
3280 727 3440 781 τοῦτο
3464 729 3722 783 πεπονθό⁴

2154 831 2272 880 τας,
2308 816 2404 871 καὶ
2456 816 2549 872 τοῦ
2599 816 2889 887 συμμάχου
2941 816 3229 882 πεσόντος,
3279 816 3371 870 τοῦ
3427 820 3723 889 προστάτου

2155 905 2559 975 γυμνωθέντας,
2606 905 2852 959 ἐντεῦθεν
2900 906 3099 977 μᾶλλον
3139 905 3591 976 κατενεχθέντας;
3618 908 3722 961 Kal

2153 990 2208 1043 τί
2233 990 2374 1060 λέγω
2403 1009 2467 1045 πε
2478 991 2528 1061 pl
2557 992 2657 1062 τῆς
2688 993 3036 1062 ἐπαγγελίας,
3058 992 3141 1047 ὅτι
3163 993 3425 1064 διαχεῖται
3450 997 3540 1048 καὶ
3565 995 3724 1051 ἀπόλ-

2154 1077 2329 1142 λυται,
2344 1080 2468 1135 ὅταν
2494 1081 2588 1133 καὶ
2612 1082 2639 1133 0
2661 1080 2863 1151 ταύτης
2891 1079 3079 1151 κύριος
3100 1080 3178 1133 ὣν
3205 1079 3339 1151 μηδὲ
3363 1081 3524 1147 αὐτὸς
3551 1083 3720 1155 μένῃς

2167 1166 2541 1237 Ἐπιστρέεοει
2565 1168 2694 1240 γὰρ,
2728 1169 2914 1240 φησιν,
2948 1171 3036 1234 εὶς
3066 1167 3182 1237 τὴν
3208 1167 3325 1238 γῆν
3349 1170 3554 1226 αὑτοῦ.
3582 1170 3643 1224 El
3668 1170 3723 1225 δὲ

2154 1257 2361 1321 ἐκεῖνος
2403 1257 2668 1323 ἀπόλωλε,
2702 1259 2879 1331 πολλῷ
2906 1258 3106 1329 μᾶλλον
3145 1258 3239 1313 καὶ
3289 1258 3482 1314 ταῦτα.
3512 1258 3604 1313 Διὸ
3635 1259 3723 1313 καὶ

2153 1345 2400 1414 ἐπήγαγε
2428 1344 2511 1408 τὸ,
2529 1346 2625 1399 Ἐν
2651 1346 2850 1416 ἐκείνῃ
2876 1345 2955 1415 τῇ
2979 1346 3168 1415 ἡμέρᾳ
3192 1347 3558 1401 ἀπολοῦνται
3583 1345 3725 1401 πάν-

2151 1450 2251 1498 τες
2281 1435 2336 1487 οί
2366 1433 2736 1504 διαλογισμοί
2779 1436 2965 1490 αὑτοῦ
2984 1452 2999 1468 ·
3027 1436 3239 1500 δεικνὺς
3264 1436 3347 1489 ότι
3374 1436 3434 1489 οὐ
3464 1435 3620 1506 μόνον
3646 1438 3722 1500 εἱς

2150 1519 2301 1584 τέλος
2342 1521 2439 1590 οὐχ
2486 1520 2607 1591 ἥξει
2653 1522 2722 1576 τά
2750 1523 2848 1593 τῆς
2877 1521 3225 1591 ἐπαγγελίας,
3255 1522 3392 1578 ἀλλά
3439 1522 3532 1576 καὶ
3572 1523 3726 1588 αὐτὸς

2151 1608 2469 1678 οίχήσεταιιι
2496 1611 2525 1662 0
2547 1609 3030 1681 ἐπαγγελλόμενος.
3064 1610 3129 1663 Τί
3159 1606 3251 1664 οὖν
3283 1608 3531 1664 ἐντεῦθεν
3552 1613 3723 1677 ποιεί;

2167 1695 2315 1748 Ἐπεὶ
2349 1693 2458 1749 τῶν
2499 1695 2852 1769 ἀνθρωπίνων
2893 1697 3182 1768 ἀπήγαγεν
3209 1696 3460 1763 ἐλπίδων,
3491 1697 3724 1753 δείκνυσι

2152 1781 2338 1835 λοιπὸν
2360 1782 2452 1836 τὸν
2476 1783 2693 1854 ἀσφαλῆ
2714 1782 2907 1854 λιμένα
2936 1785 3031 1837 καὶ
3053 1784 3145 1838 τὸν
3168 1785 3466 1856 ἀχείρωτον
3498 1784 3722 1857 πύργον,

2153 1872 2247 1924 καὶ
2281 1871 2655 1942 συμϐουλεύει.
2692 1863 2861 1927 Οὗτος
2882 1883 2906 1911 ε
2932 1873 3044 1943 γὰρ
3090 1872 3325 1944 μάλιστα
3358 1876 3727 1943 παραινέσεως

2152 1960 2369 2029 ἄριστος
2406 1959 2624 2030 τρόπος,
2659 1959 2892 2027 ἀπάγειν
2938 1958 3047 2012 τῶν
3091 1959 3339 2031 σαθρῶν,
3369 1960 3464 2014 καὶ
3514 1960 3726 2030 ἐνάγειν

2153 2046 2289 2116 πρὸς
2320 2045 2389 2099 τὰ
2418 2046 2642 2118 ίσχυρά·
2676 2047 2958 2115 καθαιρεῖν
2985 2045 3055 2100 τά
3086 2045 3310 2117 μάταια,
3339 2048 3437 2101 καὶ
3480 2049 3633 2118 ίστᾷν
3660 2052 3726 2103 τὲ

2152 2133 2412 2205 ἁληθινάο
2443 2135 2737 2206 διελέγχειν
2764 2134 2833 2188 τὰ
2863 2134 3177 2203 ἀπατῶντα,
3215 2137 3309 2190 καὶ
3354 2136 3624 2191 δεικνύναι
3659 2138 3726 2192 τὰ

2150 2221 2477 2291 ὠφελοῦντα.
2520 2220 2855 2289 Μακάριος,
2897 2219 2969 2277 οὗ
3008 2225 3043 2277 ό
3083 2222 3228 2289 Θεὸς
3265 2222 3467 2277 Ἰακὼϐ
3501 2224 3727 2291 βοηθὸς

2149 2309 2355 2370 αὑτοῦ,
2387 2311 2426 2379 ἠ
2448 2309 2622 2376 ἐλπὶς
2642 2309 2828 2365 αὐτοῦ
2853 2310 2953 2364 ἐπὶ
2978 2310 3197 2379 Κύριον
3216 2312 3325 2366 τὸν
3342 2312 3492 2366 Θεὸν
3515 2310 3723 2366 αὐτοῦ.

2151 2396 2303 2460 Εἶδες
2321 2398 2634 2471 περιουσίαν
2662 2397 2968 2470 συμϐουλῆς
2998 2400 3094 2453 καὶ
3131 2399 3502 2471 παραινέσεως
3522 2418 3538 2466 ;
3560 2400 3728 2455 Ὅταν

2149 2485 2206 2538 δὲ
2221 2482 2249 2522 ἀ
2283 2486 2626 2559 μακαρισμὸν
2649 2489 2800 2557 εἴπῃ,
2820 2485 2996 2540 πάντα
3011 2486 3159 2557 λέγει
3187 2485 3255 2540 τὰ
3279 2487 3476 2556 ἀγαθὰ,
3502 2489 3594 2542 καὶ
3618 2489 3726 2543 δεί-

2155 2590 2311 2627 κνυσι
2338 2573 2436 2646 τὴν
2459 2575 2755 2644 ἀσφάλειαν
2786 2575 2885 2645 τῆς
2913 2573 3144 2638 ἐλπίδος.
3188 2573 3505 2644 Μακαρίσας
3550 2575 3729 2629 τοίνυν

2148 2662 2240 2713 τὸν
2269 2661 2557 2727 ἐλπίζοντα
2579 2663 2667 2715 ἐπ’
2694 2663 2879 2725 αὐτὸν,
2906 2661 3055 2730 λέγει
3074 2662 3261 2716 λοιπὸν
3283 2662 3378 2717 τοῦ
3406 2661 3600 2734 βοηθοῦ
3626 2662 3728 2736 τὴν

2149 2747 2397 2819 δύναμιν,
2427 2749 2640 2813 δεικνὺς
2665 2750 2748 2804 ὃτι
2796 2751 2825 2802 0
2870 2749 2968 2819 μὲν
3018 2750 3329 2820 ἄνθρωπος,
3355 2751 3385 2804 0
3416 2750 3473 2804 δὲ
3502 2751 3635 2815 Θεός
3656 2768 3671 2782 ⁸
3696 2753 3728 2807 0

2161 2837 2258 2906 μὲν
2283 2836 2673 2908 ἀπολλύμενος,
2705 2838 2734 2891 0
2760 2836 2816 2889 δὲ
2852 2837 3028 2906 μένων
3049 2853 3061 2867 ·
3097 2838 3196 2891 οὐκ
3243 2837 3406 2902 αὐτὸς
3449 2837 3505 2891 δὲ
3553 2838 3729 2908 μένων

2155 2924 2332 2994 μόνος,
2367 2924 2501 2977 ἀλλὰ
2547 2925 2644 2978 καὶ
2686 2923 2755 2977 τὰ
2788 2924 2923 2995 ἔργα
2951 2924 3136 2979 αὑτοῦ.
3162 2924 3253 2978 Διδ
3299 2926 3393 2979 καὶ
3431 2926 3601 2989 οὕτως
3624 2929 3727 2980 ὲπ-

2152 3015 2327 3082 ήγαγε
2349 3029 2362 3043 ⁸
2401 3012 2511 3067 Τὸν
2538 3013 2878 3081 ποιήσαντα
2909 3012 3015 3065 τὸν
3045 3012 3303 3082 οὐρανόν
3328 3012 3427 3066 καί
3456 3013 3566 3082 τὴν
3587 3014 3723 3083 γῆν,

2153 3100 2270 3169 τὴν
2298 3099 2621 3156 θάλασσαν
2657 3100 2754 3153 καί
2794 3099 2987 3153 πάντα
3024 3101 3096 3154 τὰ
3127 3101 3199 3154 ἐν
3221 3100 3443 3167 αὐτοῖς.

2224 3186 2289 3260 β’.
2312 3186 2462 3259 [478]
2481 3188 2544 3241 El
2571 3187 2628 3241 δὲ
2645 3184 2715 3240 τὰ
2741 3186 2876 3258 ἔργα
2905 3187 3066 3241 αὑτοῦ
3086 3187 3300 3260 διαρκῆ,
3328 3188 3505 3261 πολλῷ
3528 3189 3727 3261 μῶλον

2151 3276 2312 3340 αὐτὸς
2358 3275 2453 3329 καὶ
2496 3274 2724 3346 διαρκὴς
2777 3277 2871 3328 καὶ
2919 3275 3138 3340 δυνατός
3165 3292 3179 3306 ·
3229 3277 3324 3330 καὶ
3358 3277 3439 3331 ὅτι
3464 3278 3721 3342 τοιοῦτος,

2149 3363 2415 3417 δείκνυσιν
2456 3362 2619 3416 αὐτοῦ
2664 3362 2734 3416 τὰ
2772 3362 3038 3434 γενόμενα
3081 3362 3180 3433 τὴν
3226 3361 3396 3432 ἰσχύν.
3429 3364 3493 3416 Τί
3533 3360 3642 3424 οὖν,
3671 3366 3723 3417 εἰ

2154 3453 2249 3506 καὶ
2287 3452 2518 3523 διαρκής
2561 3453 2677 3505 ἐστι
2709 3452 2802 3504 καὶ
2833 3450 3071 3516 δυνατὸς,
3101 3451 3162 3503 ού
3196 3450 3443 3521 βούλεται
3473 3452 3528 3504 δέ
3553 3469 3567 3517 ;
3595 3452 3724 3506 Πολ-

2149 3541 2232 3595 λοὶ
2267 3541 2375 3612 γὰρ
2418 3539 2529 3594 τῶν
2558 3540 2799 3611 ἀνοήτων
2823 3537 2996 3594 ταῦτα
3027 3538 3292 3607 λέγουσιν.
3313 3539 3451 3592 Ἀλλ’
3483 3540 3583 3612 ὅρα
3606 3542 3724 3605 πῶς

2150 3630 2245 3683 καὶ
2287 3626 2490 3699 ταύτην
2536 3627 2749 3697 ἀναιρεῖ
2779 3624 2876 3697 τὴν
2910 3625 3187 3680 ὑπόνοιαν.
3221 3626 3403 3681 Εἰπὼν
3451 3626 3577 3699 γὰρ.
3614 3626 3724 3682 Τὸν

2151 3715 2490 3785 ποιήσαντα
2508 3713 2616 3768 τόν
2647 3714 2907 3781 οὐρανὸν
2936 3713 3033 3767 καί
3058 3711 3174 3781 τὴν
3196 3710 3332 3782 τῆν,
3360 3715 3474 3782 τὴν
3494 3712 3722 3768 θάλασ-

2149 3819 2272 3859 σαν
2313 3804 2411 3858 καὶ
2455 3802 2652 3857 πάντα
2683 3800 2753 3855 τὰ
2795 3801 2865 3854 ἐν
2894 3799 3118 3867 αὐτοῖς,
3152 3802 3397 3872 ἐπήγαγε
3425 3818 3439 3833 ·
3476 3803 3587 3856 Τὸν
3611 3821 3724 3873 φυ-

2147 3892 2465 3947 λάσσοντα
2483 3893 2771 3960 ἀλήθειαν
2785 3892 2872 3956 είς
2897 3889 3003 3944 τὸν
3025 3886 3232 3955 αἰῶνα,
3246 3890 3531 3947 ποιοῦντα
3547 3893 3722 3962 κρῖμα

2149 3980 2271 4046 τοῖς
2285 3979 2789 4051 ἀδικουμένοις.“0
2811 3977 2868 4031 δὲ
2896 3976 3064 4046 λέγει,
3092 3975 3250 4031 τοῦτό
3276 3979 3409 4032 ἐστι·
3439 3978 3607 4032 Τοῦτο
3626 3981 3723 4034 αύ-

2148 4067 2241 4122 τοῦ
2271 4068 2417 4119 ἐστιν
2444 4066 2622 4137 ἔργον,
2662 4065 2817 4118 τοῦτο
2845 4064 3095 4135 σύνηθες,
3139 4064 3297 4118 τοῦτο
3328 4065 3560 4136 μάλιστα
3584 4065 3719 4121 Θεοῦ

2151 4156 2300 4221 ἴδιον,
2328 4155 2391 4207 τὸ
2415 4154 2489 4225 μὴ
2524 4155 2781 4225 περιορᾷν
2812 4153 3215 4224 ἀδικουμένους,
3247 4155 3308 4206 τὸ
3342 4153 3417 4224 μὴ
3446 4155 3720 4226 παρατρέ-

2147 4259 2263 4313 χειν
2294 4239 2782 4312 ὲπηρεαζομένους,
2810 4240 2871 4293 τὸ
2896 4243 3051 4312 χεῖρα
3092 4239 3304 4311 ὀρέγειν
3347 4242 3461 4304 τοῖς
3505 4241 3720 4293 ὲπιεου-

2147 4329 2487 4402 λευομένοις·
2519 4326 2794 4382 καὶτοῦτο
2836 4328 2918 4392 εἰς
2958 4328 3021 4381 τὸ
3057 4327 3319 4398 διηνεκές.
3352 4329 3445 4382 Διὸ
3469 4328 3564 4382 καὶ
3587 4327 3721 4397 ἔφη·

2149 4434 2259 4484 σεν,
2291 4419 2397 4483 Είς
2427 4415 2535 4470 τὸν
2560 4414 2763 4478 αίῶνα,
2801 4415 2961 4470 τοῦτο
2985 4415 3157 4485 δηλῶν
3177 4431 3193 4447 ο
3237 4417 3298 4469 οὐ
3342 4416 3499 4469 τοῦτο
3529 4415 3586 4468 δὲ
3622 4415 3720 4485 μό-

2146 4520 2254 4565 νον,
2284 4501 2420 4556 ἀλλά
2462 4502 2558 4556 καὶ
2597 4502 2660 4557 τὸ
2703 4501 2829 4572 ἑξῆς
2869 4503 3157 4574 ἐχόμενον*
3202 4502 3448 4556 manu
3489 4503 3721 4572 τροφὴν

2145 4590 2270 4657 τοῖς
2304 4588 2571 4645 πεινῶσι.
2604 4591 2816 4659 Κύριος
2842 4592 2973 4645 λύει
3002 4589 3473 4659 πεπεδημένους,
3508 4592 3720 4659 Κύριος

2146 4676 2333 4747 σοφοῖ
2368 4678 2656 4747 τυφλούς.
2675 4676 2887 4743 Ἄλλος,
2927 4675 3176 4738 Φωτίζει.
3219 4679 3434 4744 Κύριος
3475 4677 3728 4746 ἀνορθοῖ

2146 4765 2675 4837 κατερῤαγιιιένους.
2716 4768 2930 4833 Κύριος
2960 4764 3161 4836 ἀγαπᾷ
3188 4765 3475 4831 δικαίους.
3504 4768 3719 4835 Κύριος

2146 4854 2451 4920 φυλάσσει
2470 4850 2612 4916 τοὺς
2631 4851 3056 4918 προσηλύτους
3073 4864 3089 4879 ’
3111 4850 3376 4920 ὀρφανὸν
3399 4851 3498 4906 καὶ
3526 4851 3722 4921 χήραν

2144 4938 2540 5008 ἀναλήψεται,
2580 4940 2676 4993 καὶ
2713 4939 2856 4994 ὁδὸν
2883 4939 3245 5010 ἁμαρτωλῶν
3282 4941 3538 5010 ἀφανιεῖ.
3565 4938 3721 5004 Εἶδες

2144 5024 2264 5086 πῶς
2290 5024 2376 5078 διὰ
2411 5026 2628 5080 πάντων
2652 5026 2924 5080 δείκνυσιν
2946 5028 3110 5081 αὐτοῦ
3146 5028 3249 5099 τὴν
3274 5028 3531 5097 πρόνοιαν
3558 5046 3720 5082 τετα-

2149 5112 2340 5182 μένην,
2369 5114 2463 5165 καὶ
2506 5115 2588 5167 ὅτι
2619 5113 2775 5167 τοῦτο
2817 5113 2976 5184 ἔργον
3020 5113 3188 5185 αὐτῷ,
3219 5114 3365 5168 λύειν
3411 5115 3717 5187 συμφορὰς,

2145 5198 2298 5268 λιμὸν
2340 5199 2705 5269 διορθοῦσθαι,
2734 5200 2946 5272 δεσμῶν
2991 5201 3325 5274 ἐλευθεροῦν,
3344 5202 3503 5255 Ἀλλά
3548 5202 3725 5257 ταῦτα

2148 5286 2247 5355 μὲν
2292 5288 2354 5338 ὲκ
2408 5287 2605 5357 μέρους
2654 5289 2747 5342 καὶ
2785 5287 3061 5359 ἄνθρωποι
3105 5288 3382 5343 δύνανται·
3410 5289 3480 5343 τὰ
3507 5289 3565 5344 δὲ
3590 5288 3724 5359 ἑξῆς

2142 5373 2346 5428 οὐκέτι.
2394 5376 2503 5429 Kal
2552 5376 2662 5449 γὰρ
2710 5377 2809 5447 τῆς
2855 5376 3068 5446 φύσεως
3118 5378 3286 5448 αὐτῆς
3326 5377 3424 5449 τὴν
3469 5380 3721 5450 πήρωσιν

2147 5462 2472 5536 διορθοῦται,
2502 5466 2627 5530 τοὺς
2668 5467 3025 5529 πεπτωκότας
3076 5467 3289 5538 ἀνιστᾷ,
3318 5468 3470 5540 φησὶ,
3502 5468 3631 5531 τοὺς
3659 5469 3724 5520 ἐν

2209 5641 2238 5714 ι]
2264 5645 2541 5714 pnusgm
2559 5648 2642 5697 καὶ
2768 5649 2932 5714 αὐτοῖς
2954 5652 3217 5714 οἰχήσεται.

2211 5706 2237 5737 ⁸
2264 5709 2316 5758 In
2355 5709 2513 5759 tribus
2549 5723 2666 5760 mss.
2690 5712 2771 5762 hic
2801 5706 2963 5763 omnia
3000 5706 3271 5763 't'drbantur
3309 5712 3726 5766 «invaduntur.

2212 5766 2240 5808 ει
2270 5771 2401 5822 Unus
2419 5772 2531 5820 ὅταν
2547 5772 2653 5835 γάρ.
