4070 6340
348 355 452 413 473

348 470 514 522 dicam
543 465 630 519 tibi
660 480 676 516 :
707 462 776 514 ita
807 457 892 512 hic
917 456 1097 519 etiam,
1131 452 1365 508 Psallam
1390 453 1500 509 Deo
1525 470 1636 508 meo
1685 453 1928 523 quamdiu

349 559 491 626 fuero
516 555 686 630 (Psal.
714 554 839 608 144.
869 552 953 620 2).
985 548 1186 605 Deinde
1205 563 1326 604 eum
1346 547 1508 600 vellet
1529 559 1714 599 rursus
1739 543 1937 598 habere

349 648 596 704 homines
635 647 751 716 ejus
799 643 970 698 laudis
1015 642 1226 706 socios,
1255 638 1440 694 incidit
1481 638 1535 692 in
1575 638 1935 692 narrationem

349 741 466 811 ejus
491 738 834 809 benignitatis
864 745 919 791 et
945 735 1242 790 clementia:
1262 775 1277 800 ,
1307 732 1576 788 desiderio
1606 731 1858 786 incensus
1883 738 1939 784 et

353 831 746 892 inflammatus,
786 827 1091 882 universum
1139 824 1322 879 orbem
1377 832 1534 877 terrae
1584 834 1934 891 percurrens,

351 937 536 977 omnes
565 921 808 976 homines
825 920 876 973 in
905 932 1056 972 suum
1078 915 1298 970 chorum
1320 929 1537 984 cogens.
1562 913 1672 967 Hoc
1690 923 1772 967 e5t
1792 911 1934 966 enim

352 1013 580 1068 maxima
607 1012 742 1074 laus,
775 1009 1007 1064 maxima
1050 1007 1141 1062 Dei
1170 1006 1360 1076 gloria,
1392 1004 1603 1074 quando
1633 1004 1828 1058 multos
1853 1018 1936 1057 re-

353 1105 518 1175 quirit
546 1102 752 1156 futuros
779 1101 896 1170 ejus
923 1098 1110 1154 salutis
1154 1097 1459 1166 participes.
1507 1097 1561 1151 5.
1592 1093 1770 1148 Nolite
1815 1110 1939 1147 con-

355 1196 510 1264 ﬁdere
527 1195 579 1248 in
603 1191 933 1263 principibus,
954 1191 1008 1244 in
1031 1189 1152 1258 ﬁliis
1168 1188 1449 1252 hominum,
1475 1185 1527 1239 in
1545 1185 1722 1256 quibus
1742 1201 1842 1238 non
1863 1193 1937 1238 est

355 1289 516 1343 salus.
545 1286 696 1341 Alius
741 1283 840 1356 (a),
875 1283 940 1338 Ei
964 1282 1050 1349 qui
1091 1297 1193 1334 non
1235 1287 1398 1348 potest
1441 1292 1657 1332 servare.
1703 1275 1937 1331 Audiant

356 1381 456 1434 hoc
486 1378 767 1432 consilium
795 1383 849 1430 et
881 1375 1017 1429 hanc
1044 1370 1490 1434 admonitionem,
1523 1368 1614 1438 qui
1638 1367 1936 1436 suspiciunt

355 1472 583 1525 humana
616 1467 851 1522 subsidia
879 1465 1017 1520 ﬂuxa
1040 1474 1094 1520 et
1122 1463 1340 1518 caduca.
1370 1460 1507 1528 Quid
1536 1468 1619 1515 est
1642 1469 1840 1528 autem,
1869 1458 1937 1513 In

351 1561 528 1630 quibus
566 1575 667 1612 non
695 1567 766 1612 est
788 1557 925 1610 salus
943 1555 969 1609 ?
997 1554 1075 1610 Ne
1103 1554 1317 1624 propria
1357 1552 1570 1622 quidem
1608 1551 1751 1604 salus
1772 1561 1851 1604 est
1882 1550 1933 1603 in

352 1666 536 1704 eorum
567 1657 861 1718 potestate,
892 1662 992 1702 nec
1031 1661 1090 1700 se
1119 1655 1342 1715 possunt
1369 1643 1676 1698 defendere.
1709 1642 1762 1697 Si
1792 1643 1934 1697 enim

354 1757 496 1794 mors
523 1740 824 1806 advenerit,
859 1737 1117 1809 jacebuut
1149 1736 1316 1806 magis
1345 1736 1474 1789 muti
1502 1751 1659 1804 quam
1709 1734 1933 1804 lapides.

354 1832 465 1886 lloc
490 1832 632 1886 enim
662 1839 746 1886 est
773 1831 912 1900 quod
935 1828 1095 1884 infert
1124 1829 1307 1884 dicens
1339 1845 1352 1882 :
1376 1825 1548 1880 Exibit
1571 1827 1782 1896 spiritus
1803 1827 1933 1895 ejus,

353 1933 398 1976 et
425 1931 696 1976 revertetur
719 1922 774 1974 in
799 1931 982 1975 terram
1008 1937 1174 1975 suam.
1201 1917 1267 1972 In
1289 1918 1379 1972 illa
1407 1919 1488 1971 die
1509 1917 1739 1989 peribunt
1766 1933 1936 1970 omnes

353 2013 682 2084 cogitationes
724 2014 856 2084 ejus.
881 2012 1052 2074 Alius,
1083 2010 1355 2081 Proposita
1381 2012 1490 2082 ejus
1519 2009 1620 2080 (ὁ).
1645 2009 1797 2076 Quod
1838 2023 1936 2063 au-

357 2117 462 2160 tem
494 2105 624 2160 dicit
652 2114 738 2160 est
778 2105 1041 2173 ejusmodi
1066 2123 1079 2159 :
1110 2104 1210 2170 Qui
1238 2105 1473 2173 seipsum
1500 2119 1606 2158 non
1637 2114 1810 2176 potest
1839 2103 1936 2158 de-

356 2199 609 2265 fendere,
638 2199 907 2270 quomodo
934 2199 1128 2268 eripiet
1151 2198 1284 2251 alios
1298 2197 1322 2248 ‘l
1343 2197 1483 2251 Nihil
1513 2205 1596 2252 est
1619 2197 1762 2252 enim
1787 2211 1940 2266 teque

356 2292 626 2348 inﬁrmum
650 2302 703 2348 et
725 2293 1074 2358 imbecillum,
1107 2299 1250 2346 utea
1276 2305 1417 2360 spes.
1442 2289 1498 2344 Id
1543 2300 1720 2345 autem
1760 2301 1940 2344 osten-

356 2386 434 2440 dit
482 2386 595 2456 ipsa
645 2401 824 2440 rerum
873 2393 1080 2438 natura.
1121 2384 1190 2438 Et
1235 2383 1354 2438 ideo
1400 2382 1596 2438 Paulus
1633 2382 1701 2438 de
1745 2397 1840 2452 spe
1884 2383 1937 2436 in

358 2475 522 2530 Deum
548 2476 821 2531 disserens
859 2475 1069 2530 dicebat
1101 2492 1115 2528 :
1154 2473 1285 2545 Spes
1327 2483 1498 2528 autem
1533 2489 1636 2527 non
1673 2472 1940 2542 confundit

357 2570 531 2641 (Rom.
555 2570 608 2624 5.
637 2569 716 2637 5).

426 2659 724 2727 Principum
745 2657 967 2712 conditio
986 2656 1160 2711 eadem
1180 2671 1291 2726 qute
1313 2655 1635 2726 plebeiorum.
1653 2685 1724 2694 ——
1745 2655 1812 2708 At
1835 2670 1936 2707 non

359 2753 427 2804 ita
450 2767 508 2806 se
535 2751 729 2807 habent
746 2766 834 2806 res
854 2750 1134 2815 humanas;
1158 2748 1252 2804 sed
1273 2757 1396 2803 sunt
1421 2748 1604 2801 umbra
1628 2746 1939 2800 imbecillio-

360 2859 464 2897 res.
497 2843 575 2899 Ne
622 2843 921 2898 mihienim
970 2843 1204 2906 dixeris,
1240 2841 1335 2894 Est
1374 2841 1639 2908 princeps.
1687 2838 1939 2906 Princeps

360 2939 504 2992 enim
533 2952 640 2992 non
667 2945 752 2991 est
772 2935 1013 3006 quolibet
1049 2934 1265 2988 homine
1292 2931 1499 3000 plebeio
1542 2929 1786 2999 snperior
1816 2945 1829 2982 :
1859 2936 1941 2982 est

359 3030 501 3083 enim
528 3028 754 3098 perinde
782 3029 998 3082 incerta:
1022 3025 1365 3080 conditionis.
1400 3024 1572 3091 Atque
1592 3020 1727 3075 adeo
1748 3019 1793 3074 si
1815 3019 1939 3089 quid

360 3120 640 3176 dicendum
665 3127 744 3173 est
771 3115 1107 3179 admirabile,
1140 3124 1358 3183 propter
1387 3111 1487 3165 hoc
1509 3111 1680 3180 ipsum
1709 3110 1941 3162 maxime

359 3227 464 3267 non
493 3220 575 3265 est
603 3207 893 3270 ﬁdendum,
916 3205 1054 3276 quod
1083 3205 1152 3259 sit
1176 3205 1443 3273 princeps.
1467 3201 1602 3256 Sunt
1623 3201 1766 3255 enim
1791 3215 1938 3254 sum—

360 3316 578 3372 mopere
631 3299 820 3354 lubrici
870 3307 924 3352 et
976 3295 1263 3367 periculosi
1315 3294 1369 3348 hi
1423 3294 1768 3364 principatus.
1827 3291 1938 3345 Etsi

359 3393 538 3446 nullus
565 3391 613 3446 ei
643 3405 798 3444 casus
827 3387 1062 3452 accidat,
1093 3394 1178 3441 est
1207 3384 1272 3439 ad
1304 3385 1439 3439 iram
1471 3384 1738 3454 proclivis,
1769 3391 1824 3437 et
1848 3398 1941 3451 po-

359 3492 550 3538 testate
581 3481 648 3537 ad
673 3481 963 3550 nequitiam
994 3480 1230 3533 abutitur
1250 3519 1264 3544 ,
1297 3486 1354 3531 ut
1380 3476 1639 3531 rationem
1685 3490 1789 3528 non
1819 3474 1941 3528 red-

360 3575 568 3630 diturus
595 3573 644 3628 ei
687 3572 777 3642 qui
808 3571 1216 3642 promissionem
1249 3568 1458 3638 accepit
1483 3568 1499 3598 ¹
1536 3585 1548 3621 :
1579 3577 1633 3622 et
1673 3567 1716 3621 si
1745 3567 1942 3636 probus

360 3675 647 3736 gratusque
678 3663 857 3728 fuerit,
885 3678 950 3718 eo
985 3659 1190 3716 facilior
1217 3675 1337 3716 esse
1386 3661 1582 3730 poterit
1627 3660 1742 3728 ejus
1785 3674 1940 3713 casus

361 3773 518 3826 quam
545 3756 874 3826 privatorum
893 3796 906 3816 ,
936 3770 1042 3825 quo
1066 3763 1149 3809 est
1179 3754 1419 3823 pluribus
1459 3765 1511 3808 et
1542 3751 1833 3821 majoribus
1862 3753 1944 3805 in-

362 3847 512 3901 sidiis
539 3846 804 3900 obnoxius
834 3862 848 3898 :
873 3853 928 3898 et
950 3860 1016 3899 eo
1049 3844 1258 3900 facilius
1285 3845 1402 3914 capi
1440 3851 1495 3898 et
1523 3842 1812 3913 expugnari
1844 3858 1941 3912 po-

363 3940 508 4005 terit,
537 3953 643 4009 quo
669 3940 848 4008 plures
892 3936 1053 3992 habet
1081 3938 1441 3992 insidiatores.
1466 3935 1601 4005 Quid
1651 3938 1792 3992 enim
1838 3935 1940 3990 sibi

364 4032 548 4086 volunt
575 4032 814 4099 corporis
842 4029 1124 4084 custodes?
1151 4028 1275 4098 quid
1308 4043 1434 4083 vero
1460 4029 1623 4082 multa
1655 4026 1938 4098 praesidia?

364 4123 641 4192 Quomodo
668 4137 819 4190 ergo,
852 4122 942 4193 qui
975 4122 1026 4175 in
1066 4122 1299 4186 civitate,
1333 4136 1452 4190 qua“:
1480 4121 1633 4174 bouis
1659 4120 1867 4190 legibus
1890 4128 1942 4173 et

365 4215 621 4271 institutis
649 4217 870 4284 regitur,
899 4231 1005 4269 non
1037 4223 1119 4268 est
1144 4212 1212 4267 de
1242 4228 1468 4282 corpore
1496 4227 1736 4279 securus,
1765 4211 1858 4266 sed
1889 4212 1942 4266 in

365 4326 425 4364 ea
460 4318 705 4366 versatur
750 4319 1016 4378 tamquam
1067 4307 1119 4361 in
1170 4306 1361 4361 mediis
1412 4305 1688 4372 hostibus,
1737 4305 1820 4359 cui
1867 4313 1945 4360 tot

367 4403 722 4458 ostenduntur
747 4403 1038 4458 certamina
1068 4409 1123 4455 et
1151 4401 1417 4475 pericula,
1449 4399 1582 4452 alios
1610 4413 1825 4453 servare
1848 4415 1943 4467 pn-

368 4496 525 4550 terit?
550 4495 650 4563 Qui
675 4510 797 4549 cum
823 4495 894 4548 sit
919 4510 1040 4563 pax,
1064 4493 1278 4562 gravius
1311 4492 1492 4555 timet,
1521 4505 1679 4559 quam
1712 4491 1746 4544 ii
1771 4490 1860 4559 qui
1892 4490 1944 4544 in

369 4587 512 4642 bello
541 4597 844 4651 versantur,
875 4585 1142 4656 quomodo
1171 4584 1369 4655 poterit
1399 4583 1531 4637 alios
1560 4585 1610 4635 in
1639 4591 1750 4636 tuto
1775 4583 1944 4636 collo-

367 4693 524 4741 care,
553 4687 609 4732 et
654 4678 883 4732 liberare
918 4692 948 4729 a
988 4675 1273 4743 periculis?
1314 4675 1492 4729 Multis
1518 4685 1684 4738 certe,
1713 4675 1799 4743 qui
1849 4689 1944 4742 po-

369 4777 542 4824 terant
563 4784 656 4838 per
674 4783 734 4823 se
753 4782 940 4823 secure
965 4768 1164 4832 vivere,
1191 4767 1292 4822 hoc
1318 4767 1468 4822 exitii
1490 4781 1646 4821 causa
1671 4768 1783 4832 fuit,
1805 4767 1947 4836 quod

369 4859 564 4914 talibus
589 4857 943 4923 conﬁderint;
975 4866 1173 4912 etcum
1199 4857 1273 4911 illi
1297 4857 1633 4922 cecidissent,
1665 4855 1716 4911 hi
1739 4873 1949 4928 quoque

432 4969 450 5000 ι
484 4965 684 5016 Savilius
705 4967 753 5013 in
777 4966 995 5026 margine
1030 4971 1198 5013 textus
1229 4966 1375 5014 Graeci
1415 4964 1675 5014 lectionem
1710 4966 1951 5017 diversam

369 5030 563 5086 emittit,
577 5040 720 5089 quam
735 5029 996 5075 Gentianus
1019 5033 1257 5074 Hervetus
1275 5028 1347 5089 sic
1368 5028 1624 5089 convertit,
1649 5033 1700 5076 ut
1718 5027 1953 5078 rationem

368 5102 462 5141 non
493 5086 774 5151 redditurus
805 5100 969 5151 eorum
989 5101 1096 5148 mue
1119 5087 1304 5151 accepit
1335 5086 1396 5136 ab
1418 5087 1569 5137 initio.
1595 5090 1688 5137 sed
1711 5089 1825 5139 licet
1847 5090 1953 5140 haec

371 5151 514 5200 lectio
539 5150 747 5212 quadret
769 5149 826 5198 ad
852 5149 1053 5205 seriem,
1077 5149 1192 5212 quia
1210 5149 1580 5212 exconjectura
1604 5157 1787 5200 tantum
1809 5154 1954 5200 resti-

370 5215 540 5276 tuitur,
558 5209 660 5276 iion
683 5215 835 5276 debet
848 5212 906 5276 _in
931 5209 1120 5259 textum
1144 5209 1299 5276 induci
1321 5248 1334 5269 ,
1360 5209 1468 5259 cum
1484 5212 1701 5276 maxime
1722 5226 1785 5276 ea
1803 5252 1816 5273 ,
1839 5226 1952 5276 quae

370 5274 418 5323 In
445 5273 810 5337 exemplaribus
842 5270 1027 5337 fertur,
1053 5271 1206 5334 possit
1235 5269 1767 5337 aliquosaltemmodo
1790 5269 1950 5337 expli-

371 5337 484 5397 cgu'i.
511 5330 620 5384 Nam
647 5334 792 5397 illud,
821 5330 1127 5397 atrationém
1156 5345 1250 5397 non
1271 5330 1558 5397 redditurus
1579 5332 1624 5382 ei
1645 5333 1728 5397 qui
1751 5330 1953 5397 promis-

369 5395 550 5459 sionem
587 5394 807 5459 accepit,
849 5395 926 5443 bic
948 5394 1132 5459 dicitur
1159 5394 1233 5459 de
1264 5395 1589 5459 principibus,
1624 5394 1708 5457 qui
1742 5394 1798 5446 ad
1833 5399 1951 5447 iram

371 5456 628 5518 proclives,
645 5456 886 5518 potestate
902 5456 961 5505 ad
983 5457 1250 5519 nequitiam
1268 5456 1550 5516 abutuntur,
1565 5456 1698 5518 quasi
1716 5460 1952 5510 rationem

371 5533 468 5568 non
491 5520 728 5584 reddituri
751 5520 841 5584 iis,
868 5519 951 5580 qui
985 5519 1356 5584 promissionem
1385 5528 1712 5584 acceperunt;
1748 5521 1793 5568 id
1826 5523 1952 5584 quod

371 5583 623 5691 mouit,
646 5579 897 5642 principes
907 5579 1102 5641 quando
1124 5581 1378 5641 imperium
1406 5579 1654 5640 adierunt,
1678 5579 1952 5643 promisisse

387 5656 396 5666 ·
501 5644 582 5692 itis
603 5655 660 5691 se
689 5655 749 5688 ex
777 5655 916 5703 :equo
940 5647 992 5688 et
1013 5641 1141 5689 bono
1163 5641 1420 5703 imperium
1443 5641 1796 5694 moderatores.

434 5703 512 5770 (ᾳ)
543 5706 657 5761 Quis
675 5704 738 5752 sit
756 5703 833 5751 hic
857 5705 1102 5763 interpres
1125 5704 1388 5770 ignoratur.

377 5837 388 5846 .
439 5767 506 5836 (tr)
553 5777 635 5824 Gr.
682 5777 729 5822 αἱ
768 5777 1013 5838 «passast;
1043 5769 1210 5819 αὐτοῦ.
1237 5769 1359 5831 Quis
1392 5767 1460 5821 ita
1498 5767 1706 5822 verterit
1745 5783 1944 5834 prorsus

374 5845 668 5899 ignoramus.
1167 5845 1170 5847 ‘

1431 339 1787 422 EXPQSITIO
1827 340 1892 394 IN
1934 339 2251 398 PSALMUM
2290 343 2494 400 CXLV.

3520 349 3624 405 475

2046 468 2149 508 una
2175 465 2308 533 sunt
2324 455 2587 511 deturbati
2614 474 2626 510 :
2656 458 2774 512 aliis
2819 468 2995 514 autem
3031 457 3282 514 custodes
3328 456 3476 516 fuere
3505 475 3629 531 pro-

2040 542 2264 600 ditores.
2295 543 2389 600 His
2434 557 2612 602 tamen
2637 549 2882 604 omnibus
2921 551 3327 618 praetermissis,
3375 552 3626 620 quoniam

2041 635 2194 689 multi
2237 646 2557 704 evaserunt,
2587 637 2637 693 id
2679 641 2828 709 ponit
2852 640 3110 710 propheta
3153 639 3221 695 de
3259 656 3364 711 quo
3397 642 3626 697 dubitari

2040 739 2146 779 non
2191 735 2400 795 potest,
2431 743 2626 800 nempe
2671 741 2921 785 mortem.
2967 729 3079 785 Etsi
3119 732 3262 786 enim
3309 733 3485 787 omnia
3531 733 3628 788 tibi

2041 827 2187 872 recte
2216 822 2591 886 successerint,
2645 822 2747 876 etsi
2794 819 2884 890 sit,
2917 823 3118 893 inquit,
3164 823 3475 888 benevolus,
3506 840 3629 894 gra-

2041 917 2199 979 toque
2225 913 2422 976 animo,
2456 919 2512 965 et
2538 911 2607 965 sit
2633 912 2858 982 gratiam
2888 912 3187 982 relaturus,
3218 916 3322 968 vita
3354 916 3404 968 in
3435 916 3626 970 mediis

2039 1001 2314 1070 promissis
2343 1001 2510 1069 ﬁnita,
2540 1010 2593 1058 te
2622 1003 2674 1057 in
2705 1018 2840 1056 vana
2869 1018 2966 1073 spe
2991 1003 3213 1071 dimisit,
3246 1005 3390 1074 quod
3417 1007 3522 1058 vita
3555 1005 3623 1060 ad

2039 1092 2439 1162 exsequendum
2468 1093 2788 1163 promissum
2809 1109 2915 1149 non
2939 1093 3225 1150 suffecerit.
3251 1095 3473 1162 Quando
3495 1109 3626 1164 ergo

2039 1199 2108 1241 ne
2137 1186 2242 1239 vita
2272 1186 2487 1256 quidem
2516 1186 2564 1242 ei
2592 1186 2792 1242 sufﬁcit
2817 1187 2882 1242 ad
2915 1186 3240 1257 implendum
3276 1189 3620 1258 promissum,

2038 1275 2132 1330 sed
2162 1285 2285 1330 ante
2314 1285 2564 1332 eventum
2591 1278 2696 1332 vita
2725 1279 2840 1348 ejus
2883 1278 3309 1345 interrumpitur,
3352 1279 3417 1332 ad
3449 1279 3623 1333 imbe-

2039 1366 2219 1420 cillum
2258 1376 2313 1422 et
2360 1368 2651 1422 invalidum
2697 1369 2940 1440 confugis
2976 1369 3254 1423 auxilium.
3286 1371 3368 1424 An
3408 1372 3626 1426 nescitis

2041 1457 2144 1511 hoc
2171 1457 2354 1512 multis
2397 1460 2684 1517 accidisse.
2715 1471 2912 1515 etcum
2951 1461 3234 1516 cecidisset
3274 1462 3504 1532 adjutnr,
3533 1463 3628 1518 de-

2040 1548 2252 1603 fensore
2280 1549 2529 1617 nudatos,
2561 1567 2627 1606 ex
2652 1566 2717 1606 eo
2747 1553 2910 1608 fuisse
2939 1553 3106 1622 magis
3131 1551 3410 1623 dejeetos?
3431 1553 3628 1620 Quam.-

2039 1658 2196 1712 quam
2225 1643 2352 1713 quid
2398 1643 2521 1698 dico
2550 1659 2737 1701 eorum
2782 1645 3044 1715 promissa
3088 1660 3408 1702 evanescere
3446 1655 3501 1702 et
3541 1647 3628 1701 in-

2042 1735 2224 1803 terire,
2249 1750 2373 1790 cum
2402 1752 2469 1792 ne
2496 1736 2610 1806 ipse
2635 1735 2850 1808 quidem
2880 1752 3068 1792 eorum
3089 1737 3341 1793 dominus
3361 1747 3415 1793 et
3441 1747 3629 1793 auctor

2041 1827 2297 1881 maneat?
2323 1828 2619 1882 Revertetur
2643 1830 2788 1884 enim
2810 1870 2826 1896 ,
2853 1830 3062 1899 inquit,
3090 1831 3142 1884 in
3169 1838 3354 1884 terram
3379 1848 3544 1886 suam.
3570 1831 3628 1888 Si

2041 1919 2133 1974 ille
2171 1928 2352 1975 autem
2383 1921 2575 1990 periit,
2607 1922 2777 1976 multo
2805 1923 2970 1993 magis
3005 1922 3122 1981 hinc
3142 1939 3372 1994 quoque.
3412 1924 3480 1979 Et
3506 1923 3630 1980 ideo

2042 2012 2349 2082 subjuuxit:
2384 2012 2628 2069 Peribunt
2654 2017 2706 2069 in
2727 2016 2808 2070 die
2831 2014 2923 2068 illa
2948 2032 3120 2071 onmes
3140 2017 3463 2087 cogitationes
3485 2018 3591 2088 ejus
3609 2033 3628 2071 :

2040 2103 2331 2160 ostendens
2355 2120 2460 2158 non
2481 2105 2651 2159 solum
2674 2107 2938 2177 promissa
2967 2121 3074 2161 non
3099 2121 3220 2162 esse
3245 2106 3490 2162 effectum
3513 2123 3629 2163 sor.

2043 2197 2200 2251 titura
2222 2238 2237 2262 ,
2264 2197 2356 2251 sed
2390 2213 2512 2251 eum
2540 2198 2701 2252 etiam
2731 2199 2820 2268 qui
2855 2198 3117 2268 promittit
3143 2197 3460 2268 periturum.
3490 2199 3628 2268 Quid

2041 2304 2171 2360 ergo
2193 2289 2447 2360 deinceps
2477 2290 2638 2345 facit?
2659 2291 2945 2362 Postquam
2967 2306 2998 2345 a
3020 2306 3115 2361 spe
3132 2289 3361 2346 humana
3387 2291 3627 2356 abduxit,

2041 2381 2276 2436 ostendit
2313 2380 2567 2452 deinceps
2611 2390 2778 2436 tutum
2831 2392 3066 2452 portum,
3096 2390 3152 2437 et
3176 2397 3354 2438 arcem
3400 2383 3630 2451 inexpu—

2041 2473 2338 2543 gnabilem,
2367 2481 2422 2527 et
2453 2473 2700 2528 consulit.
2732 2473 2830 2528 Hic
2873 2483 2958 2529 est
2979 2473 3124 2529 enim
3164 2475 3400 2545 optimus
3441 2475 3630 2532 modus

2041 2563 2334 2628 suasionis,
2377 2563 2642 2620 abducere
2685 2563 2752 2619 ab
2778 2563 3091 2634 imbecillis,
3123 2574 3178 2620 et
3221 2565 3288 2621 ad
3327 2565 3502 2622 valida
3533 2567 3628 2622 de-

2042 2655 2268 2722 ducere;
2300 2672 2418 2725 quae
2443 2672 2576 2711 vana
2603 2666 2729 2712 sunt
2771 2657 3069 2726 destruere,
3102 2643 3314 2729 et'qum
3344 2675 3491 2725 vera,
3521 2669 3628 2715 sta-

2042 2747 2202 2803 bilire
2227 2766 2240 2802 :
2269 2747 2518 2804 refellere
2544 2765 2662 2818 qua:
2687 2748 2980 2819 decipiunt,
3007 2760 3062 2803 et
3090 2765 3208 2818 qua:
3227 2751 3422 2819 juvant
3447 2758 3628 2805 osten-

2041 2837 2194 2893 dere.
2218 2840 2270 2894 5.
2292 2837 2500 2906 Beatus,
2524 2841 2667 2907 cuius
2690 2838 2828 2894 Deus
2845 2839 3006 2893 Jacob
3017 2841 3498 2914 adjutorejus,spes
3519 2843 3628 2911 ejus

2042 2932 2094 2986 in
2113 2932 2329 2987 Domino
2352 2932 2460 2987 Deo
2484 2933 2667 3003 ipsius.
2693 2933 2877 2988 Vidisti
2897 2933 3106 3003 copiam
3125 2934 3331 2988 consilii
3361 2942 3415 2988 et
3433 2933 3628 2987 adhor-

2045 3024 2300 3078 tationis?
2346 3024 2573 3092 Quando
2623 3031 2799 3078 autem
2849 3022 2980 3078 dicit
3029 3022 3447 3086 beatitudinem,
3501 3023 3627 3078 dicit

2043 3116 2222 3170 omnia
2250 3116 2413 3181 bona,
2455 3127 2509 3171 et
2535 3115 2768 3170 ostendit
2797 3116 2911 3187 spei
2939 3117 3304 3170 securitatem.
3341 3112 3626 3185 Postquam

2042 3224 2169 3279 ergo
2216 3208 2430 3263 beatum
2473 3209 2612 3262 dixit
2655 3223 2775 3262 eum
2821 3207 2912 3277 qui
2956 3215 3136 3276 sperat
3161 3207 3213 3261 in
3260 3207 3469 3276 ipsum,
3502 3207 3630 3261 dicit

2042 3299 2295 3368 deinceps
2319 3298 2606 3368 petentium
2631 3297 2908 3366 adjutoris,
2933 3297 3223 3352 ostendens
3251 3297 3393 3352 illum
3413 3297 3628 3367 quidem

2043 3404 2164 3446 esse
2212 3390 2514 3453 hominem,
2563 3389 2704 3443 hunc
2743 3403 2872 3443 vero
2914 3388 3080 3443 Deum
3124 3407 3136 3442 :
3183 3389 3327 3442 illum
3372 3388 3628 3455 interire,

2045 3484 2185 3538 hunc
2215 3499 2530 3554 permanere
2562 3501 2574 3535 :
2609 3498 2713 3537 non
2745 3498 2864 3537 eum
2898 3491 3078 3537 autem
3116 3483 3311 3547 solum,
3342 3481 3435 3537 sed
3463 3482 3628 3536 etiam

2044 3575 2160 3647 ejus
2187 3590 2372 3646 opera.
2402 3574 2471 3629 Et
2499 3575 2618 3630 ideo
2644 3576 2722 3629 sic
2748 3575 3022 3643 subjunxil.
3051 3590 3066 3628 :
3091 3576 3144 3629 6.
3180 3575 3282 3642 Qui
3311 3575 3426 3645 fecit
3449 3575 3630 3629 malum

2043 3678 2090 3722 et
2123 3678 2327 3734 terram,
2356 3684 2495 3723 mare
2523 3677 2567 3723 et
2593 3669 2761 3720 omnia
2789 3683 2900 3736 qua:
2921 3667 2973 3720 in
2999 3668 3069 3720 eis
3094 3677 3232 3720 sunt.

2113 3756 2170 3812 2.
2194 3757 2345 3826 Quod
2377 3759 2422 3812 si
2459 3756 2575 3828 ejus
2605 3767 2731 3812 sunt
2761 3773 2923 3829 opera
2951 3757 3218 3827 perennia,
3251 3757 3417 3811 multo
3444 3757 3618 3826 magis

2044 3850 2161 3921 ipse
2186 3859 2269 3905 est
2293 3859 2348 3906 et
2375 3851 2625 3921 perennis
2655 3859 2709 3906 et
2737 3860 2949 3921 potens.
2999 3850 3150 3918 Quod
3183 3851 3303 3904 talis
3328 3851 3415 3913 sit,
3444 3859 3628 3904 osten-

2044 3941 2176 3996 dunt
2202 3957 2262 3997 ea
2292 3957 2412 4012 qua:
2457 3941 2525 3998 ab
2568 3957 2633 3997 eo
2679 3943 2819 3996 facta
2855 3948 2978 3996 sunt
3005 3942 3119 4011 ejus
3148 3943 3307 3995 vires.
3343 3941 3479 4009 Quid
3510 3949 3624 3997 tum

2043 4043 2221 4088 autem
2246 4034 2291 4088 si
2312 4043 2395 4090 est
2420 4043 2476 4090 et
2501 4035 2769 4105 perennis,
2798 4043 2853 4090 et
2878 4043 3104 4105 potens;
3131 4050 3237 4089 non
3267 4036 3377 4090 vult
3405 4046 3582 4091 autem
3607 4036 3634 4088 τ

2046 4124 2198 4180 Multi
2224 4125 2365 4180 enim
2389 4126 2533 4182 stulti
2562 4125 2678 4181 haec
2707 4127 2908 4182 dicunt.
2939 4125 3044 4182 Sed
3065 4125 3188 4181 vide
3211 4128 3480 4197 quomodo
3497 4126 3634 4182 hanc

2044 4233 2256 4288 quoque
2281 4219 2456 4273 aufert
2482 4219 2861 4288 suspicionem.
2899 4216 3030 4274 Cum
3057 4220 3198 4274 enim
3227 4219 3486 4284 dixisset,
3523 4219 3627 4287 Qui

2047 4309 2164 4380 fecit
2195 4309 2376 4362 malum
2400 4318 2447 4363 et
2470 4320 2682 4374 terram,
2716 4327 2856 4363 mare
2879 4323 2924 4365 et
2959 4311 3127 4365 omnia
3151 4327 3264 4376 qua:
3300 4311 3353 4364 in
3381 4311 3449 4365 eis
3475 4321 3590 4365 sunt
3614 4353 3630 4378 ,

2048 4401 2321 4470 subjunxit
2350 4418 2363 4454 :
2399 4402 2452 4456 7.
2482 4401 2581 4470 Qui
2609 4404 2826 4456 custodit
2849 4406 3104 4458 ueritatem
3131 4405 3182 4458 in
3210 4406 3473 4471 swculum,
3512 4406 3635 4476 facit

2040 4494 2295 4565 judicium
2326 4494 2573 4562 injuriam
2598 4495 2916 4564 patientibus.
2949 4494 3102 4562 Quod
3145 4505 3319 4551 autem
3355 4495 3517 4562 dicit,
3548 4505 3636 4550 est

2049 4585 2306 4654 ejusmodi
2336 4602 2350 4639 :
2381 4585 2492 4641 Hoc
2520 4595 2602 4640 est
2625 4587 2742 4656 ejus
2769 4602 2982 4652 munus,
3012 4587 3115 4642 hoc
3143 4595 3227 4643 est
3251 4588 3301 4643 ei
3331 4587 3591 4643 familiare
3615 4630 3632 4657 ,

2052 4677 2155 4731 hoc
2182 4684 2266 4731 est
2315 4677 2545 4731 maxime
2579 4678 2672 4732 Dei
2720 4678 3034 4750 preprium‘,
3063 4694 3172 4734 non
3218 4678 3495 4749 despicere
3542 4693 3638 4734 eos

2051 4766 2245 4837 quibus
2271 4765 2330 4821 ﬁt
2357 4766 2570 4836 injuria,
2600 4783 2704 4820 non
2738 4782 2832 4821 eos
2859 4771 3205 4838 contemptim
3235 4769 3530 4839 praiterire,
3546 4770 3638 4840 qui

2052 4869 2141 4911 aut
2168 4857 2347 4927 probri
2374 4867 2464 4912 aut
2491 4857 2670 4912 damni
2692 4858 2894 4928 aliquid
2921 4860 3222 4928 accipiunt:
3257 4875 3472 4915 manum
3500 4875 3639 4932 prte-

2054 4951 2182 5006 bere
2234 4951 2296 5005 iis
2342 4950 2534 5019 quibus
2584 4949 2871 5005 tenduntur
2900 4950 3105 5006 insidiae
3139 4951 3338 5023 :idque
3367 4953 3419 5007 in
3445 4966 3640 5024 perpe-

2054 5049 2224 5095 tuum.
2262 5040 2329 5094 Et
2354 5039 2475 5095 ideo
2511 5040 2680 5106 dixit,
2710 5040 2777 5094 In
2817 5042 3079 5108 swculum,
3134 5041 3239 5098 hoc
3291 5044 3638 5114 signiﬁcans:

2054 5150 2160 5189 non
2193 5134 2293 5189 hoc
2331 5143 2512 5190 autem
2564 5137 2766 5200 solum,
2811 5136 2902 5190 sed
2933 5135 2983 5190 id
3021 5137 3179 5190 etiam
3209 5137 3349 5207 quod
3389 5137 3641 5207 deinceps

2054 5226 2312 5296 sequitur,
2343 5226 2444 5294 Qui
2469 5227 2556 5280 dat
2605 5242 2766 5280 escam
2811 5227 3157 5281 esurientibus.
3187 5227 3239 5280 7.
3263 5227 3514 5282 Dominus
3534 5227 3640 5281 sol-

2054 5321 2123 5371 vit
2147 5319 2471 5390 compeditos,
2497 5319 2548 5374 8.
2567 5317 2820 5372 Dominus
2847 5319 3095 5387 sapientes
3120 5320 3242 5389 facit
3269 5336 3447 5386 ccecos,
3467 5319 3636 5384 Alius,

2057 5409 2443 5480 Illuininat(a).
2492 5411 2744 5464 Dominus
2791 5412 2938 5481 erigit
2984 5411 3153 5464 elisos.
3197 5409 3448 5465 Dominus
3473 5410 3642 5482 diligit

2048 5507 2239 5576 justas.
2289 5505 2344 5561 9.
2391 5505 2638 5559 Dominus
2667 5505 2884 5559 custodit
2925 5505 3182 5569 advenas;
3210 5505 3466 5574 pupillum
3489 5513 3535 5558 et
3562 5506 3641 5558 vi-

2061 5599 2215 5651 duam
2240 5598 2498 5667 suscipiet,
2526 5605 2573 5652 et
2603 5597 2738 5651 viam
2780 5605 3100 5668 peccatorum
3145 5596 3420 5667 disperdet.
3447 5593 3639 5652 Vidisti

2124 5731 2195 5794 (α)
2229 5733 2341 5798 Quis
2362 5731 2426 5781 sit
2449 5731 2527 5781 hic
2549 5732 2795 5798 interpres
2817 5745 2911 5780 non
2928 5730 3128 5798 dicitur,
3154 5731 3290 5798 illum
3312 5745 3434 5798 vero
3447 5738 3641 5798 sequuti

2124 5745 2195 5794 (α)
2229 5745 2341 5790 ρωε
2362 5745 2426 5781 sn
2451 5745 2527 5781 mc
2549 5745 2678 5781 inter
2697 5745 2795 5780 ires
2817 5745 2911 5780 non
2935 5745 3128 5792 dicitur,
3154 5745 3290 5792 nium
3312 5745 3550 5798 veroseq:

2062 5803 2176 5846 sunt
2198 5795 2514 5857 Hieronymus
2537 5799 2590 5845 et
2611 5745 2834 5857 Vuigata,
2857 5795 2940 5858 qui
2964 5795 3172 5859 habent,
3199 5794 3457 5851 illuminat.
3543 5795 3550 5799 “
