4070 6340
461 501 729 575 quomodo
764 497 1060 556 ostenderit
1082 495 1198 568 ejus
1221 495 1608 566 providentiam
1647 506 1766 547 esse
1804 505 1900 561 per
1923 503 2043 542 om-

464 596 552 650 nia
584 603 882 655 extensam,
913 600 967 646 et
990 590 1108 660 ejus
1133 604 1253 648 esse
1286 597 1485 656 partes,
1510 583 1763 654 expedire
1782 597 1809 635 a
1827 581 2046 636 calami-

462 686 680 750 tatibus,
714 683 835 738 fami
863 682 1055 738 alferre
1093 680 1387 736 remedium
1412 719 1426 742 ,
1459 677 1685 731 liberare
1727 689 1758 730 e
1798 673 2042 728 vinculis.

461 777 571 834 Sed
595 777 710 831 haec
740 775 954 847 quidem
977 783 1201 844 possunt
1220 774 1380 828 etiam
1407 770 1582 841 aliqua
1605 785 1670 823 ex
1696 776 1847 838 parte
1875 765 2049 821 homi-

464 884 561 925 nes
604 884 769 939 :qua:
817 877 996 922 autem
1040 865 1292 935 deinceps
1332 871 1660 934 sequuntur,
1707 875 1811 914 non
1841 859 2042 914 itidem.

461 959 616 1029 Quod
643 961 784 1016 enim
829 959 882 1014 in
928 967 1116 1013 natura
1160 966 1245 1012 est
1295 971 1564 1022 mancum,
1607 954 1866 1024 corrigit:
1893 952 2049 1022 erigit

462 1053 664 1124 lapsos,
695 1067 789 1107 eos
825 1051 915 1120 qui
947 1051 1138 1105 virtute
1161 1049 1291 1104 clari
1314 1057 1456 1114 sunt,
1488 1047 1812 1102 laudatzeos
1839 1047 1929 1116 qui
1955 1061 2049 1116 pa-

461 1145 688 1200 trocinio
712 1149 916 1210 carent,
948 1149 1226 1209 servat,â€˜et
1252 1155 1345 1196 cos
1369 1139 1461 1210 qui
1485 1139 1766 1194 orbitatem
1788 1153 1852 1194 ac
1872 1137 2050 1194 vidui-

460 1244 624 1291 tatem
647 1250 788 1305 aegre
807 1232 1007 1296 ferunt.
1033 1233 1344 1290 consolatur
1367 1239 1420 1288 et
1445 1239 1668 1287 recreat.
1691 1231 1891 1287 Deinde
1910 1246 2045 1300 quo-

461 1327 603 1381 niam
658 1327 812 1389 dixit,
841 1325 1024 1397 Diligit
1061 1326 1251 1396 justas,
1275 1323 1506 1378 ostendit
1528 1338 1650 1379 eum
1681 1323 1863 1378 multis
1887 1339 2043 1395 opem

463 1420 648 1473 tulisse
676 1427 897 1488 propter
922 1417 1089 1472 solam
1123 1416 1502 1471 calamitatem.
1531 1415 1675 1484 Quos
1696 1417 1836 1472 enim
1859 1417 2042 1486 nutrit,

461 1511 627 1566 nutrit
653 1525 718 1565 eo
742 1509 882 1580 quod
912 1509 1169 1574 esuriant,
1200 1507 1342 1578 quod
1372 1508 1586 1578 quidem
1615 1524 1721 1564 non
1765 1517 1848 1562 est
1877 1507 2045 1562 virtu-

459 1604 566 1678 tis:
595 1613 646 1659 et
671 1617 767 1658 eos
785 1601 876 1672 qui
909 1601 1074 1657 vincti
1104 1608 1264 1665 sunt,
1287 1599 1520 1656 absolvit
1549 1610 1766 1671 propter
1792 1599 1999 1655 vincula
2025 1618 2040 1666 ;

458 1693 555 1751 sed
597 1709 772 1764 neque
824 1693 927 1748 hoc
961 1701 1047 1748 est
1070 1693 1319 1762 virtutis,
1357 1691 1450 1748 sed
1494 1691 1829 1747 calamitatis.
1883 1692 2044 1760 Quiu-

456 1787 618 1841 etiam
641 1786 902 1840 illuminat
927 1798 1098 1842 czeeos
1125 1795 1338 1855 propter
1357 1785 1649 1840 caecitatem
1681 1801 1695 1839 :
1720 1798 1890 1854 neque
1915 1797 2043 1839 vero

458 1888 610 1934 recte
641 1877 902 1933 factorum
940 1885 1024 1933 est
1051 1876 1175 1944 hoc,
1207 1893 1393 1932 verum
1422 1877 1761 1933 calamitatis.
1786 1877 1859 1932 Ita
1880 1877 2040 1934 etiam

457 1969 647 2026 elisum
675 1984 815 2036 esse,
843 1969 1102 2026 advenam
1129 2011 1144 2038 ,
1169 1969 1448 2041 pupillum,
1476 1979 1530 2025 et
1555 1971 1788 2026 viduam.
1816 1969 1968 2037 Quod
1995 1970 2040 2025 si

457 2076 553 2118 eos
576 2061 826 2133 adjuvat,
863 2061 954 2133 qui
981 2072 1106 2118 sunt
1135 2062 1187 2117 in
1216 2063 1605 2119 calamitatibus
1629 2081 1644 2118 :
1676 2062 1844 2119 multo
1870 2065 2040 2135 magis

457 2167 552 2209 eos
575 2153 666 2223 qui
694 2153 910 2209 student
933 2152 1136 2208 virtuti.
1159 2152 1296 2208 Cum
1323 2167 1450 2224 ergo
1491 2163 1546 2210 et
1593 2155 1760 2224 possit
1784 2165 1838 2210 et
1863 2156 1990 2211 velit
2021 2199 2036 2222 ,

454 2253 510 2299 et
557 2243 667 2298 sint
711 2244 853 2314 apud
893 2243 1061 2300 Deum
1117 2245 1297 2299 omnia
1337 2253 1628 2315 perpetua,
1683 2259 1746 2301 ac
1788 2247 2036 2301 virtutem

451 2335 707 2404 suscipiat
734 2335 1156 2406 misereaturque
1185 2345 1402 2407 propter
1429 2336 1756 2392 calamitates
1779 2352 1794 2391 :
1817 2353 1913 2394 cur
1932 2353 2038 2394 non

453 2426 681 2482 dimittis
703 2443 826 2482 eum
859 2429 948 2498 qui
981 2429 1137 2499 perit,
1169 2443 1293 2483 eum
1323 2429 1413 2500 qui
1454 2439 1537 2484 est
1584 2430 1916 2499 imbecillus,
1944 2434 2039 2501 qui

453 2528 537 2574 est
584 2518 824 2574 interitui
859 2527 915 2575 et
951 2520 1114 2575 morti
1159 2520 1443 2587 obnoxius,
1476 2531 1531 2576 et
1555 2519 1795 2592 confugis
1816 2521 1882 2576 ad
1912 2537 2034 2577 eum

452 2609 542 2679 qui
570 2618 654 2664 est
682 2609 831 2666 fortis
866 2619 921 2666 et
968 2610 1394 2681 inexpugnabilis
1417 2652 1433 2678 ,
1481 2612 1572 2682 qui
1611 2627 1717 2666 non
1751 2615 2039 2683 exprobrat

456 2701 807 2767 calamitates,
849 2701 944 2757 sed
966 2701 1044 2757 eis
1065 2702 1220 2757 affert
1247 2703 1562 2769 remedium,
1589 2704 1679 2774 qui
1706 2704 1884 2758 omnia
1918 2721 2038 2775 quae

454 2794 566 2848 vult
586 2793 804 2863 poteSt?
842 2793 1136 2849 Considera
1167 2802 1346 2849 autem
1371 2804 1672 2851 extremum
1696 2811 1855 2867 quam
1879 2811 2037 2852 accu.

453 2893 570 2940 rate
595 2884 810 2940 dixerit.
836 2884 952 2939 Non
982 2884 1118 2940 dixit
1143 2886 1313 2956 enim,
1362 2885 1646 2957 Disperdet
1686 2897 2032 2960 peccatores,

451 2984 547 3040 sed
583 2982 725 3040 viam
757 2986 1017 3054 ipsorum,
1045 2983 1149 3041 hoc
1175 2991 1260 3040 est
1284 3026 1302 3051 ,
1347 2999 1531 3042 eorum
1585 2987 1874 3041 actionem.
1918 2986 2034 3043 Non

449 3081 594 3135 enim
629 3093 906 3140 aversatur
935 3094 1204 3149 naturam,
1238 3085 1335 3141 sed
1361 3086 1485 3140 odio
1507 3086 1669 3143 habet
1691 3087 1895 3143 vitium.
1928 3085 2035 3142 Rc-

448 3174 622 3244 gnabit
645 3173 896 3232 Dominus
909 3178 963 3232 in
977 3180 1183 3246 swcula,
1210 3177 1351 3234 Deus
1367 3189 1500 3245 tuus,
1522 3180 1670 3244 Sion,
1688 3179 1740 3234 in
1756 3181 2036 3252 generatio-

447 3281 562 3320 nem
577 3275 627 3321 et
649 3270 1038 3338 generationem.
1069 3269 1222 3338 Quod
1241 3280 1420 3326 autem
1448 3280 1628 3341 regnet
1659 3283 1916 3341 perpetuo
1933 3311 1952 3338 ,
1979 3281 2038 3327 et

452 3357 505 3411 iit
532 3365 793 3413 atemum
822 3370 1150 3429 permaneat,
1176 3364 1396 3418 minime
1421 3373 1502 3416 est
1522 3363 1870 3418 dubitandum
1903 3381 1916 3416 :
1940 3363 2032 3419 scd

450 3458 502 3502 et
529 3447 577 3504 si
599 3449 685 3504 hic
705 3465 812 3504 non
839 3451 1048 3507 dederit
1076 3455 1583 3520 remunerationem,
1613 3470 1733 3509 eam
1767 3463 1944 3510 servat
1967 3455 2033 3509 ad

449 3543 671 3612 majora.
693 3543 772 3600 Ne
796 3560 923 3615 ergo
948 3547 1331 3603 conturbemur
1360 3549 1412 3603 in
1441 3549 1841 3616 tentationibus,
1864 3550 1909 3603 si
1926 3563 2033 3603 non

447 3651 478 3687 e
499 3635 722 3705 vestigio
749 3647 1001 3707 sequatur
1028 3640 1256 3694 solutio:
1288 3641 1382 3696 sed
1409 3641 1636 3696 Domino
1663 3641 2035 3711 permittamus

451 3737 658 3798 tempus
683 3731 964 3786 solutionis
992 3748 1006 3786 :
1045 3749 1145 3789 nec
1173 3735 1216 3790 si
1249 3735 1372 3805 quid
1403 3734 1529 3790 boni
1574 3735 1856 3791 fecerimus
1876 3779 1890 3800 ,
1917 3746 2032 3792 sta-

449 3820 543 3875 tim
569 3830 811 3891 petamus
853 3827 1338 3897 remunerationem
1363 3869 1379 3896 ,
1412 3827 1504 3884 sed
1545 3830 1661 3898 ejus
1701 3829 2033 3885 voluntatem

448 3925 632 3984 rursus
690 3913 876 3969 itidem
920 3925 1338 3986 exspectemus:
1369 3919 1582 3989 quando
1627 3921 1768 3976 enim
1810 3921 1986 3976 dilfert
2012 3962 2030 3990 ,

452 4014 824 4060 remuneratur
857 4006 1072 4063 uberius
1097 4019 1152 4063 et
1173 4010 1413 4079 plenius;
1443 4021 1498 4066 et
1525 4011 1577 4066 in
1611 4012 1859 4068 omnibus
1907 4029 2031 4086 gra-

451 4095 549 4149 tias
575 4110 815 4166 agamus,
845 4107 898 4153 et
931 4114 1056 4154 eum
1093 4101 1310 4157 laudare
1335 4118 1641 4173 pergamus.
1687 4103 1760 4160 Ita
1799 4107 1942 4161 enim
1979 4115 2035 4161 et

448 4196 772 4255 prtesentem
797 4190 956 4244 vitam
985 4207 1204 4262 agemus
1251 4194 1613 4264 securissime,
1653 4207 1708 4253 et
1731 4213 2030 4270 conseque-

451 4293 571 4333 mur
609 4279 749 4335 bona
795 4281 1106 4352 ineï¬‚'abilia,
1133 4288 1304 4355 gratia
1345 4297 1403 4344 et
1431 4289 1792 4347 misericordia
1823 4293 2032 4349 Domini

449 4373 615 4425 nostri
644 4371 772 4428 Jesu
800 4373 1016 4442 Christi,
1045 4377 1129 4432 cui
1157 4378 1322 4448 gloria
1349 4391 1406 4436 et
1433 4381 1712 4452 imperium
1735 4399 1857 4440 cum
1885 4386 2034 4455 prin-

446 4462 571 4530 cipii
603 4474 824 4535 experte
868 4467 985 4538 ejus
1026 4467 1184 4524 Patre
1209 4481 1260 4524 et
1289 4472 1498 4529 vivilico
1542 4474 1744 4546 Spiritu
1767 4517 1784 4544 ,
1815 4493 1954 4534 nunc
1979 4488 2036 4534 et

447 4569 684 4628 semper,
704 4557 839 4614 etin
864 4560 1061 4616 saecula
1092 4564 1431 4620 saeculorum.
1458 4568 1651 4625 Amen.

892 4736 960 4792 IN
991 4739 1312 4798 PSALMUM
1334 4743 1559 4802 CXLVI.

524 4889 573 4942 1.
592 4887 822 4947 Laudate
850 4893 1144 4966 Dominum,
1166 4901 1404 4970 quoniam
1433 4903 1594 4958 bonus
1618 4915 1690 4958 est
1712 4903 1972 4961 Psalmus.

521 5065 573 5119 1.
617 5064 875 5136 Superius
921 5071 1138 5141 quidem
1187 5074 1242 5128 in
1285 5078 1580 5131 centesimo
1625 5079 2034 5151 quadragesimo

451 5165 642 5226 quarto
691 5158 902 5216 Psalmo
947 5162 1114 5230 dixit,
1145 5164 1366 5236 Magnus
1412 5166 1661 5222 Dominus
1686 5178 1734 5223 et
1764 5170 2034 5227 laudabilis

449 5251 638 5324 oalde(
667 5269 714 5308 Ï….
745 5255 824 5324 5),
857 5263 912 5310 et
937 5258 1102 5312 multa
1126 5259 1234 5316 illic
1251 5261 1318 5314 de
1337 5259 1506 5330 gloria
1527 5261 1807 5317 disseruit:
1833 5263 1918 5319 hic
1941 5280 2037 5319 au-

447 5353 556 5400 tem
585 5346 818 5401 ostendit
867 5348 1037 5418 ipsum
1073 5351 1231 5405 etiam
1281 5352 1498 5409 laudare
1543 5354 1740 5409 bonum
1796 5369 1952 5422 esse,
1981 5363 2037 5412 et

447 5436 712 5507 psalmum
729 5455 850 5495 esse
862 5454 1077 5498 causam
1107 5443 1369 5499 bonorum
1391 5444 1875 5503 innumerabilium.
1889 5446 2037 5502 Men-

454 5540 562 5584 tem
588 5531 730 5586 enim
752 5548 783 5588 a
811 5541 950 5589 terra
979 5535 1212 5600 abducit,
1247 5537 1592 5608 animumque
1615 5539 1772 5609 erigit
1794 5547 1851 5594 et
1873 5539 1927 5594 in
1951 5539 2035 5594 al-

452 5632 564 5678 tum
588 5626 785 5692 evehit,
820 5626 1070 5698 levesque
1099 5637 1153 5683 et
1181 5628 1440 5687 sublimes
1469 5629 1653 5686 efficit.
1673 5632 1740 5687 Et
1771 5631 1890 5688 ideo
1910 5632 2039 5689 dicit

454 5713 656 5774 Paulus
677 5758 694 5784 ,
715 5718 962 5776 Canentes
989 5729 1037 5777 et
1063 5722 1336 5791 psallentes
1361 5723 1417 5778 in
1452 5724 1691 5780 cordibus
1723 5726 1899 5780 vestris
1926 5725 2035 5779 Do-

459 5810 616 5864 mino.
651 5809 757 5866 Dco
784 5821 954 5876 nostra
971 5814 1208 5884 jucunda
1239 5816 1304 5869 sit
1328 5815 1554 5871 laudatio
1581 5814 1878 5886 (Ephes.5.
1917 5816 2030 5888 l9).

1235 381 1301 436 s.
1331 377 1610 453 JosNNts
1645 366 2124 431 cnnvsosrout
2162 355 2476 430 AttCiilEP.
2514 375 3050 436 CONSTANTINOP.

3635 377 3738 436 I76

2154 484 2327 554 Alius,
2357 488 2598 557 Alleluia,
2630 491 2867 562 quoniam
2893 493 3076 547 bonum
3111 501 3184 548 est
3215 493 3467 549 canticum
3499 493 3605 551 Deo
3635 497 3735 566 (a).

2151 580 2289 647 Quid
2315 589 2416 647 est,
2448 580 2558 637 Deo
2578 593 2747 639 nostra
2758 587 2996 656 jucunda
3023 587 3087 640 sit
3116 586 3342 641 laudatio
3368 589 3394 642 Î¡
3417 589 3518 656 Sit,
3545 591 3736 662 inquit,

2153 682 2390 742 accepta.
2420 673 2536 730 Non
2581 676 2712 732 satis
2738 687 2820 732 est
2858 677 3001 733 enim
3032 679 3397 734 tantummodo
3424 695 3646 747 canere,
3679 692 3738 738 ut

2152 765 2222 820 sit
2245 765 2350 820 Deo
2365 766 2599 836 jucunda
2630 768 2884 834 laudatio,
2912 769 3007 825 sed
3033 785 3167 841 opus
3192 781 3276 826 est
3302 781 3358 827 et
3382 772 3509 837 vita,
3538 781 3592 828 et
3611 789 3734 844 pre-

2153 859 2385 927 catione,
2413 869 2467 914 et
2493 870 2740 916 accurata
2770 863 3062 918 attentione
3089 864 3347 919 canentis.
3399 863 3528 919 Mihi
3555 873 3734 922 autem

2150 951 2360 1011 videtur
2402 952 2489 1008 hic
2513 953 2754 1010 Psalmus
2780 969 2900 1010 esse
2928 956 3535 1013 reversionis.0$tendit
3554 969 3732 1014 autem

2152 1043 2202 1096 id
2231 1058 2324 1111 per
2348 1043 2449 1098 hoc
2473 1045 2613 1112 quod
2641 1046 2933 1118 sulijungit,
2964 1048 3149 1104 dicens
3183 1069 3196 1104 :
3223 1051 3278 1104 Ï„Îµ.
3324 1048 3618 1119 á½·Î•á½±á½¶Î²ÎµÎ±Î·Îµ
3644 1051 3737 1108 1câ€”

2163 1130 2392 1184 rusalem
2419 1130 2710 1197 Dominus;
2747 1133 3099 1200 dtspcrsroncs
3152 1137 3330 1189 Israel
3371 1142 3723 1207 congregant.

2160 1216 2276 1274 Etsi
2300 1222 2443 1274 enim
2473 1235 2568 1276 eos
2590 1219 2796 1275 dimisit
2819 1219 3016 1292 Cyrus,
3048 1236 3155 1276 non
3188 1238 3254 1277 ex
3285 1222 3431 1277 illius
3461 1228 3726 1280 sententia

2160 1312 2256 1366 sed
2286 1327 2350 1367 ex
2379 1311 2473 1367 Dei
2503 1328 2604 1383 ope
2627 1321 2800 1367 totum
2844 1314 2945 1368 hoe
2976 1313 3275 1384 profectum
3318 1325 3422 1370 cst.
3455 1318 3605 1374 Alius
3629 1335 3726 1373 au-

2157 1412 2260 1458 tem
2295 1403 2559 1472 interpres
2582 1446 2594 1466 ,
2638 1421 2734 1475 pro
2777 1421 2845 1460 eo
2873 1406 3017 1475 quod
3056 1397 3536 1476 Îµá½²á½¶Î¾á¼˜á½±á½²Î²ÎµÎ±Î·Îµ,
3571 1411 3723 1476 dixit,

2154 1492 2467 1564 .Ediï¬cabit
2479 1514 2498 1561 ;
2523 1495 2886 1566 Dispersiones
2906 1514 3052 1565 vero,
3077 1499 3336 1568 Expulsos
3361 1502 3455 1572 (á½).
3475 1500 3719 1568 Quanam

2154 1586 2222 1643 de
2248 1589 2449 1644 causa?
2477 1588 2743 1655 Quoniam
2775 1606 2882 1646 non
2912 1606 3102 1648 omnes
3132 1593 3294 1648 simul
3331 1593 3535 1649 reducti
3573 1602 3721 1658 sunt,

2154 1681 2249 1738 sed
2279 1691 2401 1752 post
2429 1685 2790 1741 reversionem
2819 1687 3077 1756 paulatim
3111 1688 3283 1742 coacti
3308 1697 3453 1742 sunt.

2217 1774 2435 1844 Aï¬lictos
2485 1776 2738 1831 consolari
2775 1777 2871 1832 Dei
2916 1780 3197 1850 proprium.
3246 1811 3320 1823 â€”
3349 1782 3403 1838 3.
3438 1781 3542 1849 Qui
3583 1793 3727 1839 sanat

2144 1871 2387 1924 contritas
2429 1871 2580 1924 corde
2624 1880 2671 1924 et
2728 1873 2907 1943 alligat
2951 1875 3272 1930 contritiones
3320 1892 3513 1943 eorum.
3554 1877 3726 1944 Alius,

2145 1960 2420 2031 Confracta
2447 1963 2672 2032 ipsorum
2698 1965 2798 2035 (Îµ).
2825 1965 2958 2019 Cum
3005 1981 3112 2020 non
3151 1965 3369 2023 haberet
3404 1984 3470 2023 ex
3499 1969 3605 2024 vita
3633 1983 3727 2024 sua

2144 2053 2390 2110 ï¬duciam
2415 2096 2429 2120 ,
2463 2054 2679 2110 adducit
2711 2072 2897 2111 rursus
2928 2058 3288 2115 calamitatem
3312 2103 3327 2126 ,
3359 2071 3412 2115 et
3443 2060 3540 2116 Dei
3587 2076 3722 2116 con-

2143 2145 2499 2201 suetudinem.
2530 2147 2627 2201 Est
2652 2148 2794 2202 enim
2823 2148 2940 2218 ejus
2985 2165 3200 2213 munus,
3233 2159 3288 2206 et
3335 2150 3437 2207 hoc
3464 2152 3580 2223 ejus
3608 2169 3729 2223 pro-

2144 2239 2338 2309 prium,
2381 2253 2475 2294 eos
2500 2240 2588 2310 qui
2627 2249 2756 2294 sunt
2805 2241 2997 2311 dejecti
3049 2251 3103 2298 et
3153 2243 3376 2312 afï¬‚icti,
3428 2246 3724 2302 consolari:

2141 2330 2587 2399 quemadmodum
2635 2333 2847 2401 quando
2895 2332 3025 2388 dicit
3076 2333 3309 2400 Paulus,
3365 2336 3466 2404 Qui
3512 2338 3728 2406 viuiï¬cat

2141 2433 2367 2476 mortuos
2388 2440 2407 2478 :
2431 2432 2486 2478 et
2511 2438 2721 2490 rursus,
2745 2425 2844 2490 Qui
2872 2436 3017 2480 vacat
3041 2442 3154 2496 quae
3181 2443 3283 2482 non
3303 2437 3440 2494 sunt,
3473 2439 3727 2498 tamquam

2139 2530 2254 2585 qua:
2279 2525 2395 2570 sunt
2417 2514 2437 2586 (
2461 2516 2612 2571 Rom.
2634 2518 2690 2571 4.
2721 2516 2866 2585 17),
2898 2515 3083 2573 dicens
3137 2519 3408 2588 proprium
3461 2520 3578 2590 ejus
3608 2537 3727 2576 mu-

2142 2621 2243 2661 nus
2286 2623 2298 2658 :
2348 2609 2416 2660 ita
2448 2608 2533 2660 hic
2562 2607 2746 2673 etiam,
2797 2607 2898 2673 Qui
2927 2617 3074 2662 sanat
3099 2610 3337 2664 contritas
3360 2611 3545 2680 corde,
3575 2611 3724 2678 dicit,

2141 2695 2450 2761 ostendens,
2473 2696 2685 2752 etiamsi
2729 2698 2930 2768 indigni
2959 2699 3149 2764 simus,
3174 2700 3424 2769 quoniam
3450 2716 3585 2770 opus
3610 2704 3728 2771 ejus

2141 2801 2347 2854 sumus,
2376 2802 2497 2841 eum
2545 2785 2804 2842 facturam
2846 2803 2998 2843 suam
3052 2805 3158 2843 non
3204 2789 3589 2854 relicturum,a
3631 2807 3724 2846 sua

2140 2878 2523 2933 consuetudine
2547 2893 2651 2934 non
2679 2893 3045 2934 recessurum.
3078 2881 3154 2936 Ita
3182 2882 3342 2936 etiam
3371 2882 3586 2948 Paulus,
3621 2883 3728 2939 Sed

2139 2970 2225 3033 qui
2249 2970 2539 3023 consolatur
2573 2971 2790 3025 humiles
2813 3012 2830 3038 ,
2859 2987 2952 3026 nos
2977 2973 3269 3027 consolatus
3295 2983 3364 3028 est
3392 2974 3412 3040 á½·
3435 2974 3491 3029 9..
3521 2974 3641 3029 Cor.
3666 2977 3722 3030 7.

2139 3060 2175 3116 6
2202 3061 2243 3130 ).
2277 3061 2341 3115 Et
2369 3076 2573 3127 rursus,
2621 3061 2722 3128 Qui
2749 3062 2840 3115 dat
2890 3063 2987 3126 iis,
3015 3064 3102 3127 qui
3153 3073 3272 3119 sunt
3312 3067 3499 3135 pusillo
3527 3068 3720 3134 animo,

2141 3153 2439 3222 patientiam
2461 3151 2480 3225 (
2499 3152 2628 3207 Isai.
2653 3154 2745 3210 57.
2771 3153 2882 3224 l5).
2909 3154 3212 3222 Quinetiam
3257 3153 3344 3209 hic
3371 3156 3485 3225 ipse
3512 3173 3728 3226 quoque

2140 3246 2398 3315 propheta
2455 3244 2616 3312 alibi,
2668 3245 2768 3301 Cor
2811 3248 3081 3301 contritum
3121 3258 3169 3301 et
3223 3247 3543 3302 Immiliatum
3589 3248 3728 3306 Deus

2141 3353 2241 3388 non
2269 3336 2507 3407 despiciet
2540 3338 2559 3408 (
2595 3336 2741 3392 Psul.
2785 3338 2874 3394 50.
2906 3339 2973 3394 l9
2993 3336 3037 3409 ).
3076 3339 3302 3405 Quando
3328 3339 3566 3394 volueris
3591 3357 3724 3395 con-

2138 3429 2450 3483 solationem
2481 3431 2716 3500 assequi,
2736 3432 2900 3488 redde
2931 3434 3161 3502 teipsum
3192 3433 3468 3503 humilem,
3487 3435 3725 3489 animum

2140 3528 2285 3575 tuum
2311 3530 2551 3577 contere.
2579 3521 2690 3578 Hoc
2713 3536 2844 3593 ergo
2870 3524 3001 3578 dixit
3025 3524 3091 3579 de
3113 3524 3230 3595 ejus
3249 3526 3550 3593 voluntate,
3579 3526 3727 3581 beni-

2136 3611 2357 3682 gnitate,
2390 3623 2444 3668 et
2469 3613 2788 3680 clementia;
2821 3614 2938 3685 ejus
2960 3615 3168 3671 scilicet
3203 3630 3323 3672 esse
3352 3631 3546 3672 munus
3567 3659 3584 3685 ,
3608 3619 3724 3674 illo:

2137 3705 2400 3760 consolari
2429 3707 2519 3776 qui
2547 3715 2673 3761 sunt
2709 3707 2764 3760 in
2793 3707 3183 3764 calamitatibus
3210 3725 3225 3761 :
3253 3708 3396 3779 quod
3422 3720 3601 3764 autem
3631 3725 3726 3766 se-

2137 3796 2338 3866 quitur,
2368 3796 2436 3852 de
2459 3797 2712 3867 potentia.
2744 3799 2798 3852 Î¹.
2831 3799 2930 3865 Qui
2957 3809 3188 3853 numerat
3212 3799 3582 3854 multitudinem
3604 3800 3728 3855 stel-

2138 3887 2308 3942 larum
2344 3909 2366 3948 Îµ
2385 3889 2486 3944 hoc
2529 3898 2648 3956 est,
2669 3891 2759 3960 qui
2788 3896 2956 3945 novit.
3004 3889 3268 3958 Quoniam
3299 3893 3442 3948 enim
3473 3894 3729 3964 agebatur

2137 3980 2206 4036 de
2225 3980 2462 4051 dispersa
2485 3981 2846 4047 multitudine,
2876 3990 2930 4036 et
2959 3997 3080 4052 qua:
3115 3991 3240 4037 tunc
3269 3995 3532 4054 nusquam
3560 3998 3726 4054 appa-

2141 4061 2314 4136 rebat,
2340 4072 2461 4142 jure
2502 4074 2603 4128 hoc
2624 4073 2928 4144 exemplum
2976 4073 3030 4129 in
3072 4074 3307 4129 medium
3337 4073 3597 4140 adduxit,
3627 4089 3727 4144 per

2139 4162 2239 4218 hoc
2289 4163 2576 4218 ostendens
2637 4178 2761 4219 eum
2814 4177 2970 4234 posse
3037 4164 3120 4219 vel
3171 4162 3444 4236 dispersos
3511 4179 3724 4235 cogere.

2137 4255 2412 4310 Contritos
2449 4257 2590 4309 enim
2641 4256 2780 4312 solet
2813 4259 3020 4328 erigere
3049 4265 3104 4311 et
3126 4239 3391 4312 consolari
3423 4299 3436 4322 ,
3469 4267 3523 4313 et
3569 4257 3725 4314 innu-

2139 4348 2451 4404 merabilem
2495 4361 2764 4404 astrorum
2813 4349 3206 4404 multitudinem
3253 4349 3404 4404 novit
3453 4351 3720 4421 apprime.

2141 4439 2284 4510 Ergo
2335 4455 2435 4496 nos
2479 4455 2732 4511 quoque,
2779 4455 2914 4510 quos
2959 4439 3226 4509 pollicitus
3265 4450 3350 4498 est
3395 4441 3474 4497 eis
3521 4442 3726 4498 futuros

2137 4531 2371 4600 aequales
2393 4573 2409 4598 ,
2447 4531 2753 4601 plenissime
2779 4531 3020 4588 reducet.
3050 4531 3118 4586 Et
3153 4533 3385 4588 omnibus
3422 4535 3494 4589 eis
3520 4535 3726 4588 nomina

2137 4639 2346 4678 vocans.
2379 4624 2552 4688 Alius,
2586 4623 2832 4678 Omnibus
2860 4625 3070 4678 nomina
3095 4641 3300 4682 vocans.
3331 4625 3505 4690 Alius,
3539 4625 3724 4681 Omnes

2138 4731 2223 4768 cos
2249 4715 2542 4768 nominatim
2569 4714 2762 4769 vocabit
2791 4714 2892 4786 (á½±).
2938 4715 3200 4772 Existimo
3228 4716 3331 4772 hoc
3376 4715 3580 4772 dictum
3605 4732 3726 4773 esse

2139 4807 2208 4861 de
2239 4805 2507 4872 lsraelitis,
2535 4815 2590 4860 et
2615 4805 2757 4861 idem
2805 4805 2986 4861 dicere
3017 4806 3355 4876 prophetam,
3383 4807 3524 4877 quod
3564 4808 3725 4863 lsaias

2139 4913 2352 4968 quoque
2377 4906 2559 4966 postea
2599 4912 2613 4948 :
2646 4895 2730 4950 Ne
2755 4898 2950 4960 timens,
2987 4895 3157 4951 Israel
3184 4939 3200 4965 ,
3230 4915 3294 4952 ea:
3333 4899 3553 4968 speculis
3579 4910 3726 4952 teme

2142 4991 2312 5043 vocavi
2336 4997 2383 5042 te
2406 5031 2422 5054 ,
2449 4997 2497 5041 et
2520 4987 2646 5054 dixi,
2679 4986 2844 5041 Filius
2888 5005 3028 5041 meus
3053 5004 3105 5041 es
3151 4987 3171 5056 (
3192 4986 3321 5042 Isai.
3349 4988 3438 5043 41.
3469 4987 3567 5058 9).
3589 4987 3723 5055 Quid

2139 5092 2248 5149 est,
2283 5081 2467 5137 Omnes
2495 5098 2578 5136 eos
2612 5082 2908 5136 nominatim
2955 5081 3196 5135 vocabit?
3239 5079 3428 5135 Nullus
3450 5123 3466 5149 ,
3515 5081 3722 5150 inquit,

2140 5191 2326 5230 eorum
2358 5175 2598 5244 peribit,
2651 5174 2745 5229 sed
2780 5173 3226 5244 quemadmodum
3274 5173 3362 5242 qui
3410 5172 3723 5227 nominatim

2139 5277 2354 5333 vocant,
2399 5269 2471 5324 ita
2505 5267 2670 5324 etiam
2725 5267 2841 5338 ipse
2890 5281 3080 5321 omnes
3114 5266 3350 5336 perfecte
3400 5264 3640 5320 reducet.
3669 5265 3720 5318 5.

2205 5442 2277 5503 (a)
2315 5449 2422 5491 tunc
2453 5441 2792 5504 interpretatio
2823 5441 2900 5490 est
2929 5440 3209 5504 Symmachi.
3251 5438 3378 5490 Vide
3412 5440 3464 5490 in
3499 5439 3724 5503 Hexaplis

2140 5510 2416 5626 nofglstiaec
2445 5565 2567 5615 item
2585 5565 2927 5627 interpretatio
2946 5562 3204 5624 synnnachi
3222 5571 3314 5615 est.

2197 5631 2272 5695 (Î¿)
2301 5629 2573 5702 Confracta
2599 5643 2785 5691 eorum,
2823 5632 3025 5702 videtur
3063 5648 3178 5684 esse
3218 5639 3368 5687 lectio
3395 5640 3586 5702 quinta
3630 5643 3707 5692 vel

2130 5707 2290 5774 sextae
2313 5714 2325 5750 :
2347 5714 2459 5750 nam
2491 5701 2645 5756 nm
2681 5703 2834 5751 vertit
2875 5700 2995 5754 alibi
3033 5707 3240 5770 Aquila,
3281 5700 3423 5760 labori
3460 5709 3707 5774 (Î´Î¹Î±Ï€á½¹Î½Î·Î¿

2132 5763 2272 5889 med)
2297 5822 2392 5885 Qui
2426 5821 2528 5873 sint
2558 5823 2611 5874 hi
2635 5823 2734 5874 duo
2764 5823 3068 5890 interpretes
3098 5828 3362 5882 noscimus.
