4070 6340
459 355 560 412 47⁸1

459 472 561 528 Διά
585 470 742 526 τοῦτο
764 471 942 544 ἔλεγε,
979 475 1088 545 Τῆς
1106 482 1539 549 μεγαλωσύνης
1563 481 1749 534 αὐτοῦ
1772 483 1882 534 οὐκ
1908 481 2039 535 ἔστι

461 567 667 636 πέρας.
691 568 823 622 Ἀλλ’
852 570 1041 642 ὥσπερ
1122 575 1479 646 μεγαλωσύνη
1510 577 1756 646 ἄπειρος.
1787 575 1929 628 οὕτω
1949 577 2042 629 καὶ

461 665 495 733 ἡ
531 663 762 730 σύνεσις.
799 666 896 720 Διά
929 667 1084 721 τοῦτο
1133 671 1230 723 καὶ
1281 669 1472 735 εἰπὼν,
1515 671 1715 742 Μέγας
1753 675 1786 726 ὁ
1828 673 2042 739 Κύριος

459 758 648 828 ἡμῶν,
691 761 973 832 ἐπήγαγε⁸
1025 765 1133 817 Καὶ
1189 765 1298 834 τῆς
1341 762 1664 833 συνέσεως
1699 767 1884 821 αὐτοῦ
1929 769 2042 821 οὐκ

461 854 634 908 ἔστιν
657 856 918 926 ἀριθμός.
955 860 1062 912 Καὶ
1103 861 1136 930 ἡ
1169 861 1366 928 γνῶσις
1403 861 1459 915 δὲ
1492 862 1656 916 αὐτοῦ
1706 861 2036 934 θαυμαστή·

460 950 539 1003 διὸ
577 952 669 1003 καὶ
716 953 930 1020 ἔλεγεν
974 956 1423 1025 Ἐθαυμαστώθη
1469 962 1505 1028 ἡ
1547 957 1769 1028 γνῶσίς
1808 975 1925 1013 σου
1967 959 2038 1023 ἐξ

461 1047 634 1115 ἐμοῦ·
663 1048 1040 1118 ἐκραταιώθη,
1070 1053 1142 1106 οὑ
1178 1051 1265 1120 μὴ
1317 1054 1577 1123 δύνωμαι
1624 1055 1772 1122 πρὸς
1822 1055 2036 1121 αὑτήν.

463 1144 573 1196 Καὶ
604 1146 669 1196 τά
714 1146 955 1216 κρίματα
988 1147 1044 1199 δὲ
1087 1149 1250 1200 αὐτοῦ
1304 1151 1464 1204 πάλιν
1497 1151 1926 1221 ἀνεξερεύνητα·
1958 1152 2039 1205 διὸ

462 1239 557 1292 καὶ
591 1240 741 1308 ἔλεγε
763 1259 777 1273 ·
811 1243 886 1296 Τὰ
911 1243 1161 1311 κρίματὰ
1197 1261 1310 1297 σου
1338 1247 1609 1311 ἄϐυσσος
1637 1247 1860 1314 πολλή.

529 1337 768 1406 β’.”οταν
783 1339 960 1392 τοίνυν
978 1343 1069 1395 καὶ
1087 1343 1258 1412 μέγας
1273 1344 1365 1396 καὶ
1379 1344 1600 1408 δυνατὸς
1615 1340 1670 1418 ᾗ,
1685 1345 1781 1399 καὶ
1798 1346 2039 1411 συνετὸς,

466 1432 541 1504 μὴ
584 1434 963 1504 περιεργάζου,
1013 1437 1131 1501 πῶς
1176 1437 1347 1492 ταῦτα
1396 1438 2041 1511 ἔσται.Ἁναλαμϐἀνων

463 1529 668 1595 πραεῖς
707 1533 739 1584 ὁ
784 1531 1013 1598 Κύριος,
1046 1532 1335 1587 ταπεινῶν
1383 1534 1451 1588 δὲ
1496 1537 1882 1605 ἁμαρτωλοὺς
1927 1537 2038 1606 ἕως

463 1624 719 1694 τῆς.’⁷ἰνα
744 1626 850 1698 γὰρ
883 1627 955 1698 μὴ
985 1629 1183 1698 λέγωσί
1208 1648 1351 1694 τινες
1377 1631 1490 1686 τῶν
1524 1633 1782 1704 ἀνοήτων”
1812 1633 1878 1688 Τί
1903 1636 2040 1706 πρὸς

463 1723 632 1792 ἡμᾶς,
668 1723 751 1776 ὅτι
794 1724 862 1776 τὰ
892 1726 1065 1797 ἄστρα
1098 1721 1205 1781 οἶδε
1235 1727 1373 1798 μετά
1400 1728 1718 1800 ἀκριϐείας;
1751 1731 1899 1800 λέγει
1946 1733 2039 1786 καὶ

463 1817 560 1888 τὴν
588 1818 676 1870 ἐπ’
706 1818 1007 1890 ἀνθρώπων
1034 1822 1362 1893 κηδεμονίαν
1403 1823 1544 1878 οὕτω
1582 1826 1914 1898 γενομένην·
1943 1829 2037 1881 καὶ

463 1913 562 1966 οὐκ
594 1909 736 1978 εἶπε,
775 1915 992 1986 Βοηθῶν
1030 1917 1260 1988 πρᾳέσιν
1303 1921 1332 1972 ὁ
1364 1919 1590 1992 Κύριος,
1640 1921 1754 1975 ἀλλ’
1785 1922 1814 1976 ὃ
1858 1923 2038 1995 πολλῷ

465 2007 666 2076 μεῖζον,
685 2009 1174 2080 Ἀναλαμϐάνωνο
1225 2015 1302 2077 ώς
1365 2017 1493 2087 περὶ
1522 2017 1727 2089 πατρὸς
1757 2019 2039 2090 φιλοστόρο

462 2120 558 2172 γου
587 2102 734 2178 [481]
758 2107 1154 2179 διαλεγόμενος.
1184 2112 1250 2164 Τί
1273 2112 1329 2166 δέ
1357 2114 1522 2180 ἐστιν,
1541 2115 2037 2184 Ἀναλαμϐάνων;

475 2201 896 2274 ’Δνακτώμενος,
933 2206 1132 2275 φέρων,
1163 2207 1553 2274 δωϐαστάζων.
1585 2206 1737 2275 Εἶδες
1762 2213 1924 2266 πάλιν
1951 2215 2037 2283 ἐφ’

463 2299 696 2372 ἑκάτερα
723 2302 820 2373 τὴν
853 2304 1078 2375 δύναμιν
1109 2306 1273 2359 αὐτοῦ
1306 2308 1739 2378 ἀπηρτισμένην,
1767 2309 1859 2362 ἐπί
1887 2326 1947 2362 τε
1975 2310 2040 2363 τὸ

459 2395 634 2464 αἴρειν
665 2399 791 2461 τοὺς
821 2402 1126 2465 ταπεινοὺς,
1156 2402 1250 2455 καὶ
1277 2402 1564 2455 ταπεινοῦν
1585 2405 1710 2467 τοὺς
1740 2406 2036 2477 ἀπονενοη-

464 2491 658 2560 μένους
680 2511 693 2558 ;
723 2495 838 2565 οὐχ
865 2495 1050 2560 ἀπλῶς
1072 2497 1129 2550 δέ
1163 2500 1428 2565 ταπεινοῖ,
1453 2498 1589 2552 ἀλλά
1618 2500 1712 2553 καὶ
1741 2500 1881 2572 μετά
1904 2501 2035 2556 πολο

461 2586 558 2657 λῆς
603 2588 702 2658 τῆς
747 2589 1078 2661 ὑπερϐολῆς·
1116 2592 1272 2646 τοῦτο
1313 2593 1424 2664 γάρ
1473 2596 1592 2648 ἐστι
1635 2596 1872 2664 τὸ,Ἕως
1899 2597 2031 2668 γῆς.

473 2682 786 2752 Ἐξάρξατε
837 2685 916 2751 τῷ
966 2688 1161 2755 Κυρίῳ
1220 2690 1290 2743 ἐν
1337 2689 1789 2760 ἐξομολογήσει.
1825 2692 2034 2758 Ἄλλος,

460 2779 854 2844 Καταλέξατε.
906 2783 1085 2836 Εἰπὼν
1116 2785 1282 2840 αὐτοῦ
1315 2788 1384 2840 τά
1421 2788 1840 2860 κατορθώματα,
1873 2791 2035 2845 πάλιν

460 2877 552 2931 ἐπὶ
586 2878 675 2931 τὸν
709 2879 875 2949 ὕμνον
900 2881 1098 2946 αὐτοὺς
1125 2885 1302 2950 καλεῖ,
1341 2885 1513 2954 λέγων
1533 2904 1546 2918 ·
1587 2887 1909 2956 Ἐξάρξατε
1955 2889 2036 2956 τῷ

459 2973 654 3040 Κυρίῳ
689 2974 759 3027 ἐν
794 2976 1250 3046 ἐξομολογήσει·
1281 2981 1577 3048 τουτέστιν,
1610 2985 1668 3037 ἐν
1697 2985 2033 3056 εὐχαριστίᾳ,

463 3069 600 3137 μετὰ
646 3070 844 3141 πολλῆς
883 3071 983 3140 τῆς
1019 3074 1270 3146 σπουδῆς.
1309 3078 1547 3132 Ψὰλατε
1587 3078 1667 3144 τῷ
1706 3079 1828 3146 Θεῷ
1867 3081 2037 3151 ἡμῶν

458 3166 530 3218 ἐν
579 3165 806 3234 κιθάρᾳ.
829 3167 1042 3232 Ἄλλος,
1082 3170 1185 3223 Διὰ
1223 3171 1430 3238 λύρας.
1487 3171 1572 3239 Τῷ
1615 3175 2036 3242 περιϐάλλοντι

459 3261 567 3315 τὸν
615 3263 876 3331 οὐρανὸν
918 3265 988 3316 ἑν
1019 3265 1318 3334 νεφέλαις,
1356 3267 1435 3334 τῷ
1463 3269 1823 3340 έτοιμάζοντι
1850 3272 1927 3342 τῇ
1959 3273 2035 3344 γῇ

459 3359 780 3413 ὑετόν.”1να
833 3361 904 3430 μή
956 3377 1038 3424 τις
1087 3362 1194 3415 τῶν
1238 3364 1610 3437 ιΞιναισθήτωνει
1644 3366 1802 3441 λέγῃ,
1848 3370 1942 3422 καὶ
1981 3369 2035 3422 τί

461 3454 598 3525 πρὸς
625 3454 726 3524 ἐμὲ
763 3455 829 3508 τά
870 3456 1129 3526 οὐράνια;
1165 3461 1440 3530 ἐπήγαγεν
1473 3462 1675 3528 εὐθέως
1707 3465 1805 3535 τὴν
1847 3467 2036 3536 χρείαν

457 3553 556 3621 τὴν
585 3550 948 3622 ἀνθρωπίνην,
979 3553 1191 3618 δεικνὺς
1215 3555 1302 3608 διὰ
1322 3557 1417 3628 τῆς
1438 3559 1752 3631 ἐπαγωγῆς,
1780 3562 1874 3614 καὶ
1891 3563 2037 3628 τίνος

457 3647 643 3700 ἕνεκεν
673 3647 982 3719 περιϐάλλει
1027 3650 1118 3704 τὸν
1160 3652 1386 3724 οὐρανὸν
1418 3655 1476 3707 ἐν
1504 3656 1772 3725 νεφέλαις.
1811 3657 1910 3712 Διά
1952 3661 2033 3725 σὲ,

459 3744 641 3816 φησὶν,
678 3745 764 3798 ἴνα
788 3763 868 3799 σοι
894 3749 1284 3823 παρασκευάζῃ
1310 3750 1482 3806 ὑετόν.
1513 3753 1623 3808 Καὶ
1659 3754 1813 3818 ὑετὸς
1837 3756 1926 3813 διὰ
1953 3758 2033 3826 σὲ,

459 3843 547 3896 ἵνα
580 3842 812 3916 ἐκϐάλλῃ
842 3845 1047 3916 χόρτον.
1082 3846 1191 3899 Καὶ
1217 3848 1317 3917 ὃρα
1345 3848 1534 3918 σοφίαν
1557 3867 1572 3882 ο
1602 3851 1765 3920 Λέγει
1805 3851 1874 3906 τά
1903 3854 2038 3907 καθ-

457 3939 613 3993 ολικά
639 3939 822 4008 ἀγαθά
851 3940 886 3994 ἃ
916 3943 1079 3994 πᾶσιν
1113 3942 1330 4007 ἔδωκεν,
1364 3945 1726 4016 ἐπιστομίζων
1753 3949 1949 4013 αὐτοὺς
1973 3951 2038 4004 ἐκ

459 4035 794 4106 περιουσίας.
837 4036 899 4089 Εί
927 4037 1035 4108 γὰρ
1065 4038 1157 4090 ἐπὶ
1183 4037 1288 4091 τῶν
1310 4039 1554 4096 ἀπίστων
1581 4041 1819 4114 τοσαύτῃ
1843 4043 2039 4116 κέχρη-

457 4147 548 4190 ται
582 4135 648 4202 τῇ
678 4131 941 4203 δαψιλείᾳ,
979 4131 1118 4186 ὥστε
1149 4133 1243 4186 καὶ
1277 4133 1409 4207 νέφη
1443 4137 1715 4205 συνάγειν,
1758 4139 1852 4192 καὶ
1883 4139 2036 4192 ὑετὸν

453 4229 648 4292 πινεῖν,
698 4225 789 4280 καὶ
835 4226 939 4296 γῆν
987 4228 1291 4300 διεγείρειν,
1324 4231 1502 4302 πολλῷ
1557 4233 1757 4304 μᾶλλον
1805 4235 1952 4306 ὑμῖν,
1985 4234 2035 4288 οἳ

403 4314 405 4318 ’
461 4322 607 4393 αὐτῷ
633 4323 760 4387 λαὸς
790 4325 1094 4395 περιούσιος
1127 4328 1593 4398 ἐχρηματίσατεδ.

537 4417 618 4483 Τῷ
640 4418 1102 4482 ἐξανατέίλοντι
1127 4424 1195 4475 ἐν
1221 4423 1385 4491 ὄρεσι
1410 4425 1795 4499 χόρτον,⁸ὐρα
1819 4447 1885 4483 πε
1895 4447 2038 4502 ριου-

462 4515 582 4567 σίαν
630 4514 731 4584 τῆς
780 4517 1054 4587 προνοίας,
1086 4519 1214 4574 ὃταν
1251 4519 1327 4590 μὴ
1361 4521 1518 4591 μόνον
1560 4524 1617 4576 ἐν
1657 4525 1895 4600 ἀροσίμῃ
1941 4531 2033 4599 γῇ,

415 4651 431 4670 .
459 4611 593 4663 ἀλλά
631 4612 725 4664 καὶ
774 4614 830 4664 ἐν
878 4615 989 4676 τοῖς
1037 4614 1184 4686 ὄρεσι
1231 4616 1424 4689 δαψιλῆ
1469 4619 1632 4673 αὑτοῦ
1677 4623 1890 4695 παρέχῃ
1940 4625 2037 4694 τὴν

457 4705 755 4776 τράπεζαν,
803 4707 902 4778 τὴν
942 4708 1275 4782 διατροφὴνο
1332 4714 1438 4767 τῶν
1488 4717 1699 4786 κτηνῶν
1742 4717 1850 4771 τῶν
1903 4719 2037 4790 πρὸς

460 4801 762 4874 ὑπηρεσίαν
790 4803 897 4857 τῶν
928 4806 1228 4877 ἀνθρώπων
1257 4813 1656 4882 γεγενημένων.
1695 4815 1785 4866 Διὸ
1814 4817 1908 4868 καὶ
1935 4817 2036 4870 ἐπ-

459 4898 621 4966 ἀγει⁹
667 4897 899 4954 Διδόντι
944 4891 1065 4968 τοῖς
1109 4904 1358 4973 κτήνεσι
1400 4909 1630 4976 τροφὴν
1678 4909 1897 4977 αὐτῶν,
1940 4911 2038 4965 καὶ

457 4991 582 5060 τοῖς
612 4993 895 5062 νεοσσοῖς
936 4995 1051 5051 τῶν
1081 4999 1350 5068 κοράκων
1384 5003 1506 5067 τοῖς
1541 5004 2039 5076 ἐπικαλουμένοις

454 5088 664 5144 αῠτόν.
679 5089 902 5162 Ἑτέραν
948 5093 1108 5147 πάλιν
1139 5095 1285 5164 λέγει
1312 5098 1642 5169 φιλοτιμίαν,
1675 5101 1802 5156 ὅταν
1831 5104 1904 5174 μὴ
1941 5103 2038 5172 μό-

454 5202 544 5238 νον
588 5188 704 5252 τοῖς
739 5188 1199 5260 ὑπηρετουμένοις
1241 5195 1547 5268 ἀνθρώποις
1581 5201 1801 5271 κτήνεσι
1832 5203 2038 5272 τροφὴν

457 5280 694 5356 παρέχῃ,
725 5283 863 5338 ἀλλά
892 5287 986 5339 καὶ⁵
1013 5288 1218 5359 ἑτέροις
1251 5291 1468 5359 ἀλόγοις
1493 5307 1506 5321 °
1551 5295 1659 5348 Καὶ
1700 5296 1824 5362 τοῖς
1863 5313 2039 5352 νεοσ-

456 5376 594 5444 σοῖς
643 5381 774 5452 γάρ,
805 5385 958 5453 φησι,
989 5383 1108 5438 τῶν
1156 5387 1429 5454 κοράκων
1475 5390 1599 5457 τοῖς
1640 5392 2036 5464 ἐπικαλουμέ-

522 5538 706 5602 funus
736 5545 832 5590 τῶν
854 5544 1148 5602 ἀναισθήτων
1182 5547 1389 5596 ἐκείνων.

523 5597 713 5677 ΙζΑιξυε
733 5597 1048 5677 ἐχρημάτισε]
1085 5607 1191 5677 Mn}:
1218 5609 1321 5677 1132c
1350 5609 1498 5677 νοτίῃ
1547 5614 1738 5674 psalmi,
1782 5616 1862 5663 καὶ
1889 5617 2036 5677 χλόην

458 5665 518 5720 τῇ
543 5663 731 5735 δουλείᾳ
748 5663 1136 5735 τών-ανθρώπων,
1161 5668 1211 5718 in
1237 5673 1420 5722 Grecis
1439 5663 1766 5735 Chrj'soswrili
1790 5663 2034 5727 cxx-{Eliss'e

461 5725 622 5772 ειράιι
643 5725 931 5776 emendator
949 5725 1192 5780 Venetus.

526 5788 546 5813 ⁸
582 5786 721 5835 Mius
741 5789 815 5835 διὰ
830 5790 912 5846 τήν
935 5792 1204 5856 διατροφήν.

1144 363 1204 417 S.
1242 362 1527 420 JOANNIS
1564 360 2058 418 CHRYSOSTOMI
2096 360 2419 418 ARCHIEP.
2455 360 3003 420 CONSTANTINOP.

3613 341 3720 417 478'

2145 500 2275 547 νοις
2323 482 2529 536 αὐτόν.
2562 481 2624 534 Εἰ
2678 478 2736 532 δέ
2787 480 2847 533 ἐν
2895 477 3008 540 τοῖς
3059 473 3296 542 ἀλόγοις,
3349 473 3444 526 καὶ
3498 473 3717 543 ἀλόγοις

2143 577 2356 648 ἀγρίοις
2406 577 2500 630 καὶ
2549 576 2610 628 οὐ
2657 574 2989 646 παρέχουσιν
3043 568 3350 641 ἀνθρώποις
3399 567 3714 636 διακονίαν,

2143 674 2374 743 τοσαύτη
2421 674 2454 742 ἡ
2504 670 2764 744 πρόνοιαο
2816 667 2996 738 πολλῷ
3051 666 3250 738 μᾶλλον
3293 665 3352 718 ἐν
3383 662 3711 735 ἀνθρώποις,

2142 769 2238 822 καὶ
2286 767 2593 839 ἀνθρώποις
2641 765 2922 837 ὑμνοῦσιν,
2953 763 3047 826 οὓς
3091 763 3185 816 καὶ
3230 761 3358 814 λαὸν
3404 760 3712 830 περιούσιον

2141 866 2234 920 καὶ
2283 865 2474 938 μερίδα
2520 865 2684 919 αὐτοῦ
2743 863 3019 916 ἐκάλεσεν.
3056 857 3190 913 Εἶτα
3233 859 3419 930 ἐπειδὴ
3468 859 3713 923 ἀσθενεῖς

2137 961 2276 1034 ἦσαν
2313 963 2406 1016 καὶ
2438 961 2616 1015 ὅπλων
2648 959 2864 1031 ἔρημοι,
2891 958 2984 1011 καὶ
3025 957 3241 1011 πάντων
3275 958 3709 1026 γεγυμνωμένοι,

2142 1060 2228 1113 ἵνα
2263 1059 2396 1128 μηδὲ
2423 1055 2671 1110 ἐντεῦθεν
2702 1053 3056 1124 θορυϐὦνται,
3093 1053 3193 1122 ὅρα
3237 1052 3354 1115 πῶς
3383 1053 3476 1105 καὶ
3508 1053 3711 1124 ταύτην

2142 1154 2320 1207 αὐτῶν
2349 1151 2655 1224 διορθοῦται
2679 1151 2778 1222 τὴν
2812 1147 3116 1214 ἀσθένειαν,
3146 1147 3318 1216 λέγων
3339 1165 3352 1177 -
3388 1151 3506 1202 Οὐκ
3544 1150 3612 1203 ἐν
3637 1149 3711 1218 τῇ

2141 1250 2466 1316 δυναστείᾳ
2504 1247 2609 1301 τοῦ
2638 1247 2825 1299 ἵππου
2847 1243 3123 1312 θελήσει,
3151 1243 3292 1298 οὐδὲ
3323 1243 3392 1297 ἐν
3418 1245 3546 1310 ταῖς
3576 1246 3714 1313 κνή-

2136 1367 2278 1419 μαις
2316 1345 2420 1400 τοῦ
2449 1343 2668 1413 ἀνδρὸς
2691 1341 2943 1397 εὐδοκεῖ.
2976 1340 3234 1396 Εὺδοκεῖ
3252 1342 3465 1410 Κύριος
3493 1343 3562 1395 ὲν
3587 1342 3711 1410 τοῖς

2140 1442 2529 1514 φοϐουμένοις
2565 1441 2770 1504 αὐτὸν,
2812 1439 2910 1493 καὶ
2957 1438 3025 1494 ὲν
3062 1441 3182 1506 τοῖς
3226 1439 3572 1500 ἐλπίζουσιν
3613 1443 3709 1496 ἐπὶ

2142 1541 2205 1592 τὸ
2239 1538 2410 1604 ἕλεος
2426 1535 2767 1590 αὐτοῦ.Ἔτε
2776 1551 2886 1606 ρος,
2915 1535 3042 1599 Τοῖς
3060 1533 3428 1602 ἀναμένουσι
3451 1535 3513 1589 τὸ
3539 1536 3714 1602 ἔλεος

2140 1633 2452 1687 αὑτοῦ.“Αν
2480 1632 2650 1686 ταῦτα
2679 1631 2858 1703 ἔχητε,
2890 1631 3041 1702 φησὶ,
3077 1631 3168 1684 τὸν
3201 1629 3362 1700 φόϐον
3389 1632 3482 1684 καὶ
3504 1631 3601 1702 τὴν
3628 1631 3715 1684 ἐλ-

2141 1729 2272 1782 πίδα
2293 1729 2390 1800 τὴν
2419 1731 2497 1792 είς
2527 1729 2686 1782 αὐτὸν
2719 1729 2856 1800 μετά
2883 1727 3184 1800 ἀκριϐείας,
3223 1728 3586 1782 ἐπισπάσεσθε
3615 1731 3714 1781 αὐ-

2139 1824 2233 1878 τοῦ
2265 1827 2362 1897 τὴν
2389 1823 2601 1878 εῦνοιαν
2621 1841 2634 1855 °
2664 1825 3097 1895 ἐπισπασάμενοι
3124 1825 3201 1890 δέ,
3237 1825 3452 1880 πάντων
3483 1825 3589 1878 τῶν
3621 1826 3714 1878 ἴπ-

2140 1938 2275 1986 πους
2311 1921 2402 1975 καὶ
2435 1921 2573 1974 ὅπλα
2623 1920 2852 1991 ἐχόντων
2901 1919 3053 1992 [482]
3098 1920 3284 1974 ἔσεσθε
3327 1919 3707 1988 δυνατώτεροι.

2145 2019 2242 2072 Ἓν
2266 2018 2444 2072 τοίνυν
2476 2018 2592 2071 ἐστί
2635 2017 2698 2070 τὸ
2726 2015 3074 2088 ζητούμενον,
3102 2017 3242 2070 ὥστε
3279 2017 3354 2088 μὴ
3403 2017 3710 2089 ἀσχάλλειν,

2143 2113 2276 2183 μηδὲ
2318 2113 2695 2184 θορυϐεῖσθαι,
2731 2113 2844 2166 ἀλλ’
2871 2111 3161 2183 ἀναμένειν
3203 2112 3265 2166 τὸ
3311 2113 3456 2176 ἔλεος
3503 2111 3666 2167 αὐτοῦ
3691 2129 3707 2142 ο

2137 2209 2296 2263 τοῦτο
2328 2211 2438 2282 γάρ
2472 2211 2706 2282 μάλιστα
2738 2210 2916 2275 ἐλπὶς,
2946 2209 3008 2262 τὸ
3035 2211 3131 2262 καὶ
3168 2210 3487 2281 παραυτίκα
3519 2209 3592 2280 μὴ
3613 2209 3711 2262 λα-

2137 2307 2331 2370 ϐόντας
2386 2306 2460 2378 μὴ
2511 2305 2930 2374 ἀπογινώσκειν,
2980 2306 3116 2378 μηδὲ
3167 2306 3548 2378 ἀπαγορεύειν.
3602 2306 3711 2359 Καὶ

2137 2401 2316 2466 καλῶς
2359 2398 2501 2467 εἷπε,
2536 2401 2608 2457 Τὸ
2639 2402 2812 2468 ἕλεος
2852 2402 3057 2457 αὐτοῦ.
3088 2403 3224 2455 Οὐδέ
3263 2402 3372 2474 γὰρ
3420 2397 3566 2472 εἶχον
3611 2402 3710 2470 τὴν

2135 2497 2245 2552 ἀπὺ
2285 2497 2394 2551 τῶν
2446 2497 2622 2570 ἔργων
2667 2499 2998 2572 παρρησίαν.
3025 2499 3162 2552 Ἀλλ’
3189 2500 3359 2570 ὅμως,
3405 2498 3560 2570 φησὶ,
3609 2498 3708 2552 κᾶν

2137 2595 2246 2649 ἀπὸ
2271 2594 2377 2648 τῶν
2407 2594 2582 2666 ἔργων
2602 2589 2700 2665 ἦτε
2722 2595 3118 2667 προδεδομένοι,
3147 2595 3401 2666 ἐλπίζητε
3423 2595 3480 2647 δὲ
3507 2595 3599 2648 ἐπὶ
3620 2595 3707 2646 τὸν

2136 2691 2283 2746 ἔλεον
2312 2691 2498 2755 αὑτοῦ,
2524 2689 2776 2755 τεύξεσθε
2803 2691 2903 2760 τῆς
2929 2691 3183 2762 προνοίας
3214 2691 3308 2744 καὶ
3333 2692 3434 2760 τῆς
3462 2691 3710 2761 βοηθείας

2136 2786 2327 2840 αὐτοῦ’
2372 2780 2448 2840 ὧν
2491 2785 2698 2855 γένοιτο
2743 2784 2949 2850 πάντας
3000 2789 3146 2858 ἡμᾶς
3189 2789 3486 2857 ἐπιτυχεῖν,
3525 2787 3708 2856 χάριτι

2136 2883 2229 2936 καὶ
2263 2881 2642 2954 φιλανθρωπίᾳ
2673 2881 2766 2935 τοῦ
2799 2882 3002 2954 Κυρίου
3041 2885 3073 2953 ἡ
3085 2883 3199 2953 μῶν
3241 2883 3415 2956 Ἰησοῦ
3447 2882 3704 2953 Χριστοῦ,

2133 2971 2178 3046 ᾧ
2209 2981 2241 3048 ἡ
2266 2979 2391 3046 δόξα
2417 2981 2509 3033 καὶ
2531 2979 2592 3033 τὸ
2616 2979 2840 3051 κράτος,
2862 2980 2941 3040 είς
2968 2979 3093 3042 τοὺς
3117 2979 3322 3045 αἰῶνας
3341 2979 3448 3034 τῶν
3474 2977 3703 3034 αίώνων.

2148 3074 2338 3146 Ἀμήν.

2505 3181 2610 3234 ΕΙΣ
2648 3181 2785 3234 ΤΟΝ
2822 3182 2974 3234 PMZ'
3013 3180 3330 3235 ΨΑΛΜΟΝ.

2150 3305 2424 3370 Ἐπαίνει,
2477 3305 2893 3373 Ἰερουσαλὴμ,
2941 3303 3047 3358 τὸν
3092 3307 3328 3373 Κύριον,
3384 3304 3537 3358 αἴνει
3601 3303 3708 3358 τὸν

2665 3377 2813 3428 Θεόν
2843 3391 2979 3440 σου,
3017 3379 3063 3428 Σ
3066 3375 3186 3428 ιών.

2206 3487 2274 3535 α’.
2298 3481 2371 3532 Οὐ
2395 3479 2528 3552 πρὸς
2559 3481 2655 3550 τὴν
2685 3479 2854 3544 πόλιν,
2887 3479 3020 3533 ἀλλά
3049 3479 3185 3553 πρὸς
3212 3481 3338 3543 τοὺς
3372 3479 3708 3543 ἐνοικοῦντας

2137 3577 2407 3630 ἀποτείνει
2437 3575 2527 3630 τὸν
2565 3576 2742 3644 λόγον,
2773 3576 2802 3628 ὃ
2833 3575 2922 3629 διά
2949 3576 3146 3639 παντὸς
3180 3575 3272 3628 τοῦ
3305 3575 3507 3646 βιϐλίου
3545 3580 3701 3641 ποιεῖ,

2135 3673 2294 3727 τοῦτο
2323 3675 2416 3726 καὶ
2444 3672 2676 3727 ἐνταῦθα
2717 3673 2904 3727 ποιῶν.
2951 3673 3212 3742 Παραινεῖ
3256 3672 3312 3724 δὲ
3347 3672 3581 3743 συνεχῶς
3615 3673 3708 3725 καὶ

2139 3767 2521 3839 συμϐουλεύει,
2554 3767 2694 3822 ὥστε
2737 3767 2836 3830 τὰς
2874 3766 3015 3838 ὑπὲρ
3047 3767 3156 3821 τῶν
3191 3768 3516 3837 εὐεργεσιῶν
3558 3769 3712 3838 εὐχα·

2141 3865 2352 3937 ριστίας
2390 3864 2683 3936 ἀναφέρειν
2712 3863 2790 3932 τῷ
2821 3861 2961 3932 Θεῷ,
2993 3864 3084 3916 καὶ
3119 3864 3254 3934 μήτε
3293 3863 3706 3934 οίκοδομήμασι,

2140 3965 2277 4035 μήτε
2331 3963 2602 4034 ἀσφαλείᾳ
2644 3961 2964 4034 περιϐόλων,
3005 3961 3140 4015 ἀλλά
3177 3964 3240 4033 τῇ
3284 3961 3447 4015 αὐτοῦ
3487 3961 3710 4032 προνοίᾳ

2137 4059 2380 4132 θαρρεῖν.
2413 4059 2588 4112 Τοῦτο
2607 4058 2671 4130 δὴ
2701 4057 3238 4130 προκατασκευάσας,
3272 4058 3483 4126 ἐπάγει,
3517 4057 3608 4110 καὶ
3630 4056 3713 4109 λέ-

2137 4174 2243 4225 γει’
2267 4158 2390 4210 ’Ὁτι
2415 4157 2711 4226 ἐνίσχυσε
2740 4155 2882 4222 τοὺς
2899 4155 3168 4225 μοχλοὺς
3202 4153 3319 4208 τῶν
3339 4154 3552 4208 πυλῶν
3569 4169 3707 4217 σου,

2137 4256 2437 4323 εὐλόγησε
2464 4252 2607 4320 τοὺς
2642 4253 2812 4320 υἱούς
2847 4269 2965 4306 σου
2994 4252 3064 4305 ἐν
3093 4253 3214 4307 σοί.
3253 4249 3318 4304 Τί
3347 4255 3460 4304 ἐστι
3489 4251 3538 4315 ά,
3567 4250 3710 4317 Τοὺς

2135 4350 2400 4421 μοχλοὺς
2443 4350 2808 4418 ἐνίσχυσεν;
2843 4349 2930 4402 Ἐν
2961 4347 3229 4420 ἀσφαλείᾳ
3271 4366 3350 4411 σε,
3390 4349 3542 4420 φησὶ,
3577 4363 3712 4403 κατ-

2140 4451 2386 4521 έστησεν,
2429 4449 2722 4520 ἀχείρωτον
2774 4447 3046 4518 ἐποίησεν.
3071 4446 3343 4518 Εὐλόγησε
3389 4448 3516 4510 τοὺς
3563 4445 3713 4510 υἱούς

2141 4564 2254 4610 σου,
2289 4545 2585 4608 τουτέστιν,
2626 4547 2705 4606 εἰς
2752 4542 2954 4614 πλῆθος
2997 4543 3272 4596 ἐπιδοῦναι
3305 4542 3578 4612 ἐποίησεν.
3611 4544 3706 4596 Ἐν

2143 4643 2238 4713 μὲν
2260 4643 2414 4695 τοῦτο
2438 4639 2573 4704 εἶδος
2602 4640 2934 4712 εὐεργεσίας·
2962 4639 3147 4711 ἕτερον
3177 4640 3232 4692 δὲ
3260 4639 3318 4693 τὸ
3345 4639 3436 4692 καὶ¹
3466 4641 3561 4693 Ἐν
3582 4639 3704 4695 σοί.

2145 4745 2208 4795 Ὃ
2230 4740 2405 4793 τοίνυν
2430 4739 2598 4808 λέγει,
2634 4737 2789 4792 τοῦτό
2811 4737 2977 4790 ἐστιν·
3016 4738 3089 4790 Οὐ
3120 4736 3569 4808 διεσπαρμένους,
3588 4736 3710 4789 οὐδὲ

2139 4837 2672 4907 διεσκορπισμένους,
2718 4847 2740 4874 ο
2789 4833 2926 4888 ἀλλά
2976 4835 3355 4906 συναχθέντας,
3392 4835 3485 4888 καὶ
3527 4837 3584 4888 ἐν
3629 4835 3712 4887 σοὶ

2138 4933 2293 4995 ὄντας
2334 4930 2613 4985 ἐπιδοῦναι
2664 4930 2938 5002 ἐποίησεν.
2984 4927 3117 4983 Εἶτα
3160 4931 3252 4983 καὶ
3293 4929 3418 4984 ἄλλο
3457 4931 3713 5001 προνοίας

2139 5028 2276 5093 εἶδος
2302 5029 2511 5092 δεικνὺς
2538 5027 2684 5096 λέγει
2703 5044 2718 5058 ο
2765 5028 2817 5080 Ὁ
2843 5027 3023 5092 τιθείς
3050 5028 3120 5081 τὰ
3143 5025 3274 5094 ὄριά
3297 5045 3412 5081 σου
3441 5026 3708 5096 εἰρήνην.

2143 5125 2298 5179 Ἔστι
2324 5124 2432 5194 γὰρ
2463 5125 2556 5178 καὶ
2579 5125 2636 5176 ἐν
2675 5123 2946 5194 ἀσφαλείᾳ
2977 5119 3134 5189 εἶναι,
3167 5123 3263 5176 καὶ
3296 5123 3519 5187 πολλοὺς
3552 5119 3709 5184 εἶναι.

2140 5222 2233 5274 καὶ
2270 5218 2657 5291 πολεμεῖσθαιο
2707 5219 2823 5272 ἀλλ’
2857 5217 3091 5272 ἐνταῦθα
3119 5218 3212 5270 καὶ
3238 5218 3442 5288 ταύτης
3471 5218 3714 5288 ἀπηλλα-

2138 5319 2372 5390 γμένους
2385 5318 2625 5372 δείκνυσι
2651 5317 2748 5388 τῆς
2767 5316 3077 5387 ἐπιϐουλῆς,
3104 5316 3182 5387 τῷ
3201 5317 3371 5381 οὕτως
3398 5319 3590 5382 εἰπεῖν,
3618 5317 3714 5371 κα)⁸

2138 5416 2306 5481 δεῖξαι
2332 5416 2392 5469 οὐ
2425 5413 2523 5486 τὴν
2553 5415 2705 5468 πόλιν
2739 5414 2898 5484 μόνον
2925 5414 3329 5483 ἀπαλλαγεῖσαν
3359 5415 3462 5468 τῶν
3495 5416 3717 5468 ἐπιϐου-

2139 5512 2422 5576 λευόντων,
2449 5509 2585 5564 ἀλλά
2609 5510 2702 5562 καὶ
2727 5509 2896 5573 αὐτὰς
2919 5509 3017 5574 τὰς
3040 5511 3314 5582 ἐσχατιάς.
3354 5506 3510 5574 Εἶδες
3542 5511 3713 5573 πόσας

2141 5607 2458 5680 εὐεργεσίας
2477 5605 2814 5678 ἀπαριθμεῖ;
2839 5605 2944 5660 Καὶ
2976 5606 3198 5678 πρώτην
3219 5607 3310 5662 καὶ
3336 5608 3555 5678 μείζονα
3581 5606 3714 5659 πάν-

2205 5742 2229 5778 d
2261 5739 2394 5788 Unus
2425 5738 2470 5785 τί
2492 5739 2592 5786 ἐστι
2610 5736 2779 5792 τοῦτο;

2209 5816 2230 5842 υ
2259 5801 2532 5850 L'uusaddil
2550 5801 2658 5849 οὐδέ
2677 5800 3045 5860 πεπλανημένον.
3119 5815 3122 5818 ’
