4070 6340
367 332 471 388 477

365 440 586 514 Magnus
637 439 888 498 Dominus
920 452 1086 498 noster
1105 485 1120 507 ,
1170 452 1217 498 et
1246 461 1430 517 magna
1462 448 1617 502 virtus
1647 450 1773 520 ejus.
1803 450 1944 515 Quo-

362 535 506 590 niam
536 549 649 589 rem
675 533 1131 602 dixitmaximam,
1160 551 1219 592 se
1246 546 1323 592 tot
1351 539 1622 594 hominum
1646 542 1832 608 millia,
1854 559 1948 610 per

361 626 667 679 universum
703 617 887 680 orbem
927 635 1085 680 terrze
1131 627 1369 698 dispersa
1394 671 1410 695 ,
1441 645 1561 685 esse
1597 643 1945 704 congregatu-

360 734 499 784 rum,
520 718 777 788 deinceps
791 718 1007 774 disserit
1036 719 1105 775 de
1129 721 1246 788 ejus
1280 723 1536 790 potentia,
1573 723 1787 780 Judmos
1809 766 1825 792 ,
1852 726 1942 796 qui

357 809 519 867 valde
539 812 1018 880 conturbabantur,
1048 821 1106 866 ut
1133 813 1438 877 crederent,
1464 815 1740 871 inducens.
1775 817 1836 872 Et
1859 835 1943 872 sa-

359 903 562 975 pientia:
587 904 698 974 ejus
719 921 818 958 non
847 915 917 958 est
939 922 1193 959 numerus.
1222 905 1300 960 Ne
1321 923 1500 977 quivre
1530 923 1654 978 ergo
1675 910 1941 978 quomodo

357 1007 410 1051 et
451 1012 555 1067 qua
600 998 804 1052 ratione
840 1013 852 1048 :
887 1006 970 1051 est
1013 997 1154 1051 enim
1204 998 1319 1066 ejus
1364 1000 1674 1069 magnitudo
1710 999 1936 1054 inﬁnita.

355 1086 613 1154 Quocirca
643 1088 775 1142 dixit
815 1087 996 1153 etiam,
1029 1086 1396 1160 Magnitudinis
1417 1090 1527 1160 eius
1567 1108 1669 1146 non
1714 1103 1786 1147 est
1823 1094 1941 1161 ﬁnis

359 1179 528 1251 (Psal.
555 1179 676 1234 144.
711 1181 744 1234 5
771 1179 809 1250 ).
857 1178 959 1234 Sed
988 1181 1433 1250 quemadmodum
1476 1181 1675 1236 inﬁnita
1712 1194 1795 1236 est
1828 1200 1940 1237 ma-

354 1271 595 1339 gnitudo,
627 1274 696 1325 ita
737 1271 896 1326 etiam
938 1272 1218 1340 sapientia.
1263 1271 1332 1326 Et
1376 1271 1495 1326 idco
1521 1287 1641 1326 cum
1669 1272 1933 1340 dixisset,

355 1361 577 1433 Magnus
607 1360 852 1415 Dominus
888 1370 1076 1427 noster,
1109 1359 1421 1429 subjunxit:
1449 1361 1515 1414 Et
1544 1364 1809 1432 sapientia
1828 1364 1936 1433 ejus

352 1471 451 1508 non
472 1463 541 1508 est
562 1471 818 1507 numerus.
843 1453 1146 1521 Quinetiam
1171 1453 1501 1508 admirabilis
1517 1463 1599 1508 est
1625 1455 1742 1525 ejus
1757 1456 1935 1510 scien-

351 1547 458 1609 tia;
489 1555 540 1600 et
572 1546 690 1598 ideo
721 1545 974 1600 dicebat:
1011 1543 1263 1599 Mirabilis
1305 1546 1441 1614 facta
1485 1555 1556 1600 est
1603 1548 1811 1601 scientia
1849 1558 1959 1602 tua-

349 1655 414 1692 ea:
452 1654 570 1694 me:
599 1643 881 1708 confortata
917 1647 1019 1704 est,
1052 1654 1151 1691 non
1179 1647 1349 1706 potero
1377 1640 1445 1691 ad
1479 1655 1589 1692 eam
1613 1638 1782 1707 (Psal.
1807 1641 1930 1696 158.

349 1729 444 1800 6).
477 1731 540 1783 Et
561 1739 683 1783 sunt
709 1730 826 1796 ejus
851 1730 1046 1797 judicia
1078 1744 1266 1783 rursus
1296 1729 1660 1785 inscrutabitia
1691 1748 1703 1784 :
1730 1740 1785 1786 et
1811 1732 1934 1788 ideo

352 1821 561 1875 dicebat
591 1837 604 1872 :
637 1819 846 1874 Judicia
891 1834 976 1873 tua
1007 1821 1216 1891 abyssus
1248 1822 1408 1874 multa
1437 1822 1456 1891 (
1489 1821 1635 1876 Psal.
1659 1824 1746 1878 55.
1767 1823 1856 1898 7).

413 1912 468 1966 2.
508 1912 639 1966 Cum
663 1913 871 1982 sitergo
894 1927 1134 1982 magnus,
1161 1923 1365 1981 potens,
1396 1923 1448 1968 et
1476 1916 1708 1983 sapiens,
1740 1931 1809 1971 ne
1842 1917 1929 1972 ni-

345 2007 446 2060 mis
471 2005 682 2059 curiose
712 2005 968 2075 inquiras,
1002 2005 1268 2074 quomodo
1292 2005 1404 2060 haec
1427 2017 1606 2060 erunt.
1638 2008 1691 2062 6.
1747 2007 1929 2063 Susci-

344 2099 484 2167 piens
516 2106 801 2151 mansuetos
836 2095 1105 2163 Dominus,
1137 2097 1412 2152 humilians
1451 2108 1618 2152 autem
1645 2111 1926 2168 peccatores

345 2207 500 2260 usque
527 2190 595 2242 ad
616 2199 819 2244 terram.
849 2189 925 2244 Ne
970 2190 1110 2243 enim
1133 2189 1368 2244 dicerent
1397 2189 1555 2260 aliqui
1595 2191 1924 2260 insipientes,

342 2281 477 2350 Quid
505 2281 572 2336 ad
616 2297 733 2348 nos,
774 2282 818 2336 si
861 2281 1100 2351 perfecte
1147 2281 1296 2335 novit
1342 2290 1484 2336 astra
1527 2283 1747 2337 omnia?
1795 2283 1927 2340 dicit

341 2379 499 2431 etiam
527 2392 708 2430 curam
739 2391 900 2446 quam
929 2376 1062 2446 gerit
1086 2375 1357 2429 hominum
1387 2391 1399 2427 :
1429 2391 1534 2428 non
1563 2375 1700 2430 dixit
1723 2386 1922 2444 autem,

341 2466 506 2536 Opem
535 2467 710 2522 ferens
737 2467 1032 2521 mansuetis
1053 2465 1332 2529 Dominus,
1358 2465 1452 2520 sed
1478 2465 1616 2536 quod
1646 2475 1730 2520 est
1759 2469 1925 2522 multo

339 2557 531 2626 majus,
561 2557 884 2628 Suscipiens:
910 2566 1174 2626 tamquam
1194 2554 1263 2611 de
1287 2555 1486 2610 amanti
1503 2565 1650 2625 patre
1676 2557 1920 2626 loquens.

338 2647 472 2715 Quid
502 2659 584 2702 est
606 2656 806 2713 autem,
834 2647 1127 2715 Suscipiens
1152 2648 1177 2700 ?
1198 2646 1490 2713 Recreans,
1529 2646 1728 2713 ferens,
1762 2647 1883 2716 baju
1903 2679 1918 2688 -

338 2740 474 2794 laus.
504 2739 687 2794 Vidisti
715 2754 898 2794 rursus
930 2737 1216 2807 perfectam
1251 2739 1300 2792 in
1337 2747 1562 2809 utroque
1587 2739 1705 2808 ejus
1728 2748 1919 2806 poten-

338 2833 504 2888 tiam?
531 2849 722 2902 nempe
751 2833 800 2886 in
829 2831 1146 2887 extollendis
1173 2830 1479 2896 humilibus,
1507 2839 1561 2886 et
1587 2833 1636 2886 in
1661 2832 1919 2902 dejicien-

334 2924 417 2977 dis
452 2924 916 2994 deprimendisque
954 2923 1344 2992 arrogantibus.
1371 2922 1484 2976 Non
1516 2923 1686 2978 solum
1737 2931 1918 2978 autem

333 3015 593 3078 humiliat,
621 3016 714 3071 sed
741 3016 902 3069 etiam
929 3029 1270 3083 summopere
1302 3013 1540 3067 humiliat
1569 3030 1583 3066 :
1613 3013 1719 3068 hoc
1774 3014 1914 3068 enim

332 3110 432 3163 sibi
465 3109 576 3163 vult
605 3106 754 3172 illud,
788 3105 959 3177 Usque
985 3105 1054 3159 ad
1080 3115 1286 3159 terram.
1313 3105 1365 3158 7.
1398 3103 1669 3158 Pratcinite
1694 3103 1910 3158 Domino

330 3205 382 3257 in
412 3203 742 3274 confessione.
773 3201 952 3255 Alius,
980 3199 1281 3253 Enumerate
1323 3198 1425 3267 (a).
1476 3198 1761 3268 Postquam
1815 3197 1914 3266 igi-

332 3306 418 3350 tur
445 3295 579 3349 dixit
605 3294 857 3363 prmclara
881 3292 996 3360 ejus
1035 3290 1194 3355 facta,
1223 3305 1406 3344 rursus
1429 3305 1521 3343 cos
1539 3289 1604 3344 ad
1657 3289 1914 3360 hymnum

330 3397 484 3441 vocat
511 3386 693 3441 dicens
728 3402 740 3438 :
770 3383 1041 3438 Prtecinite
1089 3381 1305 3434 Domino
1349 3381 1402 3433 in
1423 3379 1777 3450 confessione:
1814 3379 1916 3433 hoc

327 3487 433 3543 est,
479 3479 531 3532 in
587 3475 875 3548 gratiarum
929 3475 1154 3538 actione,
1202 3487 1321 3527 cum
1379 3487 1570 3543 magno
1617 3471 1792 3526 studio
1850 3485 1915 3525 ac

329 3570 618 3638 diligentia.
664 3566 876 3622 Psallite
927 3565 1031 3621 Deo
1065 3577 1233 3619 nostro
1262 3568 1314 3618 in
1342 3565 1560 3618 cithara.
1589 3564 1759 3630 Alius,
1811 3561 1915 3616 Per

330 3663 492 3733 lyram
519 3661 614 3733 (b).
654 3661 706 3716 8.
737 3660 834 3726 Qui
860 3659 1020 3729 operit
1048 3658 1226 3712 ctelum
1253 3658 1481 3723 nubibus,
1508 3665 1555 3710 et
1581 3666 1727 3726 parat
1770 3665 1916 3712 terra?

329 3757 568 3828 pluviam.
598 3755 675 3811 Ne
702 3756 820 3826 quis
845 3765 1021 3809 autem
1062 3755 1218 3824 plane
1268 3767 1456 3808 sensus
1503 3767 1696 3821 expers
1741 3752 1904 3816 dicat,

333 3849 398 3904 Et
441 3849 564 3919 quid
591 3848 656 3903 ad
685 3863 768 3903 me
797 3847 1075 3902 caelestia?
1116 3845 1392 3914 subjunxit
1441 3847 1621 3900 statim
1670 3847 1722 3899 in
1770 3844 1911 3914 quod

328 3955 464 4010 opus
489 3949 568 3994 est
595 3939 917 4004 hominibus,
945 3937 1234 3993 ostendens
1259 3952 1355 4006 per
1378 3935 1428 3991 id
1454 3935 1594 4007 quod
1621 3936 1906 4006 subjungit,

328 4051 425 4089 cur
451 4035 638 4089 emtum
663 4033 868 4102 operiat
893 4031 1146 4086 nubibus.
1170 4030 1395 4100 Propter
1417 4037 1485 4095 te,
1519 4030 1707 4099 inquit,
1738 4038 1795 4083 ut
1835 4029 1908 4082 ti-

331 4126 380 4180 bi
407 4133 560 4196 paret
581 4124 835 4196 pluviam.
882 4122 1066 4177 Pluvia
1094 4131 1276 4176 autem
1328 4128 1543 4190 propter
1587 4129 1660 4183 te,
1715 4128 1773 4174 ut
1816 4119 1909 4173 tibi

331 4217 528 4272 frenum
558 4215 830 4286 producat.
863 4214 992 4269 Vide
1017 4221 1193 4268 autem
1221 4213 1536 4282 sapientiam
1571 4229 1585 4265 :
1612 4212 1742 4267 dicit
1765 4212 1906 4267 bona

327 4309 591 4380 generalia
619 4324 737 4378 qua:
761 4305 910 4362 dedit
937 4305 1208 4371 omnibus,
1265 4320 1332 4360 ex
1382 4302 1701 4358 redundanti
1755 4304 1908 4374 copia

327 4416 419 4456 ora
447 4416 632 4456 eorum
658 4399 962 4454 obstruens.
1015 4397 1070 4451 Si
1102 4395 1243 4451 enim
1292 4394 1590 4450 inﬁdelibus
1637 4394 1734 4449 fuit
1774 4394 1909 4450 adeo

329 4491 634 4551 muniﬁcus,
661 4498 719 4544 ut
743 4488 911 4543 nubes
954 4495 1190 4558 cogeret,
1214 4496 1268 4542 et
1293 4485 1524 4555 pluviam
1553 4493 1813 4547 moveret.
1855 4495 1910 4541 et

327 4593 524 4638 terram
569 4584 846 4649 excitaret,
879 4581 1046 4635 multo
1073 4581 1242 4650 magis
1293 4579 1465 4636 vobis.
1511 4580 1600 4650 qui
1659 4579 1906 4648 appellati

325 4679 453 4734 estis
483 4680 704 4746 populus
733 4691 848 4746 ejus
871 4675 1172 4742 peculiaris.

397 4768 736 4823 Providentia:
780 4765 1084 4836 amplitudo.
1118 4763 1346 4835 Populus
1392 4763 1484 4818 Dei
1510 4763 1779 4835 peculiaris
1821 4765 1908 4834 qui

325 4862 507 4916 dictus.
554 4890 624 4901 —
667 4859 766 4925 Qui
793 4859 1026 4930 producit
1063 4859 1115 4912 in
1142 4858 1392 4912 montibus
1421 4857 1612 4922 {tenam
1637 4867 1681 4909 et
1702 4856 1910 4910 herbam

324 4954 545 5008 servituti
577 4953 853 5006 hominum.
905 4950 1052 5005 Vide-
1079 4949 1427 5022 providentia).
1477 4947 1904 5017 amplitudinem,

323 5044 537 5117 quando
555 5059 662 5098 non
687 5043 856 5099 solum
881 5043 930 5096 in
949 5026 1165 5112 agris'et
1186 5041 1340 5095 cultis
1359 5039 1592 5109 praediis,
1627 5038 1719 5093 sed
1746 5038 1908 5094 etiam

325 5140 376 5194 in
409 5139 677 5193 montibus
698 5136 894 5191 lautam
920 5136 1008 5188 dat
1037 5149 1294 5198 mensam,
1355 5149 1548 5202 nempe
1594 5131 1906 5187 alimentum

321 5233 706 5300 jumentorum,
747 5243 864 5296 quae
912 5226 976 5279 ad
1022 5225 1324 5280 hominibus
1381 5224 1720 5279 serviendum
1765 5222 1904 5278 facta

322 5330 466 5376 sunt.
497 5318 564 5373 Et
591 5318 711 5372 ideo
748 5316 1017 5387 subjungit
1047 5325 1062 5366 :
1090 5316 1144 5370 9.
1176 5315 1275 5382 Qui
1324 5314 1411 5368 dat
1455 5315 1701 5384 jumentis
1741 5331 1907 5370 escam

322 5415 568 5483 ipsorum,
593 5421 642 5466 st
665 5411 824 5484 pullis
868 5425 1132 5464 corvorum
1166 5409 1513 5463 invocantibus
1555 5425 1686 5462 eum.
1731 5409 1902 5464 Aliam

376 5560 449 5624 (τι)
489 5559 625 5624 Hanc
663 5554 932 5624 Wiener?
969 5553 1074 5624 ((Ξτ·
1107 5547 1415 5624 καταλέξας)
1459 5551 1750 5624 εδιιὲῐξιθριιρ
1795 5549 1884 5599 "i-

314 5611 472 5686 buntin
490 5619 644 5686 Codd
667 5615 810 5686 Regii
821 5631 858 5686 ἑ
886 5611 1080 5686 Aquilae
1101 5620 1266 5663 autem
1292 5611 1468 5686 lectio,
1487 5611 1691 5686 jubilate
1716 5615 1882 5686 (και-ᾳ-

322 5682 595 5743 tardem),
616 5674 809 5729 duobits
821 5674 991 5740 Regiis
1012 5675 1123 5726 Mss.
1151 5676 1406 5726 asseritur.
1428 5674 1554 5733 Vtix,
1580 5677 1880 5733 Enttmcrate,

321 5753 469 5820 etiam
492 5754 684 5820 gptime
704 5749 913 5820 quadrat
932 5747 998 5820 .ad
1029 5759 1194 5820 vocem
1215 5747 1318 5820 ἓν.
1452 5808 1462 5820 _
1487 5805 1498 5814 ἱ

387 5815 454 5879 (b)
490 5807 604 5866 Ηὲο
626 5807 791 5872 lectio,
814 5825 902 5876 pcr
926 5807 1101 5874 lyram,
1126 5815 1201 5858 est
1225 5807 1517 5868 Symmachi.

1289 334 1649 393 EXPOSITIO
1687 336 1752 392 IN
1793 337 2112 396 PSALHUM
2151 341 2380 398 CXLVI.
2423 345 2509 401 ET
2547 345 2798 403 CXLVII.

3535 356 3640 417 57S

2057 468 2242 509 rursus
2271 455 2402 512 dicit
2426 460 2868 528 muniﬁcentiam,
2903 473 2960 518 ut
2987 465 3074 535 qui
3101 482 3206 521 non
3235 468 3408 524 solum
3431 470 3634 536 jumen-

2056 543 2145 610 tis,
2172 563 2291 616 quae
2319 550 2560 605 serviunt
2582 551 2906 622 hominibus,
2935 556 3027 611 dat
3049 572 3226 613 escam
3251 559 3512 631 Ipsorum,
3541 565 3636 621 sed

2052 636 2212 691 etiam
2240 637 2356 693 aliis
2382 640 2550 696 brutis
2579 660 2592 696 :
2625 641 2693 696 Et
2736 646 2890 715 pullis
2937 648 3101 716 enim,
3134 651 3323 722 inquit,
3371 670 3634 714 corvorum

2049 728 2393 784 invocantibus
2422 748 2552 785 eum.
2577 733 2631 788 Si
2657 746 2832 790 autem
2864 737 3034 794 brutis
3057 749 3112 796 et
3137 742 3304 797 brutis
3333 746 3632 814 agrestibus

2050 828 2104 873 et
2129 836 2247 890 qua!
2273 821 2577 879 hominibus
2594 827 2812 882 minime
2842 829 3156 900 inserviunt,
3176 842 3319 889 tanta
3343 836 3627 893 adhibetur

2052 915 2380 985 providentia
2415 935 2429 971 :
2459 930 2658 988 quanto
2682 923 2846 992 magis
2872 922 3192 990 hominibus,
3227 938 3280 982 et
3328 927 3630 984 hominibus

2047 1009 2137 1078 qui
2169 1025 2289 1064 eum
2315 1011 2524 1082 hymnis
2550 1022 2605 1067 et
2657 1014 2897 1069 laudibus
2941 1017 3233 1082 celebrant,
3287 1037 3421 1089 quos
3468 1025 3629 1076 etiam

2047 1110 2330 1170 propterea
2360 1106 2568 1159 vocavit
2590 1106 2843 1175 populum
2874 1108 3216 1177 peculiarem,
3242 1121 3297 1165 et
3323 1115 3401 1166 sui
3439 1115 3631 1182 portio-

2045 1195 2213 1248 nem?
2261 1195 2459 1251 Deinde
2506 1199 2756 1268 quoniam
2810 1209 2963 1254 erant
3015 1202 3265 1257 imbecilli
3290 1217 3342 1259 et
3368 1205 3621 1269 inermes,

2044 1294 2098 1341 et
2139 1288 2320 1342 nudati
2351 1291 2619 1356 omnibus,
2654 1308 2720 1347 ne
2759 1308 2824 1348 ex
2871 1309 2939 1348 eo
2990 1297 3456 1366 eonturbarentur,
3509 1300 3628 1354 vide

2042 1378 2310 1446 quomodo
2336 1379 2471 1434 hanc
2495 1397 2706 1452 quoque
2728 1398 2912 1437 eorum
2936 1386 3155 1456 corrigit
3186 1388 3627 1456 imbecillitatem,

2041 1469 2244 1536 dicens,
2275 1471 2362 1526 10.
2395 1470 2514 1524 Νοη
2540 1473 2592 1526 in
2608 1475 2904 1542 fortitudine
2929 1477 3042 1546 equi
3070 1478 3376 1532 voluntatem
3403 1479 3624 1546 habebit,

2040 1575 2197 1630 neque
2219 1561 2272 1614 in
2307 1561 2441 1616 tibiis
2468 1562 2562 1616 viri
2600 1563 2964 1636 bcneplacitum
2985 1577 3057 1621 est
3082 1569 3148 1622 ei.
3181 1570 3268 1624 H.
3317 1569 3624 1640 Beneplaci-

2039 1663 2143 1706 tum
2163 1664 2239 1708 est
2252 1652 2473 1708 Domino
2492 1672 2642 1724 super
2665 1657 2892 1711 timentes
2917 1674 3052 1726 eum,
3079 1669 3126 1713 et
3145 1660 3198 1713 in
3225 1661 3297 1714 eis
3315 1662 3401 1732 qui
3420 1671 3626 1732 sperant

2037 1762 2190 1816 super
2209 1747 2548 1801 misericordia
2573 1750 2700 1820 ejus.
2719 1749 2889 1817 Alius,
2912 1750 3012 1815 Qui
3023 1761 3310 1821 exspectant
3337 1754 3622 1808 misericor-

2037 1837 2172 1891 diam
2195 1840 2303 1910 ejus
2321 1846 2360 1892 ί.
2389 1839 2446 1894 Si
2475 1840 2608 1908 haec,
2639 1841 2831 1912 inquit,
2862 1841 3123 1907 habeatis,
3155 1855 3352 1898 metum
3393 1845 3617 1911 scilicet,

2035 1937 2091 1984 et
2115 1930 2402 1999 perfectam
2426 1931 2477 1986 in
2506 1948 2628 1987 eum
2651 1947 2823 2002 spem,
2851 1934 3129 1989 attrahetis
3159 1935 3275 2004 ejus
3303 1937 3620 1991 benevolen-

2035 2025 2161 2080 tiam
2188 2043 2200 2078 :
2231 2035 2424 2082 etcum
2465 2028 2825 2096 attraxeritis,
2856 2029 2919 2084 iis
2943 2030 3032 2099 qui
3072 2045 3239 2099 equos
3268 2043 3320 2084 et
3345 2047 3492 2086 arma
3527 2031 3625 2086 ha-

2034 2118 2162 2174 bent
2183 2120 2332 2175 eritis
2361 2121 2706 2189 potentiores.
2725 2121 2899 2178 Unum
2923 2130 3004 2176 est
3023 2138 3150 2193 ergo
3173 2124 3313 2193 quod
3337 2124 3614 2193 qumritur,

2032 2221 2090 2266 ut
2113 2228 2218 2267 non
2248 2228 2389 2284 aegre
2417 2212 2620 2281 feratis,
2649 2230 2823 2286 neque
2844 2215 3247 2284 perturbemini,
3275 2216 3369 2270 sed
3421 2233 3615 2286 exspe-

2031 2307 2186 2361 ctetis
2207 2305 2325 2375 ejus
2351 2307 2775 2362 misericordiam
2804 2325 2818 2362 :
2846 2310 2897 2363 in
2925 2307 3028 2364 hoc
3052 2309 3193 2362 enim
3230 2323 3353 2378 spes
3385 2311 3618 2365 maxime

2030 2399 2293 2463 consistit,
2326 2408 2382 2452 ut
2423 2400 2524 2454 etsi
2579 2415 2687 2454 non
2733 2400 2910 2454 statim
2963 2402 3349 2471 acceperimus,
3401 2403 3621 2459 minime

2029 2488 2394 2560 desperemus,
2427 2507 2528 2547 nec
2575 2493 2813 2547 animum
2840 2494 3172 2563 abjiciantus.
3221 2492 3391 2550 Recte
3438 2508 3616 2552 autem

2028 2581 2183 2648 dixit,
2218 2582 2284 2637 In
2302 2585 2648 2638 misericordia
2666 2585 2793 2654 ejus.
2838 2585 3023 2656 Neque
3070 2589 3213 2643 enim
3255 2589 3519 2643 habebant
3561 2588 3614 2643 in

2028 2672 2178 2729 factis
2201 2675 2310 2729 suis
2338 2675 2606 2730 ﬁduciam.
2637 2675 2742 2732 Sed
2779 2688 2976 2743 tamen,
3007 2679 3198 2749 inquit,
3227 2682 3327 2734 etsi
3354 2697 3447 2734 vos
3472 2681 3613 2738 facta

2025 2765 2387 2833 dcstituerint,
2440 2769 2665 2836 Speretis
2710 2777 2889 2824 autem
2941 2770 2992 2824 in
3042 2771 3158 2841 ejus
3213 2773 3602 2842 misericordia,

2023 2860 2380 2928 asscquemini
2415 2859 2802 2927 providentiam
2829 2872 2884 2916 et
2902 2861 3018 2932 ejus
3048 2863 3303 2920 auxilium
3334 2881 3346 2916 :
3375 2881 3497 2934 qua:
3523 2865 3613 2922 de-

2025 2957 2110 3004 tur
2148 2950 2300 3005 nobis
2321 2953 2569 3006 omnibus
2585 2953 2861 3022 consequi,
2894 2954 3060 3021 gratia
3097 2967 3150 3008 et
3175 2956 3454 3010 clementia
3503 2957 3612 3011 Do-

2021 3041 2150 3094 mini
2176 3043 2344 3097 nostri
2367 3042 2494 3097 Jesu
2547 3043 2767 3110 Christi,
2825 3045 2910 3099 cui
2960 3045 3126 3114 gloria
3155 3055 3208 3101 et
3252 3048 3510 3117 potentia,
3558 3049 3614 3106 in

2022 3135 2216 3189 sarcula
2247 3136 2586 3190 saiculorum.
2615 3138 2806 3190 Amen.

2461 3245 2529 3301 IN
2568 3247 2892 3303 PSALMUM
2923 3248 3173 3304 CXLVII.

2023 3339 2074 3394 1.
2109 3339 2313 3406 Lauda,
2359 3339 2665 3409 Jerusalem,
2705 3339 2993 3406 Dominum,
3045 3341 3199 3396 lauda
3244 3342 3409 3397 Deum
3445 3354 3606 3411 tuum,

2741 3433 2891 3489 Sion.

2090 3549 2144 3603 1.
2182 3546 2299 3603 Non
2327 3546 2397 3601 ad
2429 3546 2737 3613 civitatem,
2767 3546 2860 3602 sed
2891 3546 2957 3602 ad
2983 3562 3080 3603 eos
3104 3549 3195 3618 qui
3240 3550 3290 3604 in
3335 3551 3423 3604 illa
3462 3550 3613 3606 habi-

2019 3649 2154 3708 tant,
2185 3640 2366 3711 dirigit
2409 3641 2707 3696 orationem
2741 3657 2755 3694 :
2798 3640 2940 3711 quod
2975 3657 3070 3711 per
3098 3651 3264 3696 totum
3297 3644 3490 3698 librum
3533 3644 3612 3699 fa-

2018 3734 2122 3799 cit,
2156 3733 2255 3788 hoc
2285 3748 2500 3802 quoque
2531 3732 2619 3787 hic
2643 3732 2864 3788 faciens.
2894 3734 3121 3789 Assidue
3159 3746 3336 3789 autem
3368 3735 3612 3790 hortatur

2016 3832 2070 3880 et
2093 3823 2346 3890 consulit,
2383 3834 2439 3878 ut
2464 3825 2752 3890 gratiarum
2781 3825 3047 3881 actionem
3079 3826 3187 3881 Deo
3213 3841 3312 3896 pro
3337 3826 3610 3882 beneﬁciis

2016 3918 2262 3983 offerant,
2309 3927 2365 3973 et
2403 3933 2576 3988 neque
2608 3918 2662 3972 in
2697 3917 2958 3984 tediﬁciis,
2989 3934 3089 3974 nec
3115 3919 3167 3972 in
3194 3919 3384 3972 validis
3413 3936 3610 3990 propu-

2015 4009 2274 4080 gnaculis,
2307 4008 2399 4064 sed
2430 4009 2481 4062 in
2526 4009 2642 4077 ejus
2689 4009 3018 4079 previdentia
3063 4009 3305 4064 ﬁduciam
3357 4010 3606 4066 habeant.

2016 4103 2126 4158 Hoc
2157 4103 2320 4157 veluti
2349 4103 2498 4172 prius
2534 4102 2680 4171 jacto
2729 4101 3099 4169 fundamento,
3128 4103 3418 4172 subjungit,
3451 4115 3503 4160 et
3529 4105 3608 4159 di-

2015 4195 2120 4249 cit:
2155 4193 2209 4247 ‘2.
2253 4193 2505 4260 Quoniam
2550 4194 2855 4267 confortavit
2893 4210 3030 4248 seras
3077 4205 3337 4267 portarum
3383 4207 3604 4263 tuarum,

2006 4285 2265 4356 benedixit
2282 4287 2402 4354 filiis
2429 4289 2528 4340 tuis
2553 4265 2605 4340 iit
2632 4297 2697 4340 te.
2724 4285 2860 4354 Quid
2886 4296 2989 4352 est,
3018 4265 3155 4343 seras
3182 4289 3519 4357 confortavit?
3548 4290 3605 4344 In

2016 4388 2149 4443 luto,
2177 4378 2364 4448 inquit,
2397 4387 2449 4432 te
2497 4377 2799 4443 collocavit,
2830 4377 2953 4432 fecit
2978 4379 3464 4448 inexpugnabilem.
3496 4378 3602 4436 Be-

2013 4473 2205 4527 nedizcit
2243 4473 2363 4541 ﬁliis
2392 4473 2510 4538 tuis,
2549 4471 2650 4526 hoc
2671 4481 2776 4536 est,
2803 4472 2950 4525 auxit
2973 4471 3026 4526 in
3049 4487 3292 4542 magnam
3315 4473 3606 4527 multitudi-

2014 4582 2157 4622 nem.
2191 4565 2302 4621 lloc
2338 4581 2501 4619 unum
2541 4573 2626 4619 est
2659 4579 2830 4634 genus
2863 4563 3103 4618 beneﬁcii
3160 4582 3173 4617 :
3220 4565 3445 4618 alterum
3478 4580 3604 4620 vero

2012 4667 2094 4714 est
2124 4657 2271 4722 illud,
2311 4655 2378 4710 In
2408 4667 2474 4711 te.
2506 4656 2620 4710 lloc
2644 4663 2727 4710 est
2751 4665 2926 4710 autem
2959 4655 3097 4725 quod
3127 4655 3291 4709 dicit:
3331 4671 3434 4709 non
3464 4655 3604 4709 divi-

2013 4767 2119 4816 sos,
2149 4766 2249 4806 nec
2267 4751 2537 4820 dispersos
2557 4750 2603 4813 ',
2631 4749 2726 4804 sed
2753 4749 2804 4803 in
2834 4763 2885 4804 te
2911 4759 3261 4819 congregatos
3289 4749 3441 4802 auxit
3469 4749 3605 4802 mul-

2015 4847 2261 4901 titudine.
2296 4843 2501 4899 Deinde
2529 4842 2670 4898 aliud
2701 4858 2914 4913 quoque
2940 4842 3229 4896 ostendens
3257 4840 3603 4912 providentia:

2012 4952 2182 5008 genus
2217 4936 2383 4992 dicit:
2413 4936 2470 4990 5.
2496 4935 2597 4998 Qui
2627 4936 2769 5004 ponit
2797 4934 2925 5003 ﬁnes
2950 4943 3060 4987 tuos
3088 4949 3278 5002 pacem.
3298 4932 3433 4987 Fieri
3461 4933 3602 4986 enim

1989 5036 2189 5097 potest
2209 5034 2269 5080 ut
2292 5035 2346 5081 et
2370 5027 2422 5080 in
2454 5035 2568 5080 tuto
2600 5025 2727 5090 sint,
2759 5033 2813 5080 et
2842 5024 2995 5079 multi
3024 5024 3150 5091 sint,
3183 5034 3238 5078 et
3265 5033 3441 5078 tamen
3462 5023 3603 5078 bello

2012 5127 2273 5174 vexentur
2296 5135 2308 5171 :
2333 5117 2426 5172 sed
2447 5117 2516 5171 ab
2537 5116 2620 5171 his
2640 5131 2854 5188 quoque
2876 5115 3084 5171 insidiis
3105 5116 3338 5171 ostendit
3361 5129 3456 5170 eos
3482 5129 3602 5168 esse

2012 5211 2231 5276 liberos,
2263 5226 2386 5266 cum
2416 5210 2495 5263 sic
2518 5209 2676 5277 dixit,
2703 5217 2760 5265 et
2795 5208 3043 5264 indicavit
3090 5224 3196 5262 non
3245 5209 3419 5263 solum
3466 5206 3600 5260 civi-

2016 5311 2178 5356 tatem
2209 5317 2329 5356 esse
2352 5301 2573 5356 liberam
2601 5301 2670 5354 ab
2692 5299 3112 5362 insidiatoribus,
3143 5299 3237 5354 sed
3269 5300 3414 5366 ipsos
3440 5300 3601 5351 etiam

2012 5395 2168 5449 ﬁnes.
2197 5393 2386 5448 Vidisti
2417 5403 2546 5463 quot
2575 5391 2833 5448 beneﬁcia
2865 5391 3158 5448 recenset?
3201 5391 3438 5445 Primum
3476 5388 3598 5458 qui-

2075 5531 2090 5562 ¹
2127 5527 2267 5578 savii.
2291 5527 2416 5578 hanc
2433 5529 2748 5587 varietatem,
2773 5528 2999 5578 omissam
3031 5528 3079 5576 in
3105 5532 3274 5585 textu,
3308 5525 3358 5575 in
3379 5524 3605 5587 margine

2008 5593 2244 5654 reposuit.
2267 5599 2414 5650 quam
2436 5591 2635 5654 quidem
2658 5586 2773 5640 esse
2795 5590 3057 5655 Symmachi
3081 5602 3145 5638 ex
3168 5601 3229 5638 eo
3250 5586 3602 5652 conjiciendum

2010 5649 2270 5751 estaquod
2292 5649 2402 5723 iste
2437 5649 2482 5721 1⁷.
2519 5681 2637 5751 Reg.
2677 5672 2766 5732 l5,
2799 5649 2864 5732 ,
2885 5649 2977 5729 ιπιη
2999 5677 3164 5722 Grece
3208 5649 3380 5731 vertit,
3417 5682 3601 5734 dum»,

2008 5746 2137 5808 quod
2163 5751 2240 5794 est
2256 5779 2271 5802 ,
2295 5746 2605 5808 caspectavt't.

2075 5810 2095 5840 ³
2130 5815 2257 5856 cans
2279 5807 2428 5865 addit,
2452 5817 2538 5856 nec
2560 5810 2798 5856 errantes.
