2035 3170
240 168 289 196 £79

236 225 297 252 dem
308 245 316 258 ,
329 230 355 252 et
369 224 440 260 quod
453 229 495 252 est
513 224 634 252 omnium
653 224 797 251 maximum
806 244 814 257 ,
828 222 899 258 quod
923 222 1030 254 dixerit,

238 270 320 297 Deum
341 275 422 298 tuum.
437 271 489 298 Per
503 271 555 298 hoc
568 271 640 298 enim
653 270 764 297 verbum
784 269 848 296 dicit
862 268 918 295 bzec
931 268 1031 295 omnia.

237 316 275 344 ‘l‘e
296 317 386 345 effecit
405 317 575 349 familiarem,
592 323 618 345 te
631 324 708 345 suum
729 317 790 344 fecit
811 316 949 349 heredem,
970 323 1032 345 cum

238 363 272 390 sit
286 364 438 391 communis
451 364 569 391 omnium
585 362 714 390 Dominus
726 383 734 396 ,
749 367 791 390 est
804 362 936 397 pra-cipue
953 367 1030 389 tuus:

239 409 307 444 quod
321 410 427 445 quidem
442 414 486 437 est
500 410 615 445 primum
630 415 708 443 caput
723 409 864 436 bonorum.
880 407 1032 436 Secundum

239 461 338 489 autem,
367 456 501 483 civitatem
526 455 553 482 in
573 460 629 482 tuto
656 454 807 483 collocavit.
832 454 963 486 Tertium,
986 461 1033 482 eos

238 501 603 536 multiplieavit.Quartum,a
617 500 692 528 bellis
701 505 728 527 et
742 499 898 527 tumultibus
911 499 1034 527 liberavit

239 556 290 574 non
304 548 390 576 solum
406 547 552 579 civitatem,
567 546 613 574 sed
630 546 710 573 etiam
732 546 881 573 universam
901 549 1008 580 gentem
1024 553 1032 578 ;

238 599 319 628 alque
332 601 385 620 non
398 600 452 619 uno
467 597 580 625 tantum,
597 596 642 619 aut
653 592 748 624 altero,
762 595 808 619 aut
821 591 899 619 tertio
914 596 1035 626 tempore

239 639 291 668 hoc
303 639 375 670 fecit,
390 639 438 667 sed
454 640 479 666 id
495 639 557 667 fecit
574 643 702 674 perpetuo
718 648 725 666 :
739 646 793 666 non
806 638 871 666 dicit
884 639 966 671 enim,
981 637 1033 671 Qui

240 685 337 718 posuit,
351 684 410 717 sed,
426 685 477 718 Qui
494 685 574 720 ponit.
588 684 665 718 Quod
680 684 702 711 si
717 684 784 711 bella
798 684 956 719 quandoque
968 691 1033 711 eve—

240 735 347 762 nerunt,
364 739 417 757 non
432 730 503 766 quod
518 730 575 765 ipse
588 738 636 758 eos
648 730 825 765 relinqueret,
840 729 886 756 sed
899 729 970 764 quod
984 729 1033 764 ipsi

240 777 383 809 I'exilirent,
405 777 430 804 id
454 777 553 804 factum
576 781 636 804 est:
660 775 712 803 boc
729 775 800 803 enim
815 775 863 803 fuit
876 779 1033 810 perpetuum

238 823 297 856 ejus
310 830 388 857 opus,
402 822 517 855 munire,
533 823 558 849 in
569 826 627 849 tuto
636 822 778 854 collocare,
792 826 820 849 ιιι
832 822 866 848 ab
876 822 948 848 onmi
961 821 1034 849 bello

238 875 266 896 et
282 869 395 896 tnnmltu
408 869 484 896 liberi
496 873 588 896 essent
601 873 738 903 praestare.

275 915 362 942 Terra:
391 914 508 947 fertilitas
537 914 585 941 Dei
607 914 771 949 providentia:
796 912 975 940 adscribenda.
997 927 1033 933 —

243 961 345 988 Deinde
366 960 438 987 aliud
453 968 559 995 quoque
580 967 632 986 una
647 967 707 986 cuin
724 959 774 986 hoc
786 958 851 986 dicit
862 958 1030 991 beneﬁcium,

240 1014 335 1042 nempe
359 1014 482 1041 magnam
497 1013 613 1033 annuam
633 1005 808 1038 fertilitatem,
823 1009 852 1032 et
866 1004 964 1032 bonum
979 1003 1033 1032 fru-

237 1058 328 1081 ctuum
344 1057 512 1088 proventum,
526 1060 620 1080 rursus
633 1052 676 1079 hic
691 1052 763 1086 ipsius
777 1051 877 1079 docens
888 1059 939 1078 non
955 1056 1033 1079 terra:

238 1107 287 1126 nec
300 1100 371 1126 aeris
383 1104 495 1131 naturae,
511 1098 558 1126 sed
571 1098 629 1132 ejus
645 1097 817 1132 providentia:
830 1099 917 1125 onmia
930 1098 1033 1124 adscri-

239 1145 312 1173 bere.
326 1144 413 1179 Quam
436 1143 649 1178 providentiam?
666 1143 731 1170 Eam
745 1150 825 1177 quam
844 1142 980 1177 subjunxit
992 1142 1033 1170 di-

236 1199 311 1222 cens,
332 1190 365 1217 Et
385 1191 461 1225 adipe
483 1190 602 1225 fruutenti
625 1189 700 1215 satiat
721 1188 770 1215 te?
795 1187 859 1215 Vide
876 1197 883 1214 :
899 1195 951 1215 non
965 1187 1033 1215 dixit

236 1237 368 1269 absolute,
390 1235 576 1265 Frumentum.
596 1234 655 1267 sed,
670 1234 753 1269 Adipe
763 1234 893 1269 frumenti,
909 1241 1031 1269 magnam

236 1283 381 1310 ostendens
395 1281 609 1317 prosperitatem.
628 1280 717 1314 Adeps
730 1280 802 1307 enim
817 1279 954 1313 frumenti,
978 1279 1033 1307 fru-

236 1335 296 1356 ctus
318 1329 410 1356 liorem
431 1333 458 1356 et
474 1328 500 1355 id
517 1329 588 1362 quod
602 1331 644 1354 est
663 1326 781 1361 opimum
802 1325 944 1361 signiﬁcat.
958 1325 1031 1352 Talia

236 1379 299 1403 sunt
311 1375 382 1402 enim
397 1374 443 1402 Dei
459 1374 538 1406 dona,
553 1373 636 1409 proba
650 1377 677 1400 et
691 1371 825 1399 florentia.
847 1372 955 1406 Optimo
967 1379 1032 1406 ergo

237 1421 370 1449 frumento
385 1427 433 1448 eos
445 1419 488 1447 bic
500 1419 565 1447 dicit
577 1417 763 1446 liberalissime
773 1416 885 1452 expleri.
894 1416 950 1445 Hoc
959 1416 1031 1444 enim

236 1467 391 1503 signiﬁcans
413 1474 465 1494 non
490 1466 567 1498 dixit,
591 1464 641 1498 Qui
661 1465 717 1497 dat,
740 1464 798 1497 sed,
825 1463 875 1497 Qui
899 1468 922 1490 te
945 1463 1029 1490 satiat.

237 1515 264 1541 4.
286 1513 335 1546 ριιὶ
348 1512 438 1540 emittit
452 1512 578 1546 eloquium
592 1519 666 1538 suum
678 1515 759 1536 terrte.
774 1509 851 1543 Quod
866 1509 954 1536 facere
967 1516 1032 1535 con-

236 1560 332 1592 sucvit,
345 1563 375 1586 ut
388 1567 403 1586 a
420 1558 529 1593 privatis
544 1557 576 1584 ad
589 1556 751 1588 communia,
767 1560 795 1582 et
808 1563 822 1582 a
842 1555 1030 1583 communibus

236 1614 330 1634 rursus
341 1605 373 1632 ad
389 1605 490 1640 privata
506 1603 650 1631 transferat
662 1603 822 1634 orationem,
843 1602 893 1628 hoc
909 1601 951 1629 hic
965 1610 1031 1637 quo-

237 1660 288 1687 que
309 1651 381 1679 facit.
396 1651 538 1684 Postquam
560 1648 631 1676 enim
646 1648 727 1678 dixit.
741 1647 832 1675 Lauda
852 1646 933 1674 Deum
949 1652 1029 1679 tuum,

237 1708 270 1725 ne
290 1697 349 1733 quis
371 1697 501 1731 insipiens
525 1696 690 1723 existimaret
708 1702 770 1722 eum
790 1702 851 1721 esse
866 1694 949 1721 Deum
971 1699 1030 1720 tan-

237 1750 291 1770 tum
304 1743 468 1774 Judmorttm,
478 1741 597 1769 ostendit
611 1740 747 1776 quomodo
759 1740 794 1768 sit
804 1740 939 1767 universae
951 1743 1031 1767 terra:

236 1790 386 1817 communis
399 1789 480 1821 Deus,
497 1794 525 1815 ct
537 1795 586 1823 per
600 1792 685 1814 totum
707 1787 800 1814 orbem
823 1791 902 1814 terra;
922 1790 1030 1813 extensa

236 1836 271 1863 sit
289 1835 347 1870 ejus
362 1834 526 1869 providentia
538 1854 546 1866 ,
560 1841 574 1859 a
598 1832 708 1868 privatis
721 1832 754 1860 ad
769 1832 795 1859 id
808 1832 878 1867 quod
899 1836 941 1859 cst
956 1839 1031 1858 cont-

237 1890 316 1909 mune
329 1881 464 1908 deducens
478 1880 625 1907 orationem
638 1899 645 1912 ,
660 1884 688 1906 et
708 1878 741 1905 ad
765 1878 917 1913 generalem
943 1877 1032 1912 prori-

239 1928 367 1956 dentiam.
392 1927 426 1955 Et
441 1927 500 1955 ideo
511 1934 571 1953 cum
586 1925 715 1957 dixisset,
733 1925 784 1959 Qui
799 1925 888 1952 emittit
903 1924 1032 1960 eloquium

235 1982 308 2002 suum
331 1978 414 2006 ιιι-ηε,
439 1972 594 2007 subjunxit:
621 1971 746 1999 Velociter
765 1970 844 1997 currit
864 1979 947 1997 sermo
966 1971 1030 2006 ejus.

237 2019 295 2047 Hoc
313 2025 401 2046 autem
416 2019 492 2050 dixit,
510 2017 654 2046 ostendens
676 2024 737 2044 eum
758 2024 810 2044 non
826 2016 912 2043 solum
934 2021 1032 2044 nostrae

237 2065 368 2101 regionis,
381 2064 427 2092 sed
442 2064 558 2091 universi
573 2063 645 2091 orbis
658 2068 789 2090 terrarum
816 2069 906 2089 curam
927 2069 1030 2097 gerere.

234 2109 380 2146 Eloquium
395 2115 484 2137 autem
499 2109 543 2137 hic
556 2109 621 2136 dicit
637 2109 753 2143 jussum,
777 2109 959 2143 operationem
981 2116 1032 2143 qua

238 2156 359 2191 providet
372 2160 398 2182 et
413 2155 549 2190 prospicit.
566 2154 667 2182 Deinde
675 2161 754 2189 quam
768 2154 803 2181 sit
812 2153 906 2187 facilis,
917 2158 945 2181 et
952 2161 1032 2189 quam

239 2202 265 2229 in
286 2207 408 2237 promptu
426 2200 571 2228 ostendens
590 2206 643 2227 non
658 2200 768 2227 nomine
781 2200 868 2227 solum
886 2199 1030 2233 sermonis,

238 2247 284 2275 sed
306 2247 387 2275 etiam
411 2247 588 2281 appellatione
607 2253 701 2273 cursus
720 2246 746 2273 id
766 2245 942 2281 signiﬁcavit:
957 2250 985 2273 et
999 2253 1033 2274 ne

239 2294 290 2321 hoc
302 2293 407 2328 quidem
422 2292 487 2320 satis
505 2300 564 2320 esse
576 2291 662 2324 duxit,
675 2291 722 2319 sed
738 2291 816 2319 etiam
832 2291 930 2327 adjecit
940 2290 1032 2324 ,Velo-

236 2341 308 2367 Gller.
322 2338 399 2371 Quod
415 2342 504 2365 autem
522 2337 606 2370 dicit,
626 2341 668 2364 est
681 2337 809 2372 ejusmodi
822 2346 829 2363 :
842 2336 1034 2372 Quodcumque

237 2384 355 2419 jusserit,
378 2383 407 2410 ﬁt
429 2390 491 2409 cum
510 2382 624 2409 maxima
648 2382 794 2409 celeritate.
810 2382 861 2409 Per
879 2382 1032 2409 universum

238 2429 309 2457 enim
321 2429 412 2456 orbem
427 2433 505 2456 terra:
518 2428 641 2463 imperat.
659 2428 726 2462 Quid
741 2434 828 2455 autem
845 2428 981 2462 imperat?
995 2428 1033 2455 Ea

237 2482 296 2511 qua:
310 2478 428 2501 nostram
445 2473 524 2500 vitam
537 2473 674 2501 continent
686 2495 693 2506 ,
707 2481 767 2508 qua:
781 2478 903 2510 spectant
915 2473 949 2501 ad
962 2474 1033 2501 aeris

237 2519 507 2552 administrationem,
529 2524 731 2555 temporumque
751 2520 925 2547 mutationem
947 2524 977 2548 et
992 2520 1033 2548 vi-

237 2566 431 2595 cissitudinem.
448 2566 482 2593 Et
496 2565 556 2593 ideo
570 2566 707 2601 subjungit
720 2565 821 2599 dicens,
836 2566 863 2594 5.
875 2566 925 2600 Qui
937 2566 981 2593 dat
993 2566 1034 2594 ni-

238 2622 291 2640 uem
311 2614 375 2641 sicut
387 2613 473 2639 lanam
484 2620 494 2639 .'
508 2612 624 2639 nebulam
643 2612 707 2639 sicut
726 2613 835 2639 cinerem
854 2613 962 2648 spargit.
977 2612 1034 2641 Hoc

238 2659 308 2687 alius
326 2658 433 2694 quidam
459 2658 590 2692 interpres
612 2657 685 2689 dicit,
708 2657 800 2684 Rorem
814 2662 967 2685 concretum.
982 2658 1034 2685 He-

239 2705 326 2733 braeus
340 2710 428 2732 autem
440 2702 557 2738 Cltepltor
567 2703 697 2737 Chaeplter
712 2703 762 2738 (a).
785 2703 810 2731 6.
829 2703 909 2730 Mittit
923 2703 1032 2739 crystal-

241 2752 292 2778 lum
304 2758 375 2778 suam
387 2749 451 2777 sicut
463 2748 596 2776 buccellae.
609 2749 672 2776 Ante
688 2748 781 2783 facient
793 2749 896 2785 frigoris
913 2753 968 2784 ejus
977 2749 1033 2785 quis

275 2804 311 2834 (a)
323 2803 403 2828 Voces
423 2803 535 2827 Hebraea
555 2805 629 2833 sunt,
641 2804 717 2829 ﬁas:
730 2803 813 2831 ἾῚΞ),
830 2809 933 2833 quarum
951 2803 1028 2833 prima

242 2837 296 2862 sola
308 2836 414 2869 exprimi
427 2836 531 2869 debuit:
546 2844 601 2869 nam
615 2836 676 2861 illud
693 2838 770 2864 Ἴτε).
787 2837 905 2869 Cliepltor,
916 2834 1028 2869 pruinam

194 2891 197 2893 ,
242 2869 282 2892 Vel
293 2867 404 2892 nebulam
413 2867 542 2899 signiﬁcat.
555 2867 676 2899 lllamque
688 2875 771 2893 vocem
781 2867 859 2893 solain
869 2867 1029 2898 Symmachus

243 2899 333 2929 vertit,
356 2905 436 2924 rorem
451 2899 614 2924 addensattun
632 2900 730 2931 (δρόσον
755 2899 932 2932 πεπηγμένην),
955 2903 983 2924 ιιι
1003 2899 1029 2924 in

596 167 625 194 S.
638 166 778 195 JOANNIS
796 165 1034 200 CHRYSOSTOMI
1054 165 1216 195 ARCHIEP.
1235 164 1502 195 CONSTANTINOP.

1826 168 1879 197 £80

1084 223 1213 250 sustinebit
1223 223 1235 249 .’
1246 223 1321 250 Alius
1333 228 1434 256 autem,
1449 221 1482 249 In
1497 222 1587 258 facient
1602 226 1678 250 tutus
1689 225 1745 257 eius
1753 224 1812 259 quis
1821 226 1880 252 sub-

1084 269 1153 296 sistet
1164 269 1222 303 (u)?
1237 269 1263 295 7.
1282 269 1386 296 Emittet
1402 269 1504 296 verbum
1519 277 1604 300 suum,
1626 273 1650 295 et
1672 269 1814 304 liquefaciet
1827 279 1855 297 eu
1869 279 1879 298 :

1085 315 1156 350 ﬂabit
1166 315 1269 350 spiritus
1293 315 1358 350 ejus,
1385 319 1407 342 et
1430 315 1509 349 ﬂuent
1529 323 1611 350 aquae.
1631 315 1679 343 Hic
1691 316 1756 342 mihi
1771 317 1879 351 exponit

1086 360 1318 395 inexpugnabilem
1343 365 1372 387 et
1397 360 1527 388 inﬁnitam
1551 361 1609 395 ejus
1630 362 1786 396 potentiam,
1810 363 1879 397 quod

1085 413 1132 434 eas
1150 414 1209 442 qua.-
1233 415 1284 434 non
1304 412 1366 434 sunt
1385 407 1514 449 produt-at
1536 408 1708 440 substantias,
1721 414 1749 436 et
1761 417 1807 436 eas
1820 418 1879 445 quze

1085 453 1161 480 factze
1173 459 1235 480 sunt
1244 457 1413 485 transmutat,
1423 458 1449 480 et
1460 453 1493 480 ad
1506 454 1530 480 id
1543 453 1614 489 quod
1628 454 1683 481 vult
1698 456 1875 483 transformet.

1120 499 1148 526 2.
1170 498 1278 526 Natura:
1290 500 1402 535 operatio
1419 500 1446 527 in
1461 500 1615 527 contrarium
1635 506 1741 528 mutata.
1757 517 1792 522 —
1803 503 1877 537 Quod

1085 546 1193 581 quidem
1214 546 1283 573 alius
1307 553 1412 581 quoque
1436 546 1563 581 propheta
1583 547 1735 581 signiﬁcans
1749 547 1876 575 dicebat:

1089 590 1139 624 Qui
1160 591 1245 618 omnia
1265 592 1336 626 facit,
1350 596 1373 618 et
1387 599 1416 618 ea
1430 592 1593 625 transformat
1613 592 1702 626 (Amos
1717 593 1743 620 5.
1766 594 1803 628 8).
1823 594 1877 621 Etsi

1087 635 1346 669 enim'immobilibus
1357 643 1457 676 naturis
1465 638 1584 665 torminis
1592 639 1696 673 alligata
1704 640 1765 672 sint,
1773 641 1878 674 quando

1087 688 1174 712 tamen
1187 684 1210 711 ei
1226 684 1311 711 visum
1327 674 1416 717 fuerit,
1428 685 1790 726 solruutlpJﬁtermiuiiiii
1807 677 1877 722 enim

1089 731 1178 758 omnia
1193 731 1200 746 ¹
1216 731 1303 758 locum
1317 731 1382 758 dant
1394 736 1421 759 et
1434 722 1756 767 conreduntrﬁliquandu
1767 726 1875 768 quidem

1086 783 1132 803 eas
1148 780 1232 803 mutat
1244 776 1415 809 substantias,
1431 778 1573 812 aliquando
1589 786 1651 805 vero
1666 784 1802 806 manentes
1818 788 1876 806 mu-

1087 827 1123 850 tat
1137 823 1162 850 in
1177 823 1256 850 aliam
1271 825 1453 858 operationem
1467 845 1474 857 ,
1489 829 1517 851 et
1528 832 1587 852 eam
1605 824 1713 859 quidem
1729 833 1788 859 qua:
1799 830 1841 852 est
1851 826 1876 853 ei

1085 869 1212 896 attributa
1232 869 1295 896 sinit
1308 870 1457 904 quiescere,
1473 870 1553 896 aliam
1569 878 1633 897 vero
1650 870 1749 896 inducit
1770 875 1876 898 contra-

1085 915 1152 942 riam
1168 923 1175 942 :
1192 914 1261 950 quod
1274 916 1381 950 quidem
1397 915 1459 943 fecit
1474 916 1498 943 in
1514 916 1631 943 fornace.
1641 915 1711 951 Ignis
1727 916 1796 944 enim
1808 922 1874 949 erat,

1084 964 1112 988 et
1126 968 1179 987 non
1194 961 1287 988 urebat
1301 970 1308 988 :
1325 961 1371 988 sed
1385 962 1429 996 qui
1449 962 1474 989 in
1490 970 1551 989 eum
1574 962 1662 997 iniecti
1684 962 1797 996 fuerant,
1817 971 1877 991 scn-

1086 1005 1187 1033 tiebant
1207 1014 1295 1033 rorem
1320 1007 1396 1042 longe
1416 1007 1648 1042 iucundissimum.
1664 1008 1734 1036 Mare
1747 1014 1804 1036 erat
1816 1017 1875 1036 cum

1084 1051 1168 1079 Judari
1191 1052 1354 1087 trajicerent,
1369 1057 1394 1080 et
1407 1060 1484 1087 aqua:
1498 1060 1552 1080 non
1568 1053 1727 1086 obruebant,
1748 1054 1795 1081 sed
1811 1055 1875 1082 soli-

1084 1097 1145 1125 dius
1159 1106 1237 1132 quam
1254 1098 1280 1125 in
1296 1104 1368 1133 petra
1384 1098 1542 1126 transibant.
1551 1099 1607 1127 Sub
1621 1100 1722 1127 Datban
1738 1106 1764 1127 et
1777 1101 1875 1128 Abiron

1086 1148 1155 1170 terra
1171 1148 1246 1176 erat,
1264 1152 1356 1171 eorum
1370 1149 1458 1172 tamen
1474 1153 1586 1180 corpora
1600 1154 1653 1173 non
1670 1147 1813 1179 sustinuit,
1829 1147 1875 1174 sed

1085 1188 1190 1216 facilius
1204 1197 1283 1224 quam
1307 1197 1382 1218 mare
1397 1190 1496 1218 obruit.
1512 1191 1588 1226 Virga
1604 1192 1692 1219 Aaron
1708 1198 1765 1220 erat
1778 1193 1876 1228 lignum

1083 1233 1199 1267 aridum,
1220 1241 1246 1262 et
1269 1234 1382 1262 fructum
1404 1244 1483 1272 quam
1504 1244 1534 1264 ea
1551 1245 1610 1272 quae
1626 1237 1653 1264 in
1669 1243 1739 1265 terra
1761 1238 1876 1273 plantata

1083 1286 1172 1313 erant,
1193 1280 1372 1315 pulchriorem
1394 1282 1513 1316 protulit.
1528 1282 1645 1310 Balaami
1661 1288 1718 1311 erat
1731 1284 1805 1311 asina
1820 1284 1877 1312 ani-

1084 1327 1136 1353 mal
1151 1327 1269 1354 omnium
1292 1327 1505 1361 hebetissimum,
1529 1336 1579 1356 nec
1594 1330 1682 1357 minus
1697 1330 1765 1358 bene
1782 1338 1812 1357 se
1831 1331 1878 1358 de-

1084 1371 1168 1400 fendit
1194 1373 1263 1407 apud
1290 1380 1351 1400 eum
1375 1374 1419 1408 qui
1443 1374 1529 1409 ipsum
1552 1374 1688 1409 pulsabat,
1702 1384 1781 1411 quam
1796 1375 1877 1403 homo

1084 1422 1187 1445 ratione
1201 1418 1337 1453 przeditus.
1349 1418 1416 1446 Cum
1431 1420 1456 1446 in
1472 1420 1556 1448 lacum
1570 1420 1707 1455 coniectus
1719 1425 1759 1449 cst
1772 1421 1875 1455 Daniel,

1083 1468 1160 1491 erant
1174 1463 1266 1491 leones
1276 1485 1284 1496 ,
1300 1468 1328 1491 et
1339 1465 1512 1492 ostenderunt
1533 1466 1621 1493 ovium
1634 1468 1874 1500 mansuetudinem,

1084 1517 1137 1536 non
1148 1510 1264 1544 ipsarum
1275 1510 1381 1544 quidem
1394 1510 1482 1539 deleta
1496 1515 1598 1544 natura,
1610 1512 1657 1540 sed
1669 1517 1768 1540 mutata
1784 1522 1875 1541 eorum

1083 1557 1249 1591 operatione.
1265 1556 1345 1584 Multa
1360 1557 1412 1585 alia
1427 1563 1535 1593 pos~unt
1550 1558 1633 1586 videri
1646 1559 1783 1591 miracula,
1796 1560 1875 1587 etiam

1084 1601 1110 1628 in
1125 1603 1263 1630 creaturis.
1277 1602 1316 1630 Nc
1329 1611 1392 1638 ergo
1407 1604 1531 1638 quoniam
1557 1605 1586 1632 ﬁt
1605 1605 1717 1640 singulis
1737 1606 1814 1634 anuis
1824 1627 1831 1640 ,
1848 1611 1875 1634 et

1083 1647 1132 1674 sub
1157 1653 1293 1683 aspectum
1315 1654 1433 1676 nostrum
1456 1650 1536 1684 cadit,
1563 1650 1588 1677 id
1613 1658 1723 1685 parvum
1747 1659 1807 1679 esse
1825 1651 1875 1678 mi-

1084 1694 1202 1722 raculum
1229 1694 1389 1722 existimes:
1415 1695 1553 1723 considera
1575 1697 1647 1724 enim
1674 1702 1801 1731 quantum
1828 1698 1873 1730 sit,

1083 1748 1153 1767 nunc
1176 1740 1283 1775 quidem
1311 1741 1394 1768 videri
1416 1743 1515 1775 nivem,
1541 1750 1612 1770 nunc
1637 1750 1700 1770 vero
1723 1751 1827 1778 aquam,
1848 1748 1876 1771 et

1083 1786 1156 1814 brevi
1172 1791 1308 1813 inomento
1322 1787 1448 1821 temporis
1468 1792 1554 1815 tantas
1570 1787 1628 1816 ﬁeri
1651 1789 1821 1817 mutationes.
1835 1789 1875 1817 Ne

1083 1833 1142 1867 quis
1154 1833 1226 1860 enim
1244 1833 1332 1860 minus
1344 1835 1461 1868 sapiens,
1477 1835 1590 1862 naturali
1604 1835 1796 1864 elementorum
1807 1844 1873 1872 ope-

1083 1878 1185 1905 ratione
1196 1878 1252 1906 baec
1261 1878 1328 1912 ﬁeri,
1340 1884 1366 1907 et
1374 1887 1404 1907 ea
1414 1879 1535 1907 absolute
1543 1879 1648 1908 illorum
1658 1888 1752 1910 causas
1760 1889 1819 1910 esse
1827 1889 1874 1917 pu-

1084 1928 1160 1956 taret,
1167 1924 1215 1951 sed
1221 1925 1302 1952 sciret
1311 1925 1432 1959 quisnam
1439 1926 1474 1953 sit
1482 1926 1526 1961 qui
1534 1926 1656 1961 imperat,
1665 1927 1698 1955 ad
1707 1927 1808 1962 jussum
1817 1927 1873 1963 ejus

1084 1974 1166 1998 totam
1179 1970 1213 1998 de
1222 1971 1263 1998 bis
1276 1971 1355 1999 rebus
1366 1971 1472 1999 deducit
1480 1973 1638 2005 orationem,
1647 1979 1673 2002 et
1684 1974 1762 2002 dicit:
1774 1975 1873 2003 Emittet

1083 2018 1184 2044 verbum
1198 2025 1280 2050 suum,
1297 2023 1320 2044 et
1331 2018 1473 2053 liquefaciet
1487 2027 1516 2045 ea
1527 2026 1537 2046 :
1551 2018 1601 2046 hoc
1613 2025 1663 2051 est,
1676 2020 1780 2055 jussum
1795 2030 1802 2048 :
1819 2029 1871 2049 non

1084 2063 1155 2091 enim
1171 2064 1210 2091 vis
1225 2069 1364 2091 ventorum
1380 2064 1430 2092 hoc
1449 2063 1511 2091 facit
1521 2065 1654 2101 praecipue
1666 2087 1673 2099 ,
1687 2065 1734 2093 sed
1750 2067 1819 2095 Deus
1830 2068 1872 2102 qui

1085 2110 1147 2138 fecit
1161 2115 1263 2138 ventos.
1279 2110 1431 2139 Orationem
1444 2116 1533 2139 autem
1553 2111 1663 2139 deduxit
1677 2112 1710 2140 ad
1729 2112 1871 2147 elementa,

1083 2161 1112 2185 et
1132 2157 1165 2184 ad
1181 2158 1342 2185 mutationes
1353 2165 1412 2193 qua:
1425 2163 1487 2185 sunt
1501 2157 1528 2185 in
1542 2157 1692 2190 elementis,
1709 2158 1870 2194 persuadens

1084 2211 1176 2232 crasso
1196 2208 1224 2231 et
1246 2204 1288 2231 vix
1307 2203 1360 2231 ullo
1379 2211 1457 2231 sensu
1477 2204 1588 2239 przedito
1605 2203 1708 2238 ludaao,
1724 2212 1756 2232 ex
1772 2204 1804 2232 iis
1815 2212 1873 2240 qua-

1085 2249 1152 2278 ﬁunt
1167 2250 1278 2284 singulis
1292 2250 1379 2283 annis,
1397 2257 1475 2276 nosse
1490 2249 1536 2277 Dei
1551 2249 1707 2284 potentiam,
1722 2254 1749 2277 et
1761 2250 1837 2277 facile
1848 2250 1873 2277 ei

1084 2304 1144 2325 esse
1159 2304 1202 2324 res
1214 2296 1271 2331 ejus
1285 2300 1313 2323 ut
1325 2296 1381 2323 vult
1394 2295 1582 2324 administrare
1593 2316 1601 2328 ,
1625 2299 1653 2324 et
1663 2304 1679 2324 a
1690 2295 1836 2325 contrariis
1847 2295 1871 2323 in

1085 2343 1233 2371 contrarias
1242 2347 1354 2370 mutare.
1363 2341 1591 2377 Quemadmodum
1599 2342 1670 2370 enim
1683 2343 1705 2370 si
1715 2342 1793 2370 fuerit
1807 2347 1873 2369 tem-

1085 2395 1174 2423 pestas
1195 2393 1222 2416 et
1241 2387 1339 2423 glacies
1358 2387 1551 2421 intolerabilis,
1566 2387 1643 2416 facile
1654 2393 1695 2416 est
1710 2387 1748 2415 illi
1770 2389 1874 2414 invecta

1087 2435 1278 2470 tranquillitate
1293 2435 1383 2462 omnia
1397 2435 1545 2462 dissolvere
1561 2443 1568 2461 :
1584 2435 1618 2462 ita
1633 2435 1771 2462 etiatneos
1786 2433 1833 2469 qui
1847 2432 1872 2460 in

1085 2481 1265 2517 captivitatem
1291 2480 1398 2508 abducti
1424 2480 1536 2511 fuerant,
1549 2484 1577 2507 et
1589 2480 1665 2507 bellis
1682 2480 1768 2507 vexati
1785 2483 1873 2512 erant,

1082 2564 1201 2598 chaplis
1214 2564 1305 2601 yid-cits.
1318 2566 1368 2589 Vox
1383 2570 1465 2590 autem
1477 2566 1555 2590 addita
1574 2565 1659 2590 'lEJRD»
1679 2564 1794 2596 Caépher,
1804 2562 1866 2590 sicut

1080 2596 1186 2620 cinerem
1197 2596 1327 2628 signiﬁcat.

1081 2657 1088 2662 _
1113 2627 1122 2642 ί
1136 2627 1303 2662 νριιρηυιὶα,
1315 2628 1427 2662 d_eest_in
1445 2628 1531 2662 Morel.
1552 2630 1578 2652 et
1598 2628 1630 2662 in.
1642 2630 1712 2652 textu
1725 2625 1803 2662 savii.
1822 2627 1864 2660 qui

1081 2657 1148 2692 hanc
1158 2657 1291 2692 lectionem
1305 2659 1379 2692 affert
1390 2660 1414 2682 in
1434 2659 1543 2688 margine
1556 2665 1586 2682 ex
1598 2657 1816 2692 al_io_exem_plari._
1830 2657 1846 2688 ἰ

1116 2687 1151 2719 (a)
1165 2689 1223 2713 Haec
1240 2689 1324 2719 verba,
1340 2687 1408 2714 Alius
1422 2687 1572 2714 uttterit......-.
1587 2687 1704 2719 subsistet.
1717 2687 1821 2719 deerant
1840 2687 1865 2709 in

1082 2718 1234 2744 editionibus
1246 2718 1320 2745 Savil.
1333 2723 1360 2744 et
1373 2719 1471 2748 Morel.,
1482 2726 1568 2744 verum
1586 2726 1599 2743 a
1624 2718 1744 2744 Genliano
1756 2718 1866 2743 Herveto

1084 2750 1147 2783 lecta
1162 2751 1280 2783 fuerant;
1304 2757 1386 2783 neque
1406 2751 1512 2783 suspicio
1535 2750 1583 2774 ulla
1599 2755 1655 2783 esse
1676 2749 1865 2783 potest,_lliaa

1083 2779 1192 2812 librariis
1217 2781 1315 2812 adjecta
1340 2779 1425 2812 fuisse.
1447 2779 1506 2812 Hac
1523 2783 1621 2812 autem”
1635 2779 1806 2812 interpretatio
1827 2780 1867 2803 est

1084 2810 1289 2842 Symmachifut
1308 2813 1336 2842 in,
1351 2811 1469 2842 Hexaplis
1485 2811 1575 2836 videas.
1600 2811 1688 2842 [dirum
1703 2810 1792 2842 autem
1812 2816 1866 2834 cum

1084 2842 1127 2867 alii
1139 2840 1236 2878 omnes,
1247 2840 1349 2878 frigoris
1359 2840 1529 2878 quitusqu
1541 2841 1636 2878 αὐςοῦ),
1651 2841 1867 2878 νθιςιοιῄμιιπδγω-

1084 2874 1200 2908 machum
1210 2872 1326 2908 vertisse,
1339 2872 1430 2908 caloris
1444 2872 1502 2904 ejus
1522 2873 1652 2908 (scripturo;
1668 2872 1763 2908 eximii).
1775 2872 1866 2897 Veron

1084 2905 1136 2935 ipsa
1146 2904 1226 2931 series
1239 2904 1280 2930 hic
1294 2904 1326 2930 de
1339 2904 1439 2937 frigore,
1456 2903 1505 2930 non
1516 2903 1547 2930 de
1560 2907 1622 2930 astu
1636 2903 1674 2936 agi
1685 2903 1775 2936 arguit.
