4064 6340
505 286 601 342 431

499 407 721 471 λοντος
741 407 1145 480 κρύσταλλον,
1163 415 1280 472 ἀλλ’
1303 422 1600 497 ἐπήγαγεν,
1625 432 1784 488 Ὠσεὶ
1808 437 2074 506 ψωμούς.

515 498 668 568 Ἐμοὶ
696 499 846 554 δοκεῖ
871 504 1161 563 κάντεῦθεν
1183 515 1282 586 τὴν
1312 518 1563 577 εὐκολίαν
1586 525 1681 580 τοῦ
1711 528 2076 601 ἐργαζομένου

499 591 691 664 δηλοῦν
722 599 814 650 καὶ
838 599 936 671 τὴν
952 603 1231 675 εὐπορίαν.
1264 611 1318 664 '0
1348 591 1874 689 ἀπαγγέλλων-’τὸν
1893 591 2080 694 λόγον

498 691 686 746 αὐτοῦ
718 692 798 758 τῷ
825 696 1034 752 Ἰακώϐ.
1058 701 1302 775 Ἕτερος,
1336 710 1756 785 Ἁκριϐασμούς
1785 733 1831 774 α.
1863 691 2073 788 Ἄλλος,

499 789 950 860 Προστάγματιι.
976 800 1340 871 Δικαιώματα
1371 811 1468 863 καί
1509 816 1761 882 κρίματα
1791 819 1975 873 αὐτοῦ
1998 821 2075 886 τῷ

509 879 764 947 Ἰσραήλ.
802 887 925 939 Οὐκ
946 887 1236 958 ἐποίησεν
1263 897 1416 952 οὕτω
1443 879 1621 957 παντί
1653 907 1828 962 ἔθνει.
1860 879 2070 976 Ἄλλος,

498 973 728 1044 Ὅμοια.
758 979 868 1034 Καὶ
894 981 967 1035 τὰ
987 987 1241 1055 κρίματα
1279 995 1464 1049 αὐτοῦ
1498 1001 1608 1053 οὐκ
1642 1001 1952 1070 ἐδήλωσεν
1976 973 2076 1060 αῦε

493 1069 638 1136 τοῖς.
667 1072 807 1144 Ὅρα
857 1077 974 1142 πῶς
1017 1082 1177 1136 πάλιν
1219 1087 1325 1141 ἀπὸ
1373 1092 1483 1145 τῶν
1530 1096 1827 1153 καθολικῶν
1870 1102 1962 1154 ἐπὶ
2002 1104 2071 1158 τὰ

496 1169 696 1236 μερικὰ
725 1173 951 1240 μετάγει
973 1176 1062 1230 τὸν
1083 1178 1258 1249 λόγον,
1285 1186 1378 1238 καὶ
1410 1187 1518 1242 τῶν
1542 1191 1806 1248 Ἰουδαίων
1827 1196 1897 1250 τὰ
1926 1198 2074 1264 ἐξαί-

493 1279 645 1333 ρετα.
671 1265 988 1337 βουλόμενος
1004 1273 1266 1347 διεγεῖραι
1288 1281 1482 1347 αὐτοὺς
1507 1287 1642 1358 πρὸς
1664 1290 1882 1346 πλείονα
1900 1312 2066 1349 σπου·

489 1357 605 1428 δήν.
639 1360 963 1434 Ἀρχόμενος
994 1364 1087 1422 οὖν
1119 1373 1212 1424 τοῦ
1239 1374 1454 1447 ψαλμοῦ
1503 1383 1632 1453 περὶ
1657 1384 1767 1438 τῶν
1797 1388 2067 1460 αἰσθητῶν

489 1450 735 1523 διελέχθη
773 1461 868 1513 καὶ
897 1462 1058 1534 σῶμα
1085 1466 1456 1538 ὠφελούντων,
1493 1450 1607 1530 οἷον
1633 1450 1955 1550 ἀσφαλείας,
1978 1485 2070 1539 εὐ-

489 1551 730 1622 ετηρίας,
761 1557 983 1630 εἰρήνης
1002 1576 1020 1591 ⁶
1051 1564 1284 1622 ἐνταῦθα
1315 1569 1373 1622 δὲ
1413 1571 1504 1625 ἐπὶ
1535 1575 1604 1628 τὰ
1633 1576 1936 1652 ὑψηλότερα
1976 1583 2068 1637 άν-

487 1644 611 1714 άγει
632 1649 721 1702 τὸν
737 1649 908 1721 λόγον,
927 1657 1016 1710 τὸν
1036 1661 1162 1731 περὶ
1178 1665 1276 1734 τῆς
1286 1666 1604 1735 νομοθεσίας
1619 1644 1774 1742 λόγον
1791 1644 2064 1744 ἀναπλῶν,

485 1741 621 1815 ὅπερ
669 1747 900 1817 μάλιστα
953 1751 1093 1819 εἶδος
1129 1758 1444 1831 εὐεργεσίας
1475 1766 1525 1832 ιν,
1574 1769 1806 1839 ἁπάγειν
1849 1774 2062 1844 κακίας,

484 1848 841 1912 χειραγωγεῖν
866 1849 1001 1920 πρὸς
1029 1852 1248 1927 ἀρετὴν,
1271 1859 1525 1926 φωτίζειν
1558 1863 1817 1923 διάνοιαν.
1848 1871 1939 1924 Διὸ
1971 1873 2065 1926 καὶ

481 2034 561 2099 ὠς
590 2032 772 2106 οὗτος
796 2043 977 2107 λαός;
1015 2047 1082 2100 τὸ
1119 2048 1295 2119 ἔθνος
1330 2055 1398 2109 τὸ
1424 2058 1598 2129 μέγα,
1630 2055 1678 2128 ᾧ
1700 2059 1875 2119 ἐστιν
1903 2032 2062 2134 αὑτῶ

484 2127 630 2194 Θεὸς
654 2131 893 2200 ἐγγίζων
920 2140 1145 2208 αὐτοῖς,
1172 2145 1253 2210 ὼς
1271 2149 1489 2217 Κύριος
1571 2157 1715 2223 Θεὸς
1746 2159 1932 2228 ἡμῶν,
1959 2127 2059 2216 ἐπί

480 2221 672 2280 πᾶσιν
697 2223 788 2295 οἷς
822 2232 1011 2288 αὐτὸν
1065 2247 1093 2276 ο
1127 2239 1651 2316 ἐπικαλεσώμεθα;
1679 2221 1798 2308 Καί
1822 2258 1850 2308 6
1898 2221 2061 2312 Ᾰαυῒδ

481 2319 677 2375 πάλιν
710 2325 906 2381 Ποιῶν
946 2330 1366 2407 ἐλεημοσύνας
1402 2346 1437 2398 ό
1469 2347 1704 2415 Κύριος,
1738 2351 1838 2406 καὶ
1881 2358 2059 2424 κρῖμα

476 2413 630 2471 πᾶσι
686 2421 809 2489 τοῖς
851 2424 1286 2501 ἀδικουμένοις.
1344 2413 1671 2511 Ἐγνόρισε-
1693 2413 1697 2414 ν
1717 2449 1823 2514 τὰς
1877 2413 2057 2518 ὀδόὺς

475 2513 662 2568 αὐτοῦ
690 2516 770 2581 τῷ
794 2521 1052 2593 Μωῦσεῖ,
1085 2529 1210 2596 τοῖς
1225 2533 1376 2600 υίοῖς
1409 2537 1644 2607 Ἰσραὴλ
1666 2543 1737 2596 τὰ
1755 2513 2055 2615 θελήματα

473 2611 680 2667 αὐτοῦ.
715 2616 824 2668 Καὶ
863 2621 890 2672 ὁ
917 2621 1211 2694 Ίερεμίας”
1251 2625 1438 2699 Οὗτος
1480 2639 1513 2690 ό
1570 2639 1713 2706 Θεὸς
1982 2647 2053 2700 οὐ

473 2709 904 2778 λογισθήσεται
941 2717 1146 2789 ἔτερος
1174 2727 1322 2794 πρὸς
1355 2732 1562 2788 αὐτόν.
1591 2735 1830 2806 Ἐξεῦρε
1848 2738 2054 2797 πᾶσαν

472 2803 622 2859 ὁδὸν
631 2807 987 2882 ἐπιστήμης,
1006 2817 1103 2870 καί
1125 2819 1346 2877 ἔδωκεν
1362 2829 1555 2896 αὐτὴν
1570 2803 1772 2888 Ἰακὼό
1783 2836 1863 2902 τῷ
1887 2839 2052 2893 παιδὶ

471 2901 682 2968 αὐτοῦ,
709 2907 806 2959 καὶ
843 2909 1080 2980 Ἰσραὴλ
1124 2915 1203 2981 τῷ
1239 2919 1602 2992 ἠγαπημένῳ
1628 2929 1732 2982 ὑπ’
1759 2901 1966 2987 αὐτοῦ.

554 2997 694 3052 Ἀλλ’
725 3003 852 3070 ἴσως
877 3007 1026 3062 εἴποι
1047 3027 1132 3075 τις
1160 3012 1225 3067 ἄν
1245 3031 1258 3045 ·
1291 3018 1400 3070 Καὶ
1426 3020 1500 3091 μὴ
1529 3021 1775 3093 δηλώσας
1804 3031 1916 3094 τοῖς
1941 3031 2050 3085 λοι-

472 3096 592 3158 ποῖς
624 3097 952 3170 ἀνθρώποις,
993 3105 1108 3170 πῶς
1137 3111 1334 3175 αὐτοὺς
1365 3114 1616 3185 κολάζει;
1651 3120 1776 3175 ’Ότι
1817 3125 1915 3194 μὲν
1938 3127 2047 3198 γὰρ

471 3189 694 3255 κολάζει
719 3198 812 3250 καὶ
844 3202 970 3264 τοὺς
1006 3203 1112 3272 πρὸ
1139 3205 1232 3258 τοῦ
1265 3207 1430 3278 νόμου
1464 3213 1560 3266 καὶ
1602 3217 1729 3280 τοὺς
1768 3221 2044 3293 πανταχοῦ

468 3287 570 3360 τῆς
596 3292 921 3368 οἰκουμένης
947 3298 1379 3371 ἁμαρτάνοντας,
1413 3308 1569 3378 δῆλον
1589 3312 1647 3377 ἐξ
1671 3307 1788 3370 ὧνό
1813 3287 2046 3390 Χριστός

468 3401 638 3457 φησιν
667 3391 1016 3446 Βασίλισσα
1046 3398 1228 3452 νότου
1277 3399 1703 3475 ἀναστήσεται,
1743 3411 1847 3465 καί
1875 3431 2044 3470 κατα-

467 3487 657 3551 κρινεῖ
701 3485 816 3556 τὴν
849 3489 1067 3558 γενεὰν
1097 3496 1342 3566 ταύτην.
1400 3501 1510 3555 Καὶ
1571 3505 1758 3562 πάλιν
1804 3511 2044 3581 Ἄνδρες

464 3583 764 3638 Νινευῖται
816 3587 1265 3657 ἀναστήσονται
1301 3597 1400 3650 καὶ
1455 3605 1880 3672 κατακρινοῦσι
1927 3610 2042 3679 τὴν

465 3678 678 3747 γενεὰν
715 3681 959 3750 ταύτην.
995 3687 1218 3752 Πάντως
1249 3689 1357 3762 γὰρ
1385 3692 1472 3747 διὰ
1498 3696 1653 3751 τοῦτο
1692 3699 1863 3768 οὕτως
1891 3705 2042 3778 εἴρη-

463 3791 574 3834 ται,
597 3775 673 3838 ὼς
701 3777 969 3834 κάκείνων
985 3781 1140 3851 λόγον
1162 3785 1488 3856 ὑπεχόντων,
1520 3795 1612 3847 καὶ
1633 3795 1740 3849 τῶν
1763 3799 1864 3863 μὲν
1885 3775 2039 3855 ἐπαι-

461 3887 552 3924 νου
561 3872 762 3942 μένων,
788 3873 898 3928 τῶν
928 3875 984 3930 δὲ
1005 3878 1400 3952 κολαζομένων.
1432 3886 1496 3939 Et
1519 3888 1574 3941 δὲ
1595 3891 1670 3964 μὴ
1696 3888 1764 3965 ἦν
1786 3895 1918 3966 δῆλα
1943 3899 2040 3952 αὑ-

464 3970 576 4033 τοῖς
604 3970 671 4022 τὰ
700 3971 966 4041 πρακτέα,
1005 3973 1124 4039 πῶς
1149 3977 1380 4048 ἦμελλον
1404 3987 1754 4056 κατακρίνειν
1782 3991 2034 4061 τούτους;

464 4062 590 4128 Πῶς
629 4064 686 4117 δὲ
736 4066 896 4120 πάλιν
931 4068 1132 4139 ἔλεγεν,
1170 4073 1252 4127 ὅτι
1296 4078 1365 4130 Τὸ
1399 4074 1540 4148 αἷμα
1585 4081 2037 4154 ἐκδικηθήσεται

462 4157 577 4213 ἀπὸ
603 4159 709 4214 τοῦ
740 4163 987 4232 αἵματος
1011 4168 1180 4224 Ἅϐελ
1210 4171 1314 4226 τοῦ
1347 4173 1580 4230 δικαίου
1601 4178 1711 4246 ἓως
1742 4184 1848 4236 τοῦ
1876 4186 2040 4256 αἵμα-

458 4272 561 4322 τος
588 4259 918 4328 Ζαχαρίου;
957 4263 1074 4329 πῶς
1097 4265 1152 4319 δὲ
1186 4268 1299 4333 καὶ,
1345 4271 1744 4344 Ἀνεκτότερον
1765 4279 1936 4335 ἔσται
1959 4283 2035 4352 γῇ

459 4353 740 4422 Σοδόμων
771 4357 871 4409 καὶ
905 4361 1214 4429 Γομόρρας
1224 4379 1245 4428 ;
1277 4365 1366 4435 Τῷ
1397 4369 1504 4440 γὰρ
1537 4372 1736 4437 εἰπεῖν,
1772 4375 2033 4432 Ἄνεκτό-

458 4464 660 4516 τερον,
686 4451 748 4504 οὐ
795 4453 1005 4509 τελείαν
1036 4458 1382 4534 ἀπαλλαγὴν,
1409 4466 1544 4521 ἀλλὰ
1591 4474 1926 4544 κουφοτέραν
1953 4494 2035 4530 τι-

461 4544 692 4616 μωρίαν,
721 4541 796 4603 ὧν
828 4550 1097 4624 ἥμαρτον,
1142 4557 1340 4624 αὐτοὺς
1367 4561 1565 4619 διδόναι
1611 4567 1779 4639 δηλοῖ.
1810 4541 1872 4624 Εἰ
1898 4572 1956 4627 δὲ
1983 4577 2033 4628 οἱ

455 4639 810 4708 κολασθέντες
844 4645 984 4700 οὕτω
1027 4651 1280 4719 χαλεπῶς
1321 4658 1485 4713 πάλιν
1515 4659 1669 4734 δίκην
1692 4664 1918 4732 διδόασι,
1951 4670 2032 4733 τίς

453 4735 563 4788 τῶν
589 4736 761 4792 ἄλλων
796 4741 1141 4812 διαφεύξεται
1156 4765 1171 4813 ;

525 4834 593 4897 γ’.
610 4829 856 4903 Ὀρῶμεν
874 4835 932 4889 δὲ
961 4838 1054 4892 καὶ
1079 4841 1204 4905 τοὺς
1225 4843 1317 4897 ἐπὶ
1339 4846 1433 4900 τοῦ
1454 4850 1840 4926 κατακλυσμοῦ
1871 4857 2030 4930 δίκην

449 4920 772 4994 δεδωκότας,
823 4928 918 4981 καὶ
970 4931 1195 5004 ἑτέρους
1241 4937 1490 5006 πολλοὺς,
1519 4942 1612 4995 καὶ
1653 4920 1815 4999 αὑτὸν
1849 4947 1906 5001 δὲ
1934 4920 2024 5004 τόν

452 5021 612 5075 Κάῖν.
645 5022 755 5076 Καὶ
781 5024 808 5076 ὁ
836 5024 1049 5110 Παῦλος
1077 5027 1134 5081 δέ
1165 5046 1320 5100 φησι,
1364 5031 1426 5085 τὸ
1468 5034 1597 5087 αὐτὸ
1625 5036 1780 5092 τοῦτο
1815 5039 1987 5110 δηλῶν
2011 5061 2026 5077 ·

463 5111 963 5170 ’Λποκαλύπτεται
977 5096 1150 5189 ’ὀργὴ
1191 5121 1340 5176 Θεοῦ
1366 5125 1467 5178 ἀπ’
1491 5129 1750 5194 οὐρανοῦ
1784 5131 1882 5186 ἐπὶ
1916 5134 2029 5190 πᾶ-

448 5217 570 5256 σαν
594 5204 878 5260 ἀσέϐειαν
896 5209 992 5262 καὶ
1015 5210 1253 5266 ἀδικίαν
1271 5215 1596 5286 ἀνθρώπων
1614 5219 1734 5275 τῶν
1752 5223 1866 5292 τὴν
1888 5227 2032 5299 ἀλή-

445 5295 612 5349 θειαν
641 5297 714 5351 ἐν
742 5299 892 5373 [486]
918 5303 1123 5373 ἀδικίᾳ
1151 5311 1530 5378 κατεχόντων
1548 5328 1562 5343 ο
1600 5312 1749 5368 διότι
1777 5317 1843 5370 τὸ
1880 5295 2028 5388 γνω-

444 5387 603 5442 στὸν
630 5391 737 5445 τοῦ
762 5393 911 5448 Θεοῦ
941 5398 1206 5466 φανερόν
1238 5401 1410 5456 ἐστιν
1427 5401 1455 5441 ἀ
1480 5404 1550 5458 ἐν
1575 5407 1802 5474 αὐτοῖς.
1919 5412 2030 5481 γὰρ

509 5523 539 5590 _‘
567 5521 915 5600 Σᾼκριᾷασμσῦς
939 5532 1492 5600 Ᾱαυὶιθμπροοζτάγματα
1511 5539 1843 5599 Symmachus.

505 5580 535 5624 ἷι
567 5580 701 5655 υιμὶε
719 5580 834 5638 ὅπερ
857 5580 1079 5652 μέγιστον

511 5648 534 5679 θ
567 5650 784 5699 Allusok
804 5643 860 5699 ἂν
881 5653 1040 5699 αὐτόν.
1132 5693 1133 5696 η

715 5666 784 5706 οις
804 5666 860 5699 αν
881 5666 1040 5704 αυτον.
1132 5693 1133 5696 η

504 5703 535 5745 τι
697 5703 861 5782 gnahca
909 5703 1050 5782 (ξι-ειη
1074 5719 1122 5766 in
1149 5718 1267 5769 edit.
1293 5719 1467 5773 Morel.
1496 5732 1549 5774 et
1570 5725 1722 5777 Savil.
1745 5733 1798 5778 et
1823 5739 1888 5779 ex
1915 5729 2028 5782 aliis

441 5768 808 5828 exemplaribus
830 5777 1057 5826 restituta
1079 5785 1214 5828 sunt.

1267 301 1325 360 S.
1361 305 1646 368 JOANNIS
1683 312 2173 378 CHRYSOSTOMI
2213 325 2536 386 ARCHIEP.
2577 327 3124 402 CONSTANI‘INOP.

3655 358 3760 416 182

2185 440 2332 508 Θεὸς
2358 446 2565 514 αὐτοῖς
2606 449 3007 522 ἐφανέρωσεν.
3046 459 3122 514 Τὰ
3164 461 3274 530 τὰρ
3306 463 3528 534 ἀόρατα
3569 474 3760 531 αὐτοῦ

2178 537 2298 592 ἀπὸ
2319 541 2571 612 κτίσεως
2591 549 2824 618 κόσμου
2855 553 2979 621 τοῖς
3001 556 3288 626 ποιήμασι
3308 564 3604 634 νοούμενα
3619 575 3758 628 καθ-

2178 634 2404 702 ορᾶται,
2440 638 2480 707 ἢ
2521 658 2584 695 τε
2623 645 2815 712 ἀΐδιος
2846 651 3030 705 αὐτοῦ
3070 652 3324 725 δύναμις
3359 659 3458 714 καὶ
3499 667 3752 737 θειότης,

2177 733 2265 797 εὶς
2294 733 2359 786 τὸ
2387 731 2540 790 εἶναι
2563 741 2780 808 αὐτοὺς
2811 746 3324 818 ἀναπολογήτους.
3352 750 3484 810 Εἶτα
3510 759 3601 813 τὸν

2175 828 2269 881 τοῦ
2304 829 2421 900 βίου
2461 835 2627 888 κινῶν
2675 835 2848 906 λόγον,
2896 841 3015 896 οὐδὲ
3044 843 3278 901 ἐνταῦθα
3305 849 3527 921 ἀφίησιν
3557 828 3752 924 αὐτοῦς

2176 924 2521 994 ἀνευθύνους,
2561 930 2702 986 οὕτω
2734 933 2907 1004 λέγων
2926 957 2939 970 ·
2990 941 3218 1010 Οἵτινες
3243 946 3308 1000 τὸ
3338 947 3622 1020 δικαίωμα
3643 955 3750 1010 τοῦ

2178 1019 2326 1074 Θεοῦ
2358 1021 2728 1094 ἐπιγνόντες,
2763 1031 2854 1086 ὅτι
2892 1037 2947 1089 οἱ
2992 1036 3066 1090 τὰ
3097 1040 3338 1095 τοιαῦτα
3370 1044 3750 1118 πράσσοντες

2172 1113 2330 1178 ἄξιοι
2377 1119 2638 1176 θανάτου
2686 1127 2863 1195 εἰσὶν,
2908 1133 2982 1186 οὑ
3025 1134 3224 1202 μόνον
3259 1141 3411 1194 αὐτὰ
3450 1147 3744 1215 ποιοῦσιν,

2170 1214 2334 1269 ἀλλὰ
2360 1217 2462 1271 καὶ
2500 1222 2946 1282 συνευδοκοῦσι
2973 1229 3098 1296 τοῖς
3124 1233 3493 1302 πράσσουσι.
3534 1243 3743 1314 Λογίζῃ

2170 1310 2239 1363 δὲ
2265 1313 2462 1380 τοῦτο,
2496 1313 2548 1372 ὦ
2586 1317 2877 1388 ἄνθρωπε,
2903 1328 2938 1379 ό
2982 1329 3204 1396 κρίσεων
3229 1333 3370 1401 τοὺς
3399 1339 3472 1390 τὰ
3505 1341 3745 1395 τοιαῦτα

2170 1410 2579 1480 πράσσοντας,
2606 1417 2703 1469 καὶ
2735 1419 2921 1474 ποιῶν
2941 1425 3114 1490 αὐτὰ,
3146 1427 3237 1480 ὅτι
3273 1430 3356 1483 σὺ
3383 1433 3644 1504 ἐκφεύξῃ
3675 1438 3740 1489 τὸ

2169 1505 2350 1576 itme
2373 1508 2478 1563 τοῦ
2509 1510 2694 1577 Θεοῦ;
2735 1515 2812 1568 Ἥ
2840 1517 2945 1572 τοῦ
2982 1522 3248 1577 πλούτου
3275 1525 3384 1595 τῆς
3414 1531 3741 1598 χρηστότη-

2167 1620 2271 1670 τος
2296 1606 2504 1671 αὐτοῦ,
2530 1609 2627 1662 καὶ
2653 1609 2766 1679 τῆς
2787 1613 3042 1684 ἀνοχῆς,
3075 1620 3174 1675 καί
3204 1621 3312 1689 τῆς
3331 1630 3740 1697 μακροθυμίας

2166 1703 2576 1772 καταφρονεῖς,
2607 1707 2840 1777 ἀγνοῶν
2862 1711 2952 1765 ὅτι
2974 1713 3039 1766 τὸ
3063 1721 3335 1784 χρηστὸν
3349 1723 3456 1777 τοῦ
3487 1725 3634 1780 Θεοῦ
3653 1728 3739 1794 εις

2159 1796 2486 1867 μετάνοιάν
2529 1818 2603 1855 σε
2657 1804 2818 1873 dra;
2872 1810 3036 1864 Κατὰ
3080 1810 3149 1864 δὲ
3194 1813 3310 1881 τὴν
3361 1821 3738 1888 σκληρότητὰ

2164 1909 2301 1959 σου,
2325 1895 2422 1950 καί
2445 1897 2852 1969 ἀμετανόητον
2874 1904 3145 1972 καρδίαν,
3164 1913 3537 1983 θησαυρίζεις
3551 1915 3736 1983 ἑαυτῷ

2163 1991 2352 2061 ὀργὴν
2375 1993 2447 2046 ἐν
2473 1994 2660 2063 ἡμέρᾳ
2691 1995 2872 2065 ὀργῆς
2900 1999 2998 2052 καὶ
3044 2001 3487 2076 ἀποκαλύψεως
3522 2013 3617 2065 καί
3647 2012 3733 2066 διο

2162 2091 2535 2158 καιοκρισίας
2565 2091 2671 2146 τοῦ
2703 2093 2872 2160 Θεοῦ,
2899 2095 2969 2162 ὃς
3003 2098 3299 2157 ἀποδώσει
3331 2105 3560 2172 ἑκάστῳ
3587 2112 3733 2166 κατὰ

2160 2182 2233 2237 τὰ
2259 2184 2402 2256 ἔργα
2442 2189 2663 2242 αὐτοῦ’
2717 2190 2842 2257 τοῖς
2872 2193 2992 2262 μὲν
3034 2197 3162 2250 καθ’
3195 2201 3511 2271 ὑπομονὴν
3558 2207 3730 2276 ἔργου

2158 2279 2403 2348 ἀγαθοῦ,
2430 2282 2618 2349 δόξαν
2649 2286 2749 2340 καὶ
2775 2288 2954 2358 τιμὴν
2971 2292 3067 2344 καί
3096 2293 3440 2365 ἀφθαρσίαν
3469 2301 3725 2372 ζητοῦσι,

2158 2374 2310 2447 ζωὴν
2333 2381 2591 2438 αἰώνιον·
2618 2385 2743 2452 τοῖς
2767 2386 2836 2440 δὲ
2859 2388 2928 2454 ἐξ
2953 2391 3205 2461 ἐριθείας
3234 2407 3257 2435 θ
3282 2397 3592 2454 ἀπειθοῦσι
3615 2402 3731 2471 μὲν

2156 2475 2232 2543 τῇ
2260 2477 2526 2548 ἀληθείᾳ,
2555 2485 2925 2555 πειθομένοις
2954 2487 3023 2541 δὲ
3052 2489 3130 2558 τῇ
3160 2492 3378 2560 ἀδικίᾳ,
3404 2497 3590 2565 θυμὸς
3630 2500 3727 2554 καί

2157 2573 2301 2645 ὀργὴ
2326 2576 2422 2630 καὶ
2467 2579 2672 2648 θλίψις
2711 2582 2808 2646 καὶ
2841 2589 3206 2657 στενοχωρία
3235 2589 3334 2644 ἐπὶ
3364 2589 3569 2647 πᾶσαν
3609 2599 3726 2664 ψυ-

2155 2671 2277 2741 χὴν
2311 2674 2625 2743 ἀνθρώπου
2648 2679 2667 2717 τ
2708 2681 2816 2735 τοῦ
2866 2687 3366 2756 κατεργαζομένου
3420 2691 3486 2743 τὸ
3520 2694 3724 2762 κακὸν,

2170 2769 2462 2824 Ἰουδαίου
2496 2790 2561 2826 τε
2593 2776 2846 2842 πρῶτον,
2877 2780 2974 2833 καὶ
3001 2783 3320 2850 Ἕλληνος.

2235 2860 2397 2934 Ὁρᾷς
2445 2865 2530 2919 διὰ
2569 2866 2788 2923 πάντων
2826 2871 2936 2925 τῶν
2983 2875 3288 2946 εἰρημένων
3330 2879 3446 2942 πῶς
3490 2879 3725 2946 ἅπαντες

2151 2953 2263 3006 ὅσοι
2298 2957 2582 3024 γεγόνασιν
2627 2962 2924 3032 ἄνθρωποι,
2956 2966 3050 3018 καὶ
3083 2967 3188 3038 πρὸ
3225 2968 3317 3022 τοῦ
3348 2971 3534 3041 νόμου,
3572 2973 3723 3046 δίκην

2149 3049 2372 3117 διδόασι,
2415 3055 2509 3108 καὶ
2549 3058 2662 3111 ὅσοι
2687 3059 2786 3130 τῆς
2813 3061 3014 3132 ἀρετῆς
3035 3063 3443 3135 ἐπεμελήσαντο
3471 3068 3561 3121 καὶ
3585 3069 3724 3122 ἀσε-

2151 3141 2300 3206 ϐείας
2328 3145 2742 3221 ἀπηλλάγησαν,
2771 3152 2989 3220 ἀγαθῶν
3012 3155 3374 3221 ἀπολαύουσι;
3416 3159 3540 3223 Πῶς
3571 3155 3658 3214 οὖν
3686 3161 3718 3231 ἦ

2149 3235 2306 3290 τοῦτο
2349 3237 2522 3304 ἔσται,
2558 3241 2588 3312 ἦ
2628 3243 2821 3306 ἐκεῖνο,
2865 3247 3022 3317 εἴπερ
3069 3249 3171 3301 οὐκ
3219 3249 3435 3319 ᾔδεισαν
3475 3251 3536 3304 τό
3584 3269 3721 3323 πρα-

2149 3329 2335 3396 κτέον;
2373 3331 2433 3384 Et
2473 3331 2529 3385 δὲ
2567 3335 2660 3387 καὶ
2699 3335 2917 3406 ᾔδεισαν
2963 3338 3024 3391 τὸ
3066 3341 3357 3410 πρακτέον,
3401 3343 3553 3413 φησὶ,
3600 3343 3714 3406 πῶς

2145 3419 2448 3488 λέγει,οὺκ
2473 3425 2763 3494 ἐποίησεν
2792 3430 2944 3484 οὕτω
2969 3433 3147 3484 παντὶ
3169 3433 3345 3495 ἔθνει,
3376 3434 3472 3487 καὶ
3505 3435 3574 3488 τὰ
3605 3437 3718 3502 κρί-
3745 3456 3748 3458 ν

2139 3529 2298 3578 ματα
2331 3515 2516 3569 αὐτοῦ
2541 3518 2652 3570 οὐκ
2678 3518 2988 3584 ἐδήλωσεν
3014 3523 3258 3590 αὐτοῖς;
3302 3525 3366 3578 Τί
3398 3521 3490 3578 οὖν
3516 3529 3627 3579 ἐστι
3657 3527 3714 3580 τὸ

2143 3604 2451 3674 εἰρημένον,
2479 3607 2571 3660 καὶ
2591 3609 2645 3661 τί
2670 3627 2799 3663 ποτε
2819 3611 3011 3681 δηλοῦν
3037 3613 3317 3684 βούλεταις
3344 3619 3559 3672 Ἄκουε.
3583 3620 3715 3690 Γρα-

2142 3696 2272 3750 πτὸν
2302 3698 2462 3768 νόμον
2493 3700 2662 3753 οὐδενὶ
2691 3701 2796 3754 τῶν
2820 3702 2992 3758 ἄλλων
3013 3705 3179 3760 ἔδωκε
3197 3727 3208 3738 ·
3243 3710 3332 3762 τὸν
3365 3711 3464 3780 μὲν
3493 3713 3596 3783 γάρ
3619 3730 3712 3780 φυ-

2145 3787 2293 3839 σικὸν
2327 3787 2534 3842 ἔνδοθεν
2556 3787 2698 3861 εἶχον
2731 3792 2965 3858 ἅπαντες
2988 3796 3305 3868 ὲνηχοῦντα,
3337 3805 3390 3853 τί
3423 3802 3518 3871 μὲν
3536 3802 3709 3866 καλὸν,

2139 3878 2192 3930 τί
2229 3877 2284 3931 δὲ
2313 3879 2372 3932 οὐ
2402 3881 2660 3936 τοιοῦτον.
2690 3885 2853 3954 Ὁμοῦ
2894 3885 3002 3959 γὰρ
3046 3889 3294 3944 πλάττων
3319 3890 3409 3945 τὸν
3435 3893 3712 3965 ἄνθρωπον

2139 3974 2167 4026 ὁ
2191 3971 2342 4036 Θεὸς,
2368 3971 2524 4026 τοῦτο
2555 3975 2706 4046 αὑτῷ
2753 3977 2976 4048 ἐνέθηκε
3026 3980 3372 4055 δικαστήριον
3403 3986 3707 4051 ἀδέκαστον,

2137 4069 2238 4137 τὴν
2263 4067 2320 4121 ὲν
2344 4067 2557 4139 ἑκάστῳ
2584 4069 2678 4124 τοῦ
2705 4073 3003 4138 συνειδότος
3020 4075 3218 4148 ψῆφον.
3237 4081 3361 4144 Τοῖς
3379 4081 3435 4134 δὲ
3454 4081 3709 4147 Ἰουδαίοις

2141 4158 2411 4229 ἐξαίρετόν
2445 4177 2498 4213 τι
2530 4161 3038 4234 ἐπραγματεύσατο,
3065 4168 3131 4221 τὸ
3155 4171 3246 4224 καὶ
3275 4171 3360 4224 διὰ
3379 4174 3710 4244 γραμμάτων

2138 4249 2377 4321 δηλῶσαι
2409 4250 2480 4304 τὰ
2511 4252 2736 4324 νόμιμα.
2785 4257 2885 4309 Διὰ
2910 4257 3066 4312 τοῦτο
3099 4262 3191 4314 καὶ
3224 4263 3382 4328 αὐτὸς
3406 4265 3506 4320 οὐκ
3538 4262 3704 4333 εἶπεν,

2136 4341 2220 4395 ὃτι
2251 4343 2365 4395 Οὐκ
2403 4345 2655 4415 ἐποίησεν
2698 4347 2756 4401 ἐν
2791 4351 2952 4403 παντὶ
2983 4351 3143 4416 ἔθνει,
3193 4354 3330 4422 ἀλλ’,
3365 4358 3562 4425 Οὕτως
3601 4361 3709 4413 οὐκ

2136 4433 2406 4502 ἐποίησε.
2433 4435 2744 4499 Τουτέστιν,
2779 4441 2838 4492 οὐ
2878 4442 3088 4508 πλάκας
3119 4446 3298 4512 αὐτοῖς
3344 4448 3606 4520 ἔπεμψεν,
3647 4451 3705 4503 οὐ

2135 4526 2458 4597 γράμματα,
2487 4529 2546 4581 οὐ
2580 4531 2874 4604 νομοθέτην
2921 4536 3179 4600 Μωῡσέα,
3228 4541 3288 4593 οὐ
3326 4541 3492 4595 τᾶλλα
3522 4541 3590 4596 τὰ
3620 4541 3707 4594 ἐπὶ

2132 4617 2227 4670 τοῦ
2267 4618 2395 4672 Σινᾶ
2438 4619 2628 4690 ὅρους·
2669 4623 2804 4677 ἀλλὰ
2848 4625 3051 4680 τούτων
3100 4630 3352 4686 ἁπάντων
3386 4635 3449 4687 ὲκ
3489 4651 3707 4704 περιου-

2135 4709 2256 4772 σίας
2285 4709 2526 4764 Ἰουδαῖοι
2552 4713 2702 4782 μόνοι
2723 4715 3064 4788 ἀπήλαυσαν*
3096 4723 3128 4792 η
3155 4723 3337 4793 μέντοι
3369 4727 3519 4778 πᾶσα
3552 4725 3707 4794 φύσις

2132 4807 2166 4877 ἡ
2199 4805 2513 4878 ἀνθρωπίνη
2547 4809 2821 4886 ἀρκοῦντα
2868 4810 2978 4884 εἶχε
3010 4815 3101 4870 τὸν
3137 4820 3247 4872 ἀπὸ
3282 4820 3375 4873 τοῦ
3416 4821 3705 4886 συνειδότος

2132 4898 2314 4969 νόμον.
2335 4900 2510 4972 Ἀπερ
2539 4903 2632 4956 καὶ
2653 4904 2682 4955 ὁ
2707 4904 2916 4970 Παῦλος
2949 4907 3122 4979 δηλῶν
3151 4909 3332 4980 ἔλεγεν
3349 4927 3364 4942 ο
3399 4911 3576 4966 Ὅταν
3599 4914 3706 4980 γὰρ

2131 4989 2276 5058 ἔθνη
2313 4990 2384 5044 τὰ
2413 4990 2500 5060 μὴ
2541 4993 2728 5063 νόμον
2756 4995 2996 5064 ἔχοντα,
3049 5001 3231 5070 φύσει
3269 5003 3342 5055 τὰ
3371 5002 3480 5056 τοῦ
3522 5005 3705 5073 νόμον

2131 5080 2276 5150 ποιῇ
2293 5097 2312 5108 “
2344 5077 2510 5137 οὗτοι
2541 5087 2731 5152 νόμον
2753 5087 2839 5155 μὴ
2876 5089 3142 5158 ἔχοντες,
3182 5093 3414 5160 ἑαυτοῖς
3451 5097 3570 5148 εἱσι
3608 5095 3706 5148 νό-

2125 5188 2259 5240 μος,
2276 5170 2368 5223 Διὸ
2389 5173 2481 5224 καὶ
2506 5174 2749 5244 μείζονος
2769 5176 2871 5245 τῆς
2895 5183 3270 5252 κατακρίσεως
3286 5183 3526 5237 Ἰουδαῖοι
3545 5182 3702 5248 ἄξιοι,

2130 5261 2212 5314 ὄτι
2232 5262 2371 5331 μετά
2404 5264 2496 5317 τοῦ
2520 5265 2748 5335 φυσικοῦ
2775 5269 2975 5322 καὶτὸν
3002 5272 3242 5341 γραπτὸν
3263 5271 3537 5340 λαόόντες,
3557 5272 3703 5345 14871

2131 5353 2368 5407 τοσαῦτα
2401 5357 2815 5430 παρηνόμησαν.
2837 5361 2998 5413 Ὥστε
3021 5364 3053 5431 ἡ
3087 5362 3253 5434 πολλὴ
3285 5364 3376 5418 τοῦ
3400 5365 3533 5418 Θεοῦ
3556 5365 3705 5436 £629—

2129 5447 2288 5514 γεσία
2317 5447 2560 5516 πλείονος
2591 5453 2772 5518 αὐτοῖς
2800 5455 3175 5526 κατακρίσεως
3209 5457 3462 5522 ὑπόθεσις
3499 5459 3704 5528 γίνεται

2195 5650 2397 5722 οξενίρ.
2412 5653 2922 5722 ριαὶῄἀφθαρσίανίτοῖς
2948 5658 2999 5706 δὲ
3023 5659 3069 5713 ἐξ
3092 5658 3306 5722 ἐριθείας,
3331 5661 3524 5710 omissis
3548 5660 3705 5712 inter-

2130 5713 2318 5792 ροείῑέξ.
2350 5713 2663 5792 ξηῖςσᾼξείήξς
2675 5719 2756 5792 κῇὶ
2776 5719 3009 5792 emat
3077 5781 3088 5792 .

2203 5773 2224 5812 ί
2251 5773 2332 5824 Sic
2352 5779 2452 5827 tres
2474 5790 2586 5828 mas.
2614 5778 2667 5830 In
2703 5773 2875 5831 Morel'.
2904 5773 2957 5833 ei.
2977 5778 3126 5833 Savil.
3150 5781 3394 5848 ινθρώπου
3416 5784 3603 5836 dcent.
