4070 6340
352 318 448 375 ὗόΐ

351 433 506 488 facile
544 430 591 486 ei
637 428 703 484 ad
748 414 932 499 pacem
956 434 1010 481 et
1038 424 1102 480 ad
1130 438 1283 480 suam
1313 420 1541 492 patriam
1572 417 1829 473 reducere
1849 455 1865 480 ,
1892 420 1947 467 et

350 525 633 579 restituere
668 522 827 591 priori
858 520 1215 590 prosperitati.
1246 515 1361 570 Non
1410 512 1517 569 hoc
1560 511 1731 565 solum
1771 517 1945 563 autem

349 614 638 684 signiﬁcat,
663 612 757 667 sed
784 613 943 668 etiam
970 608 1113 666 aliud
1141 609 1369 662 latenter
1394 604 1590 659 innuit.
1625 602 1890 670 Quidnam
1921 600 1944 653 ?

350 705 814 774 Quemadmodum
848 705 981 768 haec,
1014 702 1140 756 licet
1184 699 1486 753 molestiam
1526 694 1773 758 aderant,
1802 706 1946 759 saepe

354 803 488 856 ﬁunt
543 800 789 853 utiliter:
845 798 918 851 ita
964 796 1125 851 etiam
1168 808 1288 863 quae
1329 790 1406 845 eis
1449 794 1768 852 evenerunt,
1816 783 1946 855 ipsis

354 896 567 949 fuerunt
622 892 790 955 utilia,
844 901 898 946 et
941 890 1163 944 multum
1210 884 1477 941 commodi
1518 881 1835 937 attulerunt.
1867 878 1946 934 Ne

353 997 498 1042 esset
549 998 724 1039 autem
774 983 851 1037 eis
901 981 1129 1051 amplius
1166 980 1444 1043 molestus,
1477 976 1545 1031 ad
1593 975 1941 1044 placidiorem

354 1094 540 1133 rursus
591 1077 820 1130 traduxit
875 1073 1244 1127 mulationem.
1296 1070 1434 1138 Quid
1484 1069 1600 1123 haec
1642 1076 1817 1121 autem
1845 1065 1945 1119 sibi

355 1170 541 1224 volunt
566 1167 847 1238 exempla?
873 1166 988 1220 Non
1018 1164 1150 1219 dixit
1180 1162 1320 1219 enim
1347 1158 1705 1221 solummodo,
1734 1158 1832 1225 Qui
1858 1155 1946 1209 dat

354 1265 531 1329 nivem,
554 1263 648 1318 sed
674 1260 934 1330 adjunxit,
963 1257 1244 1329 Tamquam
1272 1257 1480 1319 lauant;
1510 1269 1702 1323 neque,
1727 1251 1827 1316 Qui
1854 1267 1944 1304 ne-

355 1357 523 1411 bulam
539 1355 753 1425 spargit,
772 1352 865 1407 sed
894 1350 1185 1419 subjunxit,
1202 1348 1345 1403 Sicut
1367 1349 1611 1410 cinerem;
1631 1358 1820 1412 neque,
1846 1341 1946 1408 Qui

354 1448 503 1501 mittit
545 1443 861 1515 crystallum,
912 1441 1007 1496 sed
1047 1440 1279 1509 adjecit,
1316 1437 1461 1492 Sicut
1518 1434 1761 1491 bucellas.
1817 1432 1944 1487 Mihi

354 1538 568 1592 videtur
594 1535 825 1589 voluisse
851 1550 915 1588 ex
946 1532 1030 1586 his
1068 1529 1370 1601 signiﬁcare
1397 1543 1555 1597 quam
1592 1525 1703 1581 sint
1746 1526 1796 1580 ei
1822 1540 1942 1579 om-

352 1630 439 1685 nia
477 1628 648 1683 facilia
675 1638 728 1682 ct
759 1625 1039 1695 explicata.
1064 1624 1116 1679 8.
1151 1621 1251 1689 Qui
1274 1618 1545 1675 annuntiat
1562 1616 1766 1672 verbum
1794 1631 1944 1669 suum

351 1722 533 1777 Iacob.
568 1721 737 1785 Alius,
767 1719 993 1775 Statuta.
1024 1717 1196 1783 Alius,
1222 1714 1399 1769 Jussa.
1420 1712 1653 1766 Justitias
1683 1720 1731 1764 et
1743 1709 1945 1781 judicia

352 1832 444 1869 sua
466 1813 649 1869 Israel.
670 1813 728 1869 9.
748 1811 867 1865 Non
889 1811 1004 1881 fecit
1028 1810 1194 1863 taliter
1207 1807 1346 1862 omni
1367 1805 1577 1858 nationi.
1598 1803 1770 1865 Alius,
1788 1800 1946 1856 Simi-

353 1907 421 1962 liu
443 1904 537 1978 (a).
562 1906 622 1960 Et
628 1905 823 1977 judicia
842 1920 933 1957 sua
955 1918 1054 1956 non
1075 1898 1411 1971 manifestavit
1431 1895 1659 1953 eis.Vide
1673 1891 1944 1966 quomodo

352 2016 540 2054 rursus
589 2014 618 2050 a
658 1995 994 2067 generalibus
1028 1992 1213 2047 transit
1262 1990 1330 2045 ad
1378 1988 1690 2060 singularia,
1725 1994 1779 2039 et
1823 1999 1944 2055 qua;

353 2104 508 2148 erant
536 2090 839 2147 Judaeorutn
872 2089 1161 2159 praecipua,
1190 2085 1379 2140 volens
1413 2097 1508 2138 eos
1534 2081 1599 2135 ad
1626 2080 1800 2151 majus
1825 2088 1944 2134 stu-

353 2185 497 2240 dium
530 2185 784 2239 excitare.
834 2184 1008 2251 Atque
1056 2180 1110 2233 in
1155 2176 1418 2249 principio
1474 2175 1688 2245 quidem
1744 2170 1941 2225 Psalmi

354 2276 605 2331 disseruit
623 2274 691 2330 de
717 2274 1024 2338 sensilibus,
1050 2282 1103 2326 et
1127 2287 1246 2341 qua:
1264 2266 1731 2339 prosuntcorpori,
1748 2276 1944 2331 nempe

355 2368 423 2423 de
474 2368 785 2428 securitate,
812 2366 877 2421 de
908 2365 1037 2420 anni
1086 2364 1359 2420 fertilitate
1381 2402 1398 2427 ,
1431 2361 1496 2415 de
1528 2375 1657 2429 pace
1689 2377 1701 2411 :
1735 2357 1824 2410 hic
1851 2370 1946 2409 au—

357 2470 462 2516 tem
495 2462 790 2515 orationem
822 2459 886 2514 ad
915 2459 1101 2513 altiora
1130 2457 1393 2527 erigit,de
1423 2456 1537 2524 lege
1566 2467 1684 2522 qua:
1711 2450 1791 2505 eis
1820 2448 1944 2503 data

359 2563 442 2607 cst
474 2562 710 2607 tractans
734 2594 747 2614 ,
773 2551 916 2621 quod
944 2550 1160 2619 quidem
1194 2557 1276 2603 est
1323 2546 1613 2601 maximum
1642 2558 1819 2615 genus
1851 2542 1943 2595 be-

356 2646 533 2701 neficii
555 2689 570 2712 ,
612 2662 639 2698 a
670 2646 801 2699 vitio
829 2643 1115 2707 abducere,
1139 2641 1406 2697 deducere
1429 2639 1495 2694 ad
1524 2639 1798 2703 virtutem,
1818 2635 1943 2689 ani-

356 2753 504 2794 mum
548 2738 833 2792 illustrare.
870 2736 936 2790 Et
986 2734 1107 2790 ideo
1141 2734 1317 2789 Moses
1373 2732 1477 2787 hoc
1526 2745 1721 2800 susque
1768 2728 1943 2798 deque

359 2845 581 2885 versans
610 2829 822 2883 dicebat
856 2846 870 2882 :
919 2826 1042 2893 Quis
1062 2836 1133 2880 est
1164 2834 1215 2879 ut
1238 2826 1281 2879 is
1307 2822 1573 2896 populus?
1611 2839 1731 2893 gens
1756 2837 1944 2891 magna

356 2922 440 2977 cui
483 2921 620 2977 Deus
661 2930 732 2975 est
756 2921 826 2975 eis
862 2919 1298 2990 appropinquans,
1318 2927 1373 2969 ut
1403 2915 1648 2970 Dominus
1675 2914 1812 2969 Deus
1848 2930 1947 2975 no-

356 3029 459 3074 ster
483 3060 497 3083 ,
531 3019 583 3071 in
613 3017 842 3070 omnibus
870 3014 1044 3083 quibus
1071 3029 1182 3067 eum
1212 3011 1611 3065 invocaverimus
1660 3010 1851 3081 (Deut.
1884 3009 1938 3064 ι.

358 3113 390 3166 7
413 3110 460 3181 )?
491 3111 553 3165 Et
573 3108 734 3162 David
767 3121 951 3163 rursus
983 3122 995 3158 :
1027 3104 1242 3160 Faciens
1277 3103 1644 3157 misericordias
1670 3102 1940 3166 Dominus,

361 3210 407 3254 et
436 3200 690 3271 judicium
741 3196 971 3251 onmibus
1000 3197 1239 3266 injuriam
1271 3194 1595 3264 patientibus.
1630 3192 1793 3246 Notas
1825 3196 1943 3263 fecit

357 3293 464 3346 vias
493 3308 610 3344 suas
635 3289 787 3354 Mosi,
822 3290 940 3357 ﬁliis
970 3287 1137 3343 Israel
1161 3288 1441 3341 voluntates
1466 3302 1585 3341 suas
1607 3286 1627 3359 (
1653 3284 1937 3341 I’sal.102.

356 3386 407 3440 6.
430 3383 504 3454 '7).
541 3382 880 3437 Ethretuias
899 3381 976 3452 (b)
1011 3398 1025 3436 :
1058 3379 1157 3434 Hic
1174 3388 1245 3433 est
1276 3372 1413 3435 Deus
1432 3388 1599 3433 noster
1616 3396 1635 3445 ;
1662 3394 1764 3432 non
1789 3393 1949 3447 repu-

355 3479 542 3533 tabitur
578 3478 708 3531 alius
726 3486 906 3547 praeter
938 3476 1128 3545 ipsum.
1154 3473 1355 3528 Invenit
1383 3488 1580 3527 omnem
1607 3472 1740 3526 viam
1777 3469 1942 3525 scieno

357 3572 459 3631 tite,
489 3581 535 3623 et
565 3570 701 3622 dedit
723 3585 835 3622 eam
859 3566 1019 3621 Iacob
1049 3564 1160 3637 filio
1202 3581 1315 3633 suo,
1347 3574 1396 3620 et
1416 3562 1587 3619 Israel
1631 3558 1818 3617 dilecto
1843 3571 1941 3611 suo

358 3661 582 3737 (Barttch
613 3663 668 3715 5.
697 3662 784 3716 56.
816 3660 929 3733 57).
1173 3654 1179 3659 ’

428 3754 724 3808 Beccatores
744 3754 894 3805 etiam
914 3760 1029 3805 ante
1054 3750 1211 3822 legem
1237 3749 1601 3821 puniti.—Sed
1620 3749 1815 3805 dixerit
1841 3750 1949 3805 for-

357 3859 498 3904 tasse
514 3847 793 3918 quispiam:
809 3842 940 3899 Cum
956 3844 1170 3914 reliquis
1187 3843 1491 3900 hominibus
1506 3858 1610 3915 non
1624 3843 1951 3914 signiﬁcave-

356 3939 716 4011 rit,quomodo
733 3952 826 3993 eos
840 3936 1019 4008 punit?
1034 3938 1185 4005 Quod
1202 3938 1414 4009 quidem
1434 3938 1616 4009 puniat
1630 3940 1718 4009 qui
1732 3937 1948 3992 fuerunt

357 4042 481 4087 ante
525 4032 716 4103 legem,
745 4040 796 4084 et
812 4044 905 4085 eos
932 4031 1023 4102 qui
1050 4041 1272 4101 peccant
1303 4048 1398 4102 per
1426 4034 1729 4087 universum
1758 4032 1943 4088 orbem

357 4134 535 4187 terrm,
550 4126 750 4179 clarum
769 4132 849 4178 est
871 4138 937 4178 ex
961 4124 1023 4177 iis
1045 4140 1163 4193 qua:
1187 4124 1566 4180 dicitChristus
1587 4144 1599 4179 :
1622 4124 1817 4196 Regina
1837 4126 1947 4179 Au-

357 4217 449 4270 stri
470 4227 658 4287 surget,
675 4226 720 4270 et
738 4216 1087 4269 condemnabit
1104 4217 1233 4269 hanc
1248 4217 1616 4286 generationem
1631 4216 1843 4287 (Matth.
1856 4218 1939 4271 12.

357 4308 471 4380 42).
497 4309 563 4363 Ει
586 4323 798 4362 rursus:
837 4307 871 4361 ν
877 4309 939 4362 iri
964 4308 1015 4361 Ν
1020 4310 1205 4363 ἱηίυἱιιι²
1229 4320 1456 4380 surgent,
1479 4320 1524 4364 et
1545 4312 1946 4366 condemnabunt

358 4404 489 4455 hanc
516 4404 882 4473 generationem
915 4400 1074 4475 (Ibid.
1093 4420 1139 4456 v.
1159 4402 1272 4472 41).
1294 4402 1525 4458 Omnino
1555 4406 1698 4459 enim
1723 4405 1845 4460 ideo
1871 4406 1944 4461 ita

359 4495 556 4550 dictum
581 4507 692 4562 est,
734 4495 874 4564 quod
904 4496 975 4550 illi
1006 4511 1215 4566 quoque
1245 4498 1504 4551 rationem
1535 4497 1860 4554 redderent:
1890 4508 1947 4554 et

358 4589 431 4643 illi
467 4588 680 4658 quidem
711 4588 1072 4656 laudarentur,
1096 4588 1150 4643 hi
1176 4604 1300 4643 vero
1322 4592 1654 4659 punirentur.
1685 4590 1741 4647 Si
1764 4600 1944 4647 autem

359 4697 464 4734 non
514 4681 680 4735 fuerat
720 4681 799 4735 eis
846 4689 1119 4735 ostensum
1163 4682 1287 4751 quid
1333 4683 1431 4736 sibi
1471 4692 1611 4738 esset
1656 4685 1943 4755 agendum,

358 4769 627 4839 quomodo
676 4770 776 4825 hos
822 4771 1224 4827 condemnaturi
1278 4773 1468 4829 erant?
1512 4775 1790 4842 Quomodo
1850 4790 1947 4831 auo

360 4871 467 4916 tem
508 4879 695 4918 rursus
745 4864 912 4930 dixit,
960 4863 1310 4921 Vindicabitur
1357 4870 1565 4939 sanguis
1615 4887 1648 4923 a
1700 4873 1947 4942 sanguine

359 4955 482 5010 Abel
516 4958 647 5025 justi
689 4974 843 5027 usque
869 4957 937 5011 ad
980 4959 1274 5029 sanguinem
1320 4960 1588 5014 Zachariae
1618 4961 1827 5030 (Matth.
1851 4962 1943 5020 25.

359 5047 493 5117 55)?
519 5047 799 5113 Quomodo
828 5056 1005 5105 autem
1033 5066 1220 5107 rursus
1244 5093 1258 5117 ,
1289 5051 1621 5107 Tolerabilius
1663 5056 1758 5108 erit
1799 5066 1946 5110 teme

361 5139 707 5194 Sodomorum
727 5148 772 5192 et
804 5139 1097 5195 Gomorrhte
1120 5141 1329 5213 (Matth.
1355 5145 1441 5198 Η.
1465 5143 1600 5215 24)?
1625 5145 1759 5202 Cum
1800 5148 1942 5202 enim

357 5231 522 5298 dixit,
555 5231 917 5298 Tolerabilius,
950 5248 1056 5287 non
1087 5234 1374 5303 perfectam
1418 5236 1818 5304 liberationem,
1849 5239 1943 5295 sed

357 5339 453 5380 eos
476 5340 572 5395 pro
596 5326 707 5379 suis
736 5328 968 5394 peccatis
988 5326 1115 5381 dare
1132 5328 1300 5383 levius
1320 5330 1639 5400 supplicium
1658 5334 1940 5403 signiﬁcat.

354 5418 513 5486 Quod
540 5418 607 5482 si,
638 5418 728 5488 qui
756 5418 924 5488 puniti
949 5428 1093 5485 sunt,
1116 5430 1219 5475 tam
1246 5437 1434 5492 graves
1465 5439 1649 5480 rursus
1678 5425 1805 5481 dant
1832 5443 1944 5497 po:-

336 5523 454 5571 .nas
473 5551 489 5576 ,
519 5509 639 5579 quis
670 5524 736 5563 ex
767 5509 889 5564 aliis
917 5508 1179 5582 eﬁ'ugiet‘!

423 5659 497 5722 (a)
530 5660 644 5720 Quis
665 5664 735 5712 sic
760 5673 928 5712 vocem
950 5665 1007 5747 ἶ)
1028 5670 1327 5718 converterit
1347 5673 1644 5733 ignoramus.

422 5752 499 5816 (ὸ)
519 5758 601 5805 llic
614 5764 689 5806 est
701 5757 897 5819 Baruch,
909 5760 1047 5821 cujus
1057 5771 1189 5823 saepe
1206 5760 1333 5813 dicta
1342 5768 1569 5814 Jeremiaa
1581 5766 1934 5817 adscribuntur.

1461 299 1820 362 EXPOSlTlO
1857 297 1923 353 IN
1960 296 2282 357 PSALMIJM
2318 302 2574 383 CXLVII.

3540 315 3647 374 43"!

2128 415 2182 467 5.
2219 416 2473 475 Videmus
2496 428 2674 476 autem
2701 435 2795 476 eos
2818 436 3030 493 quoque
3054 425 3143 493 qui
3172 439 3357 495 pinnas
3379 426 3644 485 dederunt

2055 507 2107 561 in
2136 507 2360 572 diluvio,
2384 521 2436 565 et
2490 513 2683 567 multos
2734 513 2899 581 alios,
2928 525 2983 570 et
3030 516 3203 586 ipsum
3249 516 3400 573 Cain.
3446 520 3644 577 Paulus

2053 615 2267 671 quoque
2290 600 2449 667 dicit,
2482 603 2584 657 hoc
2639 605 2809 675 ipsum
2860 607 3164 677 signiﬁcans
3193 628 3208 663 :
3237 608 3509 666 Revelatur
3563 615 3643 667 ira

2054 691 2150 746 Dei
2176 693 2237 747 de
2258 695 2379 748 ctelo
2410 712 2559 766 super
2585 714 2782 751 onmem
2807 698 3111 768 impietatem
3142 711 3189 755 et
3218 703 3519 773 injustitiam
3545 705 3643 760 hoc

2054 787 2245 839 minam
2287 788 2373 859 qui
2402 790 2659 842 veritatem
2698 790 2749 843 in
2793 792 3044 862 injustitia
3071 794 3335 863 detinent;
3373 808 3643 868 propterea

2052 881 2188 949 quod
2209 880 2262 933 id
2285 882 2419 955 quod
2453 884 2515 935 de
2542 882 2649 936 Deo
2676 886 2911 955 cognosci
2936 896 3116 954 potest,
3145 890 3466 956 manifestum
3494 901 3565 945 est
3587 893 3641 945 in

2012 1032 2019 1037 ἠ
2052 972 2194 1042 ipsis,
2222 971 2357 1026 Deus
2377 974 2508 1026 enim
2528 973 2630 1027 illis
2651 976 3006 1046 manifestavit.
3050 975 3335 1032 Invisibilia
3363 983 3495 1034 enim
3524 984 3637 1050 ejus

2053 1080 2083 1116 a
2107 1066 2361 1117 creatione
2388 1065 2566 1118 mundi
2597 1067 2827 1131 Operibus
2872 1067 3124 1122 intellecta
3161 1073 3560 1139 conspiciuntur,
3592 1084 3637 1128 et

2050 1167 2237 1211 (eterna
2266 1157 2374 1222 eius
2417 1157 2640 1226 potantia
2674 1167 2720 1211 et
2762 1158 2997 1213 divinitas
3021 1202 3035 1225 ,
3064 1169 3120 1213 ut
3145 1161 3244 1215 sint
3284 1163 3381 1230 ipsi
3425 1168 3635 1219 inexcu-

2050 1248 2232 1302 sabiles
2256 1248 2430 1321 (Rom.
2460 1249 2512 1303 1.
2540 1248 2749 1318 18-20).
2777 1250 2977 1305 Deinde
3003 1252 3069 1306 de
3106 1251 3211 1306 vita
3230 1268 3441 1323 quoque
3471 1250 3634 1310 iterba

2049 1340 2273 1407 faciens,
2294 1358 2360 1397 ne
2383 1342 2470 1396 hic
2491 1342 2703 1412 quidem
2728 1358 2819 1398 eos
2842 1345 3094 1414 relinquit
3121 1346 3312 1399 rationi
3348 1346 3632 1402 reddenda:

2049 1448 2157 1487 nou
2203 1434 2486 1501 obnoxios,
2518 1436 2588 1488 ita
2618 1435 2806 1489 dicens
2828 1478 2843 1501 ,
2881 1435 2979 1502 Qui
3006 1452 3119 1489 cum
3136 1438 3393 1508 justitiam
3422 1437 3519 1492 Dei
3544 1456 3634 1493 co-

2047 1525 2354 1596 gnovissent,
2383 1525 2520 1596 quod
2545 1526 2630 1593 qui
2652 1527 2775 1577 talia
2796 1537 2973 1596 agunt,
3003 1527 3145 1597 digni
3170 1539 3329 1583 morte
3347 1539 3461 1583 sunt
3490 1547 3508 1584 :
3536 1548 3635 1585 non

2047 1624 2214 1677 solum
2264 1608 2322 1675 ea
2374 1621 2584 1692 faciunt,
2631 1620 2719 1674 sed
2765 1622 2913 1673 etiam
2971 1621 3266 1689 facientibus
3320 1625 3636 1678 consentiunt

2049 1714 2224 1784 (Rom.
2250 1712 2431 1781 4.32).
2461 1712 2737 1766 Existimas
2759 1722 2926 1764 autem
2952 1713 3064 1777 hoc,
3095 1729 3124 1766 ο
3145 1713 3317 1776 homo,
3334 1717 3419 1785 qui
3431 1716 3636 1786 judicas

2048 1821 2132 1859 eos
2175 1805 2263 1868 qui
2293 1805 2416 1857 talia
2460 1805 2677 1877 faciunt,
2698 1813 2743 1856 et
2769 1804 2894 1874 facis
2931 1820 3009 1870 ea,
3032 1804 3166 1875 quod
3192 1814 3246 1858 tu
3276 1805 3369 1859 Dei
3381 1807 3634 1877 judicium

2046 1898 2294 1970 effugies?
2318 1898 2397 1951 An
2420 1897 2620 1951 divitias
2650 1898 2970 1967 benignitatis
2995 1899 3132 1967 ejus,
3166 1900 3440 1966 patientiae,
3459 1911 3503 1953 et
3523 1901 3637 1954 lon-

2046 1991 2358 2062 ganimitatis
2394 1991 2700 2055 contemnis,
2734 1991 2961 2044 nesciens
2984 1991 3120 2061 quod
3158 1990 3437 2061 benignitas
3463 1990 3561 2046 Dei
3586 2003 3637 2047 te

2045 2082 2117 2136 ad
2164 2082 2504 2152 paenitentiam
2549 2081 2800 2136 adducit?
2845 2081 3139 2136 Secundum
3180 2083 3421 2136 duritiam
3467 2095 3634 2136 autem

2049 2188 2206 2241 tuam,
2236 2186 2283 2229 et
2314 2192 2401 2229 cor
2428 2176 2772 2245 impoenitens,
2799 2174 3110 2229 thesaurizas
3158 2174 3245 2228 tibi
3286 2175 3417 2229 iram
3448 2176 3501 2229 in
3549 2176 3631 2229 die

2046 2270 2138 2324 ira:
2159 2278 2204 2322 et
2243 2268 2557 2322 reuelationis
2584 2278 2629 2321 et
2647 2267 2974 2338 justijudicii
2996 2266 3111 2331 Dei,
3130 2266 3215 2337 qui
3242 2267 3414 2321 reddet
3442 2270 3637 2322 unicui-

2045 2376 2142 2430 que
2165 2360 2441 2415 secundum
2466 2374 2619 2428 opera
2653 2374 2747 2411 sua
2767 2373 2786 2413 :
2804 2358 2867 2411 iis
2893 2358 3091 2427 quidem
3122 2359 3207 2429 qui
3232 2362 3508 2413 secundum
3538 2377 3635 2426 pa-

2047 2456 2272 2508 tientiam
2295 2453 2409 2506 boni
2434 2453 2618 2522 aperis,
2637 2450 2852 2522 gloriam
2879 2460 2924 2504 et
2951 2452 3208 2513 honorem,
3228 2461 3274 2504 et
3301 2451 3637 2523 incorruptio-

2047 2564 2162 2602 nem
2186 2555 2417 2616 quaerunt
2434 2586 2449 2609 ,
2480 2545 2630 2598 vitam
2652 2554 2891 2598 (sternam
2922 2545 2937 2576 ¹
2966 2562 2984 2597 :
3006 2545 3067 2597 iis
3093 2560 3207 2597 vero
3231 2544 3318 2609 qui
3346 2560 3409 2598 ea:
3432 2554 3636 2598 conten-

2046 2640 2182 2694 tione
2210 2639 2407 2694 veritati
2430 2638 2635 2708 quidem
2664 2654 2765 2690 non
2784 2645 2998 2705 parent,
3028 2646 3205 2705 parent
3235 2646 3401 2689 autem
3428 2637 3629 2706 injusti-

2048 2734 2133 2789 tia:
2149 2774 2168 2800 ,
2188 2734 2268 2787 ira
2289 2742 2334 2787 et
2362 2732 2667 2803 indignatio,
2692 2731 2894 2801 aﬁlictio
2921 2739 2966 2783 et
3004 2730 3236 2800 angustia
3269 2746 3419 2801 super
3439 2747 3633 2783 omnem

2046 2829 2272 2883 animam
2309 2826 2530 2881 hominis
2572 2826 2827 2893 opereulis
2869 2823 3085 2890 ntalum,
3113 2821 3286 2877 Judaei
3306 2824 3525 2893 primum
3544 2863 3560 2889 ,
3588 2834 3634 2876 et

2050 2921 2215 2977 Graeci
2244 2923 2418 2996 (Rom.
2445 2921 2500 2975 2.
2538 2921 2682 2988 5-9).

2120 3015 2387 3069 Naturalis
2436 3015 2519 3069 lea:
2556 3012 2784 3068 omnibus
2821 3011 2992 3066 insita.
3039 3011 3370 3067 Conscientiae
3405 3011 3509 3065 lex.
3559 3039 3633 3052 νο-

2054 3108 2212 3164 Vides
2261 3122 2358 3178 per
2399 3107 2513 3162 haec
2554 3105 2732 3161 omnia
2756 3144 2773 3170 ,
2812 3102 3082 3174 quomodo
3129 3118 3351 3169 omnes,
3376 3110 3637 3173 quotquot

2048 3202 2264 3257 fuerunt
2302 3201 2547 3256 homines
2568 3241 2584 3265 ,
2614 3200 2775 3254 etiam
2809 3206 2934 3253 ante
2976 3196 3181 3267 legem,
3214 3196 3342 3251 dant
3388 3205 3636 3266 peccato-

2014 3351 2021 3357 ,
2047 3311 2165 3351 rum
2192 3309 2416 3365 pinnas:
2447 3303 2502 3349 et
2525 3292 2844 3363 quicumque
2870 3290 3078 3346 virtutis
3106 3305 3287 3344 curam
3318 3296 3632 3359 gesserunt,

2047 3400 2103 3446 et
2120 3389 2189 3445 ab
2210 3386 2481 3458 impietate
2501 3394 2857 3451 recesserunt,
2883 3382 3126 3439 fruuntur
3145 3382 3334 3437 bonis?
3357 3382 3637 3451 Quomodo

2048 3500 2175 3554 ergo
2194 3484 2297 3538 erit
2314 3492 2404 3537 aut
2428 3482 2530 3537 hoc
2555 3490 2644 3536 aut
2673 3479 2822 3548 illud,
2850 3479 2895 3533 si
2916 3477 3043 3549 quid
3067 3486 3210 3533 esset
3229 3476 3513 3546 agendum,
3538 3490 3635 3528 ne-

2048 3575 2333 3632 sciebant?
2380 3574 2471 3631 Sin
2522 3585 2700 3629 autem
2752 3571 3030 3637 sciebant,
3079 3569 3286 3640 inquit,
3315 3569 3441 3639 quid
3493 3578 3638 3624 esset

2049 3669 2337 3740 agendum,
2359 3667 2626 3738 quomodo
2675 3665 2826 3731 dicit,
2860 3663 2982 3718 Non
3019 3664 3136 3736 fecit
3163 3661 3334 3716 taliter
3367 3662 3504 3716 omni
3544 3678 3637 3715 ua-

2051 3766 2195 3832 tioni,
2223 3774 2272 3819 et
2288 3763 2489 3835 judicia
2514 3778 2608 3816 sua
2636 3777 2738 3814 non
2764 3758 3103 3829 manifestavit
3126 3758 3236 3812 eis?
3260 3755 3397 3822 Quid
3422 3770 3548 3825 ergo
3568 3755 3638 3808 sit

2049 3860 2191 3931 quod
2217 3859 2473 3929 scriptum
2498 3864 2610 3921 est,
2642 3854 2844 3927 etquid
2870 3854 2969 3908 sibi
2999 3852 3127 3907 velit
3146 3850 3466 3919 signiﬁcare,
3488 3848 3632 3903 audi.

2050 3955 2313 4025 Scriptum
2341 3952 2510 4024 legem
2535 3950 2663 4005 nulli
2689 3949 2775 4003 alii
2800 3948 2948 4003 dedit
2981 3965 2993 4000 :
3016 3945 3311 4000 naturalem
3333 3945 3472 3999 enim
3495 3944 3637 3999 intus

2052 4046 2320 4102 habebant
2349 4057 2556 4105 omnes,
2585 4051 2961 4111 personantem
3003 4037 3128 4107 quid
3158 4038 3227 4093 sit
3267 4037 3485 4096 bonum.
3509 4037 3637 4106 quid

2050 4137 2372 4193 seeus.Cum
2401 4135 2544 4190 enim
2569 4134 2839 4188 hominem
2870 4132 3011 4186 Deus
3035 4132 3273 4200 ﬁngeret,
3296 4130 3452 4184 simul
3475 4129 3636 4185 etiam

2051 4230 2154 4285 hoc
2176 4230 2252 4283 illi
2280 4228 2468 4283 indidit
2490 4228 2849 4294 incorruptum
2876 4223 3132 4291 judicium
3168 4241 3180 4276 :
3215 4237 3406 4291 nempe
3444 4222 3635 4278 unius-

2050 4322 2308 4391 cujusque
2354 4334 2508 4374 suum
2546 4317 2887 4373 conscientia:
2913 4316 3197 4371 calculum.
3222 4314 3420 4369 Judzeis
3454 4323 3633 4369 autem

2014 4460 2017 4463 .
2051 4413 2155 4468 hoc
2181 4413 2486 4483 procuravit
2511 4410 2788 4475 eximium,
2822 4419 2879 4463 ut
2907 4424 3025 4477 quae
3045 4417 3196 4462 erant
3224 4408 3364 4475 jttSla
3402 4421 3466 4460 ac
3501 4407 3633 4477 legi-

2050 4506 2200 4568 tima,
2222 4520 2321 4576 per
2344 4504 2539 4573 scripta
2567 4509 2972 4572 cognoscerent.
2998 4500 3061 4553 Et
3081 4499 3200 4553 ideo
3220 4514 3323 4553 nou
3349 4498 3481 4553 dixit
3496 4498 3632 4569 ipse,

2049 4599 2165 4655 Non
2187 4597 2313 4653 fecit
2339 4599 2392 4651 in
2433 4596 2578 4650 omni
2622 4603 2800 4664 gente,
2833 4592 2948 4657 sed,
2978 4589 3101 4644 Non
3145 4590 3262 4659 fecit
3302 4590 3495 4643 taliter.
3523 4589 3637 4645 Hoc

2049 4701 2154 4757 est,
2183 4690 2300 4745 Non
2340 4688 2580 4744 misiteis
2612 4687 2840 4751 tabulas,
2878 4700 2984 4739 non
3022 4683 3216 4752 scripta
3241 4723 3257 4749 ,
3306 4698 3412 4735 non
3455 4681 3637 4736 Mosen

2051 4785 2408 4856 legislatorem
2430 4822 2446 4847 ,
2474 4795 2582 4835 non
2648 4779 2749 4832 alia
2784 4794 2905 4847 quac
2946 4776 3156 4831 fuerunt
3184 4775 3236 4828 in
3262 4781 3443 4829 monte
3469 4774 3595 4828 Sina
3621 4791 3635 4837 ;

2050 4878 2143 4934 sed
2164 4876 2331 4932 Judaei
2361 4873 2461 4929 soli
2487 4871 2741 4944 peculiari
2774 4870 3001 4939 quodam
3028 4867 3303 4938 privilegio
3325 4865 3440 4921 haec
3458 4867 3644 4924 omni“

2050 4970 2363 5040 consequuti
2394 4977 2557 5023 sunt:
2584 4980 2768 5023 verum
2799 4965 3042 5018 universa
3075 4961 3302 5015 humana
3331 4968 3519 5013 natura
3544 4958 3638 5012 ha-

2052 5062 2167 5117 buit
2214 5059 2566 5115 sufﬁcientem
2613 5057 2784 5126 legem
2826 5053 3191 5109 conscientia}.
3245 5050 3376 5116 Quae
3422 5048 3635 5118 quidem

2052 5155 2247 5210 Paulus
2275 5166 2488 5223 quoque
2513 5146 2821 5219 signiﬁcans
2845 5146 3089 5201 dicebat:
3112 5143 3329 5210 Quando
3356 5141 3489 5194 enim
3515 5155 3639 5210 gen-

2051 5256 2123 5300 tes
2153 5246 2310 5315 legem
2337 5260 2439 5298 non
2462 5242 2698 5296 habentes
2715 5280 2731 5305 ,
2754 5247 2937 5293 natura
2962 5251 3076 5307 qtae
3107 5234 3229 5305 legis
3253 5242 3370 5286 sunt
3396 5231 3593 5300 faciunt
3616 5244 3636 5282 :

2049 5338 2087 5390 ii
2113 5338 2273 5407 legem
2299 5351 2403 5389 non
2427 5334 2662 5387 habentes
2680 5373 2694 5395 ,
2725 5330 2945 5401 sibiipsis
2982 5336 3098 5381 sunt
3123 5325 3207 5380 lca:
3231 5323 3407 5397 (Rom.
3435 5322 3492 5376 2.
3521 5321 3633 5393 M).

2052 5428 2119 5483 Et
2146 5428 2267 5483 ideo
2282 5426 2450 5483 Judaei
2471 5424 2615 5496 digni
2640 5433 2768 5478 sunt
2789 5420 2978 5490 majori
3007 5417 3469 5481 condemnationo,
3485 5422 3633 5492 quod

2050 5538 2172 5579 cum
2221 5536 2325 5575 una
2359 5535 2480 5576 cum
2508 5519 2626 5590 lege
2668 5517 2897 5574 naturali
2942 5518 3193 5585 scriptam
3222 5530 3438 5585 quoque
3457 5516 3631 5587 legent

2049 5614 2376 5685 acceperint,
2395 5621 2501 5667 tam
2528 5611 2785 5669 scelerate
2810 5620 2864 5666 et
2888 5618 2993 5664 tam
3023 5608 3225 5665 nefarie
3243 5626 3302 5666 se
3322 5617 3636 5682 gesserunt.

2114 5771 2130 5801 ¹
2166 5767 2306 5819 Savll.
2332 5770 2508 5820 omittit
2531 5767 2618 5820 has
2641 5767 2760 5821 duas
2785 5782 2945 5829 voces,
2973 5768 3115 5822 vitam
3152 5771 3407 5820 tttemant.
