4070 6340
478 424 839 497 Quamobrem
877 435 1129 493 maguum
1176 417 1271 474 Dei
1307 416 1625 474 beneficium
1669 417 1749 471 eis
1795 413 2069 486 negligen-

482 521 626 575 tibus
665 517 844 573 evadit
889 514 1101 571 occasio
1134 512 1353 583 majoris
1399 508 1883 566 condemnationis.
1918 507 2070 575 Quod

479 612 548 667 ad
575 610 737 666 verba
767 608 986 681 quidem
1016 605 1213 676 scripta
1240 604 1458 667 attinet,
1481 601 1748 657 sulliciunt
1793 615 1911 671 quae
1933 599 2072 654 dicta

482 712 610 760 sunt
639 726 654 757 :
686 703 730 757 si
757 700 876 772 quis
901 706 1077 753 autem
1106 695 1377 752 desiderat
1417 693 1685 749 Psalmum
1717 707 1931 763 quoque
1978 705 2069 745 su—

482 812 631 854 mere
656 795 968 865 anagogice,
998 806 1107 846 non
1127 788 1494 845 recusabimus
1516 786 1617 841 hac
1642 800 1853 856 quoque
1874 784 1957 837 via
1987 783 2070 836 in-

483 889 654 961 gredi,
679 904 785 943 non
813 883 1088 940 historiam
1116 880 1516 941 labefactantes,
1539 878 1697 944 absit,
1723 876 1816 932 sed
1838 891 1958 930 cum
1985 874 2071 930 illa

484 982 600 1035 haec
622 993 834 1050 quoque
862 974 1118 1030 studiosis
1138 972 1472 1041 adjicientes,
1493 967 1667 1040 quoad
1689 968 1805 1037 ejus
1834 966 1948 1021 fieri
1974 980 2073 1035 po-

484 1073 630 1128 terit.
660 1069 863 1134 Lauda,
885 1066 1193 1129 Jerusalem,
1221 1063 1514 1126 Dominum,
1543 1060 1699 1115 lauda
1723 1057 1887 1113 Deum
1908 1066 2072 1123 tuum,

485 1165 635 1221 Sion.
666 1163 824 1219 Novit
855 1160 1047 1216 Paulus
1066 1157 1338 1214 caelestem
1358 1153 1679 1219 Jerusalem,
1703 1151 1770 1207 de
1793 1166 1894 1221 qua
1917 1150 2072 1205 dicit:

487 1258 617 1325 Qui:
644 1271 846 1311 sursum
888 1261 963 1307 est
1002 1262 1171 1305 autem
1207 1246 1514 1310 Jerusalem,
1546 1246 1703 1299 libera
1728 1253 1835 1308 est,
1864 1257 1977 1314 quis
2005 1250 2077 1296 est

485 1361 644 1405 niater
689 1358 863 1403 nostra
888 1343 1030 1417 (Gal.
1049 1344 1102 1399 4.
1127 1343 1261 1412 26):
1293 1338 1741 1411 quemadmodum
1784 1336 1915 1391 Sion
1943 1350 2075 1405 quo-

483 1457 589 1513 que
614 1441 762 1496 novit
790 1438 1084 1494 Ecclesiam
1104 1479 1119 1503 ,
1152 1436 1367 1507 quando
1391 1434 1554 1497 dicit,
1602 1431 1723 1486 Non
1747 1431 1879 1485 enim
1904 1446 2077 1484 acces-

485 1536 624 1589 sistis
658 1533 727 1587 ad
764 1542 981 1586 montem
1006 1531 1091 1601 qui
1114 1529 1352 1597 palpatur
1374 1567 1389 1591 ,
1411 1527 1498 1596 qui
1524 1525 1755 1579 incensus
1792 1534 1864 1578 est
1889 1524 2004 1594 igne
2028 1531 2079 1576 et

485 1625 685 1679 turbine
711 1633 759 1678 et
777 1623 994 1693 caligine
1018 1630 1065 1675 et
1090 1618 1335 1691 procella,
1357 1617 1446 1671 sed
1468 1616 1743 1671 accessistis
1758 1616 1826 1669 ad
1853 1613 1982 1670 Sion
2007 1617 2080 1668 ci-

485 1718 689 1772 vitatem
731 1726 779 1770 et
822 1714 1102 1769 Ecclesium
1140 1712 1585 1782 primogenitorum
1612 1709 1981 1779 descriptorum
2019 1707 2075 1761 in

488 1809 625 1864 ciliis
652 1806 837 1881 (Hebr.
866 1805 1054 1860 i118.
1074 1804 1163 1859 2‘2.
1183 1804 1293 1874 25).
1325 1803 1507 1857 Potest
1535 1816 1661 1870 ergo
1689 1800 1757 1855 de
1781 1816 1841 1854 ea
1868 1814 2081 1870 quoque

487 1902 593 1956 dici
641 1900 934 1970 anagogice
982 1897 1134 1962 illud,
1168 1895 1347 1950 Lauda
1369 1938 1383 1962 ,
1410 1893 1728 1959 Jerusalem,
1760 1892 2078 1959 Dominum,

489 1993 646 2047 lauda
676 1991 844 2046 Deum
875 2001 1039 2055 tuum,
1068 1989 1197 2044 Sion
1229 2003 1248 2041 :
1276 1988 1330 2042 9..
1363 1988 1599 2057 quoniam
1621 1984 1918 2055 conforttwit
1943 1999 2081 2038 seras

490 2096 753 2157 portarum
779 2094 1001 2149 tuarum,
1032 2082 1280 2136 benedixit
1314 2082 1434 2149 ﬁliis
1460 2080 1558 2133 tuis
1584 2080 1638 2132 in
1680 2088 1745 2133 te.
1776 2076 1907 2133 Eam
1938 2077 2079 2131 enim

492 2177 687 2233 muniit
739 2174 968 2230 validius
1014 2190 1173 2244 quam
1216 2173 1547 2237 Jerusalem,
1588 2188 1693 2227 non
1741 2170 1982 2225 vectibus
2029 2178 2085 2224 et

498 2268 692 2339 portis,
720 2267 815 2321 sed
874 2280 1037 2321 cruce
1082 2264 1491 2333 circumscptam
1517 2304 1533 2329 ,
1584 2272 1634 2318 et
1666 2262 2080 2318 denuntiatione

494 2361 729 2433 propria:
754 2356 1061 2429 putestatis,
1089 2371 1186 2426 per
1227 2370 1386 2424 quam
1432 2354 1630 2424 ubique
1669 2354 1785 2421 ejus
1836 2348 2086 2406 excitavit

494 2453 753 2508 ambitum
778 2492 794 2516 ,
825 2465 947 2507 cum
975 2448 1109 2503 dixit
1138 2466 1152 2501 :
1182 2446 1358 2502 Porta:
1381 2447 1659 2517 inferorum
1692 2461 1795 2498 non
1836 2443 2085 2514 prtevale-

499 2546 624 2601 bunt
651 2546 893 2599 adversus
921 2559 1032 2597 eam
1055 2541 1267 2616 (Matth.
1297 2540 1385 2596 16.
1411 2540 1521 2609 18).

576 2639 632 2694 ι.
676 2636 920 2692 Ecclesia
946 2638 1259 2705 Oppugnatio
1279 2642 1324 2687 et
1351 2632 1730 2685 incrementum.
1760 2656 1832 2669 —-
1857 2626 1915 2683 In
1943 2626 2090 2697 prin-

511 2731 654 2802 cipio
681 2731 861 2801 itaque
890 2728 1238 2797 imperatores
1258 2733 1314 2779 et
1338 2738 1492 2794 reges
1510 2736 1720 2787 omnes,
1742 2730 1797 2776 et
1826 2720 2008 2792 populi
2036 2730 2091 2777 et

510 2824 778 2887 civitates,
801 2832 854 2876 et
879 2820 1181 2874 daemonum
1206 2817 1517 2887 phalanges.
1545 2822 1599 2869 ct
1624 2815 1736 2885 ipsa
1766 2814 1963 2869 diaboli
2009 2826 2092 2886 ty-

504 2913 711 2978 rannis,
739 2920 795 2967 et
835 2912 938 2965 alia
975 2911 1251 2965 innumera
1302 2908 1614 2961 invaserunt
1641 2906 1932 2961 Ecclesium
1964 2922 1976 2960 :
2004 2905 2091 2960 illa

500 3014 683 3061 tamen
710 3003 886 3058 omnia
921 3000 1084 3057 fracta
1110 3009 1167 3055 et
1192 2997 1448 3054 dissoluta
1477 3005 1603 3052 sunt
1639 3005 1695 3051 et
1735 2996 2048 3051 interierunt
2075 3013 2088 3049 :

505 3097 624 3169 ipsa
657 3105 834 3152 autem
856 3095 1043 3160 crevit,
1067 3104 1121 3148 et
1150 3092 1203 3147 in
1231 3101 1430 3146 tantam
1475 3098 1722 3161 provecta
1753 3097 1836 3144 est
1858 3087 2094 3143 altitudi—

502 3204 645 3253 nem,
680 3196 738 3243 ut
761 3187 906 3256 ipsos
928 3186 1088 3241 etiam
1113 3184 1276 3239 caelos
1305 3182 1652 3252 superaverit.
1672 3180 1939 3235 Benedixit
1959 3180 2085 3250 ﬁliis

504 3283 606 3337 tuis
623 3282 679 3335 in
700 3292 765 3335 te.
789 3278 1249 3348 Quemadmodum
1278 3291 1400 3333 cum
1444 3276 1667 3331 dixisset
1701 3276 1755 3330 in
1796 3275 2091 3345 principio,

503 3373 721 3429 Crescite
771 3384 818 3427 et
865 3370 1307 3443 multiplicamini,
1334 3379 1383 3424 et
1432 3370 1619 3440 replete
1656 3377 1840 3423 terram
1858 3366 2009 3438 (Gen.
2040 3367 2094 3423 1.

503 3463 598 3538 28)
616 3507 633 3531 ,
665 3464 967 3520 universam
994 3472 1194 3519 terram
1224 3475 1404 3517 sermo
1427 3460 1692 3531 pervasit:
1718 3460 1787 3513 ita
1814 3468 1869 3513 et
1888 3468 2093 3528 postea,

507 3556 591 3610 Ite
615 3566 662 3610 et
683 3556 855 3611 docete
878 3570 1050 3610 omnes
1077 3564 1250 3625 gentes
1276 3551 1489 3626 (Matth.
1517 3552 1606 3607 28.
1636 3551 1757 3621 19);
1786 3560 1841 3605 et
1858 3592 1873 3616 ,
1898 3548 2101 3603 Praedi-

505 3649 701 3702 cabitur
724 3647 1034 3718 evangelium
1070 3646 1165 3700 hoc
1192 3646 1246 3698 in
1268 3652 1369 3698 toto
1394 3644 1582 3697 mundo
1608 3642 1821 3712 (Matth.
1846 3640 1937 3696 26.
1972 3641 2059 3711 15)
2080 3657 2096 3705 ;

506 3750 668 3811 atque
697 3739 843 3809 ipsos
870 3739 1030 3794 etiam
1072 3737 1208 3793 ﬁnes
1230 3737 1379 3791 orbis
1424 3746 1580 3790 teme
1623 3734 1772 3789 brevi
1824 3742 2099 3787 momento

509 3834 766 3903 temporis
788 3832 971 3902 jussus
990 3829 1109 3901 ejus
1135 3828 1435 3899 occupavit.
1461 3827 1721 3896 Quocirca
1749 3827 1864 3897 ipse
1886 3841 2101 3897 quoque

507 3924 723 3979 dicebat
748 3940 762 3978 :
791 3922 849 3978 Si
875 3938 1091 3993 granum
1126 3920 1367 3989 frumenti
1402 3919 1457 3973 in
1500 3928 1688 3972 terram
1733 3917 1921 3972 cadens
1965 3932 2102 3969 mor-

510 4025 652 4068 tuum
674 4030 776 4067 non
806 4014 991 4085 fuerit,
1039 4013 1209 4083 ipsum
1257 4010 1422 4064 solum
1470 4018 1637 4063 manet
1667 4025 1687 4062 :
1715 4009 1760 4063 si
1780 4018 1947 4063 autem
1974 4024 2102 4062 utor-

509 4116 652 4161 tuum
678 4105 851 4174 fuerit,
879 4104 1093 4158 multum
1121 4105 1342 4175 fructum
1370 4099 1520 4167 affert
1551 4099 1731 4172 (Joan.
1760 4099 1850 4155 12.
1882 4098 1998 4170 24).
2036 4100 2102 4154 Et

512 4221 700 4262 rursus
721 4248 736 4272 ,
770 4205 988 4273 Quando
1020 4204 1273 4259 exaltatus
1305 4203 1466 4272 fuero,
1487 4216 1660 4255 omnes
1686 4199 1889 4254 traham
1910 4197 1979 4251 ad
2001 4213 2104 4279 me;

512 4300 680 4370 ipsum
703 4297 862 4370 (Ibid.
889 4314 938 4352 υ.
966 4296 1083 4367 32).
1099 4296 1273 4366 Atque
1300 4297 1353 4349 in
1380 4294 1643 4365 principio
1660 4290 1877 4363 quidem
1901 4305 1969 4346 ex
1994 4304 2102 4349 uno

516 4389 669 4444 multi
700 4388 808 4443 nati
829 4398 975 4452 sunt,
993 4402 1115 4442 cum
1144 4386 1261 4456 lege
1283 4396 1485 4440 natura:
1503 4390 1774 4441 cresceret
1797 4380 2101 4447 multitudo,

514 4493 570 4538 et
591 4481 713 4537 ideo
730 4495 819 4536 res
840 4478 1042 4535 tardius
1062 4478 1353 4550 processit:
1377 4486 1616 4548 tempore
1634 4483 1812 4531 autem
1831 4473 2103 4545 apostolo-

515 4588 635 4630 rum
656 4587 764 4628 non
780 4572 896 4641 lege
918 4579 1145 4638 naturas,
1172 4569 1266 4625 sed
1289 4569 1457 4640 gratia
1476 4568 1754 4624 crescebat
1775 4566 2057 4622 multitudo
2086 4582 2101 4620 :

514 4673 571 4720 et
598 4663 720 4718 ideo
746 4679 851 4717 uno
870 4662 1049 4717 statim
1076 4661 1164 4717 die
1186 4661 1284 4716 tria
1316 4661 1502 4727 millia,
1522 4659 1713 4716 deinde
1731 4660 1966 4731 quinque
1984 4657 2107 4713 mil-

516 4754 723 4822 lia’,dci
732 4753 836 4809 nde
852 4752 1484 4817 innumerabiles,deinde
1496 4754 1775 4808 universus
1790 4751 1937 4807 orbis
1948 4760 2105 4806 teme

516 4860 613 4915 per
638 4844 917 4916 pulchram
937 4843 1078 4899 hanc
1105 4845 1563 4914 regenerationem
1590 4843 1753 4909 editi,
1774 4843 1914 4898 aucti
1941 4851 2102 4910 sunt,

511 4945 567 4992 et
580 4936 913 5007 multiplicati
928 4946 1132 5002 suut,et
1148 4952 1306 5007 quam
1321 4945 1640 5007 acceperant
1655 4936 2101 5003 benedictionem,

513 5028 666 5084 factis
694 5029 823 5099 ipsis
851 5028 1201 5083 ostenderunt
1233 5046 1247 5081 :
1285 5028 1406 5083 Non
1436 5030 1580 5084 enim
1649 5045 1714 5083 ea:
1747 5029 2099 5099 sanguinibus,

512 5135 672 5190 neque
699 5136 762 5173 ea:
780 5118 1034 5173 voluntate
1056 5120 1224 5173 carnis
1238 5118 1295 5192 (Ι
1297 5138 1419 5175 oan.
1442 5120 1622 5191 1.13),
1648 5119 1745 5175 sed
1768 5135 1836 5176 ex
1866 5120 1958 5174 Dei
1985 5134 2106 5190 gra-

513 5208 585 5262 tia
620 5211 727 5265 nati
753 5219 899 5265 sunt.
918 5209 1085 5277 '5.Qui
1112 5212 1278 5280 posuit
1305 5212 1430 5281 fines
1455 5220 1567 5265 tuos
1594 5226 1789 5278 pacem.
1814 5210 1927 5265 Hoc
1950 5208 2106 5265 valde

514 5304 731 5371 proprie
750 5302 854 5357 dici
874 5312 1050 5372 potest
1067 5303 1135 5357 de
1153 5304 1389 5359 Ecclesia
1415 5322 1430 5358 :
1459 5320 1599 5369 nam,
1622 5304 1765 5374 quod
1788 5314 1871 5360 est
1885 5304 2105 5360 admira-

519 5393 700 5457 bilius,
719 5410 841 5449 cum
861 5410 925 5449 ea
954 5404 1232 5465 peteretur
1256 5396 1416 5462 bello,
1439 5410 1571 5466 pace
1593 5395 1885 5461 fruebatur,
1904 5407 1958 5451 et
1983 5410 2104 5450 cum

517 5485 569 5541 ei
623 5502 811 5541 omnes
858 5496 1122 5559 ponerent
1168 5488 1409 5555 insidias,
1454 5491 1508 5543 in
1561 5502 1770 5544 summa
1815 5488 2108 5544 securitate

582 5638 611 5707 ί,
636 5646 747 5707 tlajc
769 5641 920 5707 verba
936 5677 952 5702 ,
974 5640 1150 5693 deinde
1172 5641 1380 5707 quinque
1402 5642 1577 5705 millia,
1600 5644 1809 5697 deerant
1832 5646 1881 5694 in
1903 5643 2069 5695 Morel.
2088 5678 2106 5705 ,

520 5700 881 5812 :‘egtbabentur
906 5700 954 5753 in
976 5700 1333 5768 Manuscr'iptis',
1364 5715 1415 5756 et
1440 5720 1467 5757 a
1489 5700 1722 5764 Gentiat'o
1744 5715 1953 5760 nerveto
1977 5700 2104 5759 lecta

1226 303 1285 362 S.
1323 301 1601 361 JOANNlS
1623 299 2105 361 CHRYSOSTOIII
2138 301 2457 361 ARCBIEP.
2497 303 3034 365 CONS’I'ANTINOP.

3660 321 3772 381 ’.ς-ι

2177 414 2465 469 maximam
2509 415 2754 487 capiebat
2795 417 3145 487 voluptatem.
3175 419 3241 477 Et
3269 421 3392 480 ideo
3426 423 3561 483 dixit
3605 428 3719 499 ipso
3746 447 3767 484 :

2177 504 2368 561 Pacem
2409 522 2574 561 meam
2616 509 2847 579 relinquo
2889 511 3028 566 vobis
3045 549 3062 578 ,
3104 530 3279 585 pacem
3316 533 3481 572 meam
3521 521 3587 574 do
3629 524 3772 580 vobis

2178 599 2356 671 (Joan.
2388 601 2475 656 M.
2500 600 2617 672 27).
2652 600 2716 656 Et
2742 602 2895 673 adipe
2922 606 3165 675 frumenti
3187 608 3338 663 satiat
3366 618 3434 665 te.
3458 610 3638 666 Potest
3665 613 3773 669 hoc

2178 691 2338 745 etiam
2368 692 2526 748 aliter
2553 693 2721 764 accipi
2747 694 2800 749 in
2829 696 3065 752 Ecclesia
3090 698 3158 754 de
3202 699 3458 756 alimento
3503 704 3727 772 spiritali
3751 747 3769 769 ,

2178 784 2322 855 quod
2352 784 2506 841 nobis
2533 786 2742 842 scilicet
2772 803 2961 858 panem
2985 792 3107 845 vita:
3138 791 3363 849 dederit.
3391 796 3442 849 4.
3463 796 3563 862 Qui
3588 798 3774 852 emittit

2177 876 2432 943 eloquium
2475 894 2626 932 suum
2679 888 2829 934 terra:
2871 895 2892 935 :
2936 882 3167 936 velociter
3213 894 3379 938 curret
3427 902 3591 940 sermo
3634 889 3772 957 ejus.

2179 969 2438 1037 Quisnam
2475 972 2701 1026 sermo?
2727 973 2813 1027 dic
2832 1012 2848 1039 ,
2873 989 3075 1044 quaeso.
3102 974 3202 1041 Qui
3232 977 3472 1045 prolatus
3503 994 3596 1048 per
3636 995 3773 1049 apo—

2180 1062 2347 1118 stolos
2381 1062 2567 1133 quavis
2614 1079 2792 1134 penna
2840 1065 3007 1120 levius
3044 1066 3225 1121 omnia
3263 1069 3600 1136 pervolabat.
3626 1071 3776 1138 Quo-

2180 1155 2323 1209 circa
2349 1153 2515 1208 David
2541 1170 2753 1226 qnoque
2788 1156 2911 1210 alibi
2943 1156 3045 1211 hoc
3070 1158 3376 1228 signiﬁcans
3401 1159 3565 1227 dicit,
3595 1160 3777 1216 Domi-

2181 1260 2277 1298 nus
2307 1244 2445 1299 dabit
2470 1245 2669 1300 verbum
2700 1247 3162 1317 euangelizantibus
3201 1249 3382 1303 virtute
3423 1251 3775 1321 multa(Psal.

2182 1334 2273 1391 67.
2305 1336 2419 1405 l2).
2446 1336 2500 1392 Si
2524 1338 2645 1407 quis
2674 1347 2855 1393 autem
2900 1338 3158 1408 insipiens
3198 1339 3434 1406 dubitet,
3464 1358 3531 1397 ex
3562 1344 3626 1398 iis
3651 1359 3781 1415 qua:

2182 1426 2318 1481 fiunt
2345 1428 2397 1482 in
2424 1429 2706 1484 elementis
2730 1439 2906 1485 sumat
2935 1432 3301 1501 probationem
3319 1475 3335 1500 ,
3366 1442 3421 1489 et
3444 1434 3615 1491 discat
3639 1452 3781 1507 quo-

2181 1521 2344 1576 modo
2372 1522 2462 1576 nix
2489 1522 2645 1577 simul
2675 1532 2729 1578 et
2757 1524 3045 1579 acervatim
3077 1533 3132 1580 et
3174 1535 3398 1596 repente
3440 1527 3687 1592 advenit.
3720 1538 3780 1584 et

2184 1624 2457 1669 momento
2486 1616 2744 1685 temporis
2786 1626 2951 1671 totam
2996 1627 3197 1673 terram
3242 1619 3450 1689 cperit,
3479 1635 3583 1674 non
3616 1620 3779 1691 longo

2184 1707 2442 1777 temporis
2472 1708 2738 1762 curriculo
2758 1709 2875 1779 ejus
2902 1709 3095 1765 faciem
3124 1710 3406 1779 invadens,
3431 1711 3523 1766 sed
3553 1723 3777 1781 repente

2185 1806 2351 1854 totam
2392 1815 2509 1854 eam
2540 1801 2837 1871 complens.
2871 1803 3135 1870 Quoniam
3171 1820 3299 1874 ergo
3323 1817 3440 1859 erat
3472 1806 3732 1875 praphcta
3756 1851 3774 1873 ,

2184 1900 2240 1946 et
2280 1903 2702 1948 consentaneum
2749 1903 2867 1949 erat
2915 1894 3089 1950 futura
3138 1896 3553 1966 praedicentem,
3581 1907 3635 1953 et
3678 1916 3778 1969 per

2184 1999 2456 2055 anagogen
2479 1983 2870 2057 significantem
2900 1986 3015 2042 lucc
3040 1987 3241 2053 dicere,
3270 2003 3367 2059 par
3393 1988 3490 2043 fuit
3511 2000 3567 2043 ut
3585 1989 3777 2044 immo-

2185 2084 2395 2131 raretur
2444 2076 2500 2131 in
2527 2090 2614 2143 eo,
2657 2076 2803 2148 quod
2840 2076 3119 2134 dicebatur
3168 2078 3238 2134 de
3281 2079 3580 2136 elementis.
3623 2080 3775 2148 Quod

2185 2178 2365 2226 autem
2392 2170 2555 2237 dicit,
2582 2178 2667 2226 est
2709 2171 2974 2242 ejusmodi
2999 2190 3013 2228 :
3045 2172 3301 2228 Futurum
3331 2182 3416 2229 est
3444 2180 3505 2228 ut
3528 2174 3775 2229 universa

2188 2272 2330 2319 terra
2356 2262 2447 2318 Dei
2470 2262 2635 2318 verbo
2664 2263 2996 2331 instruatur,
3035 2264 3196 2336 idque
3222 2280 3342 2320 cum
3374 2265 3607 2320 maxima
3634 2267 3777 2322 cele-

2189 2354 2347 2409 ritate
2369 2394 2386 2421 ,
2414 2363 2471 2410 et
2496 2350 2817 2411 brevissimo
2855 2365 3118 2427 tempore.
3144 2358 3345 2413 Deinde
3371 2374 3437 2414 ne
3476 2358 3596 2430 quis
3620 2359 3776 2414 dubi-

2190 2453 2365 2512 taret,
2405 2448 2451 2502 si
2498 2445 2702 2514 Judaai,
2743 2462 2874 2519 gens
2917 2464 3018 2504 una
3063 2450 3115 2505 in
3164 2465 3324 2519 quam
3356 2459 3505 2505 tanto
3536 2460 3778 2521 tempore

2192 2542 2394 2591 tantum
2437 2538 2600 2592 studii
2641 2548 2697 2593 et
2743 2539 3031 2609 diligentize
3078 2540 3334 2595 collatum
3389 2550 3494 2607 est,
3521 2557 3628 2595 non
3680 2540 3780 2596 fuit

2192 2628 2399 2697 proba:
2435 2628 2704 2699 quomodo
2732 2628 2766 2685 ii
2803 2631 2891 2701 qui
2927 2631 3234 2686 universum
3264 2631 3450 2687 orbem
3493 2642 3651 2687 terra:
3683 2633 3779 2688 ha-

2191 2721 2382 2787 bitant,
2413 2731 2665 2793 poterunt
2693 2723 2840 2780 brevi
2869 2733 3112 2796 tempore
3155 2728 3403 2797 componi
3427 2767 3442 2793 ,
3467 2726 3698 2798 bonique
3724 2739 3781 2782 et

2194 2815 2456 2871 moderati
2507 2816 2645 2872 effici
2669 2859 2686 2885 ,
2712 2818 2780 2873 ad
2818 2820 3237 2875 confirmandum
3269 2821 3319 2876 id
3345 2821 3485 2892 quod
3501 2822 3629 2877 dicit
3648 2865 3663 2889 ,
3685 2837 3781 2877 su-

2193 2911 2294 2963 mit
2320 2909 2563 2979 exempla
2591 2924 2656 2965 ex
2694 2910 2995 2976 elementis,
3023 2912 3198 2967 nivem
3243 2928 3457 2983 nempe,
3490 2913 3735 2969 nebulam”
3760 2957 3778 2980 ,

2193 3003 2440 3074 glaciem,
2470 3019 2590 3074 quae
2616 3004 2851 3061 breviter
2881 3006 3010 3063 fiunt
3050 3023 3159 3063 uno
3200 3015 3477 3065 momento
3506 3011 3780 3082 temporis.

2193 3095 2275 3152 Ne
2301 3110 2430 3166 ergo
2460 3096 2581 3152 ideo
2610 3112 2717 3153 non
2744 3098 2935 3155 credas
2966 3101 3005 3164 ί,
3037 3101 3140 3157 etsi
3187 3117 3340 3158 mens
3366 3120 3553 3160 eorum
3585 3107 3655 3161 sit
3698 3105 3781 3161 fa-

2195 3188 2301 3244 cile
2347 3187 2621 3243 mulanda.
2651 3190 2721 3244 At
2764 3190 2919 3245 multi
2968 3203 3094 3247 sunt
3145 3195 3235 3264 qui
3275 3198 3574 3251 resistunt?
3600 3198 3702 3253 Sed
3749 3198 3785 3252 ii

2195 3291 2412 3347 quoque
2429 3274 2765 3347 concedent,
2794 3290 2849 3337 et
2890 3283 3067 3338 locum
3093 3283 3313 3341 dabunt.
3346 3286 3401 3343 Si
3430 3290 3571 3343 enim
3601 3305 3785 3359 parum

2206 3370 2446 3440 frigoris,
2474 3385 2598 3427 cum
2628 3371 2998 3428 vehementius
3019 3372 3179 3430 fuerit
3200 3418 3215 3442 ,
3245 3393 3403 3432 nemo
3428 3379 3568 3435 ferre
3591 3390 3786 3450 potest,

2200 3463 2294 3517 sed
2320 3477 2508 3518 omnes
2529 3462 2578 3519 ei
2604 3463 2823 3532 cedunt,
2844 3474 2899 3521 et
2920 3466 3092 3521 locum
3114 3466 3269 3523 dant:
3295 3471 3463 3526 multo
3486 3473 3652 3542 magis
3674 3473 3788 3542 ejus

2199 3554 2367 3608 verbo
2391 3562 2448 3609 et
2467 3555 2641 3623 jussui
2670 3555 2866 3611 cedent
2901 3558 3078 3612 omnia
3099 3601 3115 3625 ,
3143 3575 3263 3630 qua:
3289 3561 3659 3617 adversantur.
3684 3564 3789 3619 Po-

2203 3654 2308 3701 test
2336 3648 2481 3702 enim
2512 3657 2723 3704 mutare
2749 3650 3074 3705 substantias
3100 3661 3157 3706 et
3183 3668 3302 3723 quae
3344 3669 3450 3709 non
3500 3664 3623 3710 sunt
3664 3671 3790 3726 pro-

2202 3741 2425 3807 ducere,
2455 3750 2511 3796 et
2557 3742 2624 3797 ad
2673 3750 2849 3797 tantas
2871 3744 3013 3799 vires
3063 3745 3377 3814 provehere,
3411 3757 3469 3801 ut
3521 3749 3635 3805 lucc
3684 3752 3792 3806 sint

2203 3834 2453 3890 omnibus
2489 3835 2859 3892 intolerabilia.
2884 3836 2939 3892 8.
2974 3837 3076 3904 Qui
3111 3842 3377 3894 annuntiat
3401 3842 3603 3896 verbum
3644 3861 3791 3897 suum

2202 3927 2386 3994 Jacob,
2414 3927 2641 3997 iustitiae
2667 3938 2716 3983 et
2745 3929 2947 4000 judicia
2974 3947 3069 3985 sua
3091 3930 3277 3987 Israel.
3302 3933 3399 3989 Hic
3428 3950 3641 4006 quoque
3684 3952 3791 3991 non

2204 4018 2538 4075 aberraveris
2565 4062 2579 4085 ,
2603 4020 2647 4075 si
2668 4020 2838 4076 .lacob
2862 4022 3157 4092 spiritalem
3185 4023 3409 4089 dixeris,
3437 4035 3492 4081 et
3516 4026 3786 4092 lsraelem,

2205 4126 2363 4181 quem
2392 4111 2588 4166 Paulus
2607 4127 2821 4183 quoque
2865 4115 3014 4169 novit
3038 4115 3225 4171 dicens
3258 4134 3273 4170 :
3308 4115 3426 4172 Pas:
3456 4118 3593 4172 vobis
3622 4128 3667 4174 et
3690 4136 3793 4172 su-

2213 4219 2305 4275 per
2327 4202 2497 4258 Israel
2523 4202 2620 4257 Dei
2639 4202 2786 4275 (Gal.
2816 4203 2871 4261 6.
2905 4205 2994 4279 16)
3025 4208 3145 4263 :cui
3175 4208 3345 4279 gloria
3374 4210 3428 4264 in
3453 4211 3647 4266 saecula
3686 4226 3785 4271 sa:-

2207 4295 2469 4353 culorum.
2500 4297 2695 4354 Amen.

2622 4431 2691 4489 IN
2727 4432 3053 4490 PSALMUM
3092 4435 3368 4492 CXLVIII.

2209 4544 2262 4600 1.
2288 4542 2529 4599 Laudate
2548 4542 2825 4599 Dominum
2849 4544 2913 4600 de
2932 4544 3092 4614 colis,
3119 4547 3324 4603 laudate
3343 4565 3459 4602 eum
3486 4551 3541 4605 in
3565 4552 3793 4607 excelsis.

2492 4636 2549 4691 2.
2579 4633 2809 4691 Laudate
2833 4653 2969 4702 eum,
2999 4655 3171 4695 omnes
3193 4642 3359 4711 angeli
3383 4643 3510 4711 eius.

2282 4750 2337 4803 1.
2365 4748 2462 4804 Est
2494 4749 2598 4805 hoc
2634 4750 2834 4804 sanctis
2875 4749 2928 4804 in
2959 4764 3108 4807 more
3138 4753 3367 4822 positum
3398 4763 3617 4826 propter
3655 4759 3798 4827 pium

2209 4848 2265 4894 et
2291 4850 2497 4909 gratum
2521 4854 2676 4893 suum
2701 4840 2959 4907 animum,
2992 4851 3051 4896 ut
3075 4856 3197 4896 cum
3225 4843 3335 4899 Deo
3356 4844 3462 4899 sint
3488 4847 3654 4900 acturi
3680 4863 3799 4916 gra-

2211 4931 2333 4996 tias,
2358 4939 2637 4985 accersant
2678 4931 2876 4986 multos
2910 4931 3230 4988 laudationis
3274 4936 3469 5001 socios,
3498 4945 3553 4991 et
3578 4936 3799 4992 horten-

2211 5030 2315 5086 tur,
2339 5028 2397 5074 ut
2424 5020 2528 5077 hoc
2553 5020 2831 5091 pulchrum
2860 5038 3052 5078 munus
3071 5038 3253 5079 secum
3274 5026 3488 5082 obeant.
3506 5028 3618 5084 lloc
3640 5032 3795 5090 etiam

2209 5110 2451 5167 fecerunt
2476 5120 2586 5167 tres
2604 5111 2775 5182 pueri,
2803 5112 2895 5183 qui
2920 5114 3133 5184 quando
3151 5127 3304 5171 erant
3325 5117 3379 5172 in
3400 5118 3612 5175 fornace
3638 5119 3793 5191 (Dan.

2211 5203 2293 5274 5),
2320 5218 2532 5259 omnem
2559 5212 2854 5259 creaturam
2883 5204 2949 5260 ad
2977 5206 3221 5261 laudibus
3248 5208 3627 5265 celebrandum
3659 5213 3799 5282 quod

2209 5304 2527 5364 acceperant
2556 5294 2872 5350 beneficium
2892 5336 2908 5363 ,
2935 5305 2992 5352 et
3038 5296 3268 5369 hymnos
3297 5299 3407 5355 Deo
3434 5301 3691 5360 dicendos
3720 5303 3806 5360 in-

2217 5387 2469 5442 vitarunt.
2497 5386 2611 5443 Hoc
2631 5389 2803 5457 ipsum
2827 5387 2952 5443 facit
2972 5388 3059 5444 hic
3082 5404 3313 5462 quoque,
3340 5404 3624 5468 utrumque
3646 5415 3805 5456 mun-

2210 5478 2340 5534 dum
2366 5494 2585 5545 vocans,
2612 5494 2899 5549 supernum
2926 5489 2980 5535 et
3003 5481 3290 5553 infernum,
3322 5487 3574 5544 sensilem
3595 5499 3649 5544 et
3678 5504 3799 5541 eum

2211 5571 2305 5642 qui
2329 5571 2621 5663 percipitur
2647 5573 2759 5627 sola
2801 5572 3171 5645 intelligentia.
3197 5574 3311 5634 Hoc
3337 5580 3498 5636 etiam
3528 5580 3649 5636 facit
3674 5593 3800 5648 pro-

2215 5704 2493 5821 “;ds‘tgrcl.
2534 5706 2716 5770 habet,
2758 5716 2825 5760 Ne
2842 5733 2845 5739 ·
2864 5722 2982 5777 ergo
3037 5712 3269 5779 deﬁcias,
3302 5730 3419 5779 pro.
3441 5728 3517 5766 “ne
3534 5725 3668 5774 aereo
3704 5727 3799 5767 non
