4070 6340
310 291 422 349 485

309 408 737 481 ἐρρᾳθυμηκόσι.
768 410 922 463 Κατὰ
952 411 1048 483 μὲν
1068 404 1158 466 οῦν
1187 411 1248 464 τὸ
1270 413 1431 484 ῥητὸν
1456 414 1617 483 ἀρκεῖ
1641 412 1708 467 τὰ
1731 413 1881 485 είρη-

314 498 482 567 μένα·
517 496 566 550 εί
601 496 657 550 δέ
686 513 770 561 τις
802 497 1093 570 ἐπιθυμίαν
1130 499 1242 570 ἔχει
1270 501 1366 554 καὶ
1412 499 1553 554 κατὰ
1592 499 1881 573 ἀναγωγὴν

309 584 400 637 τὸν
431 584 643 655 ψαλμὸν
672 584 941 651 ἐκλαϐεῖν,
980 586 1041 639 οὐ
1072 585 1522 656 παραιτησόμεθα
1557 588 1650 641 καὶ
1682 587 1883 661 ταύτην

308 668 526 723 ὁδεῦσαι
560 669 657 741 τὴν
685 670 823 734 ὁδὸν,
860 672 921 724 οὐ
955 670 1335 743 λυμαινόμενοι
1369 675 1468 744 τὴν
1500 674 1759 745 ἱστορίαν,
1807 673 1883 745 μὴ

309 758 541 824 γένοιτο,
572 756 705 810 ἀλλά
747 759 863 828 μετ’
914 757 1129 830 ἐκείνης
1166 760 1258 812 καὶ
1300 759 1472 815 ταῦτα
1503 761 1882 833 προστιθέντες

307 847 420 908 τοῖς
450 845 918 917 φιλοπονωτέροις,
950 846 1131 911 καθὼς
1174 847 1241 902 ἂν
1270 844 1382 902 οἷόν
1414 866 1475 902 τε
1603 851 1879 918 Ἐπαίνει,

319 931 722 1001 Ἰερουσαλὴμ,
744 932 852 985 τὸν
863 934 1099 1001 Κύριον·
1111 934 1265 988 αἴνει
1282 936 1387 990 τὸν
1400 938 1548 990 Θεόν
1558 951 1694 1000 σου,
1710 938 1878 992 Σιὼν.

307 1016 462 1072 Οἶδεν
493 1019 844 1093 Ἰερουσαλὴμ
865 1022 966 1094 τὴν
988 1023 1098 1077 ἀνω
1123 1026 1152 1078 ὁ
1180 1025 1410 1089 Παῦλος,
1447 1027 1573 1097 περὶ
1600 1021 1667 1099 ἧς
1694 1025 1842 1095 λέγει
1864 1042 1876 1055 ·

318 1108 383 1161 Ἠ
404 1107 471 1161 δὲ
497 1108 620 1162 ἄνω
646 1110 1041 1181 Ἰερουσαλὴμ
1065 1113 1349 1182 ἐλευθέρα
1372 1116 1564 1176 ἐστὶν,
1590 1116 1720 1183 ἣτις
1748 1116 1877 1169 ἐστὶ

303 1194 500 1263 μήτηρ
529 1195 698 1266 ’ἡμῶν
716 1215 731 1229 ·
778 1197 966 1270 ὥσπερ
995 1203 1087 1253 καὶ
1119 1201 1255 1254 Σιὼν
1281 1198 1387 1255 οἶδε
1413 1203 1510 1271 τὴν
1532 1203 1877 1274 Ἐκκλησίαν,

304 1283 436 1337 ὅταν
468 1284 602 1358 λέγῃ
622 1304 634 1315 ·
668 1287 751 1340 0i:
771 1288 878 1356 γὰρ
912 1290 1402 1357 προσεληλύθατε
1440 1289 1560 1358 ὄρει
1590 1293 1879 1358 ψηλαφω-

300 1369 464 1438 μένῳ
499 1373 597 1425 καὶ
636 1373 1165 1443 κεκαυμένψτεπυρί
1189 1376 1286 1430 καὶ
1331 1378 1532 1446 γνόφῳ
1561 1378 1658 1432 καὶ
1685 1379 1881 1444 σκότῳ

306 1459 404 1513 καὶ
437 1459 687 1528 θυέλλῃ,
718 1462 881 1516 ἀλλὰ
908 1466 1401 1531 προσεληλύθατε
1419 1464 1573 1519 Σιὼν
1591 1465 1762 1519 πόλει
1780 1466 1879 1519 καὶ

308 1548 629 1618 Ἐκκλησία
669 1553 1057 1618 πρωτοτόκων
1071 1553 1604 1623 ἀπογεγραμμένων
1617 1554 1687 1607 ἐν
1701 1554 1878 1622 οὐρα-

304 1633 452 1700 νοῖς.
468 1635 702 1690 Δυνατὸν
718 1632 813 1690 οὖν
841 1638 981 1691 κατά
1002 1638 1287 1708 ἀναγωγὴν
1303 1641 1396 1693 καὶ
1417 1640 1544 1711 περὶ
1561 1639 1766 1711 ταύτης
1794 1640 1879 1695 λέ-

305 1721 498 1790 γεσθαι
522 1722 603 1789 τὸ,
619 1724 895 1789 Ἐπαίνει,
914 1726 1328 1796 Ἰερουσαλὴμ,
1344 1726 1453 1781 τὸν
1467 1728 1701 1797 Κύριον,
1724 1727 1878 1784 αἴνει

305 1808 413 1861 τὸν
440 1810 587 1863 Θεόν
613 1826 749 1876 σου,
779 1809 961 1865 Σιών·
997 1811 1083 1865 ὅτι
1112 1813 1407 1883 ἐνίσχυσε
1436 1813 1578 1880 τοὺς
1605 1814 1878 1884 μοχλοὺς

305 1894 426 1950 τῶν
471 1898 683 1952 πυλῶν
708 1916 848 1964 σου,
883 1902 1184 1970 εὐλόγησε
1219 1902 1360 1969 τοὺς
1409 1905 1581 1969 υἱούς
1635 1920 1753 1958 σου
1807 1903 1878 1958 ἐν

305 1983 427 2037 σοί.
462 1986 572 2038 Καὶ
601 1984 710 2057 γὰρ
752 1987 853 2055 τῆς
880 1986 1232 2059 Ἰερουσαλὴμ
1276 1989 1674 2061 ἀσφαλέστερον
1708 1989 1877 2061 αὐτὴν

307 2070 590 2141 ἐτείχισεν,
624 2073 684 2125 οὐ
734 2073 947 2143 μοχλοῖς
988 2075 1080 2128 καὶ
1131 2075 1343 2151 θύραις,
1370 2076 1506 2131 ἀλλά
1549 2076 1627 2148 τῷ
1660 2077 1877 2149 σταυρῷ

308 2159 672 2230 περιφράξας,
702 2162 795 2215 καὶ
818 2165 883 2233 τῇ
914 2163 1186 2232 ἀποφάσει
1211 2165 1307 2236 τῆς
1336 2165 1539 2229 οίκείας
1573 2165 1874 2236 δυνάμεως,

303 2247 372 2301 δι’
407 2245 475 2322 ἧς
505 2249 801 2320 ἀνέστησεν
827 2253 993 2322 αὐτῆς
1038 2253 1310 2324 πανταχοῦ
1351 2254 1442 2309 τὸν
1471 2254 1775 2325 περίϐολον,
1801 2257 1879 2309 εί-

308 2334 446 2403 πὼν,
471 2337 553 2390 ὅτι
582 2339 773 2394 Πύλαι
806 2340 956 2408 ᾅδου
993 2343 1066 2396 οὺ
1092 2342 1573 2410 κατισχύσουσιν
1595 2340 1804 2411 αὐτῆς.

377 2424 443 2479 δ’.
461 2426 550 2479 Ἐν
579 2425 709 2495 γοῦν
736 2429 1041 2499 προοιμίοις
1063 2428 1298 2498 βασιλεῖς
1316 2429 1553 2494 ἅπαντες
1569 2469 1583 2493 ,
1607 2428 1700 2483 καὶ
1714 2430 1876 2499 δῆμοι

306 2512 405 2566 καὶ
434 2514 639 2578 πόλεις,
663 2515 756 2568 καὶ
777 2516 885 2569 τῶν
912 2516 1179 2587 δαιμόνων
1208 2519 1265 2570 αἱ
1302 2518 1598 2587 φάλαγγες,
1622 2519 1717 2572 καὶ
1739 2518 1875 2590 αὐτὴ

305 2598 399 2654 τοῦ
439 2600 683 2655 διαϐόλου
725 2603 756 2672 ή
798 2605 1073 2674 τυραννὶς,
1112 2605 1205 2658 καὶ
1239 2605 1406 2676 μυρία
1447 2607 1746 2676 πράγματα
1779 2607 1876 2658 ἐπ-

274 2750 277 2751 ,
305 2686 489 2741 έθεντο
509 2690 575 2771 τῇ
609 2689 928 2761 Ἑκκλησίᾳ·
960 2692 1051 2744 καὶ
1071 2692 1219 2762 ὅμως
1252 2693 1427 2746 πάντα
1461 2694 1557 2764 μὲν
1590 2695 1771 2746 ἐκεῖνα
1800 2693 1877 2745 δι·-

304 2773 467 2846 ελύθη
515 2776 610 2834 καὶ
655 2777 933 2830 ἀπώλετο·
977 2777 1113 2849 αὐτη
1152 2779 1208 2832 δὲ
1251 2779 1522 2852 αὐξομένη
1569 2781 1704 2852 πρὸς
1745 2779 1875 2849 ὐψος

305 2860 447 2934 ἡρθη
486 2861 753 2927 τοσοῦτον,
786 2866 865 2918 ὅτι
904 2866 998 2918 καὶ
1039 2866 1233 2930 αὐτοὺς
1275 2866 1516 2939 ὑπερέϐη
1545 2869 1670 2931 τούς
1713 2869 1875 2939 οὐρα-

306 2948 450 3012 νούς.
474 2950 794 3021 Εὐλότησε
823 2951 965 3018 τοὺς
993 2953 1162 3018 υἱούς
1191 2968 1308 3007 σου
1340 2953 1409 3007 ἐν
1433 2954 1553 3007 σοι.
1577 2955 1787 3024 Ὥσπερ
1817 2954 1875 3019 ἐξ

306 3036 483 3107 ἀρχῆς
527 3034 681 3091 εἶπεν
701 3078 718 3102 ,
744 3038 1093 3103 Αὐξάνεσθε
1117 3081 1132 3098 .
1185 3040 1284 3094 καὶ
1329 3042 1729 3109 πληθύνεσθε,
1775 3042 1874 3095 καὶ

305 3124 669 3193 πληρώσατε
709 3124 824 3195 τὴν
849 3126 995 3196 γῆν,
1041 3128 1137 3180 καὶ
1179 3127 1267 3180 διὰ
1318 3127 1419 3198 τῆς
1455 3128 1558 3199 γῆς
1595 3129 1812 3200 ἀπάσης
1847 3129 1876 3181 ὁ

303 3212 461 3284 λόγος
491 3213 778 3283 διέδραμεν
798 3228 813 3244 ·
857 3212 1000 3267 οὕτω
1037 3213 1173 3284 μετά
1212 3214 1402 3280 ταῦτα,
1434 3214 1828 3283 Πορευθέντες
1848 3229 1876 3258 ι

304 3303 720 3370 μαθητεύσατε
767 3301 962 3357 πάντα
1002 3301 1075 3356 τὰ
1103 3302 1248 3370 ἔθνη
1269 3319 1283 3333 ·
1320 3302 1416 3356 καὶ
1445 3303 1526 3357 ὅτι
1565 3300 1878 3373 Κηρυχθή-

305 3405 477 3445 σεται
500 3390 566 3442 τὸ
595 3389 964 3460 Εὑαγγέλιον
992 3391 1168 3446 τοῦτο
1194 3393 1264 3447 ἐν
1286 3391 1408 3457 ὅλῳ
1426 3392 1507 3458 τῷ
1533 3393 1756 3463 κόσμῳ·
1786 3393 1882 3447 καὶ

307 3476 449 3530 αὐτά
481 3477 578 3547 τῆς
612 3476 936 3548 οἰκουμένης
964 3477 1033 3530 τὰ
1082 3478 1297 3549 πέρατα
1321 3479 1380 3531 ὲν
1418 3478 1647 3550 βραχείᾳ
1690 3480 1882 3551 καιροῦ

308 3564 449 3634 ῥοπῇ
478 3563 742 3617 κατέλαϐε
773 3563 834 3617 τὸ
865 3565 1164 3635 ἐπίταγμα.
1192 3565 1284 3618 Διὸ
1309 3566 1402 3619 καὶ
1420 3567 1604 3634 έλεγεν
1622 3584 1636 3595 ·
1667 3568 1720 3619 Ὀ
1750 3570 1885 3621 κόκ-

307 3668 416 3717 κος
454 3651 559 3705 τοῦ
592 3652 786 3713 σίτου,
819 3651 928 3707 ἐὰν
957 3653 1163 3706 πεσὼν
1197 3654 1285 3719 εὶς
1321 3653 1435 3720 τὴν
1468 3652 1587 3724 γῆν
1615 3652 1702 3723 μὴ
1740 3654 1889 3709 ἀπο-

308 3738 482 3808 θάνῃ.
508 3741 691 3807 αὐτὸς
706 3741 893 3810 μόνος
912 3740 1083 3810 μένει
1105 3758 1120 3772 ο
1148 3741 1257 3796 ἐὰν
1280 3739 1349 3794 δὲ
1371 3742 1664 3810 ἀποθάνῃ,
1691 3742 1889 3797 πολὺν

309 3827 543 3896 καρπόν
585 3828 771 3899 φέρει.
802 3829 913 3883 Καὶ⁵
946 3829 1125 3894 πάλιν,
1155 3830 1332 3883 Ὅταν
1377 3829 1614 3899 ὑψωθῶ,
1657 3829 1889 3897 πάντας

308 3915 546 3969 ἑλκύσω
571 3916 721 3988 προς
751 3915 1031 3985 ἐμαυτόν.
1060 3916 1217 3987 Παρὰ
1256 3916 1354 3987 μὲν
1376 3912 1469 3969 οὖν
1496 3917 1595 3987 τὴν
1629 3918 1804 3988 ἀρχὴν
1829 3917 1889 3982 ἐξ

310 4003 430 4067 ἑνὸς
465 4003 711 4072 ἐγένοντο
744 4002 949 4065 πολλοὶ,
978 4003 1128 4073 νόμῳ
1157 4001 1371 4072 φύσεως
1394 4001 1488 4056 τοῦ
1523 4003 1763 4076 πλήθους
1792 4004 1889 4057 αὐ-

310 4091 568 4162 ξομένου·
616 4090 698 4144 διὸ
739 4091 834 4145 καὶ
869 4089 1242 4161 σχολαιότερον
1288 4091 1350 4143 τὸ
1386 4092 1618 4162 πρᾶγμα
1659 4092 1882 4163 προῄει·

310 4178 403 4232 ἐπὶ
428 4178 487 4232 δὲ
517 4176 625 4231 τῶν
657 4177 971 4231 ἀποστόλων
999 4177 1058 4230 οὐ
1094 4177 1243 4247 νόμῳ
1272 4176 1505 4245 φύσεως,
1538 4178 1672 4231 ἀλλὰ
1702 4181 1886 4250 χάριτι

310 4265 373 4319 τὸ
409 4265 612 4335 πλῆθος
659 4263 939 4318 ἐπεδίδου·
990 4263 1177 4332 διόπερ
1216 4262 1415 4327 εὐθέως
1456 4265 1513 4316 ὲν
1564 4266 1662 4335 μιᾷ
1707 4266 1889 4338 ἡμέρᾳ

308 4355 627 4427 τρισχίλιοι,
664 4350 781 4408 εἶτα
816 4353 1308 4423 πεντακισχίλιαι),
1350 4348 1469 4407 εἶτα
1518 4353 1723 4426 μύριοι,
1769 4352 1886 4408 εἶτα

312 4443 461 4496 πᾶσα
495 4442 528 4512 ὴ
569 4441 858 4513 οἰκουμένη
887 4442 974 4495 διὰ
1009 4442 1107 4510 τῆς
1139 4441 1314 4511 καλῆς
1339 4441 1542 4512 ταύτης
1591 4444 1887 4513 ἀναγεννή-

313 4546 448 4594 σεως
467 4529 772 4600 τεχθέντες,
794 4530 1105 4602 ηὐξήθησαν
1133 4548 1192 4583 τε
1215 4531 1308 4583 καὶ
1339 4530 1769 4603 ὲπληθύνθησαν,
1791 4532 1887 4584 καὶ

309 4619 410 4690 τὴν
439 4617 688 4688 εὐλογίαν
715 4618 804 4672 διὰ
827 4619 935 4671 τῶν
974 4620 1150 4690 ἔργων
1176 4619 1243 4690 ἢν
1283 4619 1472 4673 ἔλαϐον
1508 4620 1848 4687 ἐπεδείξαντο
1866 4635 1880 4648 ·

308 4709 392 4761 Οὐ
420 4708 527 4778 γὰρ
559 4705 630 4770 ἐξ
657 4707 937 4776 αἱμάτων,
980 4706 1121 4760 οὐδὲ
1161 4707 1231 4760 ἐκ
1268 4706 1599 4776 θελήματος
1635 4709 1882 4777 σαρκὸς,

313 4796 430 4850 ἀλλ’
458 4797 522 4848 ὲκ
548 4797 647 4866 τῆς
672 4795 769 4849 τοῦ
794 4795 930 4849 Θεοῦ
963 4795 1183 4868 χάριτος
1205 4796 1588 4869 ἐγεννήθησαν.
1624 4798 1687 4850 '0
1709 4797 1886 4865 τιθείς

312 4885 385 4938 τὰ
400 4883 532 4952 ὅριά
561 4898 679 4937 σου
710 4884 977 4953 εἰρήνην.
1002 4884 1172 4939 Τοῦτο
1203 4886 1440 4955 μάλιστα
1473 4886 1601 4957 περὶ
1636 4886 1736 4954 τῆς
1764 4887 1886 4939 Ἐκ-

313 4971 539 5042 κλησίας
566 4975 632 5027 ἄν
659 4990 742 5036 τις
771 4974 913 5026 ετποι
953 4973 1183 5044 κυρίως·
1217 4974 1312 5025 καὶ
1333 4974 1395 5026 τὸ
1419 4974 1483 5046 δὴ
1518 4973 1888 5043 θαυμαστότε-

314 5077 429 5132 ρον,
472 5061 556 5114 ὄτι
604 5060 982 5131 πολεμουμένη
1029 5060 1176 5133 [488}
1221 5062 1440 5131 εἰρήνης
1486 5062 1759 5125 ἀπέλαυε,
1795 5061 1886 5115 καὶ

317 5147 536 5202 πάντων
576 5147 1029 5202 ἐπιϐουλευόντων
1057 5152 1124 5219 τῇ
1165 5149 1321 5221 ἀδείᾳ
1351 5149 1640 5221 ὲνετρύφα.
1679 5150 1769 5203 Διὸ
1793 5151 1886 5204 καὶ

318 5238 502 5304 ἔλεγεν
523 5253 536 5268 ο
564 5233 829 5303 Εὶρήνην
869 5233 983 5302 τὴν
1012 5234 1167 5304 ἐμὴν
1201 5236 1413 5305 ἀφίημι
1444 5237 1607 5307 ὑμῖν,
1640 5239 1888 5307 εἰρήνην

314 5325 430 5392 τὴν
470 5323 624 5392 ἐμὴν
669 5321 876 5392 δίδωμι
919 5321 1080 5391 ὑμῖν.
1123 5324 1235 5376 Καὶ
1274 5325 1456 5392 στέαρ
1487 5325 1681 5392 πυροῦ
1720 5326 1888 5393 ἐμπι-

319 5410 494 5466 πλῶν
526 5428 619 5465 σε.
661 5410 893 5463 Δυνατὸν
945 5410 1039 5464 καὶ
1076 5412 1166 5463 ἐπὶ
1212 5411 1311 5481 τῆς
1368 5411 1691 5483 Ἐκκλησίας
1729 5411 1887 5464 τοῦτο

378 5637 405 5666 ⁸
429 5635 511 5685 Sic
544 5649 655 5684 mxs.
683 5635 829 5685 Savil.
854 5643 1017 5685 autem
1043 5642 1096 5685 et
1127 5636 1299 5685 Morel.
1345 5635 1471 5683 οὕτω
1499 5636 1617 5697 μετὰ
1648 5634 1797 5685 ταῦτα
1819 5637 1883 5686 εἰ-

316 5698 445 5763 κὲεν,
456 5699 778 5763 Πορευθέντες.

380 5757 411 5799 δ
428 5757 559 5822 Haec}
586 5759 687 5809 εἶτα
710 5760 1097 5821 πεντακισχίλιοι,
1117 5760 1324 5808 deerant
1348 5761 1396 5808 in
1426 5757 1594 5808 Morel.

643 5884 916 5944 PATI’IOL.
964 5877 1080 5939 Gn.
1130 5875 1251 5936 LV.

1351 295 1718 354 EXPOSITIO
1752 297 1821 354 IN
1855 298 2189 359 PSALIIUM
2226 301 2503 362 CXLVIII.

3457 301 3566 358 £83:

1988 415 2360 488 λαμϐάνεσθαι
2419 417 2618 488 ἑτέρως
2668 414 2748 478 είς
2792 414 3431 487 πνευματικὴντροφὴν,
3482 417 3563 469 ὅτι

1987 503 2152 573 ἄρτον
2185 507 2316 575 ἡμῖν
2357 504 2558 558 δέδωκε
2599 503 2689 556 τὸν
2723 503 2818 573 τῆς
2855 501 3018 567 ζωῆς.
3058 502 3121 555 '0
3164 501 3566 556 ἀποστέλλων

1987 593 2093 646 τὸν
2120 593 2308 664 λόγον
2346 593 2534 647 αὐτοῦ
2557 592 2632 661 τῇ
2662 591 2739 662 τῇ
2758 610 2771 622 ·
2810 591 2923 657 ἕως
2953 591 3178 660 τάχους
3202 590 3505 660 δραμεῖται
3529 593 3563 645 ὁ

1985 679 2168 749 λόγος
2185 679 2556 742 αὐτοῦ.Ποῖος
2581 678 2770 745 λόγος;
2803 678 2925 731 είπέ
2958 695 3068 748 μοι.
3102 677 3160 729 Ὁ
3180 676 3266 732 διὰ
3291 676 3399 731 τῶν
3421 677 3563 732 ἀπο-

1989 766 2206 831 στόλων,
2227 769 2256 821 ὁ
2292 766 2490 835 πτεροῦ
2519 766 2842 835 κουφότερον
2873 764 3051 818 πάντα
3075 764 3447 836 περιδραμὼν.
3469 765 3563 818 Διὸ

1987 854 2083 908 καὶ
2119 855 2147 907 ὁ
2173 852 2335 906 Δαυῒδ
2371 851 2528 906 τοῦτο
2559 849 2790 922 ἀλλαχοῦ
2833 850 3202 919 αἰνιττόμενος
3234 849 3382 919 λέγει
3402 867 3416 882 ·
3445 849 3564 905 Kl}-

1978 959 2112 1009 ριος
2151 939 2329 994 δώσει
2365 939 2529 1010 ῥῆμα
2569 939 2695 1005 τοῖς
2727 935 3269 1008 εὐαγγελιζομένοις
3312 937 3562 1007 δυνάμει

1986 1026 2210 1097 πολλῇ.
2240 1029 2301 1082 EE
2324 1027 2379 1081 δέ
2402 1046 2486 1091 τις
2514 1024 2842 1097 ἀμφιϐάλλοι
2876 1024 2985 1078 τῶν
3022 1026 3285 1096 ἀνοήτων,
3311 1023 3419 1078 ἀπὸ
3452 1025 3561 1078 τῶν

1987 1115 2127 1169 κατά
2153 1116 2223 1169 τὰ
2268 1119 2502 1187 στοιχεῖα
2529 1113 2827 1184 γινομένων
2850 1112 3174 1184 λαμϐανέτω
3213 1113 3311 1183 τὴν
3343 1112 3560 1166 ἀπόδει-

1987 1203 2090 1268 ξιν,
2122 1204 2218 1257 καὶ
2242 1202 2556 1274 μανθανέτω
2581 1201 2697 1264 πῶς
2718 1202 2751 1271 ή
2780 1199 2911 1271 χιὼν
2943 1200 3135 1271 ἀθρόον
3164 1199 3361 1260 ἔπεισι,
3386 1200 3479 1253 καὶ
3501 1201 3560 1253 ἐν

1989 1292 2088 1361 μιᾷ
2120 1289 2314 1362 καιροῦ
2359 1292 2498 1362 ῥοπῇ
2541 1291 2720 1343 πᾶσαν
2761 1288 3027 1342 καλύπτει
3068 1289 3166 1356 τὴν
3195 1288 3318 1359 γῆν,
3358 1288 3457 1340 οὐκ
3494 1288 3561 1340 ὲκ

1988 1377 2235 1448 περιόδου
2264 1376 2492 1431 ἐπιοῦσα
2527 1375 2605 1446 τῷ
2648 1376 2927 1447 προσώπῳ
2955 1374 3177 1446 ταύτης,
3210 1375 3324 1428 ἀλλ’
3366 1373 3562 1445 ἁθρόον

1985 1465 2155 1535 αὐτὴν
2198 1463 2636 1534 περιστέλλουσα.
2683 1463 2902 1534 Ἐπειδὴ
2939 1462 3118 1516 τοίνυν
3165 1464 3443 1532 προςήτης
3469 1457 3558 1532 ἦν,

1984 1553 2080 1604 καὶ
2101 1552 2245 1615 εἰκὸς
2277 1550 2437 1604 αὐτὸν
2460 1551 2526 1605 τά
2554 1549 2816 1621 μέλλοντα
2845 1549 3341 1620 προαναφωνοῦντα
3363 1551 3454 1601 καὶ
3478 1550 3562 1602 αἰ-

1986 1639 2293 1709 νιττόμενον
2323 1638 2464 1691 κατά
2493 1639 2783 1708 ἀναγωγὴν
2822 1637 2995 1691 ταῦτα
3026 1636 3222 1704 λέγειν,
3255 1635 3560 1699 ἀκολούθως

1981 1725 2061 1796 τῷ
2092 1727 2218 1799 περὶ
2240 1726 2350 1779 τῶν
2388 1725 2666 1795 στοιχείων
2692 1722 3012 1795 ἐνδιατρίϐει
3043 1724 3205 1794 λόγῳ.
3232 1726 3297 1775 ’Ὀ
3329 1722 3385 1775 δὲ
3413 1720 3558 1790 λέγει

1982 1813 2219 1869 τοιοῦτόν
2252 1816 2365 1866 ἐστι
2384 1828 2399 1843 ·
2433 1811 2625 1866 Μέλλει
2654 1812 2805 1865 πᾶσα
2836 1813 2871 1881 ἠ
2908 1812 2980 1881 γῆ
3025 1810 3102 1880 τῷ
3129 1811 3272 1880 λόγῳ
3298 1809 3392 1863 τοῦ
3422 1807 3558 1863 Θεοῦ

1983 1900 2358 1971 κατηχεῖσθαι,
2401 1900 2495 1954 καὶ
2540 1897 2680 1970 μετά
2717 1896 2914 1951 πολλοῦ
2952 1897 3046 1951 τοῦ
3096 1897 3314 1967 τάχους,
3363 1896 3456 1949 καὶ
3499 1896 3559 1949 ὲν

1985 1990 2174 2060 βραχεῖ
2208 1987 2406 2060 καιρῷ.
2449 1984 2581 2040 Εἶτα
2618 1988 2706 2041 ἵνα
2746 1986 2820 2058 μή
2850 2002 2933 2049 τις
2966 1984 3304 2056 ἀμφιϐάλλῃ,
3341 1985 3389 2035 εί
3424 1984 3558 2036 Ἰου-

1981 2077 2119 2130 δαῖοι
2165 2075 2319 2139 ἔθνος
2360 2074 2420 2128 ἓν
2454 2072 2694 2142 τοσούτῳ
2733 2074 2908 2145 χρόνῳ
2944 2071 3214 2142 τοσαύτης
3248 2070 3560 2125 ἀπολαῦσαν

1981 2162 2297 2233 ἐπιμελείας
2323 2162 2384 2215 οὐ
2401 2162 2590 2230 γέγονε
2612 2161 2855 2231 δόκιμον,
2882 2159 2999 2222 πῶς
3027 2161 3154 2222 τοὺς
3186 2158 3283 2230 τὴν
3307 2158 3561 2228 οἰκουμέ-

1983 2268 2081 2321 νην
2110 2249 2391 2312 οἰκοῦντας
2420 2250 2477 2302 έν
2505 2248 2697 2321 βραχεῖ
2724 2246 2900 2318 καιρῷ
2932 2245 3157 2300 δυνατὸν
3192 2245 3561 2317 μεταρρυθμι-

1985 2339 2212 2410 σθῆναι,
2250 2340 2331 2402 είς
2360 2338 2651 2406 βεϐαίωσιν
2677 2337 2772 2391 τοῦ
2818 2336 2978 2404 λόγου
3019 2336 3087 2389 τὰ
3130 2336 3239 2388 ἀπὸ
3283 2334 3392 2388 τῶν
3416 2350 3561 2388 στοι-

1983 2426 2141 2495 χείων
2181 2422 2597 2495 παραδείγματα
2638 2423 3082 2493 παραλαμϐάνει.
3115 2423 3215 2492 τὴν
3257 2422 3430 2491 χιόνα,
3461 2418 3561 2489 τὴν

1981 2512 2228 2582 ὀμίχλην,
2262 2511 2353 2565 τὸν
2387 2510 2740 2581 κρύσταλλον,
2781 2512 2922 2582 ᾇπερ
2961 2506 3195 2579 μάλιστα
3222 2508 3279 2560 ὲν
3314 2509 3411 2578 μιᾷ
3440 2523 3563 2560 καιο

1984 2600 2079 2673 ροῦ
2109 2602 2248 2671 ῥοπῇ
2276 2600 2503 2668 γίνεται.
2538 2598 2629 2670 Μὴ
2658 2598 2837 2652 τοίνυν
2875 2598 3182 2669 ἀπιστήσῃς
3206 2606 3254 2659 ε,
3287 2597 3337 2649 εἰ
3370 2595 3462 2648 καὶ
3493 2595 3563 2648 τὰ

1981 2688 2079 2758 τῆς
2117 2685 2342 2758 γνώμης
2378 2685 2558 2739 αὐτῶν
2596 2685 2782 2756 μέλλοι
2822 2683 3252 2756 μεταϐάλλεσθαι
3299 2682 3557 2746 εὐκόλως.

1994 2773 2152 2828 Ἀλλά
2172 2773 2353 2828 πολλοὶ
2381 2773 2430 2827 οἱ
2453 2773 2871 2843 ἀνθιστάμενοι;
2904 2772 3060 2825 Ἀλλά
3086 2772 3179 2824 καὶ
3198 2765 3343 2825 οὗτοι
3366 2770 3561 2840 ἐκστή-

1981 2878 2165 2915 σονται
2204 2860 2298 2914 καὶ
2339 2860 2858 2930 παραχωρήσουσιν.
2907 2858 2967 2910 ΕΞ
3008 2858 3116 2928 γάρ
3169 2856 3341 2928 ψῦχος
3380 2850 3561 2924 ὀλίγον

1982 2949 2333 3020 σφοδρότερον
2361 2947 2642 3019 γινόμενον
2684 2947 2861 3011 οὐδεὶς
2896 2947 3140 3014 ἐνεγκεῖν
3169 2945 3413 3008 δύναται,
3441 2943 3557 2997 ἀλλ’

1981 3038 2216 3090 εῖκουσιν
2242 3036 2390 3106 αὐτῷ
2421 3035 2625 3098 πάντες
2654 3034 2747 3087 καὶ
2769 3033 3159 3107 παραχωροῦσι
3182 3051 3194 3064 ·
3221 3032 3401 3102 πολλῷ
3429 3030 3565 3102 μᾶλ-

1981 3125 2072 3177 λον
2101 3125 2179 3194 τῷ
2199 3124 2343 3195 λόγῳ
2381 3124 2475 3176 καὶ
2498 3121 2578 3192 τῷ
2607 3122 2943 3193 ἐπιτάγματι
2972 3121 3135 3175 αὐτοῦ
3159 3121 3338 3174 πάντα
3365 3120 3564 3190 ὲκστὴο

1987 3228 2139 3265 σεται
2179 3212 2247 3265 τά
2285 3207 2693 3279 ἐναντιούμενα.
2734 3210 2843 3263 Καὶ
2881 3208 2990 3279 γὰρ
3032 3208 3131 3271 τὰς
3160 3208 3347 3270 οὐσίας
3380 3205 3565 3269 ἱκανὸς

1990 3299 2323 3369 μεταθεῖναι,
2367 3297 2462 3351 καὶ
2495 3296 2570 3367 μὴ
2618 3295 2786 3359 οὔσας
2825 3299 3187 3368 παραγαγεῖν,
3221 3296 3316 3348 καὶ
3352 3296 3432 3358 εἰς
3471 3311 3562 3347 το-

1988 3386 2191 3457 σαύτην
2225 3384 2457 3456 αὐξῆσαι
2498 3384 2725 3452 δύναμιν
2749 3382 2800 3445 ἀ,
2837 3383 2914 3446 ὡς
2951 3385 3085 3436 πᾶσι
3130 3383 3224 3436 καὶ
3267 3380 3566 3435 ἀνύποιστα

1987 3474 2159 3527 ταῦτα
2187 3473 2450 3543 γίνεσθαι.
2481 3473 2543 3525 '0
2581 3471 2977 3541 ἀπαγγέλλων
3010 3474 3118 3525 τόν
3155 3470 3341 3540 λόγον
3378 3467 3565 3524 αὐτοῦ

1990 3561 2073 3628 τῷ
2129 3562 2337 3616 Ἰακὼϐ
2351 3603 2365 3627 ,
2416 3558 2776 3629 δικαιώματα
2817 3559 2916 3612 καὶ
2962 3561 3212 3628 κρίματα
3258 3556 3445 3610 αὐτοῦ
3486 3554 3567 3620 τῷ

2005 3649 2269 3719 Ἰσραήλ.
2308 3648 2573 3701 Ἐνταῦθα
2595 3648 2688 3701 καὶ
2714 3648 2804 3701 τὸν
2836 3645 3027 3700 Ἰακὼϐ
3055 3649 3157 3700 οὐκ
3188 3648 3252 3701 ἄν
3280 3662 3362 3709 τις
3388 3646 3569 3716 ἀμάρ-

1992 3755 2074 3792 τοι
2101 3738 2194 3791 τὸν
2227 3735 2593 3806 πνευματικὸν
2635 3733 2826 3799 εἰπὼν,
2860 3739 2955 3788 καὶ
2980 3736 3070 3788 τὸν
3115 3734 3346 3805 Ἰσραὴλ,
3384 3734 3445 3785 ὃν
3471 3734 3566 3786 καὶ

1994 3829 2202 3892 Παῦλος
2217 3822 2324 3881 οἶδε
2348 3826 2542 3895 λέγων,
2566 3825 2790 3894 Εἰρήνη
2804 3824 2946 3895 ὑμῖν
2966 3825 3063 3879 καὶ
3078 3825 3177 3878 ἐπὶ
3197 3826 3304 3877 τόν
3327 3821 3567 3891 Ἰσραὴλ

1993 3917 2101 3972 τοῦ
2126 3914 2306 3971 Θεοῦ·
2332 3908 2377 3982 ᾧ
2418 3916 2452 3985 ἡ
2497 3913 2625 3981 δόξα
2661 3915 2742 3977 είς
2784 3914 2913 3976 τοὺς
2951 3911 3155 3975 αἰῶνας
3187 3910 3298 3965 τῶν
3330 3910 3561 3965 αἰώνων.

2008 4006 2199 4076 Ἀμήν.

2269 4123 2419 4196 [489]
2457 4121 2564 4177 ΕΙΣ
2601 4122 2738 4176 TON
2775 4122 2939 4176 PMH'
2975 4119 3298 4176 ‘FAA’MON.

1994 4255 2219 4311 Αἰνεῖτε
2237 4252 2345 4306 τὸν
2367 4254 2582 4319 Κύριον
2608 4253 2677 4306 ἐκ
2697 4248 2814 4304 τῶν
2835 4251 3125 4320 οὐρανῶν,
3148 4249 3362 4320 αἰνεῖτε
3380 4248 3567 4303 αὐτὸν

2064 4326 2132 4378 ἐν
2174 4324 2299 4386 τοῖς
2340 4325 2643 4391 ὑψίστοις.
2700 4319 2926 4376 Αἰνεῖτε
2981 4322 3201 4385 αὐτὸν,
3255 4319 3474 4386 πάντες
3512 4323 3567 4372 οὶ

2062 4396 2303 4464 ἀγγελοι
2332 4391 2539 4447 αὑτοῦ.

2062 4521 2130 4576 α’.
2157 4521 2313 4586 ’Έθος
2341 4519 2581 4574 τοιοῦτον
2609 4524 2721 4585 τοῖς
2749 4521 2924 4589 ἁγίοις
2948 4520 3034 4573 διὰ
3061 4520 3257 4591 πολλὴν
3291 4520 3566 4591 εὐγνωμοο

1994 4610 2180 4682 σύνην,
2220 4609 2439 4661 ἐπειδὰν
2470 4609 2735 4679 μέλλωσιν
2770 4608 3110 4681 εὐχαριστεῖν
3144 4594 3231 4679 τῷ.
3266 4608 3406 4678 Θεῷ,
3441 4608 3569 4662 πολ-

1991 4699 2116 4761 λοὺς
2149 4697 2333 4752 καλεῖν
2358 4698 2644 4761 κοινωνοὺς
2665 4696 2763 4767 τῆς
2785 4697 3080 4767 εὐφημίας,
3113 4698 3207 4750 καλ⁸
3232 4696 3568 4768 παρακαλεῖν

1995 4788 2427 4858 συνεφάπτεσθαι
2455 4788 2555 4858 τῆς
2581 4788 2752 4858 καλῆς
2771 4787 2975 4859 ταύτης
2996 4787 3333 4858 λειτουργίας
3364 4788 3566 4852 αὐτοῖς.

1992 4876 2162 4930 Τοῦτο
2191 4877 2285 4929 καὶ
2315 4878 2365 4929 οί
2396 4877 2583 4940 παῖδες
2616 4877 2665 4929 οἱ
2695 4878 2843 4947 τρεῖς
2875 4877 3230 4947 πεποιήκασι,
3266 4874 3365 4946 τὴν
3393 4877 3568 4929 κτίσιν

1992 4965 2228 5028 ἃπασαν,
2258 4965 2419 5036 ήνίκα
2465 4960 2602 5035 ἦσαν
2629 4967 2686 5016 ὲν
2724 4967 2790 5035 τῇ
2824 4965 3071 5034 καμίνῳ,
3110 4963 3245 5034 πρὸς
3274 4963 3372 5035 τὴν
3404 4964 3596 5033 εὑρη-.

1994 5054 2121 5125 μίαν
2168 5054 2266 5125 τῆς
2312 5054 2450 5126 ὑπὲρ
2492 5053 2669 5106 αὐτῶν
2713 5052 3028 5123 εὐεργεσίας
3089 5052 3413 5114 καλέσαντες
3477 5053 3564 5104 καὶ
3606 5092 3609 5093 ν

1993 5141 2128 5212 πρὸς
2152 5141 2251 5212 τὴν
2271 5140 2365 5193 τοῦ
2389 5139 2523 5193 Θεοῦ
2545 5139 2835 5209 ὑμνῳδίαν.
2853 5137 3022 5191 Τοῦτο
3046 5140 3140 5191 καὶ
3160 5134 3313 5201 οὗτος
3338 5138 3563 5191 ἐνταῦθα

1993 5231 2155 5293 ποιεῖ,
2181 5228 2440 5299 ἑκάτερον
2465 5227 2557 5279 τὸν
2583 5227 2784 5297 κόσμον
2808 5226 3009 5291 καλῶν,
3037 5226 3096 5279 τὸ
3124 5228 3256 5289 ἀνω,
3280 5227 3372 5278 τὸν
3397 5224 3563 5288 κάτω,

1991 5315 2080 5368 τὸν
2125 5316 2412 5386 αἰσθητὸν,
2461 5315 2552 5368 τὸν
2604 5315 2812 5385 νοητόν.
2859 5314 3027 5368 Τοῦτο
3068 5315 3164 5369 καὶ
3206 5316 3235 5368 ό
3284 5314 3570 5385 προφήτης

2002 5400 2249 5463 Ἡσαΐας,
2282 5400 2358 5462 ὡς
2386 5399 2512 5453 ὅταν
2544 5399 2674 5471 λέγῃ
2694 5417 2706 5429 ·
2739 5399 3284 5469 Εὑφραινὲσθωσαν
3302 5401 3356 5451 οι
3392 5398 3568 5463 οὐρα-

2056 5633 2080 5661 °
2108 5630 2259 5692 Mqrol
2304 5630 2601 5692 ἀποστήσῃς.
2639 5631 2694 5678 Εἰ
2719 5630 2800 5677 καί
2832 5630 3124 5690 rescriptum
3154 5642 3184 5677 (ι
3209 5626 3378 5677 Morel.
3407 5630 3460 5677 et
3486 5625 3575 5675 Sa-

1998 5695 2103 5754 vil,;
2145 5691 2321 5739 Montl’.‘
2335 5691 2375 5754 εἰ
2396 5691 2500 5754 γάρ.
2523 5693 2659 5739 Eon.

2059 5753 2085 5794 ά
2116 5754 2249 5803 Luus
2279 5752 2477 5810 αὐξῆσαι
2497 5752 2816 5815 σφοδρότητα.

3134 5838 3214 5898 30
