4070 6340
543 288 649 347 485

536 412 655 479 νοί,
693 411 790 465 καί
838 410 1223 482 ἀγολλιάσθω
1262 415 1302 483 ἡ
1343 415 1443 485 γῆ,
1481 418 1571 472 ὅτι
1600 420 1866 491 ἠλέησεν
1901 429 1934 480 ό
1966 430 2110 495 Θεὸς

537 511 646 563 τὸν
682 509 839 564 λαὸν
880 510 1085 564 αὐτοῦ.
1118 512 1229 565 Kal
1265 512 1427 577 αὐτὸς
1462 515 1520 568 δὲ
1566 511 1719 582 οὗτος
1753 522 1943 587 πάλιν,
1983 527 2111 580 ὅταν

538 604 704 676 λέγῃ·
760 607 856 659 Ἐν
906 606 1094 672 ἐξόδῳ
1153 609 1391 679 Ἰσραὴλ
1435 612 1505 676 ἐξ
1556 616 1893 684 Αἰγύπτου,
1944 620 2115 675 οἴκου

552 700 763 755 Ἰακὼϐ
806 703 875 755 ἐκ
920 703 1075 757 ,1αοῦ
1108 705 1451 776 βαρϐάρου,
1494 709 1566 763 τὰ
1611 712 1716 780 ὄρη
1744 713 2117 785 ἐσκίρτησιιν

540 798 683 851 ὡσεὶ
727 800 913 867 κριοί,
953 801 1049 853 καί
1087 804 1141 855 οἰ
1182 803 1401 863 ,ϐουνοί
1439 807 1520 871 ὡς
1566 809 1742 877 ἀρνία
1786 813 2111 880 προϐάτων.

544 896 653 948 Kal
686 895 916 967 ἀλλαχοῦ
949 898 1108 951 πάλιν
1134 900 1162 952 6
1202 901 1426 966 Ἡσαΐας
1444 920 1459 935 ο
1480 905 1740 973 Νεφέλαι
1755 908 2117 975 ρανάτωσαν

541 992 954 1062 δικαιοσύνην.
987 997 1115 1050 Ἂτε
1146 998 1252 1071 γάρ
1286 1000 1385 1054 οὐκ
1411 1000 1565 1065 ὄντες
1604 1004 1776 1057 ἱκανοὶ
1809 1006 1958 1075 μόνοι
1979 1007 2116 1078 πρὸς

539 1089 636 1161 τὴν
681 1093 957 1161 εὐφημίαν
996 1094 1088 1145 τοῦ
1135 1095 1440 1160 Δεσπὸτου,
1491 1098 1868 1170 περιέρχονται
1909 1102 2117 1167 πάντας

541 1189 830 1252 κοινωνοὺς
860 1189 1043 1244 λαϐεῖν
1084 1191 1181 1261 τῆς
1224 1194 1513 1265 ὐμνῳδίας.
1544 1197 1651 1248 Καὶ
1684 1196 1841 1250 τοῦτο
1880 1201 2116 1271 συνεχῶς

545 1286 777 1354 μάλιστα
809 1281 962 1352 οὗτος
995 1292 1157 1355 ποιεῖ,
1186 1290 1257 1353 ὼς
1284 1293 1411 1345 ὅταν
1441 1292 1592 1363 λέγῃ,
1624 1294 1733 1348 Kal
1770 1311 2115 1367 προσκυνη-

543 1382 828 1437 σάτωσαν
860 1386 1019 1451 αὐτῷ
1060 1386 1282 1453 πάντες
1308 1389 1547 1459 ἄγγελοι
1591 1393 1757 1446 Θεοῦ.
1790 1394 1899 1447 Kal
1930 1396 2112 1463 πάλιν,

544 1483 789 1535 Δυνατοί
823 1484 1009 1551 ἰσχύϊ,
1039 1485 1351 1552 ποιοῦντες
1383 1488 1492 1541 τόν
1516 1490 1703 1559 λόγον
1735 1492 1943 1548 αὐτοῦ.

614 1573 723 1625 Καὶ
752 1573 934 1644 ἓτερον
973 1575 1028 1627 δέ
1070 1594 1121 1628 τι
1152 1577 1311 1632 πάλιν
1350 1582 1414 1633 ὲκ
1450 1581 1651 1636 τούτων
1696 1585 2112 1650 κατασκευάζει.

542 1668 699 1721 Ποῖον
727 1669 790 1739 δὴ
822 1671 1014 1738 τοῦτο;
1049 1673 1121 1726 Τὸ
1150 1675 1353 1744 μηδένα
1388 1676 1495 1729 τῶν
1520 1677 1872 1751 ἀλογωτέρων
1898 1681 2115 1752 νομίσαι

542 1762 634 1817 δύο
672 1766 1036 1839 δημιουργοὺς
1075 1766 1234 1826 εἶναι.
1267 1773 1481 1845 Ἐπειδὴ
1508 1774 1617 1847 γὰρ
1651 1777 1707 1830 αἱ
1747 1778 1952 1841 κτίσεις
1999 1780 2116 1834 διά-

543 1881 719 1934 φοροι.
750 1865 843 1918 καὶ
870 1867 1216 1940 διεστήκασιν
1251 1870 1492 1942 ἀλλήλων
1523 1875 1641 1937 ταῖς
1661 1874 1872 1940 οὐσίαις
1907 1879 1922 1945 (
1941 1878 1974 1946 ή
2015 1877 2116 1944 μὲν

542 1961 651 2031 γάρ
687 1962 835 2015 ἐστιν
864 1963 1123 2036 αἰσθητὴ,
1156 1969 1189 2036 ὴ
1236 1966 1292 2019 δὲ
1326 1968 1488 2039 νοητή
1510 1985 1524 1999 ο
1563 1970 1596 2039 ἡ
1630 1970 1726 2039 μὲν
1760 1972 1948 2043 ὁρατὴ,
1985 1976 2017 2044 ἡ
2060 1973 2118 2026 δὲ

539 2059 863 2132 ἀόρατοςοὴ
912 2062 1012 2132 μὲν
1057 2065 1325 2135 σωμάτων
1363 2067 1829 2140 ὲμπέπλησται,ὴ
1871 2070 1927 2122 δέ
1969 2072 2116 2124 ἐστιν

541 2155 886 2226 ἀσώματος),
920 2159 1004 2211 ἵνα
1043 2161 1117 2231 μή
1148 2179 1231 2225 τις
1274 2164 1339 2215 ἐκ
1368 2164 1465 2234 τῆς
1510 2163 1771 2234 διαφορᾶς
1801 2165 1907 2218 τῶν
1940 2164 2116 2236 ἔργων

539 2250 831 2323 διαφόρους
857 2254 1219 2327 δημιουργοὺς
1262 2260 1617 2333 ὲπεισαγάγῃ,
1660 2262 1757 2315 ἕνα
1782 2264 1940 2333 χορὸν
1969 2266 2120 2336 ἵστη-

543 2364 647 2413 σιν,
682 2350 741 2414 ἐξ
779 2351 1031 2409 ἁπάντων
1065 2355 1192 2424 μίαν
1235 2357 1453 2424 ἀνάγων
1499 2358 1646 2429 αὐτῷ
1684 2359 1781 2431 τὴν
1827 2361 2113 2432 μελῳδίαν,

542 2447 636 2499 καὶ
661 2447 750 2501 τὸν
779 2450 938 2504 αὐτὸν
967 2450 1139 2521 λέγων
1170 2454 1277 2508 δεῖν
1304 2455 1407 2507 ὑπό
1430 2473 1489 2509 τε
1513 2457 1612 2527 τῆς
1639 2457 1771 2522 ἄνω,
1803 2459 1905 2511 ὐπό
1932 2478 1989 2512 τε
2022 2461 2119 2531 τῆς

541 2542 692 2597 κάτω
715 2545 947 2611 κτίσεως
971 2548 1323 2620 ἀνυμνείσθαι
1352 2552 1506 2616 Θεὸν,
1533 2552 1707 2624 δηλῶν
1729 2555 1821 2607 καὶ
1848 2555 2115 2618 ἐντεῦθεν,

542 2641 624 2694 ὅτι
658 2635 738 2704 εἷς
769 2643 1036 2716 ἑκατέρας
1058 2648 1086 2699 6
1117 2647 1466 2719 δημιουργός.
1491 2651 1600 2703 Kal
1628 2650 1887 2721 πρότερον
1915 2652 2119 2706 ἄνωθεν

542 2734 789 2806 ἄρχεται,
820 2736 1020 2808 λέγων·
1054 2742 1280 2797 Αἰνεῖτε
1311 2744 1515 2812 αὐτὸν,
1541 2745 1759 2814 πάντες
1795 2751 1849 2802 οἰ
1878 2747 2120 2817 ἄγγελοι

542 2833 729 2887 αὐτοῦ
748 2851 762 2866 ·
793 2835 1010 2891 αἰνεῒτε
1043 2839 1249 2905 αὐτόν,
1282 2839 1471 2895 πᾶσαι
1503 2846 1561 2897 αλ
1593 2842 1879 2914 δυνάμεις
1910 2844 2113 2899 αὐτοῦ.

545 2930 791 3002 Ἕτερος,
818 2931 1016 2989 Πᾶσαι
1042 2937 1103 2989 αἰ
1146 2938 1421 3005 στρατιαὶ
1465 2940 1686 2995 αὐτοῦ’
1729 2941 1798 2995 τά
1840 2942 2121 3013 Χερουϐὶμ

541 3029 735 3098 λέγων,
759 3031 828 3084 τὰ
852 3031 1121 3104 Σεραφὶμ,
1147 3035 1244 3099 τὰς
1272 3033 1626 3107 Κυριότητας,
1649 3037 1747 3102 τὰς
1782 3040 1997 3112 Ἀρχὰς,
2023 3042 2121 3106 τὰς

555 3125 851 3191 Ἐξουσίας.
882 3127 1053 3181 Τοῦτο
1086 3129 1290 3205 σφόδρα
1337 3135 1699 3205 ἐκκαιομένης
1731 3136 1932 3207 ψυχῆς,
1964 3137 2122 3191 τοῦτο

544 3222 764 3295 φίλτρου
792 3227 1212 3296 πεπυρωμένου,
1238 3229 1299 3282 τὸ
1321 3230 1529 3294 πάντας
1556 3231 1840 3303 διεγείρειν
1860 3234 1996 3305 πρὸς
2021 3234 2120 3306 τὴν

545 3319 821 3390 εὐφημίαν
848 3320 942 3373 τοῦ
976 3322 1342 3395 ποθουμένου·
1383 3325 1541 3379 τοῦτο
1576 3329 1811 3399 συνεχῶς
1843 3328 2119 3401 ἐντρυφώ-

547 3435 646 3489 σης
666 3419 905 3484 διανοίας
924 3424 991 3493 τῇ
1018 3423 1257 3494 περὶτοῦ
1285 3424 1419 3478 Θεοῦ
1444 3427 1639 3498 ἐννοίᾳ,
1659 3429 2117 3501 ἐκπληττομένης,

546 3515 930 3589 θαυμαζούσης
962 3521 1060 3591 τὴν
1104 3520 1261 3587 δόξαν
1304 3524 1468 3577 αὐτοῦ
1490 3564 1504 3588 ,
1537 3528 1903 3599 ἀνακειμένης
1950 3529 2116 3601 αὐτῷ.

545 3614 771 3669 Αἰνεῖτε
794 3616 999 3682 αὐτὸν,
1032 3617 1206 3685 ἣλιος
1234 3620 1333 3674 καί
1362 3622 1595 3691 σελήνη
1625 3640 1637 3653 ·
1665 3625 1882 3679 αἰνεῖτε
1913 3626 2116 3693 αὐτὸν,

546 3710 746 3766 πάντα
793 3712 866 3767 τὰ
910 3714 1102 3783 ἄστρα
1132 3718 1231 3771 καί
1273 3717 1338 3770 τὸ
1382 3716 1527 3787 φῶς.
1570 3719 1820 3790 Ἕτερος,
1861 3721 2124 3789 Ἆστέρες

546 3806 760 3875 φωτός.
816 3810 1046 3864 Αἰνεῖτε
1103 3813 1326 3878 αὐτόν,
1375 3817 1430 3868 οἰ
1474 3816 1718 3883 οὐρανοί
1775 3816 1892 3869 τῶν
1944 3823 2123 3886 οὐρα-

546 3905 703 3960 νῶνο
735 3908 832 3961 καί
868 3908 934 3961 τὸ
964 3908 1120 3979 ὕδωρ
1148 3909 1217 3964 τὸ
1245 3911 1517 3980 ὑπεράνω
1533 3912 1651 3967 τῶν
1666 3912 1940 3983 οὐρανῶν
1971 3917 2125 3969 αἰνε-

546 3999 832 4059 σᾶτωσαν
862 4005 925 4059 τὸ
971 4005 1158 4076 ὄνομα
1189 4009 1430 4076 Κυρίου.
1458 4010 1587 4063 Ὅτι
1623 4009 1806 4077 αὐτὸς
1843 4006 1992 4075 εἷπε,
2028 4010 2125 4065 καί

547 4099 954 4170 ἐγενήθησανο
992 4103 1175 4170 αὐτὸς
1219 4103 1369 4177 [490]
1414 4106 1784 4171 ἐνετείλατο,
1832 4106 1931 4160 καὶ
1970 4107 2125 4160 ἐκτί-

549 4202 809 4266 σθησαν.
858 4202 1165 4269 Ἔστησεν
1196 4205 1349 4257 αὐτὰ
1386 4205 1472 4268 είς
1506 4202 1615 4256 τὸν
1657 4200 1860 4267 αἰῶνα,
1892 4203 1992 4257 καὶ
2037 4206 2125 4271 εἰς

550 4296 657 4351 τὸν
680 4297 865 4351 αἰῶνα
887 4298 994 4352 τοῦ
1017 4299 1251 4366 αἰῶνος.
1278 4300 1489 4367 Ἀλλος,
1513 4302 1814 4369 Ἕστησεν
1837 4302 1987 4355 αὐτὰ
2007 4302 2127 4355 δια-

544 4393 752 4462 μένειν
791 4396 1059 4462 αἰωνίως.
1108 4397 1463 4468 Πρόσταγμα
1491 4397 1655 4452 ἔθετο
1677 4439 1691 4461 ,
1732 4398 1830 4451 καί
1878 4400 1948 4452 οὺ
1988 4415 2126 4469 παρ-

549 4492 883 4549 ελεύσεται.
927 4494 1081 4557 Τίνος
1118 4495 1299 4548 ’ἐνεκεν
1341 4494 1497 4566 ὀλίγα
1541 4498 1667 4569 περὶ
1706 4497 1813 4551 τῶν
1862 4498 2124 4569 οὐρανίων

548 4590 828 4661 δυνάμεων
851 4590 1044 4656 εἰπὼν,
1080 4591 1289 4662 ταχέως
1321 4592 1667 4665 ἀπεπήδησεν
1691 4593 1919 4660 ἐκεῖθεν,
1944 4596 2038 4647 καὶ
2066 4595 2124 4646 ἐν

547 4691 658 4752 τοῖς
687 4690 984 4760 ὁρωμένοις
1009 4688 1098 4742 τὸν
1120 4688 1273 4757 λόγον
1302 4689 1545 4758 ἀγαγὼν,
1569 4691 1796 4745 ἐνταῦθα
1822 4692 1982 4745 αὐτὸν
2017 4709 2122 4763 μη-

549 4785 719 4846 κύνει.
745 4787 921 4840 πάντα
943 4786 1063 4840 καθ’
1085 4787 1314 4840 ἕκαστον
1339 4784 1590 4853 ἐπεξιὼν,
1609 4788 1678 4840 τὰ
1696 4789 1828 4852 ἅνω,
1850 4787 1918 4840 τά
1938 4789 2119 4857 κάτω;

550 4883 672 4936 Ὅτι
691 4882 866 4937 ταῦτα
887 4886 996 4947 τοῖς
1015 4884 1134 4936 τότε
1159 4882 1415 4936 ἀκούουσι
1442 4884 1750 4954 σαφέστερα
1766 4878 1855 4954 ἦν,
1873 4883 2124 4954 ὁρώμενα

547 4979 642 5032 καὶ
672 4979 778 5050 πρὸ
803 4979 1098 5050 ὀφθαλμῶν
1138 4981 1386 5050 κείμενα.
1422 4979 1513 5033 Διὸ
1556 4981 1647 5033 καὶ
1688 4980 1926 5051 Μωῦσῆς
1959 4981 2125 5052 ἀρχό-

553 5093 712 5149 μενος
737 5078 837 5148 τῆς
863 5076 1241 5149 δημιουργίας,
1271 5079 1366 5132 καὶ
1396 5078 1559 5149 μηδὲν
1586 5077 1714 5148 περὶ
1740 5076 1847 5129 τῶν
1867 5076 1978 5130 ἀνω
2003 5077 2123 5131 δια-

547 5172 779 5243 λεχθεὶς,
816 5174 890 5245 μὴ
927 5172 1140 5244 μικρὸν,
1173 5173 1248 5246 μὴ
1289 5174 1450 5245 μέγα,
1479 5173 1576 5227 ἀπ’
1622 5171 1852 5242 οὐρανοῦ
1890 5174 1984 5225 καὶ
2021 5172 2125 5243 γῆς

547 5272 783 5323 ποιεῖται
804 5270 902 5342 τὴν
918 5271 1114 5343 ἀρχὴν,
1138 5273 1232 5324 καὶ
1257 5270 1521 5326 διαϐαίνει
1540 5271 1723 5323 λοιπὸν
1744 5269 1830 5323 διὰ
1852 5270 2003 5338 ἡλίου
2029 5270 2122 5322 καὶ

550 5369 801 5439 σελήνης,
841 5369 935 5421 καὶ
970 5367 1229 5439 βοτανῶν,
1258 5369 1353 5421 καὶ
1380 5366 1610 5439 νηκτῶν,
1636 5368 1730 5420 καὶ
1754 5367 2120 5438 τετραπόδων,

505 5493 510 5497 ν
549 5468 643 5521 καὶ
666 5470 745 5530 είς
771 5467 863 5520 τὸν
879 5466 1163 5536 ἄνθρωπον
1195 5463 1454 5518 καταλύει
1472 5464 1563 5516 τὸν
1590 5463 2053 5536 λόγον.οὐρανοὺς
2067 5464 2123 5517 δὲ

548 5563 793 5635 οὐρανῶν
818 5563 1050 5617 ἐνταῦθα
1080 5561 1272 5637 λέγων,
1297 5560 1357 5613 οὐ
1389 5560 1588 5630 πλῆθος
1623 5560 1977 5626 ἐνδείκνυται,
2009 5561 2122 5615 ἀλλ’

547 5660 775 5733 οὐρανὸν
786 5661 1013 5732 οὐρανοῦ
1030 5661 1119 5715 τὸν
1134 5660 1294 5714 αὐτὸν
1309 5659 1557 5731 λέγει.Τῇ
1576 5660 1683 5729 γὰρ
1695 5660 1961 5731 Ἑϐραίων
1974 5667 2119 5735 φωνῇ

550 5754 640 5809 τὸν
662 5753 888 5825 οὐρανὸν
918 5754 1034 5818 ἔθος
1066 5754 1325 5827 οὐρανοὺς
1353 5752 1562 5806 καλεῖν’
1593 5751 1843 5824 καθάπερ
1876 5756 1963 5809 καῖ
1999 5758 2114 5798 ,ιη-ε-

1222 298 1278 356 S.
1318 300 1602 361 JOANNIS
1639 306 2127 372 CIIRYSOSTOMI
2166 320 2483 380 ARCIIIEP.
2518 326 3062 389 CONSTANTINOP.

3684 342 3796 400 ιεδ

2218 435 2351 503 ρωθί
2381 456 2564 510 φησιν·
2588 442 2645 495 Ὁ
2663 445 2918 513 οὐρανὸς
2935 448 3043 502 τοῦ
3064 449 3322 519 οὐρανοῦ
3342 448 3421 517 τῷ
3440 455 3650 524 Κυρίίιν
3670 456 3795 526 τὴν

2214 531 2283 586 δὲ
2297 533 2413 603 γῆν
2424 536 2607 592 ἔδωκε
2624 540 2747 606 τοῖς
2762 543 2914 611 υἱοῖς
2934 545 3052 599 τῶν
3071 547 3528 616 ἀνθρώπων.Καί
3548 551 3612 606 τὸ
3630 552 3794 622 ὕδωρ

2214 628 2282 682 τὸ
2308 631 2583 698 ὑπεράνω
2626 636 2744 691 τῶν
2781 639 3072 707 οὐρανῶν.
3104 645 3337 710 Ἥκουες
3376 648 3470 700 καὶ
3510 650 3795 713 Μωῦσέως

2214 723 2480 791 λέγοντος,
2510 730 2591 782 ὅτι
2631 731 2737 786 τῶν
2766 735 2971 789 ὑδάτων
2994 738 3065 792 τά
3106 739 3204 808 μὲν
3233 741 3381 795 είασε
3410 743 3579 805 κάτω,
3624 745 3692 798 τά
3727 746 3795 800 δὲ

2217 820 2356 892 ὑπὲρ
2381 823 2490 876 τῶν
2524 826 2707 881 νώτων
2737 829 2843 883 τῶν
2881 833 3145 903 οὐρανίων
3180 839 3601 908 μετεωρίζεσθαι
3639 857 3792 912 παρ-

2215 918 2528 983 εσκεύασεν,
2564 923 2622 976 ὲν
2659 924 2736 995 τῷ
2783 926 2931 999 μέσῳ
2961 932 3059 1000 τῆς
3082 932 3319 986 ἀϐύσσου
3354 937 3529 1007 πήξας
3562 938 3623 990 τὸ
3670 954 3796 989 στε-

2216 1014 2425 1088 ρέωμα,
2451 1020 2544 1071 καὶ
2575 1021 2712 1093 ὑπὲρ
2736 1023 2843 1076 τῶν
2872 1026 3057 1081 νώτων
3089 1032 3243 1100 ἀφεὶς
3278 1032 3346 1086 τά
3370 1032 3533 1087 ὕδατα
3582 1036 3794 1106 μένειν.

2291 1152 2401 1206 Kal
2434 1155 2551 1217 πῶς
2578 1156 2748 1210 ταῦτα
2780 1160 2935 1222 αἰνεῖ,
2966 1162 3095 1227 ἴσως
3126 1164 3267 1218 εἴποι
3288 1183 3370 1229 τις
3392 1166 3478 1227 ἂν,
3513 1169 3574 1220 οὐ
3604 1169 3795 1239 φωνὴν

2216 1233 2426 1305 ἔχοντα,
2457 1238 2516 1289 οὐ
2547 1239 2808 1306 γλῶτταν,
2838 1243 2898 1295 οὐ
2929 1243 3123 1316 ψυχὴν,
3154 1249 3213 1300 οὐ
3248 1248 3521 1319 λογισμὸν,
3556 1252 3612 1303 οὐ
3643 1252 3795 1314 νοῦν,

2215 1331 2277 1383 οὐ
2324 1334 2626 1402 φωνητικὸν
2672 1335 2920 1405 δργανον,
2956 1341 3015 1392 οὐ
3049 1341 3324 1408 διάνοιαν;
3372 1346 3492 1399 ’Ότι
3523 1346 3615 1399 δύο
3643 1346 3797 1411 δοξο-

2217 1426 2401 1494 λογίας
2432 1429 2648 1499 τρόπον
2688 1427 2768 1497 εἷς
2795 1435 2913 1504 μὲν,
2943 1438 2971 1490 6
2999 1438 3086 1492 διά
3120 1442 3399 1511 ῥημάτων,
3429 1442 3615 1512 ἕτερος
3651 1443 3728 1510 δὲ,
3760 1445 3795 1496 6

2216 1524 2282 1577 δι’
2304 1523 2499 1595 ὅψεως,
2535 1529 2629 1581 καὶ
2649 1530 2828 1601 τρίτος
2853 1532 2908 1585 δὲ
2941 1535 3080 1604 μετὰ
3112 1536 3336 1600 τούτων,
3366 1540 3394 1591 ό
3425 1538 3513 1591 διὰ
3550 1538 3662 1609 βίου
3694 1540 3794 1592 καὶ

2217 1621 2394 1694 ἔργων
2441 1624 2551 1676 Καὶ
2582 1626 2690 1695 γὰρ
2729 1628 2822 1679 καὶ
2851 1629 3152 1701 ἀνθρώπων
3176 1634 3234 1685 οὐ
3274 1634 3658 1706 φθεγγομένων
3693 1634 3792 1705 μό-

2216 1736 2326 1786 νον,
2365 1720 2499 1774 ἀλλά
2544 1722 2636 1775 καὶ
2674 1722 2969 1792 σιγώντων.
3002 1727 3126 1795 δόξα
3165 1731 3493 1802 ἀναφέρεται
3525 1733 3603 1803 τῷ
3633 1732 3788 1803 Θεῷ·

2217 1814 2404 1887 ὥσπερ
2431 1818 2525 1871 καὶ
2546 1819 2574 1870 6
2600 1820 2834 1890 Χριστός
2863 1840 2994 1892 φησι
3017 1841 3031 1856 ³
3054 1827 3353 1896 Λαμψάτω
3382 1828 3447 1882 τὸ
3475 1829 3600 1899 φῶς
3621 1828 3795 1898 ὑμῶν

2215 1912 2553 1980 ἔμπροσθεν
2581 1913 2699 1968 τῶν
2725 1916 3067 1988 ἀνθρώπων,
3099 1922 3257 1989 ὅπως
3285 1923 3495 1978 ἰδωσιν
3524 1923 3685 1993 ὑμῶν
3714 1923 3793 1977 τὰ

2216 2008 2373 2061 καλὰ
2414 2009 2576 2078 ἔργα,
2607 2011 2707 2065 καί
2736 2012 3039 2077 δοξάσωσι
3087 2017 3195 2072 τὸν
3231 2020 3460 2087 Πατέρα
3486 2018 3651 2089 ὑμῶν
3683 2018 3795 2072 τὸν

2216 2102 2277 2155 ἐν
2322 2103 2448 2170 τοῖς
2476 2108 2770 2174 οὐρανοῖς.
2802 2111 2911 2164 Kal
2945 2113 3126 2181 πάλιν,
3166 2115 3310 2182 Τοὺς
3334 2114 3688 2183 δοξάζοντας
3713 2132 3796 2185 με

2216 2198 2475 2264 δοξάσω.
2526 2204 2681 2257 Ἔστι
2724 2207 2819 2260 καί
2862 2207 2952 2260 διὰ
2985 2208 3229 2280 γλώττης
3261 2212 3557 2281 δοξολογία,
3583 2212 3656 2275 ὡς
3698 2212 3798 2264 καὶ

2215 2297 2454 2369 Μωῦσῆς
2479 2299 2697 2364 ὲδὸξασε
2735 2303 2873 2372 μετά
2911 2308 3009 2377 τῆς
3036 2308 3255 2379 Μαρίας
3286 2309 3485 2377 λέγων·
3527 2311 3797 2379 ’ᾼσωμεν

2217 2392 2297 2458 τῷ
2324 2396 2515 2463 Κυρίῳ
2535 2414 2548 2427 ⁸
2579 2397 2838 2467 ἐνδόξως
2870 2401 2982 2472 γὰρ
3017 2402 3393 2470 δεδόξασται.
3425 2408 3580 2459 Ἐστι
3627 2407 3720 2459 καὶ
3753 2407 3790 2476 ἠ

2215 2489 2303 2543 διά
2334 2494 2432 2562 τῆς
2467 2493 2696 2557 κτίσεως
2728 2497 2917 2568 αὐτῆς,
2963 2499 3038 2563 ὡς
3092 2502 3253 2564 αὐτὸς
3290 2496 3441 2563 οὗτός
3488 2519 3680 2571 φησιν·
3728 2503 3796 2554 Ol

2218 2588 2457 2654 οὐρανοὶ
2489 2588 2830 2659 διηγοῦνται
2871 2594 3059 2660 δόξαν
3088 2598 3234 2652 Θεοῦ
3253 2615 3267 2629 ’
3303 2600 3551 2667 ποίησιν
3586 2598 3653 2651 δὲ
3680 2613 3798 2667 χει-

2210 2683 2336 2751 ρῶν
2389 2687 2574 2741 αὺτοῦ
2618 2689 2974 2758 ἀναγγέλλει
3024 2692 3091 2746 τὸ
3136 2694 3456 2765 στερέωμα.
3501 2695 3657 2748 Οὕτω
3700 2696 3795 2748 καὶ

2218 2781 2450 2835 ἐνταῦθα
2488 2785 2627 2837 αἰνεῖ
2656 2786 2818 2839 αὐτὸν
2854 2790 2886 2859 ή
2931 2788 3108 2854 κτίσις
3150 2790 3228 2862 τῷ
3271 2792 3477 2858 κάλλει,
3513 2796 3578 2865 τῇ
3624 2792 3790 2858 θέσει,

2217 2881 2295 2951 τῷ
2333 2883 2569 2952 μεγέθει,
2594 2888 2657 2956 τῇ
2687 2885 2865 2954 φύσει,
2892 2891 2956 2959 τῇ
2980 2893 3193 2963 χρήσει,
3216 2895 3284 2964 τῇ
3306 2892 3572 2966 διακονίᾳ,
3595 2895 3660 2965 τῇ
3680 2892 3793 2945 δια-

2222 2980 2378 3051 μονῇ,
2406 2983 2471 3051 τῇ
2502 2980 2801 3055 λυσιτελείᾳ
2829 2987 2894 3056 τῇ
2926 2985 2985 3050 ἐξ
3013 2987 3189 3041 αὐτῶν
3208 2991 3485 3063 γινομένῃ.
3518 2992 3681 3045 Ὅταν
3701 2986 3794 3046 οὖν

2218 3073 2372 3149 λέγῃ,
2405 3078 2615 3131 Αἰνεῖτε
2650 3081 2741 3133 τὸν
2774 3082 2997 3153 Κύριον,
3030 3083 3271 3154 ἄγγελοι,
3313 3086 3594 3158 δυνάμεις,
3630 3088 3794 3159 οὐρα-

2219 3173 2320 3237 νοὶ,
2348 3173 2566 3247 σελήνη,
2593 3176 2762 3246 ἥλιος,
2793 3179 3042 3250 ἀστέρες,
3066 3181 3126 3234 τὸ
3150 3182 3294 3254 ὓδωρ
3319 3185 3379 3237 τὸ
3409 3185 3663 3257 ὑπεράνω
3685 3185 3794 3238 τῶν

2219 3270 2492 3341 οὐρανῶν,
2525 3272 2682 3326 τοῦτο
2735 3274 2916 3344 λέγει,
2950 3277 3030 3331 ὅτι
3075 3278 3304 3334 ἕκαστον
3349 3281 3457 3335 τῶν
3499 3281 3794 3352 γινομένων

2219 3365 2368 3431 ἄξιον
2398 3368 2496 3439 τῆς
2523 3370 2616 3423 τοῦ
2652 3372 3011 3443 πεποιηκότος
3039 3375 3251 3444 σοφίας,
3286 3376 3380 3429 καὶ
3406 3376 3602 3429 πολλοῦ
3636 3377 3792 3445 γέμει

2219 3464 2313 3518 τοῦ
2347 3465 2621 3536 θαύματος
2641 3485 2656 3500 ο
2698 3469 2832 3542 ὅπερ
2864 3470 3141 3539 συντόμως
3170 3474 3198 3525 6
3244 3473 3483 3545 Μωύσῆς
3523 3474 3581 3526 ὲν
3614 3492 3796 3543 προοι-

2226 3561 2368 3630 μίοις
2413 3561 2566 3630 ἔλεγε
2589 3581 2601 3593 ·
2627 3564 2739 3617 Καὶ
2785 3562 2946 3619 εἶδεν
2973 3569 3005 3619 ὁ
3037 3567 3181 3633 Θεὸς
3229 3567 3346 3622 ὅσα
3384 3569 3657 3638 ἐποίησε,
3697 3567 3794 3623 και

2223 3655 2352 3710 ἰδοὺ
2381 3659 2538 3712 καλὰ
2578 3660 2722 3713 λίαν
2742 3678 2754 3690 ·
2796 3661 2936 3713 οὕτω
2964 3661 3131 3726 καλά,
3165 3664 3240 3727 ὡς
3271 3664 3512 3731 δοξάζειν
3559 3665 3650 3720 τὸν
3692 3682 3789 3718 πε-

2224 3755 2509 3823 ποιηκότα,
2537 3757 2631 3808 καὶ
2673 3758 2763 3810 τὸν
2786 3758 2983 3831 θεατὴν
3029 3762 3243 3831 ἐνάγειν
3280 3764 3358 3827 είς
3394 3763 3671 3835 εὐφημίαν
3700 3761 3791 3816 τοῦ

2224 3852 2653 3922 τεκτηναμένου.

2296 3982 2361 4052 β’.
2381 3980 2539 4037 Αἶνον
2560 3980 2651 4038 οὖν
2667 3984 2852 4038 τοῦτόν
2883 4002 3036 4057 φησι,
3067 3986 3126 4039 τὸ
3147 3985 3342 4049 κάλλος
3358 3987 3467 4041 τῶν
3492 3987 3792 4058 γενομένων

2223 4081 2407 4134 τίκτον
2448 4081 2772 4152 ὐμνολογίαν
2798 4081 2876 4153 τῷ
2902 4083 3238 4149 πεποιηκότι.
3254 4083 3432 4156 Ὅπερ
3458 4085 3550 4137 καὶ
3588 4085 3617 4136 6
3642 4081 3789 4156 [491]

2224 4178 2436 4241 Παῦλος
2458 4177 2608 4248 δηλοῖ
2627 4195 2638 4208 ’
2669 4178 2742 4232 Τὰ
2764 4178 2870 4246 γὰρ
2895 4178 3115 4246 ἀόρατα
3142 4178 3260 4233 ἀπὸ
3291 4182 3540 4246 κτίσεως
3569 4182 3792 4249 κόσμου

2224 4275 2351 4340 τοῖς
2396 4273 2687 4343 ποιήμασι
2720 4275 3014 4343 νοούμενα
3057 4274 3396 4343 καθορᾶται,
3435 4275 3474 4343 ἢ
3507 4293 3569 4329 τε
3610 4274 3793 4340 ἀΐδιος

2223 4370 2409 4426 αὐτοῦ
2441 4370 2691 4439 δύναμις
2737 4370 2835 4424 καί
2893 4372 3146 4437 θειότης.
3192 4373 3302 4425 Kal
3350 4374 3378 4425 6
3413 4374 3696 4444 προφήτης
3734 4372 3791 4425 δὲ

2223 4461 2394 4531 οὗτος,
2420 4465 2588 4519 εἰπὼν
2616 4466 2683 4518 τά
2707 4466 3000 4535 κτίσματα,
3022 4468 3116 4519 καὶ
3138 4470 3201 4539 τῇ
3229 4467 3347 4540 ἧψει
3374 4468 3482 4521 τῶν
3509 4469 3794 4538 θεωμένων

2224 4562 2536 4617 καταλιπὼν
2560 4561 2618 4613 τὸ
2643 4560 2837 4624 κάλλος
2857 4561 3035 4615 αὐτῶν
3058 4564 3488 4634 καταμανθάνειν
3509 4564 3604 4618 καὶ
3624 4561 3680 4616 τὸ
3708 4566 3799 4634 μὲ-

2223 4661 2379 4729 γεθος
2414 4659 2505 4712 καὶ
2536 4658 2635 4729 τὴν
2685 4657 2894 4728 χρείαν,
2928 4658 3086 4723 αὐτὸς
3112 4660 3303 4732 έτέραν
3344 4660 3555 4732 τίθησιν
3596 4662 3793 4724 αἰτίαν,

2223 4755 2415 4824 λέγων,
2464 4756 2546 4809 ὅτι
2587 4753 2780 4821 Αὐτὸς
2824 4750 2981 4818 εἷπε,
3024 4755 3121 4808 καί
3165 4757 3572 4826 ἐγενήθησαν·
3614 4761 3795 4824 αὐτὸς

2221 4852 2579 4916 ἐνετείλατο,
2617 4852 2718 4906 καὶ
2756 4850 3147 4919 ἐκτίσθησαν.
3195 4855 3492 4920 Ἕστησεν
3526 4856 3677 4909 αὐτὰ
3707 4859 3797 4921 εἰς

2221 4948 2331 5001 τὸν
2365 4947 2566 5012 αἰῶνα,
2608 4948 2705 5002 καὶ
2737 4951 2825 5014 εἰς
2854 4950 2959 5003 τὸν
2986 4947 3170 5004 αἰῶνα
3199 4950 3304 5004 τοῦ
3334 4951 3565 5016 αἰῶνος.
3599 4954 3795 5021 Πρόσ-

2230 5062 2422 5115 tanta
2440 5045 2630 5109 ἔθετο,
2662 5045 2761 5098 καί
2800 5047 2873 5099 οὐ
2917 5047 3363 5115 παρελεύσεται.

2295 5179 2416 5232 Ὅτι
2451 5178 2550 5248 μὲν
2578 5172 2670 5231 οὖν
2712 5177 2851 5232 καλά
2885 5180 2979 5233 καὶ
3005 5178 3302 5249 θαυμάσια,
3334 5181 3423 5233 καὶ
3448 5179 3585 5249 αὐτὴ
3614 5180 3648 5249 ἡ
3672 5178 3798 5247 ὄψις

2223 5276 2372 5346 δηλοί
2391 5295 2402 5306 ·
2438 5276 2519 5328 ὅτι
2547 5275 2602 5328 δὲ
2624 5276 2716 5329 καὶ
2741 5275 3070 5347 δημιουργὸν
3098 5275 3229 5345 ἔχει,
3262 5277 3354 5328 καὶ
3383 5276 3483 5329 οὐκ
3511 5276 3796 5345 αὐτόματα

2222 5374 2413 5435 ταῦτα,
2449 5373 2569 5425 οὐδὲ
2601 5372 2858 5442 ἀγένητα,
2895 5371 3073 5424 ἱκανὸν
3113 5358 3210 5440 μὲν
3243 5371 3336 5424 καὶ
3373 5371 3532 5424 τοῦτο
3558 5370 3664 5434 ἀπὸ
3696 5372 3798 5440 τῆς

2225 5469 2517 5541 ἑρμηνείας
2546 5468 2713 5537 αὐτῆς
2747 5466 3000 5520 κατιδεῖν.
3020 5467 3082 5519 Εἰ
3110 5467 3165 5519 δέ
3188 5484 3271 5529 τις
3291 5466 3636 5537 ἀμφιϐάλλοι,
3660 5468 3795 5537 παρ’

2223 5566 2356 5637 ἐμοῦ
2389 5565 2732 5635 μανθανέτω,
2766 5564 2846 5616 ὅτι
2877 5563 3207 5634 δημιουργὸν
3247 5564 3358 5633 ἔχει
3400 5564 3490 5617 καὶ
3540 5562 3793 5634 ποιητὴν,

2223 5668 2315 5717 καὶ
2340 5661 2642 5733 προνοητὴν
2670 5662 2761 5714 καὶ
2782 5660 3071 5729 κηδεμόνα.
3092 5659 3195 5712 Δύο
3212 5663 3316 5730 γὰρ
3338 5660 3568 5714 ἐνταῦθα
3588 5662 3795 5732 τίθησι,

2230 5760 2426 5815 μᾶλλον
2453 5759 2508 5811 δὲ
2536 5760 2659 5828 τρία
2681 5776 2694 5789 ·
2725 5759 2772 5809 εἰ
2798 5758 2855 5809 δέ
2882 5773 2961 5819 τις
2986 5756 3224 5825 ἀκριϐῶς
3248 5756 3505 5827 ἐξετάζοι,
3538 5760 3633 5814 καὶ
3665 5757 3797 5812 τέσ-
