4070 6340
281 282 387 340 483

279 393 446 463 pheta
468 389 649 454 Isaias,
681 393 737 441 ut
757 381 965 456 quando
989 379 1153 434 dicit:
1179 374 1430 468 Ltrtfntur
1457 370 1586 431 εαξη,
1615 377 1661 420 et
1690 361 1864 468 efsttl:

283 457 349 538 tet
390 494 527 537 terra
559 497 578 534 :
605 479 842 551 quoniam
883 474 1114 526 misertus
1163 478 1234 522 est
1271 463 1520 518 Dominus
1567 457 1742 559 populi
1786 457 1864 559 sui

283 577 433 648 (Isai.
461 575 550 631 49.
585 548 694 642 13).
723 567 1022 637 Quinetiam
1053 562 1139 616 hic
1166 561 1276 629 ipse
1306 569 1516 648 quoque
1544 550 1753 648 quando
1779 548 1863 648 di-

283 641 358 726 cit
381 689 394 724 :
422 668 489 724 In
509 641 837 722 exiturlsrael
861 660 923 713 de
945 656 1196 728 ngypto,
1225 651 1401 704 domus
1415 645 1575 701 Iacob
1592 645 1654 697 de
1678 641 1866 714 populo

283 763 518 828 barbaro,
547 767 738 812 montes
767 752 1133 808 exsultaverunt
1159 755 1212 798 ut
1241 743 1438 806 arietes,
1467 749 1514 794 et
1539 737 1703 838 colles
1741 735 1868 838 sicut

283 857 402 927 agni
430 827 593 907 ouium
622 847 795 919 (Psal.
829 845 950 900 115.
984 843 1034 897 1.
1067 840 1140 908 4).
1175 835 1243 890 Ει
1279 847 1463 928 rursus
1506 827 1630 928 alibi
1661 827 1866 928 Isaias:

290 915 463 1001 Nubes
492 915 671 1016 pluant
703 939 956 1008 justitiam
987 932 1135 1005 (Isai.
1164 929 1253 984 45.
1283 926 1359 996 8).
1392 923 1462 979 Ut
1487 918 1742 1016 qui-enim
1770 915 1869 968 soli

287 1056 397 1097 non
427 1012 692 1093 sufﬁciant
717 1032 784 1087 ad
830 1030 994 1084 Deum
1041 1022 1286 1078 laudibus
1309 1012 1710 1075 celebrandum,
1739 1021 1871 1078 quo-

287 1147 394 1202 quo
417 1141 603 1184 versus
627 1125 842 1187 obeunt,
889 1129 947 1172 ut
974 1129 1160 1171 omnes
1191 1113 1241 1166 in
1272 1107 1508 1164 dicendis
1540 1100 1749 1174 hymnis
1778 1111 1869 1202 so-

287 1190 400 1278 cios
426 1221 705 1290 accipiant.
738 1216 833 1269 llic
857 1221 1031 1266 autem
1064 1208 1165 1260 hoc
1189 1203 1377 1259 crebro
1408 1199 1551 1263 facit,
1577 1205 1636 1250 ut
1661 1190 1872 1290 quando

289 1317 437 1376 dicit,
470 1287 768 1368 Et—adorent
795 1323 904 1361 eum
933 1319 1102 1357 omnes
1119 1297 1284 1369 angeli
1310 1298 1421 1365 ejus
1450 1291 1622 1364 (Psal.
1655 1287 1744 1343 96.
1775 1287 1829 1352 7)
1855 1301 1869 1350 ;

289 1419 344 1464 et
372 1421 576 1469 rursus,
604 1403 837 1456 Potattes
857 1399 1056 1458 uirtute,
1080 1392 1318 1463 facientes
1345 1385 1546 1440 verbum
1566 1383 1672 1452 ejus
1696 1378 1871 1451 (Psal.

293 1500 414 1557 102.
444 1498 559 1568 ea).
1292 1575 1298 1576 ί
1362 1573 1374 1576 _
1793 1564 1806 1576 ‘
1833 1565 1842 1576 _

363 1564 551 1647 Contra
581 1588 907 1643 Manichazos.
934 1613 1003 1623 —-
1029 1581 1195 1634 Porro
1236 1573 1377 1629 aliud
1423 1583 1632 1641 quoque
1680 1582 1744 1620 ex
1793 1564 1876 1617 his

292 1685 589 1741 conﬁrmat.
623 1679 897 1747 Quodnam
919 1678 943 1727 Υ
967 1675 1043 1727 Nc
1071 1669 1186 1742 quis
1214 1682 1396 1722 eorum
1426 1662 1515 1733 qui
1541 1660 1716 1714 minus
1754 1666 1877 1710 sunt

294 1780 513 1835 rationis
539 1787 832 1842 compotes,
865 1767 1130 1823 existimet
1159 1777 1276 1816 esse
1303 1760 1438 1814 duos
1465 1755 1705 1825 opiﬁces.
1730 1751 1877 1818 Quo-

295 1876 436 1930 niam
466 1871 605 1925 enim
638 1868 860 1921 diversae
907 1869 1028 1914 sunt
1058 1866 1333 1914 creaturae,
1383 1857 1438 1904 et
1480 1850 1617 1902 inter
1645 1859 1705 1898 se
1748 1842 1876 1896 sub-

297 1962 504 2019 stantiis
531 1959 782 2013 diﬁerunt
814 1954 950 2024 (lucc
994 1945 1278 2005 sensibilis,
1313 1941 1400 1994 illa
1432 1935 1717 2007 spiritalis;
1767 1933 1879 1985 haec

295 2053 540 2116 visibilis,
567 2050 655 2103 illa
681 2044 957 2101 invisibilis
981 2057 996 2106 ;
1026 2039 1139 2092 haec
1167 2033 1378 2105 quidem
1409 2031 1560 2099 plena
1587 2033 1670 2081 cst
1685 2039 1878 2091 corpo-

297 2151 466 2213 ribus,
511 2146 596 2200 illa
623 2155 752 2196 vero
778 2149 859 2193 est
897 2132 1230 2202 incorporea)
1253 2169 1265 2191 ,
1293 2141 1360 2180 ne
1404 2123 1525 2193 quis
1549 2136 1613 2174 ex
1658 2130 1879 2216 operum

298 2237 595 2295 diﬁ‘erentia
623 2233 864 2288 diversos
905 2225 1179 2281 induceret
1206 2216 1446 2288 opiﬁces,
1478 2225 1638 2266 unum
1684 2217 1883 2263 constt-

302 2332 402 2385 tuit
425 2329 670 2390 chorum,
701 2335 866 2377 unum
896 2333 964 2372 ex
992 2313 1237 2368 omnibus
1262 2310 1312 2363 ei
1337 2305 1599 2361 canticum
1627 2298 1879 2364 offerens,

300 2431 355 2477 et
400 2417 644 2475 eumdem
693 2414 858 2468 Deum
890 2409 1072 2462 dicens
1116 2402 1314 2457 debere
1353 2395 1555 2451 laudari
1593 2408 1625 2447 a
1653 2403 1882 2460 superna

301 2525 543 2570 creatura
564 2518 618 2564 et
639 2505 860 2567 inferna,
887 2501 1010 2554 hinc
1028 2509 1235 2566 quoque
1264 2487 1551 2545 ostendens
1571 2497 1691 2538 esse
1719 2495 1881 2535 unum

301 2607 577 2673 utriusque
605 2579 883 2670 Opiﬁcem.
915 2595 960 2647 A
991 2587 1235 2660 supernis
1278 2592 1453 2637 autem
1484 2579 1631 2673 prius
1660 2572 1882 2642 incipit,

303 2669 532 2758 dicens:
566 2692 792 2748 Laudate
813 2697 1133 2751 eum,omnes
1143 2677 1308 2750 angeli
1333 2677 1441 2746 ejus
1461 2690 1480 2727 :
1501 2669 1706 2726 laudate
1731 2683 1844 2721 eum
1865 2705 1882 2732 ,

304 2807 473 2848 omnes
509 2789 720 2852 uirtutes,
739 2785 847 2844 eius
875 2776 968 2848 (a).
1010 2774 1192 2836 Alius,
1225 2769 1408 2823 Omnes
1449 2763 1690 2818 exercitus
1728 2761 1888 2852 ejus:

305 2884 487 2938 dicens
529 2873 814 2932 Cherubim
836 2912 851 2937 ,
882 2865 1159 2936 Seraphim
1181 2903 1194 2928 ,
1228 2857 1641 2922 Dominationes,
1684 2851 1889 2907 Princi-

306 2985 480 3046 patns,
530 2971 844 3026 Potestates.
885 2961 997 3016 Hoc
1025 2966 1108 3013 est
1145 2952 1306 3008 animi
1335 2950 1488 3004 valde
1511 2945 1752 3046 incensi,
1786 2943 1888 2998 hoc

306 3039 540 3122 ardentis
567 3059 785 3124 amoris,
829 3067 1014 3111 omnes
1039 3049 1272 3104 excitare
1308 3044 1375 3098 ad
1405 3039 1723 3096 laudandum
1765 3051 1886 3090 eum

309 3225 631 3322 voluptatem
661 3248 711 3300 in
743 3240 1058 3312 cegitatione
1099 3236 1166 3289 de
1196 3234 1338 3293 Deo,
1366 3229 1476 3322 qui
1498 3233 1679 3322 stupet
1707 3235 1758 3278 et
1785 3225 1887 3322 ini-

310 3312 456 3401 ratur
482 3344 596 3411 ejus
624 3335 866 3409 gloriam.
899 3333 951 3386 5.
987 3327 1216 3381 Laudate
1236 3339 1368 3383 eunt,
1398 3319 1477 3411 sol
1504 3328 1549 3372 et
1574 3318 1698 3411 luna
1779 3312 1889 3411 lau-

311 3439 426 3491 date
456 3405 588 3496 etim,
614 3405 784 3483 omnes
806 3423 962 3478 stella:
987 3430 1029 3473 et
1047 3421 1231 3472 lumen.
1257 3415 1425 3478 Alius,
1451 3410 1626 3466 Stella:
1643 3407 1766 3460 lucis
1789 3405 1887 3478 (b).

310 3532 363 3584 4.
411 3525 638 3580 Laudate
679 3535 825 3578 eum,
867 3514 976 3568 cwli
1015 3511 1250 3564 caelorum
1277 3521 1296 3558 :
1325 3512 1373 3558 et
1409 3517 1555 3572 aqua:
1595 3513 1707 3570 qua:
1742 3513 1893 3567 super

312 3625 458 3679 cados
495 3627 637 3680 sunt,
686 3615 738 3669 5.
774 3610 975 3663 laudent
1018 3620 1198 3658 nomen
1237 3597 1458 3653 Domini.
1509 3592 1761 3660 Quoniam
1788 3591 1894 3662 ipse

313 3718 459 3780 dixit,
483 3724 529 3768 et
560 3716 695 3783 facta
736 3715 850 3761 sunt
876 3719 895 3758 :
918 3703 1024 3770 ipse
1059 3694 1409 3786 mandavit,_et
1452 3695 1794 3786 creata-sunt.
1836 3683 1888 3738 6.

317 3776 507 3862 Statuit
543 3776 601 3856 ea
637 3802 690 3853 in
727 3793 987 3855 swculum,
1035 3799 1080 3841 at
1108 3789 1162 3840 in
1201 3784 1440 3838 stecnlum
1474 3778 1663 3834 steculi.
1706 3776 1853 3830 Alius
1875 3817 1891 3839 ,

317 3899 507 3953 Statuit
543 3911 599 3946 ea
645 3903 847 3943 manere
889 3891 1126 3953 perpetuo
1156 3877 1248 3950 (ε).
1295 3874 1615 3941 Praeceptum
1643 3868 1895 3939 posuit,et

317 4007 418 4042 non
448 3981 737 4057 praeteribit.
765 3979 1020 4043 Quzenam
1048 3983 1204 4024 causa
1249 3975 1351 4029 est,
1380 3961 1669 4061 quod-cum
1697 3957 1764 4061 de
1792 3971 1895 4061 eae-

320 4052 542 4136 lcstibus
588 4069 936 4144 potestatibus
978 4078 1143 4135 pauca
1189 4058 1416 4122 dixerit,
1461 4054 1609 4110 illinc
1650 4052 1898 4144 celeriter

320 4141 608 4226 resilierit—z
633 4174 685 4220 et
712 4176 833 4217 eum
863 4157 931 4213 ad
959 4171 1019 4212 ea
1046 4169 1166 4223 qure
1208 4150 1456 4204 videntur
1480 4145 1773 4201 orationem
1801 4141 1897 4196 de-

321 4261 550 4325 duxerit,
593 4257 662 4312 de
696 4254 800 4309 illis
839 4248 1095 4321 prolixius
1141 4243 1377 4304 disserit,
1407 4239 1582 4292 omnia
1628 4234 1896 4335 sigillatim

323 4364 667 4425 persequens,
715 4359 835 4417 quae
879 4339 1098 4396 inferius
1145 4344 1310 4425 sunt,
1343 4340 1399 4386 et
1443 4345 1560 4425 quae
1598 4325 1901 4425 superius?

322 4419 581 4514 Quoniam
605 4454 668 4494 ea
712 4442 866 4492 erant
907 4427 1269 4486 manifestiora
1301 4424 1366 4477 iis
1392 4422 1479 4491 qui
1509 4419 1903 4514 audiebant-aut

321 4507 442 4605 quae
483 4530 816 4591 videbantur,
846 4532 897 4578 et
942 4521 1113 4591 posita
1155 4523 1308 4571 erant
1352 4512 1421 4566 ob
1457 4511 1656 4612 oculos.
1689 4508 1756 4562 Et
1785 4507 1904 4562 ideo

325 4721 392 4774 de
418 4691 662 4786 supernis
691 4709 818 4765 nihil
849 4722 947 4761 nec
985 4716 1231 4772 magnum
1261 4713 1358 4752 nec
1398 4709 1616 4786 parvum
1660 4691 1900 4786 dixisset,

327 4827 355 4863 a
387 4785 516 4864 caelo
535 4815 590 4860 et
617 4814 754 4857 terra
778 4798 922 4854 ducit
948 4794 1249 4856 exordium,
1277 4800 1330 4844 et
1356 4803 1452 4859 per
1479 4785 1669 4849 solem,
1702 4785 1903 4848 lunam,

330 4902 543 4966 herbas,
568 4895 822 4958 natantia,
842 4901 892 4947 et
913 4884 1283 4960 quadrupedes
1304 4880 1584 4942 transiens,
1613 4880 1664 4932 in
1692 4876 1907 4931 homine

329 4993 542 5049 desinit.
570 4988 741 5045 (Σίριος
766 4993 941 5039 autem
970 4979 1220 5036 caelorum
1251 4976 1336 5029 hic
1363 4973 1568 5034 dicens,
1593 4986 1698 5024 non
1727 4977 1909 5022 osten-

331 5091 408 5143 dit
433 5082 842 5144 multitudinem,
882 5077 976 5130 sed
1020 5074 1160 5127 idem
1203 5070 1360 5122 etiam
1389 5066 1515 5120 dicit
1540 5063 1725 5117 ert-lum
1767 5060 1904 5114 caeli.

335 5182 678 5237 Hebraeorum
720 5173 862 5228 enim
907 5169 1082 5237 lingua
1111 5163 1303 5218 caelum
1340 5158 1615 5214 consuevit
1655 5155 1773 5212 caeli
1817 5168 1911 5222 ap-

321 5311 326 5332 τ
396 5356 469 5418 (ιι)
519 5361 630 5420 nec
681 5345 1019 5420 interpretata
1036 5333 1815 5420 ..eaacac¢91~..tts§e‘cata.
1826 5336 1913 5420 se:

487 5459 500 5480 ,
524 5400 583 5463 id
606 5411 734 5475 quod
770 5400 940 5470 Aquila
963 5413 1015 5480 et
1035 5401 1362 5480 Symmachus,
1388 5400 1653 5480 exercitum
1675 5428 1690 5454 ,
1716 5400 1912 5441 vertere

537 5466 663 5533 Vide
685 5466 889 5528 Lexieon
909 5475 1189 5540 ilebraicnm
1213 5470 1270 5517 ad
1291 5466 1538 5540 iteitapla.‘

402 5528 956 5609 (Evince—interpretatio
981 5542 1058 5584 est
1079 5531 1354 5609 Symmachi.
1371 5528 1653 5609 tteltraieum
1677 5531 1752 5576 est
1772 5528 1914 5580 πει-ω

340 5597 796 5678 Ὲὶξ,ἰὶίθιόιιςιηιὶε
815 5621 1012 5673 quoque
1036 5605 1211 5660 vertit,
1236 5598 1386 5650 stellte
1409 5597 1619 5647 luminis.

405 5711 475 5772 (ε)
509 5710 620 5766 Quis
641 5708 708 5754 sic
732 5702 1080 5761 interpretatus
1103 5693 1164 5741 sit
1189 5694 1476 5753 ignoramus.

1309 251 1671 313 EXPOSITIO
1711 245 1776 301 IN
1819 240 2141 298 I’SALMUM
2181 239 2453 299 CXLVIII.

3443 257 3550 316 186

1975 359 2158 430 pellari
2188 359 2262 432 (α)
2295 363 2464 416 :sicut
2505 363 2663 417 etiam
2709 364 2832 419 alibi
2870 366 2998 422 dicit
3029 385 3042 424 :
3075 367 3268 424 Caelum
3307 373 3419 427 cazli
3444 375 3552 428 Do—

1971 453 2104 506 mino
2133 468 2152 505 :
2178 463 2362 506 terram
2386 464 2549 507 autem
2577 456 2716 512 dedit
2737 457 2858 527 ﬁliis
2880 459 3156 514 hominum.
3188 460 3254 515 Et
3274 480 3419 532 aqua:
3439 482 3554 532 qua:

1971 559 2121 614 super
2145 545 2293 599 caelos
2313 555 2432 599 sunt
2473 547 2639 616 (Psal.
2676 552 2794 606 115.
2826 553 2934 622 16).
2967 554 3170 609 Audisti
3199 557 3373 612 Mosen
3415 575 3552 630 quo-

1971 651 2078 704 que
2119 636 2416 701 dicentem,
2459 655 2524 694 ex
2568 643 2718 710 aquis
2747 645 2957 713 quidem
2987 662 3106 700 eum
3152 647 3248 703 has
3274 651 3553 721 reliquisse

1972 726 2192 783 inferius
2225 748 2239 784 :
2271 729 2386 784 illas
2436 747 2563 785 vero
2606 735 2853 789 statuisse
2905 737 3160 793 sublimes
3203 756 3364 812 super
3408 753 3554 812 terga

1974 819 2227 888 caelestia,
2259 837 2379 875 cum
2407 823 2458 876 in
2486 823 2661 878 medio
2686 825 2864 896 abyssi
2895 829 3286 886 ﬁrmamentum
3308 833 3556 888 stabiliis-

1974 922 2076 975 set,
2106 922 2160 967 et
2186 929 2348 984 aquas
2381 930 2596 970 manere
2620 933 2781 986 super
2819 929 2962 990 terga
3003 922 3231 979 sivisset.
3522 899 3533 912 ι

2046 1003 2316 1060 Laudandi
2341 1009 2476 1061 modi
2495 1010 2621 1062 varii
2636 1026 2656 1075 ;
2683 1008 2845 1064 Deum
2871 1024 2922 1065 ut
2947 1013 3116 1069 laudet
3136 1029 3367 1073 creatura
3387 1021 3554 1074 inani-

1976 1098 2092 1150 mis.
2117 1129 2189 1138 ——
2211 1101 2489 1167 Quomodo
2530 1115 2705 1160 autem
2737 1117 3004 1174 poterunt,
3037 1111 3230 1166 dixerit
3255 1116 3512 1184 quispiam
3543 1159 3558 1181 ,

1977 1207 2040 1246 ea
2070 1193 2305 1260 laudare,
2335 1212 2456 1267 quae
2484 1213 2657 1269 neque
2684 1216 2870 1256 vocem
2902 1201 3118 1269 habent,
3149 1221 3246 1260 nec
3283 1209 3514 1278 linguam
3543 1251 3558 1273 ,

1979 1299 2079 1339 nec
2103 1286 2356 1352 animam,
2402 1305 2500 1344 nec
2529 1291 2811 1356 rationem,
2842 1309 2941 1348 nee
2968 1310 3224 1366 organum
3257 1299 3398 1352 vocis
3417 1339 3434 1365 ,
3463 1315 3563 1354 nec

1979 1380 2254 1434 mentem?
2283 1381 2542 1449 Quoniam
2573 1384 2678 1439 duo
2721 1397 2844 1441 sunt
2886 1389 3026 1443 modi
3069 1391 3336 1455 laudandi,
3369 1394 3565 1463 gloria-

1980 1484 2082 1538 que
2111 1481 2166 1526 et
2202 1470 2404 1528 honore
2440 1475 2702 1532 alliciendi
2734 1497 2748 1534 :
2778 1495 2915 1534 unus
2960 1482 3172 1549 quidem
3217 1499 3312 1553 per
3358 1486 3518 1539 verba
3545 1528 3561 1550 ,

1979 1565 2114 1618 alius
2147 1581 2275 1620 vero
2306 1582 2400 1636 per
2434 1570 2603 1623 visum
2638 1590 2649 1623 :
2683 1571 2763 1626 his
2799 1573 3003 1628 accedit
3048 1577 3206 1629 etiam
3240 1579 3444 1640 tertius,
3473 1580 3563 1647 qni

1981 1669 2064 1712 εει
2091 1673 2186 1727 per
2212 1659 2373 1712 vitam
2405 1671 2457 1715 et
2487 1672 2633 1718 recte
2664 1664 2818 1721 facta.
2851 1665 2978 1719 Nam
3013 1668 3315 1723 hominibus
3348 1686 3450 1723 non
3479 1685 3566 1724 so-

1983 1751 2094 1803 lum
2141 1751 2496 1822 loquentibus,
2539 1756 2632 1810 sed
2679 1759 2838 1813 etiam
2884 1762 3196 1826 tacentibus,
3240 1763 3408 1833 gloria
3458 1767 3569 1820 Deo

1983 1843 2204 1898 nﬁ'ertur
2234 1867 2246 1901 :
2279 1849 2723 1916 quemadmodum
2753 1852 2998 1909 Christus
3027 1872 3235 1926 quoque
3265 1859 3389 1913 dicit
3419 1878 3432 1914 :
3463 1859 3568 1914 Lu-

1983 1949 2090 1991 ceat
2118 1939 2208 1992 lux
2252 1951 2413 1994 vestra
2438 1960 2606 1997 caram
2635 1945 2942 2013 hominibus,
2973 1960 3026 2001 ut
3056 1950 3252 2004 videant
3282 1968 3437 2020 opera
3482 1970 3566 2006 tte-

1984 2041 2091 2085 stra
2115 2033 2263 2100 bona,
2293 2045 2340 2088 et
2362 2036 2641 2104 gloriﬁcent
2670 2038 2872 2092 Patrem
2904 2051 3123 2096 vestrum
3149 2045 3236 2111 qui
3259 2057 3330 2098 est
3353 2046 3406 2099 in
3433 2049 3569 2101 cwlis

1987 2122 2006 2189 (
2028 2121 2210 2176 Matth.
2261 2125 2313 2180 5.
2342 2125 2427 2198 16)
2455 2136 2542 2181 :et
2567 2144 2768 2196 rursus,
2801 2129 3150 2200 Glori/icantes
3176 2152 3254 2189 me
3276 2137 3570 2207 glori/icabo

1988 2213 2061 2283 (1.
2096 2214 2223 2283 Reg.
2252 2215 2303 2268 2.
2339 2215 2448 2286 50).
2498 2218 2593 2272 Est
2617 2221 2775 2274 etiam
2806 2238 2922 2291 quae
2951 2224 3008 2276 lit
3035 2240 3126 2292 per
3147 2225 3378 2295 linguam
3409 2228 3572 2297 glori-

1987 2305 2183 2371 ﬁcatio,
2212 2309 2350 2363 sicut
2377 2311 2536 2364 etiam
2569 2311 2742 2366 Moses
2769 2315 3082 2382 gloriﬁcavit
3111 2332 3229 2370 cum
3277 2318 3459 2385 Maria,
3491 2320 3574 2375 di-

1987 2415 2115 2456 cens
2145 2419 2156 2454 :
2183 2399 2451 2456 Cantemus
2471 2404 2690 2459 Domino
2720 2423 2738 2459 :
2767 2407 2984 2477 gloriose
3007 2411 3137 2463 enim
3161 2412 3473 2482 glori/iectus
3500 2422 3573 2468 est

1994 2489 2184 2562 (Exod.
2216 2495 2302 2549 15.
2328 2494 2404 2564 1).
2431 2496 2522 2550 Est
2545 2499 2703 2552 etiam
2726 2515 2843 2572 qua:
2865 2500 2921 2554 ﬁt
2943 2516 3035 2570 per
3057 2503 3223 2571 ipsam
3246 2516 3570 2572 creaturam,

1990 2594 2048 2637 ιιι
2087 2584 2171 2639 ltic
2213 2587 2326 2655 ipse
2368 2587 2536 2642 dicit:
2567 2587 2689 2644 σιειὶ
2730 2602 2968 2646 enarrant
2995 2594 3210 2664 gloriam
3248 2595 3345 2650 Dei
3373 2614 3391 2651 :
3420 2615 3574 2668 opera

1989 2693 2230 2729 manuum
2269 2679 2378 2747 ejus
2419 2682 2685 2734 annuntiat
2728 2682 3097 2750 ﬁrmamentum
3131 2686 3153 2756 (
3171 2685 3316 2741 Psal.
3350 2690 3436 2743 18.
3471 2691 3496 2744 1
3528 2694 3571 2762 ).

1991 2767 2066 2822 Ita
2096 2769 2180 2823 hic
2208 2769 2366 2825 etiam
2393 2771 2571 2825 laudat
2594 2788 2716 2828 eum
2744 2785 3009 2843 creatura,
3037 2779 3450 2848 pulchritudine,
3481 2798 3576 2852 po-

1993 2861 2208 2928 sitione,
2242 2865 2625 2933 magnitudine,
2655 2876 2864 2935 natura,
2893 2885 3014 2936 usu,
3049 2873 3362 2941 ministerio,
3396 2891 3577 2945 perse-

1995 2955 2255 3022 verantia,
2305 2956 2530 3013 utilitate
2572 2974 2692 3030 qua:
2731 2975 2798 3015 ex
2840 2977 2903 3017 ea
2950 2965 3324 3034 proﬁciscitur.
3354 2967 3578 3035 Quando

1993 3061 2120 3116 ergo
2142 3047 2289 3114 dicit,
2323 3047 2556 3103 Laudate
2588 3050 2889 3117 Dominum,
2920 3055 3112 3125 angeli,
3141 3056 3384 3124 virtutes,
3413 3061 3529 3116 caeli
3557 3103 3573 3127 ,

1993 3139 2139 3205 luna,
2161 3141 2257 3206 sol,
2279 3142 2470 3210 stellae,
2486 3157 2624 3213 aqua
2643 3159 2762 3215 quae
2785 3155 2867 3202 est
2892 3163 3050 3218 super
3076 3152 3236 3206 caries
3262 3171 3275 3206 :
3304 3152 3404 3207 hoc
3424 3154 3574 3221 dicit,

1994 3235 2408 3304 unumquodque
2448 3252 2634 3293 eorum
2686 3255 2805 3310 quae
2851 3241 2983 3296 facta
3029 3254 3154 3299 sunt
3199 3246 3411 3316 dignum
3459 3265 3578 3306 esse

1996 3326 2252 3394 sapientia
2283 3327 2517 3396 Opiﬁcis,
2547 3339 2603 3385 et
2645 3345 2766 3387 esse
2812 3333 3026 3402 plenum
3059 3352 3248 3407 magno
3275 3340 3534 3394 miraculo
3563 3360 3576 3395 :

1995 3420 2146 3488 quod
2180 3419 2392 3487 quidem
2426 3421 2600 3478 Moses
2637 3422 2875 3480 breviter
2911 3427 3043 3482 dixit
3085 3429 3134 3481 in
3180 3429 3438 3499 principio
3467 3450 3479 3486 :
3512 3431 3582 3486 Et

1996 3510 2120 3562 vidit
2150 3509 2282 3564 Deus
2311 3527 2629 3584 qutecumque
2653 3515 2789 3585 fecit,
2818 3526 2863 3570 et
2885 3535 2994 3572 ecce
3016 3522 3160 3575 ualde
3187 3522 3315 3576 bona
3341 3523 3494 3594 (Gen.
3526 3528 3578 3580 1.

1997 3603 2087 3673 '51)
2115 3620 2128 3657 :
2160 3603 2294 3658 adeo
2324 3605 2481 3669 bona,
2515 3617 2572 3660 ut
2597 3622 2716 3662 eum
2739 3609 2828 3679 qui
2869 3610 2991 3665 fecit
3018 3613 3184 3681 gloria
3212 3615 3504 3680 afﬁcerent,
3528 3627 3585 3673 et

1998 3705 2353 3764 spectatorem
2402 3697 2660 3755 ducerent
2703 3701 2770 3756 ad
2814 3719 2934 3757 eum
2983 3705 3300 3761 laudandum
3334 3709 3423 3778 qui
3469 3721 3582 3765 erat

1999 3787 2303 3846 fabricatus.

2001 3926 2005 3930 .
2070 3881 2126 3935 2.
2160 3882 2308 3937 Hattc
2332 3898 2461 3953 ergo
2503 3884 2630 3940 dicit
2659 3887 2890 3952 laudem,
2923 3889 3367 3958 pulchritudinem
3398 3910 3582 3949 eorum

2000 3989 2116 4044 qua:
2140 3973 2274 4029 facta
2293 3985 2434 4040 sunt,
2460 3991 2576 4045 qua:
2597 3978 2667 4041 ei,
2691 3980 2777 4046 qui
2803 3979 2889 4032 illa
2911 3979 3054 4046 fecit,
3084 3983 3264 4037 laudes
3286 3997 3339 4039 et
3356 3986 3584 4056 hymnos

2000 4076 2292 4134 comparat.
2338 4065 2490 4132 Quod
2536 4069 2729 4122 Paulus
2767 4085 2976 4140 quoque
3021 4074 3299 4141 signiﬁcat.
3350 4078 3583 4133 dicens:

2003 4154 2288 4210 Invisibilia
2332 4160 2462 4212 enim
2491 4161 2600 4226 eius
2626 4177 2657 4213 a
2685 4164 2936 4216 creatione
2977 4167 3150 4218 mundi
3176 4169 3405 4236 operibus
3436 4172 3586 4224 intel-

2005 4249 2132 4302 lecta
2159 4250 2552 4317 conspiciuntur,
2586 4261 2632 4304 et
2660 4264 2848 4305 (eterna
2889 4255 2997 4324 ejus
3036 4258 3255 4324 potentia
3283 4269 3329 4311 et
3355 4260 3590 4316 divinitas

2006 4341 2182 4411 (Rom.
2228 4343 2279 4396 1.
2309 4341 2426 4413 20).
2456 4343 2755 4410 Quinetiam
2805 4346 2890 4400 hic
2919 4363 3129 4417 quoque
3160 4351 3438 4419 propheta,
3467 4369 3586 4406 enm

2005 4434 2234 4488 dixisset
2259 4445 2550 4499 creaturas,
2584 4446 2637 4490 et
2663 4452 2727 4490 ex
2755 4453 2938 4491 eorum
2963 4456 3081 4508 quae
3108 4441 3352 4495 videntur
3374 4453 3590 4511 aSpectu

2010 4530 2217 4584 illorum
2240 4529 2686 4600 pulchritudinem
2709 4533 3008 4600 reliquisset
3034 4533 3363 4599 discendam,
3393 4538 3591 4605 magni-

2011 4622 2355 4692 tudinemque
2382 4631 2436 4677 et
2465 4639 2648 4677 eorum
2683 4625 2962 4678 utilitatem
2989 4667 3002 4688 ,
3034 4628 3147 4694 ipse
3193 4627 3348 4680 aliam
3381 4627 3594 4683 adducit

2011 4727 2224 4767 causam
2255 4713 2439 4768 dicens
2470 4733 2483 4766 :
2519 4713 2637 4784 Ipse
2666 4715 2826 4778 dixit,
2860 4725 2906 4768 et
2947 4720 3082 4782 facta
3123 4727 3280 4771 sunt:
3304 4718 3413 4789 ipse
3445 4737 3597 4773 man-

2011 4805 2167 4867 davit,
2197 4815 2242 4857 et
2267 4815 2435 4858 creata
2463 4814 2598 4858 sunt.
2644 4805 2836 4859 Statuit
2863 4823 2923 4859 ea
2945 4807 3001 4860 in
3042 4809 3281 4861 saeculum
3303 4850 3316 4872 ,
3344 4819 3392 4862 et
3421 4809 3474 4862 in
3499 4825 3595 4862 ste-

2012 4895 2181 4950 culum
2206 4897 2396 4950 swculi.
2427 4896 2747 4966 Praeceptum
2774 4899 2957 4967 posuit,
2991 4909 3038 4951 et
3067 4917 3166 4952 non
3197 4902 3486 4970 prwteribit.

2086 4987 2310 5041 Mundus
2354 4998 2399 5041 et
2429 4989 2661 5058 opiﬁcem
2690 4988 2855 5054 habet,
2893 4999 2937 5042 et
2966 5001 3162 5044 creatus
3203 5002 3313 5054 est;
3353 4992 3599 5046 stabilitas

2014 5081 2210 5140 mundi.
2241 5088 2285 5133 et
2323 5080 2633 5149 aequabilitas
2668 5081 3025 5134 vicissitudinis
3071 5093 3391 5150 temporum;
3422 5095 3600 5138 contra

2019 5169 2439 5224 Manichwos.—
2469 5170 2618 5236 Quod
2668 5171 2845 5240 itaque
2887 5173 2995 5225 sint
3033 5173 3246 5240 quidem
3291 5173 3509 5242 pulchra
3541 5185 3595 5229 et

2015 5261 2364 5328 admirabilia,
2401 5261 2480 5316 vel
2513 5263 2626 5331 ipse
2652 5265 2796 5315 visus
2843 5262 3041 5316 indicat
3068 5281 3082 5316 :
3115 5263 3254 5332 quod
3284 5275 3458 5319 autem
3503 5264 3596 5318 ha-

2017 5355 2176 5408 beant
2200 5354 2466 5422 opiﬁcem,
2499 5362 2670 5408 etnec
2699 5369 2824 5407 casu
2851 5355 2975 5419 sint,
3011 5368 3109 5408 nec
3137 5355 3390 5419 incrcata,
3425 5363 3594 5424 potest

2017 5447 2231 5516 quidem
2261 5447 2339 5500 vel
2371 5461 2432 5500 ex
2464 5447 2572 5515 ipsa
2619 5446 3056 5514 interpretatione
3087 5446 3334 5517 perSpici.
3381 5447 3440 5501 Si
3477 5447 3600 5516 quis

2083 5603 2156 5667 (α)
2193 5603 2370 5654 Caelum
2395 5604 2627 5653 ttebraice
2654 5609 2748 5662 est,
2774 5605 2945 5656 ωηεν]
2965 5642 2978 5668 ,
3015 5597 3150 5660 εαξη,
3179 5597 3348 5661 plurali
3365 5593 3573 5645 termina

2022 5687 2170 5728 none.
