4070 6340
530 314 636 371 887

527 439 703 484 autem
731 426 956 491 dubitet,
988 441 1017 480 a
1043 440 1130 481 me
1169 424 1338 480 discat
1378 426 1575 480 habere
1603 424 1689 478 illa
1731 432 2027 479 creatorem
2054 432 2109 478 et

527 522 794 591 opificem,
822 530 877 576 et
900 519 988 591 qui
1021 519 1122 574 illis
1167 518 1428 588 providet,
1468 531 1758 587 earumque
1804 531 1987 571 curam
2013 532 2108 587 ge-

525 614 611 667 rit.
646 612 763 667 Duo
784 611 924 667 enim
958 610 1044 665 hic
1065 609 1233 680 ponit,
1260 610 1341 663 vel
1367 609 1543 679 potius
1568 608 1691 675 tria,
1719 616 1876 678 atque
1898 607 2035 663 adeo
2056 607 2101 663 si

520 704 636 772 quis
674 709 818 757 recte
848 700 1163 771 perpendat,
1211 701 1368 755 etiam
1413 708 1642 770 quatuor
1671 716 1686 752 :
1718 698 1859 770 quod
1888 698 1940 755 id
1965 698 2107 769 quod

520 799 602 845 est
629 792 833 856 fecerit,
860 799 915 845 et
939 806 1002 845 ex
1030 791 1093 845 iis
1136 806 1256 861 qua:
1285 805 1390 844 nou
1434 798 1588 846 erant
1635 789 1837 855 fecerit,
1869 797 1923 844 et
1950 787 2107 844 facile

520 882 739 947 fecerit,
773 890 826 937 et
851 897 879 934 a
922 896 981 936 se
1024 878 1161 936 facta
1208 891 1355 950 regat
1382 889 1437 935 et
1481 879 1830 934 administret.
1873 878 2107 934 Dicendo

517 972 681 1034 enim,
723 970 887 1037 Dixit,
938 970 1170 1026 ostendit
1210 970 1520 1026 facilitatem
1551 986 1566 1026 :
1594 977 1654 1024 ut
1697 970 1855 1024 etiam
1905 969 2099 1024 Paulus

516 1062 837 1131 significans,
878 1061 1091 1117 dicebat
1122 1082 1135 1115 :
1172 1060 1272 1126 Qui
1316 1062 1533 1130 uiviﬁcat
1566 1070 1824 1126 mortuos,
1872 1069 1919 1113 et
1957 1069 2103 1114 vocat

513 1169 621 1222 qua
659 1169 758 1208 non
786 1162 920 1216 sunt,
950 1162 1204 1223 tamquam
1234 1169 1347 1224 qua:
1382 1162 1500 1206 sunt
1543 1151 1720 1221 (Rom.
1759 1152 1813 1206 4.
1847 1153 1937 1222 17)
1963 1169 1976 1205 :
2005 1167 2104 1207 no-

516 1249 656 1308 mine
722 1246 1016 1301 vocationis
1075 1245 1229 1301 nobis
1283 1244 1592 1300 facilitatem
1636 1243 1897 1298 indicans.
1945 1243 2099 1309 Quod

513 1347 687 1390 autem
717 1350 836 1406 quae
878 1335 1014 1391 facta
1058 1344 1181 1389 sunt
1205 1344 1355 1404 regat
1396 1344 1450 1389 et
1477 1334 1769 1397 contineat,
1822 1334 1936 1402 ipse
1966 1348 2093 1402 pro-

511 1426 665 1493 pheta
719 1439 903 1480 rursus
947 1424 1216 1491 ostendit,
1267 1424 1591 1494 sultjungens
1631 1440 1645 1477 :
1694 1423 1884 1479 Statuit
1939 1440 1999 1477 ea
2046 1422 2099 1477 in

513 1527 747 1570 a'ternum
776 1526 823 1571 et
851 1517 904 1570 in
941 1517 1185 1571 saeculum
1220 1516 1413 1570 saeculi.
1467 1514 1783 1586 Prwceptunt
1826 1515 2020 1586 posuit,
2052 1524 2099 1569 et

512 1624 615 1662 non
665 1608 958 1677 praeteribit.
1017 1607 1151 1663 Vide
1190 1606 1457 1677 quomodo
1510 1606 1597 1661 hic
1653 1621 1863 1677 quoque
1912 1620 2097 1661 rursus

510 1699 800 1754 ostenderit
869 1707 1226 1770 potestatem,
1283 1698 1684 1764 auctoritatem,
1754 1712 1859 1751 non
1921 1696 2094 1751 solum

509 1790 648 1859 quod
695 1791 960 1855 statuerit,
1006 1789 1102 1845 sed
1129 1789 1290 1844 etiam
1340 1788 1478 1859 quod
1520 1788 1833 1858 Prwceptum
1861 1786 2092 1852 dixerit,

512 1882 755 1937 humanis
780 1881 1100 1937 dictionibus
1120 1882 1238 1951 ejus
1266 1881 1627 1950 operationem
1656 1879 1914 1932 indicans.
1945 1878 2094 1934 Sicut

509 1973 648 2026 enim
678 1973 770 2027 tibi
811 1972 988 2027 dicere
1013 1981 1069 2027 et
1110 1973 1399 2041 praecipere
1427 1980 1509 2025 est
1539 1969 1694 2025 facile
1725 1989 1737 2020 :
1772 1969 1843 2023 ita
1873 1969 1982 2023 Deo
2014 1969 2090 2022 fa-

506 2080 628 2120 cere
668 2080 786 2135 quae
834 2081 940 2119 non
987 2075 1131 2131 sunt,
1160 2080 1345 2134 regere
1389 2072 1443 2119 et
1486 2065 1799 2119 continere:
1833 2065 1941 2118 imo
1966 2079 2093 2119 vero

510 2171 613 2209 non
666 2161 736 2209 ita
785 2155 963 2220 habet,
990 2155 1084 2211 sed
1133 2164 1215 2211 est
1262 2155 1420 2225 longe
1468 2154 1693 2209 facilius.
1739 2154 1920 2224 Neque
1950 2155 2089 2209 enim

511 2250 684 2306 verbis
707 2257 883 2321 potest
907 2249 1160 2319 explicari
1197 2263 1400 2304 summa
1427 2247 1651 2301 facilitas
1678 2262 1797 2301 cum
1826 2262 1927 2317 qua
1973 2246 2094 2300 fecit

505 2344 700 2397 omnia.
735 2342 918 2413 Neque
944 2358 1073 2397 vero
1101 2350 1183 2397 est
1230 2342 1401 2396 solum
1443 2340 1754 2395 admirabile
1784 2339 1926 2410 quod
1958 2339 2094 2408 regit

506 2445 561 2490 et
603 2436 856 2499 continet,
907 2448 1008 2489 nec
1048 2432 1188 2503 quod
1235 2434 1443 2486 termini
1490 2442 1691 2486 natura:
1732 2439 1876 2484 stant
1919 2428 2011 2483 fixi
2038 2437 2092 2483 ct

507 2527 824 2591 immobiles,
854 2529 948 2582 sed
970 2525 1112 2596 quod
1133 2534 1370 2596 tempore
1393 2524 1527 2578 adeo
1551 2523 1774 2578 inﬁnito.
1801 2521 2090 2578 Considera

502 2634 756 2695 quantum
797 2633 880 2679 est
924 2624 1021 2679 aevi
1052 2622 1306 2692 spatium,
1337 2630 1390 2675 et
1417 2635 1601 2675 eorum
1631 2635 1749 2690 quae
1794 2626 1920 2674 sunt
1960 2618 2088 2673 nihil

503 2729 587 2774 est
613 2717 831 2774 omnino
860 2715 1138 2773 confusum
1170 2733 1183 2770 :
1210 2730 1316 2771 non
1357 2729 1503 2769 mare
1533 2723 1726 2768 terram
1771 2712 2085 2778 inundavit,

505 2827 609 2867 non
639 2811 719 2866 sol
746 2824 807 2866 ea
834 2826 952 2881 quae
991 2808 1240 2864 videntur
1268 2808 1489 2870 exussit,
1523 2821 1626 2861 non
1654 2806 1842 2860 caelum
1884 2802 2088 2859 labefa-

503 2913 646 2958 ctum
676 2909 780 2967 est,
814 2916 919 2954 non
966 2899 1157 2964 noctis,
1188 2913 1290 2954 nec
1313 2897 1415 2952 diei
1449 2895 1658 2951 termini
1685 2894 1891 2951 confusi
1921 2902 2083 2960 sunt,

501 3011 606 3051 non
635 3005 929 3063 temporum
959 2989 1357 3054 conversiones,
1386 3003 1486 3044 nec
1525 2986 1721 3058 aliquid
1765 2984 1910 3040 aliud
1934 2984 2079 3055 ejus-

504 3086 681 3149 modi;
712 3084 804 3140 sed
828 3081 1241 3153 unumquodque
1286 3095 1466 3135 eorum
1493 3093 1611 3149 qua:
1634 3085 1758 3132 sunt
1780 3084 1836 3131 et
1856 3088 2088 3145 superne

504 3186 561 3233 et
590 3175 795 3231 inferne
822 3175 988 3241 stetit,
1016 3171 1419 3244 diligentissime
1442 3168 1717 3238 impositos
1746 3167 1847 3222 sibi
1886 3167 1955 3221 ab
1981 3165 2085 3219 ini-

502 3273 577 3325 tio
603 3270 733 3324 lines
759 3268 823 3325 ad
855 3281 1084 3338 unguem
1112 3278 1350 3320 servans.
1383 3263 1668 3332 Postquam
1695 3273 1827 3327 ergo
1861 3256 1996 3313 dixit
2019 3257 2088 3313 de

502 3362 748 3433 supernis
773 3358 1049 3424 creaturis,
1072 3365 1127 3414 et
1147 3356 1213 3413 de
1232 3356 1297 3411 iis
1317 3368 1437 3425 quae
1463 3352 1659 3408 suntin
1679 3350 1833 3415 catlo,
1861 3348 2088 3404 descen-

502 3455 579 3510 dit
603 3455 655 3508 in
686 3462 901 3508 terram.
925 3448 1078 3519 Quod
1105 3455 1279 3501 autem
1307 3445 1427 3500 fecit
1450 3445 1504 3497 in
1528 3442 1776 3512 supernis
1801 3439 2082 3506 creaturis,

503 3556 561 3601 ut
606 3545 863 3612 inciperet
893 3541 1106 3612 quidem
1150 3556 1181 3593 a
1206 3536 1691 3606 supercmlestihus,
1738 3531 2087 3587 descenderet

502 3646 677 3692 autem
705 3634 770 3689 ad
797 3632 1050 3697 caelestia,
1078 3630 1180 3685 hoc
1221 3629 1379 3684 etiam
1408 3627 1493 3682 hic
1522 3626 1680 3690 facit,
1710 3640 1739 3678 a
1782 3621 2085 3678 caelestibus

502 3728 569 3785 ad
598 3738 792 3783 terram
836 3722 1162 3779 transiliens.
1207 3719 1467 3787 Quoniam
1498 3718 1637 3772 enim
1683 3723 1808 3769 sunt
1848 3712 2084 3769 nonnulli

502 3821 592 3892 qui
634 3819 817 3875 dicunt
856 3832 919 3873 ea
966 3815 1178 3886 quidem
1219 3828 1336 3883 qua:
1362 3820 1486 3867 sunt
1517 3811 1570 3864 in
1611 3809 1755 3864 caelis
1781 3822 1901 3863 esse
1927 3806 2085 3877 digna

505 3913 598 3967 Dei
624 3910 833 3980 opilicio
866 3926 879 3963 :
909 3922 1028 3978 quae
1048 3912 1361 3961 suutautem
1383 3903 1436 3957 in
1459 3902 1638 3964 terris,
1664 3897 2080 3969 reprehendunt,

503 4004 752 4075 quoniam
799 4001 869 4055 ibi
899 4007 1027 4054 sunt
1054 3996 1270 4067 scorpii,
1301 3995 1504 4059 leones,
1551 3994 1766 4063 viperae,
1798 3992 2080 4058 dracones,

504 4106 559 4150 et
587 4095 788 4163 reliqua
817 4091 1109 4147 belluarum
1152 4102 1367 4158 genera,
1396 4097 1451 4141 et
1484 4085 1706 4141 arbores
1736 4082 2077 4153 infrugiferat,

504 4186 584 4240 eis
612 4184 771 4239 veluti
805 4180 1153 4252 respondens,
1184 4179 1285 4233 alia
1328 4192 1512 4231 rursus
1549 4178 1754 4231 ratione
1791 4175 2080 4230 orationem

504 4277 826 4349 aggreditur.
856 4274 988 4329 Vide
1013 4281 1186 4327 autem
1217 4269 1340 4341 quid
1372 4270 1491 4324 facit
1521 4285 1535 4321 :
1564 4268 1715 4323 bonis
1744 4282 1864 4338 qua:
1888 4274 2012 4322 sunt
2033 4267 2083 4320 in

504 4372 751 4428 confesso
779 4366 1178 4438 praetermissis,
1205 4364 1413 4431 ovibus,
1442 4362 1630 4427 bobus,
1675 4376 1900 4431 quorum
1931 4373 2083 4415 usum

509 4461 743 4517 ostendit
783 4459 896 4529 ipsa
946 4456 1293 4527 experientia,
1343 4453 1528 4519 asinis,
1578 4452 1815 4517 camelis,
1857 4459 1912 4507 et
1939 4465 2085 4521 quaa-

505 4568 734 4625 cumque
763 4559 882 4621 apta
928 4557 1052 4604 sunt
1097 4547 1252 4603 nobis
1290 4546 1358 4602 ad
1403 4560 1565 4602 onera
1614 4543 1851 4599 vehenda
1885 4561 1898 4598 :
1927 4543 1979 4597 in
2021 4542 2085 4596 iis

504 4663 622 4717 qua:
648 4645 895 4700 videntur
935 4656 1057 4697 esse
1086 4639 1311 4702 inutilia,
1340 4645 1519 4692 versat
1542 4636 1860 4701 orationem,
1889 4634 2083 4689 draco-

506 4752 601 4793 nes
632 4737 685 4791 in
713 4734 942 4789 medium
988 4731 1278 4797 adducens,
1321 4738 1524 4799 partem
1565 4729 1727 4782 maris
1760 4724 2085 4797 innavigabi-

505 4831 632 4895 lem,
660 4838 714 4883 et
753 4841 872 4896 quae
906 4823 1151 4878 videntur
1187 4821 1376 4877 afferre
1422 4820 1741 4886 molestiam,
1787 4828 1845 4873 ut
1867 4819 2040 4888 ignem
2065 4858 2082 4884 ,

503 4918 839 4992 grandinem,
870 4915 1068 4976 nivem,
1096 4912 1354 4984 glaciem;
1385 4910 1579 4967 deinde
1617 4908 1838 4965 arbores
1861 4907 2085 4979 infrugi-

512 5014 676 5077 feras,
708 5017 919 5065 montes
950 5024 965 5060 :
993 5006 1185 5061 deinde
1227 5017 1412 5059 rursus
1435 5002 1555 5057 latis
1583 5001 1785 5070 campis
1807 4999 2008 5055 relictis
2033 5005 2090 5054 et

505 5104 644 5174 aptis
687 5100 753 5155 ad
781 5098 1174 5171 agriculturam,
1217 5103 1375 5166 atque
1415 5092 1485 5148 ad
1527 5090 1731 5147 utilium
1776 5089 2089 5160 miliumque

507 5195 776 5250 fructuum
818 5200 1170 5262 proventum,
1203 5186 1395 5242 transit
1437 5183 1504 5240 ad
1547 5190 1785 5248 montes,
1815 5182 2002 5246 colles,
2034 5188 2091 5235 et

506 5288 622 5343 loca
652 5287 886 5350 deserta,
918 5293 972 5340 et
1000 5289 1304 5353 serpentum
1332 5278 1592 5334 meminit.
1628 5275 1696 5333 Ut
1720 5274 1838 5331 haec
1859 5275 2090 5329 sciamus

504 5381 763 5451 apertius,
794 5379 908 5449 ipsa
932 5377 1093 5432 verba
1117 5373 1413 5429 audiamus.
1440 5371 1730 5441 Postquam
1758 5368 1909 5434 dixit,
1940 5366 2088 5421 Prw-

506 5484 714 5547 ceptum
755 5471 942 5543 posuit,
971 5480 1017 5524 et
1052 5485 1153 5523 non
1193 5464 1484 5538 prwteribit,
1530 5462 1839 5532 sulijunxit:
1868 5460 1919 5514 7.
1950 5458 2091 5513 Lau-

507 5567 634 5621 date
666 5563 941 5619 Dominum
970 5563 1034 5617 de
1059 5571 1213 5626 terra,
1242 5560 1484 5614 dracones
1523 5569 1571 5611 et
1602 5573 1773 5611 omnes
1801 5554 1969 5626 abyssi
1995 5571 2013 5607 :
2037 5555 2090 5610 8.

505 5661 664 5732 ignis,
690 5661 903 5729 grando,
950 5656 1056 5722 nix,
1109 5655 1314 5725 glacies,
1364 5652 1571 5721 spiritus
1595 5649 1948 5720 procellarum,
1986 5664 2097 5717 qua:

1269 313 1325 369 S.
1366 312 1644 368 JOANNIS
1680 308 2159 366 CHRYSOSTOMI
2199 310 2515 370 AllClllEP.
2557 320 3092 382 CONSTANTINOP.

2220 428 2413 497 faciunt
2461 433 2661 485 verbum
2705 436 2835 504 ejus.
2881 437 3052 503 Alius,
3094 437 3280 494 Ventus
3323 440 3583 514 Typhonis
3612 446 3707 516 (α).
3743 447 3800 503 9.

2219 516 2419 574 Montes
2447 532 2495 577 et
2518 540 2688 580 omnes
2708 528 2879 595 colles,
2903 530 3041 599 ligna
3063 535 3346 603 fructifera,
3374 545 3422 588 et
3446 551 3615 591 omnes
3633 539 3807 594 cedri":

2217 609 2306 665 10.
2337 612 2524 680 bestias,
2572 625 2620 669 et
2664 618 2895 673 universa
2937 636 3120 689 pecora
3140 662 3154 686 ,
3181 633 3454 693 serpentes,
3493 636 3541 680 et
3578 627 3811 685 volucres

2213 714 2475 772 pennam.
2507 706 2744 774 Quanam
2796 724 2922 779 ergo
2969 711 3036 766 de
3078 728 3236 768 causa
3278 724 3467 771 tractat
3506 717 3608 774 hoc
3644 719 3808 777 modo

2214 795 2550 851 orationem?
2581 798 2656 852 Ex
2688 799 3007 857 redundanti
3028 805 3180 874 copia
3201 807 3489 864 ostendens
3512 808 3604 865 Dei
3629 811 3808 881 provi-

2218 882 2477 943 dentiam.
2497 887 2551 941 Si
2576 889 2716 942 enim
2745 906 2863 960 qua:
2885 891 3131 949 videntur
3155 909 3275 951 esse
3296 897 3521 971 inutilia,
3549 908 3601 954 et
3618 904 3800 971 generi

2217 973 2489 1031 hominum
2520 979 2730 1042 infesta.
2758 981 2893 1037 adeo
2917 994 3042 1039 sunt
3067 984 3222 1051 bona,
3253 988 3388 1043 adeo
3413 989 3579 1055 utilia,
3607 1002 3662 1046 ut
3683 991 3796 1061 ipsa

2210 1082 2423 1139 quoque
2443 1069 2651 1126 laudem
2684 1073 2795 1127 Deo
2815 1074 3062 1142 offerant,
3087 1086 3142 1132 et
3160 1092 3278 1133 eum
3299 1079 3466 1150 gloria
3491 1082 3796 1152 honoreque

2206 1157 2442 1214 afficiant
2493 1172 2714 1232 propter
2761 1180 2914 1221 suum
2962 1168 3231 1235 opificium
3279 1187 3295 1229 :
3342 1172 3514 1237 cosita
3562 1175 3699 1244 apud
3743 1185 3796 1232 te

2215 1251 2387 1319 qualia
2420 1264 2543 1307 sunt
2588 1256 2709 1309 alia.
2744 1256 2803 1310 Et
2834 1258 2876 1311 si
2927 1259 3134 1314 videtur
3154 1302 3169 1327 ,
3199 1277 3579 1333 persequamur
3607 1283 3793 1322 unum-

2205 1341 2451 1413 quodque
2482 1359 2665 1400 eorum
2697 1365 2815 1416 qum
2860 1350 3001 1405 dicta
3041 1361 3183 1405 sunt.
3220 1352 3497 1421 Dracones,
3534 1356 3722 1427 inquit,
3744 1370 3795 1412 et

2203 1450 2375 1489 omnes
2404 1434 2592 1507 abyssi.
2644 1438 2911 1496 Dracones
2959 1441 3045 1497 hic
3092 1443 3221 1498 dicit
3258 1454 3376 1501 cete
3408 1462 3422 1499 :
3451 1448 3602 1502 sicut.
3631 1449 3789 1504 etiam

2201 1525 2347 1589 alibi,
2378 1527 2592 1595 quando
2618 1528 2766 1598 dicit,
2796 1529 2964 1586 Draco
2992 1533 3092 1598 hic,
3138 1550 3286 1604 quem
3314 1537 3543 1607 formasti
3582 1539 3650 1591 ad
3673 1540 3790 1592 illu-

2201 1616 2421 1672 dendum
2449 1620 2495 1673 ei
2518 1619 2688 1693 (Psal.
2712 1622 2833 1680 105.
2862 1622 2976 1697 26).
3000 1625 3175 1681 Multis
3198 1636 3374 1682 autem
3393 1629 3446 1683 in
3469 1629 3597 1685 locis
3618 1630 3785 1687 videri

2201 1717 2375 1779 potest
2403 1709 2506 1765 hoc
2530 1712 2725 1766 animal
2756 1713 2825 1767 ita
2852 1715 3056 1769 vocari.

2270 1800 2322 1855 5.
2366 1801 2435 1855 Ει
2462 1803 2749 1872 quomodo,
2784 1806 2981 1875 inquiet
3010 1807 3290 1877 quispiam,
3322 1808 3501 1865 laudat
3530 1810 3631 1867 hoc
3655 1826 3779 1867 eum

2201 1891 2295 1961 qui
2315 1891 2486 1960 ipsum
2510 1892 2672 1948 fecit?
2696 1895 2974 1964 Quomodo
2993 1909 3169 1953 autem
3191 1916 3294 1954 non
3320 1901 3538 1957 laudat?
3560 1903 3781 1971 Quando

2200 1983 2343 2037 enim
2370 1983 2563 2039 videris
2588 1987 3026 2056 magnitudinem,
3053 1992 3293 2060 corporis
3317 1994 3779 2062 compositionem,

2198 2088 2355 2143 quam
2382 2075 2714 2144 apertissime
2753 2078 3025 2148 Scriptura
3068 2090 3249 2135 narrat
3290 2082 3346 2137 in
3373 2081 3472 2136 Job
3503 2083 3655 2153 (Job.
3685 2086 3777 2139 40.

2199 2164 2289 2218 Η.
2324 2165 2471 2237 sqq.)
2503 2184 2517 2220 :
2551 2167 2818 2236 quomodo
2860 2186 2964 2222 non
2995 2170 3345 2227 admiraberis
3373 2171 3623 2243 Opificem
3644 2216 3659 2242 ,
3691 2177 3779 2246 qui

2201 2263 2403 2310 tantum
2432 2258 2628 2312 animal
2662 2260 2955 2327 produxit?
2990 2260 3173 2332 Neque
3202 2278 3330 2318 vero
3359 2273 3576 2335 propter
3612 2266 3779 2321 solam

2195 2347 2648 2417 magnitudinem,
2682 2350 2772 2404 sed
2799 2351 2957 2405 etiam
2987 2352 3126 2422 quod
3159 2368 3281 2422 pars
3311 2356 3471 2409 maris
3501 2355 3776 2428 innaviga-

2197 2437 2348 2501 bilis,
2392 2440 2443 2493 in
2470 2456 2576 2508 quo
2602 2452 2818 2511 ageret,
2849 2444 2895 2496 ei
2930 2444 3185 2499 attributa
3213 2447 3300 2501 sit.
3337 2447 3428 2501 Est
3455 2458 3630 2502 autem
3654 2450 3776 2517 jure

2197 2528 2497 2583 mirandum
2523 2532 2661 2601 quod
2693 2535 2931 2601 proprios
2969 2534 3167 2590 limites
3197 2551 3299 2590 non
3330 2538 3624 2605 transiliat,
3653 2554 3773 2595 cum

2193 2619 2264 2673 sit
2290 2621 2510 2675 efferum
2555 2637 2618 2676 ac
2657 2637 2857 2677 saevum
2900 2626 3132 2691 animal,
3165 2636 3220 2681 et
3263 2626 3418 2697 longe
3444 2630 3772 2696 maximum;

2191 2710 2285 2766 sed
2318 2712 2368 2765 in
2411 2713 2521 2767 suis
2547 2712 2746 2783 degens
2787 2714 2920 2770 locis
2961 2731 3021 2772 se
3049 2717 3355 2783 contineat,
3387 2727 3444 2774 et
3469 2734 3575 2774 non
3603 2721 3774 2775 solum

2192 2805 2244 2859 in
2278 2812 2469 2859 terram
2499 2822 2602 2860 non
2630 2806 2962 2876 egrediatur,
3000 2823 3170 2878 neque
3211 2809 3265 2864 in
3294 2810 3470 2866 locum
3512 2812 3775 2868 habitabi-

2192 2895 2316 2964 lem,
2348 2898 2441 2952 sed
2471 2914 2537 2953 ne
2565 2898 2615 2952 in
2647 2909 2848 2969 partem
2883 2900 3095 2971 quidem
3126 2904 3288 2958 maris
3316 2918 3435 2973 quas
3461 2914 3583 2973 apta
3615 2908 3683 2960 sit
3705 2907 3771 2959 ad

2193 2989 2577 3060 navigationem
2606 3008 2620 3045 :
2655 3006 2756 3047 non
2792 3002 3067 3047 consumat
3095 2994 3112 3025 ¹
3156 2990 3349 3064 genera
3390 2995 3613 3065 piscium
3636 3037 3653 3062 ,
3679 2997 3773 3052 sed

2194 3082 2331 3136 intra
2376 3097 2524 3136 suam
2569 3081 2837 3154 regionem
2867 3085 3027 3138 vitam
3066 3084 3241 3156 degat.
3289 3084 3400 3141 Nec
3444 3086 3559 3141 hazc
3599 3087 3772 3143 solum

2193 3173 2434 3228 miranda
2466 3182 2622 3240 sunt,
2667 3175 2760 3230 sed
2803 3175 2980 3247 abyssi
3024 3175 3181 3231 etiam
3221 3176 3572 3246 profunditas.
3619 3178 3772 3246 Quod

2190 3273 2363 3319 autem
2409 3266 2458 3319 in
2501 3266 2748 3328 animali,
2783 3265 2883 3320 hoc
2926 3268 3086 3321 etiam
3117 3267 3261 3321 cerui
3307 3277 3482 3337 potest
3525 3269 3578 3323 in
3616 3270 3770 3324 mari.

2191 3355 2322 3410 Nam
2349 3371 2468 3410 cum
2501 3367 2778 3410 ventorum
2819 3356 3028 3410 ﬂatibus
3057 3360 3126 3410 sit
3173 3357 3537 3425 intolerabile,
3570 3370 3621 3412 et
3651 3369 3771 3412 tan-

2196 3455 2301 3501 tam
2334 3448 2524 3501 habeat
2553 3461 2807 3515 aquarum
2854 3448 3059 3515 copiam
3083 3487 3098 3512 ,
3131 3463 3236 3501 non
3281 3447 3517 3518 erumpit
3544 3464 3609 3503 ex
3645 3465 3771 3517 pro-

2193 3538 2323 3608 priis
2346 3539 2604 3602 terminis,
2632 3554 2733 3591 non
2759 3536 2976 3591 inundat
2998 3546 3187 3590 terram
3206 3536 3452 3604 vicinam,
3478 3539 3572 3592 sed
3598 3540 3771 3609 ipsum

2189 3645 2401 3699 quoque
2440 3639 2522 3683 cst
2559 3628 2827 3696 alligatum
2856 3627 3076 3681 vinculis
3118 3626 3510 3694 immobilibus,
3543 3627 3663 3682 licet
3700 3627 3773 3682 sit

2188 3721 2383 3789 aliomi
2428 3732 2613 3773 natura
2655 3733 2909 3789 aquarum
2954 3717 3210 3772 insolens.
3251 3715 3382 3771 Cum
3419 3725 3597 3772 autem
3627 3727 3773 3773 tanta

2189 3816 2260 3871 sit
2291 3813 2649 3884 magnitudine
2674 3852 2689 3876 ,
2732 3821 2787 3866 et
2831 3826 2862 3865 a
2910 3811 3069 3865 tantis
3109 3809 3379 3880 spiritibus
3423 3810 3719 3879 impellatur
3752 3828 3769 3863 :

2188 3909 2464 3963 considera
2515 3907 2699 3973 quanti
2739 3905 2809 3962 sit
2849 3904 3125 3971 miraculi,
3166 3917 3265 3958 nec
3307 3917 3405 3974 per
3447 3902 3772 3957 inconditam

2194 4002 2412 4068 tnelem,
2443 4016 2543 4055 nec
2571 4016 2664 4070 per
2690 3997 3108 4069 magnitudinem
3129 4036 3147 4061 ,
3193 4010 3291 4052 nec
3314 4010 3414 4066 per
3437 3995 3543 4050 vim
3584 3994 3774 4051 intole-

2192 4095 2413 4149 rabilem
2437 4108 2535 4148 suo
2561 4093 2678 4147 loco
2701 4091 2982 4155 excedere,
3009 4088 3102 4143 sed
3125 4089 3177 4143 in
3204 4096 3347 4142 tanta
3370 4086 3774 4157 perturbatione

2189 4188 2432 4242 ordinem
2459 4196 2515 4241 et
2543 4185 2758 4240 modum
2799 4183 3017 4254 pulchre
3043 4195 3278 4237 servare.
3322 4180 3448 4235 Haec
3475 4194 3603 4250 ergo
3629 4181 3771 4249 apud

2193 4288 2245 4333 te
2276 4287 2525 4347 reputans
2556 4277 2755 4347 poteris
2783 4276 2904 4330 hinc
2931 4287 3143 4344 quoque
3173 4273 3283 4327 Deo
3326 4270 3535 4327 laudem
3574 4280 3627 4327 et
3668 4272 3773 4344 hy-

2192 4387 2373 4426 mnum
2398 4380 2599 4436 texere,
2622 4378 2678 4424 et
2695 4369 2812 4438 ejus
2830 4365 3079 4420 admirari
3103 4364 3411 4434 potentiam,
3433 4362 3770 4433 sapientiam,

2192 4465 2463 4527 virtutem,
2497 4468 2833 4532 potestatem.
2866 4458 3002 4514 Sunt
3026 4458 3182 4511 etiam
3204 4454 3501 4511 ineﬂ‘abiles
3528 4457 3646 4509 alia:
3675 4455 3777 4508 lto-

2191 4570 2309 4610 rum
2340 4554 2592 4617 rationes,
2630 4567 2763 4622 quas
2792 4551 2905 4620 ipse
2929 4548 3074 4603 novit
3098 4548 3186 4618 qui
3217 4546 3363 4602 fecit.
3401 4546 3469 4601 Et
3497 4546 3615 4601 ideo
3637 4546 3778 4602 dixit

2191 4649 2474 4718 quispiam,
2500 4644 2582 4699 Ne
2606 4644 2815 4710 dixeris,
2846 4642 3014 4710 Quare
3032 4641 3172 4696 hoc?
3200 4640 3269 4694 ad
3287 4640 3409 4711 quid
3430 4642 3524 4693 hoc
3540 4640 3566 4693 Ρ
3588 4638 3779 4694 Omnia

2191 4742 2325 4795 enim
2364 4739 2431 4793 ad
2469 4755 2617 4792 usum
2642 4738 2800 4807 ipsius
2844 4741 2980 4806 facta
3017 4743 3151 4788 sunt.
3193 4731 3374 4803 Ignis,
3401 4732 3632 4803 grando,
3661 4734 3781 4809 nix,

2192 4834 2377 4907 glacies
2396 4873 2412 4898 ,
2438 4832 2644 4901 spiritus
2675 4830 3031 4900 procellarum,
3060 4841 3178 4899 quw
3215 4826 3411 4897 faciunt
3437 4824 3638 4879 verbum
3666 4825 3779 4894 ejus

2195 4924 2382 4998 (Eccli.
2405 4924 2497 4979 '59.
2519 4921 2608 4993 ‘2).
2638 4919 2833 4989 Adjicit
2861 4919 2948 4973 hic
2975 4933 3184 4989 quoque
3208 4915 3351 4971 aliud
3376 4916 3441 4972 iis
3469 4930 3589 4986 qua:
3629 4914 3778 4970 dicta

2194 5028 2338 5071 sunt.
2374 5015 2484 5069 lloc
2511 5014 2652 5067 enim
2699 5012 2750 5064 in
2781 5011 2942 5081 priori
2974 5009 3183 5063 Psalmo
3209 5007 3598 5070 admirabatur,
3630 5005 3779 5075 quod

2194 5106 2343 5162 brevi
2373 5115 2642 5159 momento
2670 5102 2924 5171 temporis
2958 5109 3120 5154 totam
3157 5110 3349 5155 terram
3374 5098 3627 5169 pervadat
3660 5098 3782 5167 nix,

2194 5198 2411 5268 glacies,
2438 5194 2577 5266 quod
2605 5200 2932 5253 concrescat,
2956 5190 3096 5260 quod
3124 5198 3374 5254 mutetur,
3403 5188 3544 5259 quod
3569 5189 3620 5242 in
3647 5203 3784 5243 con-

2197 5292 2359 5346 traria
2404 5296 2744 5345 convertatur
2788 5303 2802 5340 :
2848 5284 2934 5339 hic
2975 5293 3189 5349 autem,
3233 5281 3374 5352 quod
3415 5291 3470 5335 et
3510 5296 3626 5350 qua:
3669 5295 3781 5334 non

2262 5428 2280 5459 ί
2314 5424 2612 5486 Scripsimus,
2634 5431 2729 5469 non
2751 5420 3015 5486 consternat,
3037 5426 3148 5465 cum
3168 5411 3353 5473 Morel.,
3376 5411 3519 5463 savil.
3542 5419 3594 5462 et
3620 5411 3784 5462 inter-

2201 5484 2662 5553 prete;_aloutef.et
2682 5485 2967 5553 consumat.
3344 5510 3437 5553 πέμ
3471 5508 3643 5553 “Am-

2266 5535 2339 5612 (ὰῇ
2359 5535 2661 5607 Ἰιιιθι-ρτειὶε.
2683 5554 2861 5612 nomen
2884 5552 2980 5589 non
3002 5535 3440 5612 adscr'tbiturtjix
3471 5543 3641 5612 put.ch
3656 5548 3785 5612 esse

2201 5597 2459 5676 Aquilam,
2482 5597 2567 5657 aut
2595 5603 2948 5676 Symmachum,
2987 5601 3080 5676 vel‘
3101 5597 3787 5676 1illt39§loﬁ0l1§tt§dlébflllill3

2203 5658 2493 5724 cr‘édiderim
2516 5658 2732 5720 esse'vel
2754 5658 2966 5729 quintae,
3004 5660 3085 5713 vel
3114 5668 3299 5722 sextae,
3332 5658 3413 5711 vel
3433 5659 3653 5720 septima
3674 5658 3787 5708 Ed}-

2208 5739 2365 5787 tionis.
