  <div class='ocr_page' id='page_1' title='image "/cluster/home/n/w/nwhite01/storage/ocr_20150623/55/nnc1.0046980016/478.png"; bbox 0 0 4064 6340; ppageno 0'>
   <div class='ocr_carea' id='block_1_1' title="bbox 269 426 367 482">
    <p class='ocr_par' dir='ltr' id='par_1_1' title="bbox 269 426 367 482">
     <span class='ocr_line' id='line_1_1' title="bbox 269 426 367 482; baseline -0.01 0"><span class='ocrx_word' id='word_1_1' title='bbox 269 426 367 482; x_wconf 74' lang='grc' dir='ltr'>48Ἰ</span> 
     </span>
    </p>
   </div>
   <div class='ocr_carea' id='block_1_2' title="bbox 269 543 1834 624">
    <p class='ocr_par' dir='ltr' id='par_1_2' title="bbox 269 543 1834 624">
     <span class='ocr_line' id='line_1_2' title="bbox 269 543 1834 624; baseline 0.006 -26"><span class='ocrx_word' id='word_1_2' title='bbox 269 559 409 615; x_wconf 67' lang='lat' dir='ltr'>cupa</span> <span class='ocrx_word' id='word_1_3' title='bbox 434 561 445 572; x_wconf 93' lang='grc'><strong>·</strong></span> <span class='ocrx_word' id='word_1_4' title='bbox 470 543 550 597; x_wconf 83' lang='grc' dir='ltr'>ὅτι</span> <span class='ocrx_word' id='word_1_5' title='bbox 574 561 633 597; x_wconf 88' lang='grc' dir='ltr'>τε</span> <span class='ocrx_word' id='word_1_6' title='bbox 669 544 910 618; x_wconf 84' lang='grc' dir='ltr'>ἐποίησε,</span> <span class='ocrx_word' id='word_1_7' title='bbox 937 547 1029 601; x_wconf 75' lang='grc' dir='ltr'>καὶ</span> <span class='ocrx_word' id='word_1_8' title='bbox 1058 548 1115 615; x_wconf 77' lang='grc' dir='ltr'>ἐξ</span> <span class='ocrx_word' id='word_1_9' title='bbox 1143 549 1242 603; x_wconf 88' lang='grc' dir='ltr'>οὐκ</span> <span class='ocrx_word' id='word_1_10' title='bbox 1272 551 1441 604; x_wconf 73' lang='grc' dir='ltr'>ὄντων</span> <span class='ocrx_word' id='word_1_11' title='bbox 1468 554 1712 624; x_wconf 86' lang='grc' dir='ltr'>ἐποίησε,</span> <span class='ocrx_word' id='word_1_12' title='bbox 1740 554 1834 609; x_wconf 72' lang='grc' dir='ltr'>καὶ</span> 
     </span>
    </p>
   </div>
   <div class='ocr_carea' id='block_1_3' title="bbox 270 639 1836 720">
    <p class='ocr_par' dir='ltr' id='par_1_3' title="bbox 270 639 1836 720">
     <span class='ocr_line' id='line_1_3' title="bbox 270 639 1836 720; baseline 0.007 -28"><span class='ocrx_word' id='word_1_13' title='bbox 270 640 384 711; x_wconf 84' lang='grc' dir='ltr'>μετ’</span> <span class='ocrx_word' id='word_1_14' title='bbox 422 639 673 705; x_wconf 82' lang='grc' dir='ltr'>εὐκολίας</span> <span class='ocrx_word' id='word_1_15' title='bbox 704 642 958 713; x_wconf 84' lang='grc' dir='ltr'>ἐποίησε,</span> <span class='ocrx_word' id='word_1_16' title='bbox 988 646 1081 698; x_wconf 81' lang='grc' dir='ltr'>καὶ</span> <span class='ocrx_word' id='word_1_17' title='bbox 1123 646 1388 717; x_wconf 84' lang='grc' dir='ltr'>γενόμενα</span> <span class='ocrx_word' id='word_1_18' title='bbox 1427 648 1727 720; x_wconf 84' lang='grc' dir='ltr'>διακρατεῖ.</span> <span class='ocrx_word' id='word_1_19' title='bbox 1763 652 1836 704; x_wconf 88' lang='grc' dir='ltr'>Τὸ</span> 
     </span>
    </p>
   </div>
   <div class='ocr_carea' id='block_1_4' title="bbox 270 738 1832 819">
    <p class='ocr_par' dir='ltr' id='par_1_4' title="bbox 270 738 1832 819">
     <span class='ocr_line' id='line_1_4' title="bbox 270 738 1832 819; baseline 0.006 -28"><span class='ocrx_word' id='word_1_20' title='bbox 270 738 366 809; x_wconf 77' lang='grc' dir='ltr'>μὲν</span> <span class='ocrx_word' id='word_1_21' title='bbox 394 738 504 809; x_wconf 90' lang='grc' dir='ltr'>γάρ</span> <span class='ocrx_word' id='word_1_22' title='bbox 547 739 756 805; x_wconf 85' lang='grc' dir='ltr'>εἰπεῖν,</span> <span class='ocrx_word' id='word_1_23' title='bbox 800 740 993 806; x_wconf 83' lang='grc' dir='ltr'>Αὐτὸς</span> <span class='ocrx_word' id='word_1_24' title='bbox 1022 738 1187 805; x_wconf 78' lang='grc' dir='ltr'>εἷπε,</span> <span class='ocrx_word' id='word_1_25' title='bbox 1228 744 1328 814; x_wconf 85' lang='grc' dir='ltr'>τὴν</span> <span class='ocrx_word' id='word_1_26' title='bbox 1371 744 1619 800; x_wconf 80' lang='grc' dir='ltr'>εὐκολίαν</span> <span class='ocrx_word' id='word_1_27' title='bbox 1651 747 1832 819; x_wconf 76' lang='grc' dir='ltr'>δηλοῖ·’</span> 
     </span>
    </p>
   </div>
   <div class='ocr_carea' id='block_1_5' title="bbox 265 833 1835 911">
    <p class='ocr_par' dir='ltr' id='par_1_5' title="bbox 265 833 1835 911">
     <span class='ocr_line' id='line_1_5' title="bbox 265 833 1835 911; baseline 0.008 -23"><span class='ocrx_word' id='word_1_28' title='bbox 265 836 338 900; x_wconf 83' lang='grc' dir='ltr'>ὡς</span> <span class='ocrx_word' id='word_1_29' title='bbox 356 835 451 890; x_wconf 73' lang='grc' dir='ltr'>καὶ</span> <span class='ocrx_word' id='word_1_30' title='bbox 468 835 680 899; x_wconf 80' lang='grc' dir='ltr'>Παῦλος</span> <span class='ocrx_word' id='word_1_31' title='bbox 697 833 871 906; x_wconf 84' lang='grc' dir='ltr'>δηλῶν</span> <span class='ocrx_word' id='word_1_32' title='bbox 898 836 1050 907; x_wconf 77' lang='grc' dir='ltr'>ἔλεγε</span> <span class='ocrx_word' id='word_1_33' title='bbox 1066 855 1081 868; x_wconf 68' lang='grc' dir='ltr'>θ</span> <span class='ocrx_word' id='word_1_34' title='bbox 1105 838 1215 894; x_wconf 88' lang='grc' dir='ltr'>Τοῦ</span> <span class='ocrx_word' id='word_1_35' title='bbox 1241 839 1666 910; x_wconf 80' lang='grc' dir='ltr'>ζωοποιοῦντος</span> <span class='ocrx_word' id='word_1_36' title='bbox 1691 844 1835 911; x_wconf 85' lang='grc' dir='ltr'>τοὺς</span> 
     </span>
    </p>
   </div>
   <div class='ocr_carea' id='block_1_6' title="bbox 264 930 1832 1013">
    <p class='ocr_par' dir='ltr' id='par_1_6' title="bbox 264 930 1832 1013">
     <span class='ocr_line' id='line_1_6' title="bbox 264 930 1832 1013; baseline 0.008 -29"><span class='ocrx_word' id='word_1_37' title='bbox 264 930 532 1000; x_wconf 83' lang='grc' dir='ltr'>νεκροὺς,</span> <span class='ocrx_word' id='word_1_38' title='bbox 554 930 656 998; x_wconf 59' lang='grc' dir='ltr'>καὶ</span> <span class='ocrx_word' id='word_1_39' title='bbox 682 931 1018 1000; x_wconf 77' lang='grc' dir='ltr'><em>καλοῦντος</em></span> <span class='ocrx_word' id='word_1_40' title='bbox 1047 933 1120 989; x_wconf 79' lang='grc' dir='ltr'>τὰ</span> <span class='ocrx_word' id='word_1_41' title='bbox 1143 934 1407 1005; x_wconf 13' lang='grc' dir='ltr'>μὴιόντα</span> <span class='ocrx_word' id='word_1_42' title='bbox 1431 938 1512 1004; x_wconf 87' lang='grc' dir='ltr'>ὡς</span> <span class='ocrx_word' id='word_1_43' title='bbox 1549 938 1690 995; x_wconf 78' lang='grc' dir='ltr'>ὄντα</span> <span class='ocrx_word' id='word_1_44' title='bbox 1709 957 1722 972; x_wconf 86' lang='grc'><strong>·</strong></span> <span class='ocrx_word' id='word_1_45' title='bbox 1753 943 1832 1013; x_wconf 87' lang='grc' dir='ltr'>τῷ</span> 
     </span>
    </p>
   </div>
   <div class='ocr_carea' id='block_1_7' title="bbox 262 1026 1826 1112">
    <p class='ocr_par' dir='ltr' id='par_1_7' title="bbox 262 1026 1826 1112">
     <span class='ocr_line' id='line_1_7' title="bbox 262 1026 1826 1112; baseline 0.012 -34"><span class='ocrx_word' id='word_1_46' title='bbox 262 1026 482 1099; x_wconf 81' lang='grc' dir='ltr'>ὀνόματι</span> <span class='ocrx_word' id='word_1_47' title='bbox 502 1030 601 1100; x_wconf 87' lang='grc' dir='ltr'>τῆς</span> <span class='ocrx_word' id='word_1_48' title='bbox 621 1028 864 1100; x_wconf 83' lang='grc' dir='ltr'>κλήσεως</span> <span class='ocrx_word' id='word_1_49' title='bbox 883 1030 981 1102; x_wconf 80' lang='grc' dir='ltr'>τὴν</span> <span class='ocrx_word' id='word_1_50' title='bbox 1003 1033 1252 1089; x_wconf 77' lang='grc' dir='ltr'>εὐκολίαν</span> <span class='ocrx_word' id='word_1_51' title='bbox 1278 1037 1413 1107; x_wconf 87' lang='grc' dir='ltr'>ήμῖν</span> <span class='ocrx_word' id='word_1_52' title='bbox 1441 1038 1826 1112; x_wconf 81' lang='grc' dir='ltr'>αἰνιττόμενος.</span> 
     </span>
    </p>
   </div>
   <div class='ocr_carea' id='block_1_8' title="bbox 264 1121 1830 1207">
    <p class='ocr_par' dir='ltr' id='par_1_8' title="bbox 264 1121 1830 1207">
     <span class='ocr_line' id='line_1_8' title="bbox 264 1121 1830 1207; baseline 0.009 -32"><span class='ocrx_word' id='word_1_53' title='bbox 264 1121 384 1176; x_wconf 80' lang='grc' dir='ltr'>’Ότι</span> <span class='ocrx_word' id='word_1_54' title='bbox 409 1124 466 1177; x_wconf 87' lang='grc' dir='ltr'>δὲ</span> <span class='ocrx_word' id='word_1_55' title='bbox 501 1126 594 1179; x_wconf 85' lang='grc' dir='ltr'>καί</span> <span class='ocrx_word' id='word_1_56' title='bbox 641 1124 907 1196; x_wconf 87' lang='grc' dir='ltr'>γενόμενα</span> <span class='ocrx_word' id='word_1_57' title='bbox 947 1127 1248 1198; x_wconf 81' lang='grc' dir='ltr'>διακρατεϊ,</span> <span class='ocrx_word' id='word_1_58' title='bbox 1276 1131 1440 1195; x_wconf 87' lang='grc' dir='ltr'>αὐτὸς</span> <span class='ocrx_word' id='word_1_59' title='bbox 1469 1134 1498 1186; x_wconf 85' lang='grc' dir='ltr'>δ</span> <span class='ocrx_word' id='word_1_60' title='bbox 1545 1136 1830 1207; x_wconf 81' lang='grc' dir='ltr'>προφήτης</span> 
     </span>
    </p>
   </div>
   <div class='ocr_carea' id='block_1_9' title="bbox 261 1217 1829 1294">
    <p class='ocr_par' dir='ltr' id='par_1_9' title="bbox 261 1217 1829 1294">
     <span class='ocr_line' id='line_1_9' title="bbox 261 1217 1829 1294; baseline 0.01 -24"><span class='ocrx_word' id='word_1_61' title='bbox 261 1217 420 1271; x_wconf 87' lang='grc' dir='ltr'>πάλιν</span> <span class='ocrx_word' id='word_1_62' title='bbox 448 1218 716 1273; x_wconf 85' lang='grc' dir='ltr'>δείκνυσιν</span> <span class='ocrx_word' id='word_1_63' title='bbox 744 1219 1061 1289; x_wconf 87' lang='grc' dir='ltr'>ἐπαγαγὼν,</span> <span class='ocrx_word' id='word_1_64' title='bbox 1093 1225 1398 1292; x_wconf 83' lang='grc' dir='ltr'>Ἔστησεν</span> <span class='ocrx_word' id='word_1_65' title='bbox 1423 1228 1577 1282; x_wconf 76' lang='grc' dir='ltr'>αὐτὰ</span> <span class='ocrx_word' id='word_1_66' title='bbox 1608 1231 1695 1294; x_wconf 85' lang='grc' dir='ltr'>είς</span> <span class='ocrx_word' id='word_1_67' title='bbox 1720 1229 1829 1285; x_wconf 85' lang='grc' dir='ltr'>τὸν</span> 
     </span>
    </p>
   </div>
   <div class='ocr_carea' id='block_1_10' title="bbox 261 1310 1828 1393">
    <p class='ocr_par' dir='ltr' id='par_1_10' title="bbox 261 1310 1828 1393">
     <span class='ocr_line' id='line_1_10' title="bbox 261 1310 1828 1393; baseline 0.008 -28"><span class='ocrx_word' id='word_1_68' title='bbox 261 1310 461 1377; x_wconf 79' lang='grc' dir='ltr'>αιῶνα,</span> <span class='ocrx_word' id='word_1_69' title='bbox 489 1313 587 1367; x_wconf 82' lang='grc' dir='ltr'>καί</span> <span class='ocrx_word' id='word_1_70' title='bbox 615 1317 703 1381; x_wconf 81' lang='grc' dir='ltr'>εἰς</span> <span class='ocrx_word' id='word_1_71' title='bbox 729 1314 834 1369; x_wconf 81' lang='grc' dir='ltr'>τὸν</span> <span class='ocrx_word' id='word_1_72' title='bbox 863 1315 1048 1370; x_wconf 84' lang='grc' dir='ltr'>αίῶνα</span> <span class='ocrx_word' id='word_1_73' title='bbox 1074 1318 1181 1373; x_wconf 85' lang='grc' dir='ltr'>τοῦ</span> <span class='ocrx_word' id='word_1_74' title='bbox 1210 1318 1441 1386; x_wconf 77' lang='grc' dir='ltr'>αἰῶνος.</span> <span class='ocrx_word' id='word_1_75' title='bbox 1472 1322 1828 1393; x_wconf 80' lang='grc' dir='ltr'>Πρόσταγμα</span> 
     </span>
    </p>
   </div>
   <div class='ocr_carea' id='block_1_11' title="bbox 258 1409 1827 1486">
    <p class='ocr_par' dir='ltr' id='par_1_11' title="bbox 258 1409 1827 1486">
     <span class='ocr_line' id='line_1_11' title="bbox 258 1409 1827 1486; baseline 0.006 -22"><span class='ocrx_word' id='word_1_76' title='bbox 258 1409 442 1478; x_wconf 70' lang='grc' dir='ltr'>ἔθετο,</span> <span class='ocrx_word' id='word_1_77' title='bbox 470 1411 657 1465; x_wconf 89' lang='grc' dir='ltr'>καἰού</span> <span class='ocrx_word' id='word_1_78' title='bbox 690 1413 1142 1479; x_wconf 77' lang='grc' dir='ltr'>παρελεύσεται.</span> <span class='ocrx_word' id='word_1_79' title='bbox 1172 1415 1315 1486; x_wconf 91' lang='grc' dir='ltr'>Ὅρα</span> <span class='ocrx_word' id='word_1_80' title='bbox 1340 1416 1437 1469; x_wconf 77' lang='grc' dir='ltr'>καὶ</span> <span class='ocrx_word' id='word_1_81' title='bbox 1463 1417 1693 1473; x_wconf 83' lang='grc' dir='ltr'>ἐνταῦθα</span> <span class='ocrx_word' id='word_1_82' title='bbox 1723 1421 1827 1475; x_wconf 89' lang='grc' dir='ltr'>πά-</span> 
     </span>
    </p>
   </div>
   <div class='ocr_carea' id='block_1_12' title="bbox 258 1504 1820 1585">
    <p class='ocr_par' dir='ltr' id='par_1_12' title="bbox 258 1504 1820 1585">
     <span class='ocr_line' id='line_1_12' title="bbox 258 1504 1820 1585; baseline 0.008 -28"><span class='ocrx_word' id='word_1_83' title='bbox 258 1504 339 1558; x_wconf 86' lang='grc' dir='ltr'>λιν</span> <span class='ocrx_word' id='word_1_84' title='bbox 369 1506 468 1577; x_wconf 79' lang='grc' dir='ltr'>τὴν</span> <span class='ocrx_word' id='word_1_85' title='bbox 506 1505 775 1572; x_wconf 83' lang='grc' dir='ltr'>ἐξουσίαν,</span> <span class='ocrx_word' id='word_1_86' title='bbox 808 1506 906 1578; x_wconf 86' lang='grc' dir='ltr'>τὴν</span> <span class='ocrx_word' id='word_1_87' title='bbox 938 1508 1223 1562; x_wconf 88' lang='grc' dir='ltr'>αὐθεντίαν</span> <span class='ocrx_word' id='word_1_88' title='bbox 1262 1509 1379 1574; x_wconf 83' lang='grc' dir='ltr'>πῶς</span> <span class='ocrx_word' id='word_1_89' title='bbox 1419 1514 1820 1585; x_wconf 82' lang='grc' dir='ltr'>παρεδήλωσεν,</span> 
     </span>
    </p>
   </div>
   <div class='ocr_carea' id='block_1_13' title="bbox 254 1597 1824 1674">
    <p class='ocr_par' dir='ltr' id='par_1_13' title="bbox 254 1597 1824 1674">
     <span class='ocr_line' id='line_1_13' title="bbox 254 1597 1824 1674; baseline 0.007 -25"><span class='ocrx_word' id='word_1_90' title='bbox 254 1597 313 1650; x_wconf 86' lang='grc' dir='ltr'>οὑ</span> <span class='ocrx_word' id='word_1_91' title='bbox 357 1597 435 1669; x_wconf 82' lang='grc' dir='ltr'>τῷ</span> <span class='ocrx_word' id='word_1_92' title='bbox 469 1601 657 1669; x_wconf 83' lang='grc' dir='ltr'>στῆναι</span> <span class='ocrx_word' id='word_1_93' title='bbox 685 1611 711 1640; x_wconf 70' lang='grc' dir='ltr'>ι</span> <span class='ocrx_word' id='word_1_94' title='bbox 757 1599 935 1670; x_wconf 91' lang='grc' dir='ltr'>μόνον,</span> <span class='ocrx_word' id='word_1_95' title='bbox 980 1599 1116 1654; x_wconf 84' lang='grc' dir='ltr'>ἀλλά</span> <span class='ocrx_word' id='word_1_96' title='bbox 1149 1600 1244 1653; x_wconf 83' lang='grc' dir='ltr'>καί</span> <span class='ocrx_word' id='word_1_97' title='bbox 1276 1600 1352 1672; x_wconf 84' lang='grc' dir='ltr'>τῷ</span> <span class='ocrx_word' id='word_1_98' title='bbox 1381 1603 1586 1669; x_wconf 86' lang='grc' dir='ltr'>εἰπεῖν,</span> <span class='ocrx_word' id='word_1_99' title='bbox 1630 1606 1824 1674; x_wconf 84' lang='grc' dir='ltr'>Πρόσ-</span> 
     </span>
    </p>
   </div>
   <div class='ocr_carea' id='block_1_14' title="bbox 255 1693 1821 1770">
    <p class='ocr_par' dir='ltr' id='par_1_14' title="bbox 255 1693 1821 1770">
     <span class='ocr_line' id='line_1_14' title="bbox 255 1693 1821 1770; baseline 0.007 -25"><span class='ocrx_word' id='word_1_100' title='bbox 255 1708 461 1761; x_wconf 80' lang='grc' dir='ltr'>ταγμα,</span> <span class='ocrx_word' id='word_1_101' title='bbox 479 1695 597 1756; x_wconf 79' lang='grc' dir='ltr'>ταῖς</span> <span class='ocrx_word' id='word_1_102' title='bbox 619 1693 990 1764; x_wconf 81' lang='grc' dir='ltr'>ἀνθρωπίναις</span> <span class='ocrx_word' id='word_1_103' title='bbox 1020 1694 1197 1759; x_wconf 80' lang='grc' dir='ltr'>λέξεσι</span> <span class='ocrx_word' id='word_1_104' title='bbox 1218 1696 1315 1768; x_wconf 81' lang='grc' dir='ltr'>τὴν</span> <span class='ocrx_word' id='word_1_105' title='bbox 1345 1697 1624 1770; x_wconf 75' lang='grc' dir='ltr'>ἐνέργειαν</span> <span class='ocrx_word' id='word_1_106' title='bbox 1656 1700 1821 1755; x_wconf 85' lang='grc' dir='ltr'>αὑτοῦ</span> 
     </span>
    </p>
   </div>
   <div class='ocr_carea' id='block_1_15' title="bbox 255 1787 1822 1861">
    <p class='ocr_par' dir='ltr' id='par_1_15' title="bbox 255 1787 1822 1861">
     <span class='ocr_line' id='line_1_15' title="bbox 255 1787 1822 1861; baseline 0.008 -23"><span class='ocrx_word' id='word_1_107' title='bbox 255 1787 596 1859; x_wconf 76' lang='grc' dir='ltr'>παραδηλῶν.</span> <span class='ocrx_word' id='word_1_108' title='bbox 627 1788 837 1860; x_wconf 84' lang='grc' dir='ltr'>Ὥσπερ</span> <span class='ocrx_word' id='word_1_109' title='bbox 880 1789 989 1861; x_wconf 88' lang='grc' dir='ltr'>γὰρ</span> <span class='ocrx_word' id='word_1_110' title='bbox 1029 1790 1112 1843; x_wconf 89' lang='grc' dir='ltr'>σοί</span> <span class='ocrx_word' id='word_1_111' title='bbox 1148 1791 1209 1845; x_wconf 89' lang='lat' dir='ltr'>rb</span> <span class='ocrx_word' id='word_1_112' title='bbox 1252 1793 1428 1847; x_wconf 86' lang='grc' dir='ltr'>εἰπεῖν</span> <span class='ocrx_word' id='word_1_113' title='bbox 1455 1792 1695 1861; x_wconf 76' lang='grc' dir='ltr'>εὔκολον,</span> <span class='ocrx_word' id='word_1_114' title='bbox 1726 1799 1822 1852; x_wconf 76' lang='grc' dir='ltr'>καὶ</span> 
     </span>
    </p>
   </div>
   <div class='ocr_carea' id='block_1_16' title="bbox 252 1883 1822 1963">
    <p class='ocr_par' dir='ltr' id='par_1_16' title="bbox 252 1883 1822 1963">
     <span class='ocr_line' id='line_1_16' title="bbox 252 1883 1822 1963; baseline 0.008 -27"><span class='ocrx_word' id='word_1_115' title='bbox 252 1883 310 1937; x_wconf 87' lang='lat' dir='ltr'>rb</span> <span class='ocrx_word' id='word_1_116' title='bbox 337 1884 631 1955; x_wconf 82' lang='grc' dir='ltr'>προστάξαι</span> <span class='ocrx_word' id='word_1_117' title='bbox 669 1885 880 1956; x_wconf 77' lang='grc' dir='ltr'>ῥᾴδιονο</span> <span class='ocrx_word' id='word_1_118' title='bbox 915 1885 1059 1941; x_wconf 78' lang='grc' dir='ltr'>οὕτω</span> <span class='ocrx_word' id='word_1_119' title='bbox 1087 1887 1167 1959; x_wconf 84' lang='grc' dir='ltr'>τῷ</span> <span class='ocrx_word' id='word_1_120' title='bbox 1211 1888 1330 1961; x_wconf 79' lang='grc' dir='ltr'>θεῷ</span> <span class='ocrx_word' id='word_1_121' title='bbox 1373 1891 1434 1945; x_wconf 86' lang='grc' dir='ltr'>τὸ</span> <span class='ocrx_word' id='word_1_122' title='bbox 1472 1895 1695 1963; x_wconf 85' lang='grc' dir='ltr'>ποιῆσαι</span> <span class='ocrx_word' id='word_1_123' title='bbox 1722 1894 1822 1949; x_wconf 89' lang='grc' dir='ltr'>οὐκ</span> 
     </span>
    </p>
   </div>
   <div class='ocr_carea' id='block_1_17' title="bbox 250 1979 1820 2061">
    <p class='ocr_par' dir='ltr' id='par_1_17' title="bbox 250 1979 1820 2061">
     <span class='ocr_line' id='line_1_17' title="bbox 250 1979 1820 2061; baseline 0.006 -28"><span class='ocrx_word' id='word_1_124' title='bbox 250 1979 404 2045; x_wconf 75' lang='grc' dir='ltr'>ὄντα,</span> <span class='ocrx_word' id='word_1_125' title='bbox 460 1981 555 2033; x_wconf 82' lang='grc' dir='ltr'>καί</span> <span class='ocrx_word' id='word_1_126' title='bbox 609 1980 874 2052; x_wconf 88' lang='grc' dir='ltr'>γενόμενα</span> <span class='ocrx_word' id='word_1_127' title='bbox 923 1982 1319 2055; x_wconf 86' lang='grc' dir='ltr'>διακρατῆσαι·</span> <span class='ocrx_word' id='word_1_128' title='bbox 1372 1986 1571 2057; x_wconf 79' lang='grc' dir='ltr'>μᾶλλον</span> <span class='ocrx_word' id='word_1_129' title='bbox 1616 1989 1675 2042; x_wconf 90' lang='grc' dir='ltr'>δὲ</span> <span class='ocrx_word' id='word_1_130' title='bbox 1724 1991 1820 2061; x_wconf 86' lang='grc' dir='ltr'>οὐχ</span> 
     </span>
    </p>
   </div>
   <div class='ocr_carea' id='block_1_18' title="bbox 248 2074 1821 2156">
    <p class='ocr_par' dir='ltr' id='par_1_18' title="bbox 248 2074 1821 2156">
     <span class='ocr_line' id='line_1_18' title="bbox 248 2074 1821 2156; baseline 0.009 -27"><span class='ocrx_word' id='word_1_131' title='bbox 248 2074 437 2141; x_wconf 79' lang='grc' dir='ltr'>οὕτως,</span> <span class='ocrx_word' id='word_1_132' title='bbox 463 2077 598 2131; x_wconf 87' lang='grc' dir='ltr'>ἀλλά</span> <span class='ocrx_word' id='word_1_133' title='bbox 630 2077 724 2131; x_wconf 84' lang='grc' dir='ltr'>καί</span> <span class='ocrx_word' id='word_1_134' title='bbox 746 2077 926 2150; x_wconf 88' lang='grc' dir='ltr'>πολλῷ</span> <span class='ocrx_word' id='word_1_135' title='bbox 957 2079 1137 2133; x_wconf 82' lang='grc' dir='ltr'>πλέον.</span> <span class='ocrx_word' id='word_1_136' title='bbox 1169 2082 1302 2136; x_wconf 82' lang='grc' dir='ltr'>Οὐδὲ</span> <span class='ocrx_word' id='word_1_137' title='bbox 1333 2084 1442 2156; x_wconf 86' lang='grc' dir='ltr'>γὰρ</span> <span class='ocrx_word' id='word_1_138' title='bbox 1467 2084 1689 2140; x_wconf 81' lang='grc' dir='ltr'>δυνατὸν</span> <span class='ocrx_word' id='word_1_139' title='bbox 1714 2106 1821 2143; x_wconf 79' lang='grc' dir='ltr'>πα-</span> 
     </span>
    </p>
   </div>
   <div class='ocr_carea' id='block_1_19' title="bbox 253 2173 1818 2257">
    <p class='ocr_par' dir='ltr' id='par_1_19' title="bbox 253 2173 1818 2257">
     <span class='ocr_line' id='line_1_19' title="bbox 253 2173 1818 2257; baseline 0.01 -34"><span class='ocrx_word' id='word_1_140' title='bbox 253 2174 513 2244; x_wconf 81' lang='grc' dir='ltr'>ραστῆσαι</span> <span class='ocrx_word' id='word_1_141' title='bbox 536 2173 635 2243; x_wconf 81' lang='grc' dir='ltr'>τῆς</span> <span class='ocrx_word' id='word_1_142' title='bbox 665 2174 916 2239; x_wconf 83' lang='grc' dir='ltr'>εὐκολίας</span> <span class='ocrx_word' id='word_1_143' title='bbox 934 2176 1032 2247; x_wconf 84' lang='grc' dir='ltr'>τὴν</span> <span class='ocrx_word' id='word_1_144' title='bbox 1061 2177 1386 2250; x_wconf 75' lang='grc' dir='ltr'>ὑπερϐολὴν,</span> <span class='ocrx_word' id='word_1_145' title='bbox 1410 2181 1527 2252; x_wconf 84' lang='grc' dir='ltr'>μεθ’</span> <span class='ocrx_word' id='word_1_146' title='bbox 1546 2179 1615 2257; x_wconf 84' lang='grc' dir='ltr'>ἦς</span> <span class='ocrx_word' id='word_1_147' title='bbox 1646 2185 1818 2239; x_wconf 91' lang='grc' dir='ltr'>ταῦτα</span> 
     </span>
    </p>
   </div>
   <div class='ocr_carea' id='block_1_20' title="bbox 246 2267 1821 2353">
    <p class='ocr_par' dir='ltr' id='par_1_20' title="bbox 246 2267 1821 2353">
     <span class='ocr_line' id='line_1_20' title="bbox 246 2267 1821 2353; baseline 0.009 -32"><span class='ocrx_word' id='word_1_148' title='bbox 246 2267 487 2339; x_wconf 87' lang='grc' dir='ltr'>ἐποίησε.</span> <span class='ocrx_word' id='word_1_149' title='bbox 525 2269 636 2322; x_wconf 80' lang='lat' dir='ltr'>Kal</span> <span class='ocrx_word' id='word_1_150' title='bbox 680 2269 743 2323; x_wconf 89' lang='lat' dir='ltr'>rb</span> <span class='ocrx_word' id='word_1_151' title='bbox 778 2269 844 2342; x_wconf 85' lang='grc' dir='ltr'>δὴ</span> <span class='ocrx_word' id='word_1_152' title='bbox 882 2269 1228 2343; x_wconf 80' lang='grc' dir='ltr'>θαυμαστὸν,</span> <span class='ocrx_word' id='word_1_153' title='bbox 1274 2276 1369 2346; x_wconf 86' lang='grc' dir='ltr'>οὐχ</span> <span class='ocrx_word' id='word_1_154' title='bbox 1410 2278 1493 2331; x_wconf 82' lang='grc' dir='ltr'>ὅτι</span> <span class='ocrx_word' id='word_1_155' title='bbox 1538 2278 1821 2353; x_wconf 89' lang='grc' dir='ltr'>διακρατεί</span> 
     </span>
    </p>
   </div>
   <div class='ocr_carea' id='block_1_21' title="bbox 250 2364 1813 2446">
    <p class='ocr_par' dir='ltr' id='par_1_21' title="bbox 250 2364 1813 2446">
     <span class='ocr_line' id='line_1_21' title="bbox 250 2364 1813 2446; baseline 0.011 -32"><span class='ocrx_word' id='word_1_156' title='bbox 250 2364 426 2434; x_wconf 86' lang='grc' dir='ltr'>μόνον,</span> <span class='ocrx_word' id='word_1_157' title='bbox 448 2364 567 2418; x_wconf 83' lang='grc' dir='ltr'>οὐδὲ</span> <span class='ocrx_word' id='word_1_158' title='bbox 592 2365 675 2418; x_wconf 80' lang='grc' dir='ltr'>ὅτι</span> <span class='ocrx_word' id='word_1_159' title='bbox 699 2366 992 2437; x_wconf 79' lang='grc' dir='ltr'>ἑστήκασιν</span> <span class='ocrx_word' id='word_1_160' title='bbox 1031 2369 1278 2441; x_wconf 83' lang='grc' dir='ltr'>ἀκίνητοι</span> <span class='ocrx_word' id='word_1_161' title='bbox 1311 2374 1360 2424; x_wconf 88' lang='grc' dir='ltr'>οἱ</span> <span class='ocrx_word' id='word_1_162' title='bbox 1398 2374 1550 2445; x_wconf 91' lang='grc' dir='ltr'>νόμοι</span> <span class='ocrx_word' id='word_1_163' title='bbox 1580 2377 1676 2446; x_wconf 86' lang='grc' dir='ltr'>τῆς</span> <span class='ocrx_word' id='word_1_164' title='bbox 1717 2378 1813 2446; x_wconf 79' lang='grc' dir='ltr'>φύο</span> 
     </span>
    </p>
   </div>
   <div class='ocr_carea' id='block_1_22' title="bbox 247 2459 1816 2544">
    <p class='ocr_par' dir='ltr' id='par_1_22' title="bbox 247 2459 1816 2544">
     <span class='ocr_line' id='line_1_22' title="bbox 247 2459 1816 2544; baseline 0.011 -32"><span class='ocrx_word' id='word_1_165' title='bbox 247 2473 402 2526; x_wconf 80' lang='grc' dir='ltr'>σεως,</span> <span class='ocrx_word' id='word_1_166' title='bbox 432 2459 548 2514; x_wconf 84' lang='grc' dir='ltr'>ἀλλ’</span> <span class='ocrx_word' id='word_1_167' title='bbox 573 2461 657 2515; x_wconf 84' lang='grc' dir='ltr'>ὃτι</span> <span class='ocrx_word' id='word_1_168' title='bbox 695 2462 793 2516; x_wconf 78' lang='grc' dir='ltr'>καὶ</span> <span class='ocrx_word' id='word_1_169' title='bbox 820 2464 1011 2534; x_wconf 88' lang='grc' dir='ltr'>χρόνον</span> <span class='ocrx_word' id='word_1_170' title='bbox 1055 2465 1227 2531; x_wconf 78' lang='grc' dir='ltr'>οὕτως</span> <span class='ocrx_word' id='word_1_171' title='bbox 1248 2468 1492 2541; x_wconf 82' lang='grc' dir='ltr'>ἄπειρον.</span> <span class='ocrx_word' id='word_1_172' title='bbox 1536 2472 1816 2544; x_wconf 82' lang='grc' dir='ltr'>Ἐννόησον</span> 
     </span>
    </p>
   </div>
   <div class='ocr_carea' id='block_1_23' title="bbox 244 2555 1813 2638">
    <p class='ocr_par' dir='ltr' id='par_1_23' title="bbox 244 2555 1813 2638">
     <span class='ocr_line' id='line_1_23' title="bbox 244 2555 1813 2638; baseline 0.011 -30"><span class='ocrx_word' id='word_1_173' title='bbox 244 2555 371 2624; x_wconf 88' lang='grc' dir='ltr'>γοῦν</span> <span class='ocrx_word' id='word_1_174' title='bbox 398 2558 563 2623; x_wconf 88' lang='grc' dir='ltr'>πόσος</span> <span class='ocrx_word' id='word_1_175' title='bbox 606 2557 763 2624; x_wconf 88' lang='grc' dir='ltr'>αἰὼν,</span> <span class='ocrx_word' id='word_1_176' title='bbox 795 2561 891 2614; x_wconf 77' lang='grc' dir='ltr'>καὶ</span> <span class='ocrx_word' id='word_1_177' title='bbox 916 2561 1069 2616; x_wconf 86' lang='grc' dir='ltr'>οὐδὲν</span> <span class='ocrx_word' id='word_1_178' title='bbox 1099 2564 1364 2638; x_wconf 85' lang='grc' dir='ltr'>συνεχύθη</span> <span class='ocrx_word' id='word_1_179' title='bbox 1390 2568 1496 2621; x_wconf 87' lang='grc' dir='ltr'>τῶν</span> <span class='ocrx_word' id='word_1_180' title='bbox 1523 2568 1690 2625; x_wconf 83' lang='grc' dir='ltr'>όντων</span> <span class='ocrx_word' id='word_1_181' title='bbox 1710 2588 1723 2601; x_wconf 89' lang='grc'><strong>·</strong></span> <span class='ocrx_word' id='word_1_182' title='bbox 1754 2573 1813 2627; x_wconf 90' lang='grc' dir='ltr'>οὑ</span> 
     </span>
    </p>
   </div>
   <div class='ocr_carea' id='block_1_24' title="bbox 244 2650 1818 2739">
    <p class='ocr_par' dir='ltr' id='par_1_24' title="bbox 244 2650 1818 2739">
     <span class='ocr_line' id='line_1_24' title="bbox 244 2650 1818 2739; baseline 0.013 -36"><span class='ocrx_word' id='word_1_183' title='bbox 244 2650 478 2707; x_wconf 81' lang='grc' dir='ltr'>θάλαττα</span> <span class='ocrx_word' id='word_1_184' title='bbox 505 2653 605 2725; x_wconf 81' lang='grc' dir='ltr'>τὴν</span> <span class='ocrx_word' id='word_1_185' title='bbox 631 2657 737 2726; x_wconf 78' lang='grc' dir='ltr'>γῆν</span> <span class='ocrx_word' id='word_1_186' title='bbox 777 2655 1094 2726; x_wconf 77' lang='grc' dir='ltr'>ἐπέκλυσεν,</span> <span class='ocrx_word' id='word_1_187' title='bbox 1126 2660 1225 2732; x_wconf 82' lang='grc' dir='ltr'>οὐχ</span> <span class='ocrx_word' id='word_1_188' title='bbox 1253 2661 1404 2733; x_wconf 80' lang='grc' dir='ltr'>ἥλιος</span> <span class='ocrx_word' id='word_1_189' title='bbox 1437 2664 1553 2718; x_wconf 87' lang='grc' dir='ltr'>τόδε</span> <span class='ocrx_word' id='word_1_190' title='bbox 1591 2666 1654 2721; x_wconf 85' lang='grc' dir='ltr'>τὸ</span> <span class='ocrx_word' id='word_1_191' title='bbox 1679 2667 1818 2739; x_wconf 86' lang='grc' dir='ltr'>ὁρώ-</span> 
     </span>
    </p>
   </div>
   <div class='ocr_carea' id='block_1_25' title="bbox 245 2749 1815 2832">
    <p class='ocr_par' dir='ltr' id='par_1_25' title="bbox 245 2749 1815 2832">
     <span class='ocr_line' id='line_1_25' title="bbox 245 2749 1815 2832; baseline 0.011 -33"><span class='ocrx_word' id='word_1_192' title='bbox 245 2764 403 2816; x_wconf 88' lang='grc' dir='ltr'>μενον</span> <span class='ocrx_word' id='word_1_193' title='bbox 432 2749 791 2816; x_wconf 82' lang='grc' dir='ltr'>κατέκαυσεν,</span> <span class='ocrx_word' id='word_1_194' title='bbox 821 2752 922 2806; x_wconf 87' lang='grc' dir='ltr'>οὐκ</span> <span class='ocrx_word' id='word_1_195' title='bbox 947 2753 1173 2824; x_wconf 83' lang='grc' dir='ltr'>οὐρανὸς</span> <span class='ocrx_word' id='word_1_196' title='bbox 1204 2758 1608 2832; x_wconf 86' lang='grc' dir='ltr'>παρεσαλεύθη,</span> <span class='ocrx_word' id='word_1_197' title='bbox 1633 2762 1694 2815; x_wconf 92' lang='grc' dir='ltr'>οὑ</span> <span class='ocrx_word' id='word_1_198' title='bbox 1724 2781 1815 2817; x_wconf 84' lang='grc' dir='ltr'>νυ·-</span> 
     </span>
    </p>
   </div>
   <div class='ocr_carea' id='block_1_26' title="bbox 241 2843 1814 2932">
    <p class='ocr_par' dir='ltr' id='par_1_26' title="bbox 241 2843 1814 2932">
     <span class='ocr_line' id='line_1_26' title="bbox 241 2843 1814 2932; baseline 0.011 -36"><span class='ocrx_word' id='word_1_199' title='bbox 241 2843 386 2910; x_wconf 84' lang='grc' dir='ltr'>κτὺς,</span> <span class='ocrx_word' id='word_1_200' title='bbox 413 2845 533 2898; x_wconf 80' lang='grc' dir='ltr'>οὐδὲ</span> <span class='ocrx_word' id='word_1_201' title='bbox 559 2847 773 2919; x_wconf 86' lang='grc' dir='ltr'>ἡμέρας</span> <span class='ocrx_word' id='word_1_202' title='bbox 809 2849 926 2922; x_wconf 86' lang='grc' dir='ltr'>ὅροι</span> <span class='ocrx_word' id='word_1_203' title='bbox 960 2851 1349 2924; x_wconf 84' lang='grc' dir='ltr'>συνεχύθησαν,</span> <span class='ocrx_word' id='word_1_204' title='bbox 1379 2856 1477 2928; x_wconf 85' lang='grc' dir='ltr'>οὐχ</span> <span class='ocrx_word' id='word_1_205' title='bbox 1500 2857 1656 2931; x_wconf 79' lang='grc' dir='ltr'>ὡρῶν</span> <span class='ocrx_word' id='word_1_206' title='bbox 1692 2878 1814 2932; x_wconf 81' lang='grc' dir='ltr'>τρο-</span> 
     </span>
    </p>
   </div>
   <div class='ocr_carea' id='block_1_27' title="bbox 241 2940 1813 3011">
    <p class='ocr_par' dir='ltr' id='par_1_27' title="bbox 241 2940 1813 3011">
     <span class='ocr_line' id='line_1_27' title="bbox 241 2940 1813 3011; baseline 0.011 -18"><span class='ocrx_word' id='word_1_207' title='bbox 241 2940 358 3008; x_wconf 78' lang='grc' dir='ltr'>παὶ,</span> <span class='ocrx_word' id='word_1_208' title='bbox 386 2942 488 2996; x_wconf 89' lang='grc' dir='ltr'>οὐκ</span> <span class='ocrx_word' id='word_1_209' title='bbox 526 2941 655 2997; x_wconf 80' lang='grc' dir='ltr'>ἄλλο</span> <span class='ocrx_word' id='word_1_210' title='bbox 674 2943 786 2998; x_wconf 83' lang='grc' dir='ltr'>τῶν</span> <span class='ocrx_word' id='word_1_211' title='bbox 814 2945 1070 3003; x_wconf 85' lang='grc' dir='ltr'>τοιούτων</span> <span class='ocrx_word' id='word_1_212' title='bbox 1107 2950 1287 3005; x_wconf 88' lang='grc' dir='ltr'>οὐδέν·</span> <span class='ocrx_word' id='word_1_213' title='bbox 1319 2952 1431 3006; x_wconf 87' lang='grc' dir='ltr'>ἀλλ’</span> <span class='ocrx_word' id='word_1_214' title='bbox 1465 2954 1692 3010; x_wconf 78' lang='grc' dir='ltr'>ἕκαστον</span> <span class='ocrx_word' id='word_1_215' title='bbox 1719 2959 1813 3011; x_wconf 78' lang='grc' dir='ltr'>καὶ</span> 
     </span>
    </p>
   </div>
   <div class='ocr_carea' id='block_1_28' title="bbox 239 3038 1813 3124">
    <p class='ocr_par' dir='ltr' id='par_1_28' title="bbox 239 3038 1813 3124">
     <span class='ocr_line' id='line_1_28' title="bbox 239 3038 1813 3124; baseline 0.01 -33"><span class='ocrx_word' id='word_1_216' title='bbox 239 3038 346 3092; x_wconf 83' lang='grc' dir='ltr'>τῶν</span> <span class='ocrx_word' id='word_1_217' title='bbox 367 3038 517 3093; x_wconf 91' lang='grc' dir='ltr'>κάτω</span> <span class='ocrx_word' id='word_1_218' title='bbox 539 3042 635 3093; x_wconf 75' lang='grc' dir='ltr'>καὶ</span> <span class='ocrx_word' id='word_1_219' title='bbox 660 3041 771 3095; x_wconf 87' lang='grc' dir='ltr'>τῶν</span> <span class='ocrx_word' id='word_1_220' title='bbox 801 3041 912 3096; x_wconf 82' lang='grc' dir='ltr'>ἄνω</span> <span class='ocrx_word' id='word_1_221' title='bbox 944 3044 1081 3114; x_wconf 89' lang='grc' dir='ltr'>μετά</span> <span class='ocrx_word' id='word_1_222' title='bbox 1102 3046 1282 3119; x_wconf 84' lang='grc' dir='ltr'>πάσης</span> <span class='ocrx_word' id='word_1_223' title='bbox 1305 3049 1501 3120; x_wconf 74' lang='grc' dir='ltr'>ἕστηκε</span> <span class='ocrx_word' id='word_1_224' title='bbox 1529 3052 1626 3123; x_wconf 83' lang='grc' dir='ltr'>τῆς</span> <span class='ocrx_word' id='word_1_225' title='bbox 1654 3054 1813 3124; x_wconf 84' lang='grc' dir='ltr'>ἀκρι-</span> 
     </span>
    </p>
   </div>
   <div class='ocr_carea' id='block_1_29' title="bbox 240 3134 1809 3219">
    <p class='ocr_par' dir='ltr' id='par_1_29' title="bbox 240 3134 1809 3219">
     <span class='ocr_line' id='line_1_29' title="bbox 240 3134 1809 3219; baseline 0.01 -32"><span class='ocrx_word' id='word_1_226' title='bbox 240 3134 387 3199; x_wconf 78' lang='grc' dir='ltr'>ϐείας</span> <span class='ocrx_word' id='word_1_227' title='bbox 417 3134 544 3199; x_wconf 81' lang='grc' dir='ltr'>τοὺς</span> <span class='ocrx_word' id='word_1_228' title='bbox 570 3136 716 3204; x_wconf 76' lang='grc' dir='ltr'>ἅπαξ</span> <span class='ocrx_word' id='word_1_229' title='bbox 745 3137 1001 3203; x_wconf 88' lang='grc' dir='ltr'>τεθέντας</span> <span class='ocrx_word' id='word_1_230' title='bbox 1037 3141 1196 3211; x_wconf 86' lang='grc' dir='ltr'>ὄρους</span> <span class='ocrx_word' id='word_1_231' title='bbox 1230 3142 1288 3209; x_wconf 83' lang='grc' dir='ltr'>ἐξ</span> <span class='ocrx_word' id='word_1_232' title='bbox 1312 3144 1485 3216; x_wconf 80' lang='grc' dir='ltr'>ἀρχῆς</span> <span class='ocrx_word' id='word_1_233' title='bbox 1514 3147 1662 3219; x_wconf 85' lang='grc' dir='ltr'>αὑτῷ</span> <span class='ocrx_word' id='word_1_234' title='bbox 1693 3149 1809 3202; x_wconf 90' lang='grc' dir='ltr'>δια-</span> 
     </span>
    </p>
   </div>
   <div class='ocr_carea' id='block_1_30' title="bbox 239 3230 1810 3307">
    <p class='ocr_par' dir='ltr' id='par_1_30' title="bbox 239 3230 1810 3307">
     <span class='ocr_line' id='line_1_30' title="bbox 239 3230 1810 3307; baseline 0.011 -26"><span class='ocrx_word' id='word_1_235' title='bbox 239 3230 458 3303; x_wconf 78' lang='grc' dir='ltr'>τηροῦν.</span> <span class='ocrx_word' id='word_1_236' title='bbox 490 3230 675 3287; x_wconf 88' lang='grc' dir='ltr'>Εἰπὼν</span> <span class='ocrx_word' id='word_1_237' title='bbox 711 3231 888 3287; x_wconf 87' lang='grc' dir='ltr'>τοίνυν</span> <span class='ocrx_word' id='word_1_238' title='bbox 916 3235 1044 3307; x_wconf 74' lang='grc' dir='ltr'>περὶ</span> <span class='ocrx_word' id='word_1_239' title='bbox 1071 3236 1170 3306; x_wconf 83' lang='grc' dir='ltr'>τῆς</span> <span class='ocrx_word' id='word_1_240' title='bbox 1193 3237 1304 3291; x_wconf 81' lang='grc' dir='ltr'>ἀνω</span> <span class='ocrx_word' id='word_1_241' title='bbox 1327 3241 1558 3306; x_wconf 83' lang='grc' dir='ltr'>κτίσεως</span> <span class='ocrx_word' id='word_1_242' title='bbox 1589 3245 1810 3299; x_wconf 78' lang='grc' dir='ltr'>καὶτῶν</span> 
     </span>
    </p>
   </div>
   <div class='ocr_carea' id='block_1_31' title="bbox 240 3327 1809 3411">
    <p class='ocr_par' dir='ltr' id='par_1_31' title="bbox 240 3327 1809 3411">
     <span class='ocr_line' id='line_1_31' title="bbox 240 3327 1809 3411; baseline 0.01 -31"><span class='ocrx_word' id='word_1_243' title='bbox 240 3328 358 3380; x_wconf 78' lang='grc' dir='ltr'>κατ’</span> <span class='ocrx_word' id='word_1_244' title='bbox 377 3327 626 3396; x_wconf 85' lang='grc' dir='ltr'>οὐρανὸν,</span> <span class='ocrx_word' id='word_1_245' title='bbox 640 3327 882 3382; x_wconf 85' lang='grc' dir='ltr'>κάτεισιν</span> <span class='ocrx_word' id='word_1_246' title='bbox 904 3331 997 3384; x_wconf 78' lang='grc' dir='ltr'>ἐπὶ</span> <span class='ocrx_word' id='word_1_247' title='bbox 1018 3332 1118 3403; x_wconf 82' lang='grc' dir='ltr'>τὴν</span> <span class='ocrx_word' id='word_1_248' title='bbox 1137 3332 1261 3402; x_wconf 82' lang='grc' dir='ltr'>γῆν.</span> <span class='ocrx_word' id='word_1_249' title='bbox 1281 3334 1456 3408; x_wconf 85' lang='grc' dir='ltr'>Ὅπερ</span> <span class='ocrx_word' id='word_1_250' title='bbox 1475 3338 1531 3391; x_wconf 82' lang='grc' dir='ltr'>δὲ</span> <span class='ocrx_word' id='word_1_251' title='bbox 1555 3341 1809 3411; x_wconf 86' lang='grc' dir='ltr'>ἐποίησεν</span> 
     </span>
    </p>
   </div>
   <div class='ocr_carea' id='block_1_32' title="bbox 238 3421 1807 3507">
    <p class='ocr_par' dir='ltr' id='par_1_32' title="bbox 238 3421 1807 3507">
     <span class='ocr_line' id='line_1_32' title="bbox 238 3421 1807 3507; baseline 0.01 -32"><span class='ocrx_word' id='word_1_252' title='bbox 238 3423 328 3476; x_wconf 87' lang='grc' dir='ltr'>ἐπί</span> <span class='ocrx_word' id='word_1_253' title='bbox 351 3421 459 3476; x_wconf 86' lang='grc' dir='ltr'>τῶν</span> <span class='ocrx_word' id='word_1_254' title='bbox 487 3423 619 3491; x_wconf 84' lang='grc' dir='ltr'>ἄνω,</span> <span class='ocrx_word' id='word_1_255' title='bbox 647 3423 951 3495; x_wconf 77' lang='grc' dir='ltr'>ἀρξάμενος</span> <span class='ocrx_word' id='word_1_256' title='bbox 978 3427 1077 3497; x_wconf 86' lang='grc' dir='ltr'>μὲν</span> <span class='ocrx_word' id='word_1_257' title='bbox 1109 3428 1218 3482; x_wconf 87' lang='grc' dir='ltr'>ἀπὸ</span> <span class='ocrx_word' id='word_1_258' title='bbox 1246 3429 1354 3484; x_wconf 83' lang='grc' dir='ltr'>τῶν</span> <span class='ocrx_word' id='word_1_259' title='bbox 1380 3432 1807 3507; x_wconf 88' lang='grc' dir='ltr'>ὑπερουρανίων,</span> 
     </span>
    </p>
   </div>
   <div class='ocr_carea' id='block_1_33' title="bbox 237 3516 1811 3597">
    <p class='ocr_par' dir='ltr' id='par_1_33' title="bbox 237 3516 1811 3597">
     <span class='ocr_line' id='line_1_33' title="bbox 237 3516 1811 3597; baseline 0.011 -26"><span class='ocrx_word' id='word_1_260' title='bbox 237 3516 479 3581; x_wconf 84' lang='grc' dir='ltr'>καταϐάς</span> <span class='ocrx_word' id='word_1_261' title='bbox 506 3518 565 3572; x_wconf 87' lang='grc' dir='ltr'>δέ</span> <span class='ocrx_word' id='word_1_262' title='bbox 595 3521 675 3583; x_wconf 84' lang='grc' dir='ltr'>είς</span> <span class='ocrx_word' id='word_1_263' title='bbox 705 3519 774 3573; x_wconf 86' lang='grc' dir='ltr'>τά</span> <span class='ocrx_word' id='word_1_264' title='bbox 801 3520 1048 3592; x_wconf 85' lang='grc' dir='ltr'>οὐράνια,</span> <span class='ocrx_word' id='word_1_265' title='bbox 1085 3522 1235 3597; x_wconf 75' lang='grc'>[492]</span> <span class='ocrx_word' id='word_1_266' title='bbox 1270 3525 1428 3581; x_wconf 81' lang='grc' dir='ltr'>τοῦτο</span> <span class='ocrx_word' id='word_1_267' title='bbox 1454 3533 1548 3584; x_wconf 84' lang='grc' dir='ltr'>καί</span> <span class='ocrx_word' id='word_1_268' title='bbox 1575 3533 1811 3588; x_wconf 82' lang='grc' dir='ltr'>ἐνταῦθα</span> 
     </span>
    </p>
   </div>
   <div class='ocr_carea' id='block_1_34' title="bbox 236 3615 1805 3702">
    <p class='ocr_par' dir='ltr' id='par_1_34' title="bbox 236 3615 1805 3702">
     <span class='ocr_line' id='line_1_34' title="bbox 236 3615 1805 3702; baseline 0.013 -35"><span class='ocrx_word' id='word_1_269' title='bbox 236 3616 379 3667; x_wconf 85' lang='grc' dir='ltr'>ποιεῖ</span> <span class='ocrx_word' id='word_1_270' title='bbox 426 3615 536 3669; x_wconf 83' lang='grc' dir='ltr'>ἀπὸ</span> <span class='ocrx_word' id='word_1_271' title='bbox 577 3615 685 3670; x_wconf 83' lang='grc' dir='ltr'>τῶν</span> <span class='ocrx_word' id='word_1_272' title='bbox 731 3618 994 3690; x_wconf 85' lang='grc' dir='ltr'>οὐρανίων</span> <span class='ocrx_word' id='word_1_273' title='bbox 1041 3624 1134 3675; x_wconf 80' lang='grc' dir='ltr'>ἐπὶ</span> <span class='ocrx_word' id='word_1_274' title='bbox 1176 3624 1273 3696; x_wconf 79' lang='grc' dir='ltr'>τὴν</span> <span class='ocrx_word' id='word_1_275' title='bbox 1322 3628 1424 3697; x_wconf 80' lang='grc' dir='ltr'>γῆν</span> <span class='ocrx_word' id='word_1_276' title='bbox 1463 3632 1805 3702; x_wconf 83' lang='grc' dir='ltr'>μεταπηδῶν.</span> 
     </span>
    </p>
   </div>
   <div class='ocr_carea' id='block_1_35' title="bbox 248 3711 1809 3798">
    <p class='ocr_par' dir='ltr' id='par_1_35' title="bbox 248 3711 1809 3798">
     <span class='ocr_line' id='line_1_35' title="bbox 248 3711 1809 3798; baseline 0.013 -36"><span class='ocrx_word' id='word_1_277' title='bbox 248 3711 465 3782; x_wconf 81' lang='grc' dir='ltr'>Ἐπειδὴ</span> <span class='ocrx_word' id='word_1_278' title='bbox 493 3712 600 3782; x_wconf 90' lang='grc' dir='ltr'>γάρ</span> <span class='ocrx_word' id='word_1_279' title='bbox 624 3712 767 3777; x_wconf 85' lang='grc' dir='ltr'>τινές</span> <span class='ocrx_word' id='word_1_280' title='bbox 796 3715 902 3767; x_wconf 85' lang='grc' dir='ltr'>εἰσι</span> <span class='ocrx_word' id='word_1_281' title='bbox 931 3715 1179 3784; x_wconf 88' lang='grc' dir='ltr'>λέγοντες</span> <span class='ocrx_word' id='word_1_282' title='bbox 1208 3721 1277 3774; x_wconf 85' lang='grc' dir='ltr'>τά</span> <span class='ocrx_word' id='word_1_283' title='bbox 1312 3723 1409 3793; x_wconf 84' lang='grc' dir='ltr'>μὲν</span> <span class='ocrx_word' id='word_1_284' title='bbox 1439 3728 1555 3778; x_wconf 82' lang='grc' dir='ltr'>κατ’</span> <span class='ocrx_word' id='word_1_285' title='bbox 1584 3727 1809 3798; x_wconf 75' lang='grc' dir='ltr'>οὐρανὸν</span> 
     </span>
    </p>
   </div>
   <div class='ocr_carea' id='block_1_36' title="bbox 235 3808 1808 3896">
    <p class='ocr_par' dir='ltr' id='par_1_36' title="bbox 235 3808 1808 3896">
     <span class='ocr_line' id='line_1_36' title="bbox 235 3808 1808 3896; baseline 0.012 -37"><span class='ocrx_word' id='word_1_286' title='bbox 235 3808 333 3878; x_wconf 83' lang='grc' dir='ltr'>τῆς</span> <span class='ocrx_word' id='word_1_287' title='bbox 364 3809 459 3862; x_wconf 86' lang='grc' dir='ltr'>τοῦ</span> <span class='ocrx_word' id='word_1_288' title='bbox 486 3809 619 3862; x_wconf 86' lang='grc' dir='ltr'>Θεοῦ</span> <span class='ocrx_word' id='word_1_289' title='bbox 647 3811 1006 3882; x_wconf 79' lang='grc' dir='ltr'>δημιουργίας</span> <span class='ocrx_word' id='word_1_290' title='bbox 1030 3814 1155 3880; x_wconf 79' lang='grc' dir='ltr'>ἄξια</span> <span class='ocrx_word' id='word_1_291' title='bbox 1183 3813 1343 3883; x_wconf 82' lang='grc' dir='ltr'>εἶναι,</span> <span class='ocrx_word' id='word_1_292' title='bbox 1371 3820 1479 3874; x_wconf 84' lang='grc' dir='ltr'>τῶν</span> <span class='ocrx_word' id='word_1_293' title='bbox 1502 3822 1559 3875; x_wconf 82' lang='grc' dir='ltr'>δὲ</span> <span class='ocrx_word' id='word_1_294' title='bbox 1583 3825 1675 3876; x_wconf 80' lang='grc' dir='ltr'>ἐπὶ</span> <span class='ocrx_word' id='word_1_295' title='bbox 1705 3826 1808 3896; x_wconf 80' lang='grc' dir='ltr'>γῆς</span> 
     </span>
    </p>
   </div>
   <div class='ocr_carea' id='block_1_37' title="bbox 236 3903 1808 3988">
    <p class='ocr_par' dir='ltr' id='par_1_37' title="bbox 236 3903 1808 3988">
     <span class='ocr_line' id='line_1_37' title="bbox 236 3903 1808 3988; baseline 0.013 -33"><span class='ocrx_word' id='word_1_296' title='bbox 236 3903 718 3975; x_wconf 79' lang='grc' dir='ltr'>ἐπιλαμϐάνονται,</span> <span class='ocrx_word' id='word_1_297' title='bbox 744 3906 834 3960; x_wconf 89' lang='grc' dir='ltr'>διά</span> <span class='ocrx_word' id='word_1_298' title='bbox 860 3908 921 3960; x_wconf 77' lang='grc' dir='ltr'>τὸ</span> <span class='ocrx_word' id='word_1_299' title='bbox 956 3911 1015 3962; x_wconf 89' lang='grc' dir='ltr'>ἐν</span> <span class='ocrx_word' id='word_1_300' title='bbox 1056 3912 1193 3983; x_wconf 83' lang='grc' dir='ltr'>αὐτῇ</span> <span class='ocrx_word' id='word_1_301' title='bbox 1218 3911 1357 3967; x_wconf 77' lang='grc' dir='ltr'>εἶναι</span> <span class='ocrx_word' id='word_1_302' title='bbox 1397 3919 1689 3988; x_wconf 86' lang='grc' dir='ltr'>σκορπίους</span> <span class='ocrx_word' id='word_1_303' title='bbox 1719 3920 1808 3974; x_wconf 85' lang='grc' dir='ltr'>λέ-</span> 
     </span>
    </p>
   </div>
   <div class='ocr_carea' id='block_1_38' title="bbox 239 4000 1808 4087">
    <p class='ocr_par' dir='ltr' id='par_1_38' title="bbox 239 4000 1808 4087">
     <span class='ocr_line' id='line_1_38' title="bbox 239 4000 1808 4087; baseline 0.012 -35"><span class='ocrx_word' id='word_1_304' title='bbox 239 4016 448 4068; x_wconf 88' lang='grc' dir='ltr'>γοντες,</span> <span class='ocrx_word' id='word_1_305' title='bbox 488 4000 651 4072; x_wconf 77' lang='grc' dir='ltr'>ἔχεις,</span> <span class='ocrx_word' id='word_1_306' title='bbox 681 4002 998 4073; x_wconf 88' lang='grc' dir='ltr'>δράκοντας,</span> <span class='ocrx_word' id='word_1_307' title='bbox 1030 4008 1123 4060; x_wconf 78' lang='grc' dir='ltr'>καί</span> <span class='ocrx_word' id='word_1_308' title='bbox 1164 4009 1225 4061; x_wconf 98' lang='lat' dir='ltr'>rb</span> <span class='ocrx_word' id='word_1_309' title='bbox 1262 4010 1444 4065; x_wconf 81' lang='grc' dir='ltr'>λοιπὸν</span> <span class='ocrx_word' id='word_1_310' title='bbox 1472 4013 1578 4067; x_wconf 83' lang='grc' dir='ltr'>τῶν</span> <span class='ocrx_word' id='word_1_311' title='bbox 1606 4014 1808 4087; x_wconf 88' lang='grc' dir='ltr'>θηρίων</span> 
     </span>
    </p>
   </div>
   <div class='ocr_carea' id='block_1_39' title="bbox 237 4096 1808 4180">
    <p class='ocr_par' dir='ltr' id='par_1_39' title="bbox 237 4096 1808 4180">
     <span class='ocr_line' id='line_1_39' title="bbox 237 4096 1808 4180; baseline 0.012 -32"><span class='ocrx_word' id='word_1_312' title='bbox 237 4096 411 4163; x_wconf 82' lang='grc' dir='ltr'>γένος,</span> <span class='ocrx_word' id='word_1_313' title='bbox 452 4099 546 4150; x_wconf 80' lang='grc' dir='ltr'>καὶ</span> <span class='ocrx_word' id='word_1_314' title='bbox 587 4097 659 4151; x_wconf 88' lang='grc' dir='ltr'>τά</span> <span class='ocrx_word' id='word_1_315' title='bbox 693 4098 915 4170; x_wconf 86' lang='grc' dir='ltr'>ἄκαρπα</span> <span class='ocrx_word' id='word_1_316' title='bbox 955 4100 1066 4155; x_wconf 84' lang='grc' dir='ltr'>τῶν</span> <span class='ocrx_word' id='word_1_317' title='bbox 1105 4102 1368 4175; x_wconf 83' lang='grc' dir='ltr'>δένδρων,</span> <span class='ocrx_word' id='word_1_318' title='bbox 1403 4109 1538 4180; x_wconf 85' lang='grc' dir='ltr'>πρὸς</span> <span class='ocrx_word' id='word_1_319' title='bbox 1584 4113 1808 4178; x_wconf 87' lang='grc' dir='ltr'>τούτους</span> 
     </span>
    </p>
   </div>
   <div class='ocr_carea' id='block_1_40' title="bbox 237 4188 1807 4279">
    <p class='ocr_par' dir='ltr' id='par_1_40' title="bbox 237 4188 1807 4279">
     <span class='ocr_line' id='line_1_40' title="bbox 237 4188 1807 4279; baseline 0.01 -34"><span class='ocrx_word' id='word_1_320' title='bbox 237 4188 427 4262; x_wconf 84' lang='grc' dir='ltr'>ὥσπερ</span> <span class='ocrx_word' id='word_1_321' title='bbox 471 4191 945 4265; x_wconf 74' lang='grc' dir='ltr'>ἀπολογούμενος,</span> <span class='ocrx_word' id='word_1_322' title='bbox 982 4198 1183 4269; x_wconf 78' lang='grc' dir='ltr'>ἑτέρως</span> <span class='ocrx_word' id='word_1_323' title='bbox 1234 4201 1397 4254; x_wconf 87' lang='grc' dir='ltr'>πάλιν</span> <span class='ocrx_word' id='word_1_324' title='bbox 1445 4208 1807 4279; x_wconf 78' lang='grc' dir='ltr'>μεταχειρίζει</span> 
     </span>
    </p>
   </div>
   <div class='ocr_carea' id='block_1_41' title="bbox 234 4287 1809 4372">
    <p class='ocr_par' dir='ltr' id='par_1_41' title="bbox 234 4287 1809 4372">
     <span class='ocr_line' id='line_1_41' title="bbox 234 4287 1809 4372; baseline 0.012 -31"><span class='ocrx_word' id='word_1_325' title='bbox 234 4288 327 4341; x_wconf 82' lang='grc' dir='ltr'>τὸν</span> <span class='ocrx_word' id='word_1_326' title='bbox 356 4287 536 4357; x_wconf 85' lang='grc' dir='ltr'>λόγον.</span> <span class='ocrx_word' id='word_1_327' title='bbox 570 4291 680 4344; x_wconf 79' lang='grc' dir='ltr'>Καὶ</span> <span class='ocrx_word' id='word_1_328' title='bbox 711 4292 811 4363; x_wconf 89' lang='grc' dir='ltr'>ὂρα</span> <span class='ocrx_word' id='word_1_329' title='bbox 843 4292 895 4344; x_wconf 91' lang='grc' dir='ltr'>τί</span> <span class='ocrx_word' id='word_1_330' title='bbox 930 4297 1102 4347; x_wconf 85' lang='grc' dir='ltr'>ποιεῖ·</span> <span class='ocrx_word' id='word_1_331' title='bbox 1136 4297 1214 4350; x_wconf 71' lang='lat' dir='ltr'>Tal</span> <span class='ocrx_word' id='word_1_332' title='bbox 1240 4298 1629 4372; x_wconf 77' lang='grc' dir='ltr'>ὡμολογημένα</span> <span class='ocrx_word' id='word_1_333' title='bbox 1671 4307 1809 4361; x_wconf 78' lang='grc' dir='ltr'>καλά</span> 
     </span>
    </p>
   </div>
   <div class='ocr_carea' id='block_1_42' title="bbox 235 4385 1808 4473">
    <p class='ocr_par' dir='ltr' id='par_1_42' title="bbox 235 4385 1808 4473">
     <span class='ocr_line' id='line_1_42' title="bbox 235 4385 1808 4473; baseline 0.013 -36"><span class='ocrx_word' id='word_1_334' title='bbox 235 4385 418 4453; x_wconf 76' lang='grc' dir='ltr'>ἀφεὶς,</span> <span class='ocrx_word' id='word_1_335' title='bbox 440 4385 690 4457; x_wconf 79' lang='grc' dir='ltr'>πρόόατα</span> <span class='ocrx_word' id='word_1_336' title='bbox 716 4390 812 4443; x_wconf 74' lang='grc' dir='ltr'>καὶ</span> <span class='ocrx_word' id='word_1_337' title='bbox 842 4390 989 4459; x_wconf 82' lang='grc' dir='ltr'>βόας,</span> <span class='ocrx_word' id='word_1_338' title='bbox 1008 4386 1084 4446; x_wconf 83' lang='grc' dir='ltr'>ὧν</span> <span class='ocrx_word' id='word_1_339' title='bbox 1112 4394 1205 4447; x_wconf 77' lang='grc' dir='ltr'>καὶ</span> <span class='ocrx_word' id='word_1_340' title='bbox 1237 4397 1269 4466; x_wconf 91' lang='grc' dir='ltr'>ή</span> <span class='ocrx_word' id='word_1_341' title='bbox 1300 4399 1463 4468; x_wconf 84' lang='grc' dir='ltr'>πεῖρα</span> <span class='ocrx_word' id='word_1_342' title='bbox 1489 4401 1588 4471; x_wconf 82' lang='grc' dir='ltr'>τὴν</span> <span class='ocrx_word' id='word_1_343' title='bbox 1622 4405 1808 4473; x_wconf 82' lang='grc' dir='ltr'>χρείαν</span> 
     </span>
    </p>
   </div>
   <div class='ocr_carea' id='block_1_43' title="bbox 231 4479 1809 4569">
    <p class='ocr_par' dir='ltr' id='par_1_43' title="bbox 231 4479 1809 4569">
     <span class='ocr_line' id='line_1_43' title="bbox 231 4479 1809 4569; baseline 0.015 -38"><span class='ocrx_word' id='word_1_344' title='bbox 231 4479 524 4547; x_wconf 87' lang='grc' dir='ltr'>δείκνυσιν,</span> <span class='ocrx_word' id='word_1_345' title='bbox 562 4483 736 4549; x_wconf 74' lang='grc' dir='ltr'>ὅνους,</span> <span class='ocrx_word' id='word_1_346' title='bbox 776 4488 1077 4559; x_wconf 83' lang='grc' dir='ltr'>καμήλους,</span> <span class='ocrx_word' id='word_1_347' title='bbox 1114 4492 1208 4544; x_wconf 89' lang='grc' dir='ltr'>καί</span> <span class='ocrx_word' id='word_1_348' title='bbox 1245 4493 1344 4547; x_wconf 86' lang='grc' dir='ltr'>ὅσα</span> <span class='ocrx_word' id='word_1_349' title='bbox 1390 4495 1526 4566; x_wconf 81' lang='grc' dir='ltr'>πρὸς</span> <span class='ocrx_word' id='word_1_350' title='bbox 1562 4498 1660 4569; x_wconf 82' lang='grc' dir='ltr'>τὴν</span> <span class='ocrx_word' id='word_1_351' title='bbox 1701 4501 1809 4555; x_wconf 83' lang='grc' dir='ltr'>τῶν</span> 
     </span>
    </p>
   </div>
   <div class='ocr_carea' id='block_1_44' title="bbox 232 4576 1808 4661">
    <p class='ocr_par' dir='ltr' id='par_1_44' title="bbox 232 4576 1808 4661">
     <span class='ocr_line' id='line_1_44' title="bbox 232 4576 1808 4661; baseline 0.015 -33"><span class='ocrx_word' id='word_1_352' title='bbox 232 4576 532 4648; x_wconf 78' lang='grc' dir='ltr'>ἀγωγίμων</span> <span class='ocrx_word' id='word_1_353' title='bbox 570 4576 701 4651; x_wconf 85' lang='grc' dir='ltr'>ήμῖν</span> <span class='ocrx_word' id='word_1_354' title='bbox 746 4584 1108 4655; x_wconf 80' lang='grc' dir='ltr'>μετακομιδήν</span> <span class='ocrx_word' id='word_1_355' title='bbox 1137 4589 1417 4661; x_wconf 86' lang='grc' dir='ltr'>ἐπιτήδεια</span> <span class='ocrx_word' id='word_1_356' title='bbox 1437 4633 1450 4656; x_wconf 90' lang='grc'>,</span> <span class='ocrx_word' id='word_1_357' title='bbox 1491 4596 1552 4647; x_wconf 86' lang='grc' dir='ltr'>ὲν</span> <span class='ocrx_word' id='word_1_358' title='bbox 1584 4600 1695 4660; x_wconf 83' lang='grc' dir='ltr'>τοῖς</span> <span class='ocrx_word' id='word_1_359' title='bbox 1726 4598 1808 4651; x_wconf 86' lang='grc' dir='ltr'>δο-</span> 
     </span>
    </p>
   </div>
   <div class='ocr_carea' id='block_1_45' title="bbox 232 4665 1810 4756">
    <p class='ocr_par' dir='ltr' id='par_1_45' title="bbox 232 4665 1810 4756">
     <span class='ocr_line' id='line_1_45' title="bbox 232 4665 1810 4756; baseline 0.015 -36"><span class='ocrx_word' id='word_1_360' title='bbox 232 4665 420 4721; x_wconf 85' lang='grc' dir='ltr'>κοῦσιν</span> <span class='ocrx_word' id='word_1_361' title='bbox 440 4668 735 4741; x_wconf 83' lang='grc' dir='ltr'>ἀχρήστοις</span> <span class='ocrx_word' id='word_1_362' title='bbox 761 4668 898 4727; x_wconf 81' lang='grc' dir='ltr'>εῖναι</span> <span class='ocrx_word' id='word_1_363' title='bbox 925 4677 1175 4746; x_wconf 83' lang='grc' dir='ltr'>περιάγει</span> <span class='ocrx_word' id='word_1_364' title='bbox 1198 4680 1289 4732; x_wconf 80' lang='grc' dir='ltr'>τὸν</span> <span class='ocrx_word' id='word_1_365' title='bbox 1318 4682 1491 4752; x_wconf 87' lang='grc' dir='ltr'>λόγον,</span> <span class='ocrx_word' id='word_1_366' title='bbox 1512 4685 1810 4756; x_wconf 85' lang='grc' dir='ltr'>δράκοντας</span> 
     </span>
    </p>
   </div>
   <div class='ocr_carea' id='block_1_46' title="bbox 231 4760 1808 4855">
    <p class='ocr_par' dir='ltr' id='par_1_46' title="bbox 231 4760 1808 4855">
     <span class='ocr_line' id='line_1_46' title="bbox 231 4760 1808 4855; baseline 0.018 -44"><span class='ocrx_word' id='word_1_367' title='bbox 231 4762 314 4824; x_wconf 79' lang='grc' dir='ltr'>εἰς</span> <span class='ocrx_word' id='word_1_368' title='bbox 341 4760 508 4831; x_wconf 80' lang='grc' dir='ltr'>μέσον</span> <span class='ocrx_word' id='word_1_369' title='bbox 538 4763 708 4832; x_wconf 81' lang='grc' dir='ltr'>ἄγων,</span> <span class='ocrx_word' id='word_1_370' title='bbox 747 4768 841 4820; x_wconf 83' lang='grc' dir='ltr'>καί</span> <span class='ocrx_word' id='word_1_371' title='bbox 869 4769 930 4822; x_wconf 87' lang='lat' dir='ltr'>rb</span> <span class='ocrx_word' id='word_1_372' title='bbox 962 4771 1206 4825; x_wconf 77' lang='grc' dir='ltr'>ἄπλωτον</span> <span class='ocrx_word' id='word_1_373' title='bbox 1231 4775 1258 4814; x_wconf 76' lang='lat' dir='ltr'>b</span> <span class='ocrx_word' id='word_1_374' title='bbox 1291 4774 1384 4828; x_wconf 87' lang='grc' dir='ltr'>τοῦ</span> <span class='ocrx_word' id='word_1_375' title='bbox 1419 4778 1684 4850; x_wconf 83' lang='grc' dir='ltr'>πελάγους</span> <span class='ocrx_word' id='word_1_376' title='bbox 1713 4786 1808 4855; x_wconf 87' lang='grc' dir='ltr'>μέ-</span> 
     </span>
    </p>
   </div>
   <div class='ocr_carea' id='block_1_47' title="bbox 233 4853 1809 4943">
    <p class='ocr_par' dir='ltr' id='par_1_47' title="bbox 233 4853 1809 4943">
     <span class='ocr_line' id='line_1_47' title="bbox 233 4853 1809 4943; baseline 0.015 -40"><span class='ocrx_word' id='word_1_377' title='bbox 233 4868 350 4922; x_wconf 82' lang='grc' dir='ltr'>ρος,</span> <span class='ocrx_word' id='word_1_378' title='bbox 380 4853 476 4906; x_wconf 83' lang='grc' dir='ltr'>καί</span> <span class='ocrx_word' id='word_1_379' title='bbox 500 4854 569 4908; x_wconf 87' lang='grc' dir='ltr'>τά</span> <span class='ocrx_word' id='word_1_380' title='bbox 599 4854 858 4911; x_wconf 88' lang='grc' dir='ltr'>δοκοῦντα</span> <span class='ocrx_word' id='word_1_381' title='bbox 886 4858 1092 4923; x_wconf 83' lang='grc' dir='ltr'>λυπεῖν,</span> <span class='ocrx_word' id='word_1_382' title='bbox 1123 4858 1234 4916; x_wconf 78' lang='grc' dir='ltr'>οἷον</span> <span class='ocrx_word' id='word_1_383' title='bbox 1263 4866 1323 4918; x_wconf 84' lang='grc' dir='ltr'>τὸ</span> <span class='ocrx_word' id='word_1_384' title='bbox 1354 4867 1482 4937; x_wconf 90' lang='grc' dir='ltr'>πῦρ,</span> <span class='ocrx_word' id='word_1_385' title='bbox 1516 4870 1614 4942; x_wconf 83' lang='grc' dir='ltr'>τὴν</span> <span class='ocrx_word' id='word_1_386' title='bbox 1644 4853 1809 4943; x_wconf 85' lang='grc' dir='ltr'>χάλα-</span> 
     </span>
    </p>
   </div>
   <div class='ocr_carea' id='block_1_48' title="bbox 229 4947 1809 5035">
    <p class='ocr_par' dir='ltr' id='par_1_48' title="bbox 229 4947 1809 5035">
     <span class='ocr_line' id='line_1_48' title="bbox 229 4947 1809 5035; baseline 0.015 -34"><span class='ocrx_word' id='word_1_387' title='bbox 229 4947 354 5014; x_wconf 77' lang='grc' dir='ltr'>ζαν,</span> <span class='ocrx_word' id='word_1_388' title='bbox 380 4950 481 5020; x_wconf 82' lang='grc' dir='ltr'>τὴν</span> <span class='ocrx_word' id='word_1_389' title='bbox 507 4949 681 5020; x_wconf 88' lang='grc' dir='ltr'>χιόνα,</span> <span class='ocrx_word' id='word_1_390' title='bbox 711 4951 802 5005; x_wconf 81' lang='grc' dir='ltr'>τὸν</span> <span class='ocrx_word' id='word_1_391' title='bbox 826 4953 1157 5023; x_wconf 87' lang='grc' dir='ltr'>κρύσταλλον</span> <span class='ocrx_word' id='word_1_392' title='bbox 1178 4974 1194 4989; x_wconf 78' lang='grc' dir='ltr'><strong><em>ο</em></strong></span> <span class='ocrx_word' id='word_1_393' title='bbox 1219 4954 1340 5014; x_wconf 83' lang='grc' dir='ltr'>εἶτα</span> <span class='ocrx_word' id='word_1_394' title='bbox 1361 4963 1429 5015; x_wconf 81' lang='grc' dir='ltr'>τά</span> <span class='ocrx_word' id='word_1_395' title='bbox 1451 4964 1675 5035; x_wconf 83' lang='grc' dir='ltr'>ἄκαρπα</span> <span class='ocrx_word' id='word_1_396' title='bbox 1700 4970 1809 5023; x_wconf 86' lang='grc' dir='ltr'>τῶν</span> 
     </span>
    </p>
   </div>
   <div class='ocr_carea' id='block_1_49' title="bbox 224 5040 1809 5127">
    <p class='ocr_par' dir='ltr' id='par_1_49' title="bbox 224 5040 1809 5127">
     <span class='ocr_line' id='line_1_49' title="bbox 224 5040 1809 5127; baseline 0.015 -33"><span class='ocrx_word' id='word_1_397' title='bbox 224 5040 485 5112; x_wconf 84' lang='grc' dir='ltr'>δένδρων,</span> <span class='ocrx_word' id='word_1_398' title='bbox 513 5043 582 5095; x_wconf 87' lang='grc' dir='ltr'>τὰ</span> <span class='ocrx_word' id='word_1_399' title='bbox 607 5041 707 5114; x_wconf 75' lang='grc' dir='ltr'>ὅρη</span> <span class='ocrx_word' id='word_1_400' title='bbox 727 5060 742 5075; x_wconf 78' lang='grc' dir='ltr'><strong><em>ο</em></strong></span> <span class='ocrx_word' id='word_1_401' title='bbox 769 5046 863 5098; x_wconf 78' lang='grc' dir='ltr'>καί</span> <span class='ocrx_word' id='word_1_402' title='bbox 900 5046 1060 5101; x_wconf 91' lang='grc' dir='ltr'>πάλιν</span> <span class='ocrx_word' id='word_1_403' title='bbox 1082 5050 1150 5104; x_wconf 84' lang='grc' dir='ltr'>τά</span> <span class='ocrx_word' id='word_1_404' title='bbox 1184 5053 1343 5107; x_wconf 83' lang='grc' dir='ltr'>πεδία</span> <span class='ocrx_word' id='word_1_405' title='bbox 1376 5057 1710 5127; x_wconf 88' lang='grc' dir='ltr'>καταλιπὼν,</span> <span class='ocrx_word' id='word_1_406' title='bbox 1741 5064 1809 5118; x_wconf 85' lang='grc' dir='ltr'>τά</span> 
     </span>
    </p>
   </div>
   <div class='ocr_carea' id='block_1_50' title="bbox 225 5131 1808 5226">
    <p class='ocr_par' dir='ltr' id='par_1_50' title="bbox 225 5131 1808 5226">
     <span class='ocr_line' id='line_1_50' title="bbox 225 5131 1808 5226; baseline 0.016 -42"><span class='ocrx_word' id='word_1_407' title='bbox 225 5131 401 5185; x_wconf 77' lang='grc' dir='ltr'>ὕπτια</span> <span class='ocrx_word' id='word_1_408' title='bbox 432 5134 681 5206; x_wconf 80' lang='grc' dir='ltr'>καὶπρὸς</span> <span class='ocrx_word' id='word_1_409' title='bbox 705 5140 979 5209; x_wconf 86' lang='grc' dir='ltr'>γεωργίαν</span> <span class='ocrx_word' id='word_1_410' title='bbox 1000 5143 1276 5214; x_wconf 83' lang='grc' dir='ltr'>ἐπιτήδεια</span> <span class='ocrx_word' id='word_1_411' title='bbox 1306 5147 1400 5200; x_wconf 77' lang='grc' dir='ltr'>καὶ</span> <span class='ocrx_word' id='word_1_412' title='bbox 1421 5152 1645 5222; x_wconf 82' lang='grc' dir='ltr'>καρπῶν</span> <span class='ocrx_word' id='word_1_413' title='bbox 1670 5156 1808 5226; x_wconf 82' lang='grc' dir='ltr'>ὴμέ-</span> 
     </span>
    </p>
   </div>
   <div class='ocr_carea' id='block_1_51' title="bbox 227 5228 1808 5317">
    <p class='ocr_par' dir='ltr' id='par_1_51' title="bbox 227 5228 1808 5317">
     <span class='ocr_line' id='line_1_51' title="bbox 227 5228 1808 5317; baseline 0.016 -38"><span class='ocrx_word' id='word_1_414' title='bbox 227 5246 342 5299; x_wconf 86' lang='grc' dir='ltr'>ρων</span> <span class='ocrx_word' id='word_1_415' title='bbox 381 5228 574 5299; x_wconf 84' lang='grc' dir='ltr'>φορὰν,</span> <span class='ocrx_word' id='word_1_416' title='bbox 606 5232 699 5284; x_wconf 72' lang='grc' dir='ltr'>ἐπὶ</span> <span class='ocrx_word' id='word_1_417' title='bbox 729 5234 797 5287; x_wconf 71' lang='grc' dir='ltr'>τά</span> <span class='ocrx_word' id='word_1_418' title='bbox 839 5235 939 5305; x_wconf 80' lang='grc' dir='ltr'>ὅρη</span> <span class='ocrx_word' id='word_1_419' title='bbox 972 5238 1284 5305; x_wconf 76' lang='grc' dir='ltr'>μεταϐαίνει</span> <span class='ocrx_word' id='word_1_420' title='bbox 1311 5242 1554 5308; x_wconf 78' lang='grc' dir='ltr'>καὶτοὺς</span> <span class='ocrx_word' id='word_1_421' title='bbox 1584 5246 1808 5317; x_wconf 81' lang='grc' dir='ltr'>βουνοὺς</span> 
     </span>
    </p>
   </div>
   <div class='ocr_carea' id='block_1_52' title="bbox 224 5320 1809 5414">
    <p class='ocr_par' dir='ltr' id='par_1_52' title="bbox 224 5320 1809 5414">
     <span class='ocr_line' id='line_1_52' title="bbox 224 5320 1809 5414; baseline 0.015 -40"><span class='ocrx_word' id='word_1_422' title='bbox 224 5322 327 5375; x_wconf 75' lang='grc' dir='ltr'>καὶ</span> <span class='ocrx_word' id='word_1_423' title='bbox 355 5320 425 5376; x_wconf 91' lang='grc' dir='ltr'>τά</span> <span class='ocrx_word' id='word_1_424' title='bbox 457 5323 764 5396; x_wconf 77' lang='grc' dir='ltr'>ἐρημότερα</span> <span class='ocrx_word' id='word_1_425' title='bbox 785 5326 895 5381; x_wconf 85' lang='grc' dir='ltr'>τῶν</span> <span class='ocrx_word' id='word_1_426' title='bbox 922 5330 1159 5400; x_wconf 83' lang='grc' dir='ltr'>χωρίων,</span> <span class='ocrx_word' id='word_1_427' title='bbox 1190 5335 1284 5387; x_wconf 72' lang='grc' dir='ltr'>καὶ</span> <span class='ocrx_word' id='word_1_428' title='bbox 1310 5336 1416 5389; x_wconf 86' lang='grc' dir='ltr'>τῶν</span> <span class='ocrx_word' id='word_1_429' title='bbox 1445 5338 1687 5409; x_wconf 83' lang='grc' dir='ltr'>ἑρπετῶν</span> <span class='ocrx_word' id='word_1_430' title='bbox 1715 5346 1809 5414; x_wconf 87' lang='grc' dir='ltr'>μέ-</span> 
     </span>
    </p>
   </div>
   <div class='ocr_carea' id='block_1_53' title="bbox 224 5416 1805 5503">
    <p class='ocr_par' dir='ltr' id='par_1_53' title="bbox 224 5416 1805 5503">
     <span class='ocr_line' id='line_1_53' title="bbox 224 5416 1805 5503; baseline 0.016 -39"><span class='ocrx_word' id='word_1_431' title='bbox 224 5430 432 5485; x_wconf 84' lang='grc' dir='ltr'>μνηται</span> <span class='ocrx_word' id='word_1_432' title='bbox 471 5416 709 5471; x_wconf 86' lang='grc' dir='ltr'>πάντων.</span> <span class='ocrx_word' id='word_1_433' title='bbox 745 5419 907 5473; x_wconf 79' lang='grc' dir='ltr'>Ὥστε</span> <span class='ocrx_word' id='word_1_434' title='bbox 941 5421 1000 5474; x_wconf 83' lang='grc' dir='ltr'>δὲ</span> <span class='ocrx_word' id='word_1_435' title='bbox 1036 5424 1366 5497; x_wconf 86' lang='grc' dir='ltr'>σαφέστερον</span> <span class='ocrx_word' id='word_1_436' title='bbox 1395 5429 1570 5485; x_wconf 87' lang='grc' dir='ltr'>ταῦτα</span> <span class='ocrx_word' id='word_1_437' title='bbox 1597 5436 1805 5503; x_wconf 85' lang='grc' dir='ltr'>μαθεῖν,</span> 
     </span>
    </p>
   </div>
   <div class='ocr_carea' id='block_1_54' title="bbox 220 5503 1808 5599">
    <p class='ocr_par' dir='ltr' id='par_1_54' title="bbox 220 5503 1808 5599">
     <span class='ocr_line' id='line_1_54' title="bbox 220 5503 1808 5599; baseline 0.016 -43"><span class='ocrx_word' id='word_1_438' title='bbox 220 5503 377 5570; x_wconf 76' lang='grc' dir='ltr'>ἀξιον</span> <span class='ocrx_word' id='word_1_439' title='bbox 414 5506 717 5563; x_wconf 83' lang='grc' dir='ltr'>ἐπακοῦσαι</span> <span class='ocrx_word' id='word_1_440' title='bbox 748 5511 927 5564; x_wconf 82' lang='grc' dir='ltr'>αὐτῶν</span> <span class='ocrx_word' id='word_1_441' title='bbox 953 5513 1063 5567; x_wconf 85' lang='grc' dir='ltr'>τῶν</span> <span class='ocrx_word' id='word_1_442' title='bbox 1090 5518 1370 5588; x_wconf 79' lang='grc' dir='ltr'>ῥημάτων.</span> <span class='ocrx_word' id='word_1_443' title='bbox 1422 5523 1576 5577; x_wconf 86' lang='grc' dir='ltr'>Μετά</span> <span class='ocrx_word' id='word_1_444' title='bbox 1606 5526 1713 5599; x_wconf 85' lang='grc' dir='ltr'>γὰρ</span> <span class='ocrx_word' id='word_1_445' title='bbox 1747 5530 1808 5582; x_wconf 83' lang='grc' dir='ltr'>τὸ</span> 
     </span>
    </p>
   </div>
   <div class='ocr_carea' id='block_1_55' title="bbox 222 5596 1804 5688">
    <p class='ocr_par' dir='ltr' id='par_1_55' title="bbox 222 5596 1804 5688">
     <span class='ocr_line' id='line_1_55' title="bbox 222 5596 1804 5688; baseline 0.019 -42"><span class='ocrx_word' id='word_1_446' title='bbox 222 5596 422 5688; x_wconf 82' lang='grc' dir='ltr'>εἰπεῖν.</span> <span class='ocrx_word' id='word_1_447' title='bbox 471 5600 830 5671; x_wconf 74' lang='grc' dir='ltr'>Πρόσταγμα</span> <span class='ocrx_word' id='word_1_448' title='bbox 873 5606 1059 5672; x_wconf 75' lang='grc' dir='ltr'>ἔθετο,</span> <span class='ocrx_word' id='word_1_449' title='bbox 1091 5611 1189 5665; x_wconf 79' lang='grc' dir='ltr'>καὶ</span> <span class='ocrx_word' id='word_1_450' title='bbox 1234 5616 1306 5667; x_wconf 89' lang='grc' dir='ltr'>οὐ</span> <span class='ocrx_word' id='word_1_451' title='bbox 1352 5596 1804 5688; x_wconf 70' lang='grc' dir='ltr'>παρελεύσεται,</span> 
     </span>
    </p>
   </div>
   <div class='ocr_carea' id='block_1_56' title="bbox 220 5685 1808 5783">
    <p class='ocr_par' dir='ltr' id='par_1_56' title="bbox 220 5685 1808 5783">
     <span class='ocr_line' id='line_1_56' title="bbox 220 5685 1808 5783; baseline 0.006 -39"><span class='ocrx_word' id='word_1_452' title='bbox 220 5685 509 5758; x_wconf 68' lang='grc' dir='ltr'>ἐπήγαγεν</span> <span class='ocrx_word' id='word_1_453' title='bbox 533 5706 547 5722; x_wconf 74' lang='grc' dir='ltr'><strong>ο</strong></span> <span class='ocrx_word' id='word_1_454' title='bbox 592 5693 821 5749; x_wconf 71' lang='grc' dir='ltr'>Αἰνεῖτε</span> <span class='ocrx_word' id='word_1_455' title='bbox 863 5697 969 5751; x_wconf 84' lang='grc' dir='ltr'>τὸν</span> <span class='ocrx_word' id='word_1_456' title='bbox 1002 5703 1222 5770; x_wconf 78' lang='grc' dir='ltr'>Κύριον</span> <span class='ocrx_word' id='word_1_457' title='bbox 1251 5706 1319 5760; x_wconf 82' lang='grc' dir='ltr'>ἐκ</span> <span class='ocrx_word' id='word_1_458' title='bbox 1356 5705 1463 5777; x_wconf 84' lang='grc' dir='ltr'>τῆς</span> <span class='ocrx_word' id='word_1_459' title='bbox 1493 5709 1626 5780; x_wconf 68' lang='grc' dir='ltr'>τῆς,</span> <span class='ocrx_word' id='word_1_460' title='bbox 1674 5685 1808 5783; x_wconf 46' lang='lat' dir='ltr'>apd;</span> 
     </span>
    </p>
   </div>
   <div class='ocr_carea' id='block_1_57' title="bbox 288 5812 1157 5889">
    <p class='ocr_par' dir='ltr' id='par_1_57' title="bbox 288 5812 1157 5889">
     <span class='ocr_line' id='line_1_57' title="bbox 288 5812 1157 5889; baseline 0.018 -25"><span class='ocrx_word' id='word_1_461' title='bbox 288 5812 318 5889; x_wconf 60' lang='grc' dir='ltr'>ξ</span> <span class='ocrx_word' id='word_1_462' title='bbox 340 5812 783 5889; x_wconf 36' lang='grc' dir='ltr'>ἓανὶικιεεεηᾶυηι</span> <span class='ocrx_word' id='word_1_463' title='bbox 807 5832 945 5887; x_wconf 75' lang='grc' dir='ltr'>ρυιιιι</span> <span class='ocrx_word' id='word_1_464' title='bbox 966 5835 1157 5889; x_wconf 79' lang='grc' dir='ltr'>στῆσαι.</span> 
     </span>
    </p>
   </div>
   <div class='ocr_carea' id='block_1_58' title="bbox 287 5872 752 5948">
    <p class='ocr_par' dir='ltr' id='par_1_58' title="bbox 287 5872 752 5948">
     <span class='ocr_line' id='line_1_58' title="bbox 287 5872 752 5948; baseline 0.022 -24"><span class='ocrx_word' id='word_1_465' title='bbox 287 5872 319 5915; x_wconf 68' lang='grc' dir='ltr'><strong>Ι)</strong></span> <span class='ocrx_word' id='word_1_466' title='bbox 340 5874 473 5925; x_wconf 83' lang='lat' dir='ltr'>Unus</span> <span class='ocrx_word' id='word_1_467' title='bbox 491 5872 708 5934; x_wconf 64' lang='grc' dir='ltr'>ἄπλετον.</span> <span class='ocrx_word' id='word_1_468' title='bbox 745 5943 752 5948; x_wconf 30' lang='grc'><strong>⁸</strong></span> 
     </span>
    </p>
   </div>
   <div class='ocr_carea' id='block_1_59' title="bbox 1342 432 2494 500">
    <p class='ocr_par' dir='ltr' id='par_1_59' title="bbox 1342 432 2494 500">
     <span class='ocr_line' id='line_1_59' title="bbox 1342 432 2494 500; baseline 0.009 -11"><span class='ocrx_word' id='word_1_469' title='bbox 1342 432 1708 495; x_wconf 74' lang='lat' dir='ltr'>EXPOSITIO</span> <span class='ocrx_word' id='word_1_470' title='bbox 1744 439 1810 493; x_wconf 82' lang='lat' dir='ltr'><strong>IN</strong></span> <span class='ocrx_word' id='word_1_471' title='bbox 1848 437 2181 500; x_wconf 76' lang='lat' dir='ltr'>PSALMUM</span> <span class='ocrx_word' id='word_1_472' title='bbox 2220 443 2494 500; x_wconf 78' lang='lat' dir='ltr'>CXLVIII.</span> 
     </span>
    </p>
   </div>
   <div class='ocr_carea' id='block_1_60' title="bbox 3406 451 3511 509">
    <p class='ocr_par' dir='ltr' id='par_1_60' title="bbox 3406 451 3511 509">
     <span class='ocr_line' id='line_1_60' title="bbox 3406 451 3511 509; baseline 0.019 -2"><span class='ocrx_word' id='word_1_473' title='bbox 3406 451 3511 509; x_wconf 64' lang='lat'>488</span> 
     </span>
    </p>
   </div>
   <div class='ocr_carea' id='block_1_61' title="bbox 1946 558 3506 631">
    <p class='ocr_par' dir='ltr' id='par_1_61' title="bbox 1946 558 3506 631">
     <span class='ocr_line' id='line_1_61' title="bbox 1946 558 3506 631; baseline 0.004 -21"><span class='ocrx_word' id='word_1_474' title='bbox 1946 573 2155 624; x_wconf 77' lang='grc' dir='ltr'>κοντες</span> <span class='ocrx_word' id='word_1_475' title='bbox 2204 558 2303 612; x_wconf 83' lang='grc' dir='ltr'>καί</span> <span class='ocrx_word' id='word_1_476' title='bbox 2343 558 2531 613; x_wconf 82' lang='grc' dir='ltr'>πᾶσαι</span> <span class='ocrx_word' id='word_1_477' title='bbox 2565 559 2851 613; x_wconf 78' lang='grc' dir='ltr'>ἄϐυσσοι·</span> <span class='ocrx_word' id='word_1_478' title='bbox 2899 559 3038 628; x_wconf 79' lang='grc' dir='ltr'>πῦρ,</span> <span class='ocrx_word' id='word_1_479' title='bbox 3074 561 3318 629; x_wconf 68' lang='grc' dir='ltr'>χάλαζα,</span> <span class='ocrx_word' id='word_1_480' title='bbox 3345 563 3506 631; x_wconf 83' lang='grc' dir='ltr'>χιὼν,</span> 
     </span>
    </p>
   </div>
   <div class='ocr_carea' id='block_1_62' title="bbox 1942 650 3513 721">
    <p class='ocr_par' dir='ltr' id='par_1_62' title="bbox 1942 650 3513 721">
     <span class='ocr_line' id='line_1_62' title="bbox 1942 650 3513 721; baseline 0.006 -22"><span class='ocrx_word' id='word_1_481' title='bbox 1942 650 2342 717; x_wconf 80' lang='grc' dir='ltr'>κρύσταλλος,</span> <span class='ocrx_word' id='word_1_482' title='bbox 2366 651 2601 721; x_wconf 81' lang='grc' dir='ltr'>πνεῦμα</span> <span class='ocrx_word' id='word_1_483' title='bbox 2619 650 2975 720; x_wconf 75' lang='grc' dir='ltr'>καταιγίδος,</span> <span class='ocrx_word' id='word_1_484' title='bbox 2995 652 3067 706; x_wconf 79' lang='grc' dir='ltr'>τὰ</span> <span class='ocrx_word' id='word_1_485' title='bbox 3092 654 3376 707; x_wconf 83' lang='grc' dir='ltr'>ποιοῦντα</span> <span class='ocrx_word' id='word_1_486' title='bbox 3404 657 3513 709; x_wconf 78' lang='grc' dir='ltr'>τὸν</span> 
     </span>
    </p>
   </div>
   <div class='ocr_carea' id='block_1_63' title="bbox 1939 741 3507 815">
    <p class='ocr_par' dir='ltr' id='par_1_63' title="bbox 1939 741 3507 815">
     <span class='ocr_line' id='line_1_63' title="bbox 1939 741 3507 815; baseline 0.003 -21"><span class='ocrx_word' id='word_1_487' title='bbox 1939 741 2126 810; x_wconf 73' lang='grc' dir='ltr'>λόγον</span> <span class='ocrx_word' id='word_1_488' title='bbox 2161 744 2368 797; x_wconf 83' lang='grc' dir='ltr'>αὑτοῦ.</span> <span class='ocrx_word' id='word_1_489' title='bbox 2402 743 2648 813; x_wconf 87' lang='grc' dir='ltr'>Ἕτερος,</span> <span class='ocrx_word' id='word_1_490' title='bbox 2680 744 2921 812; x_wconf 77' lang='grc' dir='ltr'>Ἄνεμος</span> <span class='ocrx_word' id='word_1_491' title='bbox 2949 743 3238 812; x_wconf 68' lang='grc' dir='ltr'>τυφῶνος.</span> <span class='ocrx_word' id='word_1_492' title='bbox 3288 745 3369 800; x_wconf 87' lang='grc' dir='ltr'><em>Τὰ</em></span> <span class='ocrx_word' id='word_1_493' title='bbox 3403 746 3507 815; x_wconf 83' lang='grc' dir='ltr'>ὄρη</span> 
     </span>
    </p>
   </div>
   <div class='ocr_carea' id='block_1_64' title="bbox 1939 830 3507 905">
    <p class='ocr_par' dir='ltr' id='par_1_64' title="bbox 1939 830 3507 905">
     <span class='ocr_line' id='line_1_64' title="bbox 1939 830 3507 905; baseline 0.003 -20"><span class='ocrx_word' id='word_1_494' title='bbox 1939 831 2037 885; x_wconf 81' lang='grc' dir='ltr'>καὶ</span> <span class='ocrx_word' id='word_1_495' title='bbox 2066 830 2289 898; x_wconf 81' lang='grc' dir='ltr'>πάντες</span> <span class='ocrx_word' id='word_1_496' title='bbox 2307 834 2610 899; x_wconf 78' lang='grc' dir='ltr'>οίβουνοὶ,</span> <span class='ocrx_word' id='word_1_497' title='bbox 2639 834 2794 899; x_wconf 78' lang='grc' dir='ltr'>ξύλα</span> <span class='ocrx_word' id='word_1_498' title='bbox 2813 836 3180 905; x_wconf 71' lang='grc' dir='ltr'>καρποφόρα,</span> <span class='ocrx_word' id='word_1_499' title='bbox 3201 836 3297 889; x_wconf 83' lang='grc' dir='ltr'>καί</span> <span class='ocrx_word' id='word_1_500' title='bbox 3320 838 3507 892; x_wconf 83' lang='grc' dir='ltr'>πᾶσαι</span> 
     </span>
    </p>
   </div>
   <div class='ocr_carea' id='block_1_65' title="bbox 1938 921 3505 996">
    <p class='ocr_par' dir='ltr' id='par_1_65' title="bbox 1938 921 3505 996">
     <span class='ocr_line' id='line_1_65' title="bbox 1938 921 3505 996; baseline 0.004 -22"><span class='ocrx_word' id='word_1_501' title='bbox 1938 921 2165 990; x_wconf 82' lang='grc' dir='ltr'>κέδροι·</span> <span class='ocrx_word' id='word_1_502' title='bbox 2204 921 2277 976; x_wconf 87' lang='grc' dir='ltr'>τὰ</span> <span class='ocrx_word' id='word_1_503' title='bbox 2300 925 2473 992; x_wconf 80' lang='grc' dir='ltr'>θηρία</span> <span class='ocrx_word' id='word_1_504' title='bbox 2496 925 2594 979; x_wconf 84' lang='grc' dir='ltr'>καί</span> <span class='ocrx_word' id='word_1_505' title='bbox 2617 925 2814 979; x_wconf 81' lang='grc' dir='ltr'>πάντα</span> <span class='ocrx_word' id='word_1_506' title='bbox 2840 929 2914 981; x_wconf 84' lang='grc' dir='ltr'>τὰ</span> <span class='ocrx_word' id='word_1_507' title='bbox 2935 926 3147 996; x_wconf 82' lang='grc' dir='ltr'>κτήνη,</span> <span class='ocrx_word' id='word_1_508' title='bbox 3173 926 3387 995; x_wconf 78' lang='grc' dir='ltr'>ἑρπετὰ</span> <span class='ocrx_word' id='word_1_509' title='bbox 3407 930 3505 982; x_wconf 80' lang='grc' dir='ltr'>καὶ</span> 
     </span>
    </p>
   </div>
   <div class='ocr_carea' id='block_1_66' title="bbox 1937 1014 3507 1091">
    <p class='ocr_par' dir='ltr' id='par_1_66' title="bbox 1937 1014 3507 1091">
     <span class='ocr_line' id='line_1_66' title="bbox 1937 1014 3507 1091; baseline 0.004 -24"><span class='ocrx_word' id='word_1_510' title='bbox 1937 1014 2177 1069; x_wconf 79' lang='grc' dir='ltr'>πετεινὰ</span> <span class='ocrx_word' id='word_1_511' title='bbox 2221 1016 2505 1084; x_wconf 81' lang='grc' dir='ltr'>πτερωτά.</span> <span class='ocrx_word' id='word_1_512' title='bbox 2543 1016 2698 1080; x_wconf 89' lang='grc' dir='ltr'>Τίνος</span> <span class='ocrx_word' id='word_1_513' title='bbox 2742 1017 2928 1071; x_wconf 83' lang='grc' dir='ltr'>ἐνεκεν</span> <span class='ocrx_word' id='word_1_514' title='bbox 2959 1017 3102 1071; x_wconf 76' lang='grc' dir='ltr'>οὑτω</span> <span class='ocrx_word' id='word_1_515' title='bbox 3147 1020 3507 1091; x_wconf 76' lang='grc' dir='ltr'>μεταχειρίζει</span> 
     </span>
    </p>
   </div>
   <div class='ocr_carea' id='block_1_67' title="bbox 1933 1104 3506 1182">
    <p class='ocr_par' dir='ltr' id='par_1_67' title="bbox 1933 1104 3506 1182">
     <span class='ocr_line' id='line_1_67' title="bbox 1933 1104 3506 1182; baseline 0.004 -25"><span class='ocrx_word' id='word_1_516' title='bbox 1933 1104 2026 1158; x_wconf 85' lang='grc' dir='ltr'>τὸν</span> <span class='ocrx_word' id='word_1_517' title='bbox 2050 1105 2239 1174; x_wconf 89' lang='grc' dir='ltr'>λόγον;</span> <span class='ocrx_word' id='word_1_518' title='bbox 2280 1107 2375 1160; x_wconf 89' lang='grc' dir='ltr'>Ἐκ</span> <span class='ocrx_word' id='word_1_519' title='bbox 2394 1109 2710 1181; x_wconf 85' lang='grc' dir='ltr'>περιουσίας</span> <span class='ocrx_word' id='word_1_520' title='bbox 2730 1110 2943 1172; x_wconf 76' lang='grc' dir='ltr'>δεικνὺς</span> <span class='ocrx_word' id='word_1_521' title='bbox 2965 1108 3061 1162; x_wconf 88' lang='grc' dir='ltr'>τοῦ</span> <span class='ocrx_word' id='word_1_522' title='bbox 3086 1108 3218 1164; x_wconf 87' lang='grc' dir='ltr'>Θεοῦ</span> <span class='ocrx_word' id='word_1_523' title='bbox 3245 1111 3342 1181; x_wconf 83' lang='grc' dir='ltr'>τὴν</span> <span class='ocrx_word' id='word_1_524' title='bbox 3376 1111 3506 1182; x_wconf 86' lang='grc' dir='ltr'>πρό-</span> 
     </span>
    </p>
   </div>
   <div class='ocr_carea' id='block_1_68' title="bbox 1934 1195 3503 1271">
    <p class='ocr_par' dir='ltr' id='par_1_68' title="bbox 1934 1195 3503 1271">
     <span class='ocr_line' id='line_1_68' title="bbox 1934 1195 3503 1271; baseline 0.004 -24"><span class='ocrx_word' id='word_1_525' title='bbox 1934 1211 2102 1251; x_wconf 89' lang='grc' dir='ltr'>νοιαν.</span> <span class='ocrx_word' id='word_1_526' title='bbox 2130 1196 2193 1250; x_wconf 85' lang='grc' dir='ltr'>Εί</span> <span class='ocrx_word' id='word_1_527' title='bbox 2225 1196 2334 1268; x_wconf 84' lang='grc' dir='ltr'>γὰρ</span> <span class='ocrx_word' id='word_1_528' title='bbox 2364 1196 2433 1250; x_wconf 85' lang='grc' dir='ltr'>τά</span> <span class='ocrx_word' id='word_1_529' title='bbox 2459 1197 2722 1253; x_wconf 86' lang='grc' dir='ltr'>δοκοῦντα</span> <span class='ocrx_word' id='word_1_530' title='bbox 2756 1199 3003 1271; x_wconf 82' lang='grc' dir='ltr'>ἄχρηστα</span> <span class='ocrx_word' id='word_1_531' title='bbox 3031 1195 3190 1265; x_wconf 80' lang='grc' dir='ltr'>εἶναι,</span> <span class='ocrx_word' id='word_1_532' title='bbox 3219 1202 3312 1254; x_wconf 74' lang='grc' dir='ltr'>καὶ</span> <span class='ocrx_word' id='word_1_533' title='bbox 3344 1200 3503 1255; x_wconf 89' lang='grc' dir='ltr'>πολέ-</span> 
     </span>
    </p>
   </div>
   <div class='ocr_carea' id='block_1_69' title="bbox 1936 1286 3506 1364">
    <p class='ocr_par' dir='ltr' id='par_1_69' title="bbox 1936 1286 3506 1364">
     <span class='ocr_line' id='line_1_69' title="bbox 1936 1286 3506 1364; baseline 0.003 -24"><span class='ocrx_word' id='word_1_534' title='bbox 1936 1304 2035 1353; x_wconf 86' lang='grc' dir='ltr'>μια</span> <span class='ocrx_word' id='word_1_535' title='bbox 2058 1286 2138 1358; x_wconf 81' lang='grc' dir='ltr'>τῷ</span> <span class='ocrx_word' id='word_1_536' title='bbox 2162 1288 2308 1357; x_wconf 87' lang='grc' dir='ltr'>γένει</span> <span class='ocrx_word' id='word_1_537' title='bbox 2337 1289 2446 1343; x_wconf 83' lang='grc' dir='ltr'>τῶν</span> <span class='ocrx_word' id='word_1_538' title='bbox 2474 1290 2791 1364; x_wconf 83' lang='grc' dir='ltr'>ἀνθρώπων,</span> <span class='ocrx_word' id='word_1_539' title='bbox 2825 1290 2995 1355; x_wconf 85' lang='grc' dir='ltr'>οὑτως</span> <span class='ocrx_word' id='word_1_540' title='bbox 3024 1292 3141 1345; x_wconf 83' lang='grc' dir='ltr'>ἐστί</span> <span class='ocrx_word' id='word_1_541' title='bbox 3169 1291 3331 1357; x_wconf 89' lang='grc' dir='ltr'>καλά,</span> <span class='ocrx_word' id='word_1_542' title='bbox 3365 1292 3506 1345; x_wconf 79' lang='grc' dir='ltr'>οὑτω</span> 
     </span>
    </p>
   </div>
   <div class='ocr_carea' id='block_1_70' title="bbox 1931 1380 3506 1456">
    <p class='ocr_par' dir='ltr' id='par_1_70' title="bbox 1931 1380 3506 1456">
     <span class='ocr_line' id='line_1_70' title="bbox 1931 1380 3506 1456; baseline 0 -20"><span class='ocrx_word' id='word_1_543' title='bbox 1931 1380 2197 1451; x_wconf 86' lang='grc' dir='ltr'>χρήσιμα,</span> <span class='ocrx_word' id='word_1_544' title='bbox 2221 1381 2298 1444; x_wconf 87' lang='grc' dir='ltr'>ὡς</span> <span class='ocrx_word' id='word_1_545' title='bbox 2328 1382 2423 1436; x_wconf 78' lang='grc' dir='ltr'>καὶ</span> <span class='ocrx_word' id='word_1_546' title='bbox 2457 1382 2594 1437; x_wconf 88' lang='grc' dir='ltr'>αὐτά</span> <span class='ocrx_word' id='word_1_547' title='bbox 2635 1381 2801 1453; x_wconf 85' lang='grc' dir='ltr'>ῦμνον</span> <span class='ocrx_word' id='word_1_548' title='bbox 2823 1384 3114 1456; x_wconf 84' lang='grc' dir='ltr'>ἀναφέρειν</span> <span class='ocrx_word' id='word_1_549' title='bbox 3155 1382 3231 1453; x_wconf 85' lang='grc' dir='ltr'>τῷ</span> <span class='ocrx_word' id='word_1_550' title='bbox 3259 1383 3377 1453; x_wconf 82' lang='grc' dir='ltr'>Θεῷ</span> <span class='ocrx_word' id='word_1_551' title='bbox 3413 1384 3506 1436; x_wconf 80' lang='grc' dir='ltr'>καί</span> 
     </span>
    </p>
   </div>
   <div class='ocr_carea' id='block_1_71' title="bbox 1929 1470 3503 1548">
    <p class='ocr_par' dir='ltr' id='par_1_71' title="bbox 1929 1470 3503 1548">
     <span class='ocr_line' id='line_1_71' title="bbox 1929 1470 3503 1548; baseline 0.003 -25"><span class='ocrx_word' id='word_1_552' title='bbox 1929 1470 2233 1539; x_wconf 84' lang='grc' dir='ltr'>δοξολογίαν</span> <span class='ocrx_word' id='word_1_553' title='bbox 2260 1473 2351 1528; x_wconf 87' lang='grc' dir='ltr'>διά</span> <span class='ocrx_word' id='word_1_554' title='bbox 2373 1473 2473 1542; x_wconf 84' lang='grc' dir='ltr'>τῆς</span> <span class='ocrx_word' id='word_1_555' title='bbox 2496 1475 2700 1539; x_wconf 88' lang='grc' dir='ltr'>οἰκείας</span> <span class='ocrx_word' id='word_1_556' title='bbox 2724 1475 3081 1548; x_wconf 86' lang='grc' dir='ltr'>δημιουργίας</span> <span class='ocrx_word' id='word_1_557' title='bbox 3103 1494 3115 1508; x_wconf 90' lang='grc'>·</span> <span class='ocrx_word' id='word_1_558' title='bbox 3140 1476 3388 1548; x_wconf 75' lang='grc' dir='ltr'>ἐννόησον</span> <span class='ocrx_word' id='word_1_559' title='bbox 3415 1470 3503 1529; x_wconf 76' lang='grc' dir='ltr'>οἷα</span> 
     </span>
    </p>
   </div>
   <div class='ocr_carea' id='block_1_72' title="bbox 1928 1570 3502 1647">
    <p class='ocr_par' dir='ltr' id='par_1_72' title="bbox 1928 1570 3502 1647">
     <span class='ocr_line' id='line_1_72' title="bbox 1928 1570 3502 1647; baseline 0.003 -25"><span class='ocrx_word' id='word_1_560' title='bbox 1928 1570 1998 1623; x_wconf 86' lang='grc' dir='ltr'>τά</span> <span class='ocrx_word' id='word_1_561' title='bbox 2022 1571 2177 1625; x_wconf 85' lang='grc' dir='ltr'>ἀλλα.</span> <span class='ocrx_word' id='word_1_562' title='bbox 2203 1573 2315 1626; x_wconf 75' lang='grc' dir='ltr'>Καὶ</span> <span class='ocrx_word' id='word_1_563' title='bbox 2344 1574 2393 1626; x_wconf 89' lang='grc' dir='ltr'>εἰ</span> <span class='ocrx_word' id='word_1_564' title='bbox 2422 1573 2588 1637; x_wconf 85' lang='grc' dir='ltr'>δοκεῖ,</span> <span class='ocrx_word' id='word_1_565' title='bbox 2618 1574 2930 1647; x_wconf 79' lang='grc' dir='ltr'>ἐπέλθωμεν</span> <span class='ocrx_word' id='word_1_566' title='bbox 2952 1576 3179 1630; x_wconf 73' lang='grc' dir='ltr'>ἕκαστον</span> <span class='ocrx_word' id='word_1_567' title='bbox 3211 1575 3320 1628; x_wconf 84' lang='grc' dir='ltr'>τῶν</span> <span class='ocrx_word' id='word_1_568' title='bbox 3352 1576 3502 1644; x_wconf 87' lang='grc' dir='ltr'>εἰρη-</span> 
     </span>
    </p>
   </div>
   <div class='ocr_carea' id='block_1_73' title="bbox 1931 1657 3502 1736">
    <p class='ocr_par' dir='ltr' id='par_1_73' title="bbox 1931 1657 3502 1736">
     <span class='ocr_line' id='line_1_73' title="bbox 1931 1657 3502 1736; baseline 0.002 -20"><span class='ocrx_word' id='word_1_569' title='bbox 1931 1663 2127 1732; x_wconf 87' lang='grc' dir='ltr'>μένων.</span> <span class='ocrx_word' id='word_1_570' title='bbox 2157 1663 2506 1731; x_wconf 83' lang='grc' dir='ltr'>Δράκοντες,</span> <span class='ocrx_word' id='word_1_571' title='bbox 2533 1657 2690 1735; x_wconf 76' lang='grc' dir='ltr'>φησί,¹</span> <span class='ocrx_word' id='word_1_572' title='bbox 2714 1667 2812 1721; x_wconf 82' lang='grc' dir='ltr'>καί</span> <span class='ocrx_word' id='word_1_573' title='bbox 2841 1665 3031 1723; x_wconf 82' lang='grc' dir='ltr'>πᾶσαι</span> <span class='ocrx_word' id='word_1_574' title='bbox 3061 1666 3340 1721; x_wconf 75' lang='grc' dir='ltr'>ἄϐυσσοι.</span> <span class='ocrx_word' id='word_1_575' title='bbox 3364 1667 3502 1736; x_wconf 81' lang='grc' dir='ltr'>Δρά-</span> 
     </span>
    </p>
   </div>
   <div class='ocr_carea' id='block_1_74' title="bbox 1928 1754 3501 1832">
    <p class='ocr_par' dir='ltr' id='par_1_74' title="bbox 1928 1754 3501 1832">
     <span class='ocr_line' id='line_1_74' title="bbox 1928 1754 3501 1832; baseline 0.004 -27"><span class='ocrx_word' id='word_1_576' title='bbox 1928 1770 2123 1815; x_wconf 87' lang='grc' dir='ltr'>κοντας</span> <span class='ocrx_word' id='word_1_577' title='bbox 2153 1754 2386 1808; x_wconf 90' lang='grc' dir='ltr'>ἐνταῦθα</span> <span class='ocrx_word' id='word_1_578' title='bbox 2416 1757 2484 1811; x_wconf 89' lang='grc' dir='ltr'>τά</span> <span class='ocrx_word' id='word_1_579' title='bbox 2508 1760 2647 1829; x_wconf 86' lang='grc' dir='ltr'>κήτη</span> <span class='ocrx_word' id='word_1_580' title='bbox 2678 1759 2846 1827; x_wconf 87' lang='grc' dir='ltr'>λέγει,</span> <span class='ocrx_word' id='word_1_581' title='bbox 2866 1760 2940 1823; x_wconf 87' lang='grc' dir='ltr'>ὼς</span> <span class='ocrx_word' id='word_1_582' title='bbox 2969 1760 3063 1814; x_wconf 81' lang='grc' dir='ltr'>καὶ</span> <span class='ocrx_word' id='word_1_583' title='bbox 3092 1759 3345 1832; x_wconf 84' lang='grc' dir='ltr'>ἀλλαχοῦ,</span> <span class='ocrx_word' id='word_1_584' title='bbox 3373 1761 3501 1813; x_wconf 85' lang='grc' dir='ltr'>ὅταν</span> 
     </span>
    </p>
   </div>
   <div class='ocr_carea' id='block_1_75' title="bbox 1927 1843 3495 1920">
    <p class='ocr_par' dir='ltr' id='par_1_75' title="bbox 1927 1843 3495 1920">
     <span class='ocr_line' id='line_1_75' title="bbox 1927 1843 3495 1920; baseline 0.006 -25"><span class='ocrx_word' id='word_1_585' title='bbox 1927 1843 2079 1915; x_wconf 85' lang='grc' dir='ltr'>λέγῃ,</span> <span class='ocrx_word' id='word_1_586' title='bbox 2107 1845 2350 1913; x_wconf 84' lang='grc' dir='ltr'>Δράκων</span> <span class='ocrx_word' id='word_1_587' title='bbox 2376 1843 2574 1914; x_wconf 85' lang='grc' dir='ltr'>οὗτος,</span> <span class='ocrx_word' id='word_1_588' title='bbox 2598 1849 2670 1902; x_wconf 84' lang='grc' dir='ltr'>ὃν</span> <span class='ocrx_word' id='word_1_589' title='bbox 2690 1849 2968 1917; x_wconf 73' lang='grc' dir='ltr'>ἔπλασας</span> <span class='ocrx_word' id='word_1_590' title='bbox 2998 1849 3297 1920; x_wconf 75' lang='grc' dir='ltr'>ἐμπαίζειν</span> <span class='ocrx_word' id='word_1_591' title='bbox 3317 1850 3495 1916; x_wconf 82' lang='grc' dir='ltr'>αὐτῷ.</span> 
     </span>
    </p>
   </div>
   <div class='ocr_carea' id='block_1_76' title="bbox 1926 1938 3499 2012">
    <p class='ocr_par' dir='ltr' id='par_1_76' title="bbox 1926 1938 3499 2012">
     <span class='ocr_line' id='line_1_76' title="bbox 1926 1938 3499 2012; baseline 0.005 -22"><span class='ocrx_word' id='word_1_592' title='bbox 1926 1938 2035 1991; x_wconf 83' lang='grc' dir='ltr'>Καὶ</span> <span class='ocrx_word' id='word_1_593' title='bbox 2066 1939 2332 2012; x_wconf 89' lang='grc' dir='ltr'>πολλαχοῦ</span> <span class='ocrx_word' id='word_1_594' title='bbox 2373 1941 2470 1995; x_wconf 81' lang='grc' dir='ltr'>ίδοι</span> <span class='ocrx_word' id='word_1_595' title='bbox 2495 1958 2579 2006; x_wconf 89' lang='grc' dir='ltr'>τις</span> <span class='ocrx_word' id='word_1_596' title='bbox 2610 1942 2674 1998; x_wconf 83' lang='grc' dir='ltr'>ἂν</span> <span class='ocrx_word' id='word_1_597' title='bbox 2698 1944 2759 1997; x_wconf 86' lang='grc' dir='ltr'>τὸ</span> <span class='ocrx_word' id='word_1_598' title='bbox 2791 1943 2928 2008; x_wconf 78' lang='grc' dir='ltr'>ζῶον</span> <span class='ocrx_word' id='word_1_599' title='bbox 2952 1945 3108 1999; x_wconf 89' lang='grc' dir='ltr'>τοῦτο</span> <span class='ocrx_word' id='word_1_600' title='bbox 3130 1946 3271 1998; x_wconf 74' lang='grc' dir='ltr'>οὑτω</span> <span class='ocrx_word' id='word_1_601' title='bbox 3301 1946 3499 1999; x_wconf 88' lang='grc' dir='ltr'>καλού-</span> 
     </span>
    </p>
   </div>
   <div class='ocr_carea' id='block_1_77' title="bbox 1928 2048 2111 2099">
    <p class='ocr_par' dir='ltr' id='par_1_77' title="bbox 1928 2048 2111 2099">
     <span class='ocr_line' id='line_1_77' title="bbox 1928 2048 2111 2099; baseline 0.016 -17"><span class='ocrx_word' id='word_1_602' title='bbox 1928 2048 2111 2099; x_wconf 90' lang='grc' dir='ltr'>μενον.</span> 
     </span>
    </p>
   </div>
   <div class='ocr_carea' id='block_1_78' title="bbox 1995 2124 3499 2200">
    <p class='ocr_par' dir='ltr' id='par_1_78' title="bbox 1995 2124 3499 2200">
     <span class='ocr_line' id='line_1_78' title="bbox 1995 2124 3499 2200; baseline 0.005 -24"><span class='ocrx_word' id='word_1_603' title='bbox 1995 2130 2062 2192; x_wconf 83' lang='grc' dir='ltr'>γ’.</span> <span class='ocrx_word' id='word_1_604' title='bbox 2094 2124 2204 2178; x_wconf 80' lang='grc' dir='ltr'>Καὶ</span> <span class='ocrx_word' id='word_1_605' title='bbox 2238 2126 2356 2190; x_wconf 85' lang='grc' dir='ltr'>πῶς</span> <span class='ocrx_word' id='word_1_606' title='bbox 2387 2125 2542 2181; x_wconf 91' lang='grc' dir='ltr'>τοῦτο</span> <span class='ocrx_word' id='word_1_607' title='bbox 2562 2130 2699 2182; x_wconf 85' lang='grc' dir='ltr'>αἰνεῖ</span> <span class='ocrx_word' id='word_1_608' title='bbox 2716 2129 2807 2182; x_wconf 85' lang='grc' dir='ltr'>τὸν</span> <span class='ocrx_word' id='word_1_609' title='bbox 2846 2131 3174 2200; x_wconf 75' lang='grc' dir='ltr'>ποιήσαντας</span> <span class='ocrx_word' id='word_1_610' title='bbox 3201 2130 3359 2200; x_wconf 87' lang='grc' dir='ltr'>φησί.</span> <span class='ocrx_word' id='word_1_611' title='bbox 3391 2129 3499 2183; x_wconf 75' lang='grc' dir='ltr'>Καὶ</span> 
     </span>
    </p>
   </div>
   <div class='ocr_carea' id='block_1_79' title="bbox 1929 2213 3500 2293">
    <p class='ocr_par' dir='ltr' id='par_1_79' title="bbox 1929 2213 3500 2293">
     <span class='ocr_line' id='line_1_79' title="bbox 1929 2213 3500 2293; baseline 0.006 -27"><span class='ocrx_word' id='word_1_612' title='bbox 1929 2213 2046 2279; x_wconf 83' lang='grc' dir='ltr'>πῶς</span> <span class='ocrx_word' id='word_1_613' title='bbox 2077 2216 2178 2268; x_wconf 89' lang='grc' dir='ltr'>οὐκ</span> <span class='ocrx_word' id='word_1_614' title='bbox 2205 2217 2564 2281; x_wconf 76' lang='grc' dir='ltr'>αἰνεῖςὌταν</span> <span class='ocrx_word' id='word_1_615' title='bbox 2586 2219 2691 2289; x_wconf 88' lang='grc' dir='ltr'>γὰρ</span> <span class='ocrx_word' id='word_1_616' title='bbox 2722 2219 2839 2292; x_wconf 77' lang='grc' dir='ltr'>ἴδῃς</span> <span class='ocrx_word' id='word_1_617' title='bbox 2866 2219 2927 2273; x_wconf 89' lang='lat' dir='ltr'>rb</span> <span class='ocrx_word' id='word_1_618' title='bbox 2961 2221 3207 2291; x_wconf 88' lang='grc' dir='ltr'>μέγεθος,</span> <span class='ocrx_word' id='word_1_619' title='bbox 3238 2221 3336 2290; x_wconf 84' lang='grc' dir='ltr'>τὴν</span> <span class='ocrx_word' id='word_1_620' title='bbox 3367 2222 3500 2293; x_wconf 90' lang='grc' dir='ltr'>σύμ-</span> 
     </span>
    </p>
   </div>
   <div class='ocr_carea' id='block_1_80' title="bbox 1924 2305 3498 2385">
    <p class='ocr_par' dir='ltr' id='par_1_80' title="bbox 1924 2305 3498 2385">
     <span class='ocr_line' id='line_1_80' title="bbox 1924 2305 3498 2385; baseline 0.007 -28"><span class='ocrx_word' id='word_1_621' title='bbox 1924 2305 2086 2378; x_wconf 80' lang='grc' dir='ltr'>πηξιν</span> <span class='ocrx_word' id='word_1_622' title='bbox 2114 2305 2207 2360; x_wconf 87' lang='grc' dir='ltr'>τοῦ</span> <span class='ocrx_word' id='word_1_623' title='bbox 2244 2306 2514 2379; x_wconf 80' lang='grc' dir='ltr'>σώματος,</span> <span class='ocrx_word' id='word_1_624' title='bbox 2534 2309 2601 2381; x_wconf 79' lang='grc' dir='ltr'>ἢν</span> <span class='ocrx_word' id='word_1_625' title='bbox 2624 2312 2683 2363; x_wconf 84' lang='grc' dir='ltr'>ἐν</span> <span class='ocrx_word' id='word_1_626' title='bbox 2713 2310 2791 2382; x_wconf 81' lang='grc' dir='ltr'>τῷ</span> <span class='ocrx_word' id='word_1_627' title='bbox 2819 2310 2938 2365; x_wconf 81' lang='grc' dir='ltr'>Ἰὼϐ</span> <span class='ocrx_word' id='word_1_628' title='bbox 2961 2313 2995 2383; x_wconf 90' lang='grc' dir='ltr'>ή</span> <span class='ocrx_word' id='word_1_629' title='bbox 3017 2312 3207 2385; x_wconf 85' lang='grc' dir='ltr'>Γραφὴ</span> <span class='ocrx_word' id='word_1_630' title='bbox 3234 2313 3498 2384; x_wconf 81' lang='grc' dir='ltr'>διηγεῖται</span> 
     </span>
    </p>
   </div>
   <div class='ocr_carea' id='block_1_81' title="bbox 1927 2396 3498 2475">
    <p class='ocr_par' dir='ltr' id='par_1_81' title="bbox 1927 2396 3498 2475">
     <span class='ocr_line' id='line_1_81' title="bbox 1927 2396 3498 2475; baseline 0.006 -27"><span class='ocrx_word' id='word_1_631' title='bbox 1927 2396 2067 2465; x_wconf 82' lang='grc' dir='ltr'>μετά</span> <span class='ocrx_word' id='word_1_632' title='bbox 2099 2396 2340 2461; x_wconf 86' lang='grc' dir='ltr'>πλείονος</span> <span class='ocrx_word' id='word_1_633' title='bbox 2367 2401 2467 2468; x_wconf 87' lang='grc' dir='ltr'>τῆς</span> <span class='ocrx_word' id='word_1_634' title='bbox 2497 2400 2793 2472; x_wconf 73' lang='grc' dir='ltr'>σαφηνείας</span> <span class='ocrx_word' id='word_1_635' title='bbox 2813 2420 2825 2432; x_wconf 90' lang='grc'>·</span> <span class='ocrx_word' id='word_1_636' title='bbox 2853 2402 2967 2466; x_wconf 84' lang='grc' dir='ltr'>πῶς</span> <span class='ocrx_word' id='word_1_637' title='bbox 2995 2403 3055 2456; x_wconf 90' lang='grc' dir='ltr'>οὐ</span> <span class='ocrx_word' id='word_1_638' title='bbox 3083 2401 3382 2475; x_wconf 87' lang='grc' dir='ltr'>θαυμάσεις</span> <span class='ocrx_word' id='word_1_639' title='bbox 3408 2404 3498 2457; x_wconf 81' lang='grc' dir='ltr'>τὸν</span> 
     </span>
    </p>
   </div>
   <div class='ocr_carea' id='block_1_82' title="bbox 1922 2489 3498 2567">
    <p class='ocr_par' dir='ltr' id='par_1_82' title="bbox 1922 2489 3498 2567">
     <span class='ocr_line' id='line_1_82' title="bbox 1922 2489 3498 2567; baseline 0.005 -25"><span class='ocrx_word' id='word_1_640' title='bbox 1922 2489 2421 2561; x_wconf 77' lang='grc' dir='ltr'>δημιουργήσαντα,</span> <span class='ocrx_word' id='word_1_641' title='bbox 2447 2491 2634 2562; x_wconf 86' lang='grc' dir='ltr'>ἡλίκον</span> <span class='ocrx_word' id='word_1_642' title='bbox 2668 2491 2805 2557; x_wconf 84' lang='grc' dir='ltr'>ζῶον</span> <span class='ocrx_word' id='word_1_643' title='bbox 2831 2496 3184 2567; x_wconf 88' lang='grc' dir='ltr'>παρήγαγεν;</span> <span class='ocrx_word' id='word_1_644' title='bbox 3217 2496 3291 2548; x_wconf 91' lang='grc' dir='ltr'>Οὐ</span> <span class='ocrx_word' id='word_1_645' title='bbox 3324 2494 3412 2549; x_wconf 83' lang='grc' dir='ltr'>διὰ</span> <span class='ocrx_word' id='word_1_646' title='bbox 3438 2496 3498 2550; x_wconf 89' lang='lat' dir='ltr'>rb</span> 
     </span>
    </p>
   </div>
   <div class='ocr_carea' id='block_1_83' title="bbox 1926 2580 3496 2658">
    <p class='ocr_par' dir='ltr' id='par_1_83' title="bbox 1926 2580 3496 2658">
     <span class='ocr_line' id='line_1_83' title="bbox 1926 2580 3496 2658; baseline 0.004 -25"><span class='ocrx_word' id='word_1_647' title='bbox 1926 2580 2156 2651; x_wconf 88' lang='grc' dir='ltr'>μέγεθος</span> <span class='ocrx_word' id='word_1_648' title='bbox 2187 2581 2244 2636; x_wconf 82' lang='grc' dir='ltr'>δὲ</span> <span class='ocrx_word' id='word_1_649' title='bbox 2276 2583 2455 2653; x_wconf 85' lang='grc' dir='ltr'>μόνον,</span> <span class='ocrx_word' id='word_1_650' title='bbox 2486 2585 2600 2638; x_wconf 86' lang='grc' dir='ltr'>ἀλλ’</span> <span class='ocrx_word' id='word_1_651' title='bbox 2631 2587 2713 2639; x_wconf 80' lang='grc' dir='ltr'>ὅτι</span> <span class='ocrx_word' id='word_1_652' title='bbox 2748 2587 2842 2639; x_wconf 78' lang='grc' dir='ltr'>καὶ</span> <span class='ocrx_word' id='word_1_653' title='bbox 2871 2588 3066 2658; x_wconf 87' lang='grc' dir='ltr'>χωρίον</span> <span class='ocrx_word' id='word_1_654' title='bbox 3097 2586 3245 2658; x_wconf 79' lang='grc' dir='ltr'>αὐτῷ</span> <span class='ocrx_word' id='word_1_655' title='bbox 3269 2587 3367 2657; x_wconf 85' lang='grc' dir='ltr'>τῆς</span> <span class='ocrx_word' id='word_1_656' title='bbox 3398 2586 3496 2640; x_wconf 92' lang='grc' dir='ltr'>θα-</span> 
     </span>
    </p>
   </div>
   <div class='ocr_carea' id='block_1_84' title="bbox 1920 2671 3497 2757">
    <p class='ocr_par' dir='ltr' id='par_1_84' title="bbox 1920 2671 3497 2757">
     <span class='ocr_line' id='line_1_84' title="bbox 1920 2671 3497 2757; baseline 0.004 -33"><span class='ocrx_word' id='word_1_657' title='bbox 1920 2671 2125 2742; x_wconf 86' lang='grc' dir='ltr'>λάσσης</span> <span class='ocrx_word' id='word_1_658' title='bbox 2166 2672 2227 2726; x_wconf 89' lang='lat' dir='ltr'>rb</span> <span class='ocrx_word' id='word_1_659' title='bbox 2264 2673 2510 2728; x_wconf 77' lang='grc' dir='ltr'>ἄπλωτον</span> <span class='ocrx_word' id='word_1_660' title='bbox 2559 2676 2918 2749; x_wconf 88' lang='grc' dir='ltr'>ἀπεκλήρωσε</span> <span class='ocrx_word' id='word_1_661' title='bbox 2968 2679 3150 2751; x_wconf 90' lang='grc' dir='ltr'>μέρος.</span> <span class='ocrx_word' id='word_1_662' title='bbox 3205 2680 3316 2732; x_wconf 78' lang='grc' dir='ltr'>Καὶ</span> <span class='ocrx_word' id='word_1_663' title='bbox 3350 2678 3497 2757; x_wconf 67' lang='grc' dir='ltr'>ἀξιον</span> 
     </span>
    </p>
   </div>
   <div class='ocr_carea' id='block_1_85' title="bbox 1921 2764 3488 2842">
    <p class='ocr_par' dir='ltr' id='par_1_85' title="bbox 1921 2764 3488 2842">
     <span class='ocr_line' id='line_1_85' title="bbox 1921 2764 3488 2842; baseline 0.004 -24"><span class='ocrx_word' id='word_1_664' title='bbox 1921 2764 2241 2836; x_wconf 77' lang='grc' dir='ltr'>θαυμάζειν,</span> <span class='ocrx_word' id='word_1_665' title='bbox 2274 2767 2390 2830; x_wconf 86' lang='grc' dir='ltr'>πῶς</span> <span class='ocrx_word' id='word_1_666' title='bbox 2415 2768 2512 2838; x_wconf 88' lang='grc' dir='ltr'>οὐχ</span> <span class='ocrx_word' id='word_1_667' title='bbox 2538 2769 2853 2841; x_wconf 79' lang='grc' dir='ltr'>ὑπερϐαίνει</span> <span class='ocrx_word' id='word_1_668' title='bbox 2887 2771 3013 2835; x_wconf 79' lang='grc' dir='ltr'>τοὺς</span> <span class='ocrx_word' id='word_1_669' title='bbox 3038 2771 3269 2835; x_wconf 79' lang='grc' dir='ltr'>οἰκείους</span> <span class='ocrx_word' id='word_1_670' title='bbox 3305 2771 3488 2842; x_wconf 83' lang='grc' dir='ltr'>ὅρους,</span> 
     </span>
    </p>
   </div>
   <div class='ocr_carea' id='block_1_86' title="bbox 1920 2855 3496 2933">
    <p class='ocr_par' dir='ltr' id='par_1_86' title="bbox 1920 2855 3496 2933">
     <span class='ocr_line' id='line_1_86' title="bbox 1920 2855 3496 2933; baseline 0.004 -24"><span class='ocrx_word' id='word_1_671' title='bbox 1920 2855 2059 2920; x_wconf 79' lang='grc' dir='ltr'>ζῶον</span> <span class='ocrx_word' id='word_1_672' title='bbox 2087 2858 2276 2929; x_wconf 82' lang='grc' dir='ltr'>ἄγριον</span> <span class='ocrx_word' id='word_1_673' title='bbox 2311 2857 2371 2912; x_wconf 81' lang='grc' dir='ltr'>ὒν</span> <span class='ocrx_word' id='word_1_674' title='bbox 2391 2860 2486 2914; x_wconf 79' lang='grc' dir='ltr'>καὶ</span> <span class='ocrx_word' id='word_1_675' title='bbox 2509 2860 2712 2930; x_wconf 86' lang='grc' dir='ltr'>σφόδρα</span> <span class='ocrx_word' id='word_1_676' title='bbox 2741 2863 3015 2932; x_wconf 82' lang='grc' dir='ltr'>μέγιστον,</span> <span class='ocrx_word' id='word_1_677' title='bbox 3041 2862 3175 2915; x_wconf 92' lang='grc' dir='ltr'>ἀλλά</span> <span class='ocrx_word' id='word_1_678' title='bbox 3215 2862 3364 2933; x_wconf 87' lang='grc' dir='ltr'>μένει</span> <span class='ocrx_word' id='word_1_679' title='bbox 3384 2866 3496 2927; x_wconf 85' lang='grc' dir='ltr'>τοῖς</span> 
     </span>
    </p>
   </div>
   <div class='ocr_carea' id='block_1_87' title="bbox 1918 2950 3497 3025">
    <p class='ocr_par' dir='ltr' id='par_1_87' title="bbox 1918 2950 3497 3025">
     <span class='ocr_line' id='line_1_87' title="bbox 1918 2950 3497 3025; baseline -0.004 -11"><span class='ocrx_word' id='word_1_680' title='bbox 1918 2950 2135 3013; x_wconf 73' lang='grc' dir='ltr'>οἰκείοις</span> <span class='ocrx_word' id='word_1_681' title='bbox 2182 2950 2366 3015; x_wconf 79' lang='grc' dir='ltr'>τόποις</span> <span class='ocrx_word' id='word_1_682' title='bbox 2406 2952 2846 3023; x_wconf 81' lang='grc' dir='ltr'>ὲνδιαιτὼμενον,</span> <span class='ocrx_word' id='word_1_683' title='bbox 2871 2955 2963 3007; x_wconf 78' lang='grc' dir='ltr'>καὶ</span> <span class='ocrx_word' id='word_1_684' title='bbox 2987 2954 3047 3007; x_wconf 89' lang='grc' dir='ltr'>οὐ</span> <span class='ocrx_word' id='word_1_685' title='bbox 3088 2955 3246 3025; x_wconf 88' lang='grc' dir='ltr'>μόνον</span> <span class='ocrx_word' id='word_1_686' title='bbox 3278 2955 3377 3009; x_wconf 86' lang='grc' dir='ltr'>οὐκ</span> <span class='ocrx_word' id='word_1_687' title='bbox 3411 2955 3497 3020; x_wconf 77' lang='grc' dir='ltr'>ἔξ-</span> 
     </span>
    </p>
   </div>
   <div class='ocr_carea' id='block_1_88' title="bbox 1917 3042 3495 3119">
    <p class='ocr_par' dir='ltr' id='par_1_88' title="bbox 1917 3042 3495 3119">
     <span class='ocr_line' id='line_1_88' title="bbox 1917 3042 3495 3119; baseline 0.004 -25"><span class='ocrx_word' id='word_1_688' title='bbox 1917 3058 2022 3095; x_wconf 88' lang='grc' dir='ltr'>εισι</span> <span class='ocrx_word' id='word_1_689' title='bbox 2044 3042 2179 3113; x_wconf 76' lang='grc' dir='ltr'>πρὸς</span> <span class='ocrx_word' id='word_1_690' title='bbox 2204 3042 2302 3114; x_wconf 80' lang='grc' dir='ltr'>τὴν</span> <span class='ocrx_word' id='word_1_691' title='bbox 2337 3042 2464 3113; x_wconf 81' lang='grc' dir='ltr'>γῆν,</span> <span class='ocrx_word' id='word_1_692' title='bbox 2502 3043 2624 3098; x_wconf 81' lang='grc' dir='ltr'>οὐδὲ</span> <span class='ocrx_word' id='word_1_693' title='bbox 2653 3045 2787 3116; x_wconf 84' lang='grc' dir='ltr'>πρὸς</span> <span class='ocrx_word' id='word_1_694' title='bbox 2818 3047 2916 3116; x_wconf 83' lang='grc' dir='ltr'>τὴν</span> <span class='ocrx_word' id='word_1_695' title='bbox 2945 3048 3267 3118; x_wconf 89' lang='grc' dir='ltr'>οἰκουμένην</span> <span class='ocrx_word' id='word_1_696' title='bbox 3292 3046 3495 3119; x_wconf 83' lang='grc' dir='ltr'>χώραν,</span> 
     </span>
    </p>
   </div>
   <div class='ocr_carea' id='block_1_89' title="bbox 1916 3120 3498 3209">
    <p class='ocr_par' dir='ltr' id='par_1_89' title="bbox 1916 3120 3498 3209">
     <span class='ocr_line' id='line_1_89' title="bbox 1916 3120 3498 3209; baseline 0.004 -24"><span class='ocrx_word' id='word_1_697' title='bbox 1916 3132 2031 3186; x_wconf 84' lang='grc' dir='ltr'>ἀλλ’</span> <span class='ocrx_word' id='word_1_698' title='bbox 2052 3133 2172 3187; x_wconf 85' lang='grc' dir='ltr'>οὐδὲ</span> <span class='ocrx_word' id='word_1_699' title='bbox 2199 3134 2296 3204; x_wconf 85' lang='grc' dir='ltr'>τῆς</span> <span class='ocrx_word' id='word_1_700' title='bbox 2330 3120 2601 3205; x_wconf 83' lang='grc' dir='ltr'>θαλάττης</span> <span class='ocrx_word' id='word_1_701' title='bbox 2624 3136 2687 3190; x_wconf 88' lang='lat' dir='ltr'>rb</span> <span class='ocrx_word' id='word_1_702' title='bbox 2724 3138 2861 3209; x_wconf 85' lang='grc' dir='ltr'>πρὸς</span> <span class='ocrx_word' id='word_1_703' title='bbox 2893 3138 3167 3192; x_wconf 90' lang='grc' dir='ltr'>ναυτιλίαν</span> <span class='ocrx_word' id='word_1_704' title='bbox 3194 3139 3498 3208; x_wconf 82' lang='grc' dir='ltr'>ἐπιτήδειον</span> 
     </span>
    </p>
   </div>
   <div class='ocr_carea' id='block_1_90' title="bbox 1915 3222 3495 3302">
    <p class='ocr_par' dir='ltr' id='par_1_90' title="bbox 1915 3222 3495 3302">
     <span class='ocr_line' id='line_1_90' title="bbox 1915 3222 3495 3302; baseline 0.006 -27"><span class='ocrx_word' id='word_1_705' title='bbox 1915 3222 2232 3295; x_wconf 88' lang='grc' dir='ltr'>λυμαίνεται</span> <span class='ocrx_word' id='word_1_706' title='bbox 2268 3226 2434 3298; x_wconf 86' lang='grc' dir='ltr'>μέρος</span> <span class='ocrx_word' id='word_1_707' title='bbox 2454 3244 2467 3256; x_wconf 90' lang='grc'><strong>·</strong></span> <span class='ocrx_word' id='word_1_708' title='bbox 2501 3229 2562 3281; x_wconf 90' lang='grc' dir='ltr'>οὐ</span> <span class='ocrx_word' id='word_1_709' title='bbox 2587 3227 2797 3301; x_wconf 78' lang='grc' dir='ltr'>δαπανᾷ</span> <span class='ocrx_word' id='word_1_710' title='bbox 2823 3244 2843 3269; x_wconf 74' lang='grc' dir='ltr'>ε</span> <span class='ocrx_word' id='word_1_711' title='bbox 2877 3229 2985 3283; x_wconf 83' lang='grc' dir='ltr'>τῶν</span> <span class='ocrx_word' id='word_1_712' title='bbox 3023 3230 3218 3300; x_wconf 85' lang='grc' dir='ltr'>ίχθύων</span> <span class='ocrx_word' id='word_1_713' title='bbox 3243 3230 3312 3283; x_wconf 89' lang='grc' dir='ltr'>τὰ</span> <span class='ocrx_word' id='word_1_714' title='bbox 3342 3230 3495 3302; x_wconf 75' lang='grc' dir='ltr'>γένη,</span> 
     </span>
    </p>
   </div>
   <div class='ocr_carea' id='block_1_91' title="bbox 1921 3313 3497 3393">
    <p class='ocr_par' dir='ltr' id='par_1_91' title="bbox 1921 3313 3497 3393">
     <span class='ocr_line' id='line_1_91' title="bbox 1921 3313 3497 3393; baseline 0.004 -26"><span class='ocrx_word' id='word_1_715' title='bbox 1921 3313 2035 3367; x_wconf 87' lang='grc' dir='ltr'>ἀλλ’</span> <span class='ocrx_word' id='word_1_716' title='bbox 2060 3313 2191 3367; x_wconf 88' lang='grc' dir='ltr'>είσω</span> <span class='ocrx_word' id='word_1_717' title='bbox 2228 3315 2327 3386; x_wconf 85' lang='grc' dir='ltr'>τῆς</span> <span class='ocrx_word' id='word_1_718' title='bbox 2360 3317 2569 3381; x_wconf 89' lang='grc' dir='ltr'>οίκείας</span> <span class='ocrx_word' id='word_1_719' title='bbox 2609 3319 2937 3373; x_wconf 80' lang='grc' dir='ltr'>ἐνδιαιτᾶται</span> <span class='ocrx_word' id='word_1_720' title='bbox 2973 3320 3122 3393; x_wconf 69' lang='grc'>[495]</span> <span class='ocrx_word' id='word_1_721' title='bbox 3150 3320 3349 3392; x_wconf 82' lang='grc' dir='ltr'>χώρας.</span> <span class='ocrx_word' id='word_1_722' title='bbox 3388 3321 3497 3375; x_wconf 75' lang='grc' dir='ltr'>Καὶ</span> 
     </span>
    </p>
   </div>
   <div class='ocr_carea' id='block_1_92' title="bbox 1915 3404 3498 3485">
    <p class='ocr_par' dir='ltr' id='par_1_92' title="bbox 1915 3404 3498 3485">
     <span class='ocr_line' id='line_1_92' title="bbox 1915 3404 3498 3485; baseline 0.005 -28"><span class='ocrx_word' id='word_1_723' title='bbox 1915 3406 1977 3458; x_wconf 87' lang='grc' dir='ltr'>οὐ</span> <span class='ocrx_word' id='word_1_724' title='bbox 2004 3406 2174 3459; x_wconf 91' lang='grc' dir='ltr'>ταῦτα</span> <span class='ocrx_word' id='word_1_725' title='bbox 2208 3406 2367 3477; x_wconf 89' lang='grc' dir='ltr'>μόνον</span> <span class='ocrx_word' id='word_1_726' title='bbox 2405 3404 2553 3473; x_wconf 80' lang='grc' dir='ltr'>ἀξιον</span> <span class='ocrx_word' id='word_1_727' title='bbox 2576 3409 2894 3482; x_wconf 77' lang='grc' dir='ltr'>θαυμάζειν,</span> <span class='ocrx_word' id='word_1_728' title='bbox 2928 3412 3062 3465; x_wconf 87' lang='grc' dir='ltr'>ἀλλὰ</span> <span class='ocrx_word' id='word_1_729' title='bbox 3089 3412 3182 3467; x_wconf 81' lang='grc' dir='ltr'>καὶ</span> <span class='ocrx_word' id='word_1_730' title='bbox 3207 3414 3304 3485; x_wconf 84' lang='grc' dir='ltr'>τὴν</span> <span class='ocrx_word' id='word_1_731' title='bbox 3337 3412 3498 3467; x_wconf 76' lang='grc' dir='ltr'>ἀδυσ-</span> 
     </span>
    </p>
   </div>
   <div class='ocr_carea' id='block_1_93' title="bbox 1917 3498 3492 3575">
    <p class='ocr_par' dir='ltr' id='par_1_93' title="bbox 1917 3498 3492 3575">
     <span class='ocr_line' id='line_1_93' title="bbox 1917 3498 3492 3575; baseline 0.006 -26"><span class='ocrx_word' id='word_1_732' title='bbox 1917 3515 2029 3560; x_wconf 87' lang='grc' dir='ltr'>σον,</span> <span class='ocrx_word' id='word_1_733' title='bbox 2059 3498 2158 3568; x_wconf 85' lang='grc' dir='ltr'>ὅση</span> <span class='ocrx_word' id='word_1_734' title='bbox 2198 3498 2258 3550; x_wconf 86' lang='grc' dir='ltr'>τὸ</span> <span class='ocrx_word' id='word_1_735' title='bbox 2296 3498 2458 3569; x_wconf 88' lang='grc' dir='ltr'>βάθος</span> <span class='ocrx_word' id='word_1_736' title='bbox 2489 3500 2656 3555; x_wconf 79' lang='grc' dir='ltr'>ἐστίν.</span> <span class='ocrx_word' id='word_1_737' title='bbox 2693 3502 2870 3573; x_wconf 86' lang='grc' dir='ltr'>Ὅπερ</span> <span class='ocrx_word' id='word_1_738' title='bbox 2906 3503 2963 3556; x_wconf 82' lang='grc' dir='ltr'>δὲ</span> <span class='ocrx_word' id='word_1_739' title='bbox 3012 3504 3103 3557; x_wconf 76' lang='grc' dir='ltr'>ἐπὶ</span> <span class='ocrx_word' id='word_1_740' title='bbox 3151 3503 3241 3557; x_wconf 89' lang='grc' dir='ltr'>τοῦ</span> <span class='ocrx_word' id='word_1_741' title='bbox 3281 3502 3492 3575; x_wconf 88' lang='grc' dir='ltr'>θηρίου,</span> 
     </span>
    </p>
   </div>
   <div class='ocr_carea' id='block_1_94' title="bbox 1916 3588 3494 3668">
    <p class='ocr_par' dir='ltr' id='par_1_94' title="bbox 1916 3588 3494 3668">
     <span class='ocr_line' id='line_1_94' title="bbox 1916 3588 3494 3668; baseline 0.006 -27"><span class='ocrx_word' id='word_1_742' title='bbox 1916 3588 2074 3642; x_wconf 92' lang='grc' dir='ltr'>τοῦτο</span> <span class='ocrx_word' id='word_1_743' title='bbox 2100 3590 2193 3642; x_wconf 80' lang='grc' dir='ltr'>καί</span> <span class='ocrx_word' id='word_1_744' title='bbox 2215 3590 2307 3643; x_wconf 77' lang='grc' dir='ltr'>ἐπὶ</span> <span class='ocrx_word' id='word_1_745' title='bbox 2338 3590 2440 3661; x_wconf 83' lang='grc' dir='ltr'>τῆς</span> <span class='ocrx_word' id='word_1_746' title='bbox 2470 3592 2744 3664; x_wconf 86' lang='grc' dir='ltr'>θαλάσσης</span> <span class='ocrx_word' id='word_1_747' title='bbox 2771 3593 2916 3647; x_wconf 76' lang='grc' dir='ltr'>ἐστιν</span> <span class='ocrx_word' id='word_1_748' title='bbox 2949 3596 3096 3650; x_wconf 85' lang='grc' dir='ltr'>ἰδεῖν.</span> <span class='ocrx_word' id='word_1_749' title='bbox 3126 3598 3235 3650; x_wconf 77' lang='grc' dir='ltr'>Καὶ</span> <span class='ocrx_word' id='word_1_750' title='bbox 3263 3597 3370 3668; x_wconf 81' lang='grc' dir='ltr'>γὰρ</span> <span class='ocrx_word' id='word_1_751' title='bbox 3400 3597 3494 3651; x_wconf 75' lang='grc' dir='ltr'>καὶ</span> 
     </span>
    </p>
   </div>
   <div class='ocr_carea' id='block_1_95' title="bbox 1917 3681 3494 3761">
    <p class='ocr_par' dir='ltr' id='par_1_95' title="bbox 1917 3681 3494 3761">
     <span class='ocr_line' id='line_1_95' title="bbox 1917 3681 3494 3761; baseline 0.006 -27"><span class='ocrx_word' id='word_1_752' title='bbox 1917 3681 2054 3751; x_wconf 79' lang='grc' dir='ltr'>αὐτη</span> <span class='ocrx_word' id='word_1_753' title='bbox 2089 3686 2208 3746; x_wconf 81' lang='grc' dir='ltr'>ταῖς</span> <span class='ocrx_word' id='word_1_754' title='bbox 2228 3687 2337 3737; x_wconf 86' lang='grc' dir='ltr'>τῶν</span> <span class='ocrx_word' id='word_1_755' title='bbox 2367 3685 2694 3756; x_wconf 87' lang='grc' dir='ltr'>πνευμάτων</span> <span class='ocrx_word' id='word_1_756' title='bbox 2718 3686 2860 3758; x_wconf 86' lang='grc' dir='ltr'>βίαις</span> <span class='ocrx_word' id='word_1_757' title='bbox 2903 3685 3039 3744; x_wconf 77' lang='grc' dir='ltr'>οὖσα</span> <span class='ocrx_word' id='word_1_758' title='bbox 3078 3690 3367 3761; x_wconf 83' lang='grc' dir='ltr'>ἀφόρητος,</span> <span class='ocrx_word' id='word_1_759' title='bbox 3401 3692 3494 3743; x_wconf 73' lang='grc' dir='ltr'>καὶ</span> 
     </span>
    </p>
   </div>
   <div class='ocr_carea' id='block_1_96' title="bbox 1915 3762 3493 3853">
    <p class='ocr_par' dir='ltr' id='par_1_96' title="bbox 1915 3773 3493 3853">
     <span class='ocr_line' id='line_1_96' title="bbox 1915 3773 3493 3853; baseline 0.004 -26"><span class='ocrx_word' id='word_1_760' title='bbox 1915 3773 2170 3828; x_wconf 87' lang='grc' dir='ltr'>τοσοῦτον</span> <span class='ocrx_word' id='word_1_761' title='bbox 2195 3775 2397 3847; x_wconf 84' lang='grc' dir='ltr'>πλῆθος</span> <span class='ocrx_word' id='word_1_762' title='bbox 2430 3776 2636 3832; x_wconf 84' lang='grc' dir='ltr'>ὑδάτων</span> <span class='ocrx_word' id='word_1_763' title='bbox 2658 3778 2877 3850; x_wconf 77' lang='grc' dir='ltr'>ἔχουσα,</span> <span class='ocrx_word' id='word_1_764' title='bbox 2899 3782 2998 3836; x_wconf 88' lang='grc' dir='ltr'>οὑκ</span> <span class='ocrx_word' id='word_1_765' title='bbox 3019 3783 3352 3853; x_wconf 84' lang='grc' dir='ltr'>ἐκρήγνυται</span> <span class='ocrx_word' id='word_1_766' title='bbox 3385 3783 3493 3834; x_wconf 83' lang='grc' dir='ltr'>τῶν</span> 
     </span>
    </p>
   </div>
   <div class='ocr_carea' id='block_1_97' title="bbox 1914 3868 3493 3945">
    <p class='ocr_par' dir='ltr' id='par_1_97' title="bbox 1914 3868 3493 3945">
     <span class='ocr_line' id='line_1_97' title="bbox 1914 3868 3493 3945; baseline 0.006 -25"><span class='ocrx_word' id='word_1_767' title='bbox 1914 3868 2129 3922; x_wconf 72' lang='grc' dir='ltr'>οἰκείων</span> <span class='ocrx_word' id='word_1_768' title='bbox 2160 3868 2336 3940; x_wconf 78' lang='grc' dir='ltr'>ὅρων,</span> <span class='ocrx_word' id='word_1_769' title='bbox 2372 3871 2472 3923; x_wconf 90' lang='grc' dir='ltr'>οὐκ</span> <span class='ocrx_word' id='word_1_770' title='bbox 2504 3871 2781 3938; x_wconf 78' lang='grc' dir='ltr'>ἐπικλύζει</span> <span class='ocrx_word' id='word_1_771' title='bbox 2818 3875 2916 3945; x_wconf 84' lang='grc' dir='ltr'>τὴν</span> <span class='ocrx_word' id='word_1_772' title='bbox 2948 3876 3160 3944; x_wconf 86' lang='grc' dir='ltr'>γείτονα</span> <span class='ocrx_word' id='word_1_773' title='bbox 3196 3874 3493 3945; x_wconf 81' lang='grc' dir='ltr'>γῆν,.ἀλλά</span> 
     </span>
    </p>
   </div>
   <div class='ocr_carea' id='block_1_98' title="bbox 1915 3959 3492 4038">
    <p class='ocr_par' dir='ltr' id='par_1_98' title="bbox 1915 3959 3492 4038">
     <span class='ocr_line' id='line_1_98' title="bbox 1915 3959 3492 4038; baseline 0.003 -24"><span class='ocrx_word' id='word_1_774' title='bbox 1915 3960 2010 4015; x_wconf 81' lang='grc' dir='ltr'>καὶ</span> <span class='ocrx_word' id='word_1_775' title='bbox 2052 3959 2190 4032; x_wconf 82' lang='grc' dir='ltr'>αὑτὴ</span> <span class='ocrx_word' id='word_1_776' title='bbox 2245 3960 2465 4032; x_wconf 84' lang='grc' dir='ltr'>δεσμοῖς</span> <span class='ocrx_word' id='word_1_777' title='bbox 2512 3965 2788 4036; x_wconf 86' lang='grc' dir='ltr'>ἀκινήτοις</span> <span class='ocrx_word' id='word_1_778' title='bbox 2832 3967 3166 4038; x_wconf 73' lang='grc' dir='ltr'>πεπέδηταιο</span> <span class='ocrx_word' id='word_1_779' title='bbox 3211 3968 3384 4021; x_wconf 88' lang='grc' dir='ltr'>καίτοι</span> <span class='ocrx_word' id='word_1_780' title='bbox 3429 3983 3492 4036; x_wconf 89' lang='grc' dir='ltr'>γε</span> 
     </span>
    </p>
   </div>
   <div class='ocr_carea' id='block_1_99' title="bbox 1914 4051 3494 4131">
    <p class='ocr_par' dir='ltr' id='par_1_99' title="bbox 1914 4051 3494 4131">
     <span class='ocr_line' id='line_1_99' title="bbox 1914 4051 3494 4131; baseline 0.004 -27"><span class='ocrx_word' id='word_1_781' title='bbox 1914 4051 2147 4116; x_wconf 78' lang='grc' dir='ltr'>ἄτακτος</span> <span class='ocrx_word' id='word_1_782' title='bbox 2181 4054 2214 4121; x_wconf 90' lang='grc' dir='ltr'>ή</span> <span class='ocrx_word' id='word_1_783' title='bbox 2263 4053 2371 4107; x_wconf 82' lang='grc' dir='ltr'>τῶν</span> <span class='ocrx_word' id='word_1_784' title='bbox 2403 4054 2606 4111; x_wconf 81' lang='grc' dir='ltr'>ὑδάτων</span> <span class='ocrx_word' id='word_1_785' title='bbox 2645 4058 2824 4127; x_wconf 91' lang='grc' dir='ltr'>φύσις.</span> <span class='ocrx_word' id='word_1_786' title='bbox 2861 4059 3027 4114; x_wconf 81' lang='grc' dir='ltr'>Ὅταν</span> <span class='ocrx_word' id='word_1_787' title='bbox 3058 4060 3115 4112; x_wconf 83' lang='grc' dir='ltr'>δὲ</span> <span class='ocrx_word' id='word_1_788' title='bbox 3156 4062 3249 4113; x_wconf 79' lang='grc' dir='ltr'>καί</span> <span class='ocrx_word' id='word_1_789' title='bbox 3291 4060 3494 4131; x_wconf 79' lang='grc' dir='ltr'>πλῆθος</span> 
     </span>
    </p>
   </div>
   <div class='ocr_carea' id='block_1_100' title="bbox 1914 4138 3489 4221">
    <p class='ocr_par' dir='ltr' id='par_1_100' title="bbox 1914 4138 3489 4221">
     <span class='ocr_line' id='line_1_100' title="bbox 1914 4138 3489 4221; baseline 0.008 -28"><span class='ocrx_word' id='word_1_790' title='bbox 1914 4141 2165 4195; x_wconf 91' lang='grc' dir='ltr'>τοσοῦτον</span> <span class='ocrx_word' id='word_1_791' title='bbox 2206 4138 2263 4217; x_wconf 80' lang='grc' dir='ltr'>ᾖ,</span> <span class='ocrx_word' id='word_1_792' title='bbox 2304 4144 2397 4197; x_wconf 82' lang='grc' dir='ltr'>καί</span> <span class='ocrx_word' id='word_1_793' title='bbox 2445 4147 2548 4200; x_wconf 83' lang='grc' dir='ltr'>ὑπὸ</span> <span class='ocrx_word' id='word_1_794' title='bbox 2586 4148 2853 4203; x_wconf 88' lang='grc' dir='ltr'>τοσούτων</span> <span class='ocrx_word' id='word_1_795' title='bbox 2896 4152 3216 4221; x_wconf 87' lang='grc' dir='ltr'>πνευμάτων</span> <span class='ocrx_word' id='word_1_796' title='bbox 3254 4151 3489 4221; x_wconf 81' lang='grc' dir='ltr'>ὠθῆται,</span> 
     </span>
    </p>
   </div>
   <div class='ocr_carea' id='block_1_101' title="bbox 1920 4220 3490 4314">
    <p class='ocr_par' dir='ltr' id='par_1_101' title="bbox 1920 4220 3490 4314">
     <span class='ocr_line' id='line_1_101' title="bbox 1920 4220 3490 4314; baseline 0.007 -29"><span class='ocrx_word' id='word_1_797' title='bbox 1920 4220 2179 4306; x_wconf 79' lang='grc' dir='ltr'>ἐννόησον</span> <span class='ocrx_word' id='word_1_798' title='bbox 2198 4234 2386 4306; x_wconf 79' lang='grc' dir='ltr'>ἡλίκου</span> <span class='ocrx_word' id='word_1_799' title='bbox 2416 4237 2692 4311; x_wconf 88' lang='grc' dir='ltr'>θαύματος</span> <span class='ocrx_word' id='word_1_800' title='bbox 2723 4242 2784 4295; x_wconf 83' lang='grc' dir='ltr'>τὸ</span> <span class='ocrx_word' id='word_1_801' title='bbox 2813 4244 2949 4313; x_wconf 87' lang='grc' dir='ltr'>μήτε</span> <span class='ocrx_word' id='word_1_802' title='bbox 2984 4245 3123 4297; x_wconf 86' lang='grc' dir='ltr'>κατά</span> <span class='ocrx_word' id='word_1_803' title='bbox 3148 4243 3243 4314; x_wconf 79' lang='grc' dir='ltr'>τὴν</span> <span class='ocrx_word' id='word_1_804' title='bbox 3266 4244 3490 4311; x_wconf 73' lang='grc' dir='ltr'>ἀταξίαν</span> 
     </span>
    </p>
   </div>
   <div class='ocr_carea' id='block_1_102' title="bbox 1920 4327 3490 4407">
    <p class='ocr_par' dir='ltr' id='par_1_102' title="bbox 1920 4327 3490 4407">
     <span class='ocr_line' id='line_1_102' title="bbox 1920 4327 3490 4407; baseline 0.01 -29"><span class='ocrx_word' id='word_1_805' title='bbox 1920 4328 2056 4399; x_wconf 89' lang='grc' dir='ltr'>μήτε</span> <span class='ocrx_word' id='word_1_806' title='bbox 2080 4328 2170 4380; x_wconf 83' lang='grc' dir='ltr'>τὸν</span> <span class='ocrx_word' id='word_1_807' title='bbox 2196 4327 2359 4395; x_wconf 77' lang='grc' dir='ltr'>ὄγκον</span> <span class='ocrx_word' id='word_1_808' title='bbox 2402 4336 2536 4401; x_wconf 87' lang='grc' dir='ltr'>μήτε</span> <span class='ocrx_word' id='word_1_809' title='bbox 2560 4333 2658 4404; x_wconf 89' lang='grc' dir='ltr'>τὴν</span> <span class='ocrx_word' id='word_1_810' title='bbox 2687 4334 2808 4404; x_wconf 87' lang='grc' dir='ltr'>βίαν</span> <span class='ocrx_word' id='word_1_811' title='bbox 2844 4335 3129 4391; x_wconf 83' lang='grc' dir='ltr'>ἐκπίπτειν</span> <span class='ocrx_word' id='word_1_812' title='bbox 3161 4338 3258 4407; x_wconf 72' lang='grc' dir='ltr'>τῆς</span> <span class='ocrx_word' id='word_1_813' title='bbox 3288 4340 3490 4404; x_wconf 88' lang='grc' dir='ltr'>οἰκείας</span> 
     </span>
    </p>
   </div>
   <div class='ocr_carea' id='block_1_103' title="bbox 1915 4420 3489 4503">
    <p class='ocr_par' dir='ltr' id='par_1_103' title="bbox 1915 4420 3489 4503">
     <span class='ocr_line' id='line_1_103' title="bbox 1915 4420 3489 4503; baseline 0.008 -33"><span class='ocrx_word' id='word_1_814' title='bbox 1915 4420 2130 4490; x_wconf 79' lang='grc' dir='ltr'>χώρας,</span> <span class='ocrx_word' id='word_1_815' title='bbox 2181 4420 2316 4475; x_wconf 83' lang='grc' dir='ltr'>ἀλλὰ</span> <span class='ocrx_word' id='word_1_816' title='bbox 2363 4426 2541 4478; x_wconf 83' lang='grc' dir='ltr'>πᾶσαν</span> <span class='ocrx_word' id='word_1_817' title='bbox 2591 4427 2649 4478; x_wconf 83' lang='grc' dir='ltr'>ἐν</span> <span class='ocrx_word' id='word_1_818' title='bbox 2696 4425 2889 4498; x_wconf 79' lang='grc' dir='ltr'>ἀταξίᾳ</span> <span class='ocrx_word' id='word_1_819' title='bbox 2933 4429 3170 4503; x_wconf 82' lang='grc' dir='ltr'>τοσαύτῃ</span> <span class='ocrx_word' id='word_1_820' title='bbox 3215 4430 3489 4501; x_wconf 81' lang='grc' dir='ltr'>διατηρεῖν</span> 
     </span>
    </p>
   </div>
   <div class='ocr_carea' id='block_1_104' title="bbox 1916 4512 3490 4596">
    <p class='ocr_par' dir='ltr' id='par_1_104' title="bbox 1916 4512 3490 4596">
     <span class='ocr_line' id='line_1_104' title="bbox 1916 4512 3490 4596; baseline 0.01 -33"><span class='ocrx_word' id='word_1_821' title='bbox 1916 4512 2186 4576; x_wconf 79' lang='grc' dir='ltr'>εὐταξίαν.</span> <span class='ocrx_word' id='word_1_822' title='bbox 2231 4512 2416 4568; x_wconf 86' lang='grc' dir='ltr'>Ταῦτα</span> <span class='ocrx_word' id='word_1_823' title='bbox 2455 4517 2632 4571; x_wconf 90' lang='grc' dir='ltr'>τοίνυν</span> <span class='ocrx_word' id='word_1_824' title='bbox 2672 4519 3121 4592; x_wconf 76' lang='grc' dir='ltr'>ἀναλογιζόμενος</span> <span class='ocrx_word' id='word_1_825' title='bbox 3159 4523 3364 4596; x_wconf 78' lang='grc' dir='ltr'>δυνήσῃ</span> <span class='ocrx_word' id='word_1_826' title='bbox 3395 4528 3490 4578; x_wconf 75' lang='grc' dir='ltr'>καὶ</span> 
     </span>
    </p>
   </div>
   <div class='ocr_carea' id='block_1_105' title="bbox 1915 4602 3489 4685">
    <p class='ocr_par' dir='ltr' id='par_1_105' title="bbox 1915 4602 3489 4685">
     <span class='ocr_line' id='line_1_105' title="bbox 1915 4602 3489 4685; baseline 0.01 -31"><span class='ocrx_word' id='word_1_827' title='bbox 1915 4602 2163 4657; x_wconf 81' lang='grc' dir='ltr'>ἐντεῦθεν</span> <span class='ocrx_word' id='word_1_828' title='bbox 2194 4603 2361 4676; x_wconf 74' lang='grc' dir='ltr'>ὕμνον</span> <span class='ocrx_word' id='word_1_829' title='bbox 2386 4607 2632 4677; x_wconf 79' lang='grc' dir='ltr'>ὑφαίνειν</span> <span class='ocrx_word' id='word_1_830' title='bbox 2654 4610 2731 4681; x_wconf 82' lang='grc' dir='ltr'>τῷ</span> <span class='ocrx_word' id='word_1_831' title='bbox 2764 4610 2902 4681; x_wconf 80' lang='grc' dir='ltr'>Θεῷ,</span> <span class='ocrx_word' id='word_1_832' title='bbox 2935 4615 3027 4667; x_wconf 78' lang='grc' dir='ltr'>καὶ</span> <span class='ocrx_word' id='word_1_833' title='bbox 3061 4614 3357 4685; x_wconf 77' lang='grc' dir='ltr'>θαυμάζειν</span> <span class='ocrx_word' id='word_1_834' title='bbox 3388 4617 3489 4670; x_wconf 90' lang='grc' dir='ltr'>αὑ-</span> 
     </span>
    </p>
   </div>
   <div class='ocr_carea' id='block_1_106' title="bbox 1914 4692 3487 4775">
    <p class='ocr_par' dir='ltr' id='par_1_106' title="bbox 1914 4692 3487 4775">
     <span class='ocr_line' id='line_1_106' title="bbox 1914 4692 3487 4775; baseline 0.009 -29"><span class='ocrx_word' id='word_1_835' title='bbox 1914 4692 2007 4746; x_wconf 87' lang='grc' dir='ltr'>τοῦ</span> <span class='ocrx_word' id='word_1_836' title='bbox 2034 4698 2133 4766; x_wconf 85' lang='grc' dir='ltr'>τὴν</span> <span class='ocrx_word' id='word_1_837' title='bbox 2157 4695 2402 4767; x_wconf 91' lang='grc' dir='ltr'>δύναμιν,</span> <span class='ocrx_word' id='word_1_838' title='bbox 2420 4697 2518 4769; x_wconf 83' lang='grc' dir='ltr'>τὴν</span> <span class='ocrx_word' id='word_1_839' title='bbox 2540 4699 2751 4769; x_wconf 86' lang='grc' dir='ltr'>σοφίαν,</span> <span class='ocrx_word' id='word_1_840' title='bbox 2772 4702 2869 4772; x_wconf 86' lang='grc' dir='ltr'>τὴν</span> <span class='ocrx_word' id='word_1_841' title='bbox 2899 4704 3068 4774; x_wconf 77' lang='grc' dir='ltr'>ἰσχὺν,</span> <span class='ocrx_word' id='word_1_842' title='bbox 3092 4705 3191 4775; x_wconf 82' lang='grc' dir='ltr'>τὴν</span> <span class='ocrx_word' id='word_1_843' title='bbox 3220 4705 3487 4771; x_wconf 80' lang='grc' dir='ltr'>ἐξουσίαν.</span> 
     </span>
    </p>
   </div>
   <div class='ocr_carea' id='block_1_107' title="bbox 1916 4788 3490 4869">
    <p class='ocr_par' dir='ltr' id='par_1_107' title="bbox 1916 4788 3490 4869">
     <span class='ocr_line' id='line_1_107' title="bbox 1916 4788 3490 4869; baseline 0.007 -29"><span class='ocrx_word' id='word_1_844' title='bbox 1916 4788 2036 4841; x_wconf 87' lang='grc' dir='ltr'>Εἰσί</span> <span class='ocrx_word' id='word_1_845' title='bbox 2064 4788 2121 4842; x_wconf 85' lang='grc' dir='ltr'>δὲ</span> <span class='ocrx_word' id='word_1_846' title='bbox 2166 4792 2260 4844; x_wconf 80' lang='grc' dir='ltr'>καὶ</span> <span class='ocrx_word' id='word_1_847' title='bbox 2303 4790 2482 4862; x_wconf 81' lang='grc' dir='ltr'>ἐτεροι</span> <span class='ocrx_word' id='word_1_848' title='bbox 2531 4793 2678 4862; x_wconf 87' lang='grc' dir='ltr'>λόγοι</span> <span class='ocrx_word' id='word_1_849' title='bbox 2729 4795 3029 4869; x_wconf 75' lang='grc' dir='ltr'>ἀπόρρητοι</span> <span class='ocrx_word' id='word_1_850' title='bbox 3078 4798 3299 4861; x_wconf 84' lang='grc' dir='ltr'>τούτων,</span> <span class='ocrx_word' id='word_1_851' title='bbox 3334 4798 3426 4862; x_wconf 82' lang='grc' dir='ltr'>οὒς</span> <span class='ocrx_word' id='word_1_852' title='bbox 3462 4800 3490 4851; x_wconf 90' lang='grc' dir='ltr'><strong>ὀ</strong></span> 
     </span>
    </p>
   </div>
   <div class='ocr_carea' id='block_1_108' title="bbox 1916 4878 3486 4960">
    <p class='ocr_par' dir='ltr' id='par_1_108' title="bbox 1916 4878 3486 4960">
     <span class='ocr_line' id='line_1_108' title="bbox 1916 4878 3486 4960; baseline 0.007 -26"><span class='ocrx_word' id='word_1_853' title='bbox 1916 4880 2147 4951; x_wconf 89' lang='grc' dir='ltr'>ποιήσας</span> <span class='ocrx_word' id='word_1_854' title='bbox 2175 4878 2312 4935; x_wconf 75' lang='grc' dir='ltr'>οἶδεν</span> <span class='ocrx_word' id='word_1_855' title='bbox 2356 4883 2537 4947; x_wconf 84' lang='grc' dir='ltr'>αὐτός.</span> <span class='ocrx_word' id='word_1_856' title='bbox 2569 4885 2660 4939; x_wconf 85' lang='grc' dir='ltr'>Διὸ</span> <span class='ocrx_word' id='word_1_857' title='bbox 2692 4888 2782 4940; x_wconf 90' lang='grc' dir='ltr'>καί</span> <span class='ocrx_word' id='word_1_858' title='bbox 2829 4906 2911 4953; x_wconf 90' lang='grc' dir='ltr'>τις</span> <span class='ocrx_word' id='word_1_859' title='bbox 2946 4890 3128 4958; x_wconf 81' lang='grc' dir='ltr'>ἐλεγε’</span> <span class='ocrx_word' id='word_1_860' title='bbox 3162 4891 3256 4957; x_wconf 78' lang='grc' dir='ltr'>Μὴ</span> <span class='ocrx_word' id='word_1_861' title='bbox 3290 4891 3486 4960; x_wconf 76' lang='grc' dir='ltr'>εἴπῃς,</span> 
     </span>
    </p>
   </div>
   <div class='ocr_carea' id='block_1_109' title="bbox 1914 4972 3490 5053">
    <p class='ocr_par' dir='ltr' id='par_1_109' title="bbox 1914 4972 3490 5053">
     <span class='ocr_line' id='line_1_109' title="bbox 1914 4972 3490 5053; baseline 0.009 -28"><span class='ocrx_word' id='word_1_862' title='bbox 1914 4972 2016 5026; x_wconf 86' lang='grc' dir='ltr'>Διὰ</span> <span class='ocrx_word' id='word_1_863' title='bbox 2041 4974 2097 5026; x_wconf 87' lang='grc' dir='ltr'>τί</span> <span class='ocrx_word' id='word_1_864' title='bbox 2118 4975 2326 5037; x_wconf 84' lang='grc' dir='ltr'>τοῦτο;</span> <span class='ocrx_word' id='word_1_865' title='bbox 2354 4979 2456 5042; x_wconf 87' lang='grc' dir='ltr'>Εὶς</span> <span class='ocrx_word' id='word_1_866' title='bbox 2481 4979 2538 5031; x_wconf 85' lang='grc' dir='ltr'>τί</span> <span class='ocrx_word' id='word_1_867' title='bbox 2558 4978 2732 5033; x_wconf 83' lang='grc' dir='ltr'>τοῦτο</span> <span class='ocrx_word' id='word_1_868' title='bbox 2754 4996 2773 5042; x_wconf 92' lang='grc'><em>;</em></span> <span class='ocrx_word' id='word_1_869' title='bbox 2805 4980 3009 5037; x_wconf 85' lang='grc' dir='ltr'>Πάντα</span> <span class='ocrx_word' id='word_1_870' title='bbox 3039 4985 3146 5052; x_wconf 77' lang='grc' dir='ltr'>γὰρ</span> <span class='ocrx_word' id='word_1_871' title='bbox 3174 4986 3260 5049; x_wconf 82' lang='grc' dir='ltr'>εἰς</span> <span class='ocrx_word' id='word_1_872' title='bbox 3283 4986 3490 5053; x_wconf 81' lang='grc' dir='ltr'>χρείαν</span> 
     </span>
    </p>
   </div>
   <div class='ocr_carea' id='block_1_110' title="bbox 1914 5065 3488 5143">
    <p class='ocr_par' dir='ltr' id='par_1_110' title="bbox 1914 5065 3488 5143">
     <span class='ocr_line' id='line_1_110' title="bbox 1914 5065 3488 5143; baseline 0.008 -26"><span class='ocrx_word' id='word_1_873' title='bbox 1914 5065 2100 5119; x_wconf 85' lang='grc' dir='ltr'>αὑτοῦ</span> <span class='ocrx_word' id='word_1_874' title='bbox 2136 5065 2391 5135; x_wconf 77' lang='grc' dir='ltr'>ἐγένετο.</span> <span class='ocrx_word' id='word_1_875' title='bbox 2432 5068 2578 5137; x_wconf 85' lang='grc' dir='ltr'>Πῦρ,</span> <span class='ocrx_word' id='word_1_876' title='bbox 2613 5071 2854 5139; x_wconf 77' lang='grc' dir='ltr'>χάλαζα,</span> <span class='ocrx_word' id='word_1_877' title='bbox 2886 5074 3049 5142; x_wconf 82' lang='grc' dir='ltr'>χιὼν,</span> <span class='ocrx_word' id='word_1_878' title='bbox 3085 5076 3488 5143; x_wconf 70' lang='grc' dir='ltr'>κρύσταλλος,</span> 
     </span>
    </p>
   </div>
   <div class='ocr_carea' id='block_1_111' title="bbox 1918 5155 3490 5235">
    <p class='ocr_par' dir='ltr' id='par_1_111' title="bbox 1918 5155 3490 5235">
     <span class='ocr_line' id='line_1_111' title="bbox 1918 5155 3490 5235; baseline 0.01 -28"><span class='ocrx_word' id='word_1_879' title='bbox 1918 5155 2154 5225; x_wconf 82' lang='grc' dir='ltr'>πνεῦμα</span> <span class='ocrx_word' id='word_1_880' title='bbox 2184 5158 2543 5226; x_wconf 79' lang='grc' dir='ltr'>καταιγίδος,</span> <span class='ocrx_word' id='word_1_881' title='bbox 2584 5162 2657 5215; x_wconf 83' lang='grc' dir='ltr'>τὰ</span> <span class='ocrx_word' id='word_1_882' title='bbox 2695 5164 2983 5219; x_wconf 78' lang='grc' dir='ltr'>ποιοῦντα</span> <span class='ocrx_word' id='word_1_883' title='bbox 3029 5168 3133 5220; x_wconf 77' lang='grc' dir='ltr'>τὸν</span> <span class='ocrx_word' id='word_1_884' title='bbox 3166 5168 3352 5235; x_wconf 76' lang='grc' dir='ltr'>λόγον</span> <span class='ocrx_word' id='word_1_885' title='bbox 3385 5171 3490 5224; x_wconf 85' lang='grc' dir='ltr'>αὺ-</span> 
     </span>
    </p>
   </div>
   <div class='ocr_carea' id='block_1_112' title="bbox 1912 5248 3490 5330">
    <p class='ocr_par' dir='ltr' id='par_1_112' title="bbox 1912 5248 3490 5330">
     <span class='ocr_line' id='line_1_112' title="bbox 1912 5248 3490 5330; baseline 0.008 -30"><span class='ocrx_word' id='word_1_886' title='bbox 1912 5248 2041 5303; x_wconf 82' lang='grc' dir='ltr'>τοῦ.</span> <span class='ocrx_word' id='word_1_887' title='bbox 2080 5249 2342 5303; x_wconf 85' lang='grc' dir='ltr'>Ἐνταῦθα</span> <span class='ocrx_word' id='word_1_888' title='bbox 2380 5254 2473 5306; x_wconf 76' lang='grc' dir='ltr'>καὶ</span> <span class='ocrx_word' id='word_1_889' title='bbox 2527 5253 2712 5324; x_wconf 70' lang='grc' dir='ltr'>ἕτερόν</span> <span class='ocrx_word' id='word_1_890' title='bbox 2760 5274 2812 5309; x_wconf 86' lang='grc' dir='ltr'>τι</span> <span class='ocrx_word' id='word_1_891' title='bbox 2863 5258 2999 5326; x_wconf 82' lang='grc' dir='ltr'>μετά</span> <span class='ocrx_word' id='word_1_892' title='bbox 3044 5258 3153 5311; x_wconf 82' lang='grc' dir='ltr'>τῶν</span> <span class='ocrx_word' id='word_1_893' title='bbox 3188 5261 3490 5330; x_wconf 86' lang='grc' dir='ltr'>εἰρημένων</span> 
     </span>
    </p>
   </div>
   <div class='ocr_carea' id='block_1_113' title="bbox 1916 5339 3489 5422">
    <p class='ocr_par' dir='ltr' id='par_1_113' title="bbox 1916 5339 3489 5422">
     <span class='ocr_line' id='line_1_113' title="bbox 1916 5339 3489 5422; baseline 0.008 -30"><span class='ocrx_word' id='word_1_894' title='bbox 1916 5339 2288 5411; x_wconf 88' lang='grc' dir='ltr'>προστίθησιν.</span> <span class='ocrx_word' id='word_1_895' title='bbox 2324 5342 2411 5395; x_wconf 87' lang='grc' dir='ltr'>Ἐν</span> <span class='ocrx_word' id='word_1_896' title='bbox 2447 5344 2545 5413; x_wconf 82' lang='grc' dir='ltr'>μὲν</span> <span class='ocrx_word' id='word_1_897' title='bbox 2574 5345 2681 5415; x_wconf 83' lang='grc' dir='ltr'>γάρ</span> <span class='ocrx_word' id='word_1_898' title='bbox 2714 5346 2791 5418; x_wconf 77' lang='grc' dir='ltr'>τῷ</span> <span class='ocrx_word' id='word_1_899' title='bbox 2837 5349 3083 5422; x_wconf 79' lang='grc' dir='ltr'>προτέρῳ</span> <span class='ocrx_word' id='word_1_900' title='bbox 3109 5350 3307 5422; x_wconf 72' lang='grc' dir='ltr'>ψαλμῷ</span> <span class='ocrx_word' id='word_1_901' title='bbox 3335 5353 3489 5405; x_wconf 86' lang='grc' dir='ltr'>τοῦτο</span> 
     </span>
    </p>
   </div>
   <div class='ocr_carea' id='block_1_114' title="bbox 1916 5430 3489 5513">
    <p class='ocr_par' dir='ltr' id='par_1_114' title="bbox 1916 5430 3489 5513">
     <span class='ocr_line' id='line_1_114' title="bbox 1916 5430 3489 5513; baseline 0.01 -31"><span class='ocrx_word' id='word_1_902' title='bbox 1916 5430 2245 5503; x_wconf 72' lang='grc' dir='ltr'>ἐθαύμαζεν,</span> <span class='ocrx_word' id='word_1_903' title='bbox 2276 5433 2359 5486; x_wconf 84' lang='grc' dir='ltr'>ὅτι</span> <span class='ocrx_word' id='word_1_904' title='bbox 2382 5435 2438 5487; x_wconf 82' lang='grc' dir='ltr'>ἐν</span> <span class='ocrx_word' id='word_1_905' title='bbox 2468 5435 2697 5509; x_wconf 81' lang='grc' dir='ltr'>βραχείᾳ</span> <span class='ocrx_word' id='word_1_906' title='bbox 2719 5439 2909 5511; x_wconf 84' lang='grc' dir='ltr'>καιροῦ</span> <span class='ocrx_word' id='word_1_907' title='bbox 2943 5443 3081 5513; x_wconf 77' lang='grc' dir='ltr'>ῥοπῇ</span> <span class='ocrx_word' id='word_1_908' title='bbox 3108 5444 3288 5497; x_wconf 86' lang='grc' dir='ltr'>πᾶσαν</span> <span class='ocrx_word' id='word_1_909' title='bbox 3311 5443 3489 5497; x_wconf 77' lang='grc' dir='ltr'>ἔπεισι</span> 
     </span>
    </p>
   </div>
   <div class='ocr_carea' id='block_1_115' title="bbox 1914 5524 3489 5609">
    <p class='ocr_par' dir='ltr' id='par_1_115' title="bbox 1914 5524 3489 5609">
     <span class='ocr_line' id='line_1_115' title="bbox 1914 5524 3489 5609; baseline 0.01 -32"><span class='ocrx_word' id='word_1_910' title='bbox 1914 5524 2013 5596; x_wconf 84' lang='grc' dir='ltr'>τὴν</span> <span class='ocrx_word' id='word_1_911' title='bbox 2044 5529 2147 5596; x_wconf 81' lang='grc' dir='ltr'>γῆν</span> <span class='ocrx_word' id='word_1_912' title='bbox 2175 5526 2383 5599; x_wconf 87' lang='grc' dir='ltr'>ήχιὼν,</span> <span class='ocrx_word' id='word_1_913' title='bbox 2405 5532 2433 5582; x_wconf 89' lang='grc' dir='ltr'>ό</span> <span class='ocrx_word' id='word_1_914' title='bbox 2458 5531 2809 5601; x_wconf 87' lang='grc' dir='ltr'>κρύσταλλος,</span> <span class='ocrx_word' id='word_1_915' title='bbox 2841 5534 2921 5587; x_wconf 81' lang='grc' dir='ltr'>ὅτι</span> <span class='ocrx_word' id='word_1_916' title='bbox 2955 5536 3244 5606; x_wconf 81' lang='grc' dir='ltr'>πήγνυται,</span> <span class='ocrx_word' id='word_1_917' title='bbox 3276 5537 3358 5591; x_wconf 84' lang='grc' dir='ltr'>ὅτι</span> <span class='ocrx_word' id='word_1_918' title='bbox 3393 5557 3489 5609; x_wconf 88' lang='grc' dir='ltr'>με-</span> 
     </span>
    </p>
   </div>
   <div class='ocr_carea' id='block_1_116' title="bbox 1912 5617 3489 5699">
    <p class='ocr_par' dir='ltr' id='par_1_116' title="bbox 1912 5617 3489 5699">
     <span class='ocr_line' id='line_1_116' title="bbox 1912 5617 3489 5699; baseline 0.011 -30"><span class='ocrx_word' id='word_1_919' title='bbox 1912 5617 2255 5683; x_wconf 77' lang='grc' dir='ltr'>ταϐάλλεται,</span> <span class='ocrx_word' id='word_1_920' title='bbox 2279 5622 2360 5675; x_wconf 85' lang='grc' dir='ltr'>ὃτι</span> <span class='ocrx_word' id='word_1_921' title='bbox 2392 5624 2528 5693; x_wconf 84' lang='grc' dir='ltr'>πρὸς</span> <span class='ocrx_word' id='word_1_922' title='bbox 2549 5624 2616 5677; x_wconf 89' lang='grc' dir='ltr'>τά</span> <span class='ocrx_word' id='word_1_923' title='bbox 2638 5627 2853 5680; x_wconf 83' lang='grc' dir='ltr'>ἐναντία</span> <span class='ocrx_word' id='word_1_924' title='bbox 2880 5628 3192 5699; x_wconf 85' lang='grc' dir='ltr'>μεθίσταται</span> <span class='ocrx_word' id='word_1_925' title='bbox 3214 5647 3227 5660; x_wconf 91' lang='grc'><strong>·</strong></span> <span class='ocrx_word' id='word_1_926' title='bbox 3256 5632 3489 5687; x_wconf 87' lang='grc' dir='ltr'>ἐνταῦθα</span> 
     </span>
    </p>
   </div>
   <div class='ocr_carea' id='block_1_117' title="bbox 1914 5709 3487 5796">
    <p class='ocr_par' dir='ltr' id='par_1_117' title="bbox 1914 5709 3487 5796">
     <span class='ocr_line' id='line_1_117' title="bbox 1914 5709 3487 5796; baseline 0.012 -36"><span class='ocrx_word' id='word_1_927' title='bbox 1914 5709 1995 5774; x_wconf 83' lang='grc' dir='ltr'>δὲ,</span> <span class='ocrx_word' id='word_1_928' title='bbox 2030 5711 2111 5764; x_wconf 76' lang='grc' dir='ltr'>ὅτι</span> <span class='ocrx_word' id='word_1_929' title='bbox 2154 5729 2213 5764; x_wconf 86' lang='grc' dir='ltr'>τε</span> <span class='ocrx_word' id='word_1_930' title='bbox 2247 5716 2346 5767; x_wconf 84' lang='grc' dir='ltr'>οὐκ</span> <span class='ocrx_word' id='word_1_931' title='bbox 2372 5714 2498 5768; x_wconf 78' lang='grc' dir='ltr'>ὅντα</span> <span class='ocrx_word' id='word_1_932' title='bbox 2531 5718 2741 5785; x_wconf 84' lang='grc' dir='ltr'>γέγονε,</span> <span class='ocrx_word' id='word_1_933' title='bbox 2774 5719 2866 5772; x_wconf 77' lang='grc' dir='ltr'>καὶ</span> <span class='ocrx_word' id='word_1_934' title='bbox 2906 5720 2985 5773; x_wconf 80' lang='grc' dir='ltr'>ὅτι</span> <span class='ocrx_word' id='word_1_935' title='bbox 3020 5722 3283 5791; x_wconf 86' lang='grc' dir='ltr'>γενόμενα</span> <span class='ocrx_word' id='word_1_936' title='bbox 3313 5725 3487 5796; x_wconf 82' lang='grc' dir='ltr'>μένει,</span> 
     </span>
    </p>
   </div>
   <div class='ocr_carea' id='block_1_118' title="bbox 1980 5846 3486 5929">
    <p class='ocr_par' dir='ltr' id='par_1_118' title="bbox 1980 5846 3486 5929">
     <span class='ocr_line' id='line_1_118' title="bbox 1980 5846 3486 5929; baseline 0.015 -37"><span class='ocrx_word' id='word_1_937' title='bbox 1980 5848 2001 5875; x_wconf 72' lang='grc' dir='ltr'>π</span> <span class='ocrx_word' id='word_1_938' title='bbox 2028 5846 2333 5929; x_wconf 33' lang='lat' dir='ltr'>IlIrescr‘inum</span> <span class='ocrx_word' id='word_1_939' title='bbox 2360 5851 2413 5925; x_wconf 80' lang='grc' dir='ltr'>οὐ</span> <span class='ocrx_word' id='word_1_940' title='bbox 2438 5852 2620 5929; x_wconf 60' lang='grc' dir='ltr'>δαπανᾷ</span> <span class='ocrx_word' id='word_1_941' title='bbox 2641 5868 2747 5904; x_wconf 89' lang='lat' dir='ltr'>cum</span> <span class='ocrx_word' id='word_1_942' title='bbox 2776 5856 2942 5907; x_wconf 82' lang='lat' dir='ltr'>Morel.</span> <span class='ocrx_word' id='word_1_943' title='bbox 2951 5892 2965 5919; x_wconf 86' lang='lat'><em>,</em></span> <span class='ocrx_word' id='word_1_944' title='bbox 2989 5858 3137 5912; x_wconf 64' lang='lat' dir='ltr'>Sam].</span> <span class='ocrx_word' id='word_1_945' title='bbox 3169 5867 3220 5911; x_wconf 72' lang='lat' dir='ltr'><strong>ﬂ</strong></span> <span class='ocrx_word' id='word_1_946' title='bbox 3241 5868 3486 5929; x_wconf 59' lang='lat' dir='ltr'>luteum;</span> 
     </span>
    </p>
   </div>
   <div class='ocr_carea' id='block_1_119' title="bbox 1926 5903 2566 5971">
    <p class='ocr_par' dir='ltr' id='par_1_119' title="bbox 1926 5903 2566 5971">
     <span class='ocr_line' id='line_1_119' title="bbox 1926 5903 2566 5971; baseline 0.009 -16"><span class='ocrx_word' id='word_1_947' title='bbox 1926 5903 2087 5957; x_wconf 71' lang='lat' dir='ltr'>Mmlll&#39;.</span> <span class='ocrx_word' id='word_1_948' title='bbox 2114 5912 2190 5957; x_wconf 82' lang='grc' dir='ltr'>καὶ</span> <span class='ocrx_word' id='word_1_949' title='bbox 2203 5903 2410 5964; x_wconf 60' lang='grc' dir='ltr'>δαπανᾷ.</span> <span class='ocrx_word' id='word_1_950' title='bbox 2442 5912 2566 5971; x_wconf 74' lang='lat' dir='ltr'>Enn.</span> 
     </span>
    </p>
   </div>
  </div>
