4070 6340
556 393 658 452 489

553 512 647 565 καὶ
674 511 753 564 ὅτι
784 510 1010 581 μένοντα
1035 514 1298 569 διακόνων
1330 516 1482 580 τάξιν
1509 518 1832 591 ἀναπληροῖ,
1859 520 2033 575 καίτοι
2061 538 2126 591 γε

554 620 721 688 ἄλογα
766 619 916 683 ὅντα,
950 621 1046 675 καὶ
1086 622 1147 675 τὸ
1184 624 1511 697 πρόσταγμα
1544 626 1709 681 αὐτοῦ
1756 627 1895 698 μετὰ
1930 627 2128 699 πολλῆς

553 726 652 797 τῆς
680 727 926 797 ὑπακοῆς
942 729 1023 793 εἰς
1044 728 1201 801 ἔργον
1230 730 1432 801 ἐξάγει.
1457 733 1670 788 Μᾶλλον
1694 734 1753 787 δέ.
1787 736 1881 789 καὶ
1909 735 2128 788 ἐναντία

552 834 621 903 τῇ
668 830 827 900 φύσει
868 831 925 886 ἓν
964 833 1221 899 πολλάκις
1262 836 1539 907 ἐπίταγμα
1568 838 1788 907 ῆνυσεν,
1815 838 2004 909 ὥσπερ
2035 840 2129 893 ἐπὶ

508 954 521 1017 3‘
552 937 653 1009 τῆς
673 936 1021 1002 Βαϐυλωνίας
1052 940 1282 1010 καμίνου
1311 942 1372 995 τό
1406 959 1465 994 τε
1488 945 1640 997 καῖον
1661 944 1723 996 τὸ
1753 943 1863 1016 πῦρ
1895 945 1988 999 καὶ
2008 945 2131 1017 δρο-

555 1048 722 1113 σίζον,
753 1047 987 1118 ἑκάτερα
1016 1050 1250 1120 πρᾶττον
1282 1052 1569 1107 ἐδείκνυτο.
1602 1054 1773 1108 Τοῦτο
1796 1049 1908 1121 οὖν,
1940 1055 2126 1127 φησὶν.

553 1152 901 1223 εὐχαριστίας
923 1152 1071 1219 ἀξιον
1094 1171 1110 1221 ;
1130 1155 1240 1209 Καὶ
1267 1156 1465 1227 πολλῆς
1488 1157 1586 1228 μὲν
1607 1152 1721 1212 οῦν.
1746 1157 1849 1211 Τὸν
1868 1158 1979 1229 γάρ
1999 1158 2130 1212 Θεὸν

553 1260 754 1328 ὁμοίως
800 1262 1060 1332 ἀνυμνεῖν
1106 1261 1247 1334 χρὴ,
1274 1266 1368 1316 καλ⁵
1423 1262 1720 1327 κολάζοντα
1768 1264 1864 1318 καὶ
1915 1263 2129 1318 ἀνιέντα

554 1364 845 1429 κολάσεως.
911 1365 1220 1437 Ἀμφότεροι
1270 1366 1377 1437 γάρ
1430 1367 1785 1439 κηδεμονίας,
1846 1369 2130 1441 ἀμφότερα

554 1469 905 1540 ἀγαθότητος.
954 1470 1261 1543 Ἄνθρωποι
1314 1471 1412 1540 μὲν
1453 1470 1560 1542 γὰρ
1603 1471 1665 1525 τὸ
1696 1472 1796 1541 μὲν
1834 1472 2128 1543 ἀγαθότητι

554 1575 784 1641 ποιοῦσι,
812 1576 958 1631 τὸδὲ
992 1576 1226 1647 πονηρίᾳ
1269 1577 1363 1630 καλ⁸
1391 1576 1581 1647 θυμῷ·
1629 1577 1658 1630 6
1697 1577 1753 1631 δὲ
1778 1578 1911 1641 Θεὸς
1945 1579 2127 1648 ἀμφό-

553 1698 685 1752 τερα
714 1680 1113 1753 φιλανθρωπίᾳ.
1144 1681 1376 1752 Ὁμοίως
1402 1680 1532 1751 γοῦν
1554 1682 1720 1736 αὑτὸν
1749 1685 2004 1754 ἀνυμνεῖν
2027 1684 2125 1750 δεῖ,

553 1788 646 1840 κοιλ⁵
680 1787 761 1840 ὅτι
791 1788 981 1859 ἔθηκεν
1011 1788 1068 1839 ἐν
1098 1787 1411 1858 παραδείσῳ
1450 1791 1539 1840 τὸν
1567 1787 1760 1859 Ἀδὰμ,
1799 1789 1896 1843 καὶ
1927 1790 2008 1843 ὅτι
2039 1790 2127 1855 ἐξ·

554 1894 733 1957 έϐαλε,
769 1894 862 1947 καὶ
887 1895 1045 1965 χάριν
1077 1895 1274 1948 εἰδέναι
1302 1894 1400 1965 ούχ
1431 1895 1570 1966 ὑπὲρ
1590 1894 1692 1965 τῆς
1729 1896 2002 1966 βασιλείας
2032 1897 2128 1968 μό-

554 2007 662 2064 νόν,
693 1999 826 2053 ἀλλὰ
852 2000 946 2053 καὶ
969 2001 1107 2072 ὑπὲρ
1138 1999 1235 2070 τῆς
1264 1999 1509 2072 γεέννης.
1527 2001 1636 2054 Καὶ
1663 2000 1772 2074 γὰρ
1804 2002 1897 2056 καὶ
1926 2001 2127 2073 ταύτην

552 2106 775 2177 ἐποίησέ
821 2123 881 2158 τε
912 2106 1006 2159 καὶ⁵
1033 2105 1349 2177 ἠπείλησεν,
1387 2105 1525 2159 ὥστε
1559 2107 1753 2171 κακίας
1796 2107 2122 2173 ἀπαλλάξαι.

556 2214 765 2283 Ὥσπερ
803 2208 895 2265 οὖν
948 2212 1126 2284 ἰατρὸν
1174 2211 1236 2264 οὐ
1283 2211 1552 2282 τρέφοντα
1601 2213 1798 2284 μόνον,
1855 2213 1990 2267 ἀλλά
2036 2217 2127 2269 καὶ

553 2319 790 2387 ἄγχοντα
815 2315 978 2387 λιμῷ,
1009 2316 1109 2369 οὐκ
1141 2316 1221 2379 εἰς
1251 2317 1455 2386 ἀγοράν
1490 2316 1647 2387 μόνον
1681 2317 1961 2386 ἐξάγοντα,
1991 2320 2128 2373 άλλά

554 2422 647 2474 καὶ
670 2422 728 2474 ἐν
757 2420 926 2486 οἴκοις
952 2437 1053 2474 που
1075 2420 1487 2485 κατακλείοντα,
1506 2420 1605 2474 οὐκ
1633 2421 1922 2491 ἀλείφοντα
1945 2423 2122 2492 μόνον,

551 2525 689 2581 ἀλλὰ
721 2527 813 2580 καὶ
846 2525 1070 2580 καίοντα
1105 2526 1198 2578 καὶ¹
1224 2526 1490 2595 τέμνοντα
1521 2525 1896 2596 θαυμάζομεν⁸
1928 2529 1977 2580 εἰ
2018 2528 2126 2601 γὰρ

553 2633 648 2686 καὶ
690 2632 907 2692 ἐναντία
944 2631 1013 2686 τὰ
1041 2630 1326 2701 γινόμενα,
1369 2630 1503 2684 ἀλλά
1544 2631 1680 2703 πρὸς
1712 2632 1770 2686 ἒν
1805 2635 1907 2705 ὁρᾷ
1941 2634 2123 2697 τέλος·

552 2739 694 2793 οῦτω
732 2739 825 2793 καὶ
865 2737 955 2792 τὸν
982 2738 1114 2791 Θεὸν
1150 2736 1289 2809 ὑπὲρ
1313 2737 1567 2792 ἁπάντων
1590 2739 1848 2808 ἀνυμνεῖν
1879 2739 2006 2811 χρὴ,
2032 2741 2126 2794 καὶ

554 2843 733 2916 πολλῷ
756 2843 907 2916 [494]
949 2842 1129 2906 πλέον,
1164 2842 1273 2912 ὅσῳ
1308 2843 1336 2895 6
1363 2842 1459 2911 μὲν
1488 2841 1641 2909 Θεὸς,
1670 2845 1698 2897 6
1725 2843 1783 2897 δὲ
1807 2843 2088 2917 ἄνθρωπος
2108 2861 2125 2878 ⁸

551 2954 646 3011 καὶ
684 2953 766 3006 ὅτι
796 2951 865 3005 τά
903 2952 1001 3021 μὲν
1028 2948 1229 3005 τούτων
1276 2948 1537 3013 πολλάκις
1573 2952 1668 3003 καὶ
1701 2953 1781 3013 εἰς
1816 2951 2127 3007 τούναντίον

551 3054 734 3124 ἐξέϐη,
761 3053 830 3105 τὰ
859 3051 916 3105 δέ
939 3049 1032 3104 τοῦ
1055 3050 1191 3105 Θεοῦ
1222 3050 1359 3121 μετά
1391 3050 1490 3122 τῆς
1515 3052 1897 3125 προσηκούσης
1921 3054 2126 3122 γίνεται

550 3160 740 3229 σοφίας
770 3160 863 3213 καὶ
893 3156 1234 3228 κηδεμονίας.
1270 3157 1345 3212 Οὐ
1374 3162 1692 3231 τιμωρεῖται
1739 3160 1796 3214 δὲ
1833 3160 1993 3232 μόνον
2026 3160 2125 3231 χά-

546 3267 686 3331 λαζα
713 3266 804 3319 καὶ
832 3263 962 3335 πῦρ,
986 3262 1122 3317 ἀλλά
1144 3264 1238 3316 καὶ
1278 3265 1548 3334 τιμωρίας
1576 3265 1872 3335 ἀπήλλαξε,
1914 3268 2008 3320 καὶ
2031 3285 2127 3320 πο-

545 3372 607 3427 λέ
616 3389 747 3443 μους
768 3370 983 3440 ἔστησε,
1002 3367 1094 3421 καὶ
1115 3368 1342 3440 ἐχθροὺς
1362 3368 1613 3432 ἐπιόντας
1633 3370 2028 3442 ἀπεκρούσατο.
2054 3373 2126 3426 Ἦ

546 3481 646 3539 οὐκ
666 3471 821 3530 οἶσθα
849 3477 905 3529 ἐν
929 3473 1190 3545 Αἰγύπτῳ
1216 3474 1315 3528 ὅσα
1339 3473 1425 3526 διὰ
1449 3473 1654 3527 τούτων
1679 3474 2126 3549 ἐθαυματουργή-

547 3583 614 3654 θη
647 3580 754 3634 τῶν
786 3579 1082 3649 στοιχείων,
1110 3579 1204 3632 καὶ
1231 3578 1446 3631 ἐπὶτῶν
1474 3579 1763 3643 Ἰουδαίων,
1793 3582 1885 3633 καὶ
1912 3583 2004 3635 ἐπὶ
2028 3583 2125 3653 τῆς

545 3687 737 3757 γενεᾶς
761 3686 860 3756 τῆς
891 3684 1185 3756 ἡμετέρας;
1216 3683 1325 3737 Καὶ
1355 3684 1587 3755 τοσαύτη
1620 3686 1652 3754 ή
1683 3683 1775 3737 τοῦ
1817 3685 2126 3751 κελεύοντος

544 3794 792 3863 δύναμις,
829 3793 911 3845 ὅτι
943 3793 1085 3863 ἅπερ
1122 3791 1189 3847 δι’
1220 3791 1463 3860 ἀγγέλων
1521 3790 1713 3859 ἐποίει,
1762 3792 1869 3844 τῶν
1924 3793 2124 3864 νοερῶν

545 3899 769 3952 ἐκείνων
791 3898 885 3951 καὶ
912 3896 1160 3968 μεγάλων
1180 3894 1478 3965 δυνάμεων,
1518 3894 1693 3951 ταῦτα
1749 3895 2009 3961 πολλάκις
2031 3899 2125 3952 καὶ

543 4004 631 4058 διὰ
661 4003 769 4057 τῶν
805 4002 1079 4073 στοιχείων
1105 3999 1562 4070 ἐθαυματούργει,
1589 4001 1674 4055 ἵνα
1695 4002 1821 4055 ὅταν
1844 4002 1938 4055 καὶ⁵
1959 4003 2124 4072 ἄγγε-

544 4111 632 4165 λος
654 4110 827 4162 ταῦτα
848 4108 1168 4179 ἐργάσηται,
1191 4105 1379 4176 μηδεὶς
1407 4104 1511 4157 τῶν
1536 4105 1903 4177 ἀνοητοτέρων
1929 4109 2124 4182 ἐκείνῳ

544 4215 844 4284 λογίζηται,
870 4212 1005 4266 ἀλλά
1040 4210 1118 4281 τῷ
1159 4209 1493 4275 ἐπιτάξαντι.
1528 4208 1793 4281 Ἐστησεν
1834 4208 1927 4266 οὖν
1960 4213 2124 4283 ἅγγε-

544 4320 635 4392 λος
681 4319 951 4388 πόλεμον;
982 4317 1218 4387 Ἔστησε
1248 4316 1342 4369 καὶ
1387 4314 1618 4386 χάλαζα.
1662 4317 1870 4370 Ἀνεῖλε·
1890 4318 1959 4371 τὰ
1977 4337 2124 4392 πρω.

542 4426 740 4491 τὸτοκα
776 4423 1037 4493 ἄγγελος;
1080 4422 1279 4476 Ἀνεῖλε
1313 4424 1407 4476 καὶ
1436 4425 1687 4492 καταιγίς
1728 4424 1996 4498 θαλάττης
2032 4429 2123 4479 τὸν

542 4531 712 4600 δῆμον
754 4530 985 4584 ἅπαντα.
1022 4528 1192 4601 ’Υπὲρ
1222 4529 1475 4583 ἁπάντων
1493 4528 1671 4582 τοίνυν
1698 4530 2007 4601 εὐχαρίστει
2044 4533 2122 4604 τῷ

543 4637 734 4708 φιλανο
744 4636 907 4708 ρώπῳ
926 4635 1065 4707 Θεῷ.
1076 4635 1152 4689 Τὰ
1171 4635 1274 4703 ὄρη
1289 4635 1390 4688 καί
1407 4634 1631 4700 πάντες
1645 4639 1698 4690 οἱ
1710 4636 1946 4704 βουνοί,
1966 4638 2123 4703 ξύλα

542 4742 894 4813 καρποφόρα
923 4740 1022 4795 καὶ
1051 4736 1241 4795 πᾶσαι
1267 4737 1482 4807 κέδροι·
1516 4738 1586 4793 τὰ
1603 4739 1778 4807 θηρία
1798 4739 1895 4794 καί
1924 4740 2121 4796 πάντα

541 4850 616 4905 τὰ
651 4848 861 4916 κτήνη,
887 4847 1121 4915 ἑρπετὰ,
1158 4845 1255 4899 καὶ
1287 4844 1526 4901 πετεινὰ
1548 4844 1984 4917 πτερωτά.”ορα
2004 4846 2119 4911 πῶς

541 4959 653 5019 τοῖς
694 4952 1114 5025 ἀχρηστοτέροις
1172 4951 1372 5021 μᾶλλον
1410 4945 1795 5022 ἐμφιλοχωρεῖ,
1836 4952 1987 5024 ὄρεσι
2025 4955 2119 5008 καὶ

540 5066 763 5127 νάπαις,
819 5063 912 5135 καὶ
943 5062 1172 5133 βουνοῖς,
1218 5062 1312 5115 καὶ
1340 5061 1547 5131 θηρίοις
1595 5062 1864 5132 ἑρπετοῖς,
1903 5065 1996 5117 καὶ
2027 5064 2120 5131 ξύ-

541 5172 654 5233 λοις
687 5169 976 5240 ἀκάρποις.
1009 5166 1090 5220 Τὰ
1138 5167 1237 5236 μὲν
1272 5167 1379 5236 γὰρ
1416 5168 1741 5237 καρποφόρα
1768 5170 1993 5227 αὐτόθεν
2019 5171 2118 5241 δή-
2166 5206 2169 5209 ,

541 5277 639 5348 λην
698 5275 810 5346 ἔχει
858 5273 955 5344 τὴν
1009 5273 1217 5342 χρείαν,
1266 5271 1453 5340 ὥσπερ
1517 5273 1611 5324 καὶ
1645 5273 1713 5326 τὰ
1740 5272 1907 5326 ῦπτια
1962 5275 2118 5331 πεδία

544 5386 638 5439 καὶ
676 5386 745 5437 τὰ
790 5384 974 5452 ἥμερα
1007 5379 1141 5444 ζῶα·
1190 5378 1256 5431 τὰ
1298 5378 1353 5431 ὖέ
1388 5378 1576 5449 θηρία,
1620 5380 1716 5433 καὶ
1763 5380 1828 5434 τά
1872 5384 2115 5453 ἑρπετὰ,

545 5492 641 5554 καὶ⁴
688 5490 756 5542 τὰ
808 5489 932 5561 ὅρη,
966 5461 1058 5540 καὶ
1108 5486 1175 5538 τὰ
1235 5486 1459 5554 ἄκαρπα
1502 5485 1692 5556 δένδρα
1747 5489 1907 5542 ποίαν
1963 5491 2116 5547 ἀνύει

541 5598 765 5671 χρείανζ
791 5596 923 5664 φησί
933 5637 946 5650 .
987 5592 1191 5664 Πολλὴν
1222 5594 1318 5661 μὲν
1341 5588 1452 5652 οὖν.
1485 5596 1578 5646 καὶ
1607 5595 1810 5667 σφόδρα
1842 5598 1939 5669 τὴν
1972 5602 2121 5673 ζωὴν

547 5704 872 5772 συνέχουσαν
901 5700 997 5768 τὴν
1030 5698 1323 5769 ἡμετέραν.
1359 5698 1469 5750 Καὶ⁵
1508 5699 1616 5771 γὰρ
1650 5702 1781 5771 πρὸς
1811 5705 2120 5779 οἰκοδομίας

547 5810 647 5885 ὅρη
677 5808 765 5862 καὶ
801 5808 976 5877 βουνοί
997 5806 1085 5859 καὶ
1128 5804 1256 5870 ξύλα
1284 5806 1502 5878 ἄκαρπα
1536 5809 1738 5882 σφόδρα
1769 5812 1898 5883 ἡμῖν
1929 5816 2119 5888 ἐπιτη-

1278 400 1336 454 S.
1375 398 1664 457 JOANNIS
1700 400 2191 462 CHRYSOSTOMI
2228 408 2551 469 ARCHIEP.
2592 413 3143 473 CONSTANTINOP.

3695 420 3804 479 490

2229 523 2364 589 δεια,
2399 528 2491 581 καὶ
2542 530 2589 581 εἰ
2624 530 2700 600 μὴ
2747 530 2952 586 τούτων
2996 530 3356 601 ἀπελαύομεν,
3400 530 3551 586 οὐδὲν
3598 531 3802 587 ἐκώλυε

2227 632 2631 706 διαφθείρεσθαι
2673 637 2735 690 τὸ
2759 638 2913 707 γένος
2939 639 2999 692 τὸ
3021 638 3307 710 ἡμέτερον.
3342 639 3553 711 ’Ὠσπερ
3573 635 3664 693 οὖν
3682 641 3805 692 ἐπι-

2228 736 2459 809 δεόμεθα
2492 740 2601 795 τῶν
2631 742 2852 814 ἡμέρων
2880 745 3095 816 χωρίων
3118 746 3198 808 εἰς
3220 744 3282 797 τὸ
3310 744 3626 816 τρέφεσθαι,
3656 743 3805 798 οὕτω

2228 841 2462 912 δεόμεθα
2509 846 2604 900 καὶ
2635 847 2743 901 τῶν
2777 849 3041 920 ἀκάρπων
3078 849 3249 916 ξύλων
3297 852 3390 907 καὶ
3426 850 3587 904 λίθων
3625 853 3702 914 εἰς
3739 853 3809 906 τὸ

2227 945 2328 1010 τὰς
2364 949 2540 1013 οἰκίας
2567 950 2885 1022 οἰκοδομεῖν,
2912 953 3006 1006 καὶ
3036 953 3203 1025 μυρία
3226 953 3391 1025 ἕτερα
3426 954 3672 1008 ἐντεῦθεν
3702 972 3810 1009 κα-

2228 1052 2601 1117 τασκευάζειν.

2297 1152 2361 1206 δ’.
2394 1152 2595 1208 ’Δλλόί
2624 1154 2793 1225 ὄφεις,
2821 1159 2976 1229 φησὶ,
2999 1160 3157 1213 καὶοί
3181 1160 3447 1232 σκορπίοι,
3474 1161 3569 1214 καὶ
3592 1162 3640 1215 οἰ
3668 1160 3811 1231 δρά-

2229 1275 2434 1322 κοντες,
2492 1261 2585 1313 καὶ
2619 1262 2668 1313 οἱ
2704 1262 2937 1329 λέοντες,
2990 1263 3043 1316 τί
3073 1266 3340 1336 χρήσιμον
3392 1266 3697 1334 εἰσάγουσιν
3720 1268 3809 1326 εἰς

2228 1362 2320 1415 τὸν
2355 1362 2468 1434 βίον
2495 1382 2509 1430 ;
2541 1366 2594 1418 τί
2621 1367 2680 1419 δὲ
2701 1368 2880 1422 αὐτῶν
2906 1369 2968 1422 τὸ
2987 1370 3193 1441 κέρδος;
3244 1371 3387 1426 Πολὺ
3428 1372 3524 1425 καί⁷
3560 1372 3762 1441 ἄφατον
3786 1411 3806 1434 ,

2231 1469 2324 1521 καί
2356 1469 2464 1522 τῶν
2491 1471 2712 1542 ἡμέρων
2742 1474 2840 1526 οὐκ
2868 1472 3107 1528 ἔλαττον.
3151 1476 3361 1529 Ἐκεῖνα
3396 1476 3493 1546 μὲν
3523 1478 3631 1549 γὰρ
3662 1476 3811 1548 πρὸς

2229 1575 2329 1647 τὴν
2359 1576 2452 1629 τοῦ
2499 1575 2746 1648 σώματος
2794 1579 2980 1652 χρείαν
3022 1582 3168 1635 ἐστὶν
3206 1582 3503 1653 ἐπιτήδειαο
3537 1583 3707 1636 ταῦτα
3741 1583 3808 1636 δέ

2233 1697 2313 1735 σοι
2338 1682 2432 1734 καὶ
2452 1682 2613 1754 φόϐον
2647 1685 2982 1755 ἐπιτειχίζει,
3006 1687 3097 1740 καὶ
3122 1690 3413 1759 σωφρονεῖν
3448 1688 3810 1757 παρασκευά-

2230 1784 2331 1850 ζει,
2372 1787 2467 1839 καὶ
2498 1788 2787 1856 ἐναγώνιον
2816 1792 2977 1852 ποιεῖ,
3026 1792 3119 1843 καὶ
3156 1792 3558 1863 ἀναμιμνήσκει
3611 1810 3668 1844 σε
3701 1793 3807 1861 τῆς

2228 1891 2288 1943 ἐν
2341 1890 2419 1962 τῷ
2469 1892 2779 1963 παραδείσῳ
2827 1892 2920 1946 τοῦ
2974 1895 3313 1967 προπάτορος
3359 1897 3627 1969 ἁμαρτίας
3651 1937 3667 1961 ,
3707 1898 3807 1951 καὶ

2229 1994 2496 2050 δείκνυσιν
2528 1998 2668 2051 ὅσων
2725 1998 2911 2053 κακῶν
2957 1999 3106 2053 αἰτία
3159 2002 3192 2070 ἡ
3242 2002 3513 2072 παρακοὴ.
3571 2003 3645 2055 Οὐ
3691 2001 3808 2073 γὰρ

2228 2100 2453 2155 τοιαῦτα
2473 2098 2541 2173 ἦν
2575 2104 2679 2175 πρὸ
2708 2103 2898 2157 τούτου
2926 2104 2997 2158 τὰ
3029 2105 3215 2178 θηρία,
3241 2104 3446 2179 φοϐερά
3478 2107 3573 2161 καὶ⁵
3596 2106 3807 2176 φευκτά

2227 2204 2307 2276 τῷ
2358 2206 2646 2278 ἀνθρώπῳ,
2680 2206 2815 2261 ἀλλά
2850 2207 3083 2263 τιθασσά
3130 2211 3225 2263 καὶ
3266 2211 3545 2282 χειροήθη.
3590 2213 3804 2280 ’Ἥγαγε

2230 2311 2359 2381 γοῦν
2388 2312 2526 2366 αὐτά
2556 2313 2692 2385 πρὸς
2723 2313 2813 2368 τὸν
2855 2315 3027 2386 Ἀδάμ
3048 2317 3076 2369 6
3097 2316 3228 2380 Θεὸς
3248 2358 3263 2385 ,
3293 2315 3386 2370 καί
3415 2316 3576 2380 αὐτὸς
3606 2316 3806 2388 ἐπέθη-

2230 2432 2324 2469 κεν
2344 2416 2522 2482 αὐτοῖς
2549 2417 2617 2471 τὰ
2638 2417 2895 2488 ὀνόματα.
2919 2417 3071 2492 [495]
3102 2420 3159 2473 Ὀ
3191 2420 3313 2490 ὄφις
3349 2422 3414 2492 τῇ
3441 2421 3656 2489 γυναικὶ
3684 2421 3805 2474 δια-

2228 2520 2483 2589 λέγεται,
2535 2522 2631 2575 καὶ
2667 2523 2767 2576 ούκ
2790 2524 3042 2595 ἀποπηδᾷ
3077 2527 3111 2597 ἡ
3143 2524 3276 2579 Εὕα.
3316 2524 3530 2598 Ἐπειδὴ
3561 2524 3622 2578 δέ
3663 2542 3805 2597 παρ-

2229 2626 2396 2698 εϐάθη
2412 2629 2444 2698 ἡ
2458 2628 2663 2702 ἐντολὴ,
2682 2631 2776 2684 καί⁵
2790 2631 2818 2683 ὁ
2836 2630 2969 2695 Θεὸς
2984 2631 3234 2703 παρηκού
3242 2631 3363 2703 σθη,
3379 2633 3598 2704 ηκρωτη
3606 2629 3805 2704 ριάσθη

2228 2732 2295 2785 τὰ
2310 2733 2410 2804 τῆς
2423 2735 2608 2804 τιμῆς.
2631 2735 2802 2789 ’Ὀταν
2820 2736 2998 2790 τοίνυν
3015 2735 3131 2810 ἴδῃς
3152 2735 3360 2802 λέοντα,
3378 2737 3505 2790 ὅταν
3524 2735 3638 2810 ίδῃς
3656 2736 3801 2806 ὅφιν,

2228 2838 2330 2892 ἀνα
2337 2840 2504 2911 μιμνή
2512 2856 2640 2893 σκου
2656 2840 2765 2893 τῶν
2775 2840 2932 2912 διηγη
2941 2841 3145 2912 μάτων,
3157 2843 3253 2895 καὶ
3263 2841 3325 2895 ού
3348 2842 3548 2915 μικράν
3565 2859 3647 2895 σοι
3661 2857 3805 2913 παρ-

2228 2941 2338 3007 έξει
2371 2943 2542 2998 ταῦτα
2591 2944 2904 3014 φιλοσοφίας
2947 2946 3222 3001 ὑπόθεσιν.
3272 2948 3707 3020 Ἀναμιμνήσκου
3743 2948 3804 3002 δὲ

2228 3048 2322 3102 καὶ
2347 3045 2440 3103 τοῦ
2474 3050 2693 3122 Δανιὴλ,
2723 3051 2861 3115 πῶς,
2893 3053 3081 3125 ἐπειδὴ
3097 3052 3234 3126 πρὸς
3255 3054 3351 3126 τὴν
3371 3052 3607 3107 παλαιὰν
3641 3055 3805 3106 ἐπαν-

2226 3154 2387 3225 ῆλθεν
2411 3156 2622 3223 εἰκόνα,
2661 3157 3107 3230 εὐκαταφρόνητα
3133 3154 3202 3231 ἦν
3225 3158 3373 3230 αὐτῷ
3393 3158 3462 3212 τὰ
3483 3158 3692 3231 φοϐερά
3710 3158 3805 3229 θη-

2232 3262 2323 3333 ρία
2343 3281 2355 3293 ⁸
2375 3262 2565 3335 ὥσπερ
2583 3263 2679 3319 καὶ
2696 3264 2892 3336 Παύλῳ
2921 3267 2955 3335 ἡ
2993 3264 3107 3337 έχις
3129 3283 3143 3297 ·
3171 3267 3266 3320 καὶ
3290 3266 3351 3319 ού
3384 3264 3586 3337 μικρὰν
3631 3265 3808 3318 ἐντεῦο

2228 3368 2320 3423 θεν
2368 3369 2644 3443 καρπώσῃ
2666 3371 2904 3442 σπουδὴν
2947 3371 3043 3425 καὶ
3072 3371 3390 3442 ἐπιμέλειαν
3430 3371 3628 3442 ψυχῆς.
3651 3370 3806 3425 Μετά

2227 3472 2429 3527 τούτων
2453 3473 2510 3526 δὲ
2537 3473 2631 3528 καί¹
2654 3474 2919 3544 ἑτέρωθεν
2949 3474 3065 3528 ἔστι
3114 3475 3389 3546 θαυμάσαι
3414 3475 3511 3529 τοῦ
3546 3475 3680 3529 Θεοῦ
3704 3475 3805 3546 τὴν

2226 3578 2539 3649 οἰκονομίαν
2565 3578 2666 3649 τὴν
2695 3581 2781 3633 ἐπ’
2799 3580 2984 3644 αὐτοῖς
3010 3580 3103 3634 καὶ
3125 3580 3224 3653 τὴν
3251 3580 3515 3645 διάταξιν.
3555 3580 3724 3634 Ποίαν
3745 3579 3805 3635 δέ

2227 3682 2427 3755 ταύτην
2450 3702 2465 3748 ;
2498 3685 2620 3738 ’Ότι
2648 3687 2741 3738 καὶ
2760 3685 2970 3749 τούτοις
2988 3685 3229 3757 ἀφώρισε
3251 3686 3426 3758 χωρία
3446 3686 3803 3757 ἀπῳκισμένα

2226 3790 2335 3842 τῶν
2361 3789 2589 3853 πόλεων,
2620 3789 2720 3854 τὰς
2744 3791 2976 3862 ἐρημίας
3003 3808 3017 3823 ⁸
3046 3791 3139 3845 καὶ
3166 3791 3308 3845 οὕτω
3330 3792 3535 3863 φοϐερά
3556 3791 3682 3845 ὅντα
3701 3793 3801 3846 ούκ

2226 3891 2592 3963 ἐμφιλοχωρεῖ
2624 3895 2744 3956 ταῖς
2775 3892 3011 3955 πόλεσιν,
3056 3894 3174 3947 ούδέ
3210 3896 3534 3966 κατατρέχει
3560 3896 3687 3959 τοὺς
3718 3896 3802 3949 ἔνο

2226 3992 2315 4046 δον
2336 3989 2645 4055 οἰκοῦντας,
2686 3990 2823 4044 ἀλλά
2853 3991 3066 4061 στέργει
3100 3994 3193 4045 καὶ
3235 3994 3423 4064 ἀγαπᾷ
3454 3993 3550 4063 τὴν
3577 3993 3796 4063 ἔρημον,

2227 4091 2432 4147 ἄνωθεν
2459 4089 2552 4144 τοῦ
2585 4090 2717 4145 Θεοῦ
2750 4089 2906 4145 τοῦτο
2928 4093 3111 4156 αὐτοῖς
3158 4091 3644 4164 συγκληρώσαντος
3668 4133 3681 4155 ,
3706 4094 3799 4146 καὶ

2226 4196 2388 4249 τόπον
2436 4195 2736 4266 ἐπιτήδειον
2768 4196 2908 4265 ἔχειν
2966 4197 3062 4249 καὶ
3125 4195 3327 4269 κλῆρον
3371 4196 3599 4268 διαίτης.
3635 4198 3798 4251 Ὅταν

2226 4298 2334 4370 γὰρ
2370 4299 2433 4353 σὺ
2473 4298 2768 4372 καθεύδῃς,
2792 4298 2913 4352 τότε
2947 4298 3130 4352 ἐκεῖνα
3191 4299 3289 4370 τὴν
3311 4298 3515 4371 ἔρημον
3570 4299 3795 4353 ἔπεισιν.

2227 4401 2406 4472 Ὅπερ
2442 4403 2535 4455 καλ⁵
2565 4400 2797 4471 ἀλλαχοῦ
2820 4400 3090 4454 δείκνυσιν
3120 4403 3147 4454 6
3181 4403 3491 4474 προφήτης,
3524 4401 3665 4455 οὕτω
3712 4401 3800 4455 λέ-

2224 4518 2356 4571 γων’
2386 4502 2562 4558 Ἔθου
2589 4503 2830 4568 σκότος,
2859 4502 2957 4555 καί
2984 4501 3221 4572 ἐγένετο
3259 4502 3400 4568 νύξ·
3430 4503 3501 4557 ἐν
3518 4500 3672 4571 αὐτῇ
3712 4502 3799 4555 δι-

2223 4604 2573 4657 ελεύσονται
2596 4601 2793 4658 πάντα
2819 4600 2891 4656 τὰ
2914 4603 3089 4670 θηρία
3115 4603 3220 4657 τοῦ
3240 4603 3481 4674 δρυμοῦ.
3509 4600 3659 4667 Εἶδες
3681 4604 3797 4668 πῶς

2224 4703 2318 4756 καὶ
2347 4703 2442 4757 νῦν
2477 4702 2630 4774 μένει
2655 4720 2737 4756 σοι
2758 4702 2858 4773 τῆς
2882 4701 3056 4774 ἀρχῆς
3086 4706 3154 4756 τά
3180 4703 3300 4774 ἴχνη
3324 4745 3339 4769 ,
3362 4706 3411 4756 εί
3432 4705 3525 4757 καὶ
3547 4706 3798 4776 ἠκρωτη-

2228 4807 2526 4876 ριασμένα,
2555 4802 2668 4856 ἀλλ’
2713 4804 2859 4874 ὅμως
2913 4803 3104 4873 ἔχοντα
3145 4803 3374 4875 αἴνιγμα
3425 4805 3523 4874 τῆς
3567 4805 3797 4868 παλαιᾶς

2221 4905 2416 4976 τιμῆς;
2446 4905 2656 4975 ’Ὠσπερ
2687 4903 2793 4977 γὰρ
2832 4903 3011 4970 δοῦλα,
3056 4903 3228 4968 οὕτως
3250 4905 3555 4977 ἀπῴκισται
3597 4905 3691 4960 καὶ
3717 4904 3795 4975 τῷ

2222 5004 2401 5076 καιρῷ
2429 5005 2522 5057 καὶ
2554 5004 2632 5074 τῷ
2679 5004 2847 5076 τόπῳ·
2889 5004 2990 5058 κᾶν
3044 5009 3118 5076 μὴ
3150 5005 3214 5057 σὺ
3265 5004 3472 5069 τούτοις
3519 5006 3745 5080 ἐπέλθῃς
3774 5045 3791 5070 ,

2221 5105 2362 5159 αύτά
2393 5107 2493 5158 οὐκ
2523 5104 2748 5168 ἔπεισιν,
2783 5105 2895 5158 ἀλλ’
2925 5105 3251 5159 ἐνδιαιτᾶται
3282 5107 3400 5167 ταῖς
3442 5106 3694 5177 ἐρήμοις.
3728 5106 3792 5158 Εἰ

2220 5208 2277 5261 δὲ
2301 5208 2527 5280 ἀθυμεῖς
2556 5208 2649 5262 καὶ
2690 5208 3081 5279 δυσχεραίνεις,
3111 5206 3255 5272 τίνος
3287 5208 3469 5262 ἕνεκεν
3488 5208 3675 5276 γέγονε
3697 5207 3795 5276 θη-

2224 5312 2315 5382 ρία
2333 5352 2347 5376 ,
2373 5311 2573 5382 σφόδρα
2601 5310 2957 5382 ἀνοηταίνεις.
2991 5311 3086 5363 Ἂν
3116 5312 3223 5379 γὰρ
3254 5313 3317 5364 σὺ
3342 5309 3412 5363 τὰ
3438 5310 3577 5364 κατά
3600 5311 3791 5363 σαυτὸν

2222 5412 2400 5477 καλῶς
2457 5412 2813 5482 οἰκονομήσῃς
2837 5450 2852 5473 ,
2882 5410 3033 5464 οὐδὲν
3081 5409 3323 5463 ἐντεῦθεν
3354 5409 3617 5483 βλαϐήσῃο
3653 5412 3701 5463 εἰ
3731 5409 3790 5463 δὲ

2222 5515 2329 5568 ἀπὸ
2346 5514 2545 5585 θηρίων
2562 5514 2692 5586 δέχῃ
2742 5512 2966 5583 βλάϐην,
2998 5513 3244 5583 ἐννόησον
3274 5514 3355 5565 ὅτι
3388 5513 3482 5565 καὶ
3524 5512 3671 5582 παρὰ
3693 5512 3790 5564 ἀν-

2223 5616 2454 5686 θρώπων
2498 5615 2756 5678 πολλάκις
2804 5613 3187 5686 χαλεπωτέραν
3240 5613 3423 5680 ἐδέξω.
3478 5614 3631 5665 Ἔστι
3681 5612 3792 5683 γάρ

2222 5718 2313 5771 καὶ
2342 5716 2528 5790 θηρίου
2556 5712 2836 5786 ἄνθρωπος
2865 5716 3255 5787 χαλεπώτερος.
3303 5714 3375 5768 Τὸ
3404 5714 3503 5785 μὲν
3527 5713 3634 5786 γὰρ
3660 5729 3791 5783 προρ

2224 5822 2363 5891 φανῆ
2398 5820 2490 5892 τὴν
2522 5820 2811 5891 θηριωδίαν
2835 5819 2966 5889 ἔχει,
2992 5816 3140 5884 οὗτος
3165 5820 3221 5873 δέ
3246 5819 3475 5890 κρύπτει
3503 5816 3597 5888 τὴν
3624 5831 3790 5884 πονη-
