4064 6340
336 392 436 450 489

335 519 506 573 erant,
539 507 674 564 facta
702 506 809 562 sint
837 525 850 561 :
879 505 1016 576 quod
1047 519 1164 576 quae
1195 502 1330 558 facta
1360 511 1482 556 sunt
1503 542 1518 567 ,
1547 506 1834 563 maneant,
1865 503 1920 550 et

336 603 478 672 quod
507 602 770 656 manentia
805 600 1087 670 fungantur
1115 611 1336 652 munere
1367 593 1732 649 ministrorum
1753 633 1766 657 ,
1801 591 1924 646 licet

337 695 444 748 sint
470 693 706 762 expertia
736 692 986 758 rationis,
1029 699 1080 745 et
1105 689 1314 758 jussum
1345 687 1461 756 ejus
1493 685 1684 740 educat
1713 683 1764 737 in
1790 697 1922 752 opus

335 799 458 837 cum
490 784 718 836 maxima
755 779 1053 836 obedientia
1087 777 1264 851 (Psat.
1296 777 1419 832 M7.
1448 775 1502 830 5.
1529 774 1622 846 6).
1655 774 1766 828 lmo
1797 787 1923 828 vero

340 892 504 930 unum
533 890 675 944 serpe
695 874 903 944 jussum
931 888 993 928 ea
1020 871 1239 942 perfecit
1267 885 1385 940 qute
1412 877 1538 924 sunt
1565 878 1752 939 suapte
1778 876 1922 921 natu~

338 987 396 1025 ra
428 970 691 1024 contraria
712 1011 727 1034 ,
765 965 1212 1038 quemadmodum
1259 965 1313 1018 in
1357 963 1571 1019 fornace
1600 960 1922 1032 Babylonica

338 1063 474 1132 ignis
499 1071 552 1117 et
583 1076 742 1116 urens
769 1069 824 1116 et
856 1061 1089 1115 irrorans
1121 1058 1280 1113 simul
1305 1056 1476 1112 factus
1500 1063 1600 1112 est.
1634 1054 1747 1109 Hoc
1771 1069 1920 1122 ergo,

340 1156 544 1225 inquit,
589 1163 823 1208 meretur
849 1152 1136 1223 gratiarum
1167 1148 1476 1205 actionem?
1511 1147 1750 1217 Eamque
1778 1152 1924 1200 certe

341 1246 647 1299 maximam.
695 1244 838 1298 Deus
865 1244 1007 1298 enim
1053 1257 1204 1311 teque
1247 1249 1330 1296 est
1370 1238 1666 1294 laudandus
1709 1247 1762 1291 et
1801 1251 1922 1290 cum

340 1336 523 1405 punit,
555 1342 612 1390 et
649 1349 770 1389 cum
795 1349 826 1388 a
852 1333 1112 1403 supplicio
1138 1333 1340 1386 eximit.
1374 1330 1607 1400 Utraque
1633 1329 1773 1383 enim
1801 1336 1925 1382 sunt

339 1427 654 1490 curationis,
677 1435 903 1494 utraque
931 1433 1054 1479 sunt
1072 1423 1345 1479 bonitatis.
1375 1421 1630 1477 Homines
1656 1421 1795 1475 enim
1825 1419 1925 1474 hoc

341 1520 554 1589 quidem
599 1517 796 1574 faciunt
840 1526 1054 1587 pr0pter
1101 1515 1434 1580 bonitatem,
1483 1512 1614 1568 illud
1659 1527 1788 1567 vero
1832 1526 1925 1580 per

343 1612 474 1665 iram
505 1619 560 1666 et
603 1610 994 1680 improbitatem
1027 1627 1039 1662 :
1070 1609 1206 1663 Deus
1245 1616 1423 1662 autem
1453 1615 1674 1676 utraque
1713 1613 1926 1674 propter

344 1703 699 1757 clementiam.
729 1699 950 1772 Oportet
973 1717 1100 1772 ergo
1121 1716 1240 1755 eum
1269 1714 1418 1769 aeque
1449 1699 1681 1762 laudare,
1705 1707 1759 1753 et
1783 1697 1924 1767 quod

345 1797 585 1866 posuerit
624 1793 791 1849 Adam
837 1795 889 1847 in
920 1793 1197 1864 paradiso,
1230 1801 1284 1847 et
1319 1790 1460 1859 quod
1490 1806 1612 1845 eum
1642 1791 1922 1859 expulerit,

345 1896 400 1941 et
425 1901 584 1956 agere
611 1886 806 1957 gratias
837 1900 942 1938 non
970 1885 1138 1939 solum
1173 1899 1266 1953 pro
1303 1897 1488 1953 regno,
1518 1881 1614 1937 sed
1639 1883 1796 1936 etiam
1830 1897 1926 1950 pro

345 1977 607 2047 gehenna.
639 1976 768 2030 Eam
795 1976 935 2031 enim
964 1984 1019 2031 et
1045 1975 1171 2030 fecit
1194 1983 1250 2029 et
1274 1975 1503 2029 minatus
1531 1983 1631 2040 est,
1662 1982 1718 2028 ut
1742 1989 1771 2026 a
1797 1973 1927 2028 vitio

346 2068 615 2122 liberaret.
649 2067 1104 2136 Quemadmodum
1144 2081 1272 2136 ergo
1297 2067 1562 2120 medicum
1606 2081 1710 2120 non
1751 2063 1925 2119 solum

347 2161 689 2226 mitrientem,
713 2161 807 2216 sed
827 2161 986 2215 etiam
1014 2159 1150 2214 fame
1170 2160 1560 2214 excruciantem
1583 2176 1597 2225 ;
1629 2174 1732 2213 non
1754 2159 1926 2213 solum

346 2256 399 2309 in
432 2256 600 2309 forum
633 2257 943 2309 educentem
965 2295 980 2320 ,
1026 2252 1118 2307 sed
1161 2256 1320 2308 etiam
1363 2253 1503 2306 domi
1535 2251 1725 2307 alicubi
1755 2252 1926 2306 inclu-

347 2347 600 2411 dentem;
640 2362 743 2400 non
787 2346 955 2401 solum
985 2354 1306 2414 ungentetn,
1350 2344 1444 2398 sed
1488 2345 1645 2399 etiam
1687 2353 1926 2399 urentem

348 2447 402 2493 et
444 2447 711 2493 seeantem
756 2436 1119 2502 admiramur;
1164 2437 1262 2491 etsi
1303 2436 1444 2491 enim
1493 2443 1619 2491 sunt
1663 2439 1927 2493 contraria

350 2547 468 2600 quae
498 2530 649 2596 fiunt,
682 2545 842 2584 unum
874 2538 1048 2582 tamen
1083 2527 1239 2582 finem
1271 2529 1558 2598 respiciunt
1601 2549 1615 2584 :
1656 2528 1727 2582 ita
1768 2531 1927 2584 etiam

351 2630 561 2689 oportet
584 2622 750 2675 Deum
779 2620 998 2675 laudare
1020 2635 1114 2689 pro
1137 2619 1404 2687 omnibus,
1427 2629 1585 2691 atque
1607 2621 1739 2676 adeo
1764 2623 1930 2678 multo

353 2713 518 2784 magis
538 2753 553 2776 ,
594 2721 853 2783 quatenus
892 2713 978 2766 hic
1003 2711 1215 2782 quidem
1243 2713 1380 2768 Deus
1399 2754 1414 2779 ,
1456 2715 1545 2768 ille
1571 2732 1698 2770 vero
1728 2717 1887 2772 homo
1914 2735 1928 2771 :

353 2813 408 2858 et
433 2803 574 2872 quod
606 2818 691 2858 res
718 2804 928 2874 quidem
954 2821 1136 2861 eorum
1163 2820 1306 2876 saepe
1335 2807 1488 2861 aliter
1513 2810 1782 2876 eveniunt,
1813 2826 1931 2879 qua:

353 2903 528 2949 autem
559 2898 696 2952 Deus
725 2897 849 2951 facit
878 2897 1010 2951 fiunt
1032 2913 1149 2952 cum
1181 2915 1383 2954 summa
1420 2901 1672 2970 sapientia
1701 2911 1753 2956 et
1783 2917 1929 2956 cura.

355 2987 568 3043 Grando
597 3000 776 3045 autem
805 3001 857 3045 et
888 2991 1023 3060 ignis
1052 3009 1154 3047 non
1184 2995 1352 3048 solum
1381 2997 1618 3064 punivit,
1647 2997 1739 3050 sed
1771 2999 1931 3050 etiam

356 3081 613 3138 liberavit
636 3097 664 3134 a
685 3082 944 3152 supplicio
967 3125 980 3148 ,
1012 3071 1068 3139 et
1096 3085 1246 3141 bellis
1277 3086 1433 3141 finem
1463 3088 1744 3157 imposuit,
1775 3097 1829 3143 et
1856 3090 1934 3142 in-

356 3173 608 3228 vadentes
635 3175 876 3230 inimicos
900 3179 1108 3246 repulit.
1137 3180 1214 3234 An
1239 3181 1412 3235 nescis
1437 3196 1677 3250 quamam
1700 3182 1751 3235 in
1769 3179 1935 3253 Egy-

358 3276 450 3335 pto
479 3281 573 3334 per
599 3267 714 3321 haec
755 3268 1016 3324 elementa
1046 3271 1294 3326 miracula
1326 3271 1460 3326 facta
1489 3281 1631 3339 sunt,
1664 3283 1717 3327 et
1758 3275 1806 3327 in
1837 3274 1933 3330 Ju-

358 3357 485 3410 dznis
510 3399 524 3420 ,
565 3365 623 3411 etâ€˜
662 3359 712 3412 in
754 3360 851 3414 hac
894 3371 1071 3416 nostra
1114 3365 1454 3432 generatione
1485 3363 1603 3437 (tt)?
1647 3365 1812 3420 Tanta
1856 3376 1936 3422 est

359 3459 533 3503 autem
559 3453 793 3520 potentia
818 3453 1075 3522 jubentis,
1107 3465 1163 3509 ut
1182 3472 1299 3526 qua:
1322 3472 1417 3526 per
1436 3459 1654 3528 angelos
1681 3459 1816 3524 illos,
1844 3459 1934 3529 qui

359 3541 412 3594 in
440 3543 606 3597 solam
637 3546 830 3600 cadunt
860 3549 1290 3618 intelligentiam,
1323 3561 1376 3607 et
1403 3568 1620 3624 magnas
1640 3561 1938 3625 potestates

359 3632 616 3702 faciebat,
647 3652 708 3691 ea
737 3653 880 3708 saepe
909 3642 1066 3694 etiam
1098 3657 1192 3711 per
1220 3647 1480 3702 elementa
1509 3647 1668 3702 faciat
1702 3645 1936 3702 admira-

360 3725 574 3792 biliter;
609 3736 666 3782 ut
689 3730 900 3799 quando
931 3732 1044 3788 haec
1071 3737 1288 3805 angelus
1312 3755 1522 3809 quoque
1547 3739 1750 3806 fecerit,
1782 3757 1938 3796 nemo

362 3817 522 3884 paulo
551 3818 885 3888 insipientior
911 3824 962 3878 id
989 3826 1061 3880 illi
1088 3829 1363 3894 attribuat,
1395 3833 1490 3886 sed
1518 3832 1566 3886 ei
1591 3834 1677 3903 qui
1708 3834 1937 3903 impera-

367 3912 458 3963 vit.
491 3913 723 3982 Angelus
751 3913 891 3970 bello
920 3917 1076 3973 linem
1123 3922 1412 3990 imposuit?
1441 3926 1698 3996 Imposuit
1731 3944 1939 3998 quoque

361 4006 582 4073 grando.
627 4007 898 4064 Intereniit
930 4014 1274 4083 primogenita
1316 4018 1578 4087 angelus?
1616 4020 1775 4076 Maris
1804 4037 1939 4092 quo-

363 4115 466 4168 que
512 4101 742 4169 procella
788 4105 1038 4174 populum
1090 4108 1372 4163 interemit.
1411 4111 1512 4165 Pro
1541 4113 1786 4167 omnibus
1813 4129 1940 4183 ergo

362 4191 608 4245 clementi
641 4193 746 4248 Deo
766 4209 862 4265 age
886 4198 1083 4266 gratias
1129 4198 1325 4254 Montes
1347 4210 1392 4255 et
1414 4219 1583 4257 omnes
1603 4206 1773 4270 colles,
1805 4206 1943 4276 ligna

366 4285 626 4355 fructifera
644 4328 657 4351 ,
692 4298 738 4341 et
767 4306 936 4344 omnes
975 4293 1111 4346 cedri
1137 4309 1155 4347 :
1182 4294 1348 4348 bestia:
1367 4337 1381 4362 ,
1410 4304 1454 4349 et
1483 4297 1710 4350 universa
1739 4315 1943 4368 pecora,
2020 4331 2023 4334 -

363 4390 614 4446 serpentes
634 4420 648 4442 ,
684 4390 728 4433 et
757 4382 980 4438 uolucres
1011 4395 1259 4453 pennatis.
1297 4387 1425 4442 Vide
1460 4390 1725 4459 quomodo
1755 4392 1944 4447 luben-

367 4466 470 4521 tius
500 4467 814 4526 immoratur
845 4473 896 4527 iu
926 4475 1009 4530 his
1037 4494 1155 4544 quae
1185 4486 1306 4533 sunt
1334 4480 1618 4547 inutiliora,
1650 4483 1941 4552 montibus,

367 4560 585 4614 saltibus
606 4603 621 4625 ,
654 4564 895 4631 collibus,
929 4569 1279 4634 animalibus,
1310 4572 1676 4641 serpentibus,
1708 4584 1762 4630 et
1792 4576 1946 4646 lignis

367 4652 710 4724 infrugiteris.
739 4658 867 4726 Quae
889 4662 1028 4714 enim
1051 4672 1174 4716 sunt
1195 4663 1463 4734 frugifera,
1488 4682 1553 4721 ex
1581 4668 1770 4739 seipsis
1791 4685 1947 4739 aper-

369 4751 476 4798 tam
516 4749 803 4802 ostendunt
850 4753 1148 4820 utilitatem,
1195 4756 1329 4811 sicut
1366 4766 1420 4811 et
1463 4759 1602 4828 plani
1649 4762 1851 4832 campi,
1893 4771 1946 4818 et

368 4847 643 4891 mansueta
673 4842 918 4896 animalia
949 4863 960 4898 :
1006 4844 1130 4900 ferte
1158 4857 1332 4901 autem
1365 4859 1418 4903 et
1447 4863 1720 4920 serpentes
1741 4896 1755 4920 ,
1789 4871 1944 4908 tuom

371 4937 450 4980 tes
471 4969 485 4991 ,
517 4938 570 4982 et
608 4929 925 5000 infrugifcra:
954 4937 1172 4991 arbores
1199 4956 1481 5010 quamnam
1503 4984 1517 5006 ,
1563 4947 1764 5016 inquit,
1795 4959 1948 5017 putas

369 5019 647 5074 utilitatem
686 5023 955 5080 afferunt?
995 5027 1207 5083 Multam
1249 5043 1426 5100 certe,
1471 5044 1524 5090 et
1565 5053 1681 5107 quae
1713 5049 1946 5095 nostram

369 5111 530 5164 vitam
563 5114 713 5168 valde
741 5119 1026 5173 contineat.
1069 5121 1201 5176 Nam
1231 5133 1283 5178 et
1319 5124 1385 5178 ad
1413 5127 1630 5182 aedilicia
1659 5140 1866 5186 montes
1895 5141 1950 5187 et

371 5203 538 5260 colles
566 5217 620 5260 et
651 5209 786 5278 ligna
825 5212 1150 5270 infructifcra
1182 5231 1305 5272 sunt
1337 5221 1488 5276 nobis
1523 5225 1669 5279 valde
1697 5239 1816 5295 apta
1851 5245 1862 5280 :
1895 5237 1950 5282 et

373 5298 472 5352 nisi
523 5316 585 5354 ea
633 5304 784 5358 nobis
827 5320 1201 5378 suppeterent,
1252 5314 1380 5370 nihil
1425 5327 1628 5374 vetaret
1668 5323 1950 5391 quominus

427 5413 786 5502 Idicit
809 5425 886 5474 illa
913 5441 1000 5487 per
1023 5431 1304 5502 grandinem
1331 5441 1386 5502 et
1406 5437 1571 5502 ignem
1592 5451 1624 5502 ag
1643 5445 1742 5487 Deo
1766 5447 1950 5502 patrata

627 5483 772 5564 stituit
805 5501 889 5564 sua
913 5478 1066 5564 â€™á¼±ÎµÏÎ±á¿™á¿¦
1090 5478 1744 5564 accidisse,iidPh-aud'dtdne

373 5543 613 5624 sataquod
631 5546 728 5624 sub
750 5551 935 5624 Juliath
958 5553 1189 5624 Apostata'
1206 5543 1432 5618 contigit,
1452 5543 1742 5624 quodque-iv;
1759 5543 1949 5613 Â£51};-

375 5608 456 5685 rat;
473 5614 519 5685 tu
538 5608 760 5685 Oratione
783 5613 846 5659 de
871 5608 1222 5685 Sane-tottalina
1249 5627 1299 5667 et
1318 5608 1487 5667 contra
1508 5608 1945 5685 similem-"fmilia

379 5670 459 5744 ubi
484 5670 843 5747 eninlemplum
864 5670 1310 5738 Jerosolymilauum
1335 5670 1592 5744 restaurari
1613 5670 1949 5748 jussisset'ini:

377 5736 493 5808 pius
531 5739 913 5820 pr'iirtips,'xâ€™ai
950 5749 1013 5801 á½¡Ï‚
1055 5736 1198 5815 esseÂ»,
1233 5766 1313 5820 re,
1355 5736 1942 5820 inquit:(Ihcrysostomus,

377 5801 500 5873 á½€Î¼Î½á¿¤
529 5801 608 5845 Ï„á½¸Î½
629 5803 757 5878 Î»Î¿á¿–á½³Î½
789 5807 986 5878 á¼¤ÏÎ¾Ï‰.Ï„Î¿
1025 5807 1208 5878 navalia,
1239 5813 1317 5857 ÎºÎ±á½¶
1357 5801 1448 5872 Ï€á¿¦á¿¥
1476 5817 1570 5861 Ï„á¿¶Î½
1605 5803 1827 5878 Î¿á½³Î¼Îµ).á½·Ï‰Î½
1864 5801 1944 5869 á¼ÎºÎ£

377 5860 596 5916 stuariam
621 5860 785 5923 á¼€Î¸Ïá½¹Î¿Î½
810 5869 1015 5924 á¼…Ï€Î±Î½Ï„Î±Ï‚
1054 5871 1220 5927 Î±á½Ï„Î¿á½ºÏ‚
1255 5860 1604 5925 ÎºÎ±Ï„Î±Î½á½±Î»Ï‰ÏƒÎµÎ½.

1357 381 1717 442 EXPOSITIO
1759 379 1820 434 IN
1860 373 2183 432 PSALMUM
2221 376 2490 432 CXLVIII.

3515 392 3615 447 Î¹Î¸Î¿

2031 498 2268 543 nostrum
2309 507 2474 562 genus
2519 493 2778 550 interiret.
2823 496 3281 565 Quemadmodum
3309 517 3436 572 ergo
3460 507 3618 561 cultis

2033 584 2175 654 agris
2195 599 2329 655 opus
2350 586 2606 642 habemus
2631 589 2695 642 ad
2718 589 2840 654 hoc,
2867 599 2920 644 ut
2941 592 3161 658 alamur,
3188 593 3256 647 ita
3281 595 3437 650 etiam
3463 598 3618 668 lignis

2030 675 2349 748 infrugiferis
2391 687 2446 734 et
2488 679 2749 749 lapidibus
2796 697 3014 752 egemus
3058 684 3122 738 ad
3169 684 3290 752 hoc,
3334 697 3388 742 ut
3427 688 3614 745 domos

2027 766 2352 823 :edilicemus
2393 778 2447 824 et
2486 770 2590 825 alia
2635 771 3037 829 innumerabilia
3092 790 3158 831 ex
3201 777 3278 832 eis
3324 793 3582 849 compone

2031 874 2170 915 mus.

2099 955 2152 1008 4.
2197 955 2332 1022 Quid
2367 958 2616 1012 commodi
2665 967 2920 1028 serpentes
2964 968 3011 1014 et
3048 963 3234 1034 scorpii
3270 963 3506 1032 a/Terant.
3547 997 3612 1010 --

2031 1046 2100 1100 At
2126 1056 2436 1116 serpentes,
2467 1049 2709 1119 inquies,
2740 1051 2955 1119 scorpii,
2989 1052 3270 1122 dracones,
3316 1064 3370 1112 et
3408 1057 3611 1122 leones,

2029 1137 2154 1207 quid
2194 1137 2260 1192 ad
2290 1140 2452 1193 vitam
2493 1140 2620 1194 utile
2647 1139 2919 1195 afferunt?
2961 1151 3015 1196 et
3056 1143 3308 1212 quidnam
3349 1149 3615 1203 commodi

2029 1240 2094 1280 ex
2119 1227 2198 1282 eis
2223 1228 2557 1298 percipitur?
2585 1229 2897 1294 Plurimum,
2926 1229 3084 1301 idque
3111 1233 3489 1303 inenarrabile,
3518 1253 3614 1292 nec

2031 1319 2206 1374 minus
2247 1330 2392 1375 certe
2436 1337 2597 1391 quam
2641 1338 2706 1377 ex
2753 1325 3045 1380 mansuetis
3095 1336 3146 1380 et
3191 1328 3478 1382 cicuribus.
3528 1329 3615 1384 Illa

2031 1410 2172 1464 enim
2204 1421 2327 1465 sunt
2355 1422 2479 1481 apta
2518 1412 2583 1466 ad
2612 1428 2765 1466 usum
2795 1415 3036 1484 corporis
3074 1432 3089 1470 :
3127 1416 3241 1471 haec
3266 1434 3395 1474 vero
3425 1428 3478 1474 et
3524 1422 3616 1477 tibi

2029 1512 2228 1556 metum
2271 1502 2528 1570 afferunt,
2570 1515 2623 1560 et
2663 1513 2723 1559 ut
2765 1508 2838 1560 sis
2882 1508 3155 1564 modestus
3196 1519 3249 1564 et
3292 1518 3615 1580 temperatus

2030 1593 2287 1660 efficiunt,
2311 1604 2366 1651 et
2391 1597 2456 1651 ad
2481 1607 2748 1652 certamen
2781 1599 3062 1664 instruunt,
3091 1611 3143 1655 et
3165 1614 3439 1672 peccatum
3463 1607 3613 1673 primi

2031 1687 2266 1754 parentis
2297 1687 2388 1741 tibi
2438 1689 2488 1741 in
2538 1689 2846 1743 memoriam
2897 1691 3181 1761 redigunt,
3233 1703 3286 1748 et
3329 1697 3616 1750 ostendunt

2030 1789 2347 1846 quantorum
2397 1781 2654 1834 malorum
2698 1796 2855 1836 causa
2902 1782 2971 1836 sit
3012 1783 3389 1841 inobedientia.
3437 1787 3615 1858 Neque

2031 1869 2172 1923 enim
2200 1871 2459 1936 ejusmodi
2491 1873 2613 1925 fera:
2655 1882 2806 1926 antea
2854 1873 3055 1928 homini
3089 1877 3346 1931 terribiles
3367 1921 3381 1940 ,
3413 1895 3509 1934 nec
3547 1881 3614 1933 ab

2030 1975 2096 2016 eo
2142 1961 2422 2030 fugiendm,
2457 1963 2550 2017 sed
2594 1965 2799 2018 cicures
2838 1974 2892 2019 et
2933 1976 3242 2021 mansuetae.
3290 1969 3393 2024 Eas
3439 1971 3614 2040 itaque

2033 2055 2250 2110 deduxit
2282 2057 2421 2110 Dens
2448 2057 2514 2112 ad
2541 2057 2709 2112 Adam
2728 2099 2742 2122 ,
2775 2069 2828 2112 et
2854 2059 2966 2128 ipse
2995 2059 3071 2114 eis
3097 2061 3310 2115 nomina
3342 2063 3612 2132 imposuit.

2033 2145 2269 2216 Serpens
2311 2148 2472 2200 Evam
2522 2147 2842 2218 alloquitur,
2891 2158 2947 2204 et
2993 2151 3101 2205 Eva
3146 2168 3253 2208 non
3300 2154 3489 2225 refugit
3516 2157 3611 2227 (a).

2039 2239 2319 2309 Postquam
2343 2248 2522 2294 autem
2557 2242 2880 2309 praateritum
2909 2251 2992 2297 est
3031 2245 3366 2312 mandatum,
3408 2257 3462 2302 et
3507 2249 3615 2303 Deo

2035 2345 2139 2383 non
2167 2340 2248 2385 est
2275 2330 2542 2386 obeditnm
2565 2373 2579 2397 ,
2612 2331 2898 2400 plurimum
2943 2334 3128 2389 honori
3174 2336 3466 2393 detractum
3511 2351 3610 2395 est.

2034 2419 2258 2486 Quando
2287 2436 2414 2489 ergo
2440 2421 2636 2476 videris
2666 2421 2896 2489 leonem,
2930 2425 3142 2494 quando
3169 2426 3365 2481 videris
3393 2444 3612 2499 serpen-

2035 2522 2171 2576 tem,
2219 2515 2270 2566 in
2316 2522 2548 2568 mentem
2579 2529 2788 2580 revoca,
2820 2531 2938 2585 qum
2968 2517 3019 2570 in
3048 2533 3200 2573 sacra
3229 2531 3512 2575 narrantur
3540 2525 3614 2574 hi-

2033 2607 2216 2668 storia,
2247 2616 2300 2660 et
2328 2605 2443 2660 haec
2484 2605 2812 2661 exhibebunt
2852 2607 2943 2661 tibi
2989 2625 3092 2664 non
3123 2625 3341 2680 parvum
3385 2612 3614 2682 philos-o-

2037 2698 2174 2765 phia:
2201 2709 2591 2767 argumentum.
2619 2697 2726 2753 Fac
2747 2714 2957 2769 quoque
2984 2700 3033 2752 iu
3058 2710 3289 2756 mentem
3317 2704 3408 2758 tibi
3436 2706 3618 2760 redeat

2036 2788 2240 2853 Daniel,
2273 2788 2540 2858 quomodo
2568 2797 2845 2858 postquam
2874 2789 2939 2844 ad
2969 2792 3236 2861 antiquam
3268 2809 3512 2850 reversus
3539 2807 3620 2851 est

2037 2880 2353 2948 imaginem,
2401 2882 2726 2950 contemptui
2774 2882 2845 2936 illi
2888 2891 3040 2937 erant
3088 2885 3348 2942 terribiles
3391 2887 3615 2944 bestiae:

2037 2971 2482 3040 quemadmodum
2523 2981 2577 3026 et
2617 2972 2782 3027 Paulo
2813 2973 2990 3042 vipera
3019 2975 3168 3043 (Act.
3195 2976 3300 3047 28)
3330 2995 3343 3031 :
3377 2995 3475 3034 nec
3504 2997 3620 3049 par-

2038 3078 2161 3117 vum
2191 3062 2314 3117 hinc
2357 3063 2575 3133 colliges
2615 3063 2780 3117 animi
2817 3063 3072 3133 studium,
3106 3081 3288 3122 curam
3316 3077 3368 3124 et
3393 3071 3618 3142 diligen-

2037 3155 2186 3209 tiam.
2219 3155 2348 3208 Cum
2394 3153 2476 3208 his
2518 3163 2693 3209 autem
2737 3156 2951 3212 aliunde
2994 3172 3203 3228 quoque
3247 3175 3529 3229 possumus
3571 3166 3618 3218 iu

2039 3245 2123 3301 his
2149 3246 2400 3300 admirari
2444 3245 2719 3316 providum
2748 3247 2842 3302 Dei
2870 3249 3146 3304 consilium
3182 3259 3238 3305 et
3268 3251 3619 3322 dispensatio-

2039 3353 2184 3393 nem.
2214 3337 2535 3404 Quodnam?
2574 3337 2725 3404 Quod
2749 3337 2830 3394 his
2858 3339 3143 3410 assignavit
3182 3341 3298 3397 loca
3324 3356 3526 3402 remota
3556 3349 3622 3401 ab

2041 3430 2281 3496 urbibus,
2313 3445 2506 3500 nempe
2532 3430 2842 3486 solitudines
2875 3447 2888 3484 :
2918 3440 3115 3487 etcum
3142 3434 3249 3489 sint
3287 3435 3419 3491 adeo
3465 3441 3620 3493 terri-

2040 3519 2196 3584 biles,
2224 3536 2331 3575 non
2359 3530 2639 3576 versantur
2665 3522 2716 3576 in
2740 3523 3064 3589 civitatibus,
3097 3541 3193 3579 nec
3218 3526 3428 3583 irruunt
3453 3530 3503 3583 in
3531 3546 3622 3585 eos

2041 3614 2129 3682 qui
2172 3615 2225 3668 in
2258 3613 2360 3669 illis
2391 3615 2667 3678 habitant,
2711 3614 2804 3669 sed
2845 3617 2923 3670 eis
2962 3617 3137 3686 placet
3177 3619 3410 3676 solitudo
3433 3663 3448 3687 ,
3481 3634 3534 3677 et
3562 3642 3624 3678 ea

2041 3707 2278 3761 contenti
2308 3715 2460 3774 sunt,
2491 3723 2609 3761 cum
2640 3707 2779 3762 Deus
2805 3709 2872 3762 ab
2902 3709 3052 3762 initio
3086 3708 3186 3764 hoc
3210 3711 3288 3765 eis
3316 3714 3622 3783 assignare-

2042 3799 2147 3865 rit,
2191 3807 2248 3852 ut
2288 3799 2460 3852 locum
2499 3807 2679 3868 aptum
2721 3799 2773 3853 in
2805 3814 2910 3869 quo
2934 3798 3205 3869 degerent.
3239 3802 3459 3868 Quando
3483 3807 3623 3860 enim

2045 3900 2099 3946 tu
2129 3891 2366 3956 dormis,
2406 3891 2508 3945 illae
2536 3891 2830 3960 pervadunt
2872 3892 3227 3947 solitudinem.
3274 3894 3424 3960 Quod
3467 3899 3623 3952 etiam

2044 3983 2300 4053 propheta
2327 3982 2449 4036 alibi
2477 3983 2742 4048 ostendit,
2776 3982 2852 4036 sic
2876 3982 3058 4038 dicens
3086 4001 3098 4036 :
3130 3982 3354 4039 Posuisti
3381 3989 3624 4052 tenebras,

2046 4087 2092 4129 et
2119 4076 2253 4144 facta
2279 4085 2349 4128 est
2378 4091 2478 4127 nos:
2501 4090 2518 4128 :
2541 4074 2591 4127 in
2620 4091 2676 4127 ea
2699 4074 3070 4140 pertransibunt
3092 4091 3263 4129 omnes
3289 4077 3454 4130 bestia:
3476 4080 3627 4149 syiâ€™t'm

2049 4164 2228 4238 (Psal.
2260 4166 2381 4220 105.
2409 4165 2542 4232 20).
2576 4165 2762 4218 Vidisti
2802 4165 3070 4234 quomodo
3115 4183 3252 4220 nunc
3280 4183 3490 4238 quoque
3536 4172 3624 4224 tibi

2048 4268 2268 4315 manent
2297 4259 2368 4312 tui
2396 4258 2614 4326 vestigia
2655 4258 2891 4327 imperii,
2922 4273 3041 4327 qua:
3069 4258 3167 4312 etsi
3207 4260 3312 4313 sint
3337 4263 3547 4316 concisa
3576 4271 3629 4316 ct

2048 4352 2255 4416 mutila,
2286 4349 2476 4404 habent
2513 4358 2684 4403 tamen
2716 4349 2943 4417 aliquam
2971 4350 3204 4418 speciem
3233 4351 3427 4407 veteris
3463 4353 3628 4409 hono-

2047 4442 2160 4496 ris?
2181 4439 2470 4512 Ta'mquam
2499 4441 2639 4495 enim
2667 4455 2833 4495 servae
2863 4439 3109 4510 relegatae
3138 4451 3280 4507 sunt,
3309 4451 3364 4498 et
3390 4453 3626 4515 tempore

2049 4545 2102 4591 et
2131 4535 2248 4590 loco
2273 4551 2303 4588 a
2330 4535 2484 4588 nobis
2511 4533 2693 4603 procul
2732 4540 2952 4586 remota:
2980 4550 2992 4586 :
3025 4547 3088 4587 ac
3114 4533 3215 4587 nisi
3252 4542 3307 4588 tu
3347 4550 3438 4590 eas
3478 4537 3628 4592 inva-

2051 4626 2214 4688 seris,
2245 4641 2322 4680 eae
2348 4634 2398 4680 te
2427 4640 2532 4678 non
2563 4623 2845 4689 invadunt,
2873 4622 2967 4678 sed
2993 4633 3273 4679 versantur
3301 4625 3352 4680 in
3384 4627 3628 4684 solitudi-

2050 4717 2228 4772 nibus.
2257 4716 2407 4783 Quod
2450 4717 2493 4769 si
2522 4714 2729 4786 angeris
2772 4725 2826 4769 et
2867 4713 3140 4770 afflictaris
3176 4733 3271 4772 cur
3312 4718 3437 4775 ferte
3481 4723 3629 4778 facta:

2049 4817 2194 4875 sunt,
2221 4807 2374 4862 valde
2402 4807 2615 4876 desipis.
2646 4807 2699 4861 Si
2727 4807 2867 4860 enim
2901 4817 2950 4861 te
2977 4815 3121 4862 recte
3148 4809 3398 4878 gesseris,
3426 4814 3626 4868 nullum

2051 4902 2302 4957 damnum
2334 4917 2398 4954 ex
2439 4901 2516 4954 eis
2559 4899 2787 4966 accipies
2820 4916 2832 4951 :
2863 4899 2909 4952 si
2937 4910 3112 4953 autem
3144 4915 3173 4954 a
3216 4901 3340 4956 feris
3377 4903 3628 4960 damnum

2053 4996 2272 5064 accipis,
2303 4994 2476 5063 cogita
2505 5002 2556 5047 te
2582 5007 2722 5061 saepe
2751 4991 2918 5044 multo
2949 4991 3118 5060 majus
3143 4993 3414 5062 accepisse
3444 4996 3511 5050 ab
3540 4997 3631 5050 lm-

2053 5088 2304 5143 minibus.
2350 5088 2445 5142 Est
2489 5086 2628 5140 enim
2679 5085 2836 5137 homo
2865 5083 3052 5150 quavis
3099 5083 3206 5138 fera
3251 5085 3502 5142 deterior.
3558 5088 3629 5142 Ea

2053 5182 2193 5235 enim
2218 5180 2386 5249 ipsam
2411 5193 2519 5248 pra:
2544 5192 2602 5231 se
2629 5174 2732 5230 fert
2755 5175 3015 5229 feritatem
3043 5193 3056 5228 :
3084 5173 3168 5229 hic
3192 5185 3367 5231 autem
3391 5179 3490 5233 sub
3516 5195 3633 5248 per.

2054 5289 2183 5330 sona
2214 5270 2552 5326 humanitatis
2577 5268 2714 5323 celat
2741 5267 3135 5337 improbitatem
3163 5284 3176 5319 :
3208 5267 3347 5322 unde
3385 5270 3542 5323 etiam
3575 5271 3634 5326 fit

2118 5387 2189 5448 (Î±)
2222 5383 2353 5443 Quod
2378 5389 2466 5431 Eva
2491 5381 2817 5448 ad_serpe_nti_s
2853 5393 3107 5429 occursum
3141 5393 3236 5448 non
3271 5379 3543 5448 aufugerit,
3569 5385 3633 5433 nil

2055 5443 2229 5497 mirum
2255 5462 2265 5495 :
2288 5460 2415 5502 cum,
2441 5443 2649 5492 nondum
2673 5443 2878 5491 admisso
2903 5450 3126 5502 peccato,
3152 5443 3408 5503 imperium
3433 5444 3479 5491 in
3506 5447 3634 5495 feras

2056 5521 2108 5560 et
2141 5511 2324 5558 bestias
2346 5508 2592 5556 obtineret
2625 5504 2766 5552 homo
2794 5517 2804 5550 :
2833 5503 2919 5550 sed
2953 5504 3079 5564 quod
3117 5503 3398 5564 loquentem
3431 5506 3634 5556 audiens

2053 5579 2365 5634 serpentem,
2378 5582 2474 5616 non
2499 5569 2752 5634 exterrita,
2779 5577 2872 5634 non
2898 5564 3225 5634 obstupetagta
3244 5567 3495 5634 _Iuerit,_id
3517 5583 3633 5618 vero

2055 5625 2153 5683 non
2178 5635 2237 5681 ita
2263 5629 2402 5679 facile
2427 5627 2670 5690 explicata
2695 5635 2786 5694 est.
2811 5633 2918 5694 Eam
2944 5638 3060 5694 vero
3081 5625 3418 5694 difï¬cultatem
3435 5629 3511 5678 hic
3537 5645 3632 5683 non

2057 5695 2210 5758 tangit
2233 5686 2621 5758 Cbrysostoinus._
2638 5690 2753 5744 Sed,
2772 5686 2907 5758 quod
2936 5687 3079 5758 etiam
3103 5687 3170 5734 ait
3195 5693 3327 5758 Hom.
3352 5690 3382 5736 9
3407 5691 3456 5758 in_
3478 5699 3631 5758 (Î¾Ï…Î¼Îµ.

2055 5747 2178 5814 Î´á½·Ï‰Î½,
2206 5747 2542 5814 argumentum
2579 5747 2916 5814 hincvaliâ€™dum
2939 5755 3237 5814 mutuamur,
3265 5747 3394 5798 feras
3414 5751 3477 5814 ab
3501 5753 3630 5801 initur

2057 5803 2336 5866 itoâ€”aluisse
2369 5815 2547 5880 homini
2582 5809 2859 5880 terribiles.
2883 5809 3011 5871 qttod
3045 5816 3132 5880 Eva
3158 5803 3627 5880 scrientetnintuiu

2058 5881 2302 5934 manserit,
2329 5884 2381 5927 et.
2404 5875 2461 5925 ad
2485 5877 2588 5934 ejus
2607 5870 2915 5934 consj.cctutti
2940 5884 3035 5918 non
3053 5870 3381 5922 exhorrucrit.
