4070 6340
441 312 544 386 tat

442 435 501 483 ut
528 440 671 498 saape
705 424 920 482 difﬁcile
962 435 1230 481 caveatur.
1265 424 1370 481 Sed
1395 425 1440 479 si
1469 427 1738 495 sapueris,
1770 441 1867 480 nec
1898 426 2026 492 fera,

443 532 546 572 nec
573 515 738 572 homo
765 517 960 587 aliquid
989 517 1113 572 mali
1153 515 1346 582 faciet,
1390 516 1484 572 sed
1524 517 1685 572 etiam
1728 518 1957 572 maxime
1984 527 2036 573 te

441 611 668 681 juvabit.
713 611 851 679 Quid
897 610 1047 677 dico,
1078 611 1188 666 fera
1215 617 1271 664 et
1295 609 1477 676 homo,
1509 625 1628 666 cum
1671 611 1784 682 ipse
1826 626 2036 681 quoque

446 703 693 758 diabolus
728 717 837 779 non
863 702 1023 757 modo
1058 718 1164 758 non
1194 703 1387 758 laeserit
1411 702 1542 770 Job,
1570 703 1663 760 sed
1691 704 1848 760 etiam
1891 704 2037 759 mille

444 809 780 853 coronarum
807 797 1019 852 occasio
1054 795 1254 852 fuerit?
1288 796 1414 866 quid
1454 797 1604 862 dico,
1634 797 1742 851 fera
1773 809 1827 852 et
1854 798 2034 864 homo,

448 907 572 947 cum
600 893 760 946 etiam
788 892 855 947 ab
881 892 946 947 iis
969 907 1088 962 quae
1117 892 1170 946 iu
1200 901 1251 947 te
1288 902 1414 947 sunt
1442 893 1742 955 elementis,
1788 892 1834 947 si
1875 891 2039 948 fueris

451 983 747 1053 negligens,
780 982 937 1053 longe
962 982 1038 1037 sis
1076 983 1318 1052 graviora
1347 996 1620 1052 passurus,
1661 997 1853 1052 nempe
1875 997 1906 1036 a
1933 982 2042 1038 bile

451 1075 538 1132 vel
584 1076 807 1147 pituita,
855 1077 900 1131 si
947 1075 1388 1132 immoderatione
1435 1074 1610 1146 aliqua
1654 1075 2040 1132 redundantem

450 1182 641 1224 eorum
685 1168 893 1237 copiam
934 1167 1283 1237 despexeris?
1327 1167 1477 1224 Adeo
1519 1167 1694 1222 sobria
1733 1175 1788 1223 et
1810 1166 2043 1237 vigilanti

455 1267 634 1313 mente
662 1258 859 1328 ubique
899 1273 1032 1328 opus
1057 1267 1157 1314 cst.
1197 1256 1303 1313 Sed
1327 1258 1780 1327 quemadmodum
1809 1258 1856 1312 si
1881 1256 2044 1313 fueris

455 1349 760 1421 negligens,
804 1350 1095 1405 maximum
1136 1350 1261 1406 inde
1303 1349 1554 1406 damnum
1583 1351 1814 1420 accipies
1847 1369 1859 1404 :
1892 1351 1964 1404 ita
2000 1349 2045 1406 si

457 1454 694 1500 attentus
723 1446 796 1499 sis
822 1453 876 1500 et
903 1444 1125 1513 vigilans
1145 1486 1160 1511 ,
1198 1459 1304 1500 non
1333 1445 1451 1501 leve
1475 1460 1574 1500 nec
1597 1443 2047 1500 contemnendum

458 1537 683 1608 accipiet
724 1537 1105 1593 commodum:
1140 1537 1447 1592 universum
1492 1536 1634 1592 enim
1679 1536 1732 1592 in
1772 1536 1942 1592 libero
1973 1535 2046 1589 tui

458 1630 625 1685 animi
651 1630 873 1685 arbitrio
915 1630 1073 1686 situm
1116 1639 1216 1685 est.
1249 1629 1404 1696 Quod
1439 1639 1524 1684 est
1562 1644 1690 1700 ergo
1723 1630 1814 1684 nix
1847 1630 1899 1683 in
1926 1628 2046 1682 uni-

460 1737 641 1789 verso,
686 1731 741 1777 et
781 1721 918 1793 ignis
940 1764 954 1788 ,
984 1731 1038 1778 et
1079 1721 1298 1793 Spiritus
1325 1720 1678 1792 procellarum
1700 1760 1715 1786 ,
1746 1719 1848 1775 hoc
1875 1727 1957 1774 est
1995 1718 2048 1772 in

463 1829 689 1885 corpore
713 1815 918 1885 pituita,
943 1816 1180 1886 sanguis,
1205 1824 1260 1870 et
1283 1815 1434 1880 bilis;
1463 1823 1517 1870 et
1535 1829 1598 1870 ea
1618 1823 1828 1882 oportet
1847 1813 2051 1882 sapien-

465 1905 670 1960 tissime
701 1921 888 1976 regere
910 1914 964 1960 et
988 1905 1382 1973 administrare,
1412 1914 1469 1960 ut
1487 1920 1556 1961 ex
1579 1905 1659 1960 eis
1682 1905 1855 1975 aliqua
1875 1905 2055 1974 capia-

467 2005 551 2049 tur
575 1995 798 2062 utilitas,
828 2010 934 2050 non
964 2003 1147 2050 autem
1173 1995 1570 2050 detrimentum.
1603 1995 1816 2064 thuid
1843 1994 1962 2050 dico
1987 1995 2054 2051 de

469 2103 714 2158 corpore,
739 2103 858 2143 cum
886 2089 1062 2142 anima
1097 2103 1307 2159 quoque
1343 2088 1530 2144 habeat
1559 2087 1833 2151 nonnulla,
1863 2102 1982 2156 quae
2008 2086 2055 2142 si

465 2180 655 2235 siveris
699 2181 985 2250 pervenire
1020 2180 1086 2234 ad
1125 2180 1642 2244 immoderationem,
1688 2178 1861 2234 morbi
1899 2178 2051 2242 ﬁunt,

466 2272 561 2327 sed
587 2271 633 2326 si
662 2286 724 2327 ea
752 2273 979 2342 castiges
1002 2280 1057 2326 et
1085 2271 1397 2339 modereris,
1429 2271 1561 2326 ﬁunt
1586 2270 1948 2326 adminicula?
1973 2269 2056 2325 lra

470 2364 637 2429 enim,
657 2363 700 2417 si
724 2379 783 2418 ea
807 2372 864 2418 ut
887 2372 1097 2433 oportet
1117 2365 1302 2431 utaris,
1326 2373 1408 2419 est
1429 2365 1659 2419 salutare
1681 2365 2053 2434 pharmacum:

475 2454 571 2511 sed
602 2455 646 2509 si
675 2455 1051 2523 immoderate,
1085 2471 1244 2510 causa
1272 2465 1355 2510 est
1391 2456 1558 2512 exitii.
1602 2457 1669 2510 Et
1703 2455 1984 2525 cupiditas,
2013 2456 2057 2508 si

469 2547 746 2602 moderate
771 2563 889 2603 eam
928 2563 1116 2619 regas,
1147 2557 1198 2604 te
1223 2557 1430 2618 patrem
1475 2548 1676 2615 efficit;
1718 2558 1802 2603 est
1826 2549 1968 2602 enim
1993 2548 2060 2602 ad

469 2639 609 2694 filios
636 2639 996 2709 procreandos
1026 2639 1170 2694 utilis
1195 2657 1211 2706 ;
1243 2640 1338 2695 sed
1373 2639 1418 2696 si
1444 2655 1560 2694 eam
1587 2655 1869 2709 erumpere
1894 2641 2059 2707 sinas,

471 2733 526 2789 in
564 2740 746 2804 stupra
786 2742 840 2788 et
879 2733 1142 2789 adulteria
1184 2743 1236 2789 te
1277 2749 1420 2804 saepe
1458 2734 1694 2804 conjicit.
1733 2734 1811 2790 Ne
1852 2734 2061 2803 culpam

471 2842 602 2898 ergo
632 2828 684 2881 in
725 2841 813 2882 res
842 2827 1114 2891 conferas,
1161 2826 1256 2882 sed
1283 2842 1495 2897 semper
1533 2827 1586 2882 in
1618 2837 1760 2881 tuam
1804 2835 2062 2882 mentem.

472 2918 528 2974 Si
556 2933 676 2974 eam
696 2919 838 2973 enim
866 2919 1185 2990 neglexeris,
1211 2933 1240 2972 a
1272 2919 1440 2988 teipso
1463 2933 1676 2988 quoque
1700 2917 1928 2984 hederis,
1953 2927 2008 2973 et
2033 2933 2062 2972 a

473 3011 690 3083 proprio
734 3027 960 3082 corpore
1004 3011 1284 3082 perderis;
1325 3011 1422 3067 sed
1453 3011 1499 3067 si
1525 3011 1642 3081 ejus
1666 3025 1848 3066 curam
1884 3026 2066 3082 gesse-

472 3103 583 3168 ris,
619 3119 718 3158 nec
746 3119 773 3156 a
803 3102 1138 3159 daemonibus
1181 3103 1418 3174 quidem,
1458 3117 1558 3158 nec
1585 3119 1614 3156 a
1653 3103 1900 3169 diabolo,
1946 3113 2064 3157 tan-

475 3203 584 3248 tum
624 3195 811 3262 abest,
853 3205 910 3250 ut
948 3210 978 3249 a
1019 3192 1171 3262 feris,
1213 3194 1410 3266 aliquid
1449 3209 1612 3264 grave
1649 3202 1741 3248 aut
1781 3195 2064 3249 molestum

473 3287 730 3360 patiaris.

549 3379 604 3433 Μ
610 3380 941 3451 agistratuum
966 3381 1435 3436 necessitas.—ll.
1461 3380 1622 3451 Reges
1639 3391 1803 3446 term,
1827 3389 1874 3433 et
1895 3396 2067 3435 omnes

479 3475 676 3544 populi.
707 3475 853 3529 Alius
875 3516 891 3542 ,
935 3475 1001 3529 Et
1028 3492 1199 3529 omnes
1226 3475 1495 3545 tribus(a).
1529 3475 1798 3544 Principes
1823 3485 1868 3528 et
1898 3491 2069 3528 onmes

472 3565 674 3636 jndices
703 3575 867 3619 terrtc.
917 3566 1006 3622 12.
1053 3563 1270 3620 Iuvenes
1298 3577 1344 3620 et
1371 3567 1605 3638 virgines.
1656 3567 1835 3631 Alius,
1883 3566 2066 3620 Electi.

480 3655 638 3710 Senes
679 3673 791 3709 cum
823 3657 1135 3728 junioribus.
1161 3657 1343 3725 Alius,
1373 3657 1500 3712 Cum
1521 3657 1810 3728 juvenibus.
1837 3657 2070 3712 Laudent

483 3765 663 3802 nomen
709 3749 930 3803 Domini.
985 3749 1081 3805 llic
1123 3766 1308 3805 rursus
1353 3751 1584 3820 loquitur
1621 3750 1689 3806 de
1732 3750 1838 3805 alio
1874 3766 2071 3821 genere

481 3839 830 3908 providentia:
862 3882 877 3906 ,
931 3855 1122 3910 nempe
1170 3842 1239 3896 de
1288 3841 1612 3910 principibus
1647 3859 1660 3894 :
1693 3840 1836 3911 quod
1876 3841 2070 3896 Paulus

483 3945 695 4000 quoque
727 3931 777 3983 in
811 3930 1033 3999 epistola
1065 3929 1131 3985 ad
1177 3930 1445 3985 Romanos
1471 3931 1639 4001 ponit,
1682 3931 2072 3997 sapientissime

483 4022 771 4076 ostendens
802 4022 902 4077 hoc
939 4021 1103 4077 fuisse
1146 4037 1280 4091 opus
1323 4023 1416 4077 Dei
1458 4023 1832 4092 providentiae,
1877 4024 1929 4078 in
1979 4039 2073 4080 eos

484 4114 572 4182 qui
607 4115 946 4185 magistratus
974 4123 1204 4185 gerunt,
1250 4125 1304 4170 et
1343 4115 1395 4169 in
1443 4130 1537 4170 eos
1574 4116 1663 4186 qui
1707 4116 1810 4170 illis
1851 4125 2070 4187 parcnt,

488 4204 792 4260 universum
821 4204 1085 4260 divisisse.
1114 4203 1212 4259 Dei
1241 4207 1371 4258 enim
1402 4207 1627 4260 minister
1646 4215 1720 4260 est
1744 4207 1850 4273 tibi,
1882 4208 2070 4279 inquit,

485 4297 537 4352 in
581 4298 765 4350 bonum
806 4297 978 4370 (Rom.
1030 4299 1116 4353 13.
1160 4299 1236 4368 4).
1279 4298 1334 4354 Si
1385 4299 1484 4353 hoc
1530 4307 1708 4354 autem
1755 4301 2072 4367 sustuleris,

490 4387 801 4472 universum
834 4389 1033 4444 interit.
1065 4388 1120 4443 Si
1152 4389 1294 4443 enim
1333 4403 1454 4443 cum
1486 4404 1628 4444 nunc
1659 4400 1783 4446 sunt
1809 4392 2076 4461 principes

487 4487 543 4533 et
572 4479 910 4550 magistratus
934 4521 949 4544 ,
1001 4479 1257 4549 multique
1285 4489 1410 4535 sunt
1439 4481 1491 4535 in
1520 4483 1598 4537 eis
1625 4483 1861 4552 corrupti
1890 4499 1952 4539 ac
1977 4485 2075 4538 de-

489 4569 712 4642 pravati,
743 4578 921 4625 tantus
950 4581 1123 4626 tamen
1149 4571 1225 4626 rei
1251 4581 1334 4627 est
1360 4587 1505 4639 usus,
1537 4581 1596 4628 ut
1619 4575 1777 4629 etiam
1804 4591 1924 4631 cum
1953 4577 2075 4632 mali

487 4663 622 4727 sint,
658 4678 848 4733 magna
875 4679 940 4718 ex
976 4663 1055 4718 eis
1089 4665 1327 4732 capiatur
1351 4665 1546 4720 utilitas
1569 4709 1586 4732 ,
1630 4669 1801 4738 cogita
1829 4669 1966 4738 apud
1995 4679 2073 4733 te,

491 4758 537 4810 si
569 4757 604 4811 ii
631 4757 822 4827 quibus
852 4767 977 4812 sunt
1003 4757 1189 4813 crediti
1221 4759 1588 4829 magistratus,
1628 4775 1722 4817 eos
1752 4772 1900 4818 recte
1924 4778 2075 4831 gere-

493 4859 632 4912 rent,
665 4865 823 4920 quam
852 4850 988 4906 bene
1016 4865 1138 4905 cum
1163 4866 1361 4922 genere
1395 4851 1627 4908 humano
1668 4865 1938 4924 ageretur.
1970 4856 2075 4910 Sed

495 4941 836 5012 magistratus
863 4941 1078 5012 quidem
1109 4944 1433 4998 constituere
1452 4985 1467 5008 ,
1499 4944 1594 4998 fuit
1623 4945 1717 4999 Dei
1742 4961 1876 5014 opus
1901 4965 1912 5000 :
1937 4947 2077 5018 quod

489 5043 668 5093 autem
709 5035 938 5106 improbi
980 5035 1048 5090 ad
1096 5051 1190 5090 eos
1225 5035 1618 5107 provehantur,
1657 5047 1712 5092 et
1749 5039 1828 5094 eis
1872 5056 1976 5094 nou
2021 5051 2080 5096 ut

491 5126 648 5181 decet
672 5136 906 5194 utantur,
933 5137 1016 5181 est
1041 5126 1316 5182 hominum
1347 5129 1720 5196 improbitatis.

566 5219 621 5275 5.
655 5218 794 5274 Dicit
822 5234 950 5290 ergo
977 5231 1225 5290 oportere
1265 5236 1481 5290 magnas
1524 5221 1634 5276 Deo
1660 5221 1856 5291 gratias
1885 5238 2076 5294 agerc,

489 5313 631 5384 quod
663 5313 771 5369 sint
797 5322 852 5370 et
887 5330 1044 5386 reges
1067 5355 1081 5375 ,
1113 5324 1166 5368 et
1191 5314 1412 5384 judiccs.
1443 5313 1602 5369 Certo
1630 5317 1771 5370 enim
1807 5317 1995 5373 ordine
2023 5328 2079 5374 et

491 5408 653 5464 modo
699 5408 1003 5464 constituta:
1047 5407 1319 5462 hominum
1371 5407 1843 5464 administrationis
1894 5428 2076 5466 curam

552 5541 626 5606 (a)
660 5544 809 5594 Hebr.
845 5521 1166 5608 amab-5:,
1203 5557 1349 5608 quam
1369 5556 1540 5592 vocem
1560 5542 1676 5592 Psal.
1702 5544 1752 5601 2,
1769 5560 1817 5594 v.
1842 5547 1886 5605 1,
1907 5546 2078 5610 Aquila

488 5616 645 5680 vertit
665 5617 999 5680 eblu,_tribus.
1029 5616 1143 5663 Haec
1164 5616 1331 5680 igitur
1363 5612 1710 5680 interpretatio
1735 5611 1928 5680 Videtur
1951 5624 2062 5680 esse

493 5677 717 5740 Aquilae,
742 5677 827 5739 qui
861 5680 992 5740 solet
1020 5678 1173 5724 semel
1204 5682 1483 5740 usurpatam
1519 5677 1979 5740 interpretationem
2009 5677 2063 5722 ut

493 5737 1034 5802 plurimumadhihere.
1072 5740 1352 5800 Sequentes
1389 5737 1825 5798 interpretationes
1856 5747 2063 5796 quorum

495 5800 592 5857 sint
617 5800 887 5864 ignoratur.

1153 311 1207 367 S.
1253 311 1532 368 JOANNIS
1568 310 2048 370 CHRYSOSTOMI
2086 310 2404 367 ARCHIEP.
2447 313 2989 374 CONSTANTINOP.

3625 318 3726 376 [9‘1

2141 439 2334 494 gerens
2354 467 2372 492 ,
2399 435 2454 482 et
2482 441 2551 482 ne
2578 427 2695 496 plus
2722 445 2882 498 quam
2921 428 3096 486 ferino
3125 431 3229 486 ritu
3259 435 3409 490 multi
3452 436 3726 504 viverent,

2143 517 2448 587 providens,
2478 519 2638 574 veluti
2667 522 2950 590 quamdam
2977 537 3166 579 currus
3195 527 3413 595 regendi
3445 535 3613 584 artem
3631 570 3647 598 ,
3675 541 3733 585 et

2144 611 2292 666 navis
2320 611 2684 681 gubernanda:
2722 614 2999 669 scientiam
3020 656 3036 680 ,
3087 618 3428 688 magistratus
3477 631 3532 677 et
3567 637 3732 692 regna

2142 703 2362 775 largitus
2399 714 2500 760 est.
2541 705 2598 761 Si
2636 722 2765 777 ergo
2801 707 2878 764 sis
2919 709 3199 780 princeps,
3245 721 3337 766 aut
3365 715 3735 784 magistratum

2143 811 2299 867 geras
2319 838 2334 864 ,
2365 796 2597 867 benigno
2637 798 2746 854 Deo
2783 814 2882 870 age
2918 801 3136 870 gratias,
3167 803 3306 872 quod
3334 813 3493 859 tanta:
3513 820 3652 860 curm
3680 817 3740 860 et

2143 887 2434 960 diligentiae
2461 889 2554 943 tibi
2591 889 2712 945 data
2747 891 2819 946 sit
2857 893 3068 947 occasio
3099 910 3112 947 :
3143 893 3190 947 si
3230 895 3500 964 privatus,
3549 912 3742 951 rursus

2145 995 2244 1051 age
2280 981 2511 1050 gratias,
2549 981 2692 1052 quod
2721 982 2917 1038 habeas
2959 985 3047 1053 qui
3100 985 3172 1039 tui
3218 999 3399 1040 curam
3425 996 3605 1057 gerat,
3637 1002 3742 1042 nec

2146 1073 2440 1142 permittat,
2463 1081 2522 1127 ut
2542 1081 2594 1128 te
2615 1074 2842 1143 improbi
2873 1075 3079 1130 insidiis
3098 1076 3518 1132 circumventum
3549 1080 3737 1148 oppri-

2147 1165 2350 1220 mant'.
2389 1165 2494 1220 Seu
2541 1165 2606 1221 ad
2655 1174 2986 1222 senectutem
3027 1170 3361 1238 perveneris,
3395 1184 3488 1225 seu
3527 1170 3600 1225 sis
3644 1170 3735 1238 ju-

2153 1257 2327 1321 venis,
2358 1256 2468 1312 Dco
2496 1271 2594 1328 age
2621 1257 2837 1328 gratias.
2873 1258 2985 1314 Hoc
3013 1259 3153 1314 enim
3184 1261 3415 1316 maxime
3439 1261 3626 1332 probat
3652 1261 3743 1316 hic

2151 1349 2395 1406 Psalmus
2421 1367 2517 1422 per
2541 1352 2740 1418 omnia,
2767 1352 2909 1422 quod
2940 1361 3185 1422 oporteat
3215 1353 3377 1408 Deum
3406 1353 3619 1408 laudare
3640 1368 3746 1423 pro

2151 1442 2401 1498 omnibus
2421 1485 2437 1508 ,
2480 1458 2576 1498 seu
2601 1443 2676 1499 sis
2703 1443 3042 1514 magistratus
3061 1486 3078 1512 ,
3118 1461 3213 1500 seu
3240 1446 3512 1516 privatus:
3536 1456 3590 1500 et
3621 1446 3743 1502 ideo

2157 1534 2259 1591 hoc
2302 1534 2609 1606 signiﬁcans
2651 1535 2813 1603 dixit,
2855 1536 2924 1591 Et
2970 1554 3142 1593 omnes
3182 1540 3379 1610 paputi.
3407 1538 3510 1595 Seu
3545 1539 3742 1604 fueris,

2153 1627 2361 1697 inquit,
2393 1642 2582 1694 senex,
2611 1643 2705 1682 seu
2733 1628 2944 1697 juvenis
2968 1671 2984 1696 ,
3016 1643 3112 1684 seu
3137 1629 3251 1696 vir,
3283 1644 3378 1685 seu
3411 1632 3620 1688 mulier.
3652 1633 3742 1686 l5.

2157 1721 2290 1788 Quia
2315 1721 2593 1775 exaltatum
2618 1729 2689 1775 est
2717 1737 2898 1776 nomen
2923 1725 3035 1792 eius
3066 1723 3243 1776 solius.
3274 1723 3424 1778 Alius
3443 1765 3458 1785 ,
3491 1723 3622 1790 Quia
3651 1740 3746 1778 su-

2155 1814 2488 1884 pereminens.
2534 1812 2622 1868 14.
2653 1811 2913 1872 Confessio
2947 1813 3056 1874 eius
3083 1829 3234 1882 super
3259 1823 3443 1867 terram
3469 1822 3517 1866 et
3543 1816 3740 1867 cazlum.

2155 1905 2328 1974 Alius,
2359 1903 2428 1958 Et
2454 1906 2671 1976 hymnus
2698 1905 2827 1977 ejus.
2858 1903 2924 1958 Et
2953 1905 3193 1959 exaltabit
3235 1921 3394 1958 cornu
3433 1906 3610 1974 populi
3641 1906 3739 1959 sui.

2160 1996 2398 2069 Hymnus
2418 1997 2650 2052 omnibus
2679 1998 2866 2052 sanctis
2891 1999 3024 2069 ejus,
3055 1997 3177 2067 ﬁliis
3218 1996 3404 2066 Israel,
3439 1999 3626 2069 populo
3645 2015 3743 2066 ap-

2159 2090 2520 2161 propinquanti
2561 2090 2676 2144 sibi.
2723 2089 2877 2157 Quod
2923 2097 3098 2144 autem
3146 2088 3275 2144 dicit
3319 2098 3401 2144 est
3443 2089 3742 2157 ejusmodi:

2164 2180 2383 2236 Ostendi
2413 2196 2478 2236 ex
2505 2181 2570 2235 iis
2595 2196 2714 2250 quae
2738 2180 2987 2234 videntur
3013 2180 3259 2235 omnibus
3279 2221 3294 2247 ,
3327 2181 3442 2244 ejus
3468 2178 3747 2248 providen-

2161 2274 2288 2327 tiam
2315 2316 2328 2338 ,
2378 2274 2599 2343 gloriam
2627 2314 2640 2336 ,
2693 2273 3025 2342 majestatetn
3057 2289 3071 2326 :
3098 2280 3308 2341 oportet
3349 2281 3525 2324 autem
3577 2272 3744 2339 ipsum

2162 2367 2382 2422 laudare
2411 2383 2517 2422 non
2560 2369 2628 2422 ob
2655 2366 2770 2422 haec
2813 2367 2983 2422 solum
3007 2407 3024 2431 ,
3071 2365 3163 2420 sed
3202 2365 3360 2419 etiam
3393 2363 3593 2433 absque
3624 2365 3743 2418 his:

2165 2473 2286 2512 nam
2311 2467 2435 2514 ante
2462 2457 2576 2513 haac
2601 2501 2616 2523 ,
2645 2468 2699 2513 et
2725 2458 2842 2513 sine
2871 2457 2953 2511 his
2979 2457 3028 2510 ei
3053 2455 3238 2526 obtigit
3263 2454 3516 2520 altitudo,
3547 2455 3709 2525 gloria
3729 2497 3744 2518 ,

2164 2561 2220 2608 et
2265 2550 2334 2606 ab
2375 2550 2622 2605 omnibus
2657 2551 2947 2620 gratiarum
2989 2546 3150 2603 actio.
3196 2546 3326 2601 Illud
3371 2556 3581 2608 autem,
3623 2545 3748 2610 Ejus

2163 2643 2339 2707 solius,
2365 2642 2519 2707 dixit,
2550 2650 2608 2697 ut
2651 2642 2720 2696 ab
2745 2641 2830 2709 iis,
2859 2640 2950 2711 qui
2978 2653 3104 2695 vere
3127 2638 3199 2693 dii
3231 2653 3337 2692 non
3368 2647 3510 2702 sunt,
3557 2637 3745 2691 distin-

2164 2742 2435 2805 gueretur.
2472 2733 2674 2788 Deinde
2711 2732 2941 2788 evehens
2983 2745 3170 2786 rursus
3217 2728 3514 2784 auditorem
3559 2727 3624 2781 ad
3671 2728 3750 2781 al-

2168 2829 2359 2883 tiorem
2387 2825 2908 2895 contemplationem,
2930 2840 2959 2878 a
2980 2833 3120 2878 terra
3141 2839 3323 2878 rursus
3343 2836 3464 2876 eum
3489 2821 3542 2875 in
3562 2820 3749 2875 etclam

2167 2920 2440 2976 transfert.
2471 2917 2928 2987 Quemadmodum
2972 2917 3112 2971 enim
3157 2915 3210 2970 in
3253 2913 3515 2984 principio
3554 2927 3585 2968 e
3623 2911 3751 2966 caelo

2169 3011 2221 3066 in
2253 3020 2447 3065 terram
2490 3007 2807 3064 descendit:
2839 3009 2907 3060 ita
2947 3007 3014 3060 ab
3057 3005 3302 3060 omnibus
3345 3019 3464 3074 qua:
3505 3003 3752 3057 videntur

2169 3102 2324 3158 eﬁ‘ert
2360 3116 2544 3156 rursus
2595 3100 2864 3154 hominem
2903 3112 3063 3167 supra
3110 3097 3329 3161 caalum,
3368 3094 3594 3149 dicens:
3624 3092 3752 3147 Con-

2171 3196 2321 3266 fessio
2349 3195 2459 3264 ejus
2501 3210 2654 3263 super
2679 3192 2858 3245 ctelum
2898 3200 2944 3244 et
2983 3199 3190 3243 terram.
3229 3187 3343 3242 Hoc
3382 3196 3498 3250 est,
3536 3183 3753 3240 Etiamsi

2170 3302 2414 3357 superna:
2446 3295 2731 3355 potestates
2755 3324 2770 3348 ,
2801 3298 2920 3353 qua:
2962 3282 3060 3336 sub
3085 3291 3356 3351 aspectum
3389 3295 3495 3333 non
3522 3277 3715 3334 cadunt
3736 3317 3750 3341 ,

2171 3388 2226 3433 et
2255 3377 2599 3446 intelligentia
2634 3376 2746 3430 sola
2791 3372 3318 3443 comprehenduntur
3341 3413 3356 3435 ,
3402 3387 3507 3426 non
3547 3378 3755 3424 cessant

2173 3471 2283 3525 Deo
2310 3471 2506 3540 gratias
2534 3484 2692 3539 agere
2732 3476 2788 3522 ct
2833 3465 3086 3521 laudare:
3111 3465 3251 3519 Deus
3280 3474 3453 3518 tamen
3474 3504 3488 3521 .
3519 3464 3608 3532 qui
3639 3462 3755 3515 talis

2173 3571 2256 3616 est
2277 3570 2331 3614 et
2359 3569 2554 3622 tantus,
2581 3573 2678 3613 nos
2704 3573 2915 3628 quoque
2940 3557 3188 3626 dignatus
3213 3562 3295 3609 cst
3322 3569 3474 3608 suum
3507 3553 3755 3622 populum

2172 3669 2401 3709 vocare:
2426 3668 2524 3708 nec
2544 3653 2715 3708 solum
2741 3666 2954 3715 vocare,
2977 3650 3070 3706 sed
3097 3650 3254 3705 etiam
3281 3649 3489 3718 erigere
3511 3657 3564 3702 et
3585 3645 3756 3702 extol-

2175 3747 2304 3801 lere.
2332 3745 2402 3800 Et
2429 3745 2546 3800 ideo
2572 3744 2843 3814 subjunxit
2864 3759 2878 3796 :
2902 3742 2967 3795 Et
2995 3741 3234 3796 exaltabit
3260 3756 3418 3794 cornu
3443 3738 3618 3810 populi
3638 3737 3752 3791 sui:

2175 3840 2277 3894 hac
2301 3853 2482 3893 rursus
2504 3837 2706 3891 ratione
2731 3836 2798 3890 ad
2819 3835 3074 3904 majorem
3097 3833 3212 3904 ejus
3233 3833 3434 3888 cultum
3462 3830 3755 3894 attrahens,

2177 3943 2231 3988 et
2256 3931 2542 3987 ostendens
2581 3945 2640 3985 se
2669 3945 2775 3984 non
2807 3943 2990 3984 eorum
3019 3927 3163 3982 cultu
3193 3933 3248 3981 et
3289 3924 3633 3979 veneratione
3675 3922 3756 3974 in-

2176 4025 2442 4094 digentem
2488 4022 2781 4094 (quomodo
2830 4021 2973 4076 enim
3021 4019 3106 4073 cui
3148 4024 3334 4071 natura
3386 4025 3468 4070 est
3508 4013 3758 4067 attributa

2176 4118 2364 4189 gloria,
2395 4125 2447 4172 et
2470 4125 2546 4171 tot
2572 4125 2628 4172 et
2649 4125 2807 4170 tantae
2843 4114 3096 4182 subjectae
3125 4119 3249 4165 sunt
3273 4118 3533 4164 creatura:
3555 4107 3576 4160 ?
3599 4106 3636 4179 ),
3666 4106 3757 4160 sed

2185 4221 2401 4281 propter
2427 4211 2594 4265 solam
2635 4209 2928 4264 bonitatem
2959 4220 3051 4262 eos
3081 4205 3180 4258 sibi
3208 4203 3501 4273 peculiares
3521 4201 3759 4256 effecisse

2179 4315 2233 4360 et
2273 4305 2588 4366 familiares,
2637 4302 2916 4369 clarosque
2957 4307 3011 4354 et
3053 4297 3287 4367 insignes
3335 4294 3631 4349 reddidisse
3672 4306 3762 4361 per

2181 4396 2487 4452 universum
2530 4396 2712 4450 orbem
2768 4404 2945 4448 terrm.
3000 4389 3152 4457 Quod
3201 4389 3416 4458 quidem
3460 4385 3762 4452 signiﬁcans

2179 4488 2312 4544 dixit
2333 4506 2345 4542 :
2371 4487 2602 4558 Hymnus
2623 4485 2853 4538 omnibus
2873 4482 3058 4536 sanctis
3079 4482 3208 4551 ejus,
3230 4480 3350 4550 [iliis
3366 4477 3552 4540 Israel,
3579 4475 3764 4546 populo

2181 4579 2613 4649 appropinquanti
2651 4579 2763 4630 sibi.
2796 4575 2873 4631 Ne
2911 4590 3004 4630 eus
3028 4574 3170 4628 enim
3202 4572 3324 4625 ideo
3351 4569 3682 4624 socordiorcs
3709 4577 3765 4620 et

2183 4673 2483 4742 supiniores
2510 4669 2781 4737 redderet,
2814 4667 2954 4737 quod
2977 4681 3071 4722 eus
3105 4663 3353 4735 populmn
3381 4661 3497 4730 ejus
3527 4660 3760 4721 diceret,

2183 4773 2238 4820 et
2281 4765 2332 4818 in
2367 4764 2468 4818 hoc
2495 4763 2610 4818 solo
2638 4762 2852 4816 nomine
2893 4758 3136 4814 ﬁduciam
3179 4756 3504 4809 collucantes
3525 4794 3541 4816 ,
3573 4753 3764 4806 anima:

2181 4859 2428 4912 virtutem
2456 4855 2785 4926 negligerent
2809 4872 2820 4906 :
2843 4863 3122 4922 postquam
3151 4850 3301 4912 dixit,
3336 4846 3570 4917 Hymnus
3601 4859 3762 4898 omm-

2185 4951 2294 5011 bus,
2323 4965 2430 5002 non
2455 4948 2588 5002 dixit
2609 4945 2870 5009 absolute,
2897 4942 3228 5002 Hominibus,
3257 4939 3370 5002 sed,
3397 4939 3600 4993 Sanctis
3617 4937 3722 5006 ejus
3747 4951 3768 4988 :

2183 5051 2238 5097 et
2268 5055 2450 5096 rursus
2475 5051 2752 5110 postquam
2783 5037 2932 5098 dixit,
2954 5035 3105 5090 Filiis
3127 5032 3310 5096 Israel,
3331 5031 3542 5100 adjecit,
3569 5029 3767 5100 Populo

2185 5135 2610 5208 appropinquanti
2628 5134 2743 5189 sibi.
2767 5133 2915 5187 Alius
2934 5141 3109 5185 autem
3135 5129 3394 5195 interpres
3417 5141 3512 5195 pro
3537 5141 3603 5179 eo
3625 5122 3765 5191 quod

2189 5239 2272 5285 est
2320 5227 2574 5298 Hymnus,
2622 5225 2772 5288 dixit,
2817 5223 2953 5277 Laus
2999 5222 3099 5294 (a).
3145 5221 3297 5287 Quod
3343 5235 3469 5288 ergo
3518 5217 3644 5271 dicit
3684 5227 3765 5268 est

2185 5320 2448 5390 ejusmodi
2469 5338 2482 5373 :
2502 5318 2555 5374 Si
2571 5317 2735 5372 sancti
2759 5317 2894 5383 sitis,
2922 5315 2964 5369 si
2983 5314 3032 5369 ei
3049 5311 3496 5382 appropinquans,
3525 5322 3769 5377 magnam

2185 5415 2409 5486 gloriam
2427 5410 2848 5481 consequemini.
2868 5410 3002 5465 Sunt
3017 5408 3156 5462 enim
3180 5405 3294 5474 ejus
3313 5404 3489 5459 omnia
3515 5399 3767 5472 perennia

2248 5619 2265 5651 ³
2302 5623 2412 5666 Post
2445 5615 2552 5664 haec
2586 5613 2736 5662 verba
2755 5651 2768 5669 ,
2809 5607 3001 5660 insidiis
3045 5609 3443 5671 ctrc_umventnm_
3463 5601 3770 5671 appr-intrrat,

2183 5660 2316 5730 unus
2334 5660 2706 5738 5&(1ii'fjiueiziis
2736 5660 2781 5723 et
2806 5671 3031 5734 virgines,
3051 5668 3260 5720 seniores
3284 5679 3394 5716 cum
3418 5660 3708 5738 junioribus.

2253 5773 2328 5836 (a)
2362 5772 2474 5831 Quis
2497 5771 2561 5819 ita
2587 5769 2790 5819 verterit
2815 5768 3104 5829 ignoramus.
3134 5762 3419 5811 Ilebraicutu
3444 5765 3538 5814 est,
3566 5732 3736 5819 .1533.

4003 889 4008 1092 λ
