4070 6340
325 347 421 403 IIII

333 459 450 528 ρίαν
480 453 554 525 τῷ
575 453 674 523 τῆς
706 449 1002 512 ἐπιεικείας
1018 447 1364 520 προσωπείῳ,
1385 443 1506 497 ὅθεν
1529 443 1622 496 καὶ
1649 438 1906 499 πολλάκις

332 548 450 603 ἐστὶ
481 546 868 616 δυσφύλακτος.
900 542 1037 596 Ἀλλ’
1057 540 1152 594 ἐὰν
1174 541 1369 610 νήφῃς,
1400 535 1522 589 οὔτε
1545 533 1754 605 θηρίον,
1786 529 1909 584 οὐτε

337 639 620 711 ἅνθρωπός
649 655 707 690 σε
746 634 915 690 δεινόν
961 652 1012 687 τι
1043 631 1356 702 ἐργάσεται,
1392 627 1527 681 ἀλλὰ
1547 627 1640 679 καὶ
1661 625 1729 677 τὰ
1759 622 1911 693 μέγι-

340 750 440 785 στα
473 731 761 799 ὠφελήσει.
815 727 925 782 Καὶ
953 726 1004 780 τί
1056 725 1198 792 λέγω
1225 721 1411 794 θηρίον
1462 721 1555 774 καὶ
1603 718 1909 785 ἄνθρωπος,

336 823 468 877 ὅπου
499 841 560 892 γε
597 823 686 876 καὶ
716 820 876 884 αὐτὸς
913 823 940 872 6
970 817 1210 880 διάὁολος
1240 817 1298 868 οὐ
1336 815 1495 876 μόνον
1532 813 1681 866 οὐδὲν
1713 807 1909 877 ἔϐλαψε

333 918 424 970 τὸν
462 916 602 979 Ἰὼϐ,
636 914 769 968 ἀλλά
806 914 898 967 καὶ
929 913 1136 983 μυρίων
1191 909 1466 977 στεφάνων
1505 905 1651 975 αὐτῷ
1688 905 1912 972 γέγονεν

335 1009 588 1080 ἀφορμή;
622 1007 675 1060 τί
707 1007 849 1076 λέγω
877 1005 1062 1077 θηρίον
1092 1003 1185 1056 καὶ
1221 1002 1527 1071 ἄνθρωπον,
1555 1001 1685 1052 ὅπου
1711 1014 1773 1064 γε
1819 995 1913 1048 καὶ

335 1104 438 1156 ὑπὸ
459 1102 564 1156 τῶν
590 1104 646 1154 ἐν
692 1101 772 1152 σοὶ
811 1098 1074 1168 κειμένων
1117 1095 1392 1165 στοιχείων
1443 1095 1538 1147 ἐὰν
1593 1091 1913 1163 ρᾳθυμὴσῃς

334 1195 512 1266 πολλῷ
539 1193 890 1264 χαλεπώτερα
920 1191 1083 1260 πείσῃ
1105 1229 1118 1251 ,
1153 1184 1263 1241 οἷον
1295 1187 1400 1241 ὑπὸ
1431 1185 1590 1256 χολῆς
1616 1185 1648 1255 ἢ
1673 1184 1913 1253 φλέγμα-

331 1305 442 1351 τος,
466 1287 533 1340 ἂν
557 1285 791 1357 ἀμετρίᾳ.
814 1284 919 1336 τινὶ
940 1283 1038 1353 τὴν
1062 1278 1266 1333 τούτων
1286 1276 1595 1340 πλεονεξίαν
1625 1275 1872 1344 περιίδῃς
1896 1292 1910 1333 ;

333 1377 489 1431 Οὕτω
531 1375 862 1445 πανταχόθεν
910 1369 1184 1442 νηφούσης
1248 1368 1404 1438 χρεία
1475 1365 1729 1427 διανοίας.
1774 1361 1912 1415 Ἀλλ’

333 1475 520 1543 ὥσπερ
539 1471 795 1546 ῥᾳθυμῶν
820 1468 1082 1540 μεγίστην
1113 1464 1360 1518 ἐντεῦθεν
1383 1463 1665 1534 ὐποστήσῃ
1686 1459 1910 1529 βλάϐην,

331 1566 474 1620 οὕτω
499 1567 683 1636 νήφων
713 1562 804 1616 καὶ
860 1557 1178 1630 ἐγρηγορὼς
1206 1557 1266 1610 οὐ
1316 1554 1416 1625 τὴν
1473 1551 1740 1623 τυχοῦσαν
1776 1566 1914 1618 καρ-

332 1657 491 1731 πώσῃ
529 1656 690 1710 πάλιν
719 1651 983 1721 ὠφέλειαν
1008 1668 1020 1680 ·
1051 1649 1111 1701 τὸ
1146 1647 1255 1717 γὰρ
1286 1648 1392 1700 πᾶν
1429 1645 1521 1697 ἐπὶ
1546 1647 1611 1714 τῇ
1649 1645 1715 1712 σῇ
1744 1643 1916 1693 κεῖται

331 1747 732 1821 γνώμῃ.“οπερ
763 1740 855 1797 οῦν
885 1743 999 1796 ἐστι
1026 1740 1157 1812 χιὼν
1179 1743 1236 1794 ὲν
1269 1739 1346 1809 τῷ
1366 1739 1546 1800 παντὶ,
1570 1735 1665 1789 καὶ
1692 1731 1916 1803 πῦρ-καὶ

332 1845 568 1914 πνεῦμα,
597 1841 754 1896 τοῦτο
779 1840 870 1893 καὶ
901 1841 956 1890 ἐν
991 1836 1067 1907 τῷ
1097 1835 1310 1906 σώματι
1348 1834 1586 1904 φλέγμα,
1619 1832 1710 1884 καὶ
1752 1825 1914 1900 αἷμα,

330 1938 424 1991 καὶ
461 1935 611 2006 χολή.
645 1931 796 2006 [496]
832 1931 942 1984 Καὶ
977 1929 1059 1983 δεῖ
1098 1927 1235 1999 μετά
1272 1927 1496 2000 ἀρίστου
1547 1925 1706 1992 λόγου
1745 1921 1920 1975 ταῦτα

331 2031 651 2099 οἰκονομεῖν.
703 2027 780 2088 ὡς
834 2021 1174 2095 καρποῦσθαί
1211 2039 1264 2074 τι
1316 2021 1444 2090 παρ’
1487 2017 1664 2072 αὐτῶν
1703 2015 1916 2084 ὕφελος,

331 2119 472 2175 ἀλλά
502 2119 576 2190 μὴ
608 2117 956 2189 βλάπτεσθαι.
981 2115 1089 2170 Καὶ
1107 2114 1158 2166 τί
1191 2112 1334 2180 λέγω
1363 2111 1496 2183 περλ⁸
1515 2108 1606 2163 τοῦ
1643 2109 1916 2176 σώματος,

333 2213 466 2268 ὅπου
497 2229 561 2281 γε
597 2212 692 2264 καὶ
733 2212 767 2280 ἡ
799 2207 944 2278 ψυχὴ
973 2207 1084 2278 ἔχει
1121 2205 1273 2271 τινὰ,
1300 2204 1444 2273 ἅπερ
1499 2201 1596 2254 ἐὰν
1646 2201 1789 2269 ἀφῇς
1841 2199 1920 2259 είς

335 2303 602 2377 ἀμετρίαν
631 2303 886 2368 ἐξελθεῖν,
915 2301 1194 2370 νοσήματα
1217 2297 1443 2366 γίνεται,
1475 2292 1811 2362 κολαζόμενα
1838 2290 1916 2352 δὲ,

337 2401 686 2473 βοηθήματας
712 2399 822 2452 Καὶ
848 2398 956 2468 γὰρ
983 2399 1011 2450 ὁ
1034 2394 1221 2464 θυμὸς,
1249 2393 1316 2446 ἂν
1345 2395 1442 2463 μὲν
1471 2393 1549 2454 είς
1580 2389 1694 2442 δέον
1717 2390 1918 2458 χρήσῃ,

335 2494 528 2565 γέγονέ
564 2509 645 2545 σοι
691 2491 979 2561 φάρμακον
1015 2487 1282 2557 σωτηρίας
1303 2503 1317 2516 ·
1352 2484 1418 2538 ἂν
1441 2484 1498 2536 δὲ
1528 2481 1800 2552 ἀμέτροις,
1827 2481 1921 2547 γέ-

336 2604 491 2657 γονεν
521 2582 791 2646 ἀπωλείας
823 2580 1098 2642 ὑπόθεσις.
1129 2575 1240 2630 Καὶ
1272 2577 1306 2646 ἡ
1338 2573 1605 2644 ἐπιθυμία
1625 2571 1786 2642 ,μετά
1823 2570 1922 2641 μέ-

338 2703 470 2758 τρου
529 2684 628 2755 μὲν
664 2680 1089 2751 οίκονομουμένη
1115 2717 1129 2739 ,
1149 2675 1361 2745 πατέρα
1399 2690 1457 2725 σε
1501 2674 1662 2725 ποιεῖ·
1694 2669 1790 2724 καὶ
1816 2669 1921 2740 μὴν

339 2783 421 2846 εἰς
455 2777 799 2834 παιδοποιίαν
836 2776 1025 2844 γέγονε
1087 2773 1358 2843 χρήσιμος
1381 2784 1394 2799 ·
1425 2766 1694 2837 ἀφιεμένη
1718 2766 1796 2832 δὲ,
1839 2766 1920 2827 εἰς

340 2871 600 2944 πορνείαν
635 2869 730 2923 καὶ
766 2868 1008 2939 μοιχείαν
1057 2883 1117 2918 σε
1160 2861 1489 2917 καταϐάλλει
1515 2860 1794 2923 πολλάκις.
1827 2858 1919 2928 Μὴ

343 2963 410 3036 δὴ
459 2963 527 3017 τὰ
580 2962 879 3034 πράγματα
929 2957 1105 3019 αἰτιῶ,
1157 2955 1292 3009 ἀλλά
1336 2951 1610 3021 πανταχοῦ
1663 2955 1761 3021 τὴν
1823 2951 1923 3020 σὴν

337 3055 584 3128 γνώμην,
623 3054 688 3108 ἂν
729 3053 839 3124 γὰρ
889 3049 1092 3120 ταύτης
1152 3046 1379 3119 ἀμελῇς,
1416 3044 1510 3097 καὶ
1561 3043 1666 3096 ὑπὸ
1723 3042 1921 3095 σαυτοῦ

341 3153 603 3224 βλαϐήσῃ,
637 3148 731 3203 καὶ
758 3147 863 3201 ὐπὸ
889 3145 982 3198 τοῦ
1017 3143 1218 3196 οἰκείου
1250 3140 1498 3210 σώματος
1529 3138 1702 3208 ἀπολῇ
1727 3153 1740 3166 ν
1778 3137 1842 3190 ἂν
1866 3137 1923 3189 δὲ

341 3242 546 3310 ταύτης
579 3239 834 3309 ἐπιμελῇ,
864 3235 984 3288 οὐδὲ
1008 3233 1114 3286 ὑπὸ
1135 3233 1244 3285 τῶν
1311 3231 1599 3301 δαιμόνων,
1649 3228 1768 3283 οὐδὲ
1818 3226 1924 3282 ὐπὸ

340 3331 435 3388 τοῦ
469 3328 736 3391 διαϐόλου,
770 3328 981 3397 μήτιγε
1009 3323 1113 3376 ὑπδ
1163 3321 1390 3392 θηρίων,
1423 3319 1584 3391 πείσῃ
1635 3335 1691 3372 τι
1752 3319 1921 3372 δεινὸν

349 3426 446 3481 καὶ
474 3421 658 3495 ἀηδές.

411 3521 694 3588 Βασιλεῖς
710 3519 818 3588 τῆς
838 3518 912 3590 γῆ
918 3539 968 3584 ς,
988 3517 1086 3571 καὶ
1101 3514 1324 3580 πάντες
1336 3513 1493 3568 λαοί.
1505 3511 1926 3576 Ἀλλος,Πάντα

342 3619 849 3689 φῦλα.Ἄρχοντες
873 3614 967 3668 καὶ
987 3611 1208 3675 πάντες
1231 3607 1422 3677 κριταὶ
1445 3607 1576 3676 γῆς.
1602 3608 1925 3660 Νεανίσκοι

343 3713 442 3767 καὶ
467 3708 766 3779 παρθένοι.
787 3707 997 3770 Ἄλλος,
1015 3704 1333 3758 Ἐκλεκτοι.
1362 3702 1757 3769 Πρεσϐύτεροι
1774 3699 1926 3770 μετὰ

341 3807 660 3875 νεωτέρων,
669 3801 876 3865 Ἄλλος,
884 3799 1039 3854 Μετὰ
1049 3799 1271 3852 νέων.Α
1279 3795 1652 3849 ὶνεσάτωσαν
1662 3793 1726 3847 τὸ
1740 3794 1926 3863 ὄνομα

344 3900 586 3968 Κυρίου.
609 3897 776 3952 Πάλιν
795 3895 979 3964 ’ἕτερον
1000 3890 1232 3945 ἐνταῦθα
1251 3892 1390 3943 κινεῖ
1410 3889 1662 3960 προνοίας
1687 3882 1846 3950 εἶδος,
1865 3887 1926 3940 τὸ

345 3992 453 4046 τῶν
481 3990 773 4062 ἀρχόντων·
816 3985 844 4038 ὃ
883 3986 975 4038 καὶ
1014 3982 1218 4046 Παῦλος
1248 3982 1306 4034 ἐν
1334 3983 1400 4052 τῇ
1443 3980 1580 4047 πρὸς
1621 3979 1926 4048 Ῥωμαίους

343 4085 546 4157 τίθησι,
593 4081 734 4153 μετὰ
771 4078 972 4146 πολλῆς
1003 4078 1100 4147 τῆς
1143 4077 1411 4138 συνέσεως
1438 4073 1670 4137 δεικνὺς,
1706 4073 1785 4126 ὅτι
1827 4073 1926 4143 τῆς

348 4175 444 4230 τοῦ
471 4173 605 4229 Θεοῦ
635 4171 829 4242 σοφίας
861 4170 1020 4241 ἔργον
1050 4167 1184 4234 ἐστὶ,
1216 4166 1276 4219 τὸ
1305 4167 1384 4230 είς
1426 4165 1688 4236 ἄρχοντας
1719 4163 1814 4217 καὶ
1847 4166 1926 4227 είς

347 4267 681 4340 ἀρχομένους
700 4264 818 4316 τόδε
843 4262 903 4316 τὸ
929 4262 1034 4314 πᾶν
1055 4259 1321 4323 διατάξαι.
1343 4259 1490 4313 Θεοῦ
1515 4257 1624 4326 γὰρ
1649 4256 1927 4321 διάκονός

345 4364 480 4418 ἐστι
506 4377 625 4422 σοι,
659 4361 842 4429 φησὶν,
869 4358 956 4420 εἰς
977 4353 1042 4407 τὸ
1067 4355 1312 4423 ἀγαθόν.
1345 4353 1442 4403 Ἂν
1459 4349 1514 4402 δὲ
1536 4349 1690 4401 τοῦτο
1709 4347 1924 4419 ἀνέλῃς,

346 4455 408 4509 τὺ
444 4455 552 4507 πᾶν
570 4454 793 4522 οἴχεται.
823 4450 887 4501 Εἰ
907 4446 1017 4517 γὰρ
1050 4445 1144 4499 νῦν
1172 4445 1338 4497 ὅντων
1365 4443 1641 4513 ἀρχόντων
1670 4440 1765 4493 καὶ
1797 4439 1926 4492 πολ-

347 4547 454 4600 λῶν
479 4548 537 4599 έν
565 4545 748 4604 αὐτοῖς
775 4537 1203 4609 διεφθαρμένων,
1229 4535 1459 4605 τοσαύτη
1481 4533 1576 4586 τοῦ
1604 4531 1926 4602 πράγματός

349 4643 497 4695 ἐστιν
524 4641 556 4709 ἠ
580 4635 758 4707 χρεία,
790 4633 864 4695 ὡς
890 4632 983 4683 καὶ
1013 4627 1198 4690 κακῶς
1224 4627 1579 4697 διακειμένων
1612 4624 1809 4692 πολλὴν
1837 4624 1925 4691 γί-

347 4733 532 4788 νεσθαι
559 4731 658 4802 τὴν
683 4727 970 4796 ὠφέλειαν,
1002 4721 1251 4789 ἐννόησον
1281 4721 1329 4770 εί
1350 4719 1529 4781 καλῶς
1559 4715 1926 4787 μετεχείριζον

348 4828 397 4880 οί
427 4825 524 4887 τὰς
552 4823 723 4893 ἀρχὰς
765 4813 1215 4888 ἐγχειριζόμενοι,
1244 4810 1418 4879 πόσης
1459 4810 1525 4862 ἂν
1553 4809 1614 4861 τὸ
1639 4809 1791 4876 γένος
1823 4809 1928 4859 ἁπ-

350 4917 585 4986 ήλαυσεν
621 4911 938 4982 εὐημερίας.
982 4905 1141 4960 Ἀλλά
1185 4903 1244 4956 τὸ
1280 4904 1378 4973 μὲν
1416 4902 1664 4954 τυπῶσαι
1699 4901 1798 4966 τὰς
1827 4905 1928 4975 6:9-

351 5012 474 5082 κάς,
499 5006 592 5059 τοῦ
613 5004 748 5058 Θεοῦ
772 5004 992 5072 γέγονεν
1015 4999 1192 5070 ἔργον·
1217 4996 1277 5048 τὸ
1296 4995 1351 5048 δὲ
1374 4997 1639 5066 πονηροὺς
1661 4995 1754 5047 ἐπὶ
1774 4995 1929 5048 τοῦτο

349 5100 600 5169 ἄγεσθαι,
632 5099 728 5152 καὶ
765 5097 839 5168 μὴ
863 5096 942 5156 είς
968 5093 1083 5146 δέον
1114 5091 1302 5152 αὐταῖς
1341 5088 1661 5160 κεχρῆσθαι,
1694 5088 1790 5160 τῆς
1819 5089 1928 5141 τῶν

353 5194 657 5266 ἀνθρώπων
683 5189 962 5260 πονηρίας.

423 5291 486 5336 ε’.
529 5283 690 5349 Λέγει
718 5281 917 5338 τοίνυν,
946 5277 1027 5329 ὅτι
1071 5275 1164 5328 καὶ
1187 5272 1326 5342 ὑπὲρ
1357 5270 1451 5324 τοῦ
1485 5269 1738 5340 βασιλέας
1767 5268 1925 5338 εἶναι,

355 5379 447 5434 καὶ
474 5377 615 5446 ὑπὲρ
642 5373 735 5426 τοῦ
765 5370 1021 5431 δικαστὰς
1037 5362 1195 5432 εἶναι,
1217 5366 1295 5417 δεῖ
1323 5364 1562 5435 μεγάλας
1582 5364 1930 5434 εὐχαριστίας

358 5471 647 5541 ἀναφέρειν
668 5465 743 5535 τῷ
763 5462 901 5532 Θεῷ.
935 5463 1045 5531 Τῆς
1065 5460 1173 5530 γὰρ
1200 5457 1450 5523 εὐταξίας
1472 5457 1572 5525 τῆς
1593 5457 1702 5510 τῶν
1724 5457 1932 5528 ἀνθρώ-

358 5584 474 5621 πων
518 5557 960 5631 ἐπιμελούμενος,
992 5554 1086 5608 καὶ
1124 5553 1216 5605 τοῦ
1251 5552 1323 5622 μὴ
1359 5550 1560 5622 θηρίων
1597 5551 1931 5623 ἀλογώτερον

357 5661 656 5715 διακεῖσθαι
680 5654 803 5714 τοὺς
828 5650 1071 5710 πολλοὺς,
1102 5646 1288 5715 ὥσπερ
1317 5644 1583 5714 ἡνιοχείαν
1613 5643 1706 5696 καὶ
1735 5645 1931 5716 κυϐερ-

358 5751 602 5824 νητικὴν,
633 5747 803 5808 οὕτως
835 5742 1008 5815 ἀρχὰς
1034 5741 1126 5794 καὶ
1160 5738 1430 5809 βασιλείας
1465 5738 1774 5807 ἐχαρίσατο.
1810 5739 1927 5791 Κᾶν

1347 327 1711 389 EXPOSITIO
1751 324 1816 378 IN
1857 324 2186 380 PSALMUM
2231 323 2512 379 CXLVIII.

3484 319 3590 375 492

2009 437 2194 506 ἄρχων
2213 439 2393 492 τοίνυν
2412 435 2497 511 ᾗς,
2525 438 2835 509 εὐχαρίστει
2861 436 2935 507 τῷ
2959 435 3323 508 φιλανθρώπῳ
3345 433 3483 504 Θεῷ,
3505 436 3589 490 ὅτι

2008 529 2198 593 ἔλαϐες
2243 533 2495 604 ἀφορμὴν
2533 533 2800 604 τοσαύτης
2837 533 3171 605 ἐπιμελείας·
3209 532 3314 584 κᾶν
3353 529 3591 600 ἀρχόμε-

2009 640 2117 689 νος,
2150 625 2310 678 πάλιν
2336 627 2664 698 εὐχαρίστει,
2709 627 2790 679 ὅτι
2830 627 2973 696 ἔχεις
3006 625 3095 678 τὸν
3141 621 3586 693 ἐπιμελούμενον,

2010 717 2105 770 καὶ
2152 718 2252 771 οὐκ
2286 719 2512 787 ἀφιέντα
2566 737 2623 772 σε
2671 719 2774 772 ὑπὸ
2811 719 2918 771 τῶν
2951 716 3199 788 πονηρῶν
3244 711 3587 767 ἐπιϐουλεύε-

2012 810 2134 863 σθαι
2163 823 2209 863 ⁸.
2243 810 2358 864 Κᾶν
2385 815 2463 876 εἰς
2482 812 2658 884 γῆρας
2688 812 2866 884 ἔλθῃς,
2887 812 2990 864 κᾶν
3019 811 3136 872 νέος
3159 806 3245 880 ᾗς,
3279 805 3588 876 εὐχαρίστει

2009 901 2088 972 τῷ
2126 904 2265 960 Θεῷ.
2306 905 2476 958 Τοῦτο
2505 906 2615 976 γὰρ
2648 904 2882 973 μάλιστα
2927 903 3015 956 διὰ
3064 903 3281 955 πάντων
3312 901 3340 952 ὁ
3376 895 3589 967 ψαλμὺς

2009 992 2163 1059 οὗτος
2191 998 2609 1060 κατασκευάζει,
2633 999 2714 1051 ὅτι
2749 997 2828 1050 δεῖ
2860 997 2998 1068 ὑπὲρ
3020 996 3273 1049 ἁπάντων
3306 993 3474 1046 αἰνεῖν
3496 988 3587 1040 αὐ-

2009 1092 2121 1153 τὸν,
2163 1090 2262 1144 κᾶν
2294 1092 2476 1161 ἄρχων
2506 1087 2592 1164 ᾖς,
2635 1091 2736 1144 κᾶν
2765 1091 2859 1143 τοῦ
2891 1090 3020 1142 λαοῦ
3180 1087 3269 1139 Διὸ
3294 1072 3402 1138 ’καὶ
3433 1081 3592 1135 τοῦτο

2010 1180 2205 1252 δηλῶν,
2235 1181 2343 1234 Καὶ
2372 1181 2612 1248 πάντες,
2639 1179 2779 1244 εἷπε,
2798 1181 2957 1234 λαοί.
2990 1179 3110 1232 Κᾶν
3138 1177 3276 1240 νέος,
3310 1172 3592 1246 [ΗΠ-φη-

2014 1277 2116 1341 σὶν,
2155 1273 2242 1348 ᾗς,
2277 1277 2378 1329 κᾶν
2421 1275 2768 1347 γεγηρακὼς,
2806 1274 2908 1328 κᾶν
2951 1274 3102 1342 γυνὴ,
3140 1271 3239 1324 κᾶν
3280 1268 3438 1338 ἀνήρ.
3473 1268 3592 1318 Ὀτι

2011 1371 2221 1438 ὑψώθη
2258 1368 2324 1422 τό
2355 1367 2540 1436 ὄνομα
2571 1369 2755 1422 αὐτοῦ
2781 1355 2991 1437 ᾑόνου.
3022 1363 3232 1426 Ἀλλος,
3271 1362 3388 1412 Ὅτι
3420 1361 3596 1425 ὑπερ-

2011 1462 2157 1532 έχον
2178 1463 2224 1510 b.
2261 1462 2328 1515 'H
2354 1461 2786 1530 ἐξομολόγησις
2813 1457 3000 1512 αὐτοῦ
3027 1456 3125 1510 ἐπὶ
3154 1455 3266 1524 γῆς
3299 1451 3391 1504 καὶ
3422 1453 3595 1517 οἱφα-

2012 1555 2145 1608 νοῦ.
2186 1552 2397 1613 Ἀλλος.
2426 1553 2534 1606 Καὶ
2567 1556 2598 1605 o'
2632 1553 2820 1621 ὕμνος
2847 1550 3052 1605 αὐτοῦ.
3088 1546 3193 1602 Καὶ
3235 1544 3469 1612 ὑψώσει
3508 1539 3598 1592 κέ-

2009 1663 2122 1714 ρας
2147 1643 2298 1699 λαοῦ
2326 1645 2531 1697 αὐτοῦ.
2568 1645 2782 1712 Ὕμνος
2815 1642 2966 1697 πᾶσι
3005 1641 3128 1707 τοῖς
3159 1641 3350 1701 ὁσίοις
3386 1633 3592 1696 αὐτοῦ,

2015 1737 2140 1804 τοῖς
2170 1737 2320 1803 υἱοῖς
2343 1736 2611 1804 Ἰσραὴλ,
2641 1734 2768 1800 λαῷ
2799 1733 3084 1803 ἐγγίζοντι
3119 1729 3298 1794 αὐτῷ.
3331 1730 3395 1780 Ὃ
3427 1727 3482 1780 δὲ
3511 1724 3597 1776 λέ-

2016 1847 2122 1899 γει,
2152 1829 2388 1884 τοιοῦτόν
2417 1831 2582 1881 ἐστιν·
2619 1828 2832 1894 Ἐδειξα
2864 1826 2961 1898 μὲν
2991 1824 3086 1878 καὶ
3117 1823 3223 1878 ἀπὸ
3250 1822 3358 1874 τῶν
3395 1817 3598 1888 ὁρωμέ-

2015 1940 2122 1976 νων
2153 1923 2408 1976 ἀπὰντων
2438 1921 2600 1974 αὐτοῦ
2629 1920 2726 1992 τὴν
2764 1918 3112 1990 κηδεμονίαν,
3151 1915 3247 1986 τὴν
3295 1913 3470 1978 δόξαν,
3499 1911 3597 1980 τὴν

2020 2013 2428 2085 μεγαλωσύνην·
2458 2013 2609 2066 δεῖδὲ
2637 2012 2798 2066 αὐτὸν
2819 2013 2989 2065 αἰνεῖν
3014 2011 3074 2062 οὐ
3109 2008 3197 2061 διὰ
3221 2007 3393 2060 ταῦτα
3418 2005 3597 2074 μόνον,

2017 2107 2152 2161 ἀλλά
2184 2108 2511 2162 καὶτούτων
2552 2106 2740 2178 χωρίς.
2789 2105 2898 2158 Καὶ
2942 2104 3050 2174 γὰρ
3099 2104 3192 2155 καὶ
3238 2100 3344 2171 πρὸ
3373 2098 3597 2159 τούτων,

2018 2199 2339 2253 καὶτούτων
2361 2201 2507 2264 ἄνευ,
2533 2200 2978 2270 συγκεκλήρωται
3005 2195 3151 2266 αὐτῷ
3182 2193 3245 2247 τὺ
3271 2194 3401 2263 ὕψος
3439 2192 3531 2244 καὶ
3563 2190 3598 2260 η

2017 2292 2145 2358 δόξα
2172 2293 2264 2345 καὶ
2294 2294 2327 2361 ἡ
2356 2291 2507 2361 παρά
2544 2293 2760 2344 πάντων
2790 2289 3122 2360 εὐχαριστία.
3161 2287 3234 2340 Τὸ
3268 2287 3381 2346 καὶ,
3404 2283 3602 2338 Αὑτοῦ

2013 2387 2227 2454 μόνον,
2253 2385 2386 2455 πρὸς
2411 2382 2814 2452 ἀντιδιαστολὴν
2840 2381 2949 2434 τῶν
2973 2381 3072 2434 οὐκ
3100 2379 3266 2442 ὅντως
3297 2389 3318 2416 ο
3355 2377 3492 2429 θεῶν
3522 2372 3599 2427 εἶ-

2019 2494 2140 2530 πεν.
2171 2473 2307 2530 Εἶτα
2335 2477 2554 2545 ἀνάγων
2579 2476 2671 2528 ἐπὶ
2705 2475 2927 2544 μείζονα
2951 2474 3042 2526 τὸν
3073 2471 3346 2543 ἀκροατὴν
3374 2471 3600 2533 ἔννοιαν,

2020 2569 2180 2624 πάλιν
2210 2570 2318 2622 ἀπὸ
2338 2572 2437 2640 τῆς
2471 2571 2570 2638 γῆς
2604 2570 2696 2622 ἐπὶ
2727 2566 2818 2620 τὸν
2857 2566 3086 2637 οὐρανὸν
3117 2567 3279 2619 αὐτὸν
3315 2563 3605 2634 μετατίθη-

2022 2678 2126 2714 σιν.
2153 2662 2362 2732 ’Ὠσπερ
2384 2660 2491 2732 γὰρ
2519 2661 2817 2731 ἀρχόμενος
2839 2660 2946 2712 ἀπὸ
2972 2659 3064 2711 τοῦ
3091 2656 3320 2728 οὐρανοῦ
3345 2656 3478 2727 πρὸς
3505 2657 3605 2724 τὴν

2020 2753 2126 2822 γῆν
2160 2753 2389 2822 κατέὁη,
2429 2753 2599 2816 οὕτως
2627 2751 2735 2804 ἀπὸ
2769 2752 2878 2804 τῶν
2913 2750 3203 2822 ὁρωμένων
3227 2749 3482 2802 ἁπάντων
3508 2749 3604 2801 ἀν-

2022 2844 2142 2913 άγει
2173 2846 2336 2910 πᾲλιν
2384 2844 2545 2896 αὐτὸν
2585 2843 2725 2914 ὑπὲρ
2761 2842 2853 2894 τὸν
2891 2841 3138 2914 οὐρανὸν,
3180 2841 3372 2908 λέγων’
3413 2841 3472 2894 Ἡ
3508 2839 3604 2904 ἑξ-

2020 2938 2386 3006 ομολόγιησις
2431 2935 2620 2989 αὐτοῦ
2663 2934 2762 2987 ἐπὶ
2813 2933 2928 3004 τῆς
2975 2933 3072 2986 καὶ
3116 2932 3396 3002 οὐρανοῦ.
3439 2933 3606 2986 Τουτ-

2022 3030 2190 3093 έστιν,
2230 3031 2278 3082 εἰ
2307 3029 2402 3081 καὶ
2431 3030 2487 3081 αἱ
2523 3029 2634 3082 ἄνω
2679 3027 2935 3097 δυνάμεις
2967 3027 3022 3079 αί
3060 3027 3277 3098 ἀόρατοι
3304 3026 3396 3080 καὶ
3423 3027 3606 3097 νοεραὶ

2021 3125 2082 3176 οὐ
2137 3122 2400 3175 παύονται
2456 3120 2872 3192 εὐχαριστοῦσαι
2931 3119 3024 3173 καὶ
3080 3118 3435 3190 ἀνυμνοῦσαι,
3489 3119 3607 3173 ἀλλ’

2021 3218 2172 3288 ὅμως
2189 3217 2218 3269 6
2239 3215 2491 3278 τοσοῦτος
2521 3214 2616 3267 καὶ
2645 3212 2960 3284 τηλικοῦτος
2986 3213 3119 3277 Θεὸς
3147 3212 3452 3284 κατηξίωσε
3480 3214 3608 3268 λαὸν

2021 3308 2188 3365 αὐτοῦ
2227 3311 2320 3364 καὶ
2352 3311 2499 3381 ἡμᾶς
2531 3308 2815 3378 ὀνομάσαι,
2846 3307 2940 3360 καὶ
2977 3306 3078 3360 οὐκ
3122 3306 3386 3377 ὀνομάσαι
3423 3307 3604 3376 μόνον,

2023 3403 2160 3458 ἀλλά
2198 3403 2294 3457 καὶ
2329 3403 2533 3473 ἐπᾶραι
2577 3401 2671 3454 καὶ
2701 3400 2932 3469 ὑψῶσαι.
2965 3401 3054 3454 Διὸ
3075 3400 3170 3454 καὶ
3199 3402 3464 3471 ἐπήγαγεο
3497 3401 3606 3455 Καὶ

2021 3497 2256 3566 ὑψώσει
2293 3496 2474 3565 κέρας
2517 3493 2672 3549 λαοῦ
2719 3494 2927 3558 αὐτοῦ,
2973 3494 3143 3566 ταύτῃ
3200 3495 3362 3550 πάλιν
3411 3495 3609 3558 αὐτοὺς

2024 3588 2404 3661 ἐπισπώμενος
2431 3588 2570 3658 πρὸς
2602 3587 2821 3658 μείζονα
2854 3585 3019 3640 αὐτοῦ
3048 3587 3365 3658 θεραπείαν,
3394 3587 3609 3641 δεικνὺς

2024 3683 2106 3736 ὅτι
2127 3682 2187 3735 οὐ
2207 3684 2307 3751 τῆς
2330 3683 2460 3750 παρ’
2491 3680 2670 3733 αὐτῶν
2698 3679 2951 3749 δεόμενος
2969 3677 3546 3750 θεραπείας,(πῶςγάρ
3581 3679 3609 3730 6

2026 3775 2186 3846 φύσει
2217 3772 2746 3843 συγκεκληρωμένην
2773 3771 2910 3841 ἔχων
2932 3771 3029 3841 τὴν
3049 3770 3204 3835 δόξαν
3227 3770 3322 3824 καὶ
3339 3769 3608 3840 τοσαύτην

2023 3870 2201 3924 κτίσιν
2231 3866 2744 3935 ύποτεταγμένηνς)
2817 3865 2951 3918 ἀλλὰ
2991 3863 3058 3917 δι’
3093 3861 3406 3934 ἀγαθότητα
3441 3863 3610 3934 μόνην

2023 3961 2338 4034 ᾠκειώσατο
2366 3959 2563 4023 αὐτοὺς
2584 3957 2782 4028 ἐαυτῷ,
2811 3958 2905 4012 καὶ
2925 3959 3244 4028 περιφανεῖς
3264 3957 3488 4025 ἐποίησε
3511 3956 3609 4010 καὶ

2023 4054 2307 4125 λαμπροὺς
2351 4051 2626 4122 πανταχοῦ
2655 4052 2754 4120 τῆς
2795 4048 3142 4120 οἰκουμένης.
3179 4050 3356 4116 Ὅπερ
3387 4044 3479 4101 οῦν
3511 4047 3611 4101 καὶ

2023 4148 2198 4218 δηλῶν
2225 4147 2428 4216 ἔλεγεν·
2465 4147 2680 4213 ’Ύμνος
2705 4143 2854 4198 πᾶσι
2879 4143 3002 4209 τοῖς
3033 4142 3227 4209 ὁσίοις
3253 4141 3460 4204 αὑτοῦ,
3485 4141 3610 4206 τοῖς

2024 4243 2177 4308 υἱοῖς
2218 4239 2478 4308 Ἰσραὴλ,
2512 4235 2639 4301 λαῷ
2668 4235 2953 4305 ἐγγίζοντι
3000 4235 3182 4298 αὐτῷ.
3228 4235 3346 4288 Ἵνα
3387 4235 3494 4306 γὰρ
3533 4235 3609 4307 μὴ

2023 4336 2196 4407 ταύτῃ
2213 4333 2372 4387 πάλιν
2392 4330 2523 4402 ρᾳου
2532 4329 2661 4400 μοτέ
2669 4346 2796 4401 ρους
2818 4328 3019 4401 ποιήσῃ
3035 4327 3128 4380 καὶ
3147 4326 3514 4398 ὐπτιωτέρους
3532 4326 3612 4398 τῷ

2025 4429 2223 4498 λέγειν,
2269 4427 2361 4479 καὶ
2395 4424 2520 4487 λαὸς
2554 4421 2744 4483 αὐτοῦ,
2780 4420 2876 4474 καὶ
2897 4421 3073 4490 τούτῳ
3104 4419 3250 4490 μόνῳ
3281 4419 3612 4489 θαρροῦντες

2024 4522 2122 4590 τῆς
2155 4518 2294 4572 κατά
2322 4517 2500 4587 ψυχὴν
2527 4513 2771 4584 ἀμελῶσι
2803 4512 2901 4581 τῆς
2932 4512 3151 4584 ἀρετῆς
3177 4509 3363 4575 εἰπὼν,
3393 4511 3610 4580 Ὓμνος

2025 4615 2234 4678 πᾶσιν,
2264 4611 2362 4682 οὐχ
2393 4609 2576 4672 ἁπλῶς
2602 4604 2744 4670 εἷπε,
2779 4609 2903 4670 Τοῖς
2935 4605 3261 4678 ἀνθρώποις,
3285 4607 3439 4672 ἀλλὰ,
3481 4606 3610 4672 Τοῖς

2027 4708 2221 4771 ὁσίοις
2252 4703 2457 4758 αὑτοῦ·
2485 4704 2580 4756 καὶ
2603 4703 2762 4756 πάλιν
2787 4701 2976 4765 εἰπὼν,
3014 4700 3142 4767 Τοῖς
3161 4699 3313 4766 υἱοῖς
3347 4699 3606 4768 Ἰσραὴλ,
3637 4729 3643 4733 -

2027 4799 2352 4870 προσέθηκε,
2391 4792 2525 4860 Λαῷ
2555 4792 2848 4864 ἐγγίζοντι
2878 4790 3059 4857 αὐτῷ.
3086 4779 3398 4860 Ἔτεροςδὲ
3431 4793 3606 4863 ἑρμη-

2026 4891 2237 4962 νευτὴς,
2263 4889 2384 4943 ἀντὶ
2411 4887 2506 4941 τοῦ
2529 4887 2774 4956 ’Υμνος,
2809 4886 3096 4950 Ἐπαινος
3125 4879 3297 4937 εἶπεν.
3335 4887 3399 4939 "O
3431 4886 3610 4941 τοίνυν

2027 4984 2198 5053 λέγει,
2238 4979 2479 5036 τοιοῦτόν
2518 4981 2686 5033 ἐστιν·
2727 4979 2823 5032 ἐὰν
2857 4974 2956 5050 ἦτε
2993 4978 3150 5043 ὅσιοι,
3182 4977 3307 5031 Ἐἀν
3355 4979 3608 5049 ἐγγίζητε

2029 5076 2197 5148 αὐτῷ,
2227 5073 2425 5144 πολλῆς
2458 5070 2831 5126 ἀπολαύσεσθε
2854 5071 3030 5141 δόξης.
3062 5070 3142 5123 Τὰ
3170 5073 3268 5143 μὲν
3295 5071 3403 5143 γὰρ
3440 5071 3609 5125 αὐτοῦ

2029 5169 2207 5223 πάντα
2232 5166 2432 5239 διαρκῆ
2465 5163 2493 5203 ά
2517 5165 2686 5228 ἐστιν,
2717 5163 2859 5217 οὕτω
2897 5162 3251 5228 πλουτοῦντος
3285 5164 3377 5217 καὶ
3408 5163 3611 5218 τοσαύ-.

2094 5317 2120 5346 ³³
2145 5316 2268 5366 Post
2289 5314 2670 5366 ἐπιϐουλεύεσθαι
2696 5326 2823 5363 unus
2843 5312 2979 5363 addit
2995 5313 3232 5362 νεανίσκοι
3267 5315 3347 5362 καὶ
3368 5314 3608 5378 παρθένοι,

2097 5379 2338 5426 εσϐύτεοοι
2363 5377 2480 5426 μετὰ
2500 5376 2761 5426 νεωτέρων.

2030 5391 2338 5443 πρεσῦυτεροι
2363 5394 2480 5440 μετα
2500 5391 2761 5439 νεωτέρων.

2038 5503 2058 5520 η
2082 5439 2390 5520 νδῗευλειεξὶι
2427 5442 2534 5488 haec
2573 5438 2726 5487 lectio
2749 5439 3022 5500 ignoratur,
3048 5441 3104 5486 ut
3135 5440 3188 5487 et
3221 5449 3436 5500 sequens
3459 5438 3540 5486 καὶ
3580 5439 3615 5487 ὁ

2030 5518 2174 5565 υμνος
2195 5518 2362 5549 αυτου.

2035 5625 2047 5636 ,
2068 5566 2120 5636 _°
2145 5563 2295 5636 quil.
2325 5563 2414 5610 οὐκ
2433 5564 2597 5636 ὄντων.
2622 5560 2748 5636 ἱρῇ-ξι
2771 5558 2901 5636 igerp
2927 5559 3105 5636 ‘t'n'gmep
3127 5561 3177 5609 δὲ
3193 5560 3452 5636 ἀρχόμενος
3497 5559 3614 5633 ῌοι

2033 5625 2165 5703 ἱρείη
2195 5627 2244 5673 in
2268 5637 2422 5712 πισταί
2467 5627 2638 5698 οίξτως.
2654 5623 2851 5694 ἀπὸςτῆς
2869 5623 3109 5681 θαλάσσης
3129 5624 3208 5671 καὶ
3231 5623 3341 5672 τῶν
3360 5623 3612 5686 ὁρωμένων

2033 5701 2311 5736 ἀπαντίον...
2337 5701 2452 5748 υπερ
2475 5703 2568 5734 των
2591 5701 2817 5748 ονρανων.

2096 5748 2125 5786 ά
2152 5747 2290 5798 Alius
2309 5749 2488 5808 ἕτοιμα.
