  <div class='ocr_page' id='page_1' title='image "/cluster/home/n/w/nwhite01/storage/ocr_20150623/55/nnc1.0046980016/483.png"; bbox 0 0 4070 6340; ppageno 0'>
   <div class='ocr_carea' id='block_1_1' title="bbox 454 359 590 441">
    <p class='ocr_par' dir='ltr' id='par_1_1' title="bbox 454 359 590 441">
     <span class='ocr_line' id='line_1_1' title="bbox 454 359 590 441; baseline 0.015 -29"><span class='ocrx_word' id='word_1_1' title='bbox 454 359 590 441; x_wconf 22' lang='grc' dir='ltr'>,ειοδ</span> 
     </span>
    </p>
   </div>
   <div class='ocr_carea' id='block_1_2' title="bbox 476 465 2046 542">
    <p class='ocr_par' dir='ltr' id='par_1_2' title="bbox 476 465 2046 542">
     <span class='ocr_line' id='line_1_2' title="bbox 476 465 2046 542; baseline -0.005 -17"><span class='ocrx_word' id='word_1_2' title='bbox 476 470 572 539; x_wconf 78' lang='grc' dir='ltr'>τὴν</span> <span class='ocrx_word' id='word_1_3' title='bbox 613 471 771 538; x_wconf 78' lang='grc' dir='ltr'>δόξαν</span> <span class='ocrx_word' id='word_1_4' title='bbox 813 468 1043 542; x_wconf 74' lang='grc' dir='ltr'>ἔχοντος.</span> <span class='ocrx_word' id='word_1_5' title='bbox 1087 472 1180 523; x_wconf 90' lang='grc' dir='ltr'>Δεῖ</span> <span class='ocrx_word' id='word_1_6' title='bbox 1213 470 1270 525; x_wconf 83' lang='grc' dir='ltr'>δὲ</span> <span class='ocrx_word' id='word_1_7' title='bbox 1300 472 1396 525; x_wconf 76' lang='grc' dir='ltr'>καὶ</span> <span class='ocrx_word' id='word_1_8' title='bbox 1422 469 1493 523; x_wconf 84' lang='grc' dir='ltr'>τὰ</span> <span class='ocrx_word' id='word_1_9' title='bbox 1523 472 1652 541; x_wconf 82' lang='grc' dir='ltr'>παρ’</span> <span class='ocrx_word' id='word_1_10' title='bbox 1677 467 1836 539; x_wconf 86' lang='grc' dir='ltr'>ἡμῶν</span> <span class='ocrx_word' id='word_1_11' title='bbox 1860 465 2046 520; x_wconf 86' lang='grc' dir='ltr'>λοιπὸν</span> 
     </span>
    </p>
   </div>
   <div class='ocr_carea' id='block_1_3' title="bbox 476 548 2050 625">
    <p class='ocr_par' dir='ltr' id='par_1_3' title="bbox 476 548 2050 625">
     <span class='ocr_line' id='line_1_3' title="bbox 476 548 2050 625; baseline -0.005 -15"><span class='ocrx_word' id='word_1_12' title='bbox 476 554 809 619; x_wconf 80' lang='grc' dir='ltr'>ἀκολουθεῖν,</span> <span class='ocrx_word' id='word_1_13' title='bbox 844 555 940 608; x_wconf 76' lang='grc' dir='ltr'>καὶ</span> <span class='ocrx_word' id='word_1_14' title='bbox 976 553 1175 624; x_wconf 80' lang='grc' dir='ltr'>πολλῆς</span> <span class='ocrx_word' id='word_1_15' title='bbox 1210 553 1586 625; x_wconf 81' lang='grc' dir='ltr'>ἀπολαύσομεν</span> <span class='ocrx_word' id='word_1_16' title='bbox 1630 554 1724 606; x_wconf 80' lang='grc' dir='ltr'>καὶ</span> <span class='ocrx_word' id='word_1_17' title='bbox 1756 553 1920 622; x_wconf 83' lang='grc' dir='ltr'>ἡμεῖς</span> <span class='ocrx_word' id='word_1_18' title='bbox 1951 548 2050 619; x_wconf 87' lang='grc' dir='ltr'>τῆς</span> 
     </span>
    </p>
   </div>
   <div class='ocr_carea' id='block_1_4' title="bbox 477 635 2047 710">
    <p class='ocr_par' dir='ltr' id='par_1_4' title="bbox 477 635 2047 710">
     <span class='ocr_line' id='line_1_4' title="bbox 477 635 2047 710; baseline -0.002 -18"><span class='ocrx_word' id='word_1_19' title='bbox 477 639 847 708; x_wconf 81' lang='grc' dir='ltr'>περιφανείας,</span> <span class='ocrx_word' id='word_1_20' title='bbox 901 641 1080 710; x_wconf 89' lang='grc' dir='ltr'>χάριτι</span> <span class='ocrx_word' id='word_1_21' title='bbox 1135 640 1227 692; x_wconf 80' lang='grc' dir='ltr'>καὶ</span> <span class='ocrx_word' id='word_1_22' title='bbox 1278 638 1653 710; x_wconf 78' lang='grc' dir='ltr'>φιλανθρωπίᾳ</span> <span class='ocrx_word' id='word_1_23' title='bbox 1707 637 1801 691; x_wconf 90' lang='grc' dir='ltr'>τοῦ</span> <span class='ocrx_word' id='word_1_24' title='bbox 1846 635 2047 709; x_wconf 80' lang='grc' dir='ltr'>Κυρίου</span> 
     </span>
    </p>
   </div>
   <div class='ocr_carea' id='block_1_5' title="bbox 477 715 2051 794">
    <p class='ocr_par' dir='ltr' id='par_1_5' title="bbox 477 715 2051 794">
     <span class='ocr_line' id='line_1_5' title="bbox 477 715 2051 794; baseline -0.001 -19"><span class='ocrx_word' id='word_1_25' title='bbox 477 723 632 792; x_wconf 81' lang='grc' dir='ltr'>ήμῶν</span> <span class='ocrx_word' id='word_1_26' title='bbox 666 722 839 793; x_wconf 85' lang='grc' dir='ltr'>Ἰησοῦ</span> <span class='ocrx_word' id='word_1_27' title='bbox 885 722 1143 794; x_wconf 81' lang='grc' dir='ltr'>Χριστοῦ,</span> <span class='ocrx_word' id='word_1_28' title='bbox 1187 715 1232 790; x_wconf 83' lang='grc' dir='ltr'>ᾧ</span> <span class='ocrx_word' id='word_1_29' title='bbox 1268 724 1300 791; x_wconf 85' lang='grc' dir='ltr'>ἡ</span> <span class='ocrx_word' id='word_1_30' title='bbox 1345 721 1469 786; x_wconf 79' lang='grc' dir='ltr'>δόξα</span> <span class='ocrx_word' id='word_1_31' title='bbox 1504 722 1598 774; x_wconf 75' lang='grc' dir='ltr'>καὶ</span> <span class='ocrx_word' id='word_1_32' title='bbox 1637 720 1697 774; x_wconf 84' lang='grc' dir='ltr'>τὸ</span> <span class='ocrx_word' id='word_1_33' title='bbox 1722 720 1941 791; x_wconf 82' lang='grc' dir='ltr'>κράτος,</span> <span class='ocrx_word' id='word_1_34' title='bbox 1968 720 2051 784; x_wconf 88' lang='grc' dir='ltr'>είς</span> 
     </span>
    </p>
   </div>
   <div class='ocr_carea' id='block_1_6' title="bbox 476 804 1457 875">
    <p class='ocr_par' dir='ltr' id='par_1_6' title="bbox 476 804 1457 875">
     <span class='ocr_line' id='line_1_6' title="bbox 476 804 1457 875; baseline 0 -17"><span class='ocrx_word' id='word_1_35' title='bbox 476 807 601 869; x_wconf 86' lang='grc' dir='ltr'>τούς</span> <span class='ocrx_word' id='word_1_36' title='bbox 631 806 833 869; x_wconf 83' lang='grc' dir='ltr'>αίῶνας</span> <span class='ocrx_word' id='word_1_37' title='bbox 860 806 967 859; x_wconf 86' lang='grc' dir='ltr'>τῶν</span> <span class='ocrx_word' id='word_1_38' title='bbox 996 804 1225 859; x_wconf 79' lang='grc' dir='ltr'>αἰώνων.</span> <span class='ocrx_word' id='word_1_39' title='bbox 1267 806 1457 875; x_wconf 86' lang='grc' dir='ltr'>Ἀμήν.</span> 
     </span>
    </p>
   </div>
   <div class='ocr_carea' id='block_1_7' title="bbox 721 971 1805 1048">
    <p class='ocr_par' dir='ltr' id='par_1_7' title="bbox 721 971 1805 1048">
     <span class='ocr_line' id='line_1_7' title="bbox 721 971 1805 1048; baseline -0.005 -18"><span class='ocrx_word' id='word_1_40' title='bbox 721 974 871 1048; x_wconf 69' lang='grc'>[498]</span> <span class='ocrx_word' id='word_1_41' title='bbox 929 976 1037 1029; x_wconf 75' lang='lat' dir='ltr'>El}:</span> <span class='ocrx_word' id='word_1_42' title='bbox 1083 973 1219 1026; x_wconf 85' lang='lat' dir='ltr'>TON</span> <span class='ocrx_word' id='word_1_43' title='bbox 1279 973 1436 1028; x_wconf 76' lang='grc' dir='ltr'>ΡΜΘι</span> <span class='ocrx_word' id='word_1_44' title='bbox 1488 971 1805 1025; x_wconf 79' lang='grc' dir='ltr'>ΨΛΛΜΟΝ.</span> 
     </span>
    </p>
   </div>
   <div class='ocr_carea' id='block_1_8' title="bbox 763 1093 1765 1171">
    <p class='ocr_par' dir='ltr' id='par_1_8' title="bbox 763 1093 1765 1171">
     <span class='ocr_line' id='line_1_8' title="bbox 763 1093 1765 1171; baseline -0.001 -16"><span class='ocrx_word' id='word_1_45' title='bbox 763 1104 985 1171; x_wconf 82' lang='grc' dir='ltr'>’ᾼσατε</span> <span class='ocrx_word' id='word_1_46' title='bbox 1021 1098 1100 1165; x_wconf 83' lang='grc' dir='ltr'>τῷ</span> <span class='ocrx_word' id='word_1_47' title='bbox 1129 1100 1323 1167; x_wconf 70' lang='grc' dir='ltr'>Κιιρίῳ</span> <span class='ocrx_word' id='word_1_48' title='bbox 1345 1093 1508 1169; x_wconf 77' lang='grc' dir='ltr'>ᾆσμα</span> <span class='ocrx_word' id='word_1_49' title='bbox 1536 1100 1765 1154; x_wconf 83' lang='grc' dir='ltr'>καινόν.</span> 
     </span>
    </p>
   </div>
   <div class='ocr_carea' id='block_1_9' title="bbox 544 1223 2050 1299">
    <p class='ocr_par' dir='ltr' id='par_1_9' title="bbox 544 1223 2050 1299">
     <span class='ocr_line' id='line_1_9' title="bbox 544 1223 2050 1299; baseline -0.001 -19"><span class='ocrx_word' id='word_1_50' title='bbox 544 1238 612 1280; x_wconf 84' lang='grc' dir='ltr'>α’.</span> <span class='ocrx_word' id='word_1_51' title='bbox 627 1226 775 1280; x_wconf 74' lang='grc' dir='ltr'>Κατὰ</span> <span class='ocrx_word' id='word_1_52' title='bbox 797 1227 893 1298; x_wconf 83' lang='grc' dir='ltr'>μὲν</span> <span class='ocrx_word' id='word_1_53' title='bbox 909 1227 1198 1299; x_wconf 80' lang='grc' dir='ltr'>ἀναγωγὴν</span> <span class='ocrx_word' id='word_1_54' title='bbox 1212 1227 1271 1280; x_wconf 78' lang='grc' dir='ltr'>τὸ</span> <span class='ocrx_word' id='word_1_55' title='bbox 1281 1228 1379 1296; x_wconf 84' lang='grc' dir='ltr'>τῆς</span> <span class='ocrx_word' id='word_1_56' title='bbox 1396 1228 1601 1298; x_wconf 82' lang='grc' dir='ltr'>Καινῆς</span> <span class='ocrx_word' id='word_1_57' title='bbox 1612 1226 1884 1297; x_wconf 84' lang='grc' dir='ltr'>Διαθήκης</span> <span class='ocrx_word' id='word_1_58' title='bbox 1900 1223 2050 1298; x_wconf 77' lang='grc' dir='ltr'>ᾆσμα</span> 
     </span>
    </p>
   </div>
   <div class='ocr_carea' id='block_1_10' title="bbox 480 1309 2052 1381">
    <p class='ocr_par' dir='ltr' id='par_1_10' title="bbox 480 1309 2052 1381">
     <span class='ocr_line' id='line_1_10' title="bbox 480 1309 2052 1381; baseline -0.002 -16"><span class='ocrx_word' id='word_1_59' title='bbox 480 1311 663 1365; x_wconf 80' lang='grc' dir='ltr'>καινὸν</span> <span class='ocrx_word' id='word_1_60' title='bbox 695 1310 925 1381; x_wconf 78' lang='grc' dir='ltr'>εἴρηται.</span> <span class='ocrx_word' id='word_1_61' title='bbox 979 1311 1162 1363; x_wconf 96' lang='grc' dir='ltr'>Πάντα</span> <span class='ocrx_word' id='word_1_62' title='bbox 1195 1309 1303 1379; x_wconf 81' lang='grc' dir='ltr'>γὰρ</span> <span class='ocrx_word' id='word_1_63' title='bbox 1342 1310 1462 1363; x_wconf 86' lang='grc' dir='ltr'>τότε</span> <span class='ocrx_word' id='word_1_64' title='bbox 1495 1310 1684 1378; x_wconf 85' lang='grc' dir='ltr'>γέγονε</span> <span class='ocrx_word' id='word_1_65' title='bbox 1719 1310 1898 1363; x_wconf 86' lang='grc' dir='ltr'>καινά.</span> <span class='ocrx_word' id='word_1_66' title='bbox 1926 1312 2052 1362; x_wconf 85' lang='grc' dir='ltr'>Δια-</span> 
     </span>
    </p>
   </div>
   <div class='ocr_carea' id='block_1_11' title="bbox 481 1388 2047 1464">
    <p class='ocr_par' dir='ltr' id='par_1_11' title="bbox 481 1388 2047 1464">
     <span class='ocr_line' id='line_1_11' title="bbox 481 1388 2047 1464; baseline 0.001 -18"><span class='ocrx_word' id='word_1_67' title='bbox 481 1394 644 1464; x_wconf 83' lang='grc' dir='ltr'>θήκη·</span> <span class='ocrx_word' id='word_1_68' title='bbox 689 1393 1047 1458; x_wconf 71' lang='grc' dir='ltr'>Διαοήσομαι</span> <span class='ocrx_word' id='word_1_69' title='bbox 1090 1388 1574 1461; x_wconf 81' lang='grc' dir='ltr'>ὐμῒν’διαθήκην,</span> <span class='ocrx_word' id='word_1_70' title='bbox 1613 1393 1767 1463; x_wconf 76' lang='grc' dir='ltr'>φησὶ,</span> <span class='ocrx_word' id='word_1_71' title='bbox 1811 1392 2047 1461; x_wconf 80' lang='grc' dir='ltr'>καινήν.</span> 
     </span>
    </p>
   </div>
   <div class='ocr_carea' id='block_1_12' title="bbox 479 1473 2052 1547">
    <p class='ocr_par' dir='ltr' id='par_1_12' title="bbox 479 1473 2052 1547">
     <span class='ocr_line' id='line_1_12' title="bbox 479 1473 2052 1547; baseline 0.001 -18"><span class='ocrx_word' id='word_1_72' title='bbox 479 1476 690 1538; x_wconf 79' lang='grc' dir='ltr'>Κτίσις·</span> <span class='ocrx_word' id='word_1_73' title='bbox 719 1476 789 1527; x_wconf 75' lang='grc' dir='ltr'>ει</span> <span class='ocrx_word' id='word_1_74' title='bbox 816 1494 906 1540; x_wconf 78' lang='grc' dir='ltr'>τις</span> <span class='ocrx_word' id='word_1_75' title='bbox 935 1477 1005 1528; x_wconf 82' lang='grc' dir='ltr'>ἐν</span> <span class='ocrx_word' id='word_1_76' title='bbox 1024 1473 1274 1542; x_wconf 83' lang='grc' dir='ltr'>Χριστῷ,</span> <span class='ocrx_word' id='word_1_77' title='bbox 1294 1476 1445 1547; x_wconf 76' lang='grc' dir='ltr'>φησὶ,</span> <span class='ocrx_word' id='word_1_78' title='bbox 1476 1476 1650 1544; x_wconf 78' lang='grc' dir='ltr'>καινὴ</span> <span class='ocrx_word' id='word_1_79' title='bbox 1681 1478 1894 1543; x_wconf 83' lang='grc' dir='ltr'><em>κτίσις.</em></span> <span class='ocrx_word' id='word_1_80' title='bbox 1923 1479 2052 1531; x_wconf 81' lang='grc' dir='ltr'>Ἀν-</span> 
     </span>
    </p>
   </div>
   <div class='ocr_carea' id='block_1_13' title="bbox 482 1559 2051 1632">
    <p class='ocr_par' dir='ltr' id='par_1_13' title="bbox 482 1559 2051 1632">
     <span class='ocr_line' id='line_1_13' title="bbox 482 1559 2051 1632; baseline 0.002 -19"><span class='ocrx_word' id='word_1_81' title='bbox 482 1560 719 1632; x_wconf 86' lang='grc' dir='ltr'>θρωπος·</span> <span class='ocrx_word' id='word_1_82' title='bbox 758 1559 1273 1629; x_wconf 83' lang='grc' dir='ltr'>Ἀπεκδυσάμενοι.</span> <span class='ocrx_word' id='word_1_83' title='bbox 1317 1561 1470 1630; x_wconf 80' lang='grc' dir='ltr'>φησὶ,</span> <span class='ocrx_word' id='word_1_84' title='bbox 1505 1560 1613 1613; x_wconf 87' lang='grc' dir='ltr'>τὸν</span> <span class='ocrx_word' id='word_1_85' title='bbox 1658 1563 1918 1616; x_wconf 79' lang='grc' dir='ltr'>παλαιὸν</span> <span class='ocrx_word' id='word_1_86' title='bbox 1947 1563 2051 1616; x_wconf 81' lang='grc' dir='ltr'>ἀν-</span> 
     </span>
    </p>
   </div>
   <div class='ocr_carea' id='block_1_14' title="bbox 482 1641 2052 1711">
    <p class='ocr_par' dir='ltr' id='par_1_14' title="bbox 482 1641 2052 1711">
     <span class='ocr_line' id='line_1_14' title="bbox 482 1641 2052 1711; baseline 0.001 -13"><span class='ocrx_word' id='word_1_87' title='bbox 482 1648 733 1711; x_wconf 80' lang='grc' dir='ltr'>θρωπον,</span> <span class='ocrx_word' id='word_1_88' title='bbox 775 1643 871 1696; x_wconf 78' lang='grc' dir='ltr'>καὶ</span> <span class='ocrx_word' id='word_1_89' title='bbox 902 1641 1298 1711; x_wconf 78' lang='grc' dir='ltr'>ἐνδυσάμενοι</span> <span class='ocrx_word' id='word_1_90' title='bbox 1336 1644 1441 1695; x_wconf 75' lang='grc' dir='ltr'>τόν</span> <span class='ocrx_word' id='word_1_91' title='bbox 1475 1642 1636 1707; x_wconf 81' lang='grc' dir='ltr'>νέον,</span> <span class='ocrx_word' id='word_1_92' title='bbox 1670 1644 1778 1698; x_wconf 84' lang='grc' dir='ltr'>τὸν</span> <span class='ocrx_word' id='word_1_93' title='bbox 1808 1646 2052 1700; x_wconf 82' lang='grc' dir='ltr'>ἀνακαι-</span> 
     </span>
    </p>
   </div>
   <div class='ocr_carea' id='block_1_15' title="bbox 479 1726 2053 1795">
    <p class='ocr_par' dir='ltr' id='par_1_15' title="bbox 479 1726 2053 1795">
     <span class='ocr_line' id='line_1_15' title="bbox 479 1726 2053 1795; baseline 0.001 -14"><span class='ocrx_word' id='word_1_94' title='bbox 479 1728 774 1795; x_wconf 85' lang='grc' dir='ltr'>νούμενον</span> <span class='ocrx_word' id='word_1_95' title='bbox 799 1729 884 1790; x_wconf 79' lang='grc' dir='ltr'>εὶς</span> <span class='ocrx_word' id='word_1_96' title='bbox 913 1726 1240 1793; x_wconf 73' lang='grc' dir='ltr'>ἐπίγνωσιν</span> <span class='ocrx_word' id='word_1_97' title='bbox 1275 1726 1400 1779; x_wconf 84' lang='grc' dir='ltr'>κατ’</span> <span class='ocrx_word' id='word_1_98' title='bbox 1436 1729 1640 1781; x_wconf 72' lang='grc' dir='ltr'>εἰκόνα</span> <span class='ocrx_word' id='word_1_99' title='bbox 1669 1728 1775 1782; x_wconf 89' lang='grc' dir='ltr'>τοῦ</span> <span class='ocrx_word' id='word_1_100' title='bbox 1810 1729 2053 1783; x_wconf 81' lang='grc' dir='ltr'>κτίσαν-</span> 
     </span>
    </p>
   </div>
   <div class='ocr_carea' id='block_1_16' title="bbox 479 1808 2050 1880">
    <p class='ocr_par' dir='ltr' id='par_1_16' title="bbox 479 1808 2050 1880">
     <span class='ocr_line' id='line_1_16' title="bbox 479 1808 2050 1880; baseline 0.001 -18"><span class='ocrx_word' id='word_1_101' title='bbox 479 1827 582 1875; x_wconf 85' lang='grc' dir='ltr'>τος</span> <span class='ocrx_word' id='word_1_102' title='bbox 612 1810 816 1862; x_wconf 81' lang='grc' dir='ltr'>αὐτόν.</span> <span class='ocrx_word' id='word_1_103' title='bbox 843 1809 939 1861; x_wconf 82' lang='grc' dir='ltr'>Διά</span> <span class='ocrx_word' id='word_1_104' title='bbox 970 1809 1066 1878; x_wconf 86' lang='grc' dir='ltr'>τὴν</span> <span class='ocrx_word' id='word_1_105' title='bbox 1099 1808 1290 1879; x_wconf 80' lang='grc' dir='ltr'>καινήν</span> <span class='ocrx_word' id='word_1_106' title='bbox 1317 1808 1493 1861; x_wconf 85' lang='grc' dir='ltr'>τοίνυν</span> <span class='ocrx_word' id='word_1_107' title='bbox 1520 1808 1685 1880; x_wconf 80' lang='grc' dir='ltr'>ζωὴν,</span> <span class='ocrx_word' id='word_1_108' title='bbox 1714 1811 1892 1864; x_wconf 76' lang='grc' dir='ltr'>καὶτὰ</span> <span class='ocrx_word' id='word_1_109' title='bbox 1919 1811 2050 1865; x_wconf 81' lang='grc' dir='ltr'>ἄλλα</span> 
     </span>
    </p>
   </div>
   <div class='ocr_carea' id='block_1_17' title="bbox 480 1889 2052 1965">
    <p class='ocr_par' dir='ltr' id='par_1_17' title="bbox 480 1889 2052 1965">
     <span class='ocr_line' id='line_1_17' title="bbox 480 1889 2052 1965; baseline 0.003 -20"><span class='ocrx_word' id='word_1_110' title='bbox 480 1896 676 1953; x_wconf 83' lang='grc' dir='ltr'>πάντα,</span> <span class='ocrx_word' id='word_1_111' title='bbox 720 1891 961 1962; x_wconf 82' lang='grc' dir='ltr'>Διαθὴκη</span> <span class='ocrx_word' id='word_1_112' title='bbox 998 1892 1171 1963; x_wconf 83' lang='grc' dir='ltr'>Καινὴ</span> <span class='ocrx_word' id='word_1_113' title='bbox 1204 1892 1441 1959; x_wconf 88' lang='grc' dir='ltr'>λέγεται,</span> <span class='ocrx_word' id='word_1_114' title='bbox 1473 1894 1568 1948; x_wconf 77' lang='grc' dir='ltr'>καὶ</span> <span class='ocrx_word' id='word_1_115' title='bbox 1595 1889 1747 1965; x_wconf 82' lang='grc' dir='ltr'>ᾆσμα</span> <span class='ocrx_word' id='word_1_116' title='bbox 1784 1895 1967 1949; x_wconf 80' lang='grc' dir='ltr'>καινὸν</span> <span class='ocrx_word' id='word_1_117' title='bbox 1993 1897 2052 1950; x_wconf 86' lang='grc' dir='ltr'>τὸ</span> 
     </span>
    </p>
   </div>
   <div class='ocr_carea' id='block_1_18' title="bbox 478 1974 2052 2047">
    <p class='ocr_par' dir='ltr' id='par_1_18' title="bbox 478 1974 2052 2047">
     <span class='ocr_line' id='line_1_18' title="bbox 478 1974 2052 2047; baseline 0.003 -19"><span class='ocrx_word' id='word_1_118' title='bbox 478 1975 681 2046; x_wconf 88' lang='grc' dir='ltr'>ταύτης</span> <span class='ocrx_word' id='word_1_119' title='bbox 735 1974 879 2046; x_wconf 82' lang='grc' dir='ltr'>ᾄδειν</span> <span class='ocrx_word' id='word_1_120' title='bbox 921 1975 1016 2028; x_wconf 89' lang='grc' dir='ltr'>νῦν</span> <span class='ocrx_word' id='word_1_121' title='bbox 1057 1977 1086 2028; x_wconf 84' lang='grc' dir='ltr'><strong>ὁ</strong></span> <span class='ocrx_word' id='word_1_122' title='bbox 1134 1977 1419 2045; x_wconf 83' lang='grc' dir='ltr'>προφήτης</span> <span class='ocrx_word' id='word_1_123' title='bbox 1461 1978 1777 2047; x_wconf 80' lang='grc' dir='ltr'>προτρέπει.</span> <span class='ocrx_word' id='word_1_124' title='bbox 1814 1978 1971 2031; x_wconf 84' lang='grc' dir='ltr'>Κατὰ</span> <span class='ocrx_word' id='word_1_125' title='bbox 1996 1978 2052 2032; x_wconf 87' lang='grc' dir='ltr'>δὲ</span> 
     </span>
    </p>
   </div>
   <div class='ocr_carea' id='block_1_19' title="bbox 483 2057 2053 2130">
    <p class='ocr_par' dir='ltr' id='par_1_19' title="bbox 483 2057 2053 2130">
     <span class='ocr_line' id='line_1_19' title="bbox 483 2057 2053 2130; baseline 0.003 -20"><span class='ocrx_word' id='word_1_126' title='bbox 483 2059 721 2128; x_wconf 82' lang='grc' dir='ltr'>ἱστορίαν</span> <span class='ocrx_word' id='word_1_127' title='bbox 753 2067 793 2121; x_wconf 81' lang='grc'>⁸,</span> <span class='ocrx_word' id='word_1_128' title='bbox 830 2059 857 2110; x_wconf 83' lang='grc' dir='ltr'>ὃ</span> <span class='ocrx_word' id='word_1_129' title='bbox 888 2058 979 2110; x_wconf 79' lang='grc' dir='ltr'>ἐπὶ</span> <span class='ocrx_word' id='word_1_130' title='bbox 1010 2057 1208 2121; x_wconf 88' lang='grc' dir='ltr'>νίκαις,</span> <span class='ocrx_word' id='word_1_131' title='bbox 1243 2057 1271 2109; x_wconf 84' lang='grc' dir='ltr'><strong>ὃ</strong></span> <span class='ocrx_word' id='word_1_132' title='bbox 1308 2061 1399 2112; x_wconf 82' lang='grc' dir='ltr'>ἐπὶ</span> <span class='ocrx_word' id='word_1_133' title='bbox 1431 2059 1867 2130; x_wconf 84' lang='grc' dir='ltr'>κατορθώμασιν,</span> <span class='ocrx_word' id='word_1_134' title='bbox 1895 2062 1924 2115; x_wconf 85' lang='grc' dir='ltr'><strong>ὃ</strong></span> <span class='ocrx_word' id='word_1_135' title='bbox 1962 2063 2053 2114; x_wconf 76' lang='grc' dir='ltr'>ἐπὶ</span> 
     </span>
    </p>
   </div>
   <div class='ocr_carea' id='block_1_20' title="bbox 477 2140 2058 2216">
    <p class='ocr_par' dir='ltr' id='par_1_20' title="bbox 477 2140 2058 2216">
     <span class='ocr_line' id='line_1_20' title="bbox 477 2140 2058 2216; baseline 0.005 -22"><span class='ocrx_word' id='word_1_136' title='bbox 477 2142 758 2212; x_wconf 81' lang='grc' dir='ltr'>τροπαίοις</span> <span class='ocrx_word' id='word_1_137' title='bbox 799 2140 1018 2209; x_wconf 76' lang='grc' dir='ltr'>ἔμελλον</span> <span class='ocrx_word' id='word_1_138' title='bbox 1051 2142 1218 2212; x_wconf 79' lang='grc' dir='ltr'>ᾅδειν,</span> <span class='ocrx_word' id='word_1_139' title='bbox 1245 2143 1492 2214; x_wconf 86' lang='grc' dir='ltr'>λαμπρὸν</span> <span class='ocrx_word' id='word_1_140' title='bbox 1527 2145 1622 2198; x_wconf 71' lang='grc' dir='ltr'>καὶ</span> <span class='ocrx_word' id='word_1_141' title='bbox 1658 2145 1945 2216; x_wconf 75' lang='grc' dir='ltr'>ἐπίσημον.</span> <span class='ocrx_word' id='word_1_142' title='bbox 1985 2147 2058 2201; x_wconf 78' lang='grc' dir='ltr'>ἸΙ</span> 
     </span>
    </p>
   </div>
   <div class='ocr_carea' id='block_1_21' title="bbox 479 2225 1608 2293">
    <p class='ocr_par' dir='ltr' id='par_1_21' title="bbox 479 2225 1608 2293">
     <span class='ocr_line' id='line_1_21' title="bbox 479 2225 1608 2293; baseline 0.004 -14"><span class='ocrx_word' id='word_1_143' title='bbox 479 2226 713 2290; x_wconf 84' lang='grc' dir='ltr'>αἵνεσις</span> <span class='ocrx_word' id='word_1_144' title='bbox 739 2225 924 2279; x_wconf 87' lang='grc' dir='ltr'>αὐτοῦ</span> <span class='ocrx_word' id='word_1_145' title='bbox 957 2226 1028 2277; x_wconf 85' lang='grc' dir='ltr'>ἐν</span> <span class='ocrx_word' id='word_1_146' title='bbox 1061 2227 1384 2293; x_wconf 76' lang='grc' dir='ltr'>Ἐκκλησία</span> <span class='ocrx_word' id='word_1_147' title='bbox 1404 2228 1608 2283; x_wconf 82' lang='grc' dir='ltr'>ὁσίων.</span> 
     </span>
    </p>
   </div>
   <div class='ocr_carea' id='block_1_22' title="bbox 450 2306 2054 2381">
    <p class='ocr_par' dir='ltr' id='par_1_22' title="bbox 450 2306 2054 2381">
     <span class='ocr_line' id='line_1_22' title="bbox 450 2306 2054 2381; baseline 0.004 -23"><span class='ocrx_word' id='word_1_148' title='bbox 450 2372 455 2377; x_wconf 89' lang='lat'><em>_</em></span> <span class='ocrx_word' id='word_1_149' title='bbox 563 2307 723 2378; x_wconf 78' lang='grc' dir='ltr'>Ὁρᾷς</span> <span class='ocrx_word' id='word_1_150' title='bbox 751 2306 869 2369; x_wconf 85' lang='grc' dir='ltr'>πῶς</span> <span class='ocrx_word' id='word_1_151' title='bbox 897 2306 1001 2378; x_wconf 79' lang='grc' dir='ltr'>πρὸ</span> <span class='ocrx_word' id='word_1_152' title='bbox 1033 2308 1140 2360; x_wconf 88' lang='grc' dir='ltr'>τῶν</span> <span class='ocrx_word' id='word_1_153' title='bbox 1176 2309 1433 2379; x_wconf 81' lang='grc' dir='ltr'>ῥημάτων</span> <span class='ocrx_word' id='word_1_154' title='bbox 1467 2310 1562 2381; x_wconf 81' lang='grc' dir='ltr'>τὴν</span> <span class='ocrx_word' id='word_1_155' title='bbox 1589 2309 1676 2363; x_wconf 68' lang='grc' dir='ltr'>διὰ</span> <span class='ocrx_word' id='word_1_156' title='bbox 1695 2309 1789 2364; x_wconf 85' lang='grc' dir='ltr'>τοῦ</span> <span class='ocrx_word' id='word_1_157' title='bbox 1821 2310 1934 2381; x_wconf 85' lang='grc' dir='ltr'>βίου</span> <span class='ocrx_word' id='word_1_158' title='bbox 1960 2311 2054 2365; x_wconf 82' lang='grc' dir='ltr'>καὶ</span> 
     </span>
    </p>
   </div>
   <div class='ocr_carea' id='block_1_23' title="bbox 477 2389 2053 2461">
    <p class='ocr_par' dir='ltr' id='par_1_23' title="bbox 477 2389 2053 2461">
     <span class='ocr_line' id='line_1_23' title="bbox 477 2389 2053 2461; baseline 0.005 -21"><span class='ocrx_word' id='word_1_159' title='bbox 477 2389 584 2441; x_wconf 87' lang='grc' dir='ltr'>τῶν</span> <span class='ocrx_word' id='word_1_160' title='bbox 618 2389 793 2461; x_wconf 71' lang='grc' dir='ltr'>ἔργων</span> <span class='ocrx_word' id='word_1_161' title='bbox 826 2390 1173 2459; x_wconf 78' lang='grc' dir='ltr'>εὐχαριστίαν</span> <span class='ocrx_word' id='word_1_162' title='bbox 1203 2391 1467 2460; x_wconf 75' lang='grc' dir='ltr'>ἐπιζητεῖ,</span> <span class='ocrx_word' id='word_1_163' title='bbox 1493 2392 1586 2445; x_wconf 78' lang='grc' dir='ltr'>καὶ</span> <span class='ocrx_word' id='word_1_164' title='bbox 1609 2392 1828 2456; x_wconf 74' lang='grc' dir='ltr'>τούτους</span> <span class='ocrx_word' id='word_1_165' title='bbox 1854 2397 1933 2459; x_wconf 86' lang='grc' dir='ltr'>είς</span> <span class='ocrx_word' id='word_1_166' title='bbox 1961 2395 2053 2448; x_wconf 83' lang='grc' dir='ltr'>τὸν</span> 
     </span>
    </p>
   </div>
   <div class='ocr_carea' id='block_1_24' title="bbox 477 2472 2057 2550">
    <p class='ocr_par' dir='ltr' id='par_1_24' title="bbox 477 2472 2057 2550">
     <span class='ocr_line' id='line_1_24' title="bbox 477 2472 2057 2550; baseline 0.003 -25"><span class='ocrx_word' id='word_1_167' title='bbox 477 2472 634 2543; x_wconf 77' lang='grc' dir='ltr'>χορὸν</span> <span class='ocrx_word' id='word_1_168' title='bbox 668 2472 787 2539; x_wconf 79' lang='grc' dir='ltr'>ἄγει</span> <span class='ocrx_word' id='word_1_169' title='bbox 807 2472 913 2524; x_wconf 87' lang='grc' dir='ltr'>τῶν</span> <span class='ocrx_word' id='word_1_170' title='bbox 942 2473 1250 2543; x_wconf 81' lang='grc' dir='ltr'>ὑμνούντων</span> <span class='ocrx_word' id='word_1_171' title='bbox 1268 2473 1294 2512; x_wconf 79' lang='lat' dir='ltr'><strong>b</strong></span> <span class='ocrx_word' id='word_1_172' title='bbox 1316 2491 1330 2538; x_wconf 91' lang='lat'><strong>;</strong></span> <span class='ocrx_word' id='word_1_173' title='bbox 1361 2475 1435 2526; x_wconf 86' lang='grc' dir='ltr'>υύ</span> <span class='ocrx_word' id='word_1_174' title='bbox 1460 2476 1567 2544; x_wconf 80' lang='grc' dir='ltr'>γὰρ</span> <span class='ocrx_word' id='word_1_175' title='bbox 1589 2477 1749 2546; x_wconf 88' lang='grc' dir='ltr'>ἀρκεῖ</span> <span class='ocrx_word' id='word_1_176' title='bbox 1772 2478 1831 2531; x_wconf 85' lang='grc' dir='ltr'>τὸ</span> <span class='ocrx_word' id='word_1_177' title='bbox 1856 2478 1941 2531; x_wconf 76' lang='grc' dir='ltr'>διὰ</span> <span class='ocrx_word' id='word_1_178' title='bbox 1965 2481 2057 2550; x_wconf 78' lang='grc' dir='ltr'>ρη-</span> 
     </span>
    </p>
   </div>
   <div class='ocr_carea' id='block_1_25' title="bbox 482 2555 2054 2631">
    <p class='ocr_par' dir='ltr' id='par_1_25' title="bbox 482 2555 2054 2631">
     <span class='ocr_line' id='line_1_25' title="bbox 482 2555 2054 2631; baseline 0.005 -25"><span class='ocrx_word' id='word_1_179' title='bbox 482 2556 665 2623; x_wconf 85' lang='grc' dir='ltr'>μὰτων</span> <span class='ocrx_word' id='word_1_180' title='bbox 702 2555 1040 2627; x_wconf 70' lang='grc' dir='ltr'>εὐχαριστεῖν</span> <span class='ocrx_word' id='word_1_181' title='bbox 1078 2556 1255 2625; x_wconf 84' lang='grc' dir='ltr'>μόνον,</span> <span class='ocrx_word' id='word_1_182' title='bbox 1287 2556 1352 2610; x_wconf 90' lang='grc' dir='ltr'>ἂν</span> <span class='ocrx_word' id='word_1_183' title='bbox 1376 2557 1449 2628; x_wconf 83' lang='grc' dir='ltr'>μὴ</span> <span class='ocrx_word' id='word_1_184' title='bbox 1485 2558 1576 2610; x_wconf 80' lang='grc' dir='ltr'>καὶ</span> <span class='ocrx_word' id='word_1_185' title='bbox 1611 2561 1642 2628; x_wconf 88' lang='grc' dir='ltr'>ἡ</span> <span class='ocrx_word' id='word_1_186' title='bbox 1672 2558 1758 2611; x_wconf 89' lang='grc' dir='ltr'>διά</span> <span class='ocrx_word' id='word_1_187' title='bbox 1781 2560 1880 2629; x_wconf 75' lang='grc' dir='ltr'>τῆς</span> <span class='ocrx_word' id='word_1_188' title='bbox 1909 2562 2054 2631; x_wconf 82' lang='grc' dir='ltr'>πρά-</span> 
     </span>
    </p>
   </div>
   <div class='ocr_carea' id='block_1_26' title="bbox 480 2633 2053 2709">
    <p class='ocr_par' dir='ltr' id='par_1_26' title="bbox 480 2633 2053 2709">
     <span class='ocr_line' id='line_1_26' title="bbox 480 2633 2053 2709; baseline 0.006 -20"><span class='ocrx_word' id='word_1_189' title='bbox 480 2636 614 2701; x_wconf 83' lang='grc' dir='ltr'>ξεως</span> <span class='ocrx_word' id='word_1_190' title='bbox 649 2639 817 2707; x_wconf 86' lang='grc' dir='ltr'>ἀρετὴ</span> <span class='ocrx_word' id='word_1_191' title='bbox 868 2633 1157 2709; x_wconf 76' lang='grc' dir='ltr'>συμϐαίνῃ.</span> <span class='ocrx_word' id='word_1_192' title='bbox 1203 2641 1268 2694; x_wconf 85' lang='grc' dir='ltr'><strong><em>Ἡ</em></strong></span> <span class='ocrx_word' id='word_1_193' title='bbox 1307 2641 1541 2705; x_wconf 85' lang='grc' dir='ltr'>αῖνεσις</span> <span class='ocrx_word' id='word_1_194' title='bbox 1572 2642 1758 2695; x_wconf 86' lang='grc' dir='ltr'>αὐτοῦ</span> <span class='ocrx_word' id='word_1_195' title='bbox 1808 2644 1877 2695; x_wconf 85' lang='grc' dir='ltr'>ἐν</span> <span class='ocrx_word' id='word_1_196' title='bbox 1923 2646 2053 2698; x_wconf 70' lang='grc' dir='ltr'>Ἕκ·-</span> 
     </span>
    </p>
   </div>
   <div class='ocr_carea' id='block_1_27' title="bbox 477 2721 2057 2792">
    <p class='ocr_par' dir='ltr' id='par_1_27' title="bbox 477 2721 2057 2792">
     <span class='ocr_line' id='line_1_27' title="bbox 477 2721 2057 2792; baseline 0.004 -19"><span class='ocrx_word' id='word_1_197' title='bbox 477 2721 705 2787; x_wconf 71' lang='grc' dir='ltr'>κλησίᾳ</span> <span class='ocrx_word' id='word_1_198' title='bbox 724 2722 926 2774; x_wconf 78' lang='grc' dir='ltr'>ὁσίων.</span> <span class='ocrx_word' id='word_1_199' title='bbox 960 2721 1070 2774; x_wconf 73' lang='grc' dir='ltr'>Καὶ</span> <span class='ocrx_word' id='word_1_200' title='bbox 1096 2723 1279 2792; x_wconf 74' lang='grc' dir='ltr'>ἔτερόν</span> <span class='ocrx_word' id='word_1_201' title='bbox 1307 2740 1357 2775; x_wconf 90' lang='grc' dir='ltr'>τι</span> <span class='ocrx_word' id='word_1_202' title='bbox 1385 2722 1617 2776; x_wconf 74' lang='grc' dir='ltr'>ἐνταῦθα</span> <span class='ocrx_word' id='word_1_203' title='bbox 1644 2724 1905 2779; x_wconf 82' lang='grc' dir='ltr'>παιδεύει.</span> <span class='ocrx_word' id='word_1_204' title='bbox 1940 2728 2057 2779; x_wconf 87' lang='grc' dir='ltr'>Δεί-</span> 
     </span>
    </p>
   </div>
   <div class='ocr_carea' id='block_1_28' title="bbox 480 2802 2056 2879">
    <p class='ocr_par' dir='ltr' id='par_1_28' title="bbox 480 2802 2056 2879">
     <span class='ocr_line' id='line_1_28' title="bbox 480 2802 2056 2879; baseline 0.004 -24"><span class='ocrx_word' id='word_1_205' title='bbox 480 2820 637 2855; x_wconf 87' lang='grc' dir='ltr'>κνυσι</span> <span class='ocrx_word' id='word_1_206' title='bbox 673 2802 801 2873; x_wconf 89' lang='grc' dir='ltr'>γὰρ,</span> <span class='ocrx_word' id='word_1_207' title='bbox 828 2805 909 2856; x_wconf 85' lang='grc' dir='ltr'>ὅτι</span> <span class='ocrx_word' id='word_1_208' title='bbox 934 2803 1069 2872; x_wconf 87' lang='grc' dir='ltr'>ὁμοῦ</span> <span class='ocrx_word' id='word_1_209' title='bbox 1095 2806 1185 2857; x_wconf 76' lang='grc' dir='ltr'>καὶ</span> <span class='ocrx_word' id='word_1_210' title='bbox 1213 2806 1351 2874; x_wconf 83' lang='grc' dir='ltr'>μετά</span> <span class='ocrx_word' id='word_1_211' title='bbox 1386 2807 1706 2875; x_wconf 81' lang='grc' dir='ltr'>συμφωνίας</span> <span class='ocrx_word' id='word_1_212' title='bbox 1728 2808 1946 2879; x_wconf 84' lang='grc' dir='ltr'>ἁπάσης</span> <span class='ocrx_word' id='word_1_213' title='bbox 1974 2810 2056 2863; x_wconf 85' lang='grc' dir='ltr'>δεῖ</span> 
     </span>
    </p>
   </div>
   <div class='ocr_carea' id='block_1_29' title="bbox 476 2884 2056 2962">
    <p class='ocr_par' dir='ltr' id='par_1_29' title="bbox 476 2884 2056 2962">
     <span class='ocr_line' id='line_1_29' title="bbox 476 2884 2056 2962; baseline 0.005 -25"><span class='ocrx_word' id='word_1_214' title='bbox 476 2886 576 2947; x_wconf 77' lang='grc' dir='ltr'>τὰς</span> <span class='ocrx_word' id='word_1_215' title='bbox 602 2884 876 2954; x_wconf 77' lang='grc' dir='ltr'>εὐφημίας</span> <span class='ocrx_word' id='word_1_216' title='bbox 909 2886 1220 2956; x_wconf 73' lang='grc' dir='ltr'>ἀναφέρειν.</span> <span class='ocrx_word' id='word_1_217' title='bbox 1260 2887 1553 2959; x_wconf 81' lang='grc' dir='ltr'>Ἐκκλησία</span> <span class='ocrx_word' id='word_1_218' title='bbox 1577 2891 1684 2960; x_wconf 84' lang='grc' dir='ltr'>γὰρ</span> <span class='ocrx_word' id='word_1_219' title='bbox 1711 2892 2056 2962; x_wconf 80' lang='grc' dir='ltr'>συστήματος</span> 
     </span>
    </p>
   </div>
   <div class='ocr_carea' id='block_1_30' title="bbox 478 2967 2055 3042">
    <p class='ocr_par' dir='ltr' id='par_1_30' title="bbox 478 2967 2055 3042">
     <span class='ocr_line' id='line_1_30' title="bbox 478 2967 2055 3042; baseline 0.006 -24"><span class='ocrx_word' id='word_1_220' title='bbox 478 2970 571 3019; x_wconf 76' lang='grc' dir='ltr'>καὶ</span> <span class='ocrx_word' id='word_1_221' title='bbox 610 2967 829 3020; x_wconf 79' lang='grc' dir='ltr'>συνόδου</span> <span class='ocrx_word' id='word_1_222' title='bbox 850 2969 998 3020; x_wconf 77' lang='grc' dir='ltr'>ἐστὶν</span> <span class='ocrx_word' id='word_1_223' title='bbox 1027 2968 1217 3039; x_wconf 78' lang='grc' dir='ltr'>ὄνομα.</span> <span class='ocrx_word' id='word_1_224' title='bbox 1253 2971 1657 3039; x_wconf 67' lang='grc' dir='ltr'>Εὐφρανθήτω</span> <span class='ocrx_word' id='word_1_225' title='bbox 1690 2972 1929 3042; x_wconf 80' lang='grc' dir='ltr'>Ἰσραὴλ</span> <span class='ocrx_word' id='word_1_226' title='bbox 1956 2974 2055 3027; x_wconf 78' lang='grc' dir='ltr'>ἐπὶ</span> 
     </span>
    </p>
   </div>
   <div class='ocr_carea' id='block_1_31' title="bbox 475 3047 2057 3126">
    <p class='ocr_par' dir='ltr' id='par_1_31' title="bbox 475 3047 2057 3126">
     <span class='ocr_line' id='line_1_31' title="bbox 475 3047 2057 3126; baseline 0.004 -25"><span class='ocrx_word' id='word_1_227' title='bbox 475 3047 556 3112; x_wconf 85' lang='grc' dir='ltr'>τῷ</span> <span class='ocrx_word' id='word_1_228' title='bbox 581 3050 898 3117; x_wconf 78' lang='grc' dir='ltr'>ποιήσαντι</span> <span class='ocrx_word' id='word_1_229' title='bbox 926 3052 1131 3106; x_wconf 85' lang='grc' dir='ltr'>αὐτόν.</span> <span class='ocrx_word' id='word_1_230' title='bbox 1154 3052 1264 3124; x_wconf 85' lang='grc' dir='ltr'>Πρὸ</span> <span class='ocrx_word' id='word_1_231' title='bbox 1291 3054 1398 3105; x_wconf 88' lang='grc' dir='ltr'>τῶν</span> <span class='ocrx_word' id='word_1_232' title='bbox 1430 3055 1610 3107; x_wconf 82' lang='grc' dir='ltr'>ίδικῶν</span> <span class='ocrx_word' id='word_1_233' title='bbox 1629 3056 1954 3126; x_wconf 80' lang='grc' dir='ltr'>εὐεργεσιῶν</span> <span class='ocrx_word' id='word_1_234' title='bbox 1978 3058 2057 3109; x_wconf 88' lang='grc' dir='ltr'>τί-</span> 
     </span>
    </p>
   </div>
   <div class='ocr_carea' id='block_1_32' title="bbox 478 3131 2052 3210">
    <p class='ocr_par' dir='ltr' id='par_1_32' title="bbox 478 3131 2052 3210">
     <span class='ocr_line' id='line_1_32' title="bbox 478 3131 2052 3210; baseline 0.006 -28"><span class='ocrx_word' id='word_1_235' title='bbox 478 3132 603 3201; x_wconf 85' lang='grc' dir='ltr'>θησι</span> <span class='ocrx_word' id='word_1_236' title='bbox 629 3131 724 3202; x_wconf 81' lang='grc' dir='ltr'>τὴν</span> <span class='ocrx_word' id='word_1_237' title='bbox 752 3132 1063 3204; x_wconf 78' lang='grc' dir='ltr'>καθολικὴν,</span> <span class='ocrx_word' id='word_1_238' title='bbox 1094 3136 1374 3205; x_wconf 81' lang='grc' dir='ltr'>μονονουχὶ</span> <span class='ocrx_word' id='word_1_239' title='bbox 1400 3137 1578 3201; x_wconf 88' lang='grc' dir='ltr'>τοῦτο,</span> <span class='ocrx_word' id='word_1_240' title='bbox 1602 3137 1668 3190; x_wconf 83' lang='grc' dir='ltr'>δι’</span> <span class='ocrx_word' id='word_1_241' title='bbox 1688 3131 1763 3191; x_wconf 86' lang='grc' dir='ltr'>ὧν</span> <span class='ocrx_word' id='word_1_242' title='bbox 1783 3141 2052 3210; x_wconf 80' lang='grc' dir='ltr'>ἐπήγαγε,</span> 
     </span>
    </p>
   </div>
   <div class='ocr_carea' id='block_1_33' title="bbox 478 3215 2055 3291">
    <p class='ocr_par' dir='ltr' id='par_1_33' title="bbox 478 3215 2055 3291">
     <span class='ocr_line' id='line_1_33' title="bbox 478 3215 2055 3291; baseline 0.006 -25"><span class='ocrx_word' id='word_1_243' title='bbox 478 3215 757 3285; x_wconf 83' lang='grc' dir='ltr'>παραινῶν</span> <span class='ocrx_word' id='word_1_244' title='bbox 785 3220 878 3273; x_wconf 66' lang='grc' dir='ltr'>καὶ</span> <span class='ocrx_word' id='word_1_245' title='bbox 903 3216 1093 3285; x_wconf 83' lang='grc' dir='ltr'>λέγων·</span> <span class='ocrx_word' id='word_1_246' title='bbox 1116 3219 1438 3290; x_wconf 85' lang='grc' dir='ltr'>Εὐχαρίστει</span> <span class='ocrx_word' id='word_1_247' title='bbox 1461 3220 1537 3291; x_wconf 84' lang='grc' dir='ltr'>τῷ</span> <span class='ocrx_word' id='word_1_248' title='bbox 1555 3220 1691 3291; x_wconf 83' lang='grc' dir='ltr'>Θεῷ,</span> <span class='ocrx_word' id='word_1_249' title='bbox 1709 3223 1790 3274; x_wconf 84' lang='grc' dir='ltr'>ὅτι</span> <span class='ocrx_word' id='word_1_250' title='bbox 1810 3223 1908 3275; x_wconf 92' lang='grc' dir='ltr'>οὐκ</span> <span class='ocrx_word' id='word_1_251' title='bbox 1928 3223 2055 3276; x_wconf 79' lang='grc' dir='ltr'>ὄντα</span> 
     </span>
    </p>
   </div>
   <div class='ocr_carea' id='block_1_34' title="bbox 479 3299 2054 3376">
    <p class='ocr_par' dir='ltr' id='par_1_34' title="bbox 479 3299 2054 3376">
     <span class='ocr_line' id='line_1_34' title="bbox 479 3299 2054 3376; baseline 0.006 -27"><span class='ocrx_word' id='word_1_252' title='bbox 479 3314 537 3349; x_wconf 87' lang='grc' dir='ltr'>σε</span> <span class='ocrx_word' id='word_1_253' title='bbox 572 3299 879 3368; x_wconf 82' lang='grc' dir='ltr'>παρήγαγε,</span> <span class='ocrx_word' id='word_1_254' title='bbox 916 3301 1010 3352; x_wconf 71' lang='grc' dir='ltr'>καὶ</span> <span class='ocrx_word' id='word_1_255' title='bbox 1042 3300 1214 3371; x_wconf 72' lang='grc' dir='ltr'>ψυχὴν</span> <span class='ocrx_word' id='word_1_256' title='bbox 1249 3303 1586 3356; x_wconf 81' lang='grc' dir='ltr'>ἐνέπνευσεν.</span> <span class='ocrx_word' id='word_1_257' title='bbox 1613 3306 1686 3356; x_wconf 88' lang='grc' dir='ltr'>Οὐ</span> <span class='ocrx_word' id='word_1_258' title='bbox 1721 3306 1916 3376; x_wconf 67' lang='grc' dir='ltr'>μικρὸν</span> <span class='ocrx_word' id='word_1_259' title='bbox 1947 3306 2054 3376; x_wconf 83' lang='grc' dir='ltr'>γὰρ</span> 
     </span>
    </p>
   </div>
   <div class='ocr_carea' id='block_1_35' title="bbox 477 3380 2052 3454">
    <p class='ocr_par' dir='ltr' id='par_1_35' title="bbox 477 3380 2052 3454">
     <span class='ocr_line' id='line_1_35' title="bbox 477 3380 2052 3454; baseline 0.005 -21"><span class='ocrx_word' id='word_1_260' title='bbox 477 3380 745 3433; x_wconf 73' lang='grc' dir='ltr'>καὶτοῦτο</span> <span class='ocrx_word' id='word_1_261' title='bbox 773 3383 1085 3452; x_wconf 71' lang='grc' dir='ltr'>εὐεργεσίας</span> <span class='ocrx_word' id='word_1_262' title='bbox 1113 3385 1296 3454; x_wconf 83' lang='grc' dir='ltr'>μέρος.</span> <span class='ocrx_word' id='word_1_263' title='bbox 1328 3385 1591 3439; x_wconf 82' lang='grc' dir='ltr'>Ἐνταῦθα</span> <span class='ocrx_word' id='word_1_264' title='bbox 1619 3387 1676 3440; x_wconf 84' lang='grc' dir='ltr'>δὲ</span> <span class='ocrx_word' id='word_1_265' title='bbox 1705 3391 1799 3441; x_wconf 77' lang='grc' dir='ltr'>καὶ</span> <span class='ocrx_word' id='word_1_266' title='bbox 1823 3388 1981 3440; x_wconf 84' lang='grc' dir='ltr'>πλέον</span> <span class='ocrx_word' id='word_1_267' title='bbox 2003 3407 2052 3441; x_wconf 91' lang='grc' dir='ltr'>τι</span> 
     </span>
    </p>
   </div>
   <div class='ocr_carea' id='block_1_36' title="bbox 476 3465 2053 3543">
    <p class='ocr_par' dir='ltr' id='par_1_36' title="bbox 476 3465 2053 3543">
     <span class='ocr_line' id='line_1_36' title="bbox 476 3465 2053 3543; baseline 0.006 -27"><span class='ocrx_word' id='word_1_268' title='bbox 476 3465 766 3517; x_wconf 82' lang='grc' dir='ltr'>δείκνυσιν.</span> <span class='ocrx_word' id='word_1_269' title='bbox 809 3468 881 3518; x_wconf 88' lang='grc' dir='ltr'>Οὐ</span> <span class='ocrx_word' id='word_1_270' title='bbox 918 3467 1024 3536; x_wconf 80' lang='grc' dir='ltr'>γὰρ</span> <span class='ocrx_word' id='word_1_271' title='bbox 1050 3468 1233 3532; x_wconf 86' lang='grc' dir='ltr'>ἀπλῶς</span> <span class='ocrx_word' id='word_1_272' title='bbox 1259 3469 1356 3540; x_wconf 82' lang='grc' dir='ltr'>τὴν</span> <span class='ocrx_word' id='word_1_273' title='bbox 1377 3470 1757 3541; x_wconf 79' lang='grc' dir='ltr'>δημιουργίαν,</span> <span class='ocrx_word' id='word_1_274' title='bbox 1792 3473 1927 3525; x_wconf 75' lang='grc' dir='ltr'>ἀλλὰ</span> <span class='ocrx_word' id='word_1_275' title='bbox 1955 3472 2053 3543; x_wconf 78' lang='grc' dir='ltr'>τήν</span> 
     </span>
    </p>
   </div>
   <div class='ocr_carea' id='block_1_37' title="bbox 477 3549 2050 3626">
    <p class='ocr_par' dir='ltr' id='par_1_37' title="bbox 477 3549 2050 3626">
     <span class='ocr_line' id='line_1_37' title="bbox 477 3549 2050 3626; baseline 0.007 -28"><span class='ocrx_word' id='word_1_276' title='bbox 477 3549 784 3617; x_wconf 85' lang='grc' dir='ltr'>οἰκειότητα</span> <span class='ocrx_word' id='word_1_277' title='bbox 805 3550 1057 3619; x_wconf 83' lang='grc' dir='ltr'>ἐμφαίνει</span> <span class='ocrx_word' id='word_1_278' title='bbox 1076 3550 1153 3621; x_wconf 86' lang='grc' dir='ltr'>τῷ</span> <span class='ocrx_word' id='word_1_279' title='bbox 1175 3551 1347 3617; x_wconf 80' lang='grc' dir='ltr'>οὕτως</span> <span class='ocrx_word' id='word_1_280' title='bbox 1375 3558 1567 3607; x_wconf 83' lang='grc' dir='ltr'>εἰπεῖν·</span> <span class='ocrx_word' id='word_1_281' title='bbox 1603 3557 1695 3608; x_wconf 72' lang='grc' dir='ltr'>καὶ</span> <span class='ocrx_word' id='word_1_282' title='bbox 1714 3557 2050 3626; x_wconf 86' lang='grc' dir='ltr'>εὐχαριστεῖν</span> 
     </span>
    </p>
   </div>
   <div class='ocr_carea' id='block_1_38' title="bbox 478 3631 2051 3706">
    <p class='ocr_par' dir='ltr' id='par_1_38' title="bbox 478 3631 2051 3706">
     <span class='ocr_line' id='line_1_38' title="bbox 478 3631 2051 3706; baseline 0.008 -24"><span class='ocrx_word' id='word_1_283' title='bbox 478 3631 930 3700; x_wconf 80' lang='grc' dir='ltr'>παρακελεύεται,</span> <span class='ocrx_word' id='word_1_284' title='bbox 959 3634 1057 3703; x_wconf 86' lang='grc' dir='ltr'>οὐχ</span> <span class='ocrx_word' id='word_1_285' title='bbox 1082 3635 1163 3687; x_wconf 83' lang='grc' dir='ltr'>ὅτι</span> <span class='ocrx_word' id='word_1_286' title='bbox 1204 3637 1458 3706; x_wconf 70' lang='grc' dir='ltr'>ἐποίησεν</span> <span class='ocrx_word' id='word_1_287' title='bbox 1491 3639 1673 3701; x_wconf 82' lang='grc' dir='ltr'>αὐτὸν,</span> <span class='ocrx_word' id='word_1_288' title='bbox 1703 3639 1817 3692; x_wconf 87' lang='grc' dir='ltr'>ἀλλ’</span> <span class='ocrx_word' id='word_1_289' title='bbox 1850 3642 1932 3693; x_wconf 83' lang='grc' dir='ltr'>ὅτι</span> <span class='ocrx_word' id='word_1_290' title='bbox 1958 3642 2051 3694; x_wconf 78' lang='grc' dir='ltr'>καὶ</span> 
     </span>
    </p>
   </div>
   <div class='ocr_carea' id='block_1_39' title="bbox 476 3715 2050 3792">
    <p class='ocr_par' dir='ltr' id='par_1_39' title="bbox 476 3715 2050 3792">
     <span class='ocr_line' id='line_1_39' title="bbox 476 3715 2050 3792; baseline 0.008 -28"><span class='ocrx_word' id='word_1_291' title='bbox 476 3716 671 3767; x_wconf 81' lang='grc' dir='ltr'>οἰκεῖον</span> <span class='ocrx_word' id='word_1_292' title='bbox 700 3715 844 3769; x_wconf 83' lang='grc' dir='ltr'>λαόν.</span> <span class='ocrx_word' id='word_1_293' title='bbox 879 3718 1040 3788; x_wconf 76' lang='grc' dir='ltr'>Ὁρᾷς</span> <span class='ocrx_word' id='word_1_294' title='bbox 1073 3719 1187 3781; x_wconf 75' lang='grc' dir='ltr'>πῶς</span> <span class='ocrx_word' id='word_1_295' title='bbox 1210 3721 1343 3773; x_wconf 67' lang='grc' dir='ltr'>ἑνῶν</span> <span class='ocrx_word' id='word_1_296' title='bbox 1371 3723 1529 3773; x_wconf 77' lang='grc' dir='ltr'>αὐτὸν</span> <span class='ocrx_word' id='word_1_297' title='bbox 1555 3723 1631 3792; x_wconf 84' lang='grc' dir='ltr'>τῷ</span> <span class='ocrx_word' id='word_1_298' title='bbox 1661 3724 1779 3792; x_wconf 82' lang='grc' dir='ltr'>Θεῷ</span> <span class='ocrx_word' id='word_1_299' title='bbox 1802 3725 1893 3778; x_wconf 77' lang='grc' dir='ltr'>καὶ</span> <span class='ocrx_word' id='word_1_300' title='bbox 1926 3742 2050 3777; x_wconf 88' lang='grc' dir='ltr'>συν-</span> 
     </span>
    </p>
   </div>
   <div class='ocr_carea' id='block_1_40' title="bbox 477 3798 2052 3877">
    <p class='ocr_par' dir='ltr' id='par_1_40' title="bbox 477 3798 2052 3877">
     <span class='ocr_line' id='line_1_40' title="bbox 477 3798 2052 3877; baseline 0.008 -29"><span class='ocrx_word' id='word_1_301' title='bbox 477 3798 663 3850; x_wconf 89' lang='grc' dir='ltr'>άπτων</span> <span class='ocrx_word' id='word_1_302' title='bbox 700 3800 797 3868; x_wconf 79' lang='grc' dir='ltr'>οὐχ</span> <span class='ocrx_word' id='word_1_303' title='bbox 840 3801 1024 3863; x_wconf 86' lang='grc' dir='ltr'>ἁπλῶς</span> <span class='ocrx_word' id='word_1_304' title='bbox 1063 3802 1401 3871; x_wconf 79' lang='grc' dir='ltr'>εὐχαριστεῖν</span> <span class='ocrx_word' id='word_1_305' title='bbox 1438 3806 1702 3873; x_wconf 76' lang='grc' dir='ltr'>βούλεται,</span> <span class='ocrx_word' id='word_1_306' title='bbox 1746 3807 1879 3859; x_wconf 76' lang='grc' dir='ltr'>ἀλλὰ</span> <span class='ocrx_word' id='word_1_307' title='bbox 1916 3808 2052 3877; x_wconf 86' lang='grc' dir='ltr'>μετά</span> 
     </span>
    </p>
   </div>
   <div class='ocr_carea' id='block_1_41' title="bbox 477 3880 2049 3961">
    <p class='ocr_par' dir='ltr' id='par_1_41' title="bbox 477 3880 2049 3961">
     <span class='ocr_line' id='line_1_41' title="bbox 477 3880 2049 3961; baseline 0.007 -30"><span class='ocrx_word' id='word_1_308' title='bbox 477 3880 689 3951; x_wconf 77' lang='grc' dir='ltr'>ἡδονῆς,</span> <span class='ocrx_word' id='word_1_309' title='bbox 734 3884 869 3952; x_wconf 80' lang='grc' dir='ltr'>μετὰ</span> <span class='ocrx_word' id='word_1_310' title='bbox 903 3884 1260 3955; x_wconf 71' lang='grc' dir='ltr'>εὐφροσύνης,</span> <span class='ocrx_word' id='word_1_311' title='bbox 1291 3888 1381 3938; x_wconf 79' lang='grc' dir='ltr'>καὶ</span> <span class='ocrx_word' id='word_1_312' title='bbox 1413 3887 1924 3958; x_wconf 78' lang='grc' dir='ltr'>διαθερμαινόμενον</span> <span class='ocrx_word' id='word_1_313' title='bbox 1952 3890 2049 3961; x_wconf 87' lang='grc' dir='ltr'>τὴν</span> 
     </span>
    </p>
   </div>
   <div class='ocr_carea' id='block_1_42' title="bbox 476 3962 2047 4040">
    <p class='ocr_par' dir='ltr' id='par_1_42' title="bbox 476 3962 2047 4040">
     <span class='ocr_line' id='line_1_42' title="bbox 476 3962 2047 4040; baseline 0.007 -26"><span class='ocrx_word' id='word_1_314' title='bbox 476 3962 745 4024; x_wconf 74' lang='grc' dir='ltr'>διάνοιανς</span> <span class='ocrx_word' id='word_1_315' title='bbox 780 3966 961 4018; x_wconf 87' lang='grc' dir='ltr'>Ταῦτα</span> <span class='ocrx_word' id='word_1_316' title='bbox 996 3967 1101 4037; x_wconf 70' lang='grc' dir='ltr'>γὰρ</span> <span class='ocrx_word' id='word_1_317' title='bbox 1133 3970 1307 4020; x_wconf 78' lang='grc' dir='ltr'>πάντα</span> <span class='ocrx_word' id='word_1_318' title='bbox 1349 3969 1438 4022; x_wconf 74' lang='grc' dir='ltr'>διὰ</span> <span class='ocrx_word' id='word_1_319' title='bbox 1470 3969 1583 4035; x_wconf 84' lang='grc' dir='ltr'>τοῦ,</span> <span class='ocrx_word' id='word_1_320' title='bbox 1623 3972 2047 4040; x_wconf 59' lang='grc' dir='ltr'>Εὐφρανθήτω,</span> 
     </span>
    </p>
   </div>
   <div class='ocr_carea' id='block_1_43' title="bbox 475 4046 2048 4125">
    <p class='ocr_par' dir='ltr' id='par_1_43' title="bbox 475 4046 2048 4125">
     <span class='ocr_line' id='line_1_43' title="bbox 475 4046 2048 4125; baseline 0.009 -30"><span class='ocrx_word' id='word_1_321' title='bbox 475 4046 708 4115; x_wconf 75' lang='grc' dir='ltr'>ᾐνίξατο,</span> <span class='ocrx_word' id='word_1_322' title='bbox 733 4047 842 4117; x_wconf 81' lang='grc' dir='ltr'>Τὴν</span> <span class='ocrx_word' id='word_1_323' title='bbox 867 4048 1102 4103; x_wconf 75' lang='grc' dir='ltr'>διάθεσιν</span> <span class='ocrx_word' id='word_1_324' title='bbox 1126 4048 1217 4103; x_wconf 77' lang='grc' dir='ltr'>οὖν</span> <span class='ocrx_word' id='word_1_325' title='bbox 1238 4051 1390 4120; x_wconf 77' lang='grc' dir='ltr'>ζητεῖ</span> <span class='ocrx_word' id='word_1_326' title='bbox 1408 4059 1430 4087; x_wconf 75' lang='grc' dir='ltr'><strong>ο</strong></span> <span class='ocrx_word' id='word_1_327' title='bbox 1456 4053 1549 4105; x_wconf 85' lang='grc' dir='ltr'>τοῦ</span> <span class='ocrx_word' id='word_1_328' title='bbox 1582 4055 2048 4125; x_wconf 80' lang='grc' dir='ltr'>εὐχαριστοῦντος,</span> 
     </span>
    </p>
   </div>
   <div class='ocr_carea' id='block_1_44' title="bbox 476 4129 2047 4211">
    <p class='ocr_par' dir='ltr' id='par_1_44' title="bbox 476 4129 2047 4211">
     <span class='ocr_line' id='line_1_44' title="bbox 476 4129 2047 4211; baseline 0.006 -30"><span class='ocrx_word' id='word_1_329' title='bbox 476 4129 563 4182; x_wconf 80' lang='grc' dir='ltr'>ἵνα</span> <span class='ocrx_word' id='word_1_330' title='bbox 598 4132 881 4200; x_wconf 81' lang='grc' dir='ltr'>ἐκκαίηται</span> <span class='ocrx_word' id='word_1_331' title='bbox 922 4132 999 4202; x_wconf 83' lang='grc' dir='ltr'>τῷ</span> <span class='ocrx_word' id='word_1_332' title='bbox 1032 4134 1199 4205; x_wconf 82' lang='grc' dir='ltr'>πόθῳ,</span> <span class='ocrx_word' id='word_1_333' title='bbox 1235 4135 1320 4188; x_wconf 80' lang='grc' dir='ltr'>ἵνα</span> <span class='ocrx_word' id='word_1_334' title='bbox 1350 4136 1678 4208; x_wconf 87' lang='grc' dir='ltr'>διεγείρηται</span> <span class='ocrx_word' id='word_1_335' title='bbox 1706 4138 1783 4209; x_wconf 86' lang='grc' dir='ltr'>τῷ</span> <span class='ocrx_word' id='word_1_336' title='bbox 1821 4139 2047 4211; x_wconf 81' lang='grc' dir='ltr'>φίλτρῳ,</span> 
     </span>
    </p>
   </div>
   <div class='ocr_carea' id='block_1_45' title="bbox 478 4212 2049 4295">
    <p class='ocr_par' dir='ltr' id='par_1_45' title="bbox 478 4212 2049 4295">
     <span class='ocr_line' id='line_1_45' title="bbox 478 4212 2049 4295; baseline 0.008 -31"><span class='ocrx_word' id='word_1_337' title='bbox 478 4212 561 4265; x_wconf 83' lang='grc' dir='ltr'>ἵνα</span> <span class='ocrx_word' id='word_1_338' title='bbox 589 4214 705 4276; x_wconf 82' lang='grc' dir='ltr'>ὅλος</span> <span class='ocrx_word' id='word_1_339' title='bbox 737 4216 1032 4285; x_wconf 76' lang='grc' dir='ltr'>ἀνακέηται</span> <span class='ocrx_word' id='word_1_340' title='bbox 1062 4216 1137 4287; x_wconf 85' lang='grc' dir='ltr'>τῷ</span> <span class='ocrx_word' id='word_1_341' title='bbox 1165 4219 1484 4290; x_wconf 83' lang='grc' dir='ltr'>ὐμνουμὲνῳ</span> <span class='ocrx_word' id='word_1_342' title='bbox 1516 4220 1652 4291; x_wconf 85' lang='grc' dir='ltr'>Θεῷ·</span> <span class='ocrx_word' id='word_1_343' title='bbox 1677 4222 1926 4295; x_wconf 85' lang='grc' dir='ltr'>καθάπερ</span> <span class='ocrx_word' id='word_1_344' title='bbox 1956 4227 2049 4278; x_wconf 81' lang='grc' dir='ltr'>καὶ</span> 
     </span>
    </p>
   </div>
   <div class='ocr_carea' id='block_1_46' title="bbox 474 4296 2057 4370">
    <p class='ocr_par' dir='ltr' id='par_1_46' title="bbox 474 4296 2057 4370">
     <span class='ocr_line' id='line_1_46' title="bbox 474 4296 2057 4370; baseline 0.007 -20"><span class='ocrx_word' id='word_1_345' title='bbox 474 4296 706 4366; x_wconf 82' lang='grc' dir='ltr'>ἀλλαχοῦ</span> <span class='ocrx_word' id='word_1_346' title='bbox 733 4297 793 4349; x_wconf 84' lang='grc' dir='ltr'>τὸ</span> <span class='ocrx_word' id='word_1_347' title='bbox 822 4298 953 4350; x_wconf 80' lang='grc' dir='ltr'>αὐτὸ</span> <span class='ocrx_word' id='word_1_348' title='bbox 978 4299 1151 4368; x_wconf 88' lang='grc' dir='ltr'>δηλῶν</span> <span class='ocrx_word' id='word_1_349' title='bbox 1180 4301 1383 4370; x_wconf 72' lang='grc' dir='ltr'>ἔλεγεν,</span> <span class='ocrx_word' id='word_1_350' title='bbox 1414 4305 1514 4355; x_wconf 85' lang='grc' dir='ltr'>Ὃν</span> <span class='ocrx_word' id='word_1_351' title='bbox 1533 4305 1752 4370; x_wconf 78' lang='grc' dir='ltr'>τρόπον</span> <span class='ocrx_word' id='word_1_352' title='bbox 1780 4306 2057 4361; x_wconf 76' lang='grc' dir='ltr'>ἐπιποθεῖ</span> 
     </span>
    </p>
   </div>
   <div class='ocr_carea' id='block_1_47' title="bbox 472 4381 2049 4456">
    <p class='ocr_par' dir='ltr' id='par_1_47' title="bbox 472 4381 2049 4456">
     <span class='ocr_line' id='line_1_47' title="bbox 472 4381 2049 4456; baseline 0.008 -23"><span class='ocrx_word' id='word_1_353' title='bbox 472 4382 511 4447; x_wconf 67' lang='grc' dir='ltr'><strong><em>ἡ</em></strong></span> <span class='ocrx_word' id='word_1_354' title='bbox 542 4381 767 4448; x_wconf 63' lang='grc' dir='ltr'>ἔλαφος</span> <span class='ocrx_word' id='word_1_355' title='bbox 801 4381 898 4433; x_wconf 80' lang='grc' dir='ltr'>ἐπὶ</span> <span class='ocrx_word' id='word_1_356' title='bbox 933 4381 1038 4446; x_wconf 85' lang='grc' dir='ltr'>τὰς</span> <span class='ocrx_word' id='word_1_357' title='bbox 1076 4383 1270 4450; x_wconf 75' lang='grc' dir='ltr'>πηγὰς</span> <span class='ocrx_word' id='word_1_358' title='bbox 1295 4384 1413 4437; x_wconf 86' lang='grc' dir='ltr'>τῶν</span> <span class='ocrx_word' id='word_1_359' title='bbox 1435 4385 1687 4455; x_wconf 79' lang='grc' dir='ltr'>ὑδάτων,</span> <span class='ocrx_word' id='word_1_360' title='bbox 1720 4388 1906 4456; x_wconf 82' lang='grc' dir='ltr'>οὕτως</span> <span class='ocrx_word' id='word_1_361' title='bbox 1928 4392 2049 4446; x_wconf 84' lang='grc' dir='ltr'>ἐπι-</span> 
     </span>
    </p>
   </div>
   <div class='ocr_carea' id='block_1_48' title="bbox 473 4463 2044 4541">
    <p class='ocr_par' dir='ltr' id='par_1_48' title="bbox 473 4463 2044 4541">
     <span class='ocr_line' id='line_1_48' title="bbox 473 4463 2044 4541; baseline 0.009 -26"><span class='ocrx_word' id='word_1_362' title='bbox 473 4463 646 4517; x_wconf 79' lang='grc' dir='ltr'>ποθεῖ</span> <span class='ocrx_word' id='word_1_363' title='bbox 693 4465 727 4531; x_wconf 72' lang='grc' dir='ltr'><em>ὴ</em></span> <span class='ocrx_word' id='word_1_364' title='bbox 772 4464 942 4532; x_wconf 75' lang='grc' dir='ltr'>ψυχή</span> <span class='ocrx_word' id='word_1_365' title='bbox 976 4484 1093 4535; x_wconf 87' lang='grc' dir='ltr'>μου</span> <span class='ocrx_word' id='word_1_366' title='bbox 1142 4468 1292 4534; x_wconf 82' lang='grc' dir='ltr'>πρὸς</span> <span class='ocrx_word' id='word_1_367' title='bbox 1325 4468 1417 4533; x_wconf 85' lang='grc' dir='ltr'>σὲ,</span> <span class='ocrx_word' id='word_1_368' title='bbox 1459 4473 1491 4523; x_wconf 75' lang='grc' dir='ltr'><em>ὁ</em></span> <span class='ocrx_word' id='word_1_369' title='bbox 1520 4473 1680 4537; x_wconf 85' lang='grc' dir='ltr'>Θεός.</span> <span class='ocrx_word' id='word_1_370' title='bbox 1723 4474 1832 4527; x_wconf 77' lang='grc' dir='ltr'>Καὶ</span> <span class='ocrx_word' id='word_1_371' title='bbox 1863 4475 2044 4541; x_wconf 85' lang='grc' dir='ltr'>πάλιν,</span> 
     </span>
    </p>
   </div>
   <div class='ocr_carea' id='block_1_49' title="bbox 485 4548 2047 4627">
    <p class='ocr_par' dir='ltr' id='par_1_49' title="bbox 485 4548 2047 4627">
     <span class='ocr_line' id='line_1_49' title="bbox 485 4548 2047 4627; baseline 0.01 -28"><span class='ocrx_word' id='word_1_372' title='bbox 485 4548 814 4616; x_wconf 72' lang='grc' dir='ltr'>Ἐδίψησεν</span> <span class='ocrx_word' id='word_1_373' title='bbox 844 4551 882 4617; x_wconf 77' lang='grc' dir='ltr'><strong><em>ἡ</em></strong></span> <span class='ocrx_word' id='word_1_374' title='bbox 908 4548 1078 4617; x_wconf 65' lang='grc' dir='ltr'>ψυχή</span> <span class='ocrx_word' id='word_1_375' title='bbox 1104 4568 1223 4618; x_wconf 82' lang='grc' dir='ltr'>μου</span> <span class='ocrx_word' id='word_1_376' title='bbox 1250 4552 1399 4621; x_wconf 77' lang='grc' dir='ltr'>πρὸς</span> <span class='ocrx_word' id='word_1_377' title='bbox 1425 4553 1532 4607; x_wconf 84' lang='grc' dir='ltr'>τὸν</span> <span class='ocrx_word' id='word_1_378' title='bbox 1562 4556 1712 4609; x_wconf 84' lang='grc' dir='ltr'>Θεὸν</span> <span class='ocrx_word' id='word_1_379' title='bbox 1739 4558 1846 4610; x_wconf 76' lang='grc' dir='ltr'>τὸν</span> <span class='ocrx_word' id='word_1_380' title='bbox 1876 4560 2047 4627; x_wconf 85' lang='grc' dir='ltr'>ίσχυ-</span> 
     </span>
    </p>
   </div>
   <div class='ocr_carea' id='block_1_50' title="bbox 469 4629 2045 4711">
    <p class='ocr_par' dir='ltr' id='par_1_50' title="bbox 469 4629 2045 4711">
     <span class='ocr_line' id='line_1_50' title="bbox 469 4629 2045 4711; baseline 0.006 -30"><span class='ocrx_word' id='word_1_381' title='bbox 469 4630 598 4696; x_wconf 82' lang='grc' dir='ltr'>ρὸν.</span> <span class='ocrx_word' id='word_1_382' title='bbox 633 4631 739 4682; x_wconf 84' lang='grc' dir='ltr'>τὸν</span> <span class='ocrx_word' id='word_1_383' title='bbox 769 4629 968 4691; x_wconf 81' lang='grc' dir='ltr'>ζῶντα.</span> <span class='ocrx_word' id='word_1_384' title='bbox 998 4633 1105 4686; x_wconf 73' lang='grc' dir='ltr'>Καὶ</span> <span class='ocrx_word' id='word_1_385' title='bbox 1135 4634 1315 4699; x_wconf 88' lang='grc' dir='ltr'>πάλιν,</span> <span class='ocrx_word' id='word_1_386' title='bbox 1365 4636 1657 4705; x_wconf 76' lang='grc' dir='ltr'>Ἔδίψησέ</span> <span class='ocrx_word' id='word_1_387' title='bbox 1686 4656 1760 4693; x_wconf 90' lang='grc' dir='ltr'>σε</span> <span class='ocrx_word' id='word_1_388' title='bbox 1800 4640 1835 4708; x_wconf 80' lang='grc' dir='ltr'>ἡ</span> <span class='ocrx_word' id='word_1_389' title='bbox 1875 4642 2045 4711; x_wconf 68' lang='grc' dir='ltr'>ψυχή</span> 
     </span>
    </p>
   </div>
   <div class='ocr_carea' id='block_1_51' title="bbox 468 4714 2044 4793">
    <p class='ocr_par' dir='ltr' id='par_1_51' title="bbox 468 4714 2044 4793">
     <span class='ocr_line' id='line_1_51' title="bbox 468 4714 2044 4793; baseline 0.01 -29"><span class='ocrx_word' id='word_1_390' title='bbox 468 4730 606 4781; x_wconf 82' lang='grc' dir='ltr'>μου,</span> <span class='ocrx_word' id='word_1_391' title='bbox 629 4714 958 4780; x_wconf 79' lang='grc' dir='ltr'>ποσαπλῶς</span> <span class='ocrx_word' id='word_1_392' title='bbox 985 4731 1082 4769; x_wconf 89' lang='grc' dir='ltr'>σοι</span> <span class='ocrx_word' id='word_1_393' title='bbox 1114 4718 1151 4784; x_wconf 73' lang='grc' dir='ltr'>ἡ</span> <span class='ocrx_word' id='word_1_394' title='bbox 1175 4718 1332 4785; x_wconf 80' lang='grc' dir='ltr'>σάρξ</span> <span class='ocrx_word' id='word_1_395' title='bbox 1353 4738 1490 4788; x_wconf 84' lang='grc' dir='ltr'>μου,</span> <span class='ocrx_word' id='word_1_396' title='bbox 1509 4721 1579 4773; x_wconf 85' lang='grc' dir='ltr'>ἐν</span> <span class='ocrx_word' id='word_1_397' title='bbox 1602 4720 1680 4791; x_wconf 74' lang='grc' dir='ltr'>γῇ</span> <span class='ocrx_word' id='word_1_398' title='bbox 1705 4724 1921 4793; x_wconf 77' lang='grc' dir='ltr'>ἐρήμῳ,</span> <span class='ocrx_word' id='word_1_399' title='bbox 1944 4726 2044 4779; x_wconf 75' lang='grc' dir='ltr'>καὶ</span> 
     </span>
    </p>
   </div>
   <div class='ocr_carea' id='block_1_52' title="bbox 469 4794 2048 4878">
    <p class='ocr_par' dir='ltr' id='par_1_52' title="bbox 469 4794 2048 4878">
     <span class='ocr_line' id='line_1_52' title="bbox 469 4794 2048 4878; baseline 0.011 -32"><span class='ocrx_word' id='word_1_400' title='bbox 469 4794 683 4878; x_wconf 57' lang='grc' dir='ltr'>ἀξάτῳ,</span> <span class='ocrx_word' id='word_1_401' title='bbox 714 4798 814 4850; x_wconf 78' lang='grc' dir='ltr'>καὶ</span> <span class='ocrx_word' id='word_1_402' title='bbox 840 4800 1091 4868; x_wconf 77' lang='grc' dir='ltr'>ἀνύδρῳ·</span> <span class='ocrx_word' id='word_1_403' title='bbox 1116 4803 1251 4872; x_wconf 74' lang='grc' dir='ltr'>ὅπερ</span> <span class='ocrx_word' id='word_1_404' title='bbox 1274 4803 1454 4874; x_wconf 74' lang='grc' dir='ltr'>ἕτερος</span> <span class='ocrx_word' id='word_1_405' title='bbox 1474 4807 1830 4878; x_wconf 77' lang='grc' dir='ltr'>ἑρμηνευτὴς,</span> <span class='ocrx_word' id='word_1_406' title='bbox 1867 4811 1958 4876; x_wconf 87' lang='grc' dir='ltr'>Ὡς</span> <span class='ocrx_word' id='word_1_407' title='bbox 1977 4811 2048 4863; x_wconf 82' lang='grc' dir='ltr'>ἐν</span> 
     </span>
    </p>
   </div>
   <div class='ocr_carea' id='block_1_53' title="bbox 468 4877 2047 4964">
    <p class='ocr_par' dir='ltr' id='par_1_53' title="bbox 468 4877 2047 4964">
     <span class='ocr_line' id='line_1_53' title="bbox 468 4877 2047 4964; baseline 0.012 -35"><span class='ocrx_word' id='word_1_408' title='bbox 468 4877 546 4964; x_wconf 63' lang='grc' dir='ltr'>γῇ</span> <span class='ocrx_word' id='word_1_409' title='bbox 588 4878 813 4964; x_wconf 67' lang='grc' dir='ltr'>διψάδι,</span> <span class='ocrx_word' id='word_1_410' title='bbox 851 4878 991 4936; x_wconf 88' lang='grc' dir='ltr'>εἷπε.</span> <span class='ocrx_word' id='word_1_411' title='bbox 1040 4884 1366 4955; x_wconf 79' lang='grc' dir='ltr'>Βουλόμενος</span> <span class='ocrx_word' id='word_1_412' title='bbox 1398 4888 1507 4958; x_wconf 85' lang='grc' dir='ltr'>γὰρ</span> <span class='ocrx_word' id='word_1_413' title='bbox 1546 4889 1644 4960; x_wconf 86' lang='grc' dir='ltr'>τὴν</span> <span class='ocrx_word' id='word_1_414' title='bbox 1673 4877 1910 4946; x_wconf 86' lang='grc' dir='ltr'>διάθεσιν</span> <span class='ocrx_word' id='word_1_415' title='bbox 1945 4895 2047 4964; x_wconf 84' lang='grc' dir='ltr'>τῆς</span> 
     </span>
    </p>
   </div>
   <div class='ocr_carea' id='block_1_54' title="bbox 468 4961 2045 5049">
    <p class='ocr_par' dir='ltr' id='par_1_54' title="bbox 468 4961 2045 5049">
     <span class='ocr_line' id='line_1_54' title="bbox 468 4961 2045 5049; baseline 0.014 -38"><span class='ocrx_word' id='word_1_416' title='bbox 468 4961 659 5049; x_wconf 61' lang='grc' dir='ltr'>εαυτοῦ</span> <span class='ocrx_word' id='word_1_417' title='bbox 687 4966 1036 5049; x_wconf 73' lang='grc' dir='ltr'>παραστῆσαι</span> <span class='ocrx_word' id='word_1_418' title='bbox 1078 4967 1255 5038; x_wconf 73' lang='grc' dir='ltr'>ψυχῆς</span> <span class='ocrx_word' id='word_1_419' title='bbox 1291 4972 1383 5023; x_wconf 85' lang='grc' dir='ltr'>καὶ</span> <span class='ocrx_word' id='word_1_420' title='bbox 1423 4972 1515 5023; x_wconf 86' lang='grc' dir='ltr'>τὸν</span> <span class='ocrx_word' id='word_1_421' title='bbox 1548 4973 1732 5037; x_wconf 81' lang='grc' dir='ltr'>πόθον,</span> <span class='ocrx_word' id='word_1_422' title='bbox 1764 4979 1832 5047; x_wconf 84' lang='grc' dir='ltr'>γῇ</span> <span class='ocrx_word' id='word_1_423' title='bbox 1865 4961 2045 5049; x_wconf 73' lang='grc' dir='ltr'>παραο</span> 
     </span>
    </p>
   </div>
   <div class='ocr_carea' id='block_1_55' title="bbox 467 5045 2044 5133">
    <p class='ocr_par' dir='ltr' id='par_1_55' title="bbox 467 5045 2044 5133">
     <span class='ocr_line' id='line_1_55' title="bbox 467 5045 2044 5133; baseline 0.013 -36"><span class='ocrx_word' id='word_1_424' title='bbox 467 5045 657 5133; x_wconf 73' lang='grc' dir='ltr'>ϐάλλει</span> <span class='ocrx_word' id='word_1_425' title='bbox 682 5045 879 5133; x_wconf 65' lang='grc' dir='ltr'>διψάδι,</span> <span class='ocrx_word' id='word_1_426' title='bbox 919 5049 1101 5120; x_wconf 76' lang='grc' dir='ltr'>ἐλάφῳ</span> <span class='ocrx_word' id='word_1_427' title='bbox 1128 5052 1355 5125; x_wconf 70' lang='grc' dir='ltr'>διψώσῃ.</span> <span class='ocrx_word' id='word_1_428' title='bbox 1390 5055 1539 5128; x_wconf 74' lang='grc'>[499]</span> <span class='ocrx_word' id='word_1_429' title='bbox 1579 5060 1687 5112; x_wconf 81' lang='grc' dir='ltr'>Καὶ</span> <span class='ocrx_word' id='word_1_430' title='bbox 1727 5045 1830 5114; x_wconf 55' lang='grc' dir='ltr'>διά</span> <span class='ocrx_word' id='word_1_431' title='bbox 1868 5045 2044 5133; x_wconf 54' lang='lat' dir='ltr'>pm-</span> 
     </span>
    </p>
   </div>
   <div class='ocr_carea' id='block_1_56' title="bbox 468 5130 2041 5214">
    <p class='ocr_par' dir='ltr' id='par_1_56' title="bbox 468 5130 2041 5214">
     <span class='ocr_line' id='line_1_56' title="bbox 468 5130 2041 5214; baseline 0.011 -34"><span class='ocrx_word' id='word_1_432' title='bbox 468 5146 573 5181; x_wconf 84' lang='grc' dir='ltr'>των</span> <span class='ocrx_word' id='word_1_433' title='bbox 615 5130 670 5182; x_wconf 82' lang='grc' dir='ltr'>δὲ</span> <span class='ocrx_word' id='word_1_434' title='bbox 716 5132 875 5183; x_wconf 83' lang='grc' dir='ltr'>πάλιν</span> <span class='ocrx_word' id='word_1_435' title='bbox 919 5134 1010 5185; x_wconf 84' lang='grc' dir='ltr'>τὸν</span> <span class='ocrx_word' id='word_1_436' title='bbox 1051 5136 1211 5189; x_wconf 79' lang='grc' dir='ltr'>αὐτὸν</span> <span class='ocrx_word' id='word_1_437' title='bbox 1257 5139 1419 5192; x_wconf 86' lang='grc' dir='ltr'>πόθον</span> <span class='ocrx_word' id='word_1_438' title='bbox 1462 5142 1815 5207; x_wconf 79' lang='grc' dir='ltr'>ἐνδείκνυται,</span> <span class='ocrx_word' id='word_1_439' title='bbox 1848 5130 2041 5214; x_wconf 78' lang='grc' dir='ltr'>λέγων·</span> 
     </span>
    </p>
   </div>
   <div class='ocr_carea' id='block_1_57' title="bbox 470 5215 2043 5297">
    <p class='ocr_par' dir='ltr' id='par_1_57' title="bbox 470 5215 2043 5297">
     <span class='ocr_line' id='line_1_57' title="bbox 470 5215 2043 5297; baseline 0.014 -34"><span class='ocrx_word' id='word_1_440' title='bbox 470 5216 619 5297; x_wconf 50' lang='grc' dir='ltr'>Πότε</span> <span class='ocrx_word' id='word_1_441' title='bbox 645 5215 772 5281; x_wconf 78' lang='grc' dir='ltr'>ἥξω</span> <span class='ocrx_word' id='word_1_442' title='bbox 801 5216 899 5269; x_wconf 77' lang='grc' dir='ltr'>καὶ</span> <span class='ocrx_word' id='word_1_443' title='bbox 938 5218 1275 5288; x_wconf 68' lang='grc' dir='ltr'>ὀφθήσομαι</span> <span class='ocrx_word' id='word_1_444' title='bbox 1307 5221 1387 5287; x_wconf 89' lang='grc' dir='ltr'>τῷ</span> <span class='ocrx_word' id='word_1_445' title='bbox 1412 5224 1708 5293; x_wconf 78' lang='grc' dir='ltr'>προσώπῳ</span> <span class='ocrx_word' id='word_1_446' title='bbox 1731 5227 1837 5281; x_wconf 87' lang='grc' dir='ltr'>τοῦ</span> <span class='ocrx_word' id='word_1_447' title='bbox 1861 5232 2043 5297; x_wconf 78' lang='grc' dir='ltr'>Θεοῦ;</span> 
     </span>
    </p>
   </div>
   <div class='ocr_carea' id='block_1_58' title="bbox 469 5292 2039 5385">
    <p class='ocr_par' dir='ltr' id='par_1_58' title="bbox 469 5292 2039 5385">
     <span class='ocr_line' id='line_1_58' title="bbox 469 5292 2039 5385; baseline 0.013 -40"><span class='ocrx_word' id='word_1_448' title='bbox 469 5292 723 5349; x_wconf 80' lang='grc' dir='ltr'>Τοιαῦται</span> <span class='ocrx_word' id='word_1_449' title='bbox 778 5300 885 5367; x_wconf 82' lang='grc' dir='ltr'>γὰρ</span> <span class='ocrx_word' id='word_1_450' title='bbox 933 5303 988 5352; x_wconf 84' lang='grc' dir='ltr'>αί</span> <span class='ocrx_word' id='word_1_451' title='bbox 1035 5302 1141 5355; x_wconf 86' lang='grc' dir='ltr'>τῶν</span> <span class='ocrx_word' id='word_1_452' title='bbox 1191 5304 1357 5372; x_wconf 85' lang='grc' dir='ltr'>ἁγίων</span> <span class='ocrx_word' id='word_1_453' title='bbox 1402 5306 1590 5375; x_wconf 67' lang='grc' dir='ltr'>ψυχαὶ,</span> <span class='ocrx_word' id='word_1_454' title='bbox 1637 5307 1823 5382; x_wconf 77' lang='grc' dir='ltr'>ὥσπερ</span> <span class='ocrx_word' id='word_1_455' title='bbox 1870 5313 1964 5366; x_wconf 77' lang='grc' dir='ltr'>καὶ</span> 
     </span>
    </p>
   </div>
   <div class='ocr_carea' id='block_1_59' title="bbox 470 5378 2041 5462">
    <p class='ocr_par' dir='ltr' id='par_1_59' title="bbox 470 5378 2041 5462">
     <span class='ocr_line' id='line_1_59' title="bbox 470 5378 2041 5462; baseline 0.013 -32"><span class='ocrx_word' id='word_1_456' title='bbox 470 5378 680 5432; x_wconf 80' lang='grc' dir='ltr'>Παύλου</span> <span class='ocrx_word' id='word_1_457' title='bbox 717 5382 1045 5444; x_wconf 76' lang='grc' dir='ltr'>στενάζουσα</span> <span class='ocrx_word' id='word_1_458' title='bbox 1077 5386 1249 5438; x_wconf 80' lang='grc' dir='ltr'>ἐποίει</span> <span class='ocrx_word' id='word_1_459' title='bbox 1275 5391 1340 5457; x_wconf 80' lang='grc' dir='ltr'>τῇ</span> <span class='ocrx_word' id='word_1_460' title='bbox 1375 5389 1626 5460; x_wconf 82' lang='grc' dir='ltr'>μελλήσει</span> <span class='ocrx_word' id='word_1_461' title='bbox 1671 5393 1768 5462; x_wconf 78' lang='grc' dir='ltr'>τῆς</span> <span class='ocrx_word' id='word_1_462' title='bbox 1793 5378 2041 5451; x_wconf 63' lang='grc' dir='ltr'>ἐντεῦθεν</span> 
     </span>
    </p>
   </div>
   <div class='ocr_carea' id='block_1_60' title="bbox 519 5572 2040 5643">
    <p class='ocr_par' dir='ltr' id='par_1_60' title="bbox 519 5572 2040 5643">
     <span class='ocr_line' id='line_1_60' title="bbox 519 5572 2040 5643; baseline 0.014 -23"><span class='ocrx_word' id='word_1_463' title='bbox 519 5573 551 5643; x_wconf 59' lang='grc' dir='ltr'><em>ξ</em></span> <span class='ocrx_word' id='word_1_464' title='bbox 579 5572 715 5623; x_wconf 82' lang='lat' dir='ltr'><strong>Unus</strong></span> <span class='ocrx_word' id='word_1_465' title='bbox 740 5576 818 5643; x_wconf 79' lang='grc' dir='ltr'>διᾲ</span> <span class='ocrx_word' id='word_1_466' title='bbox 855 5575 1098 5643; x_wconf 75' lang='grc' dir='ltr'>τοῦτοκαὶ</span> <span class='ocrx_word' id='word_1_467' title='bbox 1120 5580 1214 5636; x_wconf 84' lang='grc' dir='ltr'>ζωὴ</span> <span class='ocrx_word' id='word_1_468' title='bbox 1240 5582 1396 5640; x_wconf 83' lang='grc' dir='ltr'>καινὴ,</span> <span class='ocrx_word' id='word_1_469' title='bbox 1431 5584 1511 5629; x_wconf 82' lang='grc' dir='ltr'>καὶ</span> <span class='ocrx_word' id='word_1_470' title='bbox 1534 5584 1594 5632; x_wconf 80' lang='grc' dir='ltr'>τὰ</span> <span class='ocrx_word' id='word_1_471' title='bbox 1626 5585 1746 5635; x_wconf 84' lang='grc' dir='ltr'>ἄλλα</span> <span class='ocrx_word' id='word_1_472' title='bbox 1767 5590 1936 5640; x_wconf 85' lang='grc' dir='ltr'>πάντα·</span> <span class='ocrx_word' id='word_1_473' title='bbox 1963 5593 2040 5642; x_wconf 77' lang='grc' dir='ltr'>διὰ</span> 
     </span>
    </p>
   </div>
   <div class='ocr_carea' id='block_1_61' title="bbox 444 5638 1721 5710">
    <p class='ocr_par' dir='ltr' id='par_1_61' title="bbox 444 5638 1721 5710">
     <span class='ocr_line' id='line_1_61' title="bbox 444 5638 1721 5710; baseline 0.017 -36"><span class='ocrx_word' id='word_1_474' title='bbox 444 5638 1211 5710; x_wconf 33' lang='grc' dir='ltr'>’τοῦτοκαινὴηδιαβήκηλέγεται...</span> <span class='ocrx_word' id='word_1_475' title='bbox 1233 5644 1369 5710; x_wconf 58' lang='grc' dir='ltr'>,Κατὰ</span> <span class='ocrx_word' id='word_1_476' title='bbox 1387 5638 1471 5701; x_wconf 83' lang='grc' dir='ltr'>τήν</span> <span class='ocrx_word' id='word_1_477' title='bbox 1494 5647 1721 5710; x_wconf 85' lang='grc' dir='ltr'>ἱστορίαν.</span> 
     </span>
    </p>
   </div>
   <div class='ocr_carea' id='block_1_62' title="bbox 525 5695 1302 5761">
    <p class='ocr_par' dir='ltr' id='par_1_62' title="bbox 525 5695 1302 5761">
     <span class='ocr_line' id='line_1_62' title="bbox 525 5695 1302 5761; baseline 0.013 -21"><span class='ocrx_word' id='word_1_478' title='bbox 525 5697 553 5735; x_wconf 82' lang='lat' dir='ltr'><strong>b</strong></span> <span class='ocrx_word' id='word_1_479' title='bbox 582 5695 715 5761; x_wconf 68' lang='lat' dir='ltr'>Unus</span> <span class='ocrx_word' id='word_1_480' title='bbox 736 5700 830 5745; x_wconf 82' lang='grc' dir='ltr'>τῶν</span> <span class='ocrx_word' id='word_1_481' title='bbox 854 5695 1122 5761; x_wconf 70' lang='grc' dir='ltr'>ὑμνούντων</span> <span class='ocrx_word' id='word_1_482' title='bbox 1143 5695 1302 5751; x_wconf 77' lang='grc' dir='ltr'>αὐτόν.</span> 
     </span>
    </p>
   </div>
   <div class='ocr_carea' id='block_1_63' title="bbox 525 5760 947 5819">
    <p class='ocr_par' dir='ltr' id='par_1_63' title="bbox 525 5760 947 5819">
     <span class='ocr_line' id='line_1_63' title="bbox 525 5760 947 5819; baseline 0.002 -11"><span class='ocrx_word' id='word_1_483' title='bbox 525 5761 549 5789; x_wconf 65' lang='grc' dir='ltr'>θ</span> <span class='ocrx_word' id='word_1_484' title='bbox 578 5760 710 5808; x_wconf 79' lang='lat' dir='ltr'><strong>Luus</strong></span> <span class='ocrx_word' id='word_1_485' title='bbox 730 5761 947 5819; x_wconf 83' lang='grc' dir='ltr'>ἐπιζητεῖ.</span> 
     </span>
    </p>
   </div>
   <div class='ocr_carea' id='block_1_64' title="bbox 1234 343 3090 406">
    <p class='ocr_par' dir='ltr' id='par_1_64' title="bbox 1234 343 3090 406">
     <span class='ocr_line' id='line_1_64' title="bbox 1234 343 3090 406; baseline -0.003 0"><span class='ocrx_word' id='word_1_486' title='bbox 1234 350 1293 406; x_wconf 92' lang='lat' dir='ltr'>S.</span> <span class='ocrx_word' id='word_1_487' title='bbox 1326 348 1615 406; x_wconf 80' lang='lat' dir='ltr'>JOANNIS</span> <span class='ocrx_word' id='word_1_488' title='bbox 1650 343 2133 404; x_wconf 79' lang='lat' dir='ltr'>CHRYSOSTOMI</span> <span class='ocrx_word' id='word_1_489' title='bbox 2175 346 2495 404; x_wconf 83' lang='lat' dir='ltr'>ARCHIEP.</span> <span class='ocrx_word' id='word_1_490' title='bbox 2544 345 3090 403; x_wconf 64' lang='lat' dir='ltr'>CONSTANTINOP.</span> 
     </span>
    </p>
   </div>
   <div class='ocr_carea' id='block_1_65' title="bbox 3621 347 3731 403">
    <p class='ocr_par' dir='ltr' id='par_1_65' title="bbox 3621 347 3731 403">
     <span class='ocr_line' id='line_1_65' title="bbox 3621 347 3731 403; baseline -0.027 0"><span class='ocrx_word' id='word_1_491' title='bbox 3621 347 3731 403; x_wconf 64' lang='grc'>194</span> 
     </span>
    </p>
   </div>
   <div class='ocr_carea' id='block_1_66' title="bbox 2156 462 3731 536">
    <p class='ocr_par' dir='ltr' id='par_1_66' title="bbox 2156 462 3731 536">
     <span class='ocr_line' id='line_1_66' title="bbox 2156 462 3731 536; baseline 0 -19"><span class='ocrx_word' id='word_1_492' title='bbox 2156 464 2484 536; x_wconf 81' lang='grc' dir='ltr'>ἀποδημίας.</span> <span class='ocrx_word' id='word_1_493' title='bbox 2518 464 2628 519; x_wconf 79' lang='grc' dir='ltr'>Καὶ</span> <span class='ocrx_word' id='word_1_494' title='bbox 2649 464 2764 519; x_wconf 78' lang='grc' dir='ltr'>υἱοί</span> <span class='ocrx_word' id='word_1_495' title='bbox 2796 464 2949 519; x_wconf 88' lang='grc' dir='ltr'>Σιὼν</span> <span class='ocrx_word' id='word_1_496' title='bbox 2978 462 3485 534; x_wconf 60' lang='grc' dir='ltr'>ἀγαλλιάσθωσαν</span> <span class='ocrx_word' id='word_1_497' title='bbox 3510 462 3609 517; x_wconf 71' lang='grc' dir='ltr'>ἐπὶ</span> <span class='ocrx_word' id='word_1_498' title='bbox 3642 463 3731 529; x_wconf 78' lang='grc' dir='ltr'>τῷ</span> 
     </span>
    </p>
   </div>
   <div class='ocr_carea' id='block_1_67' title="bbox 2144 545 3725 619">
    <p class='ocr_par' dir='ltr' id='par_1_67' title="bbox 2144 545 3725 619">
     <span class='ocr_line' id='line_1_67' title="bbox 2144 545 3725 619; baseline -0.002 -18"><span class='ocrx_word' id='word_1_499' title='bbox 2144 550 2399 614; x_wconf 78' lang='grc' dir='ltr'>,Βασιλεῖ</span> <span class='ocrx_word' id='word_1_500' title='bbox 2428 550 2643 604; x_wconf 82' lang='grc' dir='ltr'>αὐτῶν.</span> <span class='ocrx_word' id='word_1_501' title='bbox 2660 582 2667 588; x_wconf 90' lang='grc'><strong><em>-</em></strong></span> <span class='ocrx_word' id='word_1_502' title='bbox 2685 548 2846 619; x_wconf 82' lang='grc' dir='ltr'>Ὁρᾷς</span> <span class='ocrx_word' id='word_1_503' title='bbox 2872 549 2953 601; x_wconf 78' lang='grc' dir='ltr'>ὅτι</span> <span class='ocrx_word' id='word_1_504' title='bbox 2977 548 3154 614; x_wconf 87' lang='grc' dir='ltr'>τοῦτο,</span> <span class='ocrx_word' id='word_1_505' title='bbox 3180 549 3314 619; x_wconf 79' lang='grc' dir='ltr'>ὅπερ</span> <span class='ocrx_word' id='word_1_506' title='bbox 3336 546 3503 614; x_wconf 78' lang='grc' dir='ltr'>ἔφθην</span> <span class='ocrx_word' id='word_1_507' title='bbox 3534 545 3725 606; x_wconf 79' lang='grc' dir='ltr'>εἰπὼν,</span> 
     </span>
    </p>
   </div>
   <div class='ocr_carea' id='block_1_68' title="bbox 2150 628 3725 704">
    <p class='ocr_par' dir='ltr' id='par_1_68' title="bbox 2150 628 3725 704">
     <span class='ocr_line' id='line_1_68' title="bbox 2150 628 3725 704; baseline -0.001 -21"><span class='ocrx_word' id='word_1_508' title='bbox 2150 631 2382 685; x_wconf 73' lang='grc' dir='ltr'>ἐνταῦθα</span> <span class='ocrx_word' id='word_1_509' title='bbox 2410 632 2722 696; x_wconf 87' lang='grc' dir='ltr'>αἰνίττεται,</span> <span class='ocrx_word' id='word_1_510' title='bbox 2748 631 2844 704; x_wconf 78' lang='grc' dir='ltr'>τὴν</span> <span class='ocrx_word' id='word_1_511' title='bbox 2869 631 3157 691; x_wconf 83' lang='grc' dir='ltr'>οἱκείωσιν,</span> <span class='ocrx_word' id='word_1_512' title='bbox 3183 632 3240 684; x_wconf 79' lang='grc' dir='ltr'>τὸ</span> <span class='ocrx_word' id='word_1_513' title='bbox 3265 631 3534 703; x_wconf 77' lang='grc' dir='ltr'>ἐξαίρετον</span> <span class='ocrx_word' id='word_1_514' title='bbox 3557 628 3725 683; x_wconf 81' lang='grc' dir='ltr'>αὐτοῦ</span> 
     </span>
    </p>
   </div>
   <div class='ocr_carea' id='block_1_69' title="bbox 2151 711 3727 787">
    <p class='ocr_par' dir='ltr' id='par_1_69' title="bbox 2151 711 3727 787">
     <span class='ocr_line' id='line_1_69' title="bbox 2151 711 3727 787; baseline -0.001 -21"><span class='ocrx_word' id='word_1_515' title='bbox 2151 712 2287 767; x_wconf 75' lang='grc' dir='ltr'>εἶναι</span> <span class='ocrx_word' id='word_1_516' title='bbox 2330 716 2488 782; x_wconf 85' lang='grc' dir='ltr'>λαόν;</span> <span class='ocrx_word' id='word_1_517' title='bbox 2521 715 2621 769; x_wconf 85' lang='grc' dir='ltr'>Διά</span> <span class='ocrx_word' id='word_1_518' title='bbox 2660 716 2724 787; x_wconf 88' lang='grc' dir='ltr'>δὴ</span> <span class='ocrx_word' id='word_1_519' title='bbox 2768 715 2925 769; x_wconf 85' lang='grc' dir='ltr'>τοῦτο</span> <span class='ocrx_word' id='word_1_520' title='bbox 2966 716 3059 768; x_wconf 70' lang='grc' dir='ltr'>καὶ</span> <span class='ocrx_word' id='word_1_521' title='bbox 3093 717 3332 786; x_wconf 80' lang='grc' dir='ltr'>ἐπήγαγε</span> <span class='ocrx_word' id='word_1_522' title='bbox 3369 715 3450 778; x_wconf 84' lang='grc' dir='ltr'>τὸ,</span> <span class='ocrx_word' id='word_1_523' title='bbox 3491 714 3611 766; x_wconf 81' lang='grc' dir='ltr'>Ἐπὶ</span> <span class='ocrx_word' id='word_1_524' title='bbox 3641 711 3727 779; x_wconf 78' lang='grc' dir='ltr'>τῷ</span> 
     </span>
    </p>
   </div>
   <div class='ocr_carea' id='block_1_70' title="bbox 2144 798 3727 871">
    <p class='ocr_par' dir='ltr' id='par_1_70' title="bbox 2144 798 3727 871">
     <span class='ocr_line' id='line_1_70' title="bbox 2144 798 3727 871; baseline -0.001 -17"><span class='ocrx_word' id='word_1_525' title='bbox 2144 801 2401 865; x_wconf 78' lang='grc' dir='ltr'>,ϐασιλεῖ</span> <span class='ocrx_word' id='word_1_526' title='bbox 2435 800 2651 869; x_wconf 84' lang='grc' dir='ltr'>αὐτῶν,</span> <span class='ocrx_word' id='word_1_527' title='bbox 2683 800 2841 854; x_wconf 86' lang='grc' dir='ltr'>τοῦτο</span> <span class='ocrx_word' id='word_1_528' title='bbox 2879 800 3075 869; x_wconf 80' lang='grc' dir='ltr'>δηλῶν.</span> <span class='ocrx_word' id='word_1_529' title='bbox 3111 802 3182 854; x_wconf 84' lang='grc' dir='ltr'>Οὐ</span> <span class='ocrx_word' id='word_1_530' title='bbox 3225 801 3330 871; x_wconf 90' lang='grc' dir='ltr'>γάρ</span> <span class='ocrx_word' id='word_1_531' title='bbox 3369 798 3434 871; x_wconf 84' lang='grc' dir='ltr'>δὴ</span> <span class='ocrx_word' id='word_1_532' title='bbox 3461 801 3599 853; x_wconf 83' lang='grc' dir='ltr'>κατά</span> <span class='ocrx_word' id='word_1_533' title='bbox 3628 799 3727 852; x_wconf 70' lang='grc' dir='ltr'>τὸν</span> 
     </span>
    </p>
   </div>
   <div class='ocr_carea' id='block_1_71' title="bbox 2149 879 3725 955">
    <p class='ocr_par' dir='ltr' id='par_1_71' title="bbox 2149 879 3725 955">
     <span class='ocr_line' id='line_1_71' title="bbox 2149 879 3725 955; baseline -0.001 -19"><span class='ocrx_word' id='word_1_534' title='bbox 2149 883 2249 953; x_wconf 83' lang='grc' dir='ltr'>τῆς</span> <span class='ocrx_word' id='word_1_535' title='bbox 2274 883 2631 955; x_wconf 78' lang='grc' dir='ltr'>δημιουργίας</span> <span class='ocrx_word' id='word_1_536' title='bbox 2669 884 2827 952; x_wconf 88' lang='grc' dir='ltr'>λόγον</span> <span class='ocrx_word' id='word_1_537' title='bbox 2859 884 3015 954; x_wconf 88' lang='grc' dir='ltr'>μόνον</span> <span class='ocrx_word' id='word_1_538' title='bbox 3045 879 3113 955; x_wconf 80' lang='grc' dir='ltr'>ἦν</span> <span class='ocrx_word' id='word_1_539' title='bbox 3156 883 3425 953; x_wconf 77' lang='grc' dir='ltr'>βασιλεὺς,</span> <span class='ocrx_word' id='word_1_540' title='bbox 3457 882 3588 937; x_wconf 87' lang='grc' dir='ltr'>ἀλλά</span> <span class='ocrx_word' id='word_1_541' title='bbox 3624 884 3725 935; x_wconf 72' lang='grc' dir='ltr'>καὶ</span> 
     </span>
    </p>
   </div>
   <div class='ocr_carea' id='block_1_72' title="bbox 2150 966 3722 1037">
    <p class='ocr_par' dir='ltr' id='par_1_72' title="bbox 2150 966 3722 1037">
     <span class='ocr_line' id='line_1_72' title="bbox 2150 966 3722 1037; baseline 0 -19"><span class='ocrx_word' id='word_1_542' title='bbox 2150 966 2290 1019; x_wconf 88' lang='grc' dir='ltr'>κατά</span> <span class='ocrx_word' id='word_1_543' title='bbox 2326 967 2417 1019; x_wconf 79' lang='grc' dir='ltr'>τὸν</span> <span class='ocrx_word' id='word_1_544' title='bbox 2448 967 2548 1037; x_wconf 83' lang='grc' dir='ltr'>τῆς</span> <span class='ocrx_word' id='word_1_545' title='bbox 2575 966 2920 1029; x_wconf 81' lang='grc' dir='ltr'>οἱκειώσεως.</span> <span class='ocrx_word' id='word_1_546' title='bbox 2955 966 3378 1021; x_wconf 81' lang='grc' dir='ltr'>Αίνεσάτωσαν</span> <span class='ocrx_word' id='word_1_547' title='bbox 3423 968 3488 1019; x_wconf 87' lang='grc' dir='ltr'>τὸ</span> <span class='ocrx_word' id='word_1_548' title='bbox 3534 966 3722 1035; x_wconf 80' lang='grc' dir='ltr'>ὄνομα</span> 
     </span>
    </p>
   </div>
   <div class='ocr_carea' id='block_1_73' title="bbox 2150 1057 3719 1128">
    <p class='ocr_par' dir='ltr' id='par_1_73' title="bbox 2150 1057 3719 1128">
     <span class='ocr_line' id='line_1_73' title="bbox 2150 1057 3719 1128; baseline -0.003 -17"><span class='ocrx_word' id='word_1_549' title='bbox 2150 1058 2336 1111; x_wconf 86' lang='grc' dir='ltr'>αὐτοῦ</span> <span class='ocrx_word' id='word_1_550' title='bbox 2362 1058 2430 1110; x_wconf 83' lang='grc' dir='ltr'>ἐν</span> <span class='ocrx_word' id='word_1_551' title='bbox 2468 1057 2642 1127; x_wconf 86' lang='grc' dir='ltr'>χορῷ.</span> <span class='ocrx_word' id='word_1_552' title='bbox 2674 1058 2815 1128; x_wconf 87' lang='grc' dir='ltr'>Ὅρα</span> <span class='ocrx_word' id='word_1_553' title='bbox 2841 1057 3003 1110; x_wconf 85' lang='grc' dir='ltr'>πάλιν</span> <span class='ocrx_word' id='word_1_554' title='bbox 3029 1057 3121 1111; x_wconf 68' lang='grc' dir='ltr'>καὶ</span> <span class='ocrx_word' id='word_1_555' title='bbox 3142 1057 3344 1127; x_wconf 87' lang='grc' dir='ltr'>ταύτην</span> <span class='ocrx_word' id='word_1_556' title='bbox 3375 1057 3469 1127; x_wconf 76' lang='grc' dir='ltr'>τὴν</span> <span class='ocrx_word' id='word_1_557' title='bbox 3501 1072 3719 1126; x_wconf 73' lang='grc' dir='ltr'>συμφω-</span> 
     </span>
    </p>
   </div>
   <div class='ocr_carea' id='block_1_74' title="bbox 2153 1140 3724 1212">
    <p class='ocr_par' dir='ltr' id='par_1_74' title="bbox 2153 1140 3724 1212">
     <span class='ocr_line' id='line_1_74' title="bbox 2153 1140 3724 1212; baseline -0.003 -17"><span class='ocrx_word' id='word_1_558' title='bbox 2153 1141 2271 1195; x_wconf 90' lang='grc' dir='ltr'>νίαν</span> <span class='ocrx_word' id='word_1_559' title='bbox 2300 1142 2729 1212; x_wconf 86' lang='grc' dir='ltr'>διαλάμπουσαν.</span> <span class='ocrx_word' id='word_1_560' title='bbox 2764 1140 2864 1194; x_wconf 87' lang='grc' dir='ltr'>Διὰ</span> <span class='ocrx_word' id='word_1_561' title='bbox 2902 1140 3011 1211; x_wconf 83' lang='grc' dir='ltr'>γὰρ</span> <span class='ocrx_word' id='word_1_562' title='bbox 3041 1140 3198 1193; x_wconf 84' lang='grc' dir='ltr'>τοῦτο</span> <span class='ocrx_word' id='word_1_563' title='bbox 3238 1140 3407 1211; x_wconf 86' lang='grc' dir='ltr'>χοροὶ,</span> <span class='ocrx_word' id='word_1_564' title='bbox 3451 1140 3537 1193; x_wconf 80' lang='grc' dir='ltr'>ἵνα</span> <span class='ocrx_word' id='word_1_565' title='bbox 3567 1142 3724 1209; x_wconf 84' lang='grc' dir='ltr'>κοινῇ</span> 
     </span>
    </p>
   </div>
   <div class='ocr_carea' id='block_1_75' title="bbox 2154 1223 3724 1295">
    <p class='ocr_par' dir='ltr' id='par_1_75' title="bbox 2154 1223 3724 1295">
     <span class='ocr_line' id='line_1_75' title="bbox 2154 1223 3724 1295; baseline 0 -17"><span class='ocrx_word' id='word_1_566' title='bbox 2154 1225 2354 1288; x_wconf 85' lang='grc' dir='ltr'>πάντες</span> <span class='ocrx_word' id='word_1_567' title='bbox 2395 1225 2488 1278; x_wconf 81' lang='grc' dir='ltr'>καὶ</span> <span class='ocrx_word' id='word_1_568' title='bbox 2530 1225 2868 1295; x_wconf 67' lang='grc' dir='ltr'>ὁμοθυμαδὸν</span> <span class='ocrx_word' id='word_1_569' title='bbox 2919 1224 3229 1293; x_wconf 79' lang='grc' dir='ltr'>ἀναφέρωσι</span> <span class='ocrx_word' id='word_1_570' title='bbox 3282 1224 3380 1286; x_wconf 84' lang='grc' dir='ltr'>τὰς</span> <span class='ocrx_word' id='word_1_571' title='bbox 3428 1223 3724 1292; x_wconf 76' lang='grc' dir='ltr'>εὐφημίας.</span> 
     </span>
    </p>
   </div>
   <div class='ocr_carea' id='block_1_76' title="bbox 2153 1305 3729 1375">
    <p class='ocr_par' dir='ltr' id='par_1_76' title="bbox 2153 1305 3729 1375">
     <span class='ocr_line' id='line_1_76' title="bbox 2153 1305 3729 1375; baseline -0.003 -13"><span class='ocrx_word' id='word_1_572' title='bbox 2153 1308 2322 1362; x_wconf 86' lang='grc' dir='ltr'>Τοῦτο</span> <span class='ocrx_word' id='word_1_573' title='bbox 2357 1308 2449 1360; x_wconf 78' lang='grc' dir='ltr'>καὶ</span> <span class='ocrx_word' id='word_1_574' title='bbox 2481 1308 2687 1370; x_wconf 89' lang='grc' dir='ltr'>Παῦλος</span> <span class='ocrx_word' id='word_1_575' title='bbox 2722 1306 2871 1371; x_wconf 89' lang='grc' dir='ltr'>δηλοῖ</span> <span class='ocrx_word' id='word_1_576' title='bbox 2898 1307 3090 1375; x_wconf 87' lang='grc' dir='ltr'>λέγων,</span> <span class='ocrx_word' id='word_1_577' title='bbox 3122 1307 3217 1374; x_wconf 79' lang='grc' dir='ltr'>Μὴ</span> <span class='ocrx_word' id='word_1_578' title='bbox 3248 1305 3729 1374; x_wconf 73' lang='grc' dir='ltr'>καταλιμπάνον-</span> 
     </span>
    </p>
   </div>
   <div class='ocr_carea' id='block_1_77' title="bbox 2151 1389 3731 1460">
    <p class='ocr_par' dir='ltr' id='par_1_77' title="bbox 2151 1389 3731 1460">
     <span class='ocr_line' id='line_1_77' title="bbox 2151 1389 3731 1460; baseline -0.002 -16"><span class='ocrx_word' id='word_1_579' title='bbox 2151 1408 2252 1455; x_wconf 86' lang='grc' dir='ltr'>τες</span> <span class='ocrx_word' id='word_1_580' title='bbox 2278 1390 2392 1456; x_wconf 79' lang='grc' dir='ltr'>τὴν</span> <span class='ocrx_word' id='word_1_581' title='bbox 2413 1389 2872 1460; x_wconf 72' lang='grc' dir='ltr'>ἐπισυναγωγὴν</span> <span class='ocrx_word' id='word_1_582' title='bbox 2905 1389 3151 1444; x_wconf 71' lang='grc' dir='ltr'>ἑαυτῶν.</span> <span class='ocrx_word' id='word_1_583' title='bbox 3191 1390 3300 1443; x_wconf 74' lang='grc' dir='ltr'>Καὶ</span> <span class='ocrx_word' id='word_1_584' title='bbox 3323 1389 3459 1459; x_wconf 82' lang='grc' dir='ltr'>αὐτὴ</span> <span class='ocrx_word' id='word_1_585' title='bbox 3484 1389 3539 1442; x_wconf 85' lang='grc' dir='ltr'>δὲ</span> <span class='ocrx_word' id='word_1_586' title='bbox 3567 1390 3599 1459; x_wconf 81' lang='grc' dir='ltr'><strong>ἡ</strong></span> <span class='ocrx_word' id='word_1_587' title='bbox 3634 1389 3731 1441; x_wconf 89' lang='grc' dir='ltr'>εὐ-</span> 
     </span>
    </p>
   </div>
   <div class='ocr_carea' id='block_1_78' title="bbox 2150 1472 3731 1545">
    <p class='ocr_par' dir='ltr' id='par_1_78' title="bbox 2150 1472 3731 1545">
     <span class='ocr_line' id='line_1_78' title="bbox 2150 1472 3731 1545; baseline -0.003 -18"><span class='ocrx_word' id='word_1_588' title='bbox 2150 1476 2220 1545; x_wconf 83' lang='grc' dir='ltr'>χὴ</span> <span class='ocrx_word' id='word_1_589' title='bbox 2250 1473 2405 1527; x_wconf 89' lang='grc' dir='ltr'>τοῦτο</span> <span class='ocrx_word' id='word_1_590' title='bbox 2434 1474 2745 1537; x_wconf 88' lang='grc' dir='ltr'>αἰνίττεται,</span> <span class='ocrx_word' id='word_1_591' title='bbox 2784 1472 2891 1526; x_wconf 84' lang='grc' dir='ltr'>ἀπὸ</span> <span class='ocrx_word' id='word_1_592' title='bbox 2928 1473 3019 1526; x_wconf 88' lang='grc' dir='ltr'>τοῦ</span> <span class='ocrx_word' id='word_1_593' title='bbox 3054 1472 3232 1527; x_wconf 88' lang='grc' dir='ltr'>κοινοῦ</span> <span class='ocrx_word' id='word_1_594' title='bbox 3272 1473 3488 1527; x_wconf 85' lang='grc' dir='ltr'>πάντων</span> <span class='ocrx_word' id='word_1_595' title='bbox 3527 1473 3731 1540; x_wconf 86' lang='grc' dir='ltr'>ἀναφε-</span> 
     </span>
    </p>
   </div>
   <div class='ocr_carea' id='block_1_79' title="bbox 2154 1555 3731 1627">
    <p class='ocr_par' dir='ltr' id='par_1_79' title="bbox 2154 1555 3731 1627">
     <span class='ocr_line' id='line_1_79' title="bbox 2154 1555 3731 1627; baseline -0.001 -18"><span class='ocrx_word' id='word_1_596' title='bbox 2154 1558 2374 1627; x_wconf 84' lang='grc' dir='ltr'>ρομένη·</span> <span class='ocrx_word' id='word_1_597' title='bbox 2403 1555 2591 1624; x_wconf 84' lang='grc' dir='ltr'>Πάτερ</span> <span class='ocrx_word' id='word_1_598' title='bbox 2611 1555 2800 1624; x_wconf 74' lang='grc' dir='ltr'>ἡμῶν,</span> <span class='ocrx_word' id='word_1_599' title='bbox 2823 1560 2855 1610; x_wconf 88' lang='grc' dir='ltr'>ό</span> <span class='ocrx_word' id='word_1_600' title='bbox 2870 1557 2940 1609; x_wconf 78' lang='grc' dir='ltr'>ἐν</span> <span class='ocrx_word' id='word_1_601' title='bbox 2959 1555 3082 1621; x_wconf 82' lang='grc' dir='ltr'>τοῖς</span> <span class='ocrx_word' id='word_1_602' title='bbox 3096 1555 3391 1623; x_wconf 85' lang='grc' dir='ltr'>οὐρανοῖς·</span> <span class='ocrx_word' id='word_1_603' title='bbox 3413 1555 3527 1616; x_wconf 68' lang='grc' dir='ltr'>καὶ,</span> <span class='ocrx_word' id='word_1_604' title='bbox 3552 1557 3731 1624; x_wconf 64' lang='grc' dir='ltr'>Ἄφες</span> 
     </span>
    </p>
   </div>
   <div class='ocr_carea' id='block_1_80' title="bbox 2148 1640 3729 1712">
    <p class='ocr_par' dir='ltr' id='par_1_80' title="bbox 2148 1640 3729 1712">
     <span class='ocr_line' id='line_1_80' title="bbox 2148 1640 3729 1712; baseline 0.001 -20"><span class='ocrx_word' id='word_1_605' title='bbox 2148 1641 2295 1710; x_wconf 72' lang='grc' dir='ltr'>ἡμῖν</span> <span class='ocrx_word' id='word_1_606' title='bbox 2329 1641 2402 1695; x_wconf 90' lang='grc' dir='ltr'>τὰ</span> <span class='ocrx_word' id='word_1_607' title='bbox 2442 1642 2813 1711; x_wconf 68' lang='grc' dir='ltr'>ὀφειλήματα</span> <span class='ocrx_word' id='word_1_608' title='bbox 2847 1640 3032 1712; x_wconf 75' lang='grc' dir='ltr'>ἡμῶν·</span> <span class='ocrx_word' id='word_1_609' title='bbox 3078 1642 3190 1703; x_wconf 80' lang='grc' dir='ltr'>καὶ,</span> <span class='ocrx_word' id='word_1_610' title='bbox 3236 1640 3330 1708; x_wconf 80' lang='grc' dir='ltr'>Μὴ</span> <span class='ocrx_word' id='word_1_611' title='bbox 3375 1640 3729 1710; x_wconf 73' lang='grc' dir='ltr'>εἰσενέγκῃς</span> 
     </span>
    </p>
   </div>
   <div class='ocr_carea' id='block_1_81' title="bbox 2150 1722 3727 1795">
    <p class='ocr_par' dir='ltr' id='par_1_81' title="bbox 2150 1722 3727 1795">
     <span class='ocr_line' id='line_1_81' title="bbox 2150 1722 3727 1795; baseline -0.001 -17"><span class='ocrx_word' id='word_1_612' title='bbox 2150 1727 2309 1794; x_wconf 75' lang='grc' dir='ltr'>ἡμᾶς</span> <span class='ocrx_word' id='word_1_613' title='bbox 2348 1729 2436 1790; x_wconf 79' lang='grc' dir='ltr'>εις</span> <span class='ocrx_word' id='word_1_614' title='bbox 2479 1727 2828 1795; x_wconf 83' lang='grc' dir='ltr'>πειρασμόν·</span> <span class='ocrx_word' id='word_1_615' title='bbox 2875 1726 2987 1789; x_wconf 75' lang='grc' dir='ltr'>καὶ,</span> <span class='ocrx_word' id='word_1_616' title='bbox 3018 1724 3217 1779; x_wconf 81' lang='grc' dir='ltr'>Ῥῦσαι</span> <span class='ocrx_word' id='word_1_617' title='bbox 3266 1722 3421 1793; x_wconf 75' lang='grc' dir='ltr'>ἡμᾶς</span> <span class='ocrx_word' id='word_1_618' title='bbox 3458 1723 3575 1778; x_wconf 85' lang='grc' dir='ltr'>ἀπὸ</span> <span class='ocrx_word' id='word_1_619' title='bbox 3615 1723 3727 1777; x_wconf 85' lang='grc' dir='ltr'>τοῦ</span> 
     </span>
    </p>
   </div>
   <div class='ocr_carea' id='block_1_82' title="bbox 2151 1807 3725 1880">
    <p class='ocr_par' dir='ltr' id='par_1_82' title="bbox 2151 1807 3725 1880">
     <span class='ocr_line' id='line_1_82' title="bbox 2151 1807 3725 1880; baseline -0.001 -19"><span class='ocrx_word' id='word_1_620' title='bbox 2151 1810 2437 1877; x_wconf 70' lang='grc' dir='ltr'>πονηροῦ·</span> <span class='ocrx_word' id='word_1_621' title='bbox 2492 1808 2569 1879; x_wconf 89' lang='grc' dir='ltr'>τῷ</span> <span class='ocrx_word' id='word_1_622' title='bbox 2623 1808 2970 1879; x_wconf 84' lang='grc' dir='ltr'>πληθυντικῷ</span> <span class='ocrx_word' id='word_1_623' title='bbox 3011 1809 3235 1875; x_wconf 86' lang='grc' dir='ltr'>ὀνόματι</span> <span class='ocrx_word' id='word_1_624' title='bbox 3279 1810 3645 1880; x_wconf 84' lang='grc' dir='ltr'>κεχρημένους</span> <span class='ocrx_word' id='word_1_625' title='bbox 3668 1807 3725 1860; x_wconf 75' lang='grc' dir='ltr'>ά.</span> 
     </span>
    </p>
   </div>
   <div class='ocr_carea' id='block_1_83' title="bbox 2152 1891 3729 1961">
    <p class='ocr_par' dir='ltr' id='par_1_83' title="bbox 2152 1891 3729 1961">
     <span class='ocr_line' id='line_1_83' title="bbox 2152 1891 3729 1961; baseline 0 -18"><span class='ocrx_word' id='word_1_626' title='bbox 2152 1891 2308 1944; x_wconf 83' lang='grc' dir='ltr'>υύτω</span> <span class='ocrx_word' id='word_1_627' title='bbox 2362 1893 2543 1946; x_wconf 75' lang='grc' dir='ltr'>καὶτὸ</span> <span class='ocrx_word' id='word_1_628' title='bbox 2590 1892 2815 1946; x_wconf 83' lang='grc' dir='ltr'>παλαιὸν</span> <span class='ocrx_word' id='word_1_629' title='bbox 2857 1891 3198 1946; x_wconf 76' lang='grc' dir='ltr'>ἐπαιδεύοντο</span> <span class='ocrx_word' id='word_1_630' title='bbox 3236 1892 3371 1961; x_wconf 84' lang='grc' dir='ltr'>μετὰ</span> <span class='ocrx_word' id='word_1_631' title='bbox 3410 1891 3729 1961; x_wconf 87' lang='grc' dir='ltr'>συμφωνίας</span> 
     </span>
    </p>
   </div>
   <div class='ocr_carea' id='block_1_84' title="bbox 2151 1973 3727 2046">
    <p class='ocr_par' dir='ltr' id='par_1_84' title="bbox 2151 1973 3727 2046">
     <span class='ocr_line' id='line_1_84' title="bbox 2151 1973 3727 2046; baseline 0 -19"><span class='ocrx_word' id='word_1_632' title='bbox 2151 1974 2372 2042; x_wconf 75' lang='grc' dir='ltr'>ψάλλειν</span> <span class='ocrx_word' id='word_1_633' title='bbox 2422 1976 2516 2028; x_wconf 70' lang='grc' dir='ltr'>καὶ</span> <span class='ocrx_word' id='word_1_634' title='bbox 2543 1975 2691 2046; x_wconf 81' lang='grc' dir='ltr'>ᾄδειν</span> <span class='ocrx_word' id='word_1_635' title='bbox 2718 1973 2798 2045; x_wconf 85' lang='grc' dir='ltr'>τῷ</span> <span class='ocrx_word' id='word_1_636' title='bbox 2833 1974 2970 2044; x_wconf 90' lang='grc' dir='ltr'>Θεῷ,</span> <span class='ocrx_word' id='word_1_637' title='bbox 3016 1974 3347 2044; x_wconf 83' lang='grc' dir='ltr'>πανταχόθεν</span> <span class='ocrx_word' id='word_1_638' title='bbox 3390 1977 3470 2038; x_wconf 86' lang='grc' dir='ltr'>είς</span> <span class='ocrx_word' id='word_1_639' title='bbox 3504 1975 3727 2043; x_wconf 76' lang='grc' dir='ltr'>ἀγάπην</span> 
     </span>
    </p>
   </div>
   <div class='ocr_carea' id='block_1_85' title="bbox 2152 2056 3729 2128">
    <p class='ocr_par' dir='ltr' id='par_1_85' title="bbox 2152 2056 3729 2128">
     <span class='ocr_line' id='line_1_85' title="bbox 2152 2056 3729 2128; baseline 0.001 -18"><span class='ocrx_word' id='word_1_640' title='bbox 2152 2056 2495 2127; x_wconf 86' lang='grc' dir='ltr'>ἀλειφόμενοι</span> <span class='ocrx_word' id='word_1_641' title='bbox 2538 2060 2633 2112; x_wconf 70' lang='grc' dir='ltr'>καὶ</span> <span class='ocrx_word' id='word_1_642' title='bbox 2671 2057 2942 2128; x_wconf 85' lang='grc' dir='ltr'>ὁμόνοιαν·</span> <span class='ocrx_word' id='word_1_643' title='bbox 2982 2057 3084 2111; x_wconf 80' lang='grc' dir='ltr'>Ἔν</span> <span class='ocrx_word' id='word_1_644' title='bbox 3125 2056 3408 2127; x_wconf 84' lang='grc' dir='ltr'>τυμπάνῳ</span> <span class='ocrx_word' id='word_1_645' title='bbox 3441 2057 3536 2111; x_wconf 76' lang='grc' dir='ltr'>καὶ</span> <span class='ocrx_word' id='word_1_646' title='bbox 3576 2060 3729 2126; x_wconf 71' lang='grc' dir='ltr'>ψαλ-</span> 
     </span>
    </p>
   </div>
   <div class='ocr_carea' id='block_1_86' title="bbox 2152 2139 2931 2209">
    <p class='ocr_par' dir='ltr' id='par_1_86' title="bbox 2152 2139 2931 2209">
     <span class='ocr_line' id='line_1_86' title="bbox 2152 2139 2931 2209; baseline 0.004 -15"><span class='ocrx_word' id='word_1_647' title='bbox 2152 2142 2331 2209; x_wconf 84' lang='grc' dir='ltr'>τηριῳ</span> <span class='ocrx_word' id='word_1_648' title='bbox 2354 2141 2722 2208; x_wconf 70' lang='grc' dir='ltr'>ψαλάτωσαν</span> <span class='ocrx_word' id='word_1_649' title='bbox 2751 2139 2931 2206; x_wconf 86' lang='grc' dir='ltr'>αὐτῷ.</span> 
     </span>
    </p>
   </div>
   <div class='ocr_carea' id='block_1_87' title="bbox 2225 2223 3727 2294">
    <p class='ocr_par' dir='ltr' id='par_1_87' title="bbox 2225 2223 3727 2294">
     <span class='ocr_line' id='line_1_87' title="bbox 2225 2223 3727 2294; baseline 0.001 -18"><span class='ocrx_word' id='word_1_650' title='bbox 2225 2223 2289 2293; x_wconf 86' lang='grc' dir='ltr'>β’.</span> <span class='ocrx_word' id='word_1_651' title='bbox 2305 2224 2460 2286; x_wconf 85' lang='grc' dir='ltr'>Τινὲς</span> <span class='ocrx_word' id='word_1_652' title='bbox 2479 2225 2577 2294; x_wconf 82' lang='grc' dir='ltr'>μὲν</span> <span class='ocrx_word' id='word_1_653' title='bbox 2595 2224 2907 2278; x_wconf 77' lang='grc' dir='ltr'>καὶτούτων</span> <span class='ocrx_word' id='word_1_654' title='bbox 2921 2223 3029 2276; x_wconf 85' lang='grc' dir='ltr'>τῶν</span> <span class='ocrx_word' id='word_1_655' title='bbox 3042 2223 3286 2292; x_wconf 85' lang='grc' dir='ltr'>ὀργάνων</span> <span class='ocrx_word' id='word_1_656' title='bbox 3300 2223 3391 2277; x_wconf 80' lang='grc' dir='ltr'>τὸν</span> <span class='ocrx_word' id='word_1_657' title='bbox 3411 2223 3563 2292; x_wconf 88' lang='grc' dir='ltr'>λόγον</span> <span class='ocrx_word' id='word_1_658' title='bbox 3587 2223 3727 2278; x_wconf 82' lang='grc' dir='ltr'>κατὰ</span> 
     </span>
    </p>
   </div>
   <div class='ocr_carea' id='block_1_88' title="bbox 2152 2305 3724 2377">
    <p class='ocr_par' dir='ltr' id='par_1_88' title="bbox 2152 2305 3724 2377">
     <span class='ocr_line' id='line_1_88' title="bbox 2152 2305 3724 2377; baseline -0.002 -18"><span class='ocrx_word' id='word_1_659' title='bbox 2152 2305 2441 2377; x_wconf 86' lang='grc' dir='ltr'>ἀναγωγὴν</span> <span class='ocrx_word' id='word_1_660' title='bbox 2473 2305 2926 2376; x_wconf 76' lang='grc' dir='ltr'>ἐκλαμϐάνοντες,</span> <span class='ocrx_word' id='word_1_661' title='bbox 2957 2306 3204 2374; x_wconf 86' lang='grc' dir='ltr'>λέγουσιν</span> <span class='ocrx_word' id='word_1_662' title='bbox 3243 2307 3325 2358; x_wconf 78' lang='grc' dir='ltr'>ὅτι</span> <span class='ocrx_word' id='word_1_663' title='bbox 3363 2306 3424 2358; x_wconf 83' lang='grc' dir='ltr'>τὸ</span> <span class='ocrx_word' id='word_1_664' title='bbox 3454 2306 3550 2376; x_wconf 84' lang='grc' dir='ltr'>μὲν</span> <span class='ocrx_word' id='word_1_665' title='bbox 3586 2305 3724 2375; x_wconf 90' lang='grc' dir='ltr'>τύμ-</span> 
     </span>
    </p>
   </div>
   <div class='ocr_carea' id='block_1_89' title="bbox 2154 2386 3726 2460">
    <p class='ocr_par' dir='ltr' id='par_1_89' title="bbox 2154 2386 3726 2460">
     <span class='ocr_line' id='line_1_89' title="bbox 2154 2386 3726 2460; baseline 0.001 -20"><span class='ocrx_word' id='word_1_666' title='bbox 2154 2404 2320 2440; x_wconf 88' lang='grc' dir='ltr'>πανον</span> <span class='ocrx_word' id='word_1_667' title='bbox 2347 2388 2445 2457; x_wconf 81' lang='grc' dir='ltr'>τὴν</span> <span class='ocrx_word' id='word_1_668' title='bbox 2473 2387 2735 2460; x_wconf 85' lang='grc' dir='ltr'>νέκρωσιν</span> <span class='ocrx_word' id='word_1_669' title='bbox 2762 2392 2862 2459; x_wconf 82' lang='grc' dir='ltr'>τῆς</span> <span class='ocrx_word' id='word_1_670' title='bbox 2885 2388 3086 2459; x_wconf 85' lang='grc' dir='ltr'>σαρκὸς</span> <span class='ocrx_word' id='word_1_671' title='bbox 3114 2386 3272 2458; x_wconf 85' lang='grc' dir='ltr'>ἡμῶν</span> <span class='ocrx_word' id='word_1_672' title='bbox 3295 2387 3560 2457; x_wconf 77' lang='grc' dir='ltr'>ἐπιζητεῖ,</span> <span class='ocrx_word' id='word_1_673' title='bbox 3593 2388 3650 2440; x_wconf 81' lang='grc' dir='ltr'>τὸ</span> <span class='ocrx_word' id='word_1_674' title='bbox 3669 2388 3726 2441; x_wconf 80' lang='grc' dir='ltr'>δὲ</span> 
     </span>
    </p>
   </div>
   <div class='ocr_carea' id='block_1_90' title="bbox 2152 2470 3728 2542">
    <p class='ocr_par' dir='ltr' id='par_1_90' title="bbox 2152 2470 3728 2542">
     <span class='ocr_line' id='line_1_90' title="bbox 2152 2470 3728 2542; baseline -0.001 -18"><span class='ocrx_word' id='word_1_675' title='bbox 2152 2470 2444 2540; x_wconf 77' lang='grc' dir='ltr'>ψαλτήριον</span> <span class='ocrx_word' id='word_1_676' title='bbox 2477 2472 2536 2521; x_wconf 88' lang='grc' dir='ltr'>τὸ</span> <span class='ocrx_word' id='word_1_677' title='bbox 2558 2470 2691 2540; x_wconf 84' lang='grc' dir='ltr'>πρὸς</span> <span class='ocrx_word' id='word_1_678' title='bbox 2713 2470 2804 2524; x_wconf 79' lang='grc' dir='ltr'>τὸν</span> <span class='ocrx_word' id='word_1_679' title='bbox 2825 2470 3050 2542; x_wconf 83' lang='grc' dir='ltr'>οὐρανὸν</span> <span class='ocrx_word' id='word_1_680' title='bbox 3072 2471 3303 2540; x_wconf 82' lang='grc' dir='ltr'>βλέπειν.</span> <span class='ocrx_word' id='word_1_681' title='bbox 3334 2471 3441 2523; x_wconf 71' lang='grc' dir='ltr'>Καὶ</span> <span class='ocrx_word' id='word_1_682' title='bbox 3466 2472 3573 2541; x_wconf 77' lang='grc' dir='ltr'>γὰρ</span> <span class='ocrx_word' id='word_1_683' title='bbox 3596 2472 3728 2524; x_wconf 81' lang='grc' dir='ltr'>ἄνω-</span> 
     </span>
    </p>
   </div>
   <div class='ocr_carea' id='block_1_91' title="bbox 2155 2552 3720 2624">
    <p class='ocr_par' dir='ltr' id='par_1_91' title="bbox 2155 2552 3720 2624">
     <span class='ocr_line' id='line_1_91' title="bbox 2155 2552 3720 2624; baseline 0 -18"><span class='ocrx_word' id='word_1_684' title='bbox 2155 2554 2246 2607; x_wconf 91' lang='grc' dir='ltr'>θεν</span> <span class='ocrx_word' id='word_1_685' title='bbox 2271 2555 2330 2606; x_wconf 79' lang='grc' dir='ltr'>τὸ</span> <span class='ocrx_word' id='word_1_686' title='bbox 2360 2553 2586 2623; x_wconf 78' lang='grc' dir='ltr'>ὄργανον</span> <span class='ocrx_word' id='word_1_687' title='bbox 2612 2552 2768 2606; x_wconf 86' lang='grc' dir='ltr'>τοῦτο</span> <span class='ocrx_word' id='word_1_688' title='bbox 2804 2557 3054 2615; x_wconf 88' lang='grc' dir='ltr'>κινεῖται,</span> <span class='ocrx_word' id='word_1_689' title='bbox 3076 2554 3134 2606; x_wconf 83' lang='grc' dir='ltr'>οὐ</span> <span class='ocrx_word' id='word_1_690' title='bbox 3174 2552 3437 2614; x_wconf 87' lang='grc' dir='ltr'>κάτωθεν,</span> <span class='ocrx_word' id='word_1_691' title='bbox 3472 2554 3659 2624; x_wconf 82' lang='grc' dir='ltr'>ῶσπερ</span> <span class='ocrx_word' id='word_1_692' title='bbox 3687 2557 3720 2622; x_wconf 90' lang='grc' dir='ltr'><strong>ἠ</strong></span> 
     </span>
    </p>
   </div>
   <div class='ocr_carea' id='block_1_92' title="bbox 2156 2635 3727 2710">
    <p class='ocr_par' dir='ltr' id='par_1_92' title="bbox 2156 2635 3727 2710">
     <span class='ocr_line' id='line_1_92' title="bbox 2156 2635 3727 2710; baseline -0.003 -18"><span class='ocrx_word' id='word_1_693' title='bbox 2156 2638 2374 2710; x_wconf 81' lang='grc' dir='ltr'>κιθάρα.</span> <span class='ocrx_word' id='word_1_694' title='bbox 2414 2635 2553 2705; x_wconf 85' lang='grc' dir='ltr'>Ἐγὼ</span> <span class='ocrx_word' id='word_1_695' title='bbox 2583 2636 2641 2688; x_wconf 82' lang='grc' dir='ltr'>δὲ</span> <span class='ocrx_word' id='word_1_696' title='bbox 2678 2638 2853 2690; x_wconf 85' lang='grc' dir='ltr'>ὲκεῖνο</span> <span class='ocrx_word' id='word_1_697' title='bbox 2890 2636 2956 2690; x_wconf 84' lang='grc' dir='ltr'>ἂν</span> <span class='ocrx_word' id='word_1_698' title='bbox 3003 2638 3230 2708; x_wconf 85' lang='grc' dir='ltr'>εἴποιμι.</span> <span class='ocrx_word' id='word_1_699' title='bbox 3274 2638 3352 2690; x_wconf 84' lang='grc' dir='ltr'>ὅτι</span> <span class='ocrx_word' id='word_1_700' title='bbox 3402 2637 3460 2690; x_wconf 82' lang='grc' dir='ltr'>τὸ</span> <span class='ocrx_word' id='word_1_701' title='bbox 3502 2638 3727 2691; x_wconf 79' lang='grc' dir='ltr'>παλαιὸν</span> 
     </span>
    </p>
   </div>
   <div class='ocr_carea' id='block_1_93' title="bbox 2154 2719 3728 2793">
    <p class='ocr_par' dir='ltr' id='par_1_93' title="bbox 2154 2719 3728 2793">
     <span class='ocr_line' id='line_1_93' title="bbox 2154 2719 3728 2793; baseline -0.002 -19"><span class='ocrx_word' id='word_1_702' title='bbox 2154 2720 2323 2784; x_wconf 78' lang='grc' dir='ltr'>οὕτως</span> <span class='ocrx_word' id='word_1_703' title='bbox 2351 2722 2545 2792; x_wconf 77' lang='grc' dir='ltr'>ἤγοντο</span> <span class='ocrx_word' id='word_1_704' title='bbox 2572 2720 2659 2773; x_wconf 77' lang='grc' dir='ltr'>διὰ</span> <span class='ocrx_word' id='word_1_705' title='bbox 2680 2720 2788 2773; x_wconf 87' lang='grc' dir='ltr'>τῶν</span> <span class='ocrx_word' id='word_1_706' title='bbox 2817 2720 3303 2793; x_wconf 72' lang='grc' dir='ltr'>ὀργάνωντούτων,</span> <span class='ocrx_word' id='word_1_707' title='bbox 3322 2720 3407 2772; x_wconf 83' lang='grc' dir='ltr'>διὰ</span> <span class='ocrx_word' id='word_1_708' title='bbox 3432 2719 3528 2791; x_wconf 80' lang='grc' dir='ltr'>τὴν</span> <span class='ocrx_word' id='word_1_709' title='bbox 3558 2720 3728 2791; x_wconf 87' lang='grc' dir='ltr'>παχύ-</span> 
     </span>
    </p>
   </div>
   <div class='ocr_carea' id='block_1_94' title="bbox 2153 2802 3729 2874">
    <p class='ocr_par' dir='ltr' id='par_1_94' title="bbox 2153 2802 3729 2874">
     <span class='ocr_line' id='line_1_94' title="bbox 2153 2802 3729 2874; baseline 0 -18"><span class='ocrx_word' id='word_1_710' title='bbox 2153 2820 2291 2874; x_wconf 88' lang='grc' dir='ltr'>τητα</span> <span class='ocrx_word' id='word_1_711' title='bbox 2313 2803 2413 2870; x_wconf 83' lang='grc' dir='ltr'>τῆς</span> <span class='ocrx_word' id='word_1_712' title='bbox 2435 2802 2667 2864; x_wconf 88' lang='grc' dir='ltr'>διανοίας</span> <span class='ocrx_word' id='word_1_713' title='bbox 2689 2802 2891 2865; x_wconf 89' lang='grc' dir='ltr'>αὐτῶν,</span> <span class='ocrx_word' id='word_1_714' title='bbox 2915 2804 3010 2855; x_wconf 73' lang='grc' dir='ltr'>καὶ</span> <span class='ocrx_word' id='word_1_715' title='bbox 3033 2802 3093 2855; x_wconf 84' lang='grc' dir='ltr'>τὸ</span> <span class='ocrx_word' id='word_1_716' title='bbox 3113 2804 3235 2872; x_wconf 84' lang='grc' dir='ltr'>ἄρτι</span> <span class='ocrx_word' id='word_1_717' title='bbox 3257 2803 3604 2857; x_wconf 86' lang='grc' dir='ltr'>ἀπεσπάσθαι</span> <span class='ocrx_word' id='word_1_718' title='bbox 3623 2803 3729 2856; x_wconf 79' lang='grc' dir='ltr'>ἀπὸ</span> 
     </span>
    </p>
   </div>
   <div class='ocr_carea' id='block_1_95' title="bbox 2154 2882 3724 2957">
    <p class='ocr_par' dir='ltr' id='par_1_95' title="bbox 2154 2882 3724 2957">
     <span class='ocr_line' id='line_1_95' title="bbox 2154 2882 3724 2957; baseline -0.002 -17"><span class='ocrx_word' id='word_1_719' title='bbox 2154 2887 2264 2940; x_wconf 87' lang='grc' dir='ltr'>τῶν</span> <span class='ocrx_word' id='word_1_720' title='bbox 2300 2885 2554 2939; x_wconf 75' lang='grc' dir='ltr'>εἰδώλων.</span> <span class='ocrx_word' id='word_1_721' title='bbox 2596 2885 2808 2956; x_wconf 82' lang='grc' dir='ltr'>Ὥσπερ</span> <span class='ocrx_word' id='word_1_722' title='bbox 2841 2882 2935 2939; x_wconf 81' lang='grc' dir='ltr'>οὖν</span> <span class='ocrx_word' id='word_1_723' title='bbox 2972 2886 3071 2949; x_wconf 82' lang='grc' dir='ltr'>τὰς</span> <span class='ocrx_word' id='word_1_724' title='bbox 3100 2886 3290 2948; x_wconf 88' lang='grc' dir='ltr'>θυσίας</span> <span class='ocrx_word' id='word_1_725' title='bbox 3333 2885 3724 2957; x_wconf 80' lang='grc' dir='ltr'>συνεχώρησεν,</span> 
     </span>
    </p>
   </div>
   <div class='ocr_carea' id='block_1_96' title="bbox 2155 2967 3724 3042">
    <p class='ocr_par' dir='ltr' id='par_1_96' title="bbox 2155 2967 3724 3042">
     <span class='ocr_line' id='line_1_96' title="bbox 2155 2967 3724 3042; baseline -0.001 -18"><span class='ocrx_word' id='word_1_726' title='bbox 2155 2970 2297 3024; x_wconf 76' lang='grc' dir='ltr'>οὕτω</span> <span class='ocrx_word' id='word_1_727' title='bbox 2327 2967 2617 3023; x_wconf 74' lang='grc' dir='ltr'>καὶταῦτα</span> <span class='ocrx_word' id='word_1_728' title='bbox 2658 2968 2944 3040; x_wconf 73' lang='grc' dir='ltr'>ἐπέτρεψε,</span> <span class='ocrx_word' id='word_1_729' title='bbox 2981 2969 3427 3037; x_wconf 82' lang='grc' dir='ltr'>συγκαταϐαίνων</span> <span class='ocrx_word' id='word_1_730' title='bbox 3451 2970 3628 3024; x_wconf 83' lang='grc' dir='ltr'>αὐτῶν</span> <span class='ocrx_word' id='word_1_731' title='bbox 3660 2973 3724 3042; x_wconf 81' lang='grc' dir='ltr'>τῇ</span> 
     </span>
    </p>
   </div>
   <div class='ocr_carea' id='block_1_97' title="bbox 2155 3052 3727 3125">
    <p class='ocr_par' dir='ltr' id='par_1_97' title="bbox 2155 3052 3727 3125">
     <span class='ocr_line' id='line_1_97' title="bbox 2155 3052 3727 3125; baseline -0.001 -16"><span class='ocrx_word' id='word_1_732' title='bbox 2155 3056 2425 3125; x_wconf 75' lang='grc' dir='ltr'>ἀσθενείᾳ.</span> <span class='ocrx_word' id='word_1_733' title='bbox 2473 3054 2721 3107; x_wconf 82' lang='grc' dir='ltr'>’Δπαιτεῖ</span> <span class='ocrx_word' id='word_1_734' title='bbox 2762 3054 2942 3108; x_wconf 90' lang='grc' dir='ltr'>τοίνυν</span> <span class='ocrx_word' id='word_1_735' title='bbox 2992 3052 3224 3106; x_wconf 78' lang='grc' dir='ltr'>ἐνταῦθα</span> <span class='ocrx_word' id='word_1_736' title='bbox 3279 3054 3339 3107; x_wconf 80' lang='grc' dir='ltr'>τὸ</span> <span class='ocrx_word' id='word_1_737' title='bbox 3384 3053 3503 3125; x_wconf 88' lang='grc' dir='ltr'>μεθ’</span> <span class='ocrx_word' id='word_1_738' title='bbox 3540 3054 3727 3125; x_wconf 78' lang='grc' dir='ltr'>ἡδονῆς</span> 
     </span>
    </p>
   </div>
   <div class='ocr_carea' id='block_1_98' title="bbox 2154 3136 3728 3211">
    <p class='ocr_par' dir='ltr' id='par_1_98' title="bbox 2154 3136 3728 3211">
     <span class='ocr_line' id='line_1_98' title="bbox 2154 3136 3728 3211; baseline -0.001 -19"><span class='ocrx_word' id='word_1_739' title='bbox 2154 3140 2321 3211; x_wconf 84' lang='grc' dir='ltr'>ᾄδειν·</span> <span class='ocrx_word' id='word_1_740' title='bbox 2364 3136 2522 3191; x_wconf 85' lang='grc' dir='ltr'>τοῦτο</span> <span class='ocrx_word' id='word_1_741' title='bbox 2562 3136 2670 3206; x_wconf 86' lang='grc' dir='ltr'>γάρ</span> <span class='ocrx_word' id='word_1_742' title='bbox 2697 3137 2812 3190; x_wconf 74' lang='grc' dir='ltr'>ἐστι</span> <span class='ocrx_word' id='word_1_743' title='bbox 2842 3136 2923 3203; x_wconf 82' lang='grc' dir='ltr'>τὸ,</span> <span class='ocrx_word' id='word_1_744' title='bbox 2959 3136 3381 3191; x_wconf 83' lang='grc' dir='ltr'>Αὶνεσάτωσαν</span> <span class='ocrx_word' id='word_1_745' title='bbox 3426 3139 3492 3191; x_wconf 84' lang='grc' dir='ltr'>τὸ</span> <span class='ocrx_word' id='word_1_746' title='bbox 3544 3137 3728 3206; x_wconf 78' lang='grc' dir='ltr'>ὄνομα</span> 
     </span>
    </p>
   </div>
   <div class='ocr_carea' id='block_1_99' title="bbox 2154 3218 3727 3290">
    <p class='ocr_par' dir='ltr' id='par_1_99' title="bbox 2154 3218 3727 3290">
     <span class='ocr_line' id='line_1_99' title="bbox 2154 3218 3727 3290; baseline -0.001 -16"><span class='ocrx_word' id='word_1_747' title='bbox 2154 3220 2340 3275; x_wconf 86' lang='grc' dir='ltr'>αὐτοῦ</span> <span class='ocrx_word' id='word_1_748' title='bbox 2377 3221 2447 3273; x_wconf 89' lang='grc' dir='ltr'>ἐν</span> <span class='ocrx_word' id='word_1_749' title='bbox 2484 3218 2661 3289; x_wconf 83' lang='grc' dir='ltr'>χορῷ,</span> <span class='ocrx_word' id='word_1_750' title='bbox 2698 3219 2760 3271; x_wconf 82' lang='grc' dir='ltr'>τὸ</span> <span class='ocrx_word' id='word_1_751' title='bbox 2806 3218 2944 3289; x_wconf 84' lang='grc' dir='ltr'>μετά</span> <span class='ocrx_word' id='word_1_752' title='bbox 2986 3219 3319 3290; x_wconf 80' lang='grc' dir='ltr'>συμφωνίας,</span> <span class='ocrx_word' id='word_1_753' title='bbox 3353 3218 3413 3272; x_wconf 83' lang='grc' dir='ltr'>τὸ</span> <span class='ocrx_word' id='word_1_754' title='bbox 3444 3221 3581 3288; x_wconf 87' lang='grc' dir='ltr'>μετά</span> <span class='ocrx_word' id='word_1_755' title='bbox 3614 3221 3727 3289; x_wconf 77' lang='grc' dir='ltr'>βίου</span> 
     </span>
    </p>
   </div>
   <div class='ocr_carea' id='block_1_100' title="bbox 2155 3299 3728 3374">
    <p class='ocr_par' dir='ltr' id='par_1_100' title="bbox 2155 3299 3728 3374">
     <span class='ocr_line' id='line_1_100' title="bbox 2155 3299 3728 3374; baseline -0.002 -16"><span class='ocrx_word' id='word_1_756' title='bbox 2155 3303 2414 3374; x_wconf 80' lang='grc' dir='ltr'>καθαροῦ.</span> <span class='ocrx_word' id='word_1_757' title='bbox 2459 3299 2592 3357; x_wconf 84' lang='grc' dir='ltr'>Εἶτα</span> <span class='ocrx_word' id='word_1_758' title='bbox 2623 3301 2784 3356; x_wconf 83' lang='grc' dir='ltr'>πάλιν</span> <span class='ocrx_word' id='word_1_759' title='bbox 2814 3303 2895 3365; x_wconf 86' lang='grc' dir='ltr'>είς</span> <span class='ocrx_word' id='word_1_760' title='bbox 2926 3301 3143 3355; x_wconf 87' lang='grc' dir='ltr'>πλείονα</span> <span class='ocrx_word' id='word_1_761' title='bbox 3188 3301 3492 3374; x_wconf 81' lang='grc' dir='ltr'>προθυμίαν</span> <span class='ocrx_word' id='word_1_762' title='bbox 3533 3303 3728 3366; x_wconf 73' lang='grc' dir='ltr'>αὐτοὺς</span> 
     </span>
    </p>
   </div>
   <div class='ocr_carea' id='block_1_101' title="bbox 2153 3383 3728 3459">
    <p class='ocr_par' dir='ltr' id='par_1_101' title="bbox 2153 3383 3728 3459">
     <span class='ocr_line' id='line_1_101' title="bbox 2153 3383 3728 3459; baseline -0.002 -19"><span class='ocrx_word' id='word_1_763' title='bbox 2153 3386 2450 3459; x_wconf 86' lang='grc' dir='ltr'>διεγείρων,</span> <span class='ocrx_word' id='word_1_764' title='bbox 2478 3385 2626 3454; x_wconf 88' lang='grc' dir='ltr'>λέγει</span> <span class='ocrx_word' id='word_1_765' title='bbox 2653 3385 2746 3438; x_wconf 75' lang='grc' dir='ltr'>καὶ</span> <span class='ocrx_word' id='word_1_766' title='bbox 2772 3383 2863 3437; x_wconf 86' lang='grc' dir='ltr'>τοῦ</span> <span class='ocrx_word' id='word_1_767' title='bbox 2889 3385 3224 3455; x_wconf 83' lang='grc' dir='ltr'>ὐμνουμένου</span> <span class='ocrx_word' id='word_1_768' title='bbox 3250 3387 3349 3456; x_wconf 82' lang='grc' dir='ltr'>τήν</span> <span class='ocrx_word' id='word_1_769' title='bbox 3384 3384 3593 3438; x_wconf 85' lang='grc' dir='ltr'>εὐνοιαν</span> <span class='ocrx_word' id='word_1_770' title='bbox 3628 3386 3728 3455; x_wconf 84' lang='grc' dir='ltr'>τὴν</span> 
     </span>
    </p>
   </div>
   <div class='ocr_carea' id='block_1_102' title="bbox 2154 3468 3724 3547">
    <p class='ocr_par' dir='ltr' id='par_1_102' title="bbox 2154 3468 3724 3547">
     <span class='ocr_line' id='line_1_102' title="bbox 2154 3468 3724 3547; baseline -0.001 -23"><span class='ocrx_word' id='word_1_771' title='bbox 2154 3472 2281 3542; x_wconf 76' lang='grc' dir='ltr'>περὶ</span> <span class='ocrx_word' id='word_1_772' title='bbox 2317 3470 2530 3534; x_wconf 87' lang='grc' dir='ltr'>αὐτούς.</span> <span class='ocrx_word' id='word_1_773' title='bbox 2573 3469 2799 3547; x_wconf 78' lang='grc' dir='ltr'>Ἐπὰγει</span> <span class='ocrx_word' id='word_1_774' title='bbox 2840 3468 2968 3540; x_wconf 85' lang='grc' dir='ltr'>γάρ·</span> <span class='ocrx_word' id='word_1_775' title='bbox 3001 3469 3119 3521; x_wconf 88' lang='grc' dir='ltr'>Ὅτι</span> <span class='ocrx_word' id='word_1_776' title='bbox 3149 3468 3387 3523; x_wconf 82' lang='grc' dir='ltr'>εὐδοκεῖ</span> <span class='ocrx_word' id='word_1_777' title='bbox 3418 3470 3629 3538; x_wconf 82' lang='grc' dir='ltr'>Κύριος</span> <span class='ocrx_word' id='word_1_778' title='bbox 3658 3471 3724 3523; x_wconf 76' lang='grc' dir='ltr'>ἐν</span> 
     </span>
    </p>
   </div>
   <div class='ocr_carea' id='block_1_103' title="bbox 2152 3555 3728 3628">
    <p class='ocr_par' dir='ltr' id='par_1_103' title="bbox 2152 3555 3728 3628">
     <span class='ocr_line' id='line_1_103' title="bbox 2152 3555 3728 3628; baseline -0.002 -17"><span class='ocrx_word' id='word_1_779' title='bbox 2152 3557 2232 3622; x_wconf 86' lang='grc' dir='ltr'>τῷ</span> <span class='ocrx_word' id='word_1_780' title='bbox 2251 3558 2376 3622; x_wconf 72' lang='grc' dir='ltr'>λαῷ</span> <span class='ocrx_word' id='word_1_781' title='bbox 2401 3557 2605 3611; x_wconf 83' lang='grc' dir='ltr'>αὐτοῦ.</span> <span class='ocrx_word' id='word_1_782' title='bbox 2635 3556 2698 3609; x_wconf 91' lang='grc' dir='ltr'>Τί</span> <span class='ocrx_word' id='word_1_783' title='bbox 2732 3557 2932 3626; x_wconf 87' lang='grc' dir='ltr'>ταύτης</span> <span class='ocrx_word' id='word_1_784' title='bbox 2962 3557 3072 3609; x_wconf 72' lang='grc' dir='ltr'>ἴσον</span> <span class='ocrx_word' id='word_1_785' title='bbox 3091 3555 3286 3623; x_wconf 88' lang='grc' dir='ltr'>γένοιτ’</span> <span class='ocrx_word' id='word_1_786' title='bbox 3313 3556 3378 3612; x_wconf 81' lang='grc' dir='ltr'>ἂν</span> <span class='ocrx_word' id='word_1_787' title='bbox 3411 3556 3509 3626; x_wconf 83' lang='grc' dir='ltr'>τῆς</span> <span class='ocrx_word' id='word_1_788' title='bbox 3531 3557 3728 3628; x_wconf 86' lang='grc' dir='ltr'>εὐημε-</span> 
     </span>
    </p>
   </div>
   <div class='ocr_carea' id='block_1_104' title="bbox 2155 3635 3729 3715">
    <p class='ocr_par' dir='ltr' id='par_1_104' title="bbox 2155 3635 3729 3715">
     <span class='ocr_line' id='line_1_104' title="bbox 2155 3635 3729 3715; baseline 0.001 -23"><span class='ocrx_word' id='word_1_789' title='bbox 2155 3642 2293 3713; x_wconf 83' lang='grc' dir='ltr'>ρίας,</span> <span class='ocrx_word' id='word_1_790' title='bbox 2328 3642 2454 3694; x_wconf 79' lang='grc' dir='ltr'>ὅταν</span> <span class='ocrx_word' id='word_1_791' title='bbox 2490 3639 2676 3715; x_wconf 31' lang='grc' dir='ltr'>όΑΘεὺς</span> <span class='ocrx_word' id='word_1_792' title='bbox 2715 3639 2872 3700; x_wconf 82' lang='grc' dir='ltr'>ἵλεως</span> <span class='ocrx_word' id='word_1_793' title='bbox 2914 3635 2978 3711; x_wconf 83' lang='grc' dir='ltr'>ᾗ;</span> <span class='ocrx_word' id='word_1_794' title='bbox 3020 3639 3126 3691; x_wconf 81' lang='grc' dir='ltr'>Καὶ</span> <span class='ocrx_word' id='word_1_795' title='bbox 3170 3638 3400 3715; x_wconf 68' lang='grc' dir='ltr'>ὑψώσει</span> <span class='ocrx_word' id='word_1_796' title='bbox 3432 3640 3634 3707; x_wconf 72' lang='grc' dir='ltr'>πραεῖς</span> <span class='ocrx_word' id='word_1_797' title='bbox 3659 3640 3729 3693; x_wconf 83' lang='grc' dir='ltr'>ἐν</span> 
     </span>
    </p>
   </div>
   <div class='ocr_carea' id='block_1_105' title="bbox 2152 3709 3726 3795">
    <p class='ocr_par' dir='ltr' id='par_1_105' title="bbox 2152 3709 3726 3795">
     <span class='ocr_line' id='line_1_105' title="bbox 2152 3709 3726 3795; baseline -0.003 -17"><span class='ocrx_word' id='word_1_798' title='bbox 2152 3709 2432 3792; x_wconf 77' lang='grc' dir='ltr'>σωτηρίᾳ.</span> <span class='ocrx_word' id='word_1_799' title='bbox 2466 3709 2606 3795; x_wconf 54' lang='lat' dir='ltr'>&quot;(ipa</span> <span class='ocrx_word' id='word_1_800' title='bbox 2644 3724 2805 3778; x_wconf 89' lang='grc' dir='ltr'>πάλιν</span> <span class='ocrx_word' id='word_1_801' title='bbox 2836 3709 2951 3785; x_wconf 73' lang='grc' dir='ltr'>πῶς</span> <span class='ocrx_word' id='word_1_802' title='bbox 2982 3723 3075 3776; x_wconf 72' lang='grc' dir='ltr'>καὶ</span> <span class='ocrx_word' id='word_1_803' title='bbox 3105 3723 3173 3775; x_wconf 77' lang='grc' dir='ltr'>τὰ</span> <span class='ocrx_word' id='word_1_804' title='bbox 3209 3710 3309 3775; x_wconf 83' lang='grc' dir='ltr'>τοῦ</span> <span class='ocrx_word' id='word_1_805' title='bbox 3344 3721 3481 3776; x_wconf 82' lang='grc' dir='ltr'>Θεοῦ</span> <span class='ocrx_word' id='word_1_806' title='bbox 3524 3723 3726 3794; x_wconf 85' lang='grc' dir='ltr'>τίθησι,</span> 
     </span>
    </p>
   </div>
   <div class='ocr_carea' id='block_1_106' title="bbox 2153 3804 3727 3877">
    <p class='ocr_par' dir='ltr' id='par_1_106' title="bbox 2153 3804 3727 3877">
     <span class='ocr_line' id='line_1_106' title="bbox 2153 3804 3727 3877; baseline -0.002 -15"><span class='ocrx_word' id='word_1_807' title='bbox 2153 3809 2248 3862; x_wconf 77' lang='grc' dir='ltr'>καὶ</span> <span class='ocrx_word' id='word_1_808' title='bbox 2279 3809 2345 3861; x_wconf 80' lang='grc' dir='ltr'>τὰ</span> <span class='ocrx_word' id='word_1_809' title='bbox 2382 3807 2489 3859; x_wconf 88' lang='grc' dir='ltr'>τῶν</span> <span class='ocrx_word' id='word_1_810' title='bbox 2522 3805 2845 3876; x_wconf 87' lang='grc' dir='ltr'>ἀνθρώπων.</span> <span class='ocrx_word' id='word_1_811' title='bbox 2878 3807 3087 3877; x_wconf 84' lang='grc' dir='ltr'>Ὥσπερ</span> <span class='ocrx_word' id='word_1_812' title='bbox 3123 3804 3213 3860; x_wconf 82' lang='grc' dir='ltr'>οὖν</span> <span class='ocrx_word' id='word_1_813' title='bbox 3239 3808 3349 3860; x_wconf 85' lang='grc' dir='ltr'>ἄνω</span> <span class='ocrx_word' id='word_1_814' title='bbox 3379 3807 3478 3875; x_wconf 81' lang='grc' dir='ltr'>τὴν</span> <span class='ocrx_word' id='word_1_815' title='bbox 3506 3808 3727 3877; x_wconf 87' lang='grc' dir='ltr'>εὐχαρι-</span> 
     </span>
    </p>
   </div>
   <div class='ocr_carea' id='block_1_107' title="bbox 2155 3889 3725 3962">
    <p class='ocr_par' dir='ltr' id='par_1_107' title="bbox 2155 3889 3725 3962">
     <span class='ocr_line' id='line_1_107' title="bbox 2155 3889 3725 3962; baseline -0.002 -18"><span class='ocrx_word' id='word_1_816' title='bbox 2155 3892 2306 3944; x_wconf 86' lang='grc' dir='ltr'>στίαν</span> <span class='ocrx_word' id='word_1_817' title='bbox 2346 3891 2475 3962; x_wconf 84' lang='grc' dir='ltr'>παρ’</span> <span class='ocrx_word' id='word_1_818' title='bbox 2514 3889 2690 3943; x_wconf 85' lang='grc' dir='ltr'>αὐτῶν</span> <span class='ocrx_word' id='word_1_819' title='bbox 2717 3889 2983 3954; x_wconf 83' lang='grc' dir='ltr'>ἀπαιτῶν,</span> <span class='ocrx_word' id='word_1_820' title='bbox 3008 3890 3103 3942; x_wconf 79' lang='grc' dir='ltr'>καὶ</span> <span class='ocrx_word' id='word_1_821' title='bbox 3134 3890 3201 3942; x_wconf 86' lang='grc' dir='ltr'>τὰ</span> <span class='ocrx_word' id='word_1_822' title='bbox 3226 3890 3317 3942; x_wconf 89' lang='grc' dir='ltr'>τοῦ</span> <span class='ocrx_word' id='word_1_823' title='bbox 3348 3889 3482 3942; x_wconf 86' lang='grc' dir='ltr'>Θεοῦ</span> <span class='ocrx_word' id='word_1_824' title='bbox 3517 3890 3725 3959; x_wconf 84' lang='grc' dir='ltr'>είσῆγε,</span> 
     </span>
    </p>
   </div>
   <div class='ocr_carea' id='block_1_108' title="bbox 2151 3972 3728 4042">
    <p class='ocr_par' dir='ltr' id='par_1_108' title="bbox 2151 3972 3728 4042">
     <span class='ocr_line' id='line_1_108' title="bbox 2151 3972 3728 4042; baseline 0 -15"><span class='ocrx_word' id='word_1_825' title='bbox 2151 3974 2340 4042; x_wconf 84' lang='grc' dir='ltr'>λέγων·</span> <span class='ocrx_word' id='word_1_826' title='bbox 2362 3974 2492 4027; x_wconf 79' lang='grc' dir='ltr'>’Ὁτι</span> <span class='ocrx_word' id='word_1_827' title='bbox 2520 3974 2757 4028; x_wconf 80' lang='grc' dir='ltr'>εὐδοκεῖ</span> <span class='ocrx_word' id='word_1_828' title='bbox 2776 3974 2988 4042; x_wconf 80' lang='grc' dir='ltr'>Κύριος</span> <span class='ocrx_word' id='word_1_829' title='bbox 3014 3975 3083 4026; x_wconf 84' lang='grc' dir='ltr'>ἐν</span> <span class='ocrx_word' id='word_1_830' title='bbox 3104 3972 3182 4038; x_wconf 81' lang='grc' dir='ltr'>τῷ</span> <span class='ocrx_word' id='word_1_831' title='bbox 3202 3973 3326 4038; x_wconf 81' lang='grc' dir='ltr'>λαῷ</span> <span class='ocrx_word' id='word_1_832' title='bbox 3353 3974 3557 4028; x_wconf 81' lang='grc' dir='ltr'>αὐτοῦ·</span> <span class='ocrx_word' id='word_1_833' title='bbox 3586 3974 3728 4027; x_wconf 81' lang='grc' dir='ltr'>οὕτω</span> 
     </span>
    </p>
   </div>
   <div class='ocr_carea' id='block_1_109' title="bbox 2152 4052 3725 4129">
    <p class='ocr_par' dir='ltr' id='par_1_109' title="bbox 2152 4052 3725 4129">
     <span class='ocr_line' id='line_1_109' title="bbox 2152 4052 3725 4129; baseline 0 -18"><span class='ocrx_word' id='word_1_834' title='bbox 2152 4060 2245 4111; x_wconf 71' lang='grc' dir='ltr'>καὶ</span> <span class='ocrx_word' id='word_1_835' title='bbox 2303 4052 2534 4111; x_wconf 81' lang='grc' dir='ltr'>ἐνταῦθα</span> <span class='ocrx_word' id='word_1_836' title='bbox 2582 4057 2743 4111; x_wconf 84' lang='grc' dir='ltr'>πάλιν</span> <span class='ocrx_word' id='word_1_837' title='bbox 2797 4057 3258 4128; x_wconf 82' lang='grc' dir='ltr'>ἐπαγγελλόμενος</span> <span class='ocrx_word' id='word_1_838' title='bbox 3321 4058 3386 4110; x_wconf 74' lang='grc' dir='ltr'>τὰ</span> <span class='ocrx_word' id='word_1_839' title='bbox 3429 4058 3581 4129; x_wconf 70' lang='grc' dir='ltr'>παρὰ</span> <span class='ocrx_word' id='word_1_840' title='bbox 3629 4058 3725 4111; x_wconf 88' lang='grc' dir='ltr'>τοῦ</span> 
     </span>
    </p>
   </div>
   <div class='ocr_carea' id='block_1_110' title="bbox 2150 4141 3729 4213">
    <p class='ocr_par' dir='ltr' id='par_1_110' title="bbox 2150 4141 3729 4213">
     <span class='ocr_line' id='line_1_110' title="bbox 2150 4141 3729 4213; baseline 0 -18"><span class='ocrx_word' id='word_1_841' title='bbox 2150 4141 2304 4203; x_wconf 86' lang='grc' dir='ltr'>Θεοῦ,</span> <span class='ocrx_word' id='word_1_842' title='bbox 2341 4143 2559 4195; x_wconf 85' lang='grc' dir='ltr'>ἀπαιτεῖ</span> <span class='ocrx_word' id='word_1_843' title='bbox 2599 4143 2692 4194; x_wconf 71' lang='grc' dir='ltr'>καὶ</span> <span class='ocrx_word' id='word_1_844' title='bbox 2732 4141 2801 4194; x_wconf 76' lang='grc' dir='ltr'>τὰ</span> <span class='ocrx_word' id='word_1_845' title='bbox 2836 4142 2986 4211; x_wconf 80' lang='grc' dir='ltr'>παρὰ</span> <span class='ocrx_word' id='word_1_846' title='bbox 3016 4141 3337 4213; x_wconf 83' lang='grc' dir='ltr'>ἀνθρώπων,</span> <span class='ocrx_word' id='word_1_847' title='bbox 3383 4141 3574 4208; x_wconf 78' lang='grc' dir='ltr'>λέγων·</span> <span class='ocrx_word' id='word_1_848' title='bbox 3616 4141 3729 4195; x_wconf 71' lang='grc' dir='ltr'>Καὶ</span> 
     </span>
    </p>
   </div>
   <div class='ocr_carea' id='block_1_111' title="bbox 2149 4223 3725 4295">
    <p class='ocr_par' dir='ltr' id='par_1_111' title="bbox 2149 4223 3725 4295">
     <span class='ocr_line' id='line_1_111' title="bbox 2149 4223 3725 4295; baseline -0.002 -16"><span class='ocrx_word' id='word_1_849' title='bbox 2149 4224 2381 4293; x_wconf 66' lang='grc' dir='ltr'>ὑψώσει</span> <span class='ocrx_word' id='word_1_850' title='bbox 2401 4224 2606 4291; x_wconf 77' lang='grc' dir='ltr'>πραεῖς</span> <span class='ocrx_word' id='word_1_851' title='bbox 2622 4225 2689 4277; x_wconf 82' lang='grc' dir='ltr'>ἐν</span> <span class='ocrx_word' id='word_1_852' title='bbox 2709 4225 2989 4293; x_wconf 80' lang='grc' dir='ltr'>σωτηρίᾳ.</span> <span class='ocrx_word' id='word_1_853' title='bbox 3024 4225 3096 4276; x_wconf 85' lang='grc' dir='ltr'>Τὸ</span> <span class='ocrx_word' id='word_1_854' title='bbox 3122 4224 3217 4293; x_wconf 83' lang='grc' dir='ltr'>μὲν</span> <span class='ocrx_word' id='word_1_855' title='bbox 3238 4223 3344 4295; x_wconf 80' lang='grc' dir='ltr'>γὰρ</span> <span class='ocrx_word' id='word_1_856' title='bbox 3372 4224 3603 4291; x_wconf 58' lang='grc' dir='ltr'>ὑψῶσαι,</span> <span class='ocrx_word' id='word_1_857' title='bbox 3630 4224 3725 4276; x_wconf 88' lang='grc' dir='ltr'>τοῦ</span> 
     </span>
    </p>
   </div>
   <div class='ocr_carea' id='block_1_112' title="bbox 2150 4305 3724 4378">
    <p class='ocr_par' dir='ltr' id='par_1_112' title="bbox 2150 4305 3724 4378">
     <span class='ocr_line' id='line_1_112' title="bbox 2150 4305 3724 4378; baseline -0.002 -17"><span class='ocrx_word' id='word_1_858' title='bbox 2150 4307 2304 4361; x_wconf 84' lang='grc' dir='ltr'>Θεοῦ·</span> <span class='ocrx_word' id='word_1_859' title='bbox 2337 4308 2397 4359; x_wconf 83' lang='grc' dir='ltr'>τὺ</span> <span class='ocrx_word' id='word_1_860' title='bbox 2427 4308 2483 4360; x_wconf 82' lang='grc' dir='ltr'>δὲ</span> <span class='ocrx_word' id='word_1_861' title='bbox 2515 4308 2688 4378; x_wconf 80' lang='grc' dir='ltr'>πρᾶον</span> <span class='ocrx_word' id='word_1_862' title='bbox 2720 4305 2878 4369; x_wconf 81' lang='grc' dir='ltr'>εἶναι,</span> <span class='ocrx_word' id='word_1_863' title='bbox 2909 4306 3017 4359; x_wconf 84' lang='grc' dir='ltr'>τῶν</span> <span class='ocrx_word' id='word_1_864' title='bbox 3045 4305 3363 4376; x_wconf 79' lang='grc' dir='ltr'>ἀνθρώπων.</span> <span class='ocrx_word' id='word_1_865' title='bbox 3392 4307 3465 4358; x_wconf 84' lang='grc' dir='ltr'>Οὐ</span> <span class='ocrx_word' id='word_1_866' title='bbox 3498 4306 3606 4377; x_wconf 82' lang='grc' dir='ltr'>γὰρ</span> <span class='ocrx_word' id='word_1_867' title='bbox 3635 4307 3724 4373; x_wconf 87' lang='grc' dir='ltr'>γί-</span> 
     </span>
    </p>
   </div>
   <div class='ocr_carea' id='block_1_113' title="bbox 2151 4390 3724 4461">
    <p class='ocr_par' dir='ltr' id='par_1_113' title="bbox 2151 4390 3724 4461">
     <span class='ocr_line' id='line_1_113' title="bbox 2151 4390 3724 4461; baseline -0.001 -17"><span class='ocrx_word' id='word_1_868' title='bbox 2151 4409 2298 4445; x_wconf 90' lang='grc' dir='ltr'>νεται</span> <span class='ocrx_word' id='word_1_869' title='bbox 2329 4392 2397 4443; x_wconf 84' lang='grc' dir='ltr'>τά</span> <span class='ocrx_word' id='word_1_870' title='bbox 2428 4392 2578 4461; x_wconf 74' lang='grc' dir='ltr'>παρὰ</span> <span class='ocrx_word' id='word_1_871' title='bbox 2611 4390 2703 4442; x_wconf 87' lang='grc' dir='ltr'>τοῦ</span> <span class='ocrx_word' id='word_1_872' title='bbox 2734 4391 2889 4456; x_wconf 85' lang='grc' dir='ltr'>Θεοῦ,</span> <span class='ocrx_word' id='word_1_873' title='bbox 2917 4391 3009 4442; x_wconf 76' lang='grc' dir='ltr'>ἐὰν</span> <span class='ocrx_word' id='word_1_874' title='bbox 3040 4391 3113 4461; x_wconf 86' lang='grc' dir='ltr'>μὴ</span> <span class='ocrx_word' id='word_1_875' title='bbox 3146 4392 3211 4443; x_wconf 84' lang='grc' dir='ltr'>τὰ</span> <span class='ocrx_word' id='word_1_876' title='bbox 3240 4391 3389 4461; x_wconf 73' lang='grc' dir='ltr'>παρὰ</span> <span class='ocrx_word' id='word_1_877' title='bbox 3422 4390 3724 4461; x_wconf 81' lang='grc' dir='ltr'>ἀνθρώπων</span> 
     </span>
    </p>
   </div>
   <div class='ocr_carea' id='block_1_114' title="bbox 2150 4474 3724 4548">
    <p class='ocr_par' dir='ltr' id='par_1_114' title="bbox 2150 4474 3724 4548">
     <span class='ocr_line' id='line_1_114' title="bbox 2150 4474 3724 4548; baseline -0.001 -19"><span class='ocrx_word' id='word_1_878' title='bbox 2150 4476 2534 4548; x_wconf 82' lang='grc' dir='ltr'>προηγήσηται</span> <span class='ocrx_word' id='word_1_879' title='bbox 2560 4486 2603 4531; x_wconf 72' lang='grc' dir='ltr'>θ.</span> <span class='ocrx_word' id='word_1_880' title='bbox 2635 4475 2746 4528; x_wconf 80' lang='grc' dir='ltr'>Καὶ</span> <span class='ocrx_word' id='word_1_881' title='bbox 2768 4475 2868 4546; x_wconf 86' lang='grc' dir='ltr'>ὅρα</span> <span class='ocrx_word' id='word_1_882' title='bbox 2896 4475 2996 4543; x_wconf 76' lang='grc' dir='ltr'>τῆς</span> <span class='ocrx_word' id='word_1_883' title='bbox 3019 4475 3224 4546; x_wconf 85' lang='grc' dir='ltr'>δωρεᾶς</span> <span class='ocrx_word' id='word_1_884' title='bbox 3248 4475 3307 4528; x_wconf 86' lang='grc' dir='ltr'>τὸ</span> <span class='ocrx_word' id='word_1_885' title='bbox 3336 4474 3578 4544; x_wconf 83' lang='grc' dir='ltr'>μέγεθος.</span> <span class='ocrx_word' id='word_1_886' title='bbox 3610 4476 3724 4527; x_wconf 65' lang='grc' dir='ltr'>Οὐκ</span> 
     </span>
    </p>
   </div>
   <div class='ocr_carea' id='block_1_115' title="bbox 2148 4555 3720 4625">
    <p class='ocr_par' dir='ltr' id='par_1_115' title="bbox 2148 4555 3720 4625">
     <span class='ocr_line' id='line_1_115' title="bbox 2148 4555 3720 4625; baseline 0 -13"><span class='ocrx_word' id='word_1_887' title='bbox 2148 4555 2287 4625; x_wconf 85' lang='grc' dir='ltr'>εἷπε,</span> <span class='ocrx_word' id='word_1_888' title='bbox 2328 4558 2518 4621; x_wconf 88' lang='grc' dir='ltr'>Σώσει,</span> <span class='ocrx_word' id='word_1_889' title='bbox 2576 4557 2791 4620; x_wconf 85' lang='grc' dir='ltr'>ἁπλῶς,</span> <span class='ocrx_word' id='word_1_890' title='bbox 2838 4557 2972 4623; x_wconf 85' lang='grc' dir='ltr'>ἀλλ’,</span> <span class='ocrx_word' id='word_1_891' title='bbox 3023 4558 3271 4625; x_wconf 70' lang='grc' dir='ltr'>’Υψώσει</span> <span class='ocrx_word' id='word_1_892' title='bbox 3324 4558 3392 4610; x_wconf 80' lang='grc' dir='ltr'>ἐν</span> <span class='ocrx_word' id='word_1_893' title='bbox 3440 4559 3720 4625; x_wconf 70' lang='grc' dir='ltr'>σωτηρίᾳ,</span> 
     </span>
    </p>
   </div>
   <div class='ocr_carea' id='block_1_116' title="bbox 2149 4639 3722 4710">
    <p class='ocr_par' dir='ltr' id='par_1_116' title="bbox 2149 4639 3722 4710">
     <span class='ocr_line' id='line_1_116' title="bbox 2149 4639 3722 4710; baseline -0.001 -16"><span class='ocrx_word' id='word_1_894' title='bbox 2149 4643 2455 4699; x_wconf 83' lang='grc' dir='ltr'>Τουτέστιν.</span> <span class='ocrx_word' id='word_1_895' title='bbox 2488 4642 2602 4694; x_wconf 92' lang='grc' dir='ltr'>Οὐκ</span> <span class='ocrx_word' id='word_1_896' title='bbox 2646 4640 2943 4704; x_wconf 80' lang='grc' dir='ltr'>ἀπαλλάξει</span> <span class='ocrx_word' id='word_1_897' title='bbox 2982 4639 3090 4692; x_wconf 86' lang='grc' dir='ltr'>τῶν</span> <span class='ocrx_word' id='word_1_898' title='bbox 3134 4640 3322 4693; x_wconf 89' lang='grc' dir='ltr'>δεινῶν</span> <span class='ocrx_word' id='word_1_899' title='bbox 3369 4641 3546 4710; x_wconf 84' lang='grc' dir='ltr'>μόνον,</span> <span class='ocrx_word' id='word_1_900' title='bbox 3587 4640 3722 4693; x_wconf 85' lang='grc' dir='ltr'>ἀλλά</span> 
     </span>
    </p>
   </div>
   <div class='ocr_carea' id='block_1_117' title="bbox 2147 4722 3721 4794">
    <p class='ocr_par' dir='ltr' id='par_1_117' title="bbox 2147 4722 3721 4794">
     <span class='ocr_line' id='line_1_117' title="bbox 2147 4722 3721 4794; baseline -0.001 -16"><span class='ocrx_word' id='word_1_901' title='bbox 2147 4725 2241 4778; x_wconf 74' lang='grc' dir='ltr'>καὶ</span> <span class='ocrx_word' id='word_1_902' title='bbox 2270 4724 2661 4794; x_wconf 75' lang='grc' dir='ltr'>περιϐλέπτους</span> <span class='ocrx_word' id='word_1_903' title='bbox 2691 4725 2906 4794; x_wconf 84' lang='grc' dir='ltr'>ποιήσει</span> <span class='ocrx_word' id='word_1_904' title='bbox 2935 4723 3028 4777; x_wconf 78' lang='grc' dir='ltr'>καὶ</span> <span class='ocrx_word' id='word_1_905' title='bbox 3051 4725 3387 4792; x_wconf 83' lang='grc' dir='ltr'>περιφανεῖς,</span> <span class='ocrx_word' id='word_1_906' title='bbox 3412 4722 3558 4794; x_wconf 80' lang='grc'>[5001</span> <span class='ocrx_word' id='word_1_907' title='bbox 3584 4723 3721 4792; x_wconf 84' lang='grc' dir='ltr'>μετά</span> 
     </span>
    </p>
   </div>
   <div class='ocr_carea' id='block_1_118' title="bbox 2144 4805 3719 4878">
    <p class='ocr_par' dir='ltr' id='par_1_118' title="bbox 2144 4805 3719 4878">
     <span class='ocr_line' id='line_1_118' title="bbox 2144 4805 3719 4878; baseline 0 -19"><span class='ocrx_word' id='word_1_908' title='bbox 2144 4808 2246 4877; x_wconf 80' lang='grc' dir='ltr'>τῆς</span> <span class='ocrx_word' id='word_1_909' title='bbox 2273 4807 2545 4877; x_wconf 84' lang='grc' dir='ltr'>σωτηρίας</span> <span class='ocrx_word' id='word_1_910' title='bbox 2576 4808 2669 4859; x_wconf 77' lang='grc' dir='ltr'>καὶ</span> <span class='ocrx_word' id='word_1_911' title='bbox 2712 4805 2807 4877; x_wconf 82' lang='grc' dir='ltr'>τὴν</span> <span class='ocrx_word' id='word_1_912' title='bbox 2844 4806 2999 4871; x_wconf 81' lang='grc' dir='ltr'>δόξαν</span> <span class='ocrx_word' id='word_1_913' title='bbox 3033 4808 3216 4869; x_wconf 89' lang='grc' dir='ltr'>αὐτοῖς</span> <span class='ocrx_word' id='word_1_914' title='bbox 3245 4806 3519 4878; x_wconf 81' lang='grc' dir='ltr'>παρέχων.</span> <span class='ocrx_word' id='word_1_915' title='bbox 3552 4805 3719 4859; x_wconf 84' lang='grc' dir='ltr'>Τοῦτο</span> 
     </span>
    </p>
   </div>
   <div class='ocr_carea' id='block_1_119' title="bbox 2145 4888 3717 4960">
    <p class='ocr_par' dir='ltr' id='par_1_119' title="bbox 2145 4888 3717 4960">
     <span class='ocr_line' id='line_1_119' title="bbox 2145 4888 3717 4960; baseline 0 -17"><span class='ocrx_word' id='word_1_916' title='bbox 2145 4890 2275 4958; x_wconf 84' lang='grc' dir='ltr'>γοῦν</span> <span class='ocrx_word' id='word_1_917' title='bbox 2305 4891 2396 4942; x_wconf 75' lang='grc' dir='ltr'>καὶ</span> <span class='ocrx_word' id='word_1_918' title='bbox 2430 4889 2708 4958; x_wconf 81' lang='grc' dir='ltr'>διασαφῶν</span> <span class='ocrx_word' id='word_1_919' title='bbox 2743 4890 2990 4960; x_wconf 73' lang='grc' dir='ltr'>ἐπήγαγε</span> <span class='ocrx_word' id='word_1_920' title='bbox 3031 4889 3211 4952; x_wconf 85' lang='grc' dir='ltr'>πάλιν,</span> <span class='ocrx_word' id='word_1_921' title='bbox 3250 4888 3439 4955; x_wconf 87' lang='grc' dir='ltr'>λέγων·</span> <span class='ocrx_word' id='word_1_922' title='bbox 3479 4888 3717 4959; x_wconf 81' lang='grc' dir='ltr'>Καυχή-</span> 
     </span>
    </p>
   </div>
   <div class='ocr_carea' id='block_1_120' title="bbox 2144 4970 3713 5043">
    <p class='ocr_par' dir='ltr' id='par_1_120' title="bbox 2144 4970 3713 5043">
     <span class='ocr_line' id='line_1_120' title="bbox 2144 4970 3713 5043; baseline -0.001 -18"><span class='ocrx_word' id='word_1_923' title='bbox 2144 4989 2353 5025; x_wconf 82' lang='grc' dir='ltr'>σονται</span> <span class='ocrx_word' id='word_1_924' title='bbox 2375 4971 2527 5025; x_wconf 77' lang='grc' dir='ltr'>ὅσιοι</span> <span class='ocrx_word' id='word_1_925' title='bbox 2556 4972 2625 5023; x_wconf 81' lang='grc' dir='ltr'>ἐν</span> <span class='ocrx_word' id='word_1_926' title='bbox 2658 4970 2828 5040; x_wconf 78' lang='grc' dir='ltr'>δόξῃ.</span> <span class='ocrx_word' id='word_1_927' title='bbox 2858 4971 3064 5042; x_wconf 82' lang='grc' dir='ltr'>Ὥσπερ</span> <span class='ocrx_word' id='word_1_928' title='bbox 3093 4974 3207 5023; x_wconf 80' lang='grc' dir='ltr'>ἐκεῖ</span> <span class='ocrx_word' id='word_1_929' title='bbox 3233 4974 3426 5043; x_wconf 87' lang='grc' dir='ltr'>πραεῖς</span> <span class='ocrx_word' id='word_1_930' title='bbox 3452 4971 3713 5043; x_wconf 79' lang='grc' dir='ltr'>ἐπιζητεῖ,</span> 
     </span>
    </p>
   </div>
   <div class='ocr_carea' id='block_1_121' title="bbox 2143 5053 3716 5124">
    <p class='ocr_par' dir='ltr' id='par_1_121' title="bbox 2143 5053 3716 5124">
     <span class='ocr_line' id='line_1_121' title="bbox 2143 5053 3716 5124; baseline 0.001 -18"><span class='ocrx_word' id='word_1_931' title='bbox 2143 5054 2315 5118; x_wconf 78' lang='grc' dir='ltr'>οὕτως</span> <span class='ocrx_word' id='word_1_932' title='bbox 2362 5053 2593 5108; x_wconf 79' lang='grc' dir='ltr'>ἐνταῦθα</span> <span class='ocrx_word' id='word_1_933' title='bbox 2634 5054 2834 5117; x_wconf 86' lang='grc' dir='ltr'>ὁσίους.</span> <span class='ocrx_word' id='word_1_934' title='bbox 2877 5053 3157 5124; x_wconf 86' lang='grc' dir='ltr'>Πανταχοῦ</span> <span class='ocrx_word' id='word_1_935' title='bbox 3198 5053 3305 5121; x_wconf 84' lang='grc' dir='ltr'>γὰρ</span> <span class='ocrx_word' id='word_1_936' title='bbox 3342 5055 3370 5106; x_wconf 88' lang='grc' dir='ltr'>ὁ</span> <span class='ocrx_word' id='word_1_937' title='bbox 3405 5053 3536 5117; x_wconf 83' lang='grc' dir='ltr'>Θεὸς</span> <span class='ocrx_word' id='word_1_938' title='bbox 3583 5054 3716 5124; x_wconf 81' lang='grc' dir='ltr'>μετὰ</span> 
     </span>
    </p>
   </div>
   <div class='ocr_carea' id='block_1_122' title="bbox 2144 5135 3719 5206">
    <p class='ocr_par' dir='ltr' id='par_1_122' title="bbox 2144 5135 3719 5206">
     <span class='ocr_line' id='line_1_122' title="bbox 2144 5135 3719 5206; baseline -0.001 -16"><span class='ocrx_word' id='word_1_939' title='bbox 2144 5137 2435 5206; x_wconf 86' lang='grc' dir='ltr'>θαυμάτων</span> <span class='ocrx_word' id='word_1_940' title='bbox 2468 5136 2535 5188; x_wconf 75' lang='grc' dir='ltr'>τὰ</span> <span class='ocrx_word' id='word_1_941' title='bbox 2566 5136 2756 5189; x_wconf 80' lang='grc' dir='ltr'>ἑαυτοῦ</span> <span class='ocrx_word' id='word_1_942' title='bbox 2790 5137 2963 5189; x_wconf 89' lang='grc' dir='ltr'>πάντα</span> <span class='ocrx_word' id='word_1_943' title='bbox 2990 5137 3374 5189; x_wconf 78' lang='grc' dir='ltr'>ἐπιδείκνυται.</span> <span class='ocrx_word' id='word_1_944' title='bbox 3406 5135 3592 5199; x_wconf 83' lang='grc' dir='ltr'>υῦτως</span> <span class='ocrx_word' id='word_1_945' title='bbox 3622 5136 3719 5188; x_wconf 71' lang='grc' dir='ltr'>αὐ·</span> 
     </span>
    </p>
   </div>
   <div class='ocr_carea' id='block_1_123' title="bbox 2142 5213 3718 5290">
    <p class='ocr_par' dir='ltr' id='par_1_123' title="bbox 2142 5213 3718 5290">
     <span class='ocr_line' id='line_1_123' title="bbox 2142 5213 3718 5290; baseline -0.001 -17"><span class='ocrx_word' id='word_1_946' title='bbox 2142 5222 2266 5285; x_wconf 83' lang='grc' dir='ltr'>τούς</span> <span class='ocrx_word' id='word_1_947' title='bbox 2310 5218 2616 5290; x_wconf 74' lang='grc' dir='ltr'>ἀπήλλαξεν</span> <span class='ocrx_word' id='word_1_948' title='bbox 2665 5219 2962 5287; x_wconf 82' lang='grc' dir='ltr'>Αἰγύπτου,</span> <span class='ocrx_word' id='word_1_949' title='bbox 3003 5213 3175 5282; x_wconf 77' lang='grc' dir='ltr'>οὕτως</span> <span class='ocrx_word' id='word_1_950' title='bbox 3223 5220 3568 5290; x_wconf 72' lang='grc' dir='ltr'>ἐπανήγαγεν</span> <span class='ocrx_word' id='word_1_951' title='bbox 3611 5219 3718 5273; x_wconf 83' lang='grc' dir='ltr'>ἀπὸ</span> 
     </span>
    </p>
   </div>
   <div class='ocr_carea' id='block_1_124' title="bbox 2142 5302 3719 5373">
    <p class='ocr_par' dir='ltr' id='par_1_124' title="bbox 2142 5302 3719 5373">
     <span class='ocr_line' id='line_1_124' title="bbox 2142 5302 3719 5373; baseline -0.001 -16"><span class='ocrx_word' id='word_1_952' title='bbox 2142 5304 2475 5368; x_wconf 75' lang='grc' dir='ltr'>Βαϐυλῶνος,</span> <span class='ocrx_word' id='word_1_953' title='bbox 2499 5307 2598 5357; x_wconf 89' lang='grc' dir='ltr'>οὐκ</span> <span class='ocrx_word' id='word_1_954' title='bbox 2623 5307 2679 5355; x_wconf 83' lang='grc' dir='ltr'>ὲν</span> <span class='ocrx_word' id='word_1_955' title='bbox 2705 5305 2768 5373; x_wconf 85' lang='grc' dir='ltr'>τῇ</span> <span class='ocrx_word' id='word_1_956' title='bbox 2793 5302 2901 5355; x_wconf 87' lang='grc' dir='ltr'>τῶν</span> <span class='ocrx_word' id='word_1_957' title='bbox 2927 5303 3113 5355; x_wconf 89' lang='grc' dir='ltr'>δεινῶν</span> <span class='ocrx_word' id='word_1_958' title='bbox 3139 5302 3446 5373; x_wconf 85' lang='grc' dir='ltr'>ἀπαλλαγῇ,</span> <span class='ocrx_word' id='word_1_959' title='bbox 3472 5304 3606 5357; x_wconf 83' lang='grc' dir='ltr'>ἀλλά</span> <span class='ocrx_word' id='word_1_960' title='bbox 3625 5306 3719 5356; x_wconf 77' lang='grc' dir='ltr'>καὶ</span> 
     </span>
    </p>
   </div>
   <div class='ocr_carea' id='block_1_125' title="bbox 2141 5384 3717 5459">
    <p class='ocr_par' dir='ltr' id='par_1_125' title="bbox 2141 5384 3717 5459">
     <span class='ocr_line' id='line_1_125' title="bbox 2141 5384 3717 5459; baseline -0.001 -20"><span class='ocrx_word' id='word_1_961' title='bbox 2141 5388 2198 5443; x_wconf 82' lang='grc' dir='ltr'>ὲν</span> <span class='ocrx_word' id='word_1_962' title='bbox 2225 5389 2300 5459; x_wconf 89' lang='grc' dir='ltr'>τῷ</span> <span class='ocrx_word' id='word_1_963' title='bbox 2330 5389 2565 5458; x_wconf 85' lang='grc' dir='ltr'>θαύματι</span> <span class='ocrx_word' id='word_1_964' title='bbox 2586 5386 2694 5440; x_wconf 88' lang='grc' dir='ltr'>τῶν</span> <span class='ocrx_word' id='word_1_965' title='bbox 2715 5385 3009 5457; x_wconf 89' lang='grc' dir='ltr'>γινομένων</span> <span class='ocrx_word' id='word_1_966' title='bbox 3039 5384 3058 5422; x_wconf 75' lang='grc' dir='ltr'>ί</span> <span class='ocrx_word' id='word_1_967' title='bbox 3087 5386 3495 5458; x_wconf 86' lang='grc' dir='ltr'>λαμπροτέρους</span> <span class='ocrx_word' id='word_1_968' title='bbox 3523 5386 3717 5450; x_wconf 81' lang='grc' dir='ltr'>αὐτοὺς</span> 
     </span>
    </p>
   </div>
   <div class='ocr_carea' id='block_1_126' title="bbox 2202 5657 3359 5721">
    <p class='ocr_par' dir='ltr' id='par_1_126' title="bbox 2202 5657 3359 5721">
     <span class='ocr_line' id='line_1_126' title="bbox 2202 5657 3359 5721; baseline 0.003 -16"><span class='ocrx_word' id='word_1_969' title='bbox 2202 5657 2229 5696; x_wconf 79' lang='grc' dir='ltr'>ιι</span> <span class='ocrx_word' id='word_1_970' title='bbox 2256 5657 2394 5721; x_wconf 62' lang='lat' dir='ltr'>Unus</span> <span class='ocrx_word' id='word_1_971' title='bbox 2415 5659 2712 5721; x_wconf 81' lang='grc' dir='ltr'>κεχρημένοι.</span> <span class='ocrx_word' id='word_1_972' title='bbox 2748 5657 2901 5706; x_wconf 82' lang='lat' dir='ltr'>SaVil.</span> <span class='ocrx_word' id='word_1_973' title='bbox 2923 5657 3052 5718; x_wconf 87' lang='lat' dir='ltr'>conj.</span> <span class='ocrx_word' id='word_1_974' title='bbox 3078 5659 3359 5721; x_wconf 80' lang='grc' dir='ltr'>κεχρημένη.</span> 
     </span>
    </p>
   </div>
   <div class='ocr_carea' id='block_1_127' title="bbox 2207 5719 2601 5775">
    <p class='ocr_par' dir='ltr' id='par_1_127' title="bbox 2207 5719 2601 5775">
     <span class='ocr_line' id='line_1_127' title="bbox 2207 5719 2601 5775; baseline 0.003 -10"><span class='ocrx_word' id='word_1_975' title='bbox 2207 5733 2230 5759; x_wconf 79' lang='lat' dir='ltr'><strong>c</strong></span> <span class='ocrx_word' id='word_1_976' title='bbox 2257 5719 2291 5765; x_wconf 64' lang='lat' dir='ltr'>li</span> <span class='ocrx_word' id='word_1_977' title='bbox 2302 5733 2328 5765; x_wconf 84' lang='grc' dir='ltr'>ιι</span> <span class='ocrx_word' id='word_1_978' title='bbox 2336 5734 2392 5766; x_wconf 87' lang='lat' dir='ltr'>us</span> <span class='ocrx_word' id='word_1_979' title='bbox 2415 5719 2601 5775; x_wconf 77' lang='grc' dir='ltr'>ἕπηται.</span> 
     </span>
    </p>
   </div>
   <div class='ocr_carea' id='block_1_128' title="bbox 2207 5779 3416 5843">
    <p class='ocr_par' dir='ltr' id='par_1_128' title="bbox 2207 5779 3416 5843">
     <span class='ocr_line' id='line_1_128' title="bbox 2207 5779 3416 5843; baseline 0.003 -14"><span class='ocrx_word' id='word_1_980' title='bbox 2207 5780 2227 5819; x_wconf 70' lang='grc' dir='ltr'>ί</span> <span class='ocrx_word' id='word_1_981' title='bbox 2258 5779 2392 5830; x_wconf 84' lang='lat' dir='ltr'>Unus</span> <span class='ocrx_word' id='word_1_982' title='bbox 2412 5781 2533 5828; x_wconf 82' lang='grc' dir='ltr'>ἀλλὰ</span> <span class='ocrx_word' id='word_1_983' title='bbox 2548 5781 2628 5829; x_wconf 80' lang='grc' dir='ltr'>καὶ</span> <span class='ocrx_word' id='word_1_984' title='bbox 2652 5781 2699 5829; x_wconf 80' lang='grc' dir='ltr'>ἐν</span> <span class='ocrx_word' id='word_1_985' title='bbox 2718 5784 2775 5843; x_wconf 85' lang='grc' dir='ltr'>τῇ</span> <span class='ocrx_word' id='word_1_986' title='bbox 2799 5781 2893 5830; x_wconf 86' lang='grc' dir='ltr'>τῶν</span> <span class='ocrx_word' id='word_1_987' title='bbox 2913 5781 3161 5842; x_wconf 84' lang='grc' dir='ltr'>θαυμάτων</span> <span class='ocrx_word' id='word_1_988' title='bbox 3185 5781 3416 5838; x_wconf 71' lang='grc' dir='ltr'>ἐπιδείξει.</span> 
     </span>
    </p>
   </div>
  </div>
