4070 6340
420 391 447 446 ε
455 392 522 445 93

417 524 468 566 et
494 513 801 581 perpetua’,
835 521 890 566 ut
917 513 1004 584 qui
1033 513 1102 568 sit
1132 520 1238 568 tam
1265 513 1432 580 dives,
1465 525 1520 570 et
1549 524 1747 570 tantam
1775 514 1994 584 gloriam

417 605 624 660 habeat.
650 604 873 674 Oportet
894 614 1069 660 autem
1096 614 1274 660 nostra
1297 620 1506 675 quoque
1531 605 1784 674 deinceps
1807 620 2000 661 eonse-

414 697 503 765 qui
523 737 538 761 ,
571 707 625 750 et
653 712 748 752 nos
777 698 937 752 etiam
965 698 1226 768 insignem
1253 697 1591 768 splendorem
1617 714 1994 768 assequemur,

413 787 578 856 gratia
609 795 662 841 et
694 789 1020 857 benignitate
1048 788 1251 842 Domini
1285 789 1452 843 nostri
1488 789 1615 843 Jesu
1643 788 1868 853 Christi,
1911 789 1995 843 cui

411 881 578 948 gloria
606 889 655 933 et
683 880 961 950 imperium
990 881 1040 934 in
1071 881 1263 935 saecula
1295 881 1630 934 sreculorum.
1660 887 1850 934 Amen.

857 1017 922 1071 ΙΝ
964 1015 1284 1072 PSALMUM
1323 1015 1554 1070 CXLIX.

648 1131 700 1186 1.
745 1129 950 1185 Cantate
991 1128 1212 1183 Domino
1255 1131 1507 1182 canticum
1550 1143 1752 1180 novum.

481 1265 532 1318 i.
572 1263 626 1318 Si
666 1272 933 1332 spectetur
961 1263 1173 1333 quidem
1221 1277 1490 1331 anagogc,
1515 1260 1711 1315 dictum
1739 1270 1819 1314 est
1861 1259 1991 1314 Novi

405 1354 733 1410 Testamcnti
763 1369 956 1408 novum
996 1355 1280 1408 canticum.
1333 1353 1490 1407 Facta
1529 1361 1651 1406 sunt
1681 1353 1821 1406 enim
1867 1362 1990 1406 tunc

405 1463 543 1502 nova
556 1447 1163 1502 omnia.Testamentum
1182 1466 1194 1500 :
1216 1446 1450 1500 Statuam
1467 1446 1630 1508 enim,
1651 1446 1837 1515 inquit.
1855 1444 1990 1498 vobis

408 1548 753 1591 testamentum
781 1554 960 1591 novum
1001 1537 1145 1610 (Jer.
1179 1539 1266 1592 5|.
1300 1539 1427 1606 5|);
1473 1544 1714 1591 creatura
1753 1555 1766 1591 ε
1801 1537 1861 1591 Si
1888 1553 1990 1605 qua

402 1630 566 1693 enim,
597 1630 786 1697 inquit,
809 1631 860 1683 in
889 1630 1083 1684 Christo
1109 1647 1235 1684 nova
1261 1640 1492 1683 creatura
1515 1629 1593 1698 (2.
1623 1629 1740 1683 Cor.
1764 1629 1816 1684 5.
1853 1631 1980 1700 l7);

403 1721 565 1776 homo
598 1740 612 1777 :
645 1721 918 1787 Exuentes,
951 1723 1136 1790 inquit,
1169 1732 1375 1776 veterem
1403 1723 1673 1785 hominem,
1704 1735 1749 1774 et
1775 1722 1986 1774 induen-

401 1823 472 1868 tes
496 1831 674 1868 novum
699 1815 786 1886 qui
811 1826 1078 1869 renovatur
1101 1816 1151 1868 in
1175 1816 1478 1883 agnitionem
1504 1813 1776 1867 secundum
1802 1813 1985 1884 imagi-

401 1923 518 1960 nem
564 1909 673 1976 ejus
713 1908 800 1974 qui
843 1908 1027 1960 creavit
1068 1906 1488 1978 ipsum(Coloss.
1529 1907 1581 1960 5.
1625 1904 1702 1974 9).
1764 1905 1986 1974 Propter

400 2013 589 2051 novam
621 2013 749 2068 ergo
778 1998 960 2064 vitam,
989 2007 1043 2053 et
1070 2000 1170 2052 alia
1199 1998 1396 2064 omnia,
1421 1998 1613 2052 dicitur
1649 1997 1850 2051 Novum
1882 1998 1984 2052 Te-

398 2098 740 2156 stamentum,
769 2099 821 2143 et
837 2105 1030 2144 novum
1061 2089 1180 2160 ejus
1209 2092 1475 2144 canticum
1507 2089 1818 2144 adhortatur
1844 2105 1983 2144 nunc

397 2195 590 2236 canere
614 2181 888 2251 propheta.
922 2181 977 2238 Si
1000 2192 1174 2236 autem
1216 2190 1486 2252 spectetur
1514 2181 1756 2247 historia,
1787 2196 1978 2235 novum

397 2282 478 2326 est
518 2275 815 2336 canticum,
859 2274 997 2345 quod
1049 2290 1144 2344 pro
1186 2275 1459 2340 victoriis,
1494 2291 1589 2343 pro
1634 2273 1792 2327 rebus
1834 2284 1982 2329 recte

396 2365 581 2434 gestis,
615 2380 711 2434 pro
753 2381 1002 2420 successu
1034 2380 1306 2434 prospero,
1342 2382 1436 2436 pro
1469 2366 1680 2434 tropteis
1707 2380 1768 2419 ac
1795 2366 1982 2419 trium-

396 2456 513 2524 phis
542 2455 745 2509 clarum
777 2465 831 2509 et
862 2457 1066 2526 in:.ignc
1094 2466 1248 2511 erant
1286 2457 1636 2511 dccantaturi.
1690 2455 1826 2510 Laus
1869 2459 1978 2526 ejus

394 2549 445 2602 in
488 2548 710 2602 Ecclesia
747 2560 1053 2603 sanctorum.

465 2640 757 2695 Gratiarum
781 2628 908 2694 actio
936 2643 985 2694 in
1013 2659 1110 2710 quo
1141 2643 1398 2695 consistat.
1416 2640 1664 2695 —-Vidcs
1709 2639 1976 2710 quomodo

393 2745 517 2790 ante
546 2735 708 2790 verba
755 2735 972 2804 requirit
1001 2736 1287 2803 gratiarum
1327 2737 1625 2798 actionem,
1655 2751 1772 2804 qua:
1800 2735 1855 2786 ﬁt
1883 2749 1976 2802 per

390 2829 551 2882 vitam
569 2837 624 2882 et
664 2827 801 2882 bona
830 2843 990 2898 opera
1025 2846 1037 2882 :
1066 2837 1120 2881 et
1149 2827 1246 2881 bos
1270 2827 1482 2882 deducit
1527 2828 1576 2880 in
1603 2827 1822 2881 chorum
1852 2827 1969 2880 lau-

393 2919 675 2974 dantium?
732 2919 846 2973 Non
899 2919 1093 2975 sufﬁcit
1141 2921 1282 2973 enim
1336 2920 1510 2973 verbis
1558 2921 1726 2974 solmn
1776 2921 1974 2989 gratias

387 3029 568 3081 agere,
619 3014 719 3067 nisi
768 3015 927 3069 etiam
977 3016 1232 3067 factorum
1282 3013 1450 3067 virtus
1487 3022 1790 3068 eonenrrat.
1836 3012 1973 3067 Laus

387 3108 495 3176 ejus
519 3106 570 3158 in
602 3104 829 3159 Ecclesia
870 3116 1180 3158 sanctorum.
1237 3105 1390 3158 Aliud
1435 3119 1643 3173 quoquc
1674 3103 1760 3158 hic
1787 3103 1964 3158 docet.

385 3195 630 3251 Ostendit
655 3197 795 3251 enim
823 3207 1070 3265 oportere
1095 3196 1252 3249 simul
1287 3205 1341 3249 et
1379 3211 1500 3249 cum
1531 3196 1674 3249 onmi
1705 3205 1970 3250 concentu

385 3285 571 3342 laudes
590 3285 803 3340 oﬁ‘erre.
839 3287 1071 3340 Ecclesia
1101 3287 1241 3340 cnim
1269 3296 1351 3340 est
1379 3302 1569 3340 nomen
1601 3297 1894 3340 conventus
1919 3298 1972 3342 et

384 3377 828 3446 congregatiOnis.
853 3377 907 3430 2.
937 3375 1158 3430 Ltetetur
1187 3375 1352 3431 Israel
1377 3377 1432 3430 in
1474 3394 1530 3430 eo
1559 3379 1643 3448 qui
1672 3377 1789 3449 fecit
1826 3395 1962 3432 eum.

384 3470 523 3523 Ante
547 3469 830 3538 singularia
858 3469 1110 3524 beneﬁcia
1140 3470 1286 3538 ponit
1318 3471 1566 3540 generale
1588 3513 1601 3536 ,
1637 3487 1731 3540 per
1759 3487 1820 3526 ea
1850 3488 1968 3540 qua:

383 3561 654 3628 subjunxit
685 3562 1066 3632 prepemodum
1087 3561 1373 3617 adhortans
1399 3573 1452 3618 et
1479 3563 1662 3618 dicens
1687 3583 1698 3617 :
1723 3566 1834 3635 Age
1860 3566 1967 3620 Deo

382 3653 599 3721 gratias,
629 3654 767 3722 quod
797 3659 918 3708 cum
949 3670 1052 3708 non
1085 3670 1256 3719 ess-es,
1301 3664 1351 3709 te
1380 3657 1724 3724 produxerit,
1772 3666 1826 3712 ct
1865 3658 1958 3712 tibi

380 3745 609 3798 animam
639 3746 998 3815 inspiraverit.
1022 3746 1138 3800 Non
1173 3756 1256 3801 est
1296 3749 1437 3802 enim
1472 3749 1570 3802 hoc
1598 3764 1813 3819 quoque
1843 3765 1966 3818 par-

381 3851 504 3890 vum
534 3852 697 3904 genus
733 3837 994 3891 beneﬁcii.
1037 3837 1132 3892 Hic
1157 3847 1333 3894 autem
1361 3839 1556 3908 aliquid
1588 3841 1748 3893 etiam
1780 3850 1961 3895 osten~

377 3926 452 3979 dit
479 3929 723 3996 amplius.
776 3928 888 3981 Non
937 3929 1106 3982 solum
1148 3932 1288 3985 enim
1328 3932 1557 3986 ostendit
1597 3933 1919 3986 creationem
1946 3976 1961 3999 ,

377 4019 468 4074 sed
497 4021 653 4073 etiam
680 4021 1082 4075 familiaritatem
1109 4033 1156 4076 et
1182 4023 1604 4092 conjunctioncm
1632 4025 1964 4079 demonstrat

375 4111 452 4165 sic
482 4110 706 4164 dicendo
740 4131 751 4164 :
785 4121 840 4165 ct
863 4111 1013 4178 jttbet
1037 4114 1232 4181 gratias
1261 4130 1450 4182 agere,
1486 4131 1586 4169 non
1619 4117 1791 4169 solum
1819 4117 1960 4186 quod

375 4201 548 4273 ipsum
580 4205 783 4270 iecerit,
815 4205 906 4259 sed
936 4207 1093 4259 etiam
1122 4207 1260 4275 quod
1291 4223 1442 4260 suum
1491 4209 1761 4277 populum.
1794 4209 1954 4263 Vides

375 4298 643 4368 quomodo
671 4315 790 4351 etnn
825 4299 1014 4353 uniens
1062 4309 1116 4354 et
1160 4301 1487 4370 conjungens
1519 4303 1628 4357 Deo
1651 4345 1665 4368 ,
1700 4320 1804 4357 non
1850 4307 1961 4358 vult

375 4406 495 4444 eum
527 4391 860 4446 solummodo
886 4393 1082 4462 gratias
1112 4407 1290 4462 agere,
1323 4395 1415 4448 sed
1446 4411 1564 4449 eum
1592 4397 1804 4466 gaudio,
1833 4413 1954 4452 cum

374 4479 593 4546 laatitia,
644 4482 956 4551 ardentique
1019 4491 1073 4537 et
1120 4484 1336 4538 incitato
1387 4486 1584 4539 animo.
1639 4487 1764 4540 Hmc
1814 4489 1954 4542 enim

367 4574 543 4627 omnia
595 4575 910 4642 signiﬁcavit
955 4591 1047 4642 per
1077 4576 1222 4643 illud,
1254 4575 1493 4631 Lwtetur.
1536 4578 1667 4647 Ejus
1691 4595 1818 4649 ergo
1861 4582 1948 4649 qui

366 4663 473 4733 agit
501 4666 716 4732 gratias,
744 4666 968 4733 requirit
992 4666 1344 4732 aﬁectioncm,
1376 4678 1433 4722 ut
1460 4669 1642 4723 ardeat
1663 4670 1946 4737 desiderio,

368 4766 424 4806 ut
445 4757 707 4810 excitetur
726 4773 926 4820 amore,
945 4767 1004 4811 ut
1030 4759 1138 4811 Deo
1159 4761 1247 4828 qui
1273 4760 1537 4825 laudatur,
1567 4771 1707 4816 totus
1733 4764 1951 4818 omnino

373 4845 682 4900 dedicctur:
729 4849 866 4901 sicut
894 4847 994 4902 hoc
1025 4849 1195 4918 ipsum
1226 4866 1434 4920 quoque
1474 4851 1596 4906 alibi
1630 4853 1936 4922 signiﬁcans
1961 4907 1981 4928 ο

366 4937 614 5005 dicebat,
668 4940 1105 5006 Quemadmodum
1157 4943 1404 4997 desiderat
1452 4961 1624 4998 cervus
1675 4948 1743 5000 ad
1789 4949 1950 5016 fontes

365 5044 630 5093 aquarum,
672 5030 745 5081 ita
790 5030 1040 5085 desiderat
1070 5034 1243 5085 anima
1271 5051 1382 5086 mea
1408 5037 1475 5087 ad
1499 5046 1562 5098 te,
1598 5036 1734 5091 Deus
1759 5040 1775 5108 (
1799 5039 1944 5094 Psal.

363 5119 451 5171 41.
484 5118 560 5188 2).
595 5119 660 5173 Et
689 5138 890 5187 rursus,
925 5123 1093 5177 Sitivit
1122 5127 1292 5178 anima
1324 5145 1432 5179 mea
1457 5128 1525 5180 ad
1553 5128 1714 5182 Deum
1742 5135 1943 5201 fortem,

364 5209 527 5262 vivum
550 5212 568 5280 (
591 5211 727 5264 Ibid.
760 5229 808 5266 v.
840 5213 916 5286 5).
947 5213 1012 5268 Et
1041 5232 1224 5270 rursus
1251 5259 1265 5282 ,
1303 5219 1473 5272 Sitivit
1515 5231 1559 5274 te
1599 5223 1768 5275 anima
1811 5241 1940 5289 mea,

358 5319 510 5369 quam
540 5304 888 5374 multipliciter
914 5307 1000 5360 tibi
1023 5323 1144 5361 caro
1171 5327 1280 5362 mea
1308 5313 1360 5364 in
1388 5323 1519 5366 terra
1545 5315 1759 5383 deserta,
1786 5317 1941 5384 invia,

357 5403 406 5447 et
435 5395 679 5463 inaquosa
707 5397 724 5467 (
751 5396 897 5452 Psal.
929 5399 1020 5453 62.
1050 5399 1106 5471 2)
1141 5419 1155 5454 :
1187 5403 1324 5471 quod
1356 5405 1567 5474 quidem
1611 5409 1744 5463 alius
1777 5408 1944 5465 inter-

362 5501 486 5552 pres
523 5486 598 5555 (a)
641 5487 791 5552 dixit,
823 5490 967 5543 Sicut
994 5493 1046 5545 in
1076 5503 1209 5546 terra
1247 5496 1520 5550 sitibunda.
1563 5499 1940 5558 Volens'Cnim

358 5579 438 5630 sui
469 5579 629 5632 animi
662 5580 990 5636 affectionem
1033 5595 1087 5639 et
1119 5586 1440 5644 desiderium
1474 5593 1777 5661 ostendere,
1817 5611 1940 5652 eum

358 5685 632 5744 comparat
661 5685 817 5731 terra;
847 5679 1130 5734 sitibuu'da:
1152 5722 1167 5744 ,
1209 5691 1262 5736 et
1290 5698 1450 5740 cervo
1471 5687 1690 5743 sitienti.
1735 5688 1938 5748 Rursus

421 5787 438 5854 ξ
475 5786 642 5854 illius,
654 5795 761 5838 sunt
784 5789 911 5840 enim
932 5791 1090 5841 omnia
1113 5792 1215 5852 eius
1233 5802 1420 5854 parata.

420 5848 492 5910 (a)
528 5852 608 5900 Hic
631 5848 882 5916 interpres
899 5861 972 5904 est
995 5848 1313 5917 Symmachus.

1478 397 1837 455 EXPOSITIO
1875 393 1941 450 IN
1981 392 2305 450 PSALMUM
2345 399 2580 457 CXLIX.

3589 420 3690 477 (Ἠ

2106 531 2318 584 quoque
2371 518 2546 572 verbis
2593 521 2826 577 ostendit
2870 525 3008 579 idem
3053 527 3415 596 desiderium,
3466 535 3681 603 dicens,

2109 604 2324 670 Quando
2352 611 2545 663 veniam
2574 622 2620 664 et
2644 616 2896 683 apparebo
2925 629 3041 672 ante
3069 621 3250 688 faciem
3283 622 3373 675 Dei
3393 624 3563 694 (Psal.
3593 629 3682 682 ΑΗ.

2104 699 2194 766 5)?
2221 700 2377 754 Tales
2403 704 2545 756 enim
2585 717 2708 759 sunt
2751 719 3053 763 sanctorum
3095 713 3307 778 aninne,
3349 717 3486 769 sicut
3509 721 3683 774 anima

2103 789 2286 857 Pauli,
2321 808 2472 861 qua},
2513 795 2654 864 quod
2693 813 2943 853 excessus
2970 818 3033 855 ex
3079 803 3178 858 hac
3205 807 3304 859 vita
3338 806 3680 875 diﬁ‘erretur,

2102 882 2500 953 ingetniscebat.
2531 887 2599 941 Et
2622 890 2716 955 ﬁlii
2738 891 2863 945 Sion
2885 896 3128 949 exsultent
3144 898 3196 950 in
3218 916 3332 970 rege
3352 918 3442 954 suo
3465 902 3538 973 (2.
3561 903 3682 958 Cor.

2102 973 2155 1027 5.
2187 973 2264 1042 4).
2303 974 2460 1030 Vides
2486 994 2604 1031 eum
2637 981 2952 1050 signiﬁcare,
2986 986 3033 1039 id
3061 988 3200 1057 quod
3231 1003 3382 1045 antea
3411 993 3542 1060 dixi,
3589 1011 3682 1064 per

2101 1064 2511 1123 fatniliaritatem
2551 1080 2605 1125 et
2643 1075 3068 1143 eonjunctimtcm
3123 1098 3242 1137 esse
3289 1087 3513 1141 electum
3566 1090 3682 1159 ejus

2100 1157 2398 1224 populum?
2439 1161 2505 1214 Et
2534 1163 2650 1217 ideo
2681 1167 2953 1236 subjunxit
2981 1171 3126 1233 illud,
3160 1172 3224 1226 In
3263 1193 3378 1247 rege
3415 1196 3526 1233 suo.
3567 1157 3680 1236 Non

2096 1255 2211 1300 erat
2261 1249 2402 1303 enim
2451 1252 2622 1307 solum
2669 1255 2781 1310 Rex
2830 1260 3034 1316 ratione
3085 1264 3314 1332 opiﬁcii,
3369 1270 3462 1324 sed
3511 1274 3670 1326 etiam

2095 1339 2300 1396 ratione
2323 1344 2732 1413 conjunctionis.
2755 1350 2810 1404 '5.
2836 1349 3064 1406 Laudent
3093 1372 3270 1410 nomen
3291 1361 3400 1430 ejus
3421 1361 3473 1414 in
3502 1363 3680 1420 choro.

2099 1433 2230 1488 Vide
2259 1452 2442 1490 rursus
2482 1450 2535 1492 et
2585 1439 2725 1496 hunc
2776 1445 3116 1513 resplendere
3158 1462 3497 1506 concentum.
3556 1454 3679 1512 Ideo

2093 1527 2233 1578 enim
2266 1527 2484 1581 instituti
2509 1542 2625 1584 sunt
2655 1533 2824 1597 chori,
2858 1547 2911 1588 ut
2937 1553 3123 1592 omnes
3143 1541 3297 1596 simul
3323 1545 3677 1602 concordibus

2092 1616 2284 1669 animis
2333 1618 2514 1672 laudes
2560 1622 2807 1677 oﬁ'erant.
2863 1625 2972 1682 lloc
3010 1631 3152 1682 enim
3183 1632 3442 1701 signiﬁcat
3484 1636 3678 1693 Paulus

2093 1721 2188 1775 per
2214 1707 2314 1761 hoc
2339 1711 2478 1778 quod
2506 1713 2672 1776 dicit,
2708 1714 2826 1769 Non
2871 1719 3202 1788 relinquentes
3241 1726 3677 1796 congregaticnem

2094 1801 2278 1868 suam(
2316 1801 2470 1856 Hebr.
2524 1806 2609 1858 10.
2655 1805 2769 1878 25).
2829 1809 2942 1864 Hoc
2985 1822 3159 1866 autem
3207 1815 3468 1884 signiﬁcat
3513 1821 3672 1875 etiam

2089 1890 2344 1956 precatio,
2363 1909 2478 1959 qua}
2496 1895 2650 1948 simul
2673 1897 2892 1953 allertur
2911 1901 2978 1954 ab
2999 1903 3245 1959 omnibus
3269 1924 3280 1958 :
3307 1905 3464 1961 Pater
3483 1923 3671 1976 noster,

2089 1981 2175 2047 qui
2199 1997 2248 2036 es
2277 1983 2328 2035 in
2356 1985 2490 2038 cwlis
2515 1986 2533 2055 (
2559 1986 2744 2041 Matth.
2790 1990 2841 2044 6.
2871 1991 2961 2062 9);
2999 2003 3070 2059 et,
3104 1993 3306 2050 Dimitte
3337 2000 3476 2052 nobis
3503 2000 3669 2055 debita

2086 2083 2257 2125 nostra
2282 2075 2450 2144 (Luc.
2502 2079 2587 2132 Η.
2621 2080 2714 2150 4);
2747 2090 2834 2148 et,
2869 2082 2954 2138 Ne
2981 2101 3070 2139 nos
3099 2087 3309 2143 inducas
3335 2091 3387 2144 in
3435 2094 3670 2146 tentatio-

2087 2180 2235 2229 nem;
2263 2176 2350 2232 et,
2382 2167 2563 2222 Libera
2593 2188 2682 2225 nos
2710 2190 2741 2225 a
2771 2175 2904 2228 malo
2938 2176 2956 2247 (
2985 2177 3164 2232 Matth.
3195 2182 3247 2234 6.
3280 2183 3368 2252 15)
3407 2201 3420 2236 :
3455 2187 3670 2241 nomine

2085 2255 2278 2325 plurali
2327 2260 2524 2330 ubique
2572 2271 2802 2319 utentes.
2850 2265 2923 2320 Ita
2973 2270 3130 2324 etiam
3172 2272 3500 2330 docebantur
3535 2280 3672 2332 anti-

2083 2350 2260 2415 quitus
2282 2367 2401 2404 cum
2427 2370 2712 2411 numeroso
2733 2370 2994 2415 c0ucentu
3018 2363 3126 2419 Deo
3145 2380 3335 2422 canere
3351 2379 3402 2422 et
3425 2370 3666 2438 psallere,

2083 2442 2226 2494 omni
2258 2445 2460 2499 ratioae
2490 2447 2714 2502 instituti
2767 2451 2831 2504 ad
2876 2454 3151 2510 caritatem
3196 2468 3250 2512 et
3287 2462 3666 2518 concordiam:

2048 2529 2138 2582 vln
2165 2542 2404 2602 tympano
2435 2544 2478 2588 et
2507 2539 2744 2605 psalterio
2775 2543 2996 2606 psallant
3035 2546 3098 2598 ei.

2152 2626 2205 2678 2.
2249 2625 2558 2683 Psalterium
2587 2649 2800 2702 superne
2824 2647 3064 2691 movetur.
3083 2670 3154 2679 —
3177 2640 3424 2698 Nonnulli
3452 2645 3666 2715 quidem

2080 2713 2268 2769 horum
2297 2719 2767 2778 instrumentorum
2787 2728 3044 2784 rationem
3065 2742 3338 2788 sumentes
3350 2713 3655 2806 anagogice,

2078 2806 2262 2862 dicunt
2284 2822 2588 2882 tympanum
2607 2817 2818 2885 quidem
2839 2821 3106 2885 requirere
3126 2826 3302 2880 carnis
3319 2837 3512 2880 nostrae
3531 2845 3647 2884 mor

2080 2899 2442 2971 tilicationcm,
2462 2907 2768 2974 psalterium
2785 2919 2983 2976 autem,
3005 2923 3060 2967 ut
3079 2916 3128 2968 in
3147 2918 3332 2972 ctelum
3355 2920 3662 2987 aspiciatur.

2078 2991 2190 3048 Hoc
2229 2996 2369 3049 enim
2421 2997 2827 3056 instrumentum
2857 3021 2886 3058 a
2928 3021 3156 3078 superna
3203 3019 3348 3078 parte
3386 3023 3657 3081 movetur,

2078 3101 2182 3138 non
2230 3087 2298 3140 ab
2347 3089 2571 3156 inferna,
2616 3101 2670 3146 ut
2703 3094 2924 3149 cithara.
2968 3097 3080 3167 Ego
3123 3110 3298 3154 autem
3341 3102 3469 3158 illud
3514 3105 3657 3159 dixe-

2078 3176 2198 3242 rim,
2224 3193 2318 3232 eos
2347 3196 2440 3248 per
2466 3181 2578 3236 hzec
2602 3183 2948 3241 instrumenta
2981 3189 3105 3244 olim
3135 3192 3214 3247 sic
3248 3193 3436 3249 ductos
3467 3195 3653 3264 fuisse,

2077 3278 2296 3337 propter
2311 3271 2503 3340 ingenii
2525 3289 2709 3329 eorum
2731 3276 3121 3345 bebetudinem,
3141 3285 3348 3354 etquod
3367 3287 3520 3354 paulo
3536 3298 3660 3344 ante

2075 3361 2244 3414 avulsi
2273 3373 2453 3417 essent
2480 3379 2508 3418 a
2541 3366 2861 3424 simulacris.
2891 3371 3346 3437 Quemadmodum
3374 3391 3501 3447 ergo
3527 3393 3657 3433 con-

2073 3455 2231 3508 cessit
2253 3456 2534 3523 sacriﬁcia,
2555 3460 2622 3514 ita
2649 3463 2806 3517 etiam
2828 3463 2940 3519 hinc
2961 3468 3218 3535 permisit,
3243 3469 3307 3524 ad
3332 3470 3652 3526 imbecillita-

2077 3556 2178 3599 tem
2199 3563 2381 3602 eorum
2410 3565 2468 3604 se
2489 3555 2918 3611 accommodans.
2946 3558 3026 3613 Ab
3054 3560 3133 3614 eis
3157 3575 3284 3631 ergo
3305 3561 3390 3617 bic
3411 3565 3575 3635 exigit
3599 3575 3657 3620 ut.

2073 3648 2266 3692 canant
2290 3654 2409 3693 cum
2429 3643 2643 3711 gaudio.
2677 3645 2789 3701 Hoc
2819 3648 2958 3702 enim
2978 3649 3076 3704 sibi
3104 3651 3214 3704 vult
3243 3652 3396 3720 illud,
3426 3653 3657 3712 Laudent

2072 3748 2251 3786 nomen
2277 3735 2385 3803 ejus
2409 3737 2460 3788 in
2483 3738 2656 3802 choro,
2675 3755 2793 3793 cun.
2812 3742 3083 3796 modulato
3102 3756 3384 3811 concentu,
3405 3761 3524 3802 cum
3547 3749 3653 3803 vita

2073 3839 2223 3888 pura.
2249 3825 2449 3882 Deinde
2471 3845 2562 3883 eos
2585 3845 2768 3884 rursus
2785 3832 2848 3884 ad
2869 3833 3123 3901 majorem
3148 3836 3306 3888 animi
3324 3838 3651 3893 alacritatem

2070 3918 2336 3982 excitans,
2365 3920 2493 3975 dicit
2518 3922 2632 3990 ejus
2661 3924 2748 3992 qui
2778 3925 2986 3978 canitur
3012 3926 3061 3979 in
3087 3942 3180 3980 eos
3205 3928 3649 3984 benevolentiam.

2069 4005 2348 4078 Subjungil
2375 4011 2514 4064 enim
2549 4032 2560 4066 :
2592 4014 2646 4066 4.
2691 4014 2824 4080 Quia
2863 4015 3224 4084 beneplacitum
3251 4028 3322 4072 est
3351 4017 3570 4074 Domino
3597 4022 3649 4075 in

2069 4101 2256 4168 papula
2302 4118 2412 4155 suo.
2457 4103 2592 4168 Quid
2622 4120 2739 4157 cum
2791 4105 2888 4160 hac
2919 4108 3085 4176 possit
3123 4111 3476 4180 prosperitate
3521 4128 3652 4167 con-

2067 4190 2188 4244 ferri
2211 4233 2226 4254 ,
2277 4193 2488 4260 quando
2524 4193 2662 4249 Deus
2689 4195 2844 4250 fuerit
2883 4198 3120 4253 clemens
3163 4208 3215 4254 et
3247 4202 3504 4271 pr0pitius
3531 4204 3553 4257 ?
3585 4204 3649 4258 Et

2063 4283 2304 4336 exaltabit
2347 4297 2632 4340 mansuetos
2678 4290 2731 4341 in
2769 4290 2948 4343 salute.
3000 4289 3128 4346 Vide
3167 4309 3352 4348 rursus
3381 4297 3648 4363 quomodo

2065 4385 2226 4443 ponat
2255 4385 2308 4430 et
2333 4393 2450 4446 quae
2492 4379 2582 4432 Dei
2626 4387 2781 4445 sunt,
2809 4391 2864 4436 et
2889 4398 3006 4450 qua:
3046 4383 3342 4440 hominum.
3375 4387 3647 4454 Quemad-

2062 4465 2276 4520 modum
2303 4483 2428 4537 ergo
2459 4471 2699 4539 superius
2721 4473 2787 4527 ab
2815 4475 2892 4528 eis
2916 4476 3204 4544 gratiarum
3236 4481 3494 4534 actionem
3524 4485 3642 4536 exi-

2060 4573 2190 4627 gens
2211 4600 2225 4621 ,
2260 4575 2375 4627 qua:
2408 4561 2498 4614 Dei
2522 4572 2645 4616 sunt
2671 4564 2843 4619 intulit
2869 4566 3089 4623 dicens:
3126 4571 3255 4635 Quia
3282 4571 3646 4642 beneplacitum

2059 4662 2130 4705 est
2165 4651 2379 4707 Domino
2418 4655 2470 4708 in
2501 4657 2687 4726 populo
2727 4675 2818 4711 suo
2843 4677 2860 4712 :
2891 4661 2960 4714 ita
3005 4663 3162 4715 etiam
3197 4663 3282 4717 hic
3322 4680 3505 4718 rursus
3528 4681 3646 4735 qua:

2059 4745 2153 4801 Dei
2181 4756 2304 4800 sunt
2336 4749 2677 4817 promittens,
2711 4765 2773 4803 ea
2800 4752 2958 4806 etiam
2984 4753 3150 4823 exigit
3179 4769 3296 4823 qua:
3325 4765 3448 4808 sunt
3474 4755 3645 4811 homi-

2056 4854 2182 4892 num
2203 4881 2218 4903 ,
2251 4838 2438 4894 dicens
2468 4857 2481 4894 :
2513 4841 2580 4894 Et
2608 4842 2846 4896 exaltabit
2879 4855 3160 4898 mansuetos
3186 4846 3238 4898 in
3263 4846 3447 4900 salute.
3485 4848 3639 4903 Exal-

2057 4941 2168 4986 lare
2189 4931 2329 4985 enim
2352 4940 2431 4987 est
2461 4934 2584 4987 Dei:
2614 4943 2946 4987 mansuetum
2967 4943 3141 4989 autem
3164 4952 3282 4991 esse
3302 4979 3317 5003 ,
3345 4937 3633 4991 hominum.

2053 5022 2182 5090 Quae
2219 5023 2362 5077 enim
2401 5038 2430 5076 a
2461 5023 2570 5077 Deo
2600 5023 3038 5094 proﬁciscuntur,
3067 5042 3170 5080 non
3205 5026 3336 5081 ﬁunt
3367 5028 3468 5081 nisi
3502 5043 3637 5097 pra--

2051 5117 2316 5172 cesserint
2357 5133 2417 5170 ea
2466 5133 2583 5186 quae
2614 5127 2738 5172 sunt
2782 5119 3075 5171 hominum.
3125 5119 3256 5174 \‘idc
3297 5129 3473 5173 autem
3514 5118 3648 5174 doni

2053 5209 2493 5280 magnitudinem.
2526 5209 2642 5263 Non
2688 5210 2852 5272 dixit,
2885 5209 3154 5273 Salvahit,
3185 5227 3396 5280 quoquo
3439 5211 3599 5264 modo
3625 5254 3636 5272 ,

2049 5302 2142 5356 sed
2166 5341 2180 5366 ,
2208 5299 2465 5354 Exaltabtt
2491 5301 2543 5352 in
2569 5299 2748 5354 salute.
2782 5300 2891 5354 Hoc
2913 5309 3027 5362 est,
3051 5299 3166 5354 Non
3193 5301 3362 5354 solum
3381 5305 3648 5363 liberabit

2049 5410 2077 5447 a
2111 5394 2259 5448 malis
2280 5435 2295 5459 ,
2327 5394 2421 5449 sed
2464 5393 2622 5449 faciet
2648 5395 2806 5448 etiam
2837 5396 3009 5448 claros
3053 5403 3105 5446 et
3131 5395 3446 5463 conspicuos
3467 5437 3480 5458 ,
3514 5410 3634 5449 eum

2048 5487 2217 5541 salute
2244 5486 2323 5540 eis
2346 5501 2556 5556 quoque
2578 5487 2820 5555 praebens
2845 5486 3084 5554 gloriam.
3115 5483 3225 5537 lloc
3256 5485 3427 5552 itaque
3447 5487 3635 5554 expla-

2047 5594 2182 5633 nans
2205 5593 2388 5632 rursus
2415 5577 2688 5646 subjunxit
2706 5619 2718 5639 ,
2747 5578 2928 5632 dicens
2954 5595 2972 5630 :
2999 5578 3050 5630 5.
3096 5575 3430 5630 Exsultabttnt
3460 5579 3628 5632 sancti

2045 5671 2101 5724 in
2145 5671 2327 5740 gloria.
2369 5669 2822 5736 Quemadmodum
2861 5669 2969 5724 illic
3011 5669 3236 5736 requirit
3279 5678 3624 5734 mansuetos,

2047 5762 2118 5815 ita
2147 5762 2233 5817 hic
2257 5763 2414 5815 etiam
2459 5769 2693 5814 sanctos.
2738 5759 2880 5813 Deus
2904 5759 3046 5813 enim
3084 5759 3279 5828 ubique
3322 5775 3416 5814 sua
3456 5761 3631 5816 munia

2051 5854 2277 5910 ostendit
2307 5870 2425 5910 cum
2453 5852 2740 5908 miraculis.
2770 5850 2845 5905 lta
2873 5865 2966 5906 cos
2998 5851 3241 5906 liberavit
3270 5851 3333 5906 ab
3365 5849 3631 5923 Egypto,
