  <div class='ocr_page' id='page_1' title='image "/cluster/home/n/w/nwhite01/storage/ocr_20150623/55/nnc1.0046980016/485.png"; bbox 0 0 4070 6340; ppageno 0'>
   <div class='ocr_carea' id='block_1_1' title="bbox 339 349 442 405">
    <p class='ocr_par' dir='ltr' id='par_1_1' title="bbox 339 349 442 405">
     <span class='ocr_line' id='line_1_1' title="bbox 339 349 442 405; baseline 0.01 -1"><span class='ocrx_word' id='word_1_1' title='bbox 339 349 442 405; x_wconf 73' lang='grc' dir='ltr'><strong>ι95</strong></span> 
     </span>
    </p>
   </div>
   <div class='ocr_carea' id='block_1_2' title="bbox 340 444 1935 527">
    <p class='ocr_par' dir='ltr' id='par_1_2' title="bbox 340 444 1935 527">
     <span class='ocr_line' id='line_1_2' title="bbox 340 444 1935 527; baseline -0.014 -10"><span class='ocrx_word' id='word_1_2' title='bbox 340 463 412 517; x_wconf 91' lang='lat' dir='ltr'><strong>ita</strong></span> <span class='ocrx_word' id='word_1_3' title='bbox 440 456 770 519; x_wconf 82' lang='lat' dir='ltr'><strong>eosreduxit</strong></span> <span class='ocrx_word' id='word_1_4' title='bbox 792 470 823 512; x_wconf 89' lang='lat' dir='ltr'><strong>a</strong></span> <span class='ocrx_word' id='word_1_5' title='bbox 850 452 1151 527; x_wconf 83' lang='lat' dir='ltr'><strong>Babylone,</strong></span> <span class='ocrx_word' id='word_1_6' title='bbox 1180 467 1286 506; x_wconf 91' lang='lat' dir='ltr'><strong>non</strong></span> <span class='ocrx_word' id='word_1_7' title='bbox 1308 449 1477 504; x_wconf 91' lang='lat' dir='ltr'><strong>solum</strong></span> <span class='ocrx_word' id='word_1_8' title='bbox 1506 447 1561 501; x_wconf 92' lang='lat' dir='ltr'><strong>in</strong></span> <span class='ocrx_word' id='word_1_9' title='bbox 1602 444 1935 505; x_wconf 88' lang='lat' dir='ltr'><strong>liberatione,</strong></span> 
     </span>
    </p>
   </div>
   <div class='ocr_carea' id='block_1_3' title="bbox 342 535 1940 615">
    <p class='ocr_par' dir='ltr' id='par_1_3' title="bbox 342 535 1940 615">
     <span class='ocr_line' id='line_1_3' title="bbox 342 535 1940 615; baseline -0.013 -8"><span class='ocrx_word' id='word_1_10' title='bbox 342 551 437 607; x_wconf 86' lang='lat' dir='ltr'><strong>sed</strong></span> <span class='ocrx_word' id='word_1_11' title='bbox 466 550 627 607; x_wconf 87' lang='lat' dir='ltr'><strong>etiam</strong></span> <span class='ocrx_word' id='word_1_12' title='bbox 672 548 724 603; x_wconf 90' lang='lat' dir='ltr'><strong>in</strong></span> <span class='ocrx_word' id='word_1_13' title='bbox 749 560 929 602; x_wconf 88' lang='lat' dir='ltr'><strong>rerum</strong></span> <span class='ocrx_word' id='word_1_14' title='bbox 960 552 1229 615; x_wconf 78' lang='lat' dir='ltr'><strong>gestarum</strong></span> <span class='ocrx_word' id='word_1_15' title='bbox 1266 539 1523 595; x_wconf 84' lang='lat' dir='ltr'><strong>miraculo</strong></span> <span class='ocrx_word' id='word_1_16' title='bbox 1558 539 1575 570; x_wconf 81' lang='grc' dir='ltr'>ί</span> <span class='ocrx_word' id='word_1_17' title='bbox 1603 551 1699 593; x_wconf 82' lang='grc' dir='ltr'><strong>εοε</strong></span> <span class='ocrx_word' id='word_1_18' title='bbox 1747 535 1940 591; x_wconf 83' lang='lat' dir='ltr'><strong>clario-</strong></span> 
     </span>
    </p>
   </div>
   <div class='ocr_carea' id='block_1_4' title="bbox 342 630 1934 701">
    <p class='ocr_par' dir='ltr' id='par_1_4' title="bbox 342 630 1934 701">
     <span class='ocr_line' id='line_1_4' title="bbox 342 630 1934 701; baseline -0.012 0"><span class='ocrx_word' id='word_1_19' title='bbox 342 659 431 701; x_wconf 86' lang='lat' dir='ltr'><strong>res</strong></span> <span class='ocrx_word' id='word_1_20' title='bbox 472 640 731 698; x_wconf 82' lang='lat' dir='ltr'><strong>efliciens.</strong></span> <span class='ocrx_word' id='word_1_21' title='bbox 779 636 1108 693; x_wconf 65' lang='lat' dir='ltr'><strong>laetabuntur</strong></span> <span class='ocrx_word' id='word_1_22' title='bbox 1146 638 1199 689; x_wconf 88' lang='lat' dir='ltr'><strong>in</strong></span> <span class='ocrx_word' id='word_1_23' title='bbox 1239 634 1482 688; x_wconf 78' lang='lat' dir='ltr'><strong>cubilibus</strong></span> <span class='ocrx_word' id='word_1_24' title='bbox 1527 632 1652 685; x_wconf 83' lang='lat' dir='ltr'><strong>suis.</strong></span> <span class='ocrx_word' id='word_1_25' title='bbox 1696 630 1934 700; x_wconf 81' lang='lat' dir='ltr'><strong>Magnam</strong></span> 
     </span>
    </p>
   </div>
   <div class='ocr_carea' id='block_1_5' title="bbox 345 721 1935 798">
    <p class='ocr_par' dir='ltr' id='par_1_5' title="bbox 345 721 1935 798">
     <span class='ocr_line' id='line_1_5' title="bbox 345 721 1935 798; baseline -0.01 -11"><span class='ocrx_word' id='word_1_26' title='bbox 345 732 582 790; x_wconf 85' lang='lat' dir='ltr'><strong>ostendit</strong></span> <span class='ocrx_word' id='word_1_27' title='bbox 606 730 969 793; x_wconf 74' lang='lat' dir='ltr'><strong>securitatem,</strong></span> <span class='ocrx_word' id='word_1_28' title='bbox 992 727 1204 798; x_wconf 81' lang='lat' dir='ltr'><strong>quando</strong></span> <span class='ocrx_word' id='word_1_29' title='bbox 1226 727 1337 779; x_wconf 76' lang='lat' dir='ltr'><strong>lucc</strong></span> <span class='ocrx_word' id='word_1_30' title='bbox 1359 721 1631 793; x_wconf 83' lang='lat' dir='ltr'><strong>subjungit</strong></span> <span class='ocrx_word' id='word_1_31' title='bbox 1647 762 1663 789; x_wconf 92' lang='lat'><strong>,</strong></span> <span class='ocrx_word' id='word_1_32' title='bbox 1689 734 1935 790; x_wconf 85' lang='lat' dir='ltr'><strong>magnam</strong></span> 
     </span>
    </p>
   </div>
   <div class='ocr_carea' id='block_1_6' title="bbox 345 816 1935 896">
    <p class='ocr_par' dir='ltr' id='par_1_6' title="bbox 345 816 1935 896">
     <span class='ocr_line' id='line_1_6' title="bbox 345 816 1935 896; baseline -0.006 -18"><span class='ocrx_word' id='word_1_33' title='bbox 345 828 618 896; x_wconf 86' lang='lat' dir='ltr'><strong>quietem,</strong></span> <span class='ocrx_word' id='word_1_34' title='bbox 672 838 919 894; x_wconf 88' lang='lat' dir='ltr'><strong>magnam</strong></span> <span class='ocrx_word' id='word_1_35' title='bbox 965 821 1241 888; x_wconf 63' lang='lat' dir='ltr'><strong>laetitiam,</strong></span> <span class='ocrx_word' id='word_1_36' title='bbox 1295 832 1538 887; x_wconf 82' lang='lat' dir='ltr'><strong>magnam</strong></span> <span class='ocrx_word' id='word_1_37' title='bbox 1588 816 1935 885; x_wconf 89' lang='lat' dir='ltr'><strong>voluptatem.</strong></span> 
     </span>
    </p>
   </div>
   <div class='ocr_carea' id='block_1_7' title="bbox 349 908 1938 982">
    <p class='ocr_par' dir='ltr' id='par_1_7' title="bbox 349 908 1938 982">
     <span class='ocr_line' id='line_1_7' title="bbox 349 908 1938 982; baseline -0.009 -8"><span class='ocrx_word' id='word_1_38' title='bbox 349 918 474 974; x_wconf 67' lang='lat' dir='ltr'><strong>Haec</strong></span> <span class='ocrx_word' id='word_1_39' title='bbox 497 925 673 972; x_wconf 89' lang='lat' dir='ltr'><strong>autem</strong></span> <span class='ocrx_word' id='word_1_40' title='bbox 702 914 863 982; x_wconf 91' lang='lat' dir='ltr'><strong>dicit,</strong></span> <span class='ocrx_word' id='word_1_41' title='bbox 898 922 954 968; x_wconf 92' lang='lat' dir='ltr'><strong>ut</strong></span> <span class='ocrx_word' id='word_1_42' title='bbox 982 913 1153 968; x_wconf 83' lang='lat' dir='ltr'><strong>sciam</strong></span> <span class='ocrx_word' id='word_1_43' title='bbox 1180 927 1283 966; x_wconf 92' lang='lat' dir='ltr'><strong>non</strong></span> <span class='ocrx_word' id='word_1_44' title='bbox 1312 914 1422 966; x_wconf 88' lang='lat' dir='ltr'><strong>suis</strong></span> <span class='ocrx_word' id='word_1_45' title='bbox 1465 909 1662 975; x_wconf 87' lang='lat' dir='ltr'><strong>armis,</strong></span> <span class='ocrx_word' id='word_1_46' title='bbox 1696 923 1798 963; x_wconf 89' lang='lat' dir='ltr'><strong>nec</strong></span> <span class='ocrx_word' id='word_1_47' title='bbox 1824 908 1938 963; x_wconf 91' lang='lat' dir='ltr'><strong>suis</strong></span> 
     </span>
    </p>
   </div>
   <div class='ocr_carea' id='block_1_8' title="bbox 347 999 1941 1071">
    <p class='ocr_par' dir='ltr' id='par_1_8' title="bbox 347 999 1941 1071">
     <span class='ocr_line' id='line_1_8' title="bbox 347 999 1941 1071; baseline -0.007 -9"><span class='ocrx_word' id='word_1_48' title='bbox 347 1009 584 1071; x_wconf 71' lang='lat' dir='ltr'><strong>viribus,</strong></span> <span class='ocrx_word' id='word_1_49' title='bbox 631 1006 726 1062; x_wconf 86' lang='lat' dir='ltr'><strong>sed</strong></span> <span class='ocrx_word' id='word_1_50' title='bbox 768 1005 860 1061; x_wconf 89' lang='lat' dir='ltr'><strong>Dei</strong></span> <span class='ocrx_word' id='word_1_51' title='bbox 891 1004 1089 1058; x_wconf 79' lang='lat' dir='ltr'><strong>auxilio</strong></span> <span class='ocrx_word' id='word_1_52' title='bbox 1134 1002 1186 1057; x_wconf 92' lang='lat' dir='ltr'><strong>id</strong></span> <span class='ocrx_word' id='word_1_53' title='bbox 1239 1012 1405 1055; x_wconf 89' lang='lat' dir='ltr'><strong>totum</strong></span> <span class='ocrx_word' id='word_1_54' title='bbox 1454 999 1648 1054; x_wconf 86' lang='lat' dir='ltr'><strong>tactum</strong></span> <span class='ocrx_word' id='word_1_55' title='bbox 1688 1012 1842 1061; x_wconf 87' lang='lat' dir='ltr'><strong>esse,</strong></span> <span class='ocrx_word' id='word_1_56' title='bbox 1886 1006 1941 1051; x_wconf 92' lang='lat' dir='ltr'><strong>et</strong></span> 
     </span>
    </p>
   </div>
   <div class='ocr_carea' id='block_1_9' title="bbox 350 1093 1937 1171">
    <p class='ocr_par' dir='ltr' id='par_1_9' title="bbox 350 1093 1937 1171">
     <span class='ocr_line' id='line_1_9' title="bbox 350 1093 1937 1171; baseline -0.011 -12"><span class='ocrx_word' id='word_1_57' title='bbox 350 1110 599 1171; x_wconf 86' lang='lat' dir='ltr'><strong>oportere</strong></span> <span class='ocrx_word' id='word_1_58' title='bbox 637 1098 698 1154; x_wconf 82' lang='lat' dir='ltr'><strong>id&#39;</strong></span> <span class='ocrx_word' id='word_1_59' title='bbox 714 1097 985 1152; x_wconf 88' lang='lat' dir='ltr'><strong>attrahere</strong></span> <span class='ocrx_word' id='word_1_60' title='bbox 1028 1110 1125 1166; x_wconf 88' lang='lat' dir='ltr'><strong>per</strong></span> <span class='ocrx_word' id='word_1_61' title='bbox 1162 1093 1517 1148; x_wconf 78' lang='lat' dir='ltr'><strong>humilitatem</strong></span> <span class='ocrx_word' id='word_1_62' title='bbox 1552 1100 1605 1147; x_wconf 89' lang='lat' dir='ltr'><strong>et</strong></span> <span class='ocrx_word' id='word_1_63' title='bbox 1632 1099 1937 1144; x_wconf 82' lang='lat' dir='ltr'><strong>mansuetu-</strong></span> 
     </span>
    </p>
   </div>
   <div class='ocr_carea' id='block_1_10' title="bbox 351 1180 1943 1255">
    <p class='ocr_par' dir='ltr' id='par_1_10' title="bbox 351 1180 1943 1255">
     <span class='ocr_line' id='line_1_10' title="bbox 351 1180 1943 1255; baseline -0.01 -7"><span class='ocrx_word' id='word_1_64' title='bbox 351 1192 555 1248; x_wconf 89' lang='lat' dir='ltr'><strong>dinem.</strong></span> <span class='ocrx_word' id='word_1_65' title='bbox 597 1190 650 1246; x_wconf 80' lang='grc' dir='ltr'><strong>ϐ.</strong></span> <span class='ocrx_word' id='word_1_66' title='bbox 686 1188 1037 1246; x_wconf 77' lang='lat' dir='ltr'><strong>Eaaltationes</strong></span> <span class='ocrx_word' id='word_1_67' title='bbox 1063 1185 1157 1241; x_wconf 88' lang='lat' dir='ltr'><strong>Dei</strong></span> <span class='ocrx_word' id='word_1_68' title='bbox 1183 1187 1235 1239; x_wconf 89' lang='lat' dir='ltr'><strong>in</strong></span> <span class='ocrx_word' id='word_1_69' title='bbox 1260 1194 1461 1255; x_wconf 77' lang='lat' dir='ltr'><strong>gutture</strong></span> <span class='ocrx_word' id='word_1_70' title='bbox 1486 1199 1654 1237; x_wconf 83' lang='lat' dir='ltr'><strong>eorum</strong></span> <span class='ocrx_word' id='word_1_71' title='bbox 1673 1223 1689 1248; x_wconf 95' lang='lat'><strong>,</strong></span> <span class='ocrx_word' id='word_1_72' title='bbox 1715 1191 1760 1235; x_wconf 92' lang='lat' dir='ltr'><strong>et</strong></span> <span class='ocrx_word' id='word_1_73' title='bbox 1785 1180 1943 1251; x_wconf 81' lang='lat' dir='ltr'><strong>gladii</strong></span> 
     </span>
    </p>
   </div>
   <div class='ocr_carea' id='block_1_11' title="bbox 336 1272 1941 1354">
    <p class='ocr_par' dir='ltr' id='par_1_11' title="bbox 336 1272 1941 1354">
     <span class='ocr_line' id='line_1_11' title="bbox 336 1272 1941 1354; baseline -0.009 -15"><span class='ocrx_word' id='word_1_74' title='bbox 336 1284 597 1354; x_wconf 76' lang='lat' dir='ltr'><strong>ancipites</strong></span> <span class='ocrx_word' id='word_1_75' title='bbox 633 1282 687 1336; x_wconf 88' lang='lat' dir='ltr'><strong>in</strong></span> <span class='ocrx_word' id='word_1_76' title='bbox 727 1281 956 1334; x_wconf 86' lang='lat' dir='ltr'><strong>manibus</strong></span> <span class='ocrx_word' id='word_1_77' title='bbox 975 1295 1148 1333; x_wconf 89' lang='lat' dir='ltr'><strong>eorum</strong></span> <span class='ocrx_word' id='word_1_78' title='bbox 1177 1294 1195 1341; x_wconf 87' lang='lat'><em>;</em></span> <span class='ocrx_word' id='word_1_79' title='bbox 1234 1277 1287 1330; x_wconf 87' lang='lat'><strong>7.</strong></span> <span class='ocrx_word' id='word_1_80' title='bbox 1327 1277 1394 1328; x_wconf 90' lang='lat' dir='ltr'><strong>ad</strong></span> <span class='ocrx_word' id='word_1_81' title='bbox 1424 1275 1708 1346; x_wconf 81' lang='lat' dir='ltr'><strong>faciendam</strong></span> <span class='ocrx_word' id='word_1_82' title='bbox 1743 1272 1941 1325; x_wconf 74' lang='lat' dir='ltr'><strong>vitulis--</strong></span> 
     </span>
    </p>
   </div>
   <div class='ocr_carea' id='block_1_12' title="bbox 352 1364 1941 1442">
    <p class='ocr_par' dir='ltr' id='par_1_12' title="bbox 352 1364 1941 1442">
     <span class='ocr_line' id='line_1_12' title="bbox 352 1364 1941 1442; baseline -0.006 -13"><span class='ocrx_word' id='word_1_83' title='bbox 352 1387 459 1431; x_wconf 88' lang='lat' dir='ltr'><strong>tam</strong></span> <span class='ocrx_word' id='word_1_84' title='bbox 498 1377 553 1431; x_wconf 86' lang='lat' dir='ltr'><strong>in</strong></span> <span class='ocrx_word' id='word_1_85' title='bbox 595 1374 913 1441; x_wconf 69' lang='lat' dir='ltr'><strong>nationibus,</strong></span> <span class='ocrx_word' id='word_1_86' title='bbox 956 1372 1322 1442; x_wconf 86' lang='lat' dir='ltr'><strong>increpationcs</strong></span> <span class='ocrx_word' id='word_1_87' title='bbox 1348 1369 1399 1422; x_wconf 89' lang='lat' dir='ltr'><strong>in</strong></span> <span class='ocrx_word' id='word_1_88' title='bbox 1442 1367 1662 1437; x_wconf 76' lang='lat' dir='ltr'><strong>populis.</strong></span> <span class='ocrx_word' id='word_1_89' title='bbox 1697 1364 1941 1422; x_wconf 86' lang='lat' dir='ltr'><strong>Ostendit</strong></span> 
     </span>
    </p>
   </div>
   <div class='ocr_carea' id='block_1_13' title="bbox 356 1459 1946 1536">
    <p class='ocr_par' dir='ltr' id='par_1_13' title="bbox 356 1459 1946 1536">
     <span class='ocr_line' id='line_1_13' title="bbox 356 1459 1946 1536; baseline -0.009 -11"><span class='ocrx_word' id='word_1_90' title='bbox 356 1471 445 1527; x_wconf 91' lang='lat' dir='ltr'><strong>hic</strong></span> <span class='ocrx_word' id='word_1_91' title='bbox 472 1469 672 1527; x_wconf 89' lang='lat' dir='ltr'><strong>bellum</strong></span> <span class='ocrx_word' id='word_1_92' title='bbox 702 1483 824 1524; x_wconf 92' lang='lat' dir='ltr'><strong>cum</strong></span> <span class='ocrx_word' id='word_1_93' title='bbox 852 1465 1048 1523; x_wconf 87' lang='lat' dir='ltr'><strong>chorea</strong></span> <span class='ocrx_word' id='word_1_94' title='bbox 1071 1462 1360 1536; x_wconf 81' lang='lat' dir='ltr'><strong>gerendum</strong></span> <span class='ocrx_word' id='word_1_95' title='bbox 1382 1504 1396 1528; x_wconf 89' lang='lat'><strong>,</strong></span> <span class='ocrx_word' id='word_1_96' title='bbox 1426 1468 1481 1515; x_wconf 89' lang='lat' dir='ltr'><strong>et</strong></span> <span class='ocrx_word' id='word_1_97' title='bbox 1510 1460 1655 1531; x_wconf 87' lang='lat' dir='ltr'><strong>ipsos</strong></span> <span class='ocrx_word' id='word_1_98' title='bbox 1684 1459 1731 1514; x_wconf 89' lang='lat' dir='ltr'><strong>si</strong></span> <span class='ocrx_word' id='word_1_99' title='bbox 1751 1466 1946 1514; x_wconf 88' lang='lat' dir='ltr'><strong>canant</strong></span> 
     </span>
    </p>
   </div>
   <div class='ocr_carea' id='block_1_14' title="bbox 351 1549 1947 1629">
    <p class='ocr_par' dir='ltr' id='par_1_14' title="bbox 351 1549 1947 1629">
     <span class='ocr_line' id='line_1_14' title="bbox 351 1549 1947 1629; baseline -0.009 -11"><span class='ocrx_word' id='word_1_100' title='bbox 351 1571 408 1618; x_wconf 88' lang='lat' dir='ltr'><strong>et</strong></span> <span class='ocrx_word' id='word_1_101' title='bbox 434 1559 651 1617; x_wconf 77' lang='lat' dir='ltr'><strong>laudent</strong></span> <span class='ocrx_word' id='word_1_102' title='bbox 690 1565 1035 1629; x_wconf 77' lang='lat' dir='ltr'><strong>superaturos</strong></span> <span class='ocrx_word' id='word_1_103' title='bbox 1061 1570 1201 1611; x_wconf 91' lang='lat' dir='ltr'><strong>esse.</strong></span> <span class='ocrx_word' id='word_1_104' title='bbox 1248 1552 1603 1609; x_wconf 71' lang='lat' dir='ltr'><strong>Exaltationcs</strong></span> <span class='ocrx_word' id='word_1_105' title='bbox 1646 1551 1787 1605; x_wconf 91' lang='lat' dir='ltr'><strong>enim</strong></span> <span class='ocrx_word' id='word_1_106' title='bbox 1818 1549 1947 1605; x_wconf 89' lang='lat' dir='ltr'><strong>dicit</strong></span> 
     </span>
    </p>
   </div>
   <div class='ocr_carea' id='block_1_15' title="bbox 353 1641 1947 1728">
    <p class='ocr_par' dir='ltr' id='par_1_15' title="bbox 353 1641 1947 1728">
     <span class='ocr_line' id='line_1_15' title="bbox 353 1641 1947 1728; baseline -0.008 -18"><span class='ocrx_word' id='word_1_107' title='bbox 353 1656 583 1728; x_wconf 79' lang='lat' dir='ltr'><strong>hymnos</strong></span> <span class='ocrx_word' id='word_1_108' title='bbox 606 1695 623 1722; x_wconf 92' lang='lat'><strong>,</strong></span> <span class='ocrx_word' id='word_1_109' title='bbox 649 1652 882 1724; x_wconf 88' lang='lat' dir='ltr'><strong>psalmos</strong></span> <span class='ocrx_word' id='word_1_110' title='bbox 901 1693 917 1717; x_wconf 98' lang='lat'><strong>,</strong></span> <span class='ocrx_word' id='word_1_111' title='bbox 944 1650 1232 1722; x_wconf 89' lang='lat' dir='ltr'><strong>gratiarum</strong></span> <span class='ocrx_word' id='word_1_112' title='bbox 1258 1648 1517 1703; x_wconf 87' lang='lat' dir='ltr'><strong>actiones.</strong></span> <span class='ocrx_word' id='word_1_113' title='bbox 1547 1645 1610 1700; x_wconf 90' lang='lat' dir='ltr'><strong>Et</strong></span> <span class='ocrx_word' id='word_1_114' title='bbox 1637 1644 1757 1700; x_wconf 93' lang='lat' dir='ltr'><strong>ideo</strong></span> <span class='ocrx_word' id='word_1_115' title='bbox 1786 1641 1947 1697; x_wconf 75' lang='lat' dir='ltr'><strong>Exol—</strong></span> 
     </span>
    </p>
   </div>
   <div class='ocr_carea' id='block_1_16' title="bbox 356 1735 1947 1815">
    <p class='ocr_par' dir='ltr' id='par_1_16' title="bbox 356 1735 1947 1815">
     <span class='ocr_line' id='line_1_16' title="bbox 356 1735 1947 1815; baseline -0.007 -15"><span class='ocrx_word' id='word_1_116' title='bbox 356 1746 567 1801; x_wconf 87' lang='lat' dir='ltr'><strong>tationes</strong></span> <span class='ocrx_word' id='word_1_117' title='bbox 586 1744 720 1799; x_wconf 86' lang='lat' dir='ltr'><strong>alius</strong></span> <span class='ocrx_word' id='word_1_118' title='bbox 740 1742 869 1799; x_wconf 88' lang='lat' dir='ltr'><strong>dicit</strong></span> <span class='ocrx_word' id='word_1_119' title='bbox 889 1742 1118 1815; x_wconf 80' lang='lat' dir='ltr'><strong>Hymnos</strong></span> <span class='ocrx_word' id='word_1_120' title='bbox 1146 1740 1242 1812; x_wconf 92' lang='lat' dir='ltr'><strong>(a).</strong></span> <span class='ocrx_word' id='word_1_121' title='bbox 1268 1739 1346 1794; x_wconf 85' lang='lat' dir='ltr'><strong>Ad</strong></span> <span class='ocrx_word' id='word_1_122' title='bbox 1366 1739 1652 1811; x_wconf 81' lang='lat' dir='ltr'><strong>faciendam</strong></span> <span class='ocrx_word' id='word_1_123' title='bbox 1675 1735 1947 1791; x_wconf 83' lang='lat' dir='ltr'><strong>uindictam</strong></span> 
     </span>
    </p>
   </div>
   <div class='ocr_carea' id='block_1_17' title="bbox 355 1826 1949 1901">
    <p class='ocr_par' dir='ltr' id='par_1_17' title="bbox 355 1826 1949 1901">
     <span class='ocr_line' id='line_1_17' title="bbox 355 1826 1949 1901; baseline -0.007 -10"><span class='ocrx_word' id='word_1_124' title='bbox 355 1838 409 1891; x_wconf 89' lang='lat' dir='ltr'><strong>in</strong></span> <span class='ocrx_word' id='word_1_125' title='bbox 432 1834 716 1890; x_wconf 75' lang='lat' dir='ltr'><strong>nationibus</strong></span> <span class='ocrx_word' id='word_1_126' title='bbox 735 1876 750 1901; x_wconf 96' lang='lat'><strong>,</strong></span> <span class='ocrx_word' id='word_1_127' title='bbox 781 1834 1146 1899; x_wconf 85' lang='lat' dir='ltr'><strong>increputiones</strong></span> <span class='ocrx_word' id='word_1_128' title='bbox 1183 1831 1237 1885; x_wconf 89' lang='lat' dir='ltr'><strong>in</strong></span> <span class='ocrx_word' id='word_1_129' title='bbox 1264 1829 1487 1900; x_wconf 78' lang='lat' dir='ltr'><strong>populis.</strong></span> <span class='ocrx_word' id='word_1_130' title='bbox 1517 1827 1655 1895; x_wconf 84' lang='lat' dir='ltr'><strong>Quid</strong></span> <span class='ocrx_word' id='word_1_131' title='bbox 1686 1826 1788 1881; x_wconf 91' lang='lat' dir='ltr'><strong>hoc</strong></span> <span class='ocrx_word' id='word_1_132' title='bbox 1816 1837 1898 1881; x_wconf 90' lang='lat' dir='ltr'><strong>est</strong></span> <span class='ocrx_word' id='word_1_133' title='bbox 1925 1827 1949 1880; x_wconf 85' lang='lat'><strong>?</strong></span> 
     </span>
    </p>
   </div>
   <div class='ocr_carea' id='block_1_18' title="bbox 356 1920 1947 1997">
    <p class='ocr_par' dir='ltr' id='par_1_18' title="bbox 356 1920 1947 1997">
     <span class='ocr_line' id='line_1_18' title="bbox 356 1920 1947 1997; baseline -0.005 -15"><span class='ocrx_word' id='word_1_134' title='bbox 356 1927 616 1996; x_wconf 84' lang='lat' dir='ltr'><strong>Quoniam</strong></span> <span class='ocrx_word' id='word_1_135' title='bbox 641 1926 731 1997; x_wconf 91' lang='lat' dir='ltr'><strong>qui</strong></span> <span class='ocrx_word' id='word_1_136' title='bbox 762 1926 1033 1988; x_wconf 87' lang='lat' dir='ltr'><strong>vicerant,</strong></span> <span class='ocrx_word' id='word_1_137' title='bbox 1064 1923 1277 1979; x_wconf 88' lang='lat' dir='ltr'><strong>assidue</strong></span> <span class='ocrx_word' id='word_1_138' title='bbox 1307 1922 1496 1992; x_wconf 89' lang='lat' dir='ltr'><strong>probra</strong></span> <span class='ocrx_word' id='word_1_139' title='bbox 1527 1922 1579 1975; x_wconf 93' lang='lat' dir='ltr'><strong>in</strong></span> <span class='ocrx_word' id='word_1_140' title='bbox 1606 1934 1701 1975; x_wconf 92' lang='lat' dir='ltr'><strong>eos</strong></span> <span class='ocrx_word' id='word_1_141' title='bbox 1737 1920 1947 1990; x_wconf 81' lang='lat' dir='ltr'><strong>ingere-</strong></span> 
     </span>
    </p>
   </div>
   <div class='ocr_carea' id='block_1_19' title="bbox 358 2013 1948 2089">
    <p class='ocr_par' dir='ltr' id='par_1_19' title="bbox 358 2013 1948 2089">
     <span class='ocr_line' id='line_1_19' title="bbox 358 2013 1948 2089; baseline -0.006 -16"><span class='ocrx_word' id='word_1_142' title='bbox 358 2018 524 2082; x_wconf 90' lang='lat' dir='ltr'><strong>bant,</strong></span> <span class='ocrx_word' id='word_1_143' title='bbox 563 2017 845 2089; x_wconf 87' lang='lat' dir='ltr'><strong>pollicetur</strong></span> <span class='ocrx_word' id='word_1_144' title='bbox 883 2032 943 2071; x_wconf 89' lang='lat' dir='ltr'><strong>se</strong></span> <span class='ocrx_word' id='word_1_145' title='bbox 986 2015 1148 2070; x_wconf 87' lang='lat' dir='ltr'><strong>rebus</strong></span> <span class='ocrx_word' id='word_1_146' title='bbox 1192 2015 1322 2084; x_wconf 90' lang='lat' dir='ltr'><strong>ipsis</strong></span> <span class='ocrx_word' id='word_1_147' title='bbox 1358 2029 1452 2069; x_wconf 93' lang='lat' dir='ltr'><strong>eos</strong></span> <span class='ocrx_word' id='word_1_148' title='bbox 1501 2013 1906 2082; x_wconf 87' lang='lat' dir='ltr'><strong>redarguturum</strong></span> <span class='ocrx_word' id='word_1_149' title='bbox 1931 2050 1948 2077; x_wconf 94' lang='lat'><strong>,</strong></span> 
     </span>
    </p>
   </div>
   <div class='ocr_carea' id='block_1_20' title="bbox 358 2103 1952 2172">
    <p class='ocr_par' dir='ltr' id='par_1_20' title="bbox 358 2103 1952 2172">
     <span class='ocr_line' id='line_1_20' title="bbox 358 2103 1952 2172; baseline -0.004 -10"><span class='ocrx_word' id='word_1_150' title='bbox 358 2116 696 2162; x_wconf 88' lang='lat' dir='ltr'><strong>ostensurum</strong></span> <span class='ocrx_word' id='word_1_151' title='bbox 725 2121 829 2161; x_wconf 93' lang='lat' dir='ltr'><strong>non</strong></span> <span class='ocrx_word' id='word_1_152' title='bbox 854 2106 946 2160; x_wconf 90' lang='lat' dir='ltr'><strong>Dei</strong></span> <span class='ocrx_word' id='word_1_153' title='bbox 974 2104 1422 2169; x_wconf 89' lang='lat' dir='ltr'><strong>imbecillitatem,</strong></span> <span class='ocrx_word' id='word_1_154' title='bbox 1445 2103 1539 2158; x_wconf 89' lang='lat' dir='ltr'><strong>sed</strong></span> <span class='ocrx_word' id='word_1_155' title='bbox 1565 2103 1801 2172; x_wconf 90' lang='lat' dir='ltr'><strong>ipsorum</strong></span> <span class='ocrx_word' id='word_1_156' title='bbox 1828 2116 1952 2171; x_wconf 86' lang='lat' dir='ltr'><strong>pec—</strong></span> 
     </span>
    </p>
   </div>
   <div class='ocr_carea' id='block_1_21' title="bbox 358 2194 1952 2265">
    <p class='ocr_par' dir='ltr' id='par_1_21' title="bbox 358 2194 1952 2265">
     <span class='ocr_line' id='line_1_21' title="bbox 358 2194 1952 2265; baseline -0.004 -12"><span class='ocrx_word' id='word_1_157' title='bbox 358 2206 477 2253; x_wconf 88' lang='lat' dir='ltr'><strong>cata</strong></span> <span class='ocrx_word' id='word_1_158' title='bbox 498 2197 710 2253; x_wconf 88' lang='lat' dir='ltr'><strong>dedisse</strong></span> <span class='ocrx_word' id='word_1_159' title='bbox 733 2196 814 2251; x_wconf 90' lang='lat' dir='ltr'><strong>eis</strong></span> <span class='ocrx_word' id='word_1_160' title='bbox 838 2196 1136 2251; x_wconf 87' lang='lat' dir='ltr'><strong>victoriam.</strong></span> <span class='ocrx_word' id='word_1_161' title='bbox 1160 2194 1293 2250; x_wconf 87' lang='lat' dir='ltr'><strong>Cum</strong></span> <span class='ocrx_word' id='word_1_162' title='bbox 1320 2194 1498 2265; x_wconf 88' lang='lat' dir='ltr'><strong>itaque</strong></span> <span class='ocrx_word' id='word_1_163' title='bbox 1522 2194 1652 2248; x_wconf 90' lang='lat' dir='ltr'><strong>satis</strong></span> <span class='ocrx_word' id='word_1_164' title='bbox 1674 2208 1952 2264; x_wconf 65' lang='lat' dir='ltr'><strong>pinnarum</strong></span> 
     </span>
    </p>
   </div>
   <div class='ocr_carea' id='block_1_22' title="bbox 361 2285 1949 2357">
    <p class='ocr_par' dir='ltr' id='par_1_22' title="bbox 361 2285 1949 2357">
     <span class='ocr_line' id='line_1_22' title="bbox 361 2285 1949 2357; baseline -0.003 -13"><span class='ocrx_word' id='word_1_165' title='bbox 361 2288 668 2354; x_wconf 87' lang='lat' dir='ltr'><strong>dedissent,</strong></span> <span class='ocrx_word' id='word_1_166' title='bbox 698 2289 872 2344; x_wconf 87' lang='lat' dir='ltr'><strong>solum</strong></span> <span class='ocrx_word' id='word_1_167' title='bbox 910 2288 1097 2342; x_wconf 88' lang='lat' dir='ltr'><strong>annuit</strong></span> <span class='ocrx_word' id='word_1_168' title='bbox 1143 2287 1403 2357; x_wconf 88' lang='lat' dir='ltr'><strong>benignus</strong></span> <span class='ocrx_word' id='word_1_169' title='bbox 1429 2295 1483 2341; x_wconf 92' lang='lat' dir='ltr'><strong>ct</strong></span> <span class='ocrx_word' id='word_1_170' title='bbox 1510 2285 1746 2341; x_wconf 88' lang='lat' dir='ltr'><strong>clemens</strong></span> <span class='ocrx_word' id='word_1_171' title='bbox 1776 2285 1949 2351; x_wconf 89' lang='lat' dir='ltr'><strong>Deus,</strong></span> 
     </span>
    </p>
   </div>
   <div class='ocr_carea' id='block_1_23' title="bbox 373 2378 1949 2436">
    <p class='ocr_par' dir='ltr' id='par_1_23' title="bbox 373 2378 1949 2436">
     <span class='ocr_line' id='line_1_23' title="bbox 373 2378 1949 2436; baseline -0.003 0"><span class='ocrx_word' id='word_1_172' title='bbox 373 2388 431 2436; x_wconf 88' lang='lat' dir='ltr'><strong>et</strong></span> <span class='ocrx_word' id='word_1_173' title='bbox 470 2395 558 2436; x_wconf 87' lang='lat' dir='ltr'><strong>res</strong></span> <span class='ocrx_word' id='word_1_174' title='bbox 609 2394 796 2436; x_wconf 91' lang='lat' dir='ltr'><strong>eorum</strong></span> <span class='ocrx_word' id='word_1_175' title='bbox 827 2378 881 2434; x_wconf 89' lang='lat' dir='ltr'><strong>in</strong></span> <span class='ocrx_word' id='word_1_176' title='bbox 925 2378 1295 2434; x_wconf 85' lang='lat' dir='ltr'><strong>admirabilem</strong></span> <span class='ocrx_word' id='word_1_177' title='bbox 1340 2394 1535 2434; x_wconf 80' lang='lat' dir='ltr'><strong>venere</strong></span> <span class='ocrx_word' id='word_1_178' title='bbox 1578 2379 1949 2433; x_wconf 86' lang='lat' dir='ltr'><strong>mutationem.</strong></span> 
     </span>
    </p>
   </div>
   <div class='ocr_carea' id='block_1_24' title="bbox 363 2469 1954 2543">
    <p class='ocr_par' dir='ltr' id='par_1_24' title="bbox 363 2469 1954 2543">
     <span class='ocr_line' id='line_1_24' title="bbox 363 2469 1954 2543; baseline -0.002 -16"><span class='ocrx_word' id='word_1_179' title='bbox 363 2471 499 2529; x_wconf 79' lang='lat' dir='ltr'><strong>Vide</strong></span> <span class='ocrx_word' id='word_1_180' title='bbox 538 2481 715 2529; x_wconf 88' lang='lat' dir='ltr'><strong>autem</strong></span> <span class='ocrx_word' id='word_1_181' title='bbox 760 2472 1022 2543; x_wconf 76' lang='lat' dir='ltr'><strong>insignem</strong></span> <span class='ocrx_word' id='word_1_182' title='bbox 1067 2471 1365 2526; x_wconf 87' lang='lat' dir='ltr'><strong>victoriam.</strong></span> <span class='ocrx_word' id='word_1_183' title='bbox 1408 2469 1692 2541; x_wconf 86' lang='lat' dir='ltr'><strong>Subjuugit</strong></span> <span class='ocrx_word' id='word_1_184' title='bbox 1727 2471 1870 2525; x_wconf 89' lang='lat' dir='ltr'><strong>enim</strong></span> <span class='ocrx_word' id='word_1_185' title='bbox 1898 2478 1954 2526; x_wconf 91' lang='lat' dir='ltr'><strong>et</strong></span> 
     </span>
    </p>
   </div>
   <div class='ocr_carea' id='block_1_25' title="bbox 363 2562 1954 2637">
    <p class='ocr_par' dir='ltr' id='par_1_25' title="bbox 363 2562 1954 2637">
     <span class='ocr_line' id='line_1_25' title="bbox 363 2562 1954 2637; baseline -0.004 -15"><span class='ocrx_word' id='word_1_186' title='bbox 363 2565 534 2622; x_wconf 86' lang='lat' dir='ltr'><strong>dicit:</strong></span> <span class='ocrx_word' id='word_1_187' title='bbox 574 2564 977 2637; x_wconf 73' lang='lat' dir='ltr'><strong>Ad-alligandos</strong></span> <span class='ocrx_word' id='word_1_188' title='bbox 1018 2580 1157 2635; x_wconf 89' lang='lat' dir='ltr'><strong>reges</strong></span> <span class='ocrx_word' id='word_1_189' title='bbox 1193 2579 1364 2618; x_wconf 86' lang='lat' dir='ltr'><strong>eorum</strong></span> <span class='ocrx_word' id='word_1_190' title='bbox 1404 2564 1460 2618; x_wconf 87' lang='lat' dir='ltr'><strong>in</strong></span> <span class='ocrx_word' id='word_1_191' title='bbox 1497 2562 1820 2634; x_wconf 72' lang='lat' dir='ltr'><strong>compedibus</strong></span> <span class='ocrx_word' id='word_1_192' title='bbox 1847 2603 1862 2628; x_wconf 93' lang='lat'><strong>,</strong></span> <span class='ocrx_word' id='word_1_193' title='bbox 1906 2571 1954 2616; x_wconf 88' lang='lat' dir='ltr'><strong>et</strong></span> 
     </span>
    </p>
   </div>
   <div class='ocr_carea' id='block_1_26' title="bbox 366 2654 1954 2725">
    <p class='ocr_par' dir='ltr' id='par_1_26' title="bbox 366 2654 1954 2725">
     <span class='ocr_line' id='line_1_26' title="bbox 366 2654 1954 2725; baseline -0.003 -13"><span class='ocrx_word' id='word_1_194' title='bbox 366 2658 559 2712; x_wconf 75' lang='lat' dir='ltr'><strong>nobiles</strong></span> <span class='ocrx_word' id='word_1_195' title='bbox 581 2673 753 2711; x_wconf 85' lang='lat' dir='ltr'><strong>eorum</strong></span> <span class='ocrx_word' id='word_1_196' title='bbox 773 2658 823 2711; x_wconf 89' lang='lat' dir='ltr'><strong>in</strong></span> <span class='ocrx_word' id='word_1_197' title='bbox 847 2656 1053 2711; x_wconf 81' lang='lat' dir='ltr'><strong>manicis</strong></span> <span class='ocrx_word' id='word_1_198' title='bbox 1074 2655 1268 2725; x_wconf 84' lang='lat' dir='ltr'><strong>ferreis.</strong></span> <span class='ocrx_word' id='word_1_199' title='bbox 1292 2654 1480 2710; x_wconf 83' lang='lat' dir='ltr'><strong>Vidisti</strong></span> <span class='ocrx_word' id='word_1_200' title='bbox 1508 2655 1648 2710; x_wconf 91' lang='lat' dir='ltr'><strong>vires</strong></span> <span class='ocrx_word' id='word_1_201' title='bbox 1673 2654 1954 2725; x_wconf 83' lang='lat' dir='ltr'><strong>ingentes?</strong></span> 
     </span>
    </p>
   </div>
   <div class='ocr_carea' id='block_1_27' title="bbox 364 2746 1952 2818">
    <p class='ocr_par' dir='ltr' id='par_1_27' title="bbox 364 2746 1952 2818">
     <span class='ocr_line' id='line_1_27' title="bbox 364 2746 1952 2818; baseline -0.003 -13"><span class='ocrx_word' id='word_1_202' title='bbox 364 2749 482 2805; x_wconf 86' lang='lat' dir='ltr'><strong>Non</strong></span> <span class='ocrx_word' id='word_1_203' title='bbox 523 2748 693 2804; x_wconf 89' lang='lat' dir='ltr'><strong>solum</strong></span> <span class='ocrx_word' id='word_1_204' title='bbox 737 2750 879 2804; x_wconf 90' lang='lat' dir='ltr'><strong>enim</strong></span> <span class='ocrx_word' id='word_1_205' title='bbox 925 2748 1246 2818; x_wconf 80' lang='lat' dir='ltr'><strong>expulerunt</strong></span> <span class='ocrx_word' id='word_1_206' title='bbox 1284 2746 1467 2802; x_wconf 86' lang='lat' dir='ltr'><strong>hostes</strong></span> <span class='ocrx_word' id='word_1_207' title='bbox 1504 2761 1568 2801; x_wconf 91' lang='lat' dir='ltr'><strong>ac</strong></span> <span class='ocrx_word' id='word_1_208' title='bbox 1608 2746 1952 2816; x_wconf 86' lang='lat' dir='ltr'><strong>rejecernnt,</strong></span> 
     </span>
    </p>
   </div>
   <div class='ocr_carea' id='block_1_28' title="bbox 368 2837 1954 2909">
    <p class='ocr_par' dir='ltr' id='par_1_28' title="bbox 368 2837 1954 2909">
     <span class='ocr_line' id='line_1_28' title="bbox 368 2837 1954 2909; baseline -0.003 -14"><span class='ocrx_word' id='word_1_209' title='bbox 368 2840 464 2895; x_wconf 83' lang='lat' dir='ltr'><strong>sed</strong></span> <span class='ocrx_word' id='word_1_210' title='bbox 502 2840 569 2895; x_wconf 89' lang='lat' dir='ltr'><strong>iis</strong></span> <span class='ocrx_word' id='word_1_211' title='bbox 595 2841 754 2895; x_wconf 89' lang='lat' dir='ltr'><strong>etiam</strong></span> <span class='ocrx_word' id='word_1_212' title='bbox 785 2840 953 2909; x_wconf 78' lang='lat' dir='ltr'><strong>captis</strong></span> <span class='ocrx_word' id='word_1_213' title='bbox 981 2838 1182 2894; x_wconf 85' lang='lat' dir='ltr'><strong>reversi</strong></span> <span class='ocrx_word' id='word_1_214' title='bbox 1212 2846 1362 2902; x_wconf 89' lang='lat' dir='ltr'><strong>sunt,</strong></span> <span class='ocrx_word' id='word_1_215' title='bbox 1397 2837 1490 2892; x_wconf 88' lang='lat' dir='ltr'><strong>Dei</strong></span> <span class='ocrx_word' id='word_1_216' title='bbox 1518 2837 1808 2907; x_wconf 90' lang='lat' dir='ltr'><strong>potentiam</strong></span> <span class='ocrx_word' id='word_1_217' title='bbox 1835 2852 1954 2890; x_wconf 83' lang='lat' dir='ltr'><strong>om-</strong></span> 
     </span>
    </p>
   </div>
   <div class='ocr_carea' id='block_1_29' title="bbox 368 2930 1957 3004">
    <p class='ocr_par' dir='ltr' id='par_1_29' title="bbox 368 2930 1957 3004">
     <span class='ocr_line' id='line_1_29' title="bbox 368 2930 1957 3004; baseline -0.003 -16"><span class='ocrx_word' id='word_1_218' title='bbox 368 2934 523 2989; x_wconf 88' lang='lat' dir='ltr'><strong>nibus</strong></span> <span class='ocrx_word' id='word_1_219' title='bbox 551 2933 913 2988; x_wconf 85' lang='lat' dir='ltr'><strong>ostendentes.</strong></span> <span class='ocrx_word' id='word_1_220' title='bbox 954 2934 1006 2988; x_wconf 86' lang='lat'><strong>9.</strong></span> <span class='ocrx_word' id='word_1_221' title='bbox 1054 2930 1122 2987; x_wconf 89' lang='lat' dir='ltr'><strong>Ut</strong></span> <span class='ocrx_word' id='word_1_222' title='bbox 1147 2932 1337 3004; x_wconf 76' lang='lat' dir='ltr'><strong>faciant</strong></span> <span class='ocrx_word' id='word_1_223' title='bbox 1364 2932 1417 2985; x_wconf 88' lang='lat' dir='ltr'><strong>in</strong></span> <span class='ocrx_word' id='word_1_224' title='bbox 1444 2931 1514 2986; x_wconf 83' lang='lat' dir='ltr'><strong>eis</strong></span> <span class='ocrx_word' id='word_1_225' title='bbox 1553 2931 1809 3000; x_wconf 86' lang='lat' dir='ltr'><strong>judicium</strong></span> <span class='ocrx_word' id='word_1_226' title='bbox 1834 2946 1957 2984; x_wconf 87' lang='lat' dir='ltr'><strong>con-</strong></span> 
     </span>
    </p>
   </div>
   <div class='ocr_carea' id='block_1_30' title="bbox 367 3021 1952 3095">
    <p class='ocr_par' dir='ltr' id='par_1_30' title="bbox 367 3021 1952 3095">
     <span class='ocr_line' id='line_1_30' title="bbox 367 3021 1952 3095; baseline -0.003 -15"><span class='ocrx_word' id='word_1_227' title='bbox 367 3026 629 3095; x_wconf 86' lang='lat' dir='ltr'><strong>scriptum.</strong></span> <span class='ocrx_word' id='word_1_228' title='bbox 662 3024 797 3092; x_wconf 87' lang='lat' dir='ltr'><strong>Quid</strong></span> <span class='ocrx_word' id='word_1_229' title='bbox 825 3033 935 3090; x_wconf 89' lang='lat' dir='ltr'><strong>est,</strong></span> <span class='ocrx_word' id='word_1_230' title='bbox 961 3021 998 3076; x_wconf 76' lang='lat' dir='ltr'><strong><em>J</em></strong></span> <span class='ocrx_word' id='word_1_231' title='bbox 1002 3023 1225 3077; x_wconf 87' lang='lat' dir='ltr'><strong>udicium</strong></span> <span class='ocrx_word' id='word_1_232' title='bbox 1245 3023 1582 3092; x_wconf 82' lang='lat' dir='ltr'><strong>conscriptum</strong></span> <span class='ocrx_word' id='word_1_233' title='bbox 1604 3022 1630 3076; x_wconf 85' lang='lat'><strong><em>?</em></strong></span> <span class='ocrx_word' id='word_1_234' title='bbox 1659 3025 1952 3093; x_wconf 85' lang='lat' dir='ltr'><strong>Apertum,</strong></span> 
     </span>
    </p>
   </div>
   <div class='ocr_carea' id='block_1_31' title="bbox 368 3113 1959 3186">
    <p class='ocr_par' dir='ltr' id='par_1_31' title="bbox 368 3113 1959 3186">
     <span class='ocr_line' id='line_1_31' title="bbox 368 3113 1959 3186; baseline 0 -17"><span class='ocrx_word' id='word_1_235' title='bbox 368 3114 735 3179; x_wconf 75' lang='lat' dir='ltr'><strong>manifestum,</strong></span> <span class='ocrx_word' id='word_1_236' title='bbox 762 3114 905 3184; x_wconf 91' lang='lat' dir='ltr'><strong>quod</strong></span> <span class='ocrx_word' id='word_1_237' title='bbox 945 3125 1028 3169; x_wconf 90' lang='lat' dir='ltr'><strong>est</strong></span> <span class='ocrx_word' id='word_1_238' title='bbox 1058 3114 1109 3169; x_wconf 90' lang='lat' dir='ltr'><strong>itt</strong></span> <span class='ocrx_word' id='word_1_239' title='bbox 1145 3113 1423 3180; x_wconf 82' lang='lat' dir='ltr'><strong>confesso,</strong></span> <span class='ocrx_word' id='word_1_240' title='bbox 1452 3113 1593 3184; x_wconf 91' lang='lat' dir='ltr'><strong>quod</strong></span> <span class='ocrx_word' id='word_1_241' title='bbox 1636 3129 1741 3169; x_wconf 92' lang='lat' dir='ltr'><strong>non</strong></span> <span class='ocrx_word' id='word_1_242' title='bbox 1780 3123 1959 3186; x_wconf 84' lang='lat' dir='ltr'><strong>potest</strong></span> 
     </span>
    </p>
   </div>
   <div class='ocr_carea' id='block_1_32' title="bbox 369 3207 1953 3278">
    <p class='ocr_par' dir='ltr' id='par_1_32' title="bbox 369 3207 1953 3278">
     <span class='ocr_line' id='line_1_32' title="bbox 369 3207 1953 3278; baseline -0.003 -14"><span class='ocrx_word' id='word_1_243' title='bbox 369 3207 485 3264; x_wconf 86' lang='lat' dir='ltr'><strong>dari</strong></span> <span class='ocrx_word' id='word_1_244' title='bbox 525 3209 803 3264; x_wconf 90' lang='lat' dir='ltr'><strong>oblivioni.</strong></span> <span class='ocrx_word' id='word_1_245' title='bbox 845 3208 975 3274; x_wconf 74' lang='lat' dir='ltr'><strong>Quae</strong></span> <span class='ocrx_word' id='word_1_246' title='bbox 1017 3208 1158 3263; x_wconf 90' lang='lat' dir='ltr'><strong>enim</strong></span> <span class='ocrx_word' id='word_1_247' title='bbox 1192 3208 1282 3262; x_wconf 88' lang='lat' dir='ltr'><strong>Dei</strong></span> <span class='ocrx_word' id='word_1_248' title='bbox 1314 3217 1470 3275; x_wconf 90' lang='lat' dir='ltr'><strong>sunt,</strong></span> <span class='ocrx_word' id='word_1_249' title='bbox 1499 3216 1624 3262; x_wconf 89' lang='lat' dir='ltr'><strong>sunt</strong></span> <span class='ocrx_word' id='word_1_250' title='bbox 1656 3207 1953 3278; x_wconf 89' lang='lat' dir='ltr'><strong>ejusmodi,</strong></span> 
     </span>
    </p>
   </div>
   <div class='ocr_carea' id='block_1_33' title="bbox 369 3298 1956 3374">
    <p class='ocr_par' dir='ltr' id='par_1_33' title="bbox 369 3298 1956 3374">
     <span class='ocr_line' id='line_1_33' title="bbox 369 3298 1956 3374; baseline -0.002 -19"><span class='ocrx_word' id='word_1_251' title='bbox 369 3309 509 3358; x_wconf 85' lang='lat' dir='ltr'><strong>utet</strong></span> <span class='ocrx_word' id='word_1_252' title='bbox 554 3318 740 3358; x_wconf 88' lang='lat' dir='ltr'><strong>rerum</strong></span> <span class='ocrx_word' id='word_1_253' title='bbox 773 3310 1052 3374; x_wconf 87' lang='lat' dir='ltr'><strong>gestarum</strong></span> <span class='ocrx_word' id='word_1_254' title='bbox 1088 3298 1450 3371; x_wconf 78' lang='lat' dir='ltr'><strong>magnitudine</strong></span> <span class='ocrx_word' id='word_1_255' title='bbox 1492 3307 1548 3354; x_wconf 89' lang='lat' dir='ltr'><strong>et</strong></span> <span class='ocrx_word' id='word_1_256' title='bbox 1582 3298 1956 3353; x_wconf 76' lang='lat' dir='ltr'><strong>miraculorum</strong></span> 
     </span>
    </p>
   </div>
   <div class='ocr_carea' id='block_1_34' title="bbox 370 3393 1959 3464">
    <p class='ocr_par' dir='ltr' id='par_1_34' title="bbox 370 3393 1959 3464">
     <span class='ocr_line' id='line_1_34' title="bbox 370 3393 1959 3464; baseline -0.002 -13"><span class='ocrx_word' id='word_1_257' title='bbox 370 3396 685 3452; x_wconf 77' lang='lat' dir='ltr'><strong>excellentia</strong></span> <span class='ocrx_word' id='word_1_258' title='bbox 715 3396 769 3450; x_wconf 91' lang='lat' dir='ltr'><strong>in</strong></span> <span class='ocrx_word' id='word_1_259' title='bbox 798 3410 958 3450; x_wconf 91' lang='lat' dir='ltr'><strong>omne</strong></span> <span class='ocrx_word' id='word_1_260' title='bbox 1001 3404 1212 3464; x_wconf 89' lang='lat' dir='ltr'><strong>tempus</strong></span> <span class='ocrx_word' id='word_1_261' title='bbox 1251 3393 1623 3448; x_wconf 77' lang='lat' dir='ltr'><strong>extendantur.</strong></span> <span class='ocrx_word' id='word_1_262' title='bbox 1656 3393 1802 3448; x_wconf 84' lang='lat' dir='ltr'><strong>Talis</strong></span> <span class='ocrx_word' id='word_1_263' title='bbox 1830 3409 1959 3464; x_wconf 86' lang='lat' dir='ltr'><strong>ergo</strong></span> 
     </span>
    </p>
   </div>
   <div class='ocr_carea' id='block_1_35' title="bbox 370 3485 1959 3556">
    <p class='ocr_par' dir='ltr' id='par_1_35' title="bbox 370 3485 1959 3556">
     <span class='ocr_line' id='line_1_35' title="bbox 370 3485 1959 3556; baseline -0.002 -14"><span class='ocrx_word' id='word_1_264' title='bbox 370 3487 471 3542; x_wconf 88' lang='lat' dir='ltr'><strong>erit</strong></span> <span class='ocrx_word' id='word_1_265' title='bbox 493 3527 508 3553; x_wconf 91' lang='lat'><strong>,</strong></span> <span class='ocrx_word' id='word_1_266' title='bbox 536 3487 740 3556; x_wconf 91' lang='lat' dir='ltr'><strong>inquit,</strong></span> <span class='ocrx_word' id='word_1_267' title='bbox 771 3486 989 3540; x_wconf 88' lang='lat' dir='ltr'><strong>victoria</strong></span> <span class='ocrx_word' id='word_1_268' title='bbox 1011 3527 1025 3549; x_wconf 92' lang='lat'><strong>,</strong></span> <span class='ocrx_word' id='word_1_269' title='bbox 1054 3494 1109 3540; x_wconf 91' lang='lat' dir='ltr'><strong>et</strong></span> <span class='ocrx_word' id='word_1_270' title='bbox 1151 3485 1253 3539; x_wconf 88' lang='lat' dir='ltr'><strong>tale</strong></span> <span class='ocrx_word' id='word_1_271' title='bbox 1281 3493 1539 3554; x_wconf 64' lang='lat' dir='ltr'><strong>tropwum</strong></span> <span class='ocrx_word' id='word_1_272' title='bbox 1562 3527 1575 3547; x_wconf 95' lang='lat'><strong>,</strong></span> <span class='ocrx_word' id='word_1_273' title='bbox 1607 3495 1662 3538; x_wconf 89' lang='grc' dir='ltr'><strong>ιιι</strong></span> <span class='ocrx_word' id='word_1_274' title='bbox 1687 3486 1755 3538; x_wconf 88' lang='lat' dir='ltr'><strong>sit</strong></span> <span class='ocrx_word' id='word_1_275' title='bbox 1783 3486 1959 3539; x_wconf 92' lang='lat' dir='ltr'><strong>omni-</strong></span> 
     </span>
    </p>
   </div>
   <div class='ocr_carea' id='block_1_36' title="bbox 372 3577 1962 3649">
    <p class='ocr_par' dir='ltr' id='par_1_36' title="bbox 372 3577 1962 3649">
     <span class='ocr_line' id='line_1_36' title="bbox 372 3577 1962 3649; baseline -0.003 -13"><span class='ocrx_word' id='word_1_276' title='bbox 372 3581 472 3636; x_wconf 85' lang='lat' dir='ltr'><strong>bus</strong></span> <span class='ocrx_word' id='word_1_277' title='bbox 491 3580 830 3635; x_wconf 84' lang='lat' dir='ltr'><strong>manil‘estum</strong></span> <span class='ocrx_word' id='word_1_278' title='bbox 849 3621 863 3643; x_wconf 97' lang='lat'><strong>,</strong></span> <span class='ocrx_word' id='word_1_279' title='bbox 888 3594 1038 3649; x_wconf 73' lang='lat' dir='ltr'><strong>mque</strong></span> <span class='ocrx_word' id='word_1_280' title='bbox 1059 3588 1337 3648; x_wconf 90' lang='lat' dir='ltr'><strong>apertum,</strong></span> <span class='ocrx_word' id='word_1_281' title='bbox 1362 3593 1423 3631; x_wconf 85' lang='lat' dir='ltr'><strong>ac</strong></span> <span class='ocrx_word' id='word_1_282' title='bbox 1453 3578 1497 3631; x_wconf 88' lang='lat' dir='ltr'><strong>si</strong></span> <span class='ocrx_word' id='word_1_283' title='bbox 1523 3586 1666 3631; x_wconf 83' lang='lat' dir='ltr'><strong>esset</strong></span> <span class='ocrx_word' id='word_1_284' title='bbox 1691 3578 1742 3631; x_wconf 91' lang='lat' dir='ltr'><strong>iu</strong></span> <span class='ocrx_word' id='word_1_285' title='bbox 1765 3577 1962 3633; x_wconf 90' lang='lat' dir='ltr'><strong>colum-</strong></span> 
     </span>
    </p>
   </div>
   <div class='ocr_carea' id='block_1_37' title="bbox 372 3667 1962 3742">
    <p class='ocr_par' dir='ltr' id='par_1_37' title="bbox 372 3667 1962 3742">
     <span class='ocr_line' id='line_1_37' title="bbox 372 3667 1962 3742; baseline -0.004 -13"><span class='ocrx_word' id='word_1_286' title='bbox 372 3686 441 3729; x_wconf 95' lang='lat' dir='ltr'><strong>na</strong></span> <span class='ocrx_word' id='word_1_287' title='bbox 466 3671 719 3742; x_wconf 90' lang='lat' dir='ltr'><strong>scriptum</strong></span> <span class='ocrx_word' id='word_1_288' title='bbox 740 3712 757 3739; x_wconf 95' lang='lat'><strong>,</strong></span> <span class='ocrx_word' id='word_1_289' title='bbox 787 3678 843 3727; x_wconf 90' lang='lat' dir='ltr'><strong>et</strong></span> <span class='ocrx_word' id='word_1_290' title='bbox 885 3685 1171 3739; x_wconf 84' lang='lat' dir='ltr'><strong>numquam</strong></span> <span class='ocrx_word' id='word_1_291' title='bbox 1212 3670 1501 3725; x_wconf 85' lang='lat' dir='ltr'><strong>delebitur.</strong></span> <span class='ocrx_word' id='word_1_292' title='bbox 1538 3667 1718 3723; x_wconf 84' lang='lat' dir='ltr'><strong>Gloria</strong></span> <span class='ocrx_word' id='word_1_293' title='bbox 1756 3669 1864 3724; x_wconf 73' lang='lat' dir='ltr'><strong>ha&#39;c</strong></span> <span class='ocrx_word' id='word_1_294' title='bbox 1891 3678 1962 3724; x_wconf 89' lang='lat' dir='ltr'><strong>est</strong></span> 
     </span>
    </p>
   </div>
   <div class='ocr_carea' id='block_1_38' title="bbox 374 3759 1963 3832">
    <p class='ocr_par' dir='ltr' id='par_1_38' title="bbox 374 3759 1963 3832">
     <span class='ocr_line' id='line_1_38' title="bbox 374 3759 1963 3832; baseline -0.003 -13"><span class='ocrx_word' id='word_1_295' title='bbox 374 3762 606 3819; x_wconf 81' lang='lat' dir='ltr'><strong>euntibus</strong></span> <span class='ocrx_word' id='word_1_296' title='bbox 649 3762 835 3817; x_wconf 82' lang='lat' dir='ltr'><strong>sanctis</strong></span> <span class='ocrx_word' id='word_1_297' title='bbox 862 3762 990 3832; x_wconf 91' lang='lat' dir='ltr'><strong>ejus.</strong></span> <span class='ocrx_word' id='word_1_298' title='bbox 1032 3762 1285 3828; x_wconf 79' lang='lat' dir='ltr'><strong>Quaenam</strong></span> <span class='ocrx_word' id='word_1_299' title='bbox 1333 3778 1395 3816; x_wconf 85' lang='lat' dir='ltr'><strong>ea</strong></span> <span class='ocrx_word' id='word_1_300' title='bbox 1440 3760 1568 3816; x_wconf 88' lang='lat' dir='ltr'><strong>est?</strong></span> <span class='ocrx_word' id='word_1_301' title='bbox 1600 3759 1833 3827; x_wconf 87' lang='lat' dir='ltr'><strong>Vicisse,</strong></span> <span class='ocrx_word' id='word_1_302' title='bbox 1878 3760 1963 3815; x_wconf 81' lang='lat' dir='ltr'><strong>vel</strong></span> 
     </span>
    </p>
   </div>
   <div class='ocr_carea' id='block_1_39' title="bbox 374 3851 1964 3928">
    <p class='ocr_par' dir='ltr' id='par_1_39' title="bbox 374 3851 1964 3928">
     <span class='ocr_line' id='line_1_39' title="bbox 374 3851 1964 3928; baseline 0.001 -23"><span class='ocrx_word' id='word_1_303' title='bbox 374 3857 555 3928; x_wconf 79' lang='lat' dir='ltr'><strong>potius</strong></span> <span class='ocrx_word' id='word_1_304' title='bbox 584 3870 689 3910; x_wconf 90' lang='lat' dir='ltr'><strong>non</strong></span> <span class='ocrx_word' id='word_1_305' title='bbox 735 3853 978 3910; x_wconf 89' lang='lat' dir='ltr'><strong>absolute</strong></span> <span class='ocrx_word' id='word_1_306' title='bbox 1007 3853 1196 3909; x_wconf 80' lang='lat' dir='ltr'><strong>vicisse</strong></span> <span class='ocrx_word' id='word_1_307' title='bbox 1220 3893 1237 3919; x_wconf 91' lang='lat'><strong>,</strong></span> <span class='ocrx_word' id='word_1_308' title='bbox 1268 3853 1360 3907; x_wconf 87' lang='lat' dir='ltr'><strong>scd</strong></span> <span class='ocrx_word' id='word_1_309' title='bbox 1392 3853 1463 3907; x_wconf 88' lang='lat' dir='ltr'><strong>ita</strong></span> <span class='ocrx_word' id='word_1_310' title='bbox 1506 3851 1697 3907; x_wconf 88' lang='lat' dir='ltr'><strong>vicisse</strong></span> <span class='ocrx_word' id='word_1_311' title='bbox 1746 3867 1839 3922; x_wconf 88' lang='lat' dir='ltr'><strong>per</strong></span> <span class='ocrx_word' id='word_1_312' title='bbox 1867 3851 1964 3907; x_wconf 87' lang='lat' dir='ltr'><strong>Dei</strong></span> 
     </span>
    </p>
   </div>
   <div class='ocr_carea' id='block_1_40' title="bbox 376 3942 1966 4016">
    <p class='ocr_par' dir='ltr' id='par_1_40' title="bbox 376 3942 1966 4016">
     <span class='ocr_line' id='line_1_40' title="bbox 376 3942 1966 4016; baseline -0.003 -14"><span class='ocrx_word' id='word_1_313' title='bbox 376 3961 534 4010; x_wconf 88' lang='lat' dir='ltr'><strong>opem</strong></span> <span class='ocrx_word' id='word_1_314' title='bbox 558 3989 572 4012; x_wconf 91' lang='lat'><strong>,</strong></span> <span class='ocrx_word' id='word_1_315' title='bbox 602 3961 696 4016; x_wconf 89' lang='lat' dir='ltr'><strong>per</strong></span> <span class='ocrx_word' id='word_1_316' title='bbox 720 3960 1006 4016; x_wconf 87' lang='lat' dir='ltr'><strong>supernum</strong></span> <span class='ocrx_word' id='word_1_317' title='bbox 1035 3945 1308 3998; x_wconf 83' lang='lat' dir='ltr'><strong>auxilium.</strong></span> <span class='ocrx_word' id='word_1_318' title='bbox 1340 3943 1473 3998; x_wconf 82' lang='lat' dir='ltr'><strong>Vide</strong></span> <span class='ocrx_word' id='word_1_319' title='bbox 1499 3953 1674 3998; x_wconf 88' lang='lat' dir='ltr'><strong>autem</strong></span> <span class='ocrx_word' id='word_1_320' title='bbox 1697 3942 1966 4013; x_wconf 88' lang='lat' dir='ltr'><strong>quomodo</strong></span> 
     </span>
    </p>
   </div>
   <div class='ocr_carea' id='block_1_41' title="bbox 378 4036 1965 4103">
    <p class='ocr_par' dir='ltr' id='par_1_41' title="bbox 378 4036 1965 4103">
     <span class='ocr_line' id='line_1_41' title="bbox 378 4036 1965 4103; baseline -0.003 -8"><span class='ocrx_word' id='word_1_321' title='bbox 378 4055 562 4096; x_wconf 86' lang='lat' dir='ltr'><strong>rursus</strong></span> <span class='ocrx_word' id='word_1_322' title='bbox 590 4040 802 4096; x_wconf 90' lang='lat' dir='ltr'><strong>assidue</strong></span> <span class='ocrx_word' id='word_1_323' title='bbox 828 4039 1067 4095; x_wconf 87' lang='lat' dir='ltr'><strong>meminit</strong></span> <span class='ocrx_word' id='word_1_324' title='bbox 1093 4047 1396 4093; x_wconf 86' lang='lat' dir='ltr'><strong>sanctorum</strong></span> <span class='ocrx_word' id='word_1_325' title='bbox 1420 4078 1435 4103; x_wconf 92' lang='lat'><strong>,</strong></span> <span class='ocrx_word' id='word_1_326' title='bbox 1460 4052 1555 4092; x_wconf 90' lang='lat' dir='ltr'><strong>eos</strong></span> <span class='ocrx_word' id='word_1_327' title='bbox 1595 4038 1662 4091; x_wconf 89' lang='lat' dir='ltr'><strong>ad</strong></span> <span class='ocrx_word' id='word_1_328' title='bbox 1701 4036 1838 4092; x_wconf 84' lang='lat' dir='ltr'><strong>bene</strong></span> <span class='ocrx_word' id='word_1_329' title='bbox 1882 4037 1965 4091; x_wconf 89' lang='lat' dir='ltr'><strong>iu-</strong></span> 
     </span>
    </p>
   </div>
   <div class='ocr_carea' id='block_1_42' title="bbox 378 4129 1968 4190">
    <p class='ocr_par' dir='ltr' id='par_1_42' title="bbox 378 4129 1968 4190">
     <span class='ocr_line' id='line_1_42' title="bbox 378 4129 1968 4190; baseline -0.003 0"><span class='ocrx_word' id='word_1_330' title='bbox 378 4131 659 4190; x_wconf 71' lang='lat' dir='ltr'><strong>stituenda:</strong></span> <span class='ocrx_word' id='word_1_331' title='bbox 682 4132 804 4187; x_wconf 79' lang='lat' dir='ltr'><strong>vita:</strong></span> <span class='ocrx_word' id='word_1_332' title='bbox 824 4142 877 4187; x_wconf 90' lang='lat' dir='ltr'><strong>et</strong></span> <span class='ocrx_word' id='word_1_333' title='bbox 900 4131 1107 4186; x_wconf 89' lang='lat' dir='ltr'><strong>virtutis</strong></span> <span class='ocrx_word' id='word_1_334' title='bbox 1126 4129 1352 4185; x_wconf 88' lang='lat' dir='ltr'><strong>studium</strong></span> <span class='ocrx_word' id='word_1_335' title='bbox 1379 4129 1766 4184; x_wconf 76' lang='lat' dir='ltr'><strong>excitansMilti</strong></span> <span class='ocrx_word' id='word_1_336' title='bbox 1789 4139 1968 4185; x_wconf 87' lang='lat' dir='ltr'><strong>autem</strong></span> 
     </span>
    </p>
   </div>
   <div class='ocr_carea' id='block_1_43' title="bbox 380 4219 1967 4292">
    <p class='ocr_par' dir='ltr' id='par_1_43' title="bbox 380 4219 1967 4292">
     <span class='ocr_line' id='line_1_43' title="bbox 380 4219 1967 4292; baseline -0.001 -15"><span class='ocrx_word' id='word_1_337' title='bbox 380 4223 592 4279; x_wconf 85' lang='lat' dir='ltr'><strong>videtur</strong></span> <span class='ocrx_word' id='word_1_338' title='bbox 634 4236 740 4277; x_wconf 89' lang='lat' dir='ltr'><strong>non</strong></span> <span class='ocrx_word' id='word_1_339' title='bbox 788 4222 1064 4278; x_wconf 88' lang='lat' dir='ltr'><strong>victoriam</strong></span> <span class='ocrx_word' id='word_1_340' title='bbox 1109 4230 1313 4276; x_wconf 89' lang='lat' dir='ltr'><strong>tantum</strong></span> <span class='ocrx_word' id='word_1_341' title='bbox 1361 4219 1541 4276; x_wconf 86' lang='lat' dir='ltr'><strong>dicere</strong></span> <span class='ocrx_word' id='word_1_342' title='bbox 1580 4220 1841 4292; x_wconf 83' lang='lat' dir='ltr'><strong>gloriam,</strong></span> <span class='ocrx_word' id='word_1_343' title='bbox 1872 4221 1967 4276; x_wconf 89' lang='lat' dir='ltr'><strong>sed</strong></span> 
     </span>
    </p>
   </div>
   <div class='ocr_carea' id='block_1_44' title="bbox 385 4313 1967 4388">
    <p class='ocr_par' dir='ltr' id='par_1_44' title="bbox 385 4313 1967 4388">
     <span class='ocr_line' id='line_1_44' title="bbox 385 4313 1967 4388; baseline -0.003 -15"><span class='ocrx_word' id='word_1_344' title='bbox 385 4318 589 4384; x_wconf 86' lang='lat' dir='ltr'><strong>Iaudes,</strong></span> <span class='ocrx_word' id='word_1_345' title='bbox 617 4314 869 4388; x_wconf 89' lang='lat' dir='ltr'><strong>hymnos,</strong></span> <span class='ocrx_word' id='word_1_346' title='bbox 896 4324 951 4371; x_wconf 90' lang='lat' dir='ltr'><strong>et</strong></span> <span class='ocrx_word' id='word_1_347' title='bbox 970 4315 1172 4370; x_wconf 89' lang='lat' dir='ltr'><strong>cantica</strong></span> <span class='ocrx_word' id='word_1_348' title='bbox 1193 4355 1210 4382; x_wconf 94' lang='lat'><strong>,</strong></span> <span class='ocrx_word' id='word_1_349' title='bbox 1236 4313 1435 4367; x_wconf 88' lang='lat' dir='ltr'><strong>docens</strong></span> <span class='ocrx_word' id='word_1_350' title='bbox 1463 4327 1558 4382; x_wconf 90' lang='lat' dir='ltr'><strong>per</strong></span> <span class='ocrx_word' id='word_1_351' title='bbox 1583 4314 1760 4367; x_wconf 88' lang='lat' dir='ltr'><strong>omnia</strong></span> <span class='ocrx_word' id='word_1_352' title='bbox 1780 4354 1795 4380; x_wconf 91' lang='lat'><strong>,</strong></span> <span class='ocrx_word' id='word_1_353' title='bbox 1826 4313 1967 4384; x_wconf 91' lang='lat' dir='ltr'><strong>quod</strong></span> 
     </span>
    </p>
   </div>
   <div class='ocr_carea' id='block_1_45' title="bbox 382 4404 1970 4480">
    <p class='ocr_par' dir='ltr' id='par_1_45' title="bbox 382 4404 1970 4480">
     <span class='ocr_line' id='line_1_45' title="bbox 382 4404 1970 4480; baseline 0.001 -21"><span class='ocrx_word' id='word_1_354' title='bbox 382 4409 471 4480; x_wconf 84' lang='lat' dir='ltr'><strong>qui</strong></span> <span class='ocrx_word' id='word_1_355' title='bbox 501 4407 664 4463; x_wconf 89' lang='lat' dir='ltr'><strong>Deum</strong></span> <span class='ocrx_word' id='word_1_356' title='bbox 695 4407 945 4470; x_wconf 84' lang='lat' dir='ltr'><strong>laudant,</strong></span> <span class='ocrx_word' id='word_1_357' title='bbox 978 4420 1219 4476; x_wconf 87' lang='lat' dir='ltr'><strong>magnam</strong></span> <span class='ocrx_word' id='word_1_358' title='bbox 1246 4404 1429 4476; x_wconf 70' lang='lat' dir='ltr'><strong>gloria:</strong></span> <span class='ocrx_word' id='word_1_359' title='bbox 1466 4405 1829 4459; x_wconf 85' lang='lat' dir='ltr'><strong>accessionem</strong></span> <span class='ocrx_word' id='word_1_360' title='bbox 1852 4421 1970 4460; x_wconf 89' lang='lat' dir='ltr'><strong>sus-</strong></span> 
     </span>
    </p>
   </div>
   <div class='ocr_carea' id='block_1_46' title="bbox 382 4496 1969 4570">
    <p class='ocr_par' dir='ltr' id='par_1_46' title="bbox 382 4496 1969 4570">
     <span class='ocr_line' id='line_1_46' title="bbox 382 4496 1969 4570; baseline -0.003 -15"><span class='ocrx_word' id='word_1_361' title='bbox 382 4501 615 4570; x_wconf 89' lang='lat' dir='ltr'><strong>cipicnt,</strong></span> <span class='ocrx_word' id='word_1_362' title='bbox 645 4509 698 4553; x_wconf 91' lang='lat' dir='ltr'><strong>et</strong></span> <span class='ocrx_word' id='word_1_363' title='bbox 724 4513 783 4553; x_wconf 90' lang='lat' dir='ltr'><strong>se</strong></span> <span class='ocrx_word' id='word_1_364' title='bbox 805 4497 1060 4552; x_wconf 86' lang='lat' dir='ltr'><strong>clariores</strong></span> <span class='ocrx_word' id='word_1_365' title='bbox 1087 4496 1349 4559; x_wconf 81' lang='lat' dir='ltr'><strong>efﬁcient,</strong></span> <span class='ocrx_word' id='word_1_366' title='bbox 1370 4496 1540 4567; x_wconf 84' lang='lat' dir='ltr'><strong>gratia</strong></span> <span class='ocrx_word' id='word_1_367' title='bbox 1568 4506 1622 4551; x_wconf 91' lang='lat' dir='ltr'><strong>et</strong></span> <span class='ocrx_word' id='word_1_368' title='bbox 1643 4496 1969 4568; x_wconf 83' lang='lat' dir='ltr'><strong>benignitate</strong></span> 
     </span>
    </p>
   </div>
   <div class='ocr_carea' id='block_1_47' title="bbox 385 4589 1968 4661">
    <p class='ocr_par' dir='ltr' id='par_1_47' title="bbox 385 4589 1968 4661">
     <span class='ocr_line' id='line_1_47' title="bbox 385 4589 1968 4661; baseline -0.003 -13"><span class='ocrx_word' id='word_1_369' title='bbox 385 4593 594 4649; x_wconf 87' lang='lat' dir='ltr'><strong>Domini</strong></span> <span class='ocrx_word' id='word_1_370' title='bbox 624 4592 790 4647; x_wconf 84' lang='lat' dir='ltr'><strong>nostri</strong></span> <span class='ocrx_word' id='word_1_371' title='bbox 815 4590 942 4646; x_wconf 82' lang='lat' dir='ltr'><strong>Jesu</strong></span> <span class='ocrx_word' id='word_1_372' title='bbox 982 4589 1180 4646; x_wconf 87' lang='lat' dir='ltr'><strong>Christi</strong></span> <span class='ocrx_word' id='word_1_373' title='bbox 1204 4632 1220 4657; x_wconf 95' lang='lat'><strong>,</strong></span> <span class='ocrx_word' id='word_1_374' title='bbox 1267 4590 1354 4645; x_wconf 90' lang='lat' dir='ltr'><strong>cui</strong></span> <span class='ocrx_word' id='word_1_375' title='bbox 1379 4589 1543 4661; x_wconf 80' lang='lat' dir='ltr'><strong>gloria</strong></span> <span class='ocrx_word' id='word_1_376' title='bbox 1571 4599 1628 4645; x_wconf 93' lang='lat' dir='ltr'><strong>et</strong></span> <span class='ocrx_word' id='word_1_377' title='bbox 1650 4590 1931 4661; x_wconf 91' lang='lat' dir='ltr'><strong>imperium</strong></span> <span class='ocrx_word' id='word_1_378' title='bbox 1951 4631 1968 4653; x_wconf 89' lang='lat'><strong>,</strong></span> 
     </span>
    </p>
   </div>
   <div class='ocr_carea' id='block_1_48' title="bbox 384 4682 1246 4742">
    <p class='ocr_par' dir='ltr' id='par_1_48' title="bbox 384 4682 1246 4742">
     <span class='ocr_line' id='line_1_48' title="bbox 384 4682 1246 4742; baseline -0.009 0"><span class='ocrx_word' id='word_1_379' title='bbox 384 4686 439 4742; x_wconf 89' lang='lat' dir='ltr'><strong>in</strong></span> <span class='ocrx_word' id='word_1_380' title='bbox 469 4684 663 4741; x_wconf 68' lang='lat' dir='ltr'><strong>saecula</strong></span> <span class='ocrx_word' id='word_1_381' title='bbox 690 4683 1027 4739; x_wconf 68' lang='lat' dir='ltr'><strong>sreculorum.</strong></span> <span class='ocrx_word' id='word_1_382' title='bbox 1056 4682 1246 4737; x_wconf 88' lang='lat' dir='ltr'><strong>Amen.</strong></span> 
     </span>
    </p>
   </div>
   <div class='ocr_carea' id='block_1_49' title="bbox 929 4774 1498 4832">
    <p class='ocr_par' dir='ltr' id='par_1_49' title="bbox 929 4774 1498 4832">
     <span class='ocr_line' id='line_1_49' title="bbox 929 4774 1498 4832; baseline -0.002 -1"><span class='ocrx_word' id='word_1_383' title='bbox 929 4775 994 4831; x_wconf 87' lang='lat' dir='ltr'><strong>IN</strong></span> <span class='ocrx_word' id='word_1_384' title='bbox 1032 4775 1356 4832; x_wconf 66' lang='lat' dir='ltr'><strong>PSAUIUM</strong></span> <span class='ocrx_word' id='word_1_385' title='bbox 1393 4774 1498 4831; x_wconf 90' lang='lat' dir='ltr'><strong>CL.</strong></span> 
     </span>
    </p>
   </div>
   <div class='ocr_carea' id='block_1_50' title="bbox 387 4868 1967 4939">
    <p class='ocr_par' dir='ltr' id='par_1_50' title="bbox 387 4868 1967 4939">
     <span class='ocr_line' id='line_1_50' title="bbox 387 4868 1967 4939; baseline -0.005 -11"><span class='ocrx_word' id='word_1_386' title='bbox 387 4871 623 4929; x_wconf 86' lang='lat' dir='ltr'><strong>Laudate</strong></span> <span class='ocrx_word' id='word_1_387' title='bbox 650 4870 812 4926; x_wconf 84' lang='lat' dir='ltr'><strong>Deum</strong></span> <span class='ocrx_word' id='word_1_388' title='bbox 860 4870 913 4923; x_wconf 85' lang='lat' dir='ltr'><strong>in</strong></span> <span class='ocrx_word' id='word_1_389' title='bbox 954 4870 1141 4923; x_wconf 84' lang='lat' dir='ltr'><strong>sanctis</strong></span> <span class='ocrx_word' id='word_1_390' title='bbox 1183 4870 1311 4939; x_wconf 85' lang='lat' dir='ltr'><strong>ejus.</strong></span> <span class='ocrx_word' id='word_1_391' title='bbox 1342 4868 1493 4922; x_wconf 86' lang='lat' dir='ltr'><strong>Alius</strong></span> <span class='ocrx_word' id='word_1_392' title='bbox 1515 4909 1530 4933; x_wconf 93' lang='lat'><strong>,</strong></span> <span class='ocrx_word' id='word_1_393' title='bbox 1558 4869 1612 4922; x_wconf 87' lang='lat' dir='ltr'><strong>in</strong></span> <span class='ocrx_word' id='word_1_394' title='bbox 1655 4877 1828 4923; x_wconf 87' lang='lat' dir='ltr'><strong>sancto</strong></span> <span class='ocrx_word' id='word_1_395' title='bbox 1855 4883 1967 4921; x_wconf 85' lang='lat' dir='ltr'><strong>suo.</strong></span> 
     </span>
    </p>
   </div>
   <div class='ocr_carea' id='block_1_51' title="bbox 770 4958 1640 5030">
    <p class='ocr_par' dir='ltr' id='par_1_51' title="bbox 770 4958 1640 5030">
     <span class='ocr_line' id='line_1_51' title="bbox 770 4958 1640 5030; baseline -0.006 -15"><span class='ocrx_word' id='word_1_396' title='bbox 770 4961 941 5027; x_wconf 86' lang='lat' dir='ltr'><strong>Alius,</strong></span> <span class='ocrx_word' id='word_1_397' title='bbox 982 4959 1048 5013; x_wconf 84' lang='lat' dir='ltr'><strong>In</strong></span> <span class='ocrx_word' id='word_1_398' title='bbox 1075 4961 1388 5029; x_wconf 79' lang='lat' dir='ltr'><strong>sanctiﬁcata</strong></span> <span class='ocrx_word' id='word_1_399' title='bbox 1418 4974 1509 5013; x_wconf 86' lang='lat' dir='ltr'><strong>suo</strong></span> <span class='ocrx_word' id='word_1_400' title='bbox 1540 4958 1640 5030; x_wconf 91' lang='lat' dir='ltr'><strong>(b).</strong></span> 
     </span>
    </p>
   </div>
   <div class='ocr_carea' id='block_1_52' title="bbox 468 5050 1974 5123">
    <p class='ocr_par' dir='ltr' id='par_1_52' title="bbox 468 5050 1974 5123">
     <span class='ocr_line' id='line_1_52' title="bbox 468 5050 1974 5123; baseline -0.005 -11"><span class='ocrx_word' id='word_1_401' title='bbox 468 5054 567 5112; x_wconf 73' lang='lat' dir='ltr'><strong>Vel</strong></span> <span class='ocrx_word' id='word_1_402' title='bbox 597 5053 815 5110; x_wconf 90' lang='lat' dir='ltr'><strong>hochic</strong></span> <span class='ocrx_word' id='word_1_403' title='bbox 842 5051 971 5107; x_wconf 89' lang='lat' dir='ltr'><strong>dicit</strong></span> <span class='ocrx_word' id='word_1_404' title='bbox 995 5051 1061 5107; x_wconf 87' lang='lat' dir='ltr'><strong>de</strong></span> <span class='ocrx_word' id='word_1_405' title='bbox 1095 5052 1324 5123; x_wconf 77' lang='lat' dir='ltr'><strong>pupula,</strong></span> <span class='ocrx_word' id='word_1_406' title='bbox 1354 5052 1437 5107; x_wconf 91' lang='lat' dir='ltr'><strong>vel</strong></span> <span class='ocrx_word' id='word_1_407' title='bbox 1464 5050 1533 5106; x_wconf 91' lang='lat' dir='ltr'><strong>de</strong></span> <span class='ocrx_word' id='word_1_408' title='bbox 1557 5051 1665 5105; x_wconf 89' lang='lat' dir='ltr'><strong>vita</strong></span> <span class='ocrx_word' id='word_1_409' title='bbox 1704 5060 1888 5105; x_wconf 89' lang='lat' dir='ltr'><strong>sancta</strong></span> <span class='ocrx_word' id='word_1_410' title='bbox 1920 5060 1974 5105; x_wconf 91' lang='lat' dir='ltr'><strong>et</strong></span> 
     </span>
    </p>
   </div>
   <div class='ocr_carea' id='block_1_53' title="bbox 389 5124 1974 5213">
    <p class='ocr_par' dir='ltr' id='par_1_53' title="bbox 389 5124 1974 5213">
     <span class='ocr_line' id='line_1_53' title="bbox 389 5124 1974 5213; baseline -0.009 -7"><span class='ocrx_word' id='word_1_411' title='bbox 389 5148 461 5206; x_wconf 86' lang='lat' dir='ltr'><strong>de</strong></span> <span class='ocrx_word' id='word_1_412' title='bbox 486 5148 686 5206; x_wconf 84' lang='lat' dir='ltr'><strong>sanctis</strong></span> <span class='ocrx_word' id='word_1_413' title='bbox 712 5146 859 5201; x_wconf 90' lang='lat' dir='ltr'><strong>viris.</strong></span> <span class='ocrx_word' id='word_1_414' title='bbox 890 5144 1024 5200; x_wconf 82' lang='lat' dir='ltr'><strong>Vide</strong></span> <span class='ocrx_word' id='word_1_415' title='bbox 1059 5154 1234 5199; x_wconf 89' lang='lat' dir='ltr'><strong>autem</strong></span> <span class='ocrx_word' id='word_1_416' title='bbox 1260 5124 1527 5213; x_wconf 80' lang='lat' dir='ltr'><strong>quomodo</strong></span> <span class='ocrx_word' id='word_1_417' title='bbox 1554 5141 1744 5196; x_wconf 87' lang='lat' dir='ltr'><strong>librum</strong></span> <span class='ocrx_word' id='word_1_418' title='bbox 1790 5155 1974 5195; x_wconf 89' lang='lat' dir='ltr'><strong>rursus</strong></span> 
     </span>
    </p>
   </div>
   <div class='ocr_carea' id='block_1_54' title="bbox 390 5237 1975 5311">
    <p class='ocr_par' dir='ltr' id='par_1_54' title="bbox 390 5237 1975 5311">
     <span class='ocr_line' id='line_1_54' title="bbox 390 5237 1975 5311; baseline -0.008 -9"><span class='ocrx_word' id='word_1_419' title='bbox 390 5242 714 5303; x_wconf 84' lang='lat' dir='ltr'><strong>concluserit</strong></span> <span class='ocrx_word' id='word_1_420' title='bbox 748 5238 1034 5311; x_wconf 78' lang='lat' dir='ltr'><strong>gratiarum</strong></span> <span class='ocrx_word' id='word_1_421' title='bbox 1063 5238 1301 5305; x_wconf 84' lang='lat' dir='ltr'><strong>actione,</strong></span> <span class='ocrx_word' id='word_1_422' title='bbox 1347 5237 1546 5292; x_wconf 91' lang='lat' dir='ltr'><strong>docens</strong></span> <span class='ocrx_word' id='word_1_423' title='bbox 1584 5249 1682 5290; x_wconf 91' lang='lat' dir='ltr'><strong>nos</strong></span> <span class='ocrx_word' id='word_1_424' title='bbox 1727 5245 1975 5304; x_wconf 80' lang='lat' dir='ltr'><strong>Oporterc</strong></span> 
     </span>
    </p>
   </div>
   <div class='ocr_carea' id='block_1_55' title="bbox 391 5326 1976 5403">
    <p class='ocr_par' dir='ltr' id='par_1_55' title="bbox 391 5326 1976 5403">
     <span class='ocr_line' id='line_1_55' title="bbox 391 5326 1976 5403; baseline -0.007 -11"><span class='ocrx_word' id='word_1_425' title='bbox 391 5338 497 5403; x_wconf 73' lang='lat' dir='ltr'><strong>’noc</strong></span> <span class='ocrx_word' id='word_1_426' title='bbox 514 5350 634 5390; x_wconf 87' lang='lat' dir='ltr'><strong>esse</strong></span> <span class='ocrx_word' id='word_1_427' title='bbox 664 5331 977 5403; x_wconf 83' lang='lat' dir='ltr'><strong>principium</strong></span> <span class='ocrx_word' id='word_1_428' title='bbox 1004 5340 1057 5385; x_wconf 92' lang='lat' dir='ltr'><strong>et</strong></span> <span class='ocrx_word' id='word_1_429' title='bbox 1087 5330 1245 5384; x_wconf 89' lang='lat' dir='ltr'><strong>linem</strong></span> <span class='ocrx_word' id='word_1_430' title='bbox 1273 5344 1459 5383; x_wconf 90' lang='lat' dir='ltr'><strong>eorum</strong></span> <span class='ocrx_word' id='word_1_431' title='bbox 1480 5370 1496 5392; x_wconf 95' lang='lat'><strong>,</strong></span> <span class='ocrx_word' id='word_1_432' title='bbox 1518 5342 1636 5394; x_wconf 79' lang='lat' dir='ltr'><strong>quae</strong></span> <span class='ocrx_word' id='word_1_433' title='bbox 1667 5335 1721 5381; x_wconf 92' lang='lat' dir='ltr'><strong>ct</strong></span> <span class='ocrx_word' id='word_1_434' title='bbox 1753 5326 1976 5381; x_wconf 81' lang='lat' dir='ltr'><strong>facimus</strong></span> 
     </span>
    </p>
   </div>
   <div class='ocr_carea' id='block_1_56' title="bbox 389 5418 1977 5489">
    <p class='ocr_par' dir='ltr' id='par_1_56' title="bbox 389 5418 1977 5489">
     <span class='ocr_line' id='line_1_56' title="bbox 389 5418 1977 5489; baseline -0.008 -3"><span class='ocrx_word' id='word_1_435' title='bbox 389 5437 451 5486; x_wconf 88' lang='lat' dir='ltr'><strong>et</strong></span> <span class='ocrx_word' id='word_1_436' title='bbox 471 5426 729 5484; x_wconf 89' lang='lat' dir='ltr'><strong>dicimus.</strong></span> <span class='ocrx_word' id='word_1_437' title='bbox 752 5422 820 5477; x_wconf 86' lang='lat' dir='ltr'><strong>Et</strong></span> <span class='ocrx_word' id='word_1_438' title='bbox 845 5421 965 5478; x_wconf 91' lang='lat' dir='ltr'><strong>ideo</strong></span> <span class='ocrx_word' id='word_1_439' title='bbox 994 5422 1121 5476; x_wconf 85' lang='lat' dir='ltr'><strong>dicit</strong></span> <span class='ocrx_word' id='word_1_440' title='bbox 1149 5420 1345 5476; x_wconf 86' lang='lat' dir='ltr'><strong>Paulus</strong></span> <span class='ocrx_word' id='word_1_441' title='bbox 1387 5437 1400 5474; x_wconf 87' lang='lat'><strong>:</strong></span> <span class='ocrx_word' id='word_1_442' title='bbox 1432 5418 1594 5474; x_wconf 85' lang='lat' dir='ltr'><strong>Omne</strong></span> <span class='ocrx_word' id='word_1_443' title='bbox 1630 5418 1977 5489; x_wconf 85' lang='lat' dir='ltr'><strong>quodcumque</strong></span> 
     </span>
    </p>
   </div>
   <div class='ocr_carea' id='block_1_57' title="bbox 454 5550 1729 5615">
    <p class='ocr_par' dir='ltr' id='par_1_57' title="bbox 454 5550 1729 5615">
     <span class='ocr_line' id='line_1_57' title="bbox 454 5550 1729 5615; baseline -0.001 -12"><span class='ocrx_word' id='word_1_444' title='bbox 454 5565 471 5593; x_wconf 86' lang='grc' dir='ltr'><strong>ι</strong></span> <span class='ocrx_word' id='word_1_445' title='bbox 508 5566 655 5615; x_wconf 71' lang='lat' dir='ltr'><strong>Unus,</strong></span> <span class='ocrx_word' id='word_1_446' title='bbox 672 5552 759 5605; x_wconf 87' lang='lat' dir='ltr'><strong>sed</strong></span> <span class='ocrx_word' id='word_1_447' title='bbox 781 5550 925 5604; x_wconf 79' lang='lat' dir='ltr'><strong>etiam</strong></span> <span class='ocrx_word' id='word_1_448' title='bbox 947 5551 999 5603; x_wconf 87' lang='lat' dir='ltr'><strong>in</strong></span> <span class='ocrx_word' id='word_1_449' title='bbox 1032 5551 1380 5615; x_wconf 80' lang='lat' dir='ltr'><strong>miraculorum</strong></span> <span class='ocrx_word' id='word_1_450' title='bbox 1399 5551 1729 5614; x_wconf 85' lang='lat' dir='ltr'><strong>productione.</strong></span> 
     </span>
    </p>
   </div>
   <div class='ocr_carea' id='block_1_58' title="bbox 464 5614 1975 5680">
    <p class='ocr_par' dir='ltr' id='par_1_58' title="bbox 464 5614 1975 5680">
     <span class='ocr_line' id='line_1_58' title="bbox 464 5614 1975 5680; baseline 0.001 -15"><span class='ocrx_word' id='word_1_451' title='bbox 464 5616 536 5678; x_wconf 81' lang='lat' dir='ltr'><strong>ta)</strong></span> <span class='ocrx_word' id='word_1_452' title='bbox 562 5614 649 5667; x_wconf 79' lang='lat' dir='ltr'><strong>Gr.</strong></span> <span class='ocrx_word' id='word_1_453' title='bbox 668 5618 965 5679; x_wconf 78' lang='grc' dir='ltr'><strong>ὑμνολογίας.</strong></span> <span class='ocrx_word' id='word_1_454' title='bbox 999 5614 1119 5676; x_wconf 85' lang='lat' dir='ltr'><strong>Quis</strong></span> <span class='ocrx_word' id='word_1_455' title='bbox 1153 5616 1219 5667; x_wconf 83' lang='lat' dir='ltr'><strong>ita</strong></span> <span class='ocrx_word' id='word_1_456' title='bbox 1244 5620 1454 5669; x_wconf 86' lang='lat' dir='ltr'><strong>verterit</strong></span> <span class='ocrx_word' id='word_1_457' title='bbox 1476 5619 1666 5680; x_wconf 89' lang='lat' dir='ltr'><strong>ignoro.</strong></span> <span class='ocrx_word' id='word_1_458' title='bbox 1692 5617 1841 5667; x_wconf 84' lang='lat' dir='ltr'><strong>Certe</strong></span> <span class='ocrx_word' id='word_1_459' title='bbox 1877 5630 1975 5668; x_wconf 90' lang='lat' dir='ltr'><strong>non</strong></span> 
     </span>
    </p>
   </div>
   <div class='ocr_carea' id='block_1_59' title="bbox 400 5685 1789 5750">
    <p class='ocr_par' dir='ltr' id='par_1_59' title="bbox 400 5685 1789 5750">
     <span class='ocr_line' id='line_1_59' title="bbox 400 5685 1789 5750; baseline 0 -15"><span class='ocrx_word' id='word_1_460' title='bbox 400 5688 599 5750; x_wconf 75' lang='lat' dir='ltr'><strong>Videtur</strong></span> <span class='ocrx_word' id='word_1_461' title='bbox 619 5686 741 5736; x_wconf 82' lang='lat' dir='ltr'><strong>satis</strong></span> <span class='ocrx_word' id='word_1_462' title='bbox 767 5685 941 5736; x_wconf 81' lang='lat' dir='ltr'><strong>idonea</strong></span> <span class='ocrx_word' id='word_1_463' title='bbox 976 5690 1123 5750; x_wconf 74' lang='lat' dir='ltr'><strong>vocis,</strong></span> <span class='ocrx_word' id='word_1_464' title='bbox 1146 5690 1390 5741; x_wconf 70' lang='grc' dir='ltr'><strong>ΠῚὩὩἹἾ,</strong></span> <span class='ocrx_word' id='word_1_465' title='bbox 1426 5688 1789 5750; x_wconf 80' lang='lat' dir='ltr'><strong>interpretatio.</strong></span> 
     </span>
    </p>
   </div>
   <div class='ocr_carea' id='block_1_60' title="bbox 466 5747 1967 5820">
    <p class='ocr_par' dir='ltr' id='par_1_60' title="bbox 466 5747 1967 5820">
     <span class='ocr_line' id='line_1_60' title="bbox 466 5747 1967 5820; baseline 0.004 -24"><span class='ocrx_word' id='word_1_466' title='bbox 466 5747 706 5820; x_wconf 41' lang='lat' dir='ltr'><strong>(ltiﬂlfrior</strong></span> <span class='ocrx_word' id='word_1_467' title='bbox 726 5747 1095 5820; x_wconf 50' lang='lat' dir='ltr'><strong>interpretatio</strong></span> <span class='ocrx_word' id='word_1_468' title='bbox 1121 5758 1199 5801; x_wconf 90' lang='lat' dir='ltr'><strong>est</strong></span> <span class='ocrx_word' id='word_1_469' title='bbox 1224 5749 1520 5814; x_wconf 82' lang='lat' dir='ltr'><strong>Symmachi,</strong></span> <span class='ocrx_word' id='word_1_470' title='bbox 1547 5747 1792 5814; x_wconf 82' lang='lat' dir='ltr'><strong>posterior</strong></span> <span class='ocrx_word' id='word_1_471' title='bbox 1813 5750 1967 5812; x_wconf 77' lang='lat' dir='ltr'><strong>Aqui~</strong></span> 
     </span>
    </p>
   </div>
   <div class='ocr_carea' id='block_1_61' title="bbox 402 5809 983 5875">
    <p class='ocr_par' dir='ltr' id='par_1_61' title="bbox 402 5809 983 5875">
     <span class='ocr_line' id='line_1_61' title="bbox 402 5809 983 5875; baseline -0.007 -10"><span class='ocrx_word' id='word_1_472' title='bbox 402 5809 482 5865; x_wconf 59' lang='lat' dir='ltr'><strong>las.</strong></span> <span class='ocrx_word' id='word_1_473' title='bbox 507 5809 631 5862; x_wconf 75' lang='lat' dir='ltr'><strong>Vide</strong></span> <span class='ocrx_word' id='word_1_474' title='bbox 652 5813 700 5861; x_wconf 91' lang='lat' dir='ltr'><strong>in</strong></span> <span class='ocrx_word' id='word_1_475' title='bbox 724 5809 983 5875; x_wconf 78' lang='lat' dir='ltr'><strong>Hexaplis.</strong></span> 
     </span>
    </p>
   </div>
   <div class='ocr_carea' id='block_1_62' title="bbox 1084 320 2898 394">
    <p class='ocr_par' dir='ltr' id='par_1_62' title="bbox 1084 320 2898 394">
     <span class='ocr_line' id='line_1_62' title="bbox 1084 320 2898 394; baseline -0.004 -1"><span class='ocrx_word' id='word_1_476' title='bbox 1084 337 1144 394; x_wconf 83' lang='lat' dir='ltr'><strong>S.</strong></span> <span class='ocrx_word' id='word_1_477' title='bbox 1184 331 1461 392; x_wconf 70' lang='lat' dir='ltr'><strong>JOANNIS</strong></span> <span class='ocrx_word' id='word_1_478' title='bbox 1497 320 1968 385; x_wconf 66' lang='lat' dir='ltr'><strong>CllliYa&#39;OSTOlll</strong></span> <span class='ocrx_word' id='word_1_479' title='bbox 2011 323 2330 383; x_wconf 68' lang='lat' dir='ltr'><strong>AIHLHIEP.</strong></span> <span class='ocrx_word' id='word_1_480' title='bbox 2362 329 2898 386; x_wconf 60' lang='lat' dir='ltr'><strong>CONSTANTLNOP.</strong></span> 
     </span>
    </p>
   </div>
   <div class='ocr_carea' id='block_1_63' title="bbox 3446 334 3629 407">
    <p class='ocr_par' dir='ltr' id='par_1_63' title="bbox 3446 334 3629 407">
     <span class='ocr_line' id='line_1_63' title="bbox 3446 334 3629 407; baseline -0.011 -18"><span class='ocrx_word' id='word_1_481' title='bbox 3446 404 3449 407; x_wconf 96' lang='lat'><em>_</em></span> <span class='ocrx_word' id='word_1_482' title='bbox 3527 334 3629 388; x_wconf 68' lang='lat' dir='ltr'><strong>tot;</strong></span> 
     </span>
    </p>
   </div>
   <div class='ocr_carea' id='block_1_64' title="bbox 2043 441 3633 517">
    <p class='ocr_par' dir='ltr' id='par_1_64' title="bbox 2043 441 3633 517">
     <span class='ocr_line' id='line_1_64' title="bbox 2043 441 3633 517; baseline 0.006 -24"><span class='ocrx_word' id='word_1_483' title='bbox 2043 441 2212 510; x_wconf 82' lang='lat' dir='ltr'><strong>facitis</strong></span> <span class='ocrx_word' id='word_1_484' title='bbox 2234 443 2285 495; x_wconf 88' lang='lat' dir='ltr'><strong>iu</strong></span> <span class='ocrx_word' id='word_1_485' title='bbox 2312 460 2538 497; x_wconf 85' lang='lat' dir='ltr'><strong>sermone</strong></span> <span class='ocrx_word' id='word_1_486' title='bbox 2561 456 2609 498; x_wconf 86' lang='lat' dir='ltr'><strong>et</strong></span> <span class='ocrx_word' id='word_1_487' title='bbox 2649 461 2799 512; x_wconf 87' lang='lat' dir='ltr'><strong>opere</strong></span> <span class='ocrx_word' id='word_1_488' title='bbox 2818 489 2830 507; x_wconf 93' lang='lat'><strong>,</strong></span> <span class='ocrx_word' id='word_1_489' title='bbox 2861 461 3055 515; x_wconf 75' lang='lat' dir='ltr'><strong>semper</strong></span> <span class='ocrx_word' id='word_1_490' title='bbox 3088 447 3278 516; x_wconf 71' lang='lat' dir='ltr'><strong>gratias</strong></span> <span class='ocrx_word' id='word_1_491' title='bbox 3304 450 3437 517; x_wconf 82' lang='lat' dir='ltr'><strong>agite</strong></span> <span class='ocrx_word' id='word_1_492' title='bbox 3458 447 3559 502; x_wconf 78' lang='lat' dir='ltr'><strong>Deo</strong></span> <span class='ocrx_word' id='word_1_493' title='bbox 3582 461 3633 503; x_wconf 74' lang='lat' dir='ltr'><strong>ct</strong></span> 
     </span>
    </p>
   </div>
   <div class='ocr_carea' id='block_1_65' title="bbox 2046 530 3630 609">
    <p class='ocr_par' dir='ltr' id='par_1_65' title="bbox 2046 530 3630 609">
     <span class='ocr_line' id='line_1_65' title="bbox 2046 530 3630 609; baseline 0.006 -23"><span class='ocrx_word' id='word_1_494' title='bbox 2046 530 2194 587; x_wconf 79' lang='lat' dir='ltr'><strong>Patri</strong></span> <span class='ocrx_word' id='word_1_495' title='bbox 2218 551 2306 604; x_wconf 86' lang='lat' dir='ltr'><strong>per</strong></span> <span class='ocrx_word' id='word_1_496' title='bbox 2333 536 2501 604; x_wconf 86' lang='lat' dir='ltr'><strong>ipsum</strong></span> <span class='ocrx_word' id='word_1_497' title='bbox 2558 535 2705 608; x_wconf 87' lang='lat' dir='ltr'><strong>(Col.</strong></span> <span class='ocrx_word' id='word_1_498' title='bbox 2732 539 2782 593; x_wconf 79' lang='lat'><strong>5.</strong></span> <span class='ocrx_word' id='word_1_499' title='bbox 2830 536 2955 609; x_wconf 81' lang='lat' dir='ltr'><strong>i7).</strong></span> <span class='ocrx_word' id='word_1_500' title='bbox 2989 537 3061 592; x_wconf 90' lang='lat' dir='ltr'><strong>Ita</strong></span> <span class='ocrx_word' id='word_1_501' title='bbox 3102 540 3262 593; x_wconf 86' lang='lat' dir='ltr'><strong>etiam</strong></span> <span class='ocrx_word' id='word_1_502' title='bbox 3312 543 3630 609; x_wconf 71' lang='lat' dir='ltr'><strong>premtiouis</strong></span> 
     </span>
    </p>
   </div>
   <div class='ocr_carea' id='block_1_66' title="bbox 2042 626 3627 702">
    <p class='ocr_par' dir='ltr' id='par_1_66' title="bbox 2042 626 3627 702">
     <span class='ocr_line' id='line_1_66' title="bbox 2042 626 3627 702; baseline 0.002 -18"><span class='ocrx_word' id='word_1_503' title='bbox 2042 641 2238 687; x_wconf 78' lang='lat' dir='ltr'><strong>nostra:</strong></span> <span class='ocrx_word' id='word_1_504' title='bbox 2285 647 2599 700; x_wconf 76' lang='lat' dir='ltr'><strong>protemtum</strong></span> <span class='ocrx_word' id='word_1_505' title='bbox 2631 632 2754 687; x_wconf 84' lang='lat' dir='ltr'><strong>hinc.</strong></span> <span class='ocrx_word' id='word_1_506' title='bbox 2782 635 2925 702; x_wconf 86' lang='lat' dir='ltr'><strong>capit</strong></span> <span class='ocrx_word' id='word_1_507' title='bbox 2963 626 3186 687; x_wconf 81' lang='lat' dir='ltr'><strong>initium.</strong></span> <span class='ocrx_word' id='word_1_508' title='bbox 3219 632 3405 689; x_wconf 88' lang='lat' dir='ltr'><strong>Dicere</strong></span> <span class='ocrx_word' id='word_1_509' title='bbox 3446 634 3588 689; x_wconf 88' lang='lat' dir='ltr'><strong>enim</strong></span> <span class='ocrx_word' id='word_1_510' title='bbox 3611 675 3627 701; x_wconf 90' lang='lat'><strong>,</strong></span> 
     </span>
    </p>
   </div>
   <div class='ocr_carea' id='block_1_67' title="bbox 2044 720 3632 797">
    <p class='ocr_par' dir='ltr' id='par_1_67' title="bbox 2044 720 3632 797">
     <span class='ocr_line' id='line_1_67' title="bbox 2044 720 3632 797; baseline 0.003 -23"><span class='ocrx_word' id='word_1_511' title='bbox 2044 720 2204 776; x_wconf 87' lang='lat' dir='ltr'><strong>Pater</strong></span> <span class='ocrx_word' id='word_1_512' title='bbox 2246 733 2448 789; x_wconf 89' lang='lat' dir='ltr'><strong>noster,</strong></span> <span class='ocrx_word' id='word_1_513' title='bbox 2494 732 2579 779; x_wconf 86' lang='lat' dir='ltr'><strong>est</strong></span> <span class='ocrx_word' id='word_1_514' title='bbox 2618 739 2803 779; x_wconf 88' lang='lat' dir='ltr'><strong>eorum</strong></span> <span class='ocrx_word' id='word_1_515' title='bbox 2849 725 2939 795; x_wconf 91' lang='lat' dir='ltr'><strong>qui</strong></span> <span class='ocrx_word' id='word_1_516' title='bbox 2967 734 3133 795; x_wconf 84' lang='lat' dir='ltr'><strong>agunt</strong></span> <span class='ocrx_word' id='word_1_517' title='bbox 3177 726 3375 795; x_wconf 88' lang='lat' dir='ltr'><strong>gratias</strong></span> <span class='ocrx_word' id='word_1_518' title='bbox 3415 735 3632 797; x_wconf 84' lang='lat' dir='ltr'><strong>prepter</strong></span> 
     </span>
    </p>
   </div>
   <div class='ocr_carea' id='block_1_68' title="bbox 2042 813 3680 886">
    <p class='ocr_par' dir='ltr' id='par_1_68' title="bbox 2042 813 3680 886">
     <span class='ocr_line' id='line_1_68' title="bbox 2042 813 3680 886; baseline 0.001 -17"><span class='ocrx_word' id='word_1_519' title='bbox 2042 813 2182 869; x_wconf 90' lang='lat' dir='ltr'><strong>dona</strong></span> <span class='ocrx_word' id='word_1_520' title='bbox 2225 831 2346 885; x_wconf 66' lang='lat' dir='ltr'><strong>qua:</strong></span> <span class='ocrx_word' id='word_1_521' title='bbox 2384 825 2741 886; x_wconf 89' lang='lat' dir='ltr'><strong>acceperunt,</strong></span> <span class='ocrx_word' id='word_1_522' title='bbox 2772 827 2826 871; x_wconf 94' lang='lat' dir='ltr'><strong>ct</strong></span> <span class='ocrx_word' id='word_1_523' title='bbox 2864 832 2925 871; x_wconf 86' lang='lat' dir='ltr'><strong>ea</strong></span> <span class='ocrx_word' id='word_1_524' title='bbox 2967 817 3143 871; x_wconf 88' lang='lat' dir='ltr'><strong>omnia</strong></span> <span class='ocrx_word' id='word_1_525' title='bbox 3175 833 3269 885; x_wconf 91' lang='lat' dir='ltr'><strong>per</strong></span> <span class='ocrx_word' id='word_1_526' title='bbox 3298 817 3401 871; x_wconf 90' lang='lat' dir='ltr'><strong>hoc</strong></span> <span class='ocrx_word' id='word_1_527' title='bbox 3438 832 3632 871; x_wconf 89' lang='lat' dir='ltr'><strong>nomen</strong></span> <span class='ocrx_word' id='word_1_528' title='bbox 3671 816 3680 837; x_wconf 89' lang='lat'>&#39;</span> 
     </span>
    </p>
   </div>
   <div class='ocr_carea' id='block_1_69' title="bbox 2043 907 3631 979">
    <p class='ocr_par' dir='ltr' id='par_1_69' title="bbox 2043 907 3631 979">
     <span class='ocr_line' id='line_1_69' title="bbox 2043 907 3631 979; baseline 0.001 -18"><span class='ocrx_word' id='word_1_529' title='bbox 2043 908 2350 963; x_wconf 89' lang='lat' dir='ltr'><strong>ostendunt.</strong></span> <span class='ocrx_word' id='word_1_530' title='bbox 2392 907 2489 975; x_wconf 88' lang='lat' dir='ltr'><strong>Qui</strong></span> <span class='ocrx_word' id='word_1_531' title='bbox 2523 909 2665 964; x_wconf 91' lang='lat' dir='ltr'><strong>enim</strong></span> <span class='ocrx_word' id='word_1_532' title='bbox 2709 908 2842 963; x_wconf 78' lang='lat' dir='ltr'><strong>dixit</strong></span> <span class='ocrx_word' id='word_1_533' title='bbox 2873 920 3108 979; x_wconf 88' lang='lat' dir='ltr'><strong>patrem,</strong></span> <span class='ocrx_word' id='word_1_534' title='bbox 3149 908 3425 963; x_wconf 80' lang='lat' dir='ltr'><strong>confessus</strong></span> <span class='ocrx_word' id='word_1_535' title='bbox 3454 920 3534 964; x_wconf 90' lang='lat' dir='ltr'><strong>est</strong></span> <span class='ocrx_word' id='word_1_536' title='bbox 3567 909 3631 962; x_wconf 60' lang='lat' dir='ltr'><strong>li.</strong></span> 
     </span>
    </p>
   </div>
   <div class='ocr_carea' id='block_1_70' title="bbox 2045 1000 3638 1074">
    <p class='ocr_par' dir='ltr' id='par_1_70' title="bbox 2045 1000 3638 1074">
     <span class='ocr_line' id='line_1_70' title="bbox 2045 1000 3638 1074; baseline 0.001 -19"><span class='ocrx_word' id='word_1_537' title='bbox 2045 1001 2237 1056; x_wconf 92' lang='lat' dir='ltr'><strong>liorum</strong></span> <span class='ocrx_word' id='word_1_538' title='bbox 2267 1001 2605 1071; x_wconf 91' lang='lat' dir='ltr'><strong>adoptionem</strong></span> <span class='ocrx_word' id='word_1_539' title='bbox 2633 1020 2647 1057; x_wconf 91' lang='lat'><strong>:</strong></span> <span class='ocrx_word' id='word_1_540' title='bbox 2675 1001 2767 1074; x_wconf 89' lang='lat' dir='ltr'><strong>qui</strong></span> <span class='ocrx_word' id='word_1_541' title='bbox 2788 1013 2969 1057; x_wconf 89' lang='lat' dir='ltr'><strong>autem</strong></span> <span class='ocrx_word' id='word_1_542' title='bbox 2995 1000 3271 1056; x_wconf 77' lang='lat' dir='ltr'><strong>confessus</strong></span> <span class='ocrx_word' id='word_1_543' title='bbox 3291 1012 3373 1057; x_wconf 90' lang='lat' dir='ltr'><strong>est</strong></span> <span class='ocrx_word' id='word_1_544' title='bbox 3392 1003 3638 1072; x_wconf 87' lang='lat' dir='ltr'><strong>adoptio—</strong></span> 
     </span>
    </p>
   </div>
   <div class='ocr_carea' id='block_1_71' title="bbox 2048 1093 3633 1164">
    <p class='ocr_par' dir='ltr' id='par_1_71' title="bbox 2048 1093 3633 1164">
     <span class='ocr_line' id='line_1_71' title="bbox 2048 1093 3633 1164; baseline -0.001 -15"><span class='ocrx_word' id='word_1_545' title='bbox 2048 1110 2172 1150; x_wconf 88' lang='lat' dir='ltr'><strong>nem</strong></span> <span class='ocrx_word' id='word_1_546' title='bbox 2193 1136 2208 1160; x_wconf 94' lang='lat'><strong>,</strong></span> <span class='ocrx_word' id='word_1_547' title='bbox 2264 1095 2521 1164; x_wconf 90' lang='lat' dir='ltr'><strong>justitiam</strong></span> <span class='ocrx_word' id='word_1_548' title='bbox 2542 1137 2558 1161; x_wconf 92' lang='lat'><strong>,</strong></span> <span class='ocrx_word' id='word_1_549' title='bbox 2613 1095 3086 1150; x_wconf 88' lang='lat' dir='ltr'><strong>sanctilicationcm</strong></span> <span class='ocrx_word' id='word_1_550' title='bbox 3108 1134 3124 1159; x_wconf 89' lang='lat'><strong>,</strong></span> <span class='ocrx_word' id='word_1_551' title='bbox 3176 1093 3596 1163; x_wconf 86' lang='lat' dir='ltr'><strong>redemptionem</strong></span> <span class='ocrx_word' id='word_1_552' title='bbox 3617 1137 3633 1156; x_wconf 86' lang='lat'><strong>,</strong></span> 
     </span>
    </p>
   </div>
   <div class='ocr_carea' id='block_1_72' title="bbox 2048 1183 3637 1256">
    <p class='ocr_par' dir='ltr' id='par_1_72' title="bbox 2048 1183 3637 1256">
     <span class='ocr_line' id='line_1_72' title="bbox 2048 1183 3637 1256; baseline -0.003 -16"><span class='ocrx_word' id='word_1_553' title='bbox 2048 1195 2388 1255; x_wconf 88' lang='lat' dir='ltr'><strong>peccatorum</strong></span> <span class='ocrx_word' id='word_1_554' title='bbox 2453 1186 2857 1249; x_wconf 89' lang='lat' dir='ltr'><strong>remissionem,</strong></span> <span class='ocrx_word' id='word_1_555' title='bbox 2927 1185 3406 1256; x_wconf 87' lang='lat' dir='ltr'><strong>suppeditatiouem</strong></span> <span class='ocrx_word' id='word_1_556' title='bbox 3460 1183 3637 1237; x_wconf 89' lang='lat' dir='ltr'><strong>sancti</strong></span> 
     </span>
    </p>
   </div>
   <div class='ocr_carea' id='block_1_73' title="bbox 2047 1276 3638 1347">
    <p class='ocr_par' dir='ltr' id='par_1_73' title="bbox 2047 1276 3638 1347">
     <span class='ocr_line' id='line_1_73' title="bbox 2047 1276 3638 1347; baseline -0.001 -14"><span class='ocrx_word' id='word_1_557' title='bbox 2047 1278 2275 1346; x_wconf 83' lang='lat' dir='ltr'><strong>Spiritus</strong></span> <span class='ocrx_word' id='word_1_558' title='bbox 2305 1276 2627 1347; x_wconf 78' lang='lat' dir='ltr'><strong>praedicavit.</strong></span> <span class='ocrx_word' id='word_1_559' title='bbox 2662 1277 2887 1347; x_wconf 90' lang='lat' dir='ltr'><strong>Oportet</strong></span> <span class='ocrx_word' id='word_1_560' title='bbox 2914 1276 3057 1331; x_wconf 89' lang='lat' dir='ltr'><strong>enim</strong></span> <span class='ocrx_word' id='word_1_561' title='bbox 3098 1277 3213 1333; x_wconf 79' lang='lat' dir='ltr'><strong>haec</strong></span> <span class='ocrx_word' id='word_1_562' title='bbox 3263 1279 3439 1331; x_wconf 89' lang='lat' dir='ltr'><strong>omnia</strong></span> <span class='ocrx_word' id='word_1_563' title='bbox 3490 1277 3638 1346; x_wconf 91' lang='lat' dir='ltr'><strong>prius</strong></span> 
     </span>
    </p>
   </div>
   <div class='ocr_carea' id='block_1_74' title="bbox 2046 1367 3637 1438">
    <p class='ocr_par' dir='ltr' id='par_1_74' title="bbox 2046 1367 3637 1438">
     <span class='ocr_line' id='line_1_74' title="bbox 2046 1367 3637 1438; baseline -0.002 -14"><span class='ocrx_word' id='word_1_564' title='bbox 2046 1369 2346 1433; x_wconf 57' lang='lat' dir='ltr'><strong>exstitisse,</strong></span> <span class='ocrx_word' id='word_1_565' title='bbox 2381 1378 2438 1424; x_wconf 94' lang='lat' dir='ltr'><strong>ut</strong></span> <span class='ocrx_word' id='word_1_566' title='bbox 2477 1383 2575 1423; x_wconf 88' lang='lat' dir='ltr'><strong>nos</strong></span> <span class='ocrx_word' id='word_1_567' title='bbox 2607 1368 2838 1423; x_wconf 78' lang='lat' dir='ltr'><strong>ﬁliorum</strong></span> <span class='ocrx_word' id='word_1_568' title='bbox 2864 1368 3150 1438; x_wconf 88' lang='lat' dir='ltr'><strong>adoptione</strong></span> <span class='ocrx_word' id='word_1_569' title='bbox 3176 1368 3253 1422; x_wconf 92' lang='lat' dir='ltr'><strong>sic</strong></span> <span class='ocrx_word' id='word_1_570' title='bbox 3296 1367 3552 1434; x_wconf 78' lang='lat' dir='ltr'><strong>fruamur,</strong></span> <span class='ocrx_word' id='word_1_571' title='bbox 3581 1376 3637 1422; x_wconf 91' lang='lat' dir='ltr'><strong>et</strong></span> 
     </span>
    </p>
   </div>
   <div class='ocr_carea' id='block_1_75' title="bbox 2047 1458 3637 1531">
    <p class='ocr_par' dir='ltr' id='par_1_75' title="bbox 2047 1458 3637 1531">
     <span class='ocr_line' id='line_1_75' title="bbox 2047 1458 3637 1531; baseline -0.004 -16"><span class='ocrx_word' id='word_1_572' title='bbox 2047 1460 2137 1531; x_wconf 90' lang='lat' dir='ltr'><strong>qui</strong></span> <span class='ocrx_word' id='word_1_573' title='bbox 2170 1467 2374 1530; x_wconf 87' lang='lat' dir='ltr'><strong>patrem</strong></span> <span class='ocrx_word' id='word_1_574' title='bbox 2397 1474 2650 1515; x_wconf 89' lang='lat' dir='ltr'><strong>vocemus</strong></span> <span class='ocrx_word' id='word_1_575' title='bbox 2669 1459 2814 1530; x_wconf 91' lang='lat' dir='ltr'><strong>digni</strong></span> <span class='ocrx_word' id='word_1_576' title='bbox 2859 1458 3175 1514; x_wconf 88' lang='lat' dir='ltr'><strong>habeamur.</strong></span> <span class='ocrx_word' id='word_1_577' title='bbox 3205 1458 3330 1513; x_wconf 85' lang='lat' dir='ltr'><strong>Mihi</strong></span> <span class='ocrx_word' id='word_1_578' title='bbox 3357 1467 3534 1513; x_wconf 87' lang='lat' dir='ltr'><strong>autem</strong></span> <span class='ocrx_word' id='word_1_579' title='bbox 3559 1458 3637 1510; x_wconf 84' lang='lat' dir='ltr'><strong>vi-</strong></span> 
     </span>
    </p>
   </div>
   <div class='ocr_carea' id='block_1_76' title="bbox 2048 1549 3636 1622">
    <p class='ocr_par' dir='ltr' id='par_1_76' title="bbox 2048 1549 3636 1622">
     <span class='ocr_line' id='line_1_76' title="bbox 2048 1549 3636 1622; baseline -0.002 -15"><span class='ocrx_word' id='word_1_580' title='bbox 2048 1551 2205 1607; x_wconf 90' lang='lat' dir='ltr'><strong>detur</strong></span> <span class='ocrx_word' id='word_1_581' title='bbox 2231 1550 2375 1606; x_wconf 90' lang='lat' dir='ltr'><strong>aliud</strong></span> <span class='ocrx_word' id='word_1_582' title='bbox 2410 1565 2623 1622; x_wconf 89' lang='lat' dir='ltr'><strong>quoque</strong></span> <span class='ocrx_word' id='word_1_583' title='bbox 2650 1552 2872 1607; x_wconf 89' lang='lat' dir='ltr'><strong>innuere</strong></span> <span class='ocrx_word' id='word_1_584' title='bbox 2914 1551 3097 1606; x_wconf 87' lang='lat' dir='ltr'><strong>dicens</strong></span> <span class='ocrx_word' id='word_1_585' title='bbox 3130 1568 3142 1605; x_wconf 93' lang='lat'><strong>:</strong></span> <span class='ocrx_word' id='word_1_586' title='bbox 3171 1549 3238 1605; x_wconf 84' lang='lat' dir='ltr'><strong>In</strong></span> <span class='ocrx_word' id='word_1_587' title='bbox 3270 1552 3457 1605; x_wconf 82' lang='lat' dir='ltr'><strong>sanctis</strong></span> <span class='ocrx_word' id='word_1_588' title='bbox 3494 1552 3636 1605; x_wconf 89' lang='lat' dir='ltr'><strong>enim</strong></span> 
     </span>
    </p>
   </div>
   <div class='ocr_carea' id='block_1_77' title="bbox 2050 1642 3636 1713">
    <p class='ocr_par' dir='ltr' id='par_1_77' title="bbox 2050 1642 3636 1713">
     <span class='ocr_line' id='line_1_77' title="bbox 2050 1642 3636 1713; baseline 0 -15"><span class='ocrx_word' id='word_1_589' title='bbox 2050 1643 2190 1709; x_wconf 86' lang='lat' dir='ltr'><strong>suis,</strong></span> <span class='ocrx_word' id='word_1_590' title='bbox 2227 1642 2279 1697; x_wconf 91' lang='lat' dir='ltr'><strong>id</strong></span> <span class='ocrx_word' id='word_1_591' title='bbox 2322 1650 2436 1708; x_wconf 88' lang='lat' dir='ltr'><strong>est,</strong></span> <span class='ocrx_word' id='word_1_592' title='bbox 2467 1658 2566 1713; x_wconf 87' lang='lat' dir='ltr'><strong>per</strong></span> <span class='ocrx_word' id='word_1_593' title='bbox 2590 1650 2805 1698; x_wconf 89' lang='lat' dir='ltr'><strong>sanctos</strong></span> <span class='ocrx_word' id='word_1_594' title='bbox 2850 1656 2999 1698; x_wconf 91' lang='lat' dir='ltr'><strong>suos.</strong></span> <span class='ocrx_word' id='word_1_595' title='bbox 3054 1642 3266 1698; x_wconf 86' lang='lat' dir='ltr'><strong>Gratias</strong></span> <span class='ocrx_word' id='word_1_596' title='bbox 3304 1657 3433 1712; x_wconf 89' lang='lat' dir='ltr'><strong>ergo</strong></span> <span class='ocrx_word' id='word_1_597' title='bbox 3467 1644 3636 1712; x_wconf 81' lang='lat' dir='ltr'><strong>agite,</strong></span> 
     </span>
    </p>
   </div>
   <div class='ocr_carea' id='block_1_78' title="bbox 2051 1732 3636 1805">
    <p class='ocr_par' dir='ltr' id='par_1_78' title="bbox 2051 1732 3636 1805">
     <span class='ocr_line' id='line_1_78' title="bbox 2051 1732 3636 1805; baseline -0.002 -16"><span class='ocrx_word' id='word_1_598' title='bbox 2051 1734 2193 1805; x_wconf 90' lang='lat' dir='ltr'><strong>quod</strong></span> <span class='ocrx_word' id='word_1_599' title='bbox 2235 1734 2395 1789; x_wconf 90' lang='lat' dir='ltr'><strong>talem</strong></span> <span class='ocrx_word' id='word_1_600' title='bbox 2443 1734 2652 1789; x_wconf 80' lang='lat' dir='ltr'><strong>vivendi</strong></span> <span class='ocrx_word' id='word_1_601' title='bbox 2691 1732 2916 1788; x_wconf 82' lang='lat' dir='ltr'><strong>formam</strong></span> <span class='ocrx_word' id='word_1_602' title='bbox 2949 1734 3001 1788; x_wconf 91' lang='lat' dir='ltr'><strong>in</strong></span> <span class='ocrx_word' id='word_1_603' title='bbox 3040 1734 3205 1788; x_wconf 86' lang='lat' dir='ltr'><strong>vitam</strong></span> <span class='ocrx_word' id='word_1_604' title='bbox 3239 1733 3636 1799; x_wconf 80' lang='lat' dir='ltr'><strong>introduxerit,</strong></span> 
     </span>
    </p>
   </div>
   <div class='ocr_carea' id='block_1_79' title="bbox 2052 1826 3638 1898">
    <p class='ocr_par' dir='ltr' id='par_1_79' title="bbox 2052 1826 3638 1898">
     <span class='ocr_line' id='line_1_79' title="bbox 2052 1826 3638 1898; baseline -0.003 -16"><span class='ocrx_word' id='word_1_605' title='bbox 2052 1829 2135 1883; x_wconf 90' lang='lat' dir='ltr'><strong>vel</strong></span> <span class='ocrx_word' id='word_1_606' title='bbox 2180 1828 2340 1883; x_wconf 89' lang='lat' dir='ltr'><strong>etiam</strong></span> <span class='ocrx_word' id='word_1_607' title='bbox 2387 1827 2634 1882; x_wconf 89' lang='lat' dir='ltr'><strong>homines</strong></span> <span class='ocrx_word' id='word_1_608' title='bbox 2669 1827 2887 1898; x_wconf 88' lang='lat' dir='ltr'><strong>angelos</strong></span> <span class='ocrx_word' id='word_1_609' title='bbox 2936 1826 3192 1882; x_wconf 82' lang='lat' dir='ltr'><strong>effecerit.</strong></span> <span class='ocrx_word' id='word_1_610' title='bbox 3243 1827 3311 1881; x_wconf 89' lang='lat' dir='ltr'><strong>Et</strong></span> <span class='ocrx_word' id='word_1_611' title='bbox 3355 1827 3474 1881; x_wconf 91' lang='lat' dir='ltr'><strong>ideo</strong></span> <span class='ocrx_word' id='word_1_612' title='bbox 3518 1842 3638 1880; x_wconf 91' lang='lat' dir='ltr'><strong>cum</strong></span> 
     </span>
    </p>
   </div>
   <div class='ocr_carea' id='block_1_80' title="bbox 2053 1916 3645 1990">
    <p class='ocr_par' dir='ltr' id='par_1_80' title="bbox 2053 1916 3645 1990">
     <span class='ocr_line' id='line_1_80' title="bbox 2053 1916 3645 1990; baseline -0.001 -17"><span class='ocrx_word' id='word_1_613' title='bbox 2053 1921 2201 1990; x_wconf 89' lang='lat' dir='ltr'><strong>prius</strong></span> <span class='ocrx_word' id='word_1_614' title='bbox 2225 1919 2478 1986; x_wconf 83' lang='lat' dir='ltr'><strong>dixisset,</strong></span> <span class='ocrx_word' id='word_1_615' title='bbox 2511 1919 2576 1972; x_wconf 86' lang='lat' dir='ltr'><strong>lu</strong></span> <span class='ocrx_word' id='word_1_616' title='bbox 2602 1919 2821 1986; x_wconf 90' lang='lat' dir='ltr'><strong>sanctis,</strong></span> <span class='ocrx_word' id='word_1_617' title='bbox 2850 1918 3160 1988; x_wconf 74' lang='lat' dir='ltr'><strong>subiunxit:</strong></span> <span class='ocrx_word' id='word_1_618' title='bbox 3192 1916 3424 1972; x_wconf 86' lang='lat' dir='ltr'><strong>Laudate</strong></span> <span class='ocrx_word' id='word_1_619' title='bbox 3451 1935 3562 1971; x_wconf 87' lang='lat' dir='ltr'><strong>eum</strong></span> <span class='ocrx_word' id='word_1_620' title='bbox 3589 1918 3645 1971; x_wconf 86' lang='lat' dir='ltr'><strong>in</strong></span> 
     </span>
    </p>
   </div>
   <div class='ocr_carea' id='block_1_81' title="bbox 2061 2009 3644 2082">
    <p class='ocr_par' dir='ltr' id='par_1_81' title="bbox 2061 2009 3644 2082">
     <span class='ocr_line' id='line_1_81' title="bbox 2061 2009 3644 2082; baseline -0.001 -17"><span class='ocrx_word' id='word_1_621' title='bbox 2061 2013 2380 2078; x_wconf 82' lang='lat' dir='ltr'><strong>ﬁrmamento</strong></span> <span class='ocrx_word' id='word_1_622' title='bbox 2409 2013 2608 2066; x_wconf 80' lang='lat' dir='ltr'><strong>virtutis</strong></span> <span class='ocrx_word' id='word_1_623' title='bbox 2637 2015 2748 2082; x_wconf 88' lang='lat' dir='ltr'><strong>ejus</strong></span> <span class='ocrx_word' id='word_1_624' title='bbox 2777 2027 2797 2064; x_wconf 90' lang='lat'><strong><em>:</em></strong></span> <span class='ocrx_word' id='word_1_625' title='bbox 2836 2010 2887 2066; x_wconf 90' lang='lat' dir='ltr'><strong>id</strong></span> <span class='ocrx_word' id='word_1_626' title='bbox 2912 2009 3053 2081; x_wconf 89' lang='lat' dir='ltr'><strong>quod</strong></span> <span class='ocrx_word' id='word_1_627' title='bbox 3094 2010 3203 2081; x_wconf 85' lang='lat' dir='ltr'><strong>jam</strong></span> <span class='ocrx_word' id='word_1_628' title='bbox 3233 2010 3341 2065; x_wconf 83' lang='lat' dir='ltr'><strong>dixi</strong></span> <span class='ocrx_word' id='word_1_629' title='bbox 3382 2009 3644 2064; x_wconf 89' lang='lat' dir='ltr'><strong>indicans.</strong></span> 
     </span>
    </p>
   </div>
   <div class='ocr_carea' id='block_1_82' title="bbox 2056 2102 3646 2175">
    <p class='ocr_par' dir='ltr' id='par_1_82' title="bbox 2056 2102 3646 2175">
     <span class='ocr_line' id='line_1_82' title="bbox 2056 2102 3646 2175; baseline -0.003 -16"><span class='ocrx_word' id='word_1_630' title='bbox 2056 2103 2169 2159; x_wconf 82' lang='lat' dir='ltr'><strong>Hoc</strong></span> <span class='ocrx_word' id='word_1_631' title='bbox 2209 2115 2292 2160; x_wconf 89' lang='lat' dir='ltr'><strong>est</strong></span> <span class='ocrx_word' id='word_1_632' title='bbox 2336 2104 2478 2159; x_wconf 91' lang='lat' dir='ltr'><strong>enim</strong></span> <span class='ocrx_word' id='word_1_633' title='bbox 2528 2104 2638 2158; x_wconf 91' lang='lat' dir='ltr'><strong>Deo</strong></span> <span class='ocrx_word' id='word_1_634' title='bbox 2681 2102 2851 2175; x_wconf 87' lang='lat' dir='ltr'><strong>magis</strong></span> <span class='ocrx_word' id='word_1_635' title='bbox 2896 2118 3041 2158; x_wconf 67' lang='lat' dir='ltr'><strong>curas</strong></span> <span class='ocrx_word' id='word_1_636' title='bbox 3069 2118 3227 2173; x_wconf 88' lang='lat' dir='ltr'><strong>quam</strong></span> <span class='ocrx_word' id='word_1_637' title='bbox 3268 2102 3418 2158; x_wconf 89' lang='lat' dir='ltr'><strong>illud.</strong></span> <span class='ocrx_word' id='word_1_638' title='bbox 3443 2102 3646 2158; x_wconf 60' lang='lat' dir='ltr'><strong>Cielum</strong></span> 
     </span>
    </p>
   </div>
   <div class='ocr_carea' id='block_1_83' title="bbox 2056 2195 3648 2268">
    <p class='ocr_par' dir='ltr' id='par_1_83' title="bbox 2056 2195 3648 2268">
     <span class='ocr_line' id='line_1_83' title="bbox 2056 2195 3648 2268; baseline -0.004 -15"><span class='ocrx_word' id='word_1_639' title='bbox 2056 2197 2200 2253; x_wconf 90' lang='lat' dir='ltr'><strong>enim</strong></span> <span class='ocrx_word' id='word_1_640' title='bbox 2231 2209 2455 2268; x_wconf 85' lang='lat' dir='ltr'><strong>propter</strong></span> <span class='ocrx_word' id='word_1_641' title='bbox 2498 2196 2804 2264; x_wconf 88' lang='lat' dir='ltr'><strong>hominem,</strong></span> <span class='ocrx_word' id='word_1_642' title='bbox 2848 2211 2954 2251; x_wconf 92' lang='lat' dir='ltr'><strong>non</strong></span> <span class='ocrx_word' id='word_1_643' title='bbox 2983 2205 3205 2267; x_wconf 90' lang='lat' dir='ltr'><strong>propter</strong></span> <span class='ocrx_word' id='word_1_644' title='bbox 3252 2197 3442 2252; x_wconf 76' lang='lat' dir='ltr'><strong>caelum</strong></span> <span class='ocrx_word' id='word_1_645' title='bbox 3485 2195 3648 2250; x_wconf 90' lang='lat' dir='ltr'><strong>homo</strong></span> 
     </span>
    </p>
   </div>
   <div class='ocr_carea' id='block_1_84' title="bbox 2057 2286 3649 2360">
    <p class='ocr_par' dir='ltr' id='par_1_84' title="bbox 2057 2286 3649 2360">
     <span class='ocr_line' id='line_1_84' title="bbox 2057 2286 3649 2360; baseline -0.004 -13"><span class='ocrx_word' id='word_1_646' title='bbox 2057 2290 2226 2347; x_wconf 87' lang='lat' dir='ltr'><strong>lactus</strong></span> <span class='ocrx_word' id='word_1_647' title='bbox 2250 2300 2352 2347; x_wconf 88' lang='lat' dir='ltr'><strong>est.</strong></span> <span class='ocrx_word' id='word_1_648' title='bbox 2393 2291 2542 2345; x_wconf 85' lang='lat' dir='ltr'><strong>Alius</strong></span> <span class='ocrx_word' id='word_1_649' title='bbox 2580 2297 2756 2344; x_wconf 91' lang='lat' dir='ltr'><strong>autem</strong></span> <span class='ocrx_word' id='word_1_650' title='bbox 2801 2304 2900 2360; x_wconf 90' lang='lat' dir='ltr'><strong>pro</strong></span> <span class='ocrx_word' id='word_1_651' title='bbox 2929 2302 2995 2344; x_wconf 90' lang='lat' dir='ltr'><strong>eo</strong></span> <span class='ocrx_word' id='word_1_652' title='bbox 3041 2289 3181 2359; x_wconf 92' lang='lat' dir='ltr'><strong>quod</strong></span> <span class='ocrx_word' id='word_1_653' title='bbox 3212 2297 3326 2358; x_wconf 90' lang='lat' dir='ltr'><strong>est,</strong></span> <span class='ocrx_word' id='word_1_654' title='bbox 3359 2286 3425 2343; x_wconf 87' lang='lat' dir='ltr'><strong>In</strong></span> <span class='ocrx_word' id='word_1_655' title='bbox 3465 2289 3649 2359; x_wconf 79' lang='lat' dir='ltr'><strong>ﬁrma-</strong></span> 
     </span>
    </p>
   </div>
   <div class='ocr_carea' id='block_1_85' title="bbox 2057 2380 3650 2451">
    <p class='ocr_par' dir='ltr' id='par_1_85' title="bbox 2057 2380 3650 2451">
     <span class='ocr_line' id='line_1_85' title="bbox 2057 2380 3650 2451; baseline -0.001 -15"><span class='ocrx_word' id='word_1_656' title='bbox 2057 2392 2254 2448; x_wconf 80' lang='lat' dir='ltr'><strong>mento,</strong></span> <span class='ocrx_word' id='word_1_657' title='bbox 2279 2381 2446 2447; x_wconf 79' lang='lat' dir='ltr'><strong>dixit,</strong></span> <span class='ocrx_word' id='word_1_658' title='bbox 2479 2380 2769 2436; x_wconf 83' lang='lat' dir='ltr'><strong>lndelebili.</strong></span> <span class='ocrx_word' id='word_1_659' title='bbox 2799 2382 2948 2437; x_wconf 85' lang='lat' dir='ltr'><strong>Alius</strong></span> <span class='ocrx_word' id='word_1_660' title='bbox 2967 2423 2983 2448; x_wconf 92' lang='lat'><strong>,</strong></span> <span class='ocrx_word' id='word_1_661' title='bbox 3021 2381 3089 2436; x_wconf 85' lang='lat' dir='ltr'><strong>In</strong></span> <span class='ocrx_word' id='word_1_662' title='bbox 3117 2381 3436 2451; x_wconf 83' lang='lat' dir='ltr'><strong>ﬁrmamento</strong></span> <span class='ocrx_word' id='word_1_663' title='bbox 3484 2381 3650 2450; x_wconf 83' lang='lat' dir='ltr'><strong>impe—</strong></span> 
     </span>
    </p>
   </div>
   <div class='ocr_carea' id='block_1_86' title="bbox 2060 2471 3649 2545">
    <p class='ocr_par' dir='ltr' id='par_1_86' title="bbox 2060 2471 3649 2545">
     <span class='ocr_line' id='line_1_86' title="bbox 2060 2471 3649 2545; baseline -0.001 -18"><span class='ocrx_word' id='word_1_664' title='bbox 2060 2474 2126 2527; x_wconf 88' lang='lat' dir='ltr'><strong>rii</strong></span> <span class='ocrx_word' id='word_1_665' title='bbox 2150 2474 2259 2545; x_wconf 86' lang='lat' dir='ltr'><strong>ejus</strong></span> <span class='ocrx_word' id='word_1_666' title='bbox 2288 2472 2387 2545; x_wconf 92' lang='lat' dir='ltr'><strong>(a).</strong></span> <span class='ocrx_word' id='word_1_667' title='bbox 2423 2473 2589 2527; x_wconf 86' lang='lat' dir='ltr'><strong>Porro</strong></span> <span class='ocrx_word' id='word_1_668' title='bbox 2613 2472 2757 2528; x_wconf 88' lang='lat' dir='ltr'><strong>aliud</strong></span> <span class='ocrx_word' id='word_1_669' title='bbox 2798 2487 3012 2544; x_wconf 88' lang='lat' dir='ltr'><strong>quoque</strong></span> <span class='ocrx_word' id='word_1_670' title='bbox 3049 2472 3181 2528; x_wconf 90' lang='lat' dir='ltr'><strong>mihi</strong></span> <span class='ocrx_word' id='word_1_671' title='bbox 3209 2473 3419 2528; x_wconf 88' lang='lat' dir='ltr'><strong>videtur</strong></span> <span class='ocrx_word' id='word_1_672' title='bbox 3448 2471 3649 2542; x_wconf 79' lang='lat' dir='ltr'><strong>signiti-</strong></span> 
     </span>
    </p>
   </div>
   <div class='ocr_carea' id='block_1_87' title="bbox 2058 2564 3649 2635">
    <p class='ocr_par' dir='ltr' id='par_1_87' title="bbox 2058 2564 3649 2635">
     <span class='ocr_line' id='line_1_87' title="bbox 2058 2564 3649 2635; baseline 0 -16"><span class='ocrx_word' id='word_1_673' title='bbox 2058 2579 2201 2631; x_wconf 91' lang='lat' dir='ltr'><strong>care,</strong></span> <span class='ocrx_word' id='word_1_674' title='bbox 2226 2566 2363 2620; x_wconf 92' lang='lat' dir='ltr'><strong>sicut</strong></span> <span class='ocrx_word' id='word_1_675' title='bbox 2379 2565 2433 2619; x_wconf 93' lang='lat' dir='ltr'><strong>in</strong></span> <span class='ocrx_word' id='word_1_676' title='bbox 2458 2566 2618 2635; x_wconf 89' lang='lat' dir='ltr'><strong>priori</strong></span> <span class='ocrx_word' id='word_1_677' title='bbox 2640 2564 2873 2621; x_wconf 89' lang='lat' dir='ltr'><strong>Psalmo.</strong></span> <span class='ocrx_word' id='word_1_678' title='bbox 2892 2565 3349 2633; x_wconf 85' lang='lat' dir='ltr'><strong>Quemadmodum</strong></span> <span class='ocrx_word' id='word_1_679' title='bbox 3377 2566 3518 2621; x_wconf 89' lang='lat' dir='ltr'><strong>enim</strong></span> <span class='ocrx_word' id='word_1_680' title='bbox 3541 2564 3649 2619; x_wconf 90' lang='lat' dir='ltr'><strong>illic</strong></span> 
     </span>
    </p>
   </div>
   <div class='ocr_carea' id='block_1_88' title="bbox 2059 2654 3644 2727">
    <p class='ocr_par' dir='ltr' id='par_1_88' title="bbox 2059 2654 3644 2727">
     <span class='ocr_line' id='line_1_88' title="bbox 2059 2654 3644 2727; baseline -0.001 -17"><span class='ocrx_word' id='word_1_681' title='bbox 2059 2654 2209 2719; x_wconf 89' lang='lat' dir='ltr'><strong>dicit,</strong></span> <span class='ocrx_word' id='word_1_682' title='bbox 2238 2654 2469 2711; x_wconf 87' lang='lat' dir='ltr'><strong>Laudate</strong></span> <span class='ocrx_word' id='word_1_683' title='bbox 2508 2672 2621 2710; x_wconf 87' lang='lat' dir='ltr'><strong>eum</strong></span> <span class='ocrx_word' id='word_1_684' title='bbox 2663 2656 2833 2727; x_wconf 86' lang='lat' dir='ltr'><strong>angeli</strong></span> <span class='ocrx_word' id='word_1_685' title='bbox 2866 2656 2977 2727; x_wconf 81' lang='lat' dir='ltr'><strong>ejus</strong></span> <span class='ocrx_word' id='word_1_686' title='bbox 3010 2671 3029 2711; x_wconf 91' lang='lat'><strong><em>:</em></strong></span> <span class='ocrx_word' id='word_1_687' title='bbox 3072 2656 3145 2710; x_wconf 89' lang='lat' dir='ltr'><strong>ita</strong></span> <span class='ocrx_word' id='word_1_688' title='bbox 3173 2656 3331 2710; x_wconf 89' lang='lat' dir='ltr'><strong>etiam</strong></span> <span class='ocrx_word' id='word_1_689' title='bbox 3377 2654 3463 2709; x_wconf 89' lang='lat' dir='ltr'><strong>hic</strong></span> <span class='ocrx_word' id='word_1_690' title='bbox 3486 2654 3644 2720; x_wconf 90' lang='lat' dir='ltr'><strong>dicit,</strong></span> 
     </span>
    </p>
   </div>
   <div class='ocr_carea' id='block_1_89' title="bbox 2059 2743 3647 2817">
    <p class='ocr_par' dir='ltr' id='par_1_89' title="bbox 2059 2743 3647 2817">
     <span class='ocr_line' id='line_1_89' title="bbox 2059 2743 3647 2817; baseline -0.001 -16"><span class='ocrx_word' id='word_1_691' title='bbox 2059 2745 2288 2802; x_wconf 85' lang='lat' dir='ltr'><strong>Laudate</strong></span> <span class='ocrx_word' id='word_1_692' title='bbox 2318 2763 2433 2801; x_wconf 88' lang='lat' dir='ltr'><strong>eum</strong></span> <span class='ocrx_word' id='word_1_693' title='bbox 2464 2746 2516 2801; x_wconf 89' lang='lat' dir='ltr'><strong>in</strong></span> <span class='ocrx_word' id='word_1_694' title='bbox 2557 2748 2871 2816; x_wconf 84' lang='lat' dir='ltr'><strong>ﬁrmamento</strong></span> <span class='ocrx_word' id='word_1_695' title='bbox 2893 2747 3003 2817; x_wconf 88' lang='lat' dir='ltr'><strong>ejus</strong></span> <span class='ocrx_word' id='word_1_696' title='bbox 3043 2744 3214 2816; x_wconf 85' lang='lat' dir='ltr'><strong>(Psal.</strong></span> <span class='ocrx_word' id='word_1_697' title='bbox 3241 2746 3363 2801; x_wconf 74' lang='lat'><strong>“8.</strong></span> <span class='ocrx_word' id='word_1_698' title='bbox 3390 2743 3447 2816; x_wconf 73' lang='lat'><strong>2)</strong></span> <span class='ocrx_word' id='word_1_699' title='bbox 3481 2762 3495 2800; x_wconf 89' lang='lat'><strong>:</strong></span> <span class='ocrx_word' id='word_1_700' title='bbox 3545 2744 3647 2799; x_wconf 91' lang='lat' dir='ltr'><strong>hoc</strong></span> 
     </span>
    </p>
   </div>
   <div class='ocr_carea' id='block_1_90' title="bbox 2060 2837 3647 2910">
    <p class='ocr_par' dir='ltr' id='par_1_90' title="bbox 2060 2837 3647 2910">
     <span class='ocr_line' id='line_1_90' title="bbox 2060 2837 3647 2910; baseline -0.003 -14"><span class='ocrx_word' id='word_1_701' title='bbox 2060 2851 2170 2906; x_wconf 90' lang='lat' dir='ltr'><strong>est,</strong></span> <span class='ocrx_word' id='word_1_702' title='bbox 2202 2840 2303 2907; x_wconf 87' lang='lat' dir='ltr'><strong>Qui</strong></span> <span class='ocrx_word' id='word_1_703' title='bbox 2332 2840 2462 2895; x_wconf 90' lang='lat' dir='ltr'><strong>estis</strong></span> <span class='ocrx_word' id='word_1_704' title='bbox 2491 2839 2542 2894; x_wconf 92' lang='lat' dir='ltr'><strong>in</strong></span> <span class='ocrx_word' id='word_1_705' title='bbox 2571 2839 2911 2895; x_wconf 83' lang='lat' dir='ltr'><strong>ﬁrmamento</strong></span> <span class='ocrx_word' id='word_1_706' title='bbox 2953 2838 3087 2910; x_wconf 87' lang='lat' dir='ltr'><strong>ejus.</strong></span> <span class='ocrx_word' id='word_1_707' title='bbox 3121 2838 3240 2894; x_wconf 87' lang='lat' dir='ltr'><strong>Non</strong></span> <span class='ocrx_word' id='word_1_708' title='bbox 3286 2847 3462 2894; x_wconf 88' lang='lat' dir='ltr'><strong>cessat</strong></span> <span class='ocrx_word' id='word_1_709' title='bbox 3503 2837 3647 2893; x_wconf 82' lang='lat' dir='ltr'><strong>enim</strong></span> 
     </span>
    </p>
   </div>
   <div class='ocr_carea' id='block_1_91' title="bbox 2061 2933 3649 3008">
    <p class='ocr_par' dir='ltr' id='par_1_91' title="bbox 2061 2933 3649 3008">
     <span class='ocr_line' id='line_1_91' title="bbox 2061 2933 3649 3008; baseline -0.003 -15"><span class='ocrx_word' id='word_1_710' title='bbox 2061 2939 2275 2994; x_wconf 88' lang='lat' dir='ltr'><strong>assidue</strong></span> <span class='ocrx_word' id='word_1_711' title='bbox 2300 2951 2559 3008; x_wconf 88' lang='lat' dir='ltr'><strong>supernas</strong></span> <span class='ocrx_word' id='word_1_712' title='bbox 2582 2951 2794 3007; x_wconf 89' lang='lat' dir='ltr'><strong>quoque</strong></span> <span class='ocrx_word' id='word_1_713' title='bbox 2821 2943 3112 3008; x_wconf 88' lang='lat' dir='ltr'><strong>potestates</strong></span> <span class='ocrx_word' id='word_1_714' title='bbox 3162 2949 3437 2990; x_wconf 85' lang='lat' dir='ltr'><strong>assumere</strong></span> <span class='ocrx_word' id='word_1_715' title='bbox 3475 2933 3649 2988; x_wconf 89' lang='lat' dir='ltr'><strong>socias</strong></span> 
     </span>
    </p>
   </div>
   <div class='ocr_carea' id='block_1_92' title="bbox 2063 3024 3645 3098">
    <p class='ocr_par' dir='ltr' id='par_1_92' title="bbox 2063 3024 3645 3098">
     <span class='ocr_line' id='line_1_92' title="bbox 2063 3024 3645 3098; baseline -0.003 -15"><span class='ocrx_word' id='word_1_716' title='bbox 2063 3028 2400 3083; x_wconf 86' lang='lat' dir='ltr'><strong>laudationis.</strong></span> <span class='ocrx_word' id='word_1_717' title='bbox 2422 3027 2478 3084; x_wconf 77' lang='lat'><strong>2.</strong></span> <span class='ocrx_word' id='word_1_718' title='bbox 2495 3025 2726 3081; x_wconf 87' lang='lat' dir='ltr'><strong>Laudate</strong></span> <span class='ocrx_word' id='word_1_719' title='bbox 2745 3043 2858 3082; x_wconf 85' lang='lat' dir='ltr'><strong>eum</strong></span> <span class='ocrx_word' id='word_1_720' title='bbox 2878 3028 2932 3081; x_wconf 88' lang='lat' dir='ltr'><strong>in</strong></span> <span class='ocrx_word' id='word_1_721' title='bbox 2947 3026 3211 3081; x_wconf 83' lang='lat' dir='ltr'><strong>virtutibus</strong></span> <span class='ocrx_word' id='word_1_722' title='bbox 3231 3027 3339 3098; x_wconf 85' lang='lat' dir='ltr'><strong>ejus</strong></span> <span class='ocrx_word' id='word_1_723' title='bbox 3360 3024 3454 3095; x_wconf 86' lang='lat' dir='ltr'><strong>(b).</strong></span> <span class='ocrx_word' id='word_1_724' title='bbox 3473 3025 3645 3090; x_wconf 86' lang='lat' dir='ltr'><strong>Alius,</strong></span> 
     </span>
    </p>
   </div>
   <div class='ocr_carea' id='block_1_93' title="bbox 2062 3115 3650 3190">
    <p class='ocr_par' dir='ltr' id='par_1_93' title="bbox 2062 3115 3650 3190">
     <span class='ocr_line' id='line_1_93' title="bbox 2062 3115 3650 3190; baseline -0.004 -15"><span class='ocrx_word' id='word_1_725' title='bbox 2062 3119 2166 3175; x_wconf 86' lang='lat' dir='ltr'><strong>Per</strong></span> <span class='ocrx_word' id='word_1_726' title='bbox 2201 3121 2448 3190; x_wconf 87' lang='lat' dir='ltr'><strong>potentias</strong></span> <span class='ocrx_word' id='word_1_727' title='bbox 2485 3120 2616 3190; x_wconf 83' lang='lat' dir='ltr'><strong>ejus.</strong></span> <span class='ocrx_word' id='word_1_728' title='bbox 2648 3119 2905 3174; x_wconf 68' lang='lat' dir='ltr'><strong>Hebraeus</strong></span> <span class='ocrx_word' id='word_1_729' title='bbox 2941 3127 3119 3173; x_wconf 86' lang='lat' dir='ltr'><strong>autem</strong></span> <span class='ocrx_word' id='word_1_730' title='bbox 3162 3116 3325 3183; x_wconf 89' lang='lat' dir='ltr'><strong>dicit,</strong></span> <span class='ocrx_word' id='word_1_731' title='bbox 3362 3115 3650 3188; x_wconf 82' lang='lat' dir='ltr'><strong>Begeburo-</strong></span> 
     </span>
    </p>
   </div>
   <div class='ocr_carea' id='block_1_94' title="bbox 2065 3206 3648 3280">
    <p class='ocr_par' dir='ltr' id='par_1_94' title="bbox 2065 3206 3648 3280">
     <span class='ocr_line' id='line_1_94' title="bbox 2065 3206 3648 3280; baseline -0.004 -14"><span class='ocrx_word' id='word_1_732' title='bbox 2065 3213 2207 3266; x_wconf 82' lang='lat' dir='ltr'><strong>than.</strong></span> <span class='ocrx_word' id='word_1_733' title='bbox 2253 3211 2366 3267; x_wconf 85' lang='lat' dir='ltr'><strong>Hoc</strong></span> <span class='ocrx_word' id='word_1_734' title='bbox 2392 3220 2476 3266; x_wconf 85' lang='lat' dir='ltr'><strong>est</strong></span> <span class='ocrx_word' id='word_1_735' title='bbox 2515 3222 2694 3265; x_wconf 90' lang='lat' dir='ltr'><strong>autem</strong></span> <span class='ocrx_word' id='word_1_736' title='bbox 2733 3208 2876 3280; x_wconf 89' lang='lat' dir='ltr'><strong>quod</strong></span> <span class='ocrx_word' id='word_1_737' title='bbox 2911 3208 3040 3265; x_wconf 91' lang='lat' dir='ltr'><strong>dicit</strong></span> <span class='ocrx_word' id='word_1_738' title='bbox 3070 3206 3344 3264; x_wconf 89' lang='lat' dir='ltr'><strong>:Laudate</strong></span> <span class='ocrx_word' id='word_1_739' title='bbox 3371 3222 3492 3263; x_wconf 90' lang='lat' dir='ltr'><strong>eum</strong></span> <span class='ocrx_word' id='word_1_740' title='bbox 3525 3222 3648 3276; x_wconf 85' lang='lat' dir='ltr'><strong>pro-</strong></span> 
     </span>
    </p>
   </div>
   <div class='ocr_carea' id='block_1_95' title="bbox 2064 3299 3651 3375">
    <p class='ocr_par' dir='ltr' id='par_1_95' title="bbox 2064 3299 3651 3375">
     <span class='ocr_line' id='line_1_95' title="bbox 2064 3299 3651 3375; baseline -0.004 -18"><span class='ocrx_word' id='word_1_741' title='bbox 2064 3316 2184 3375; x_wconf 91' lang='lat' dir='ltr'><strong>pter</strong></span> <span class='ocrx_word' id='word_1_742' title='bbox 2212 3305 2353 3359; x_wconf 80' lang='lat' dir='ltr'><strong>vires</strong></span> <span class='ocrx_word' id='word_1_743' title='bbox 2379 3304 2526 3373; x_wconf 88' lang='lat' dir='ltr'><strong>ejus,</strong></span> <span class='ocrx_word' id='word_1_744' title='bbox 2558 3312 2774 3374; x_wconf 87' lang='lat' dir='ltr'><strong>propter</strong></span> <span class='ocrx_word' id='word_1_745' title='bbox 2803 3302 3093 3372; x_wconf 87' lang='lat' dir='ltr'><strong>potentiam</strong></span> <span class='ocrx_word' id='word_1_746' title='bbox 3121 3300 3237 3371; x_wconf 84' lang='lat' dir='ltr'><strong>ejus</strong></span> <span class='ocrx_word' id='word_1_747' title='bbox 3256 3343 3271 3368; x_wconf 95' lang='lat'><strong>,</strong></span> <span class='ocrx_word' id='word_1_748' title='bbox 3300 3307 3517 3370; x_wconf 87' lang='lat' dir='ltr'><strong>propter</strong></span> <span class='ocrx_word' id='word_1_749' title='bbox 3553 3299 3651 3352; x_wconf 85' lang='lat' dir='ltr'><strong>mi-</strong></span> 
     </span>
    </p>
   </div>
   <div class='ocr_carea' id='block_1_96' title="bbox 2065 3392 3648 3467">
    <p class='ocr_par' dir='ltr' id='par_1_96' title="bbox 2065 3392 3648 3467">
     <span class='ocr_line' id='line_1_96' title="bbox 2065 3392 3648 3467; baseline -0.005 -15"><span class='ocrx_word' id='word_1_750' title='bbox 2065 3397 2242 3452; x_wconf 82' lang='lat' dir='ltr'><strong>racula</strong></span> <span class='ocrx_word' id='word_1_751' title='bbox 2285 3396 2441 3466; x_wconf 84' lang='lat' dir='ltr'><strong>ejus,</strong></span> <span class='ocrx_word' id='word_1_752' title='bbox 2489 3407 2709 3467; x_wconf 82' lang='lat' dir='ltr'><strong>prepter</strong></span> <span class='ocrx_word' id='word_1_753' title='bbox 2753 3395 3041 3459; x_wconf 90' lang='lat' dir='ltr'><strong>virtutem,</strong></span> <span class='ocrx_word' id='word_1_754' title='bbox 3088 3409 3248 3464; x_wconf 91' lang='lat' dir='ltr'><strong>quam</strong></span> <span class='ocrx_word' id='word_1_755' title='bbox 3297 3392 3528 3448; x_wconf 89' lang='lat' dir='ltr'><strong>ostendit</strong></span> <span class='ocrx_word' id='word_1_756' title='bbox 3558 3406 3648 3462; x_wconf 91' lang='lat' dir='ltr'><strong>per</strong></span> 
     </span>
    </p>
   </div>
   <div class='ocr_carea' id='block_1_97' title="bbox 2065 3487 3648 3558">
    <p class='ocr_par' dir='ltr' id='par_1_97' title="bbox 2065 3487 3648 3558">
     <span class='ocr_line' id='line_1_97' title="bbox 2065 3487 3648 3558; baseline -0.005 -14"><span class='ocrx_word' id='word_1_757' title='bbox 2065 3490 2266 3553; x_wconf 86' lang='lat' dir='ltr'><strong>omnia,</strong></span> <span class='ocrx_word' id='word_1_758' title='bbox 2296 3504 2415 3557; x_wconf 64' lang='lat' dir='ltr'><strong>qua:</strong></span> <span class='ocrx_word' id='word_1_759' title='bbox 2440 3497 2566 3543; x_wconf 90' lang='lat' dir='ltr'><strong>sunt</strong></span> <span class='ocrx_word' id='word_1_760' title='bbox 2589 3487 2747 3554; x_wconf 81' lang='lat' dir='ltr'><strong>infra,</strong></span> <span class='ocrx_word' id='word_1_761' title='bbox 2770 3502 2888 3558; x_wconf 63' lang='lat' dir='ltr'><strong>quae</strong></span> <span class='ocrx_word' id='word_1_762' title='bbox 2916 3496 3039 3542; x_wconf 91' lang='lat' dir='ltr'><strong>sunt</strong></span> <span class='ocrx_word' id='word_1_763' title='bbox 3062 3502 3243 3556; x_wconf 90' lang='lat' dir='ltr'><strong>supra,</strong></span> <span class='ocrx_word' id='word_1_764' title='bbox 3270 3501 3385 3556; x_wconf 76' lang='lat' dir='ltr'><strong>qua:</strong></span> <span class='ocrx_word' id='word_1_765' title='bbox 3413 3499 3648 3540; x_wconf 85' lang='lat' dir='ltr'><strong>commu-</strong></span> 
     </span>
    </p>
   </div>
   <div class='ocr_carea' id='block_1_98' title="bbox 2067 3580 3650 3652">
    <p class='ocr_par' dir='ltr' id='par_1_98' title="bbox 2067 3580 3650 3652">
     <span class='ocr_line' id='line_1_98' title="bbox 2067 3580 3650 3652; baseline -0.003 -15"><span class='ocrx_word' id='word_1_766' title='bbox 2067 3583 2207 3638; x_wconf 89' lang='lat' dir='ltr'><strong>niter</strong></span> <span class='ocrx_word' id='word_1_767' title='bbox 2231 3584 2359 3636; x_wconf 90' lang='lat' dir='ltr'><strong>liuut</strong></span> <span class='ocrx_word' id='word_1_768' title='bbox 2385 3624 2401 3650; x_wconf 88' lang='lat'><strong>,</strong></span> <span class='ocrx_word' id='word_1_769' title='bbox 2427 3591 2482 3636; x_wconf 89' lang='lat' dir='ltr'><strong>et</strong></span> <span class='ocrx_word' id='word_1_770' title='bbox 2509 3596 2627 3652; x_wconf 73' lang='lat' dir='ltr'><strong>quae</strong></span> <span class='ocrx_word' id='word_1_771' title='bbox 2654 3581 2899 3651; x_wconf 87' lang='lat' dir='ltr'><strong>privatim</strong></span> <span class='ocrx_word' id='word_1_772' title='bbox 2924 3622 2938 3642; x_wconf 88' lang='lat'><strong>.</strong></span> <span class='ocrx_word' id='word_1_773' title='bbox 2970 3596 3089 3651; x_wconf 62' lang='lat' dir='ltr'><strong>quae</strong></span> <span class='ocrx_word' id='word_1_774' title='bbox 3119 3580 3382 3651; x_wconf 89' lang='lat' dir='ltr'><strong>sigillatim</strong></span> <span class='ocrx_word' id='word_1_775' title='bbox 3401 3621 3416 3646; x_wconf 93' lang='lat'><strong>,</strong></span> <span class='ocrx_word' id='word_1_776' title='bbox 3444 3587 3499 3633; x_wconf 84' lang='lat' dir='ltr'><strong>et</strong></span> <span class='ocrx_word' id='word_1_777' title='bbox 3534 3594 3650 3648; x_wconf 68' lang='lat' dir='ltr'><strong>quae</strong></span> 
     </span>
    </p>
   </div>
   <div class='ocr_carea' id='block_1_99' title="bbox 2075 3673 3650 3747">
    <p class='ocr_par' dir='ltr' id='par_1_99' title="bbox 2075 3673 3650 3747">
     <span class='ocr_line' id='line_1_99' title="bbox 2075 3673 3650 3747; baseline -0.005 -15"><span class='ocrx_word' id='word_1_778' title='bbox 2075 3686 2355 3747; x_wconf 90' lang='lat' dir='ltr'><strong>perpetuo.</strong></span> <span class='ocrx_word' id='word_1_779' title='bbox 2398 3674 2631 3729; x_wconf 87' lang='lat' dir='ltr'><strong>Laudate</strong></span> <span class='ocrx_word' id='word_1_780' title='bbox 2659 3691 2774 3728; x_wconf 87' lang='lat' dir='ltr'><strong>eum</strong></span> <span class='ocrx_word' id='word_1_781' title='bbox 2818 3674 3094 3728; x_wconf 84' lang='lat' dir='ltr'><strong>secundant</strong></span> <span class='ocrx_word' id='word_1_782' title='bbox 3123 3673 3497 3728; x_wconf 87' lang='lat' dir='ltr'><strong>multitudinem</strong></span> <span class='ocrx_word' id='word_1_783' title='bbox 3540 3688 3650 3724; x_wconf 86' lang='lat' dir='ltr'><strong>nta—</strong></span> 
     </span>
    </p>
   </div>
   <div class='ocr_carea' id='block_1_100' title="bbox 2067 3763 3650 3840">
    <p class='ocr_par' dir='ltr' id='par_1_100' title="bbox 2067 3763 3650 3840">
     <span class='ocr_line' id='line_1_100' title="bbox 2067 3763 3650 3840; baseline -0.003 -18"><span class='ocrx_word' id='word_1_784' title='bbox 2067 3768 2349 3840; x_wconf 85' lang='lat' dir='ltr'><strong>gnitudinis</strong></span> <span class='ocrx_word' id='word_1_785' title='bbox 2393 3768 2522 3832; x_wconf 86' lang='lat' dir='ltr'><strong>eius.</strong></span> <span class='ocrx_word' id='word_1_786' title='bbox 2566 3767 2631 3822; x_wconf 85' lang='lat' dir='ltr'><strong>Et</strong></span> <span class='ocrx_word' id='word_1_787' title='bbox 2671 3766 2940 3837; x_wconf 90' lang='lat' dir='ltr'><strong>quomodo</strong></span> <span class='ocrx_word' id='word_1_788' title='bbox 2983 3765 3097 3821; x_wconf 82' lang='lat' dir='ltr'><strong>ﬁeri</strong></span> <span class='ocrx_word' id='word_1_789' title='bbox 3143 3773 3318 3837; x_wconf 88' lang='lat' dir='ltr'><strong>potest</strong></span> <span class='ocrx_word' id='word_1_790' title='bbox 3357 3773 3415 3820; x_wconf 90' lang='lat' dir='ltr'><strong>ut</strong></span> <span class='ocrx_word' id='word_1_791' title='bbox 3443 3763 3650 3819; x_wconf 90' lang='lat' dir='ltr'><strong>laudem</strong></span> 
     </span>
    </p>
   </div>
   <div class='ocr_carea' id='block_1_101' title="bbox 2069 3859 3650 3935">
    <p class='ocr_par' dir='ltr' id='par_1_101' title="bbox 2069 3859 3650 3935">
     <span class='ocr_line' id='line_1_101' title="bbox 2069 3859 3650 3935; baseline -0.004 -16"><span class='ocrx_word' id='word_1_792' title='bbox 2069 3864 2315 3929; x_wconf 89' lang='lat' dir='ltr'><strong>emittat,</strong></span> <span class='ocrx_word' id='word_1_793' title='bbox 2349 3879 2468 3935; x_wconf 82' lang='lat' dir='ltr'><strong>quae</strong></span> <span class='ocrx_word' id='word_1_794' title='bbox 2493 3863 2613 3933; x_wconf 91' lang='lat' dir='ltr'><strong>ejus</strong></span> <span class='ocrx_word' id='word_1_795' title='bbox 2652 3860 3028 3932; x_wconf 86' lang='lat' dir='ltr'><strong>magnitudinis</strong></span> <span class='ocrx_word' id='word_1_796' title='bbox 3074 3859 3398 3916; x_wconf 89' lang='lat' dir='ltr'><strong>multitudini</strong></span> <span class='ocrx_word' id='word_1_797' title='bbox 3430 3872 3650 3929; x_wconf 87' lang='lat' dir='ltr'><strong>respou-</strong></span> 
     </span>
    </p>
   </div>
   <div class='ocr_carea' id='block_1_102' title="bbox 2069 3949 3655 4024">
    <p class='ocr_par' dir='ltr' id='par_1_102' title="bbox 2069 3949 3655 4024">
     <span class='ocr_line' id='line_1_102' title="bbox 2069 3949 3655 4024; baseline -0.006 -12"><span class='ocrx_word' id='word_1_798' title='bbox 2069 3956 2232 4012; x_wconf 85' lang='lat' dir='ltr'><strong>deat?</strong></span> <span class='ocrx_word' id='word_1_799' title='bbox 2257 3954 2374 4011; x_wconf 87' lang='lat' dir='ltr'><strong>Non</strong></span> <span class='ocrx_word' id='word_1_800' title='bbox 2407 3955 2538 4010; x_wconf 91' lang='lat' dir='ltr'><strong>dicit</strong></span> <span class='ocrx_word' id='word_1_801' title='bbox 2567 3954 2778 4010; x_wconf 88' lang='lat' dir='ltr'><strong>laudem</strong></span> <span class='ocrx_word' id='word_1_802' title='bbox 2808 3958 2926 4024; x_wconf 76' lang='lat' dir='ltr'><strong>quae</strong></span> <span class='ocrx_word' id='word_1_803' title='bbox 2952 3952 3308 4024; x_wconf 88' lang='lat' dir='ltr'><strong>respondeat,</strong></span> <span class='ocrx_word' id='word_1_804' title='bbox 3339 3951 3455 4013; x_wconf 88' lang='lat' dir='ltr'><strong>sed,</strong></span> <span class='ocrx_word' id='word_1_805' title='bbox 3478 3949 3655 4018; x_wconf 87' lang='lat' dir='ltr'><strong>Quan-</strong></span> 
     </span>
    </p>
   </div>
   <div class='ocr_carea' id='block_1_103' title="bbox 2072 4041 3654 4118">
    <p class='ocr_par' dir='ltr' id='par_1_103' title="bbox 2072 4041 3654 4118">
     <span class='ocr_line' id='line_1_103' title="bbox 2072 4041 3654 4118; baseline -0.003 -17"><span class='ocrx_word' id='word_1_806' title='bbox 2072 4056 2211 4113; x_wconf 91' lang='lat' dir='ltr'><strong>tam,</strong></span> <span class='ocrx_word' id='word_1_807' title='bbox 2244 4046 2445 4118; x_wconf 87' lang='lat' dir='ltr'><strong>inquit,</strong></span> <span class='ocrx_word' id='word_1_808' title='bbox 2481 4056 2632 4116; x_wconf 89' lang='lat' dir='ltr'><strong>potes</strong></span> <span class='ocrx_word' id='word_1_809' title='bbox 2677 4046 2854 4100; x_wconf 88' lang='lat' dir='ltr'><strong>anitno</strong></span> <span class='ocrx_word' id='word_1_810' title='bbox 2877 4042 3329 4115; x_wconf 89' lang='lat' dir='ltr'><strong>comprehendere</strong></span> <span class='ocrx_word' id='word_1_811' title='bbox 3358 4041 3654 4097; x_wconf 88' lang='lat' dir='ltr'><strong>multitudi-</strong></span> 
     </span>
    </p>
   </div>
   <div class='ocr_carea' id='block_1_104' title="bbox 2072 4125 3655 4209">
    <p class='ocr_par' dir='ltr' id='par_1_104' title="bbox 2072 4125 3655 4209">
     <span class='ocr_line' id='line_1_104' title="bbox 2072 4125 3655 4209; baseline -0.005 -15"><span class='ocrx_word' id='word_1_812' title='bbox 2072 4154 2194 4194; x_wconf 90' lang='lat' dir='ltr'><strong>nem</strong></span> <span class='ocrx_word' id='word_1_813' title='bbox 2224 4139 2339 4208; x_wconf 88' lang='lat' dir='ltr'><strong>ejus</strong></span> <span class='ocrx_word' id='word_1_814' title='bbox 2362 4136 2740 4209; x_wconf 89' lang='lat' dir='ltr'><strong>magnitudinis</strong></span> <span class='ocrx_word' id='word_1_815' title='bbox 2759 4178 2773 4202; x_wconf 92' lang='lat'><strong>,</strong></span> <span class='ocrx_word' id='word_1_816' title='bbox 2799 4125 2998 4191; x_wconf 85' lang='lat' dir='ltr'><strong>tantam</strong></span> <span class='ocrx_word' id='word_1_817' title='bbox 3027 4145 3081 4191; x_wconf 90' lang='lat' dir='ltr'><strong>et</strong></span> <span class='ocrx_word' id='word_1_818' title='bbox 3112 4136 3268 4190; x_wconf 89' lang='lat' dir='ltr'><strong>talem</strong></span> <span class='ocrx_word' id='word_1_819' title='bbox 3291 4133 3424 4190; x_wconf 83' lang='lat' dir='ltr'><strong>olIer</strong></span> <span class='ocrx_word' id='word_1_820' title='bbox 3453 4152 3465 4187; x_wconf 89' lang='lat'><strong>:</strong></span> <span class='ocrx_word' id='word_1_821' title='bbox 3490 4147 3655 4204; x_wconf 87' lang='lat' dir='ltr'><strong>quan-</strong></span> 
     </span>
    </p>
   </div>
   <div class='ocr_carea' id='block_1_105' title="bbox 2074 4225 3658 4300">
    <p class='ocr_par' dir='ltr' id='par_1_105' title="bbox 2074 4225 3658 4300">
     <span class='ocr_line' id='line_1_105' title="bbox 2074 4225 3658 4300; baseline -0.005 -14"><span class='ocrx_word' id='word_1_822' title='bbox 2074 4239 2183 4286; x_wconf 91' lang='lat' dir='ltr'><strong>tum</strong></span> <span class='ocrx_word' id='word_1_823' title='bbox 2218 4230 2311 4285; x_wconf 92' lang='lat' dir='ltr'><strong>tibi</strong></span> <span class='ocrx_word' id='word_1_824' title='bbox 2356 4230 2667 4286; x_wconf 88' lang='lat' dir='ltr'><strong>conceditur</strong></span> <span class='ocrx_word' id='word_1_825' title='bbox 2689 4268 2705 4294; x_wconf 90' lang='lat'><strong>,</strong></span> <span class='ocrx_word' id='word_1_826' title='bbox 2745 4228 2958 4300; x_wconf 83' lang='lat' dir='ltr'><strong>qualem</strong></span> <span class='ocrx_word' id='word_1_827' title='bbox 2987 4243 3080 4298; x_wconf 90' lang='lat' dir='ltr'><strong>par</strong></span> <span class='ocrx_word' id='word_1_828' title='bbox 3106 4235 3188 4282; x_wconf 86' lang='lat' dir='ltr'><strong>est</strong></span> <span class='ocrx_word' id='word_1_829' title='bbox 3228 4225 3423 4282; x_wconf 85' lang='lat' dir='ltr'><strong>oﬂ‘erre</strong></span> <span class='ocrx_word' id='word_1_830' title='bbox 3468 4237 3658 4294; x_wconf 82' lang='lat' dir='ltr'><strong>magno</strong></span> 
     </span>
    </p>
   </div>
   <div class='ocr_carea' id='block_1_106' title="bbox 2076 4317 3654 4392">
    <p class='ocr_par' dir='ltr' id='par_1_106' title="bbox 2076 4317 3654 4392">
     <span class='ocr_line' id='line_1_106' title="bbox 2076 4317 3654 4392; baseline -0.007 -13"><span class='ocrx_word' id='word_1_831' title='bbox 2076 4325 2188 4379; x_wconf 91' lang='lat' dir='ltr'><strong>Deo</strong></span> <span class='ocrx_word' id='word_1_832' title='bbox 2236 4331 2291 4378; x_wconf 89' lang='lat' dir='ltr'><strong>et</strong></span> <span class='ocrx_word' id='word_1_833' title='bbox 2336 4336 2497 4392; x_wconf 92' lang='lat' dir='ltr'><strong>supra</strong></span> <span class='ocrx_word' id='word_1_834' title='bbox 2543 4320 2758 4376; x_wconf 91' lang='lat' dir='ltr'><strong>modum</strong></span> <span class='ocrx_word' id='word_1_835' title='bbox 2804 4335 2996 4390; x_wconf 85' lang='lat' dir='ltr'><strong>magno</strong></span> <span class='ocrx_word' id='word_1_836' title='bbox 3035 4334 3157 4375; x_wconf 91' lang='lat' dir='ltr'><strong>eum</strong></span> <span class='ocrx_word' id='word_1_837' title='bbox 3201 4319 3290 4388; x_wconf 92' lang='lat' dir='ltr'><strong>qui</strong></span> <span class='ocrx_word' id='word_1_838' title='bbox 3340 4317 3501 4372; x_wconf 91' lang='lat' dir='ltr'><strong>homo</strong></span> <span class='ocrx_word' id='word_1_839' title='bbox 3526 4324 3654 4371; x_wconf 84' lang='lat' dir='ltr'><strong>cst:</strong></span> 
     </span>
    </p>
   </div>
   <div class='ocr_carea' id='block_1_107' title="bbox 2076 4406 3655 4483">
    <p class='ocr_par' dir='ltr' id='par_1_107' title="bbox 2076 4406 3655 4483">
     <span class='ocr_line' id='line_1_107' title="bbox 2076 4406 3655 4483; baseline -0.007 -13"><span class='ocrx_word' id='word_1_840' title='bbox 2076 4429 2236 4470; x_wconf 90' lang='lat' dir='ltr'><strong>nemo</strong></span> <span class='ocrx_word' id='word_1_841' title='bbox 2264 4415 2406 4470; x_wconf 89' lang='lat' dir='ltr'><strong>enim</strong></span> <span class='ocrx_word' id='word_1_842' title='bbox 2438 4422 2610 4483; x_wconf 89' lang='lat' dir='ltr'><strong>potest</strong></span> <span class='ocrx_word' id='word_1_843' title='bbox 2635 4412 2847 4483; x_wconf 85' lang='lat' dir='ltr'><strong>dignam</strong></span> <span class='ocrx_word' id='word_1_844' title='bbox 2877 4409 3093 4466; x_wconf 79' lang='lat' dir='ltr'><strong>oil‘erre.</strong></span> <span class='ocrx_word' id='word_1_845' title='bbox 3123 4408 3309 4464; x_wconf 83' lang='lat' dir='ltr'><strong>Vidisti</strong></span> <span class='ocrx_word' id='word_1_846' title='bbox 3334 4406 3655 4462; x_wconf 89' lang='lat' dir='ltr'><strong>desiderium</strong></span> 
     </span>
    </p>
   </div>
   <div class='ocr_carea' id='block_1_108' title="bbox 2076 4498 3657 4570">
    <p class='ocr_par' dir='ltr' id='par_1_108' title="bbox 2076 4498 3657 4570">
     <span class='ocr_line' id='line_1_108' title="bbox 2076 4498 3657 4570; baseline -0.004 -10"><span class='ocrx_word' id='word_1_847' title='bbox 2076 4505 2282 4561; x_wconf 87' lang='lat' dir='ltr'><strong>animi?</strong></span> <span class='ocrx_word' id='word_1_848' title='bbox 2310 4505 2487 4560; x_wconf 87' lang='lat' dir='ltr'><strong>vidisti</strong></span> <span class='ocrx_word' id='word_1_849' title='bbox 2521 4503 2901 4558; x_wconf 82' lang='lat' dir='ltr'><strong>inﬂammatam</strong></span> <span class='ocrx_word' id='word_1_850' title='bbox 2935 4510 3190 4567; x_wconf 89' lang='lat' dir='ltr'><strong>mentem,</strong></span> <span class='ocrx_word' id='word_1_851' title='bbox 3219 4516 3337 4570; x_wconf 72' lang='lat' dir='ltr'><strong>qua:</strong></span> <span class='ocrx_word' id='word_1_852' title='bbox 3367 4508 3536 4570; x_wconf 84' lang='lat' dir='ltr'><strong>urget,</strong></span> <span class='ocrx_word' id='word_1_853' title='bbox 3572 4498 3657 4553; x_wconf 87' lang='lat' dir='ltr'><strong>in—</strong></span> 
     </span>
    </p>
   </div>
   <div class='ocr_carea' id='block_1_109' title="bbox 2076 4592 3649 4666">
    <p class='ocr_par' dir='ltr' id='par_1_109' title="bbox 2076 4592 3649 4666">
     <span class='ocr_line' id='line_1_109' title="bbox 2076 4592 3649 4666; baseline -0.004 -15"><span class='ocrx_word' id='word_1_854' title='bbox 2076 4598 2208 4652; x_wconf 85' lang='lat' dir='ltr'><strong>vitat</strong></span> <span class='ocrx_word' id='word_1_855' title='bbox 2234 4638 2250 4664; x_wconf 93' lang='lat'><strong>,</strong></span> <span class='ocrx_word' id='word_1_856' title='bbox 2281 4606 2336 4652; x_wconf 90' lang='lat' dir='ltr'><strong>et</strong></span> <span class='ocrx_word' id='word_1_857' title='bbox 2360 4595 2651 4658; x_wconf 88' lang='lat' dir='ltr'><strong>contendit,</strong></span> <span class='ocrx_word' id='word_1_858' title='bbox 2674 4604 2733 4650; x_wconf 91' lang='lat' dir='ltr'><strong>ut</strong></span> <span class='ocrx_word' id='word_1_859' title='bbox 2760 4605 2813 4650; x_wconf 91' lang='lat' dir='ltr'><strong>et</strong></span> <span class='ocrx_word' id='word_1_860' title='bbox 2832 4594 3101 4666; x_wconf 87' lang='lat' dir='ltr'><strong>propriam</strong></span> <span class='ocrx_word' id='word_1_861' title='bbox 3123 4592 3537 4649; x_wconf 87' lang='lat' dir='ltr'><strong>imbecillitatem</strong></span> <span class='ocrx_word' id='word_1_862' title='bbox 3566 4605 3649 4645; x_wconf 90' lang='lat' dir='ltr'><strong>su-</strong></span> 
     </span>
    </p>
   </div>
   <div class='ocr_carea' id='block_1_110' title="bbox 2075 4682 3659 4760">
    <p class='ocr_par' dir='ltr' id='par_1_110' title="bbox 2075 4682 3659 4760">
     <span class='ocr_line' id='line_1_110' title="bbox 2075 4682 3659 4760; baseline -0.005 -16"><span class='ocrx_word' id='word_1_863' title='bbox 2075 4698 2251 4760; x_wconf 88' lang='lat' dir='ltr'><strong>peret,</strong></span> <span class='ocrx_word' id='word_1_864' title='bbox 2280 4697 2335 4743; x_wconf 90' lang='lat' dir='ltr'><strong>et</strong></span> <span class='ocrx_word' id='word_1_865' title='bbox 2357 4688 2422 4742; x_wconf 87' lang='lat' dir='ltr'><strong>ad</strong></span> <span class='ocrx_word' id='word_1_866' title='bbox 2449 4688 2618 4758; x_wconf 88' lang='lat' dir='ltr'><strong>ipsum</strong></span> <span class='ocrx_word' id='word_1_867' title='bbox 2648 4687 2900 4755; x_wconf 82' lang='lat' dir='ltr'><strong>deinceps</strong></span> <span class='ocrx_word' id='word_1_868' title='bbox 2927 4685 3114 4740; x_wconf 78' lang='lat' dir='ltr'><strong>cat-lum</strong></span> <span class='ocrx_word' id='word_1_869' title='bbox 3160 4684 3358 4747; x_wconf 85' lang='lat' dir='ltr'><strong>evolet,</strong></span> <span class='ocrx_word' id='word_1_870' title='bbox 3388 4698 3504 4753; x_wconf 86' lang='lat' dir='ltr'><strong>quae</strong></span> <span class='ocrx_word' id='word_1_871' title='bbox 3554 4682 3659 4736; x_wconf 91' lang='lat' dir='ltr'><strong>Deo</strong></span> 
     </span>
    </p>
   </div>
   <div class='ocr_carea' id='block_1_111' title="bbox 2077 4773 3656 4852">
    <p class='ocr_par' dir='ltr' id='par_1_111' title="bbox 2077 4773 3656 4852">
     <span class='ocr_line' id='line_1_111' title="bbox 2077 4773 3656 4852; baseline -0.005 -17"><span class='ocrx_word' id='word_1_872' title='bbox 2077 4791 2161 4835; x_wconf 88' lang='lat' dir='ltr'><strong>est</strong></span> <span class='ocrx_word' id='word_1_873' title='bbox 2185 4781 2432 4852; x_wconf 86' lang='lat' dir='ltr'><strong>colligata</strong></span> <span class='ocrx_word' id='word_1_874' title='bbox 2455 4821 2470 4846; x_wconf 95' lang='lat'><strong>,</strong></span> <span class='ocrx_word' id='word_1_875' title='bbox 2502 4789 2556 4834; x_wconf 88' lang='lat' dir='ltr'><strong>et</strong></span> <span class='ocrx_word' id='word_1_876' title='bbox 2581 4780 2630 4835; x_wconf 89' lang='lat' dir='ltr'><strong>ei</strong></span> <span class='ocrx_word' id='word_1_877' title='bbox 2660 4794 2855 4849; x_wconf 85' lang='lat' dir='ltr'><strong>magno</strong></span> <span class='ocrx_word' id='word_1_878' title='bbox 2876 4777 3142 4832; x_wconf 87' lang='lat' dir='ltr'><strong>desiderio</strong></span> <span class='ocrx_word' id='word_1_879' title='bbox 3179 4775 3412 4831; x_wconf 85' lang='lat' dir='ltr'><strong>addicta?</strong></span> <span class='ocrx_word' id='word_1_880' title='bbox 3435 4776 3489 4831; x_wconf 74' lang='grc'><strong>4.</strong></span> <span class='ocrx_word' id='word_1_881' title='bbox 3520 4773 3656 4828; x_wconf 89' lang='lat' dir='ltr'><strong>Lau-</strong></span> 
     </span>
    </p>
   </div>
   <div class='ocr_carea' id='block_1_112' title="bbox 2077 4866 3657 4935">
    <p class='ocr_par' dir='ltr' id='par_1_112' title="bbox 2077 4866 3657 4935">
     <span class='ocr_line' id='line_1_112' title="bbox 2077 4866 3657 4935; baseline -0.006 -8"><span class='ocrx_word' id='word_1_882' title='bbox 2077 4873 2195 4927; x_wconf 88' lang='lat' dir='ltr'><strong>date</strong></span> <span class='ocrx_word' id='word_1_883' title='bbox 2218 4890 2334 4927; x_wconf 89' lang='lat' dir='ltr'><strong>eum</strong></span> <span class='ocrx_word' id='word_1_884' title='bbox 2357 4873 2409 4925; x_wconf 86' lang='lat' dir='ltr'><strong>in</strong></span> <span class='ocrx_word' id='word_1_885' title='bbox 2435 4888 2558 4925; x_wconf 86' lang='lat' dir='ltr'><strong>sono</strong></span> <span class='ocrx_word' id='word_1_886' title='bbox 2588 4871 2737 4925; x_wconf 66' lang='lat' dir='ltr'><strong>tuba’.</strong></span> <span class='ocrx_word' id='word_1_887' title='bbox 2764 4870 2940 4935; x_wconf 80' lang='lat' dir='ltr'><strong>Alius,</strong></span> <span class='ocrx_word' id='word_1_888' title='bbox 2978 4869 3078 4922; x_wconf 86' lang='lat' dir='ltr'><strong>Per</strong></span> <span class='ocrx_word' id='word_1_889' title='bbox 3102 4885 3280 4923; x_wconf 88' lang='lat' dir='ltr'><strong>sonum</strong></span> <span class='ocrx_word' id='word_1_890' title='bbox 3322 4883 3519 4921; x_wconf 79' lang='lat' dir='ltr'><strong>cornea:</strong></span> <span class='ocrx_word' id='word_1_891' title='bbox 3564 4866 3657 4935; x_wconf 90' lang='lat' dir='ltr'><strong>(c).</strong></span> 
     </span>
    </p>
   </div>
   <div class='ocr_carea' id='block_1_113' title="bbox 2078 4957 3645 5030">
    <p class='ocr_par' dir='ltr' id='par_1_113' title="bbox 2078 4957 3645 5030">
     <span class='ocr_line' id='line_1_113' title="bbox 2078 4957 3645 5030; baseline -0.006 -11"><span class='ocrx_word' id='word_1_892' title='bbox 2078 4964 2311 5020; x_wconf 84' lang='lat' dir='ltr'><strong>Laudale</strong></span> <span class='ocrx_word' id='word_1_893' title='bbox 2349 4980 2461 5018; x_wconf 83' lang='lat' dir='ltr'><strong>eum</strong></span> <span class='ocrx_word' id='word_1_894' title='bbox 2510 4964 2563 5016; x_wconf 89' lang='lat' dir='ltr'><strong>in</strong></span> <span class='ocrx_word' id='word_1_895' title='bbox 2594 4964 2832 5030; x_wconf 82' lang='lat' dir='ltr'><strong>psalterio</strong></span> <span class='ocrx_word' id='word_1_896' title='bbox 2880 4973 2927 5015; x_wconf 88' lang='lat' dir='ltr'><strong>et</strong></span> <span class='ocrx_word' id='word_1_897' title='bbox 2974 4961 3191 5015; x_wconf 84' lang='lat' dir='ltr'><strong>cithara.</strong></span> <span class='ocrx_word' id='word_1_898' title='bbox 3222 4961 3404 5025; x_wconf 90' lang='lat' dir='ltr'><strong>Alius,</strong></span> <span class='ocrx_word' id='word_1_899' title='bbox 3436 4957 3541 5013; x_wconf 85' lang='lat' dir='ltr'><strong>Per</strong></span> <span class='ocrx_word' id='word_1_900' title='bbox 3581 4975 3645 5011; x_wconf 88' lang='lat' dir='ltr'><strong>na</strong></span> 
     </span>
    </p>
   </div>
   <div class='ocr_carea' id='block_1_114' title="bbox 2079 5051 3661 5128">
    <p class='ocr_par' dir='ltr' id='par_1_114' title="bbox 2079 5051 3661 5128">
     <span class='ocr_line' id='line_1_114' title="bbox 2079 5051 3661 5128; baseline -0.006 -15"><span class='ocrx_word' id='word_1_901' title='bbox 2079 5057 2220 5113; x_wconf 81' lang='lat' dir='ltr'><strong>blant</strong></span> <span class='ocrx_word' id='word_1_902' title='bbox 2253 5058 2502 5128; x_wconf 86' lang='lat' dir='ltr'><strong>etlgram.</strong></span> <span class='ocrx_word' id='word_1_903' title='bbox 2527 5059 2579 5112; x_wconf 87' lang='grc'>5.</span> <span class='ocrx_word' id='word_1_904' title='bbox 2615 5054 2846 5109; x_wconf 83' lang='lat' dir='ltr'><strong>Laudatc</strong></span> <span class='ocrx_word' id='word_1_905' title='bbox 2874 5071 2988 5109; x_wconf 89' lang='lat' dir='ltr'><strong>eum</strong></span> <span class='ocrx_word' id='word_1_906' title='bbox 3026 5055 3078 5107; x_wconf 89' lang='lat' dir='ltr'><strong>in</strong></span> <span class='ocrx_word' id='word_1_907' title='bbox 3107 5063 3348 5125; x_wconf 81' lang='lat' dir='ltr'><strong>tympano</strong></span> <span class='ocrx_word' id='word_1_908' title='bbox 3387 5064 3434 5105; x_wconf 85' lang='lat' dir='ltr'><strong>et</strong></span> <span class='ocrx_word' id='word_1_909' title='bbox 3472 5051 3661 5111; x_wconf 83' lang='lat' dir='ltr'><strong>choro;</strong></span> 
     </span>
    </p>
   </div>
   <div class='ocr_carea' id='block_1_115' title="bbox 2081 5141 3661 5215">
    <p class='ocr_par' dir='ltr' id='par_1_115' title="bbox 2081 5141 3661 5215">
     <span class='ocr_line' id='line_1_115' title="bbox 2081 5141 3661 5215; baseline -0.007 -11"><span class='ocrx_word' id='word_1_910' title='bbox 2081 5150 2287 5205; x_wconf 90' lang='lat' dir='ltr'><strong>laudate</strong></span> <span class='ocrx_word' id='word_1_911' title='bbox 2312 5165 2423 5203; x_wconf 90' lang='lat' dir='ltr'><strong>eum</strong></span> <span class='ocrx_word' id='word_1_912' title='bbox 2450 5149 2503 5202; x_wconf 88' lang='lat' dir='ltr'><strong>in</strong></span> <span class='ocrx_word' id='word_1_913' title='bbox 2516 5147 2718 5201; x_wconf 82' lang='lat' dir='ltr'><strong>chordis</strong></span> <span class='ocrx_word' id='word_1_914' title='bbox 2740 5156 2786 5200; x_wconf 89' lang='lat' dir='ltr'><strong>et</strong></span> <span class='ocrx_word' id='word_1_915' title='bbox 2811 5162 3024 5215; x_wconf 86' lang='lat' dir='ltr'><strong>organo.</strong></span> <span class='ocrx_word' id='word_1_916' title='bbox 3054 5146 3221 5206; x_wconf 81' lang='lat' dir='ltr'><strong>Alius.</strong></span> <span class='ocrx_word' id='word_1_917' title='bbox 3254 5141 3356 5198; x_wconf 87' lang='lat' dir='ltr'><strong>Per</strong></span> <span class='ocrx_word' id='word_1_918' title='bbox 3383 5142 3597 5197; x_wconf 84' lang='lat' dir='ltr'><strong>chordas</strong></span> <span class='ocrx_word' id='word_1_919' title='bbox 3620 5152 3661 5193; x_wconf 68' lang='grc' dir='ltr'>ιιι</span> 
     </span>
    </p>
   </div>
   <div class='ocr_carea' id='block_1_116' title="bbox 2081 5234 3658 5308">
    <p class='ocr_par' dir='ltr' id='par_1_116' title="bbox 2081 5234 3658 5308">
     <span class='ocr_line' id='line_1_116' title="bbox 2081 5234 3658 5308; baseline -0.006 -13"><span class='ocrx_word' id='word_1_920' title='bbox 2081 5241 2348 5296; x_wconf 86' lang='lat' dir='ltr'><strong>citharam.</strong></span> <span class='ocrx_word' id='word_1_921' title='bbox 2381 5240 2435 5295; x_wconf 90' lang='lat'><strong>6.</strong></span> <span class='ocrx_word' id='word_1_922' title='bbox 2468 5238 2699 5293; x_wconf 87' lang='lat' dir='ltr'><strong>Laudate</strong></span> <span class='ocrx_word' id='word_1_923' title='bbox 2723 5255 2838 5293; x_wconf 88' lang='lat' dir='ltr'><strong>eum</strong></span> <span class='ocrx_word' id='word_1_924' title='bbox 2862 5240 2915 5291; x_wconf 89' lang='lat' dir='ltr'><strong>in</strong></span> <span class='ocrx_word' id='word_1_925' title='bbox 2935 5235 3178 5308; x_wconf 85' lang='lat' dir='ltr'><strong>cymbalis</strong></span> <span class='ocrx_word' id='word_1_926' title='bbox 3201 5237 3323 5290; x_wconf 87' lang='lat' dir='ltr'><strong>bene</strong></span> <span class='ocrx_word' id='word_1_927' title='bbox 3344 5234 3658 5298; x_wconf 84' lang='lat' dir='ltr'><strong>sonantibus;</strong></span> 
     </span>
    </p>
   </div>
   <div class='ocr_carea' id='block_1_117' title="bbox 2145 5345 3659 5448">
    <p class='ocr_par' dir='ltr' id='par_1_117' title="bbox 2145 5345 3659 5448">
     <span class='ocr_line' id='line_1_117' title="bbox 2145 5345 3659 5448; baseline -0.007 -43"><span class='ocrx_word' id='word_1_928' title='bbox 2145 5355 2219 5448; x_wconf 49' lang='lat' dir='ltr'><strong>tu?</strong></span> <span class='ocrx_word' id='word_1_929' title='bbox 2255 5355 2386 5405; x_wconf 86' lang='lat' dir='ltr'><strong>Prior</strong></span> <span class='ocrx_word' id='word_1_930' title='bbox 2408 5352 2749 5415; x_wconf 86' lang='lat' dir='ltr'><strong>interpretatio</strong></span> <span class='ocrx_word' id='word_1_931' title='bbox 2774 5357 2852 5422; x_wconf 78' lang='lat' dir='ltr'><strong>est</strong></span> <span class='ocrx_word' id='word_1_932' title='bbox 2871 5349 3168 5448; x_wconf 59' lang='lat' dir='ltr'><strong>Symmachi,</strong></span> <span class='ocrx_word' id='word_1_933' title='bbox 3186 5345 3428 5421; x_wconf 82' lang='lat' dir='ltr'><strong>posterior</strong></span> <span class='ocrx_word' id='word_1_934' title='bbox 3457 5345 3659 5411; x_wconf 65' lang='lat' dir='ltr'><strong>Aquilae.</strong></span> 
     </span>
     <span class='ocr_line' id='line_1_118' title="bbox 2168 5410 3398 5448; baseline 0 0"><span class='ocrx_word' id='word_1_935' title='bbox 2168 5418 2195 5448; x_wconf 81' lang='grc' dir='ltr'><strong>Ι.</strong></span> <span class='ocrx_word' id='word_1_936' title='bbox 2249 5416 2482 5448; x_wconf 74' lang='lat' dir='ltr'><strong>unhmino</strong></span> <span class='ocrx_word' id='word_1_937' title='bbox 2514 5420 2679 5448; x_wconf 62' lang='lat' dir='ltr'><strong>inn-nn</strong></span> <span class='ocrx_word' id='word_1_938' title='bbox 2691 5420 2747 5448; x_wconf 63' lang='grc' dir='ltr'><strong>-ιη</strong></span> <span class='ocrx_word' id='word_1_939' title='bbox 2822 5426 2872 5448; x_wconf 80' lang='lat' dir='ltr'><strong>m</strong></span> <span class='ocrx_word' id='word_1_940' title='bbox 2918 5410 3255 5448; x_wconf 76' lang='lat' dir='ltr'><strong>nrnrmhmhmt</strong></span> <span class='ocrx_word' id='word_1_941' title='bbox 3277 5423 3398 5448; x_wconf 61' lang='lat' dir='ltr'><strong>nam-</strong></span> 
     </span>
    </p>
   </div>
   <div class='ocr_carea' id='block_1_118' title="bbox 2146 5364 3399 5480">
    <p class='ocr_par' dir='ltr' id='par_1_118' title="bbox 2146 5364 3399 5480">
     <span class='ocr_line' id='line_1_119' title="bbox 2146 5364 3399 5478; baseline -0.006 -73"><span class='ocrx_word' id='word_1_942' title='bbox 2146 5364 2219 5478; x_wconf 51' lang='lat' dir='ltr'><strong>tu;</strong></span> <span class='ocrx_word' id='word_1_943' title='bbox 2255 5364 2386 5405; x_wconf 79' lang='lat' dir='ltr'><strong>mor</strong></span> <span class='ocrx_word' id='word_1_944' title='bbox 2408 5364 2749 5415; x_wconf 78' lang='lat' dir='ltr'><strong>interpretatio</strong></span> <span class='ocrx_word' id='word_1_945' title='bbox 2774 5364 2852 5422; x_wconf 75' lang='lat' dir='ltr'><strong>est</strong></span> <span class='ocrx_word' id='word_1_946' title='bbox 2871 5364 3168 5475; x_wconf 54' lang='grc' dir='ltr'><strong>εἶῐιιιῃειειῃἸ</strong></span> <span class='ocrx_word' id='word_1_947' title='bbox 3186 5364 3399 5421; x_wconf 79' lang='lat' dir='ltr'><strong>posteno</strong></span> 
     </span>
     <span class='ocr_line' id='line_1_120' title="bbox 2146 5410 3399 5480; baseline -0.008 -12"><span class='ocrx_word' id='word_1_948' title='bbox 2146 5418 2195 5480; x_wconf 50' lang='lat' dir='ltr'><strong>tb</strong></span> <span class='ocrx_word' id='word_1_949' title='bbox 2249 5416 2483 5467; x_wconf 82' lang='lat' dir='ltr'><strong>Hebraice</strong></span> <span class='ocrx_word' id='word_1_950' title='bbox 2514 5420 2753 5471; x_wconf 60' lang='lat' dir='ltr'><strong>amna:</strong></span> <span class='ocrx_word' id='word_1_951' title='bbox 2773 5455 2788 5479; x_wconf 94' lang='lat'><strong>,</strong></span> <span class='ocrx_word' id='word_1_952' title='bbox 2822 5426 2875 5463; x_wconf 83' lang='lat' dir='ltr'><strong>nt</strong></span> <span class='ocrx_word' id='word_1_953' title='bbox 2917 5410 3255 5463; x_wconf 78' lang='lat' dir='ltr'><strong>ortttudnnbus</strong></span> <span class='ocrx_word' id='word_1_954' title='bbox 3277 5423 3399 5465; x_wconf 68' lang='lat' dir='ltr'><strong>eius.</strong></span> 
     </span>
    </p>
   </div>
   <div class='ocr_carea' id='block_1_119' title="bbox 2147 5477 3663 5551">
    <p class='ocr_par' dir='ltr' id='par_1_119' title="bbox 2147 5477 3663 5551">
     <span class='ocr_line' id='line_1_121' title="bbox 2147 5477 3663 5551; baseline -0.007 -13"><span class='ocrx_word' id='word_1_955' title='bbox 2147 5477 2218 5551; x_wconf 82' lang='grc' dir='ltr'><strong>(ε)</strong></span> <span class='ocrx_word' id='word_1_956' title='bbox 2252 5486 2722 5551; x_wconf 20' lang='grc' dir='ltr'>Ηωεᾼὶιιιειθριιειειίο</span> <span class='ocrx_word' id='word_1_957' title='bbox 2745 5477 3135 5551; x_wconf 73' lang='lat' dir='ltr'><strong>est_sytnmachi._</strong></span> <span class='ocrx_word' id='word_1_958' title='bbox 3162 5483 3246 5531; x_wconf 79' lang='lat' dir='ltr'><strong>Hic</strong></span> <span class='ocrx_word' id='word_1_959' title='bbox 3276 5488 3446 5551; x_wconf 79' lang='lat' dir='ltr'><strong>textus</strong></span> <span class='ocrx_word' id='word_1_960' title='bbox 3464 5477 3663 5551; x_wconf 68' lang='lat' dir='ltr'><strong>deiicie-</strong></span> 
     </span>
    </p>
   </div>
   <div class='ocr_carea' id='block_1_120' title="bbox 2084 5540 3663 5607">
    <p class='ocr_par' dir='ltr' id='par_1_120' title="bbox 2084 5540 3663 5607">
     <span class='ocr_line' id='line_1_122' title="bbox 2084 5540 3663 5607; baseline -0.008 -6"><span class='ocrx_word' id='word_1_961' title='bbox 2084 5540 2167 5601; x_wconf 72' lang='lat' dir='ltr'><strong>bat</strong></span> <span class='ocrx_word' id='word_1_962' title='bbox 2189 5540 2238 5601; x_wconf 62' lang='lat' dir='ltr'><strong>i&#39;u</strong></span> <span class='ocrx_word' id='word_1_963' title='bbox 2264 5548 2403 5599; x_wconf 70' lang='lat' dir='ltr'><strong>Savil.</strong></span> <span class='ocrx_word' id='word_1_964' title='bbox 2432 5556 2483 5597; x_wconf 87' lang='lat' dir='ltr'><strong>et</strong></span> <span class='ocrx_word' id='word_1_965' title='bbox 2506 5540 2688 5607; x_wconf 63' lang='lat' dir='ltr'><strong>itorel.,</strong></span> <span class='ocrx_word' id='word_1_966' title='bbox 2713 5548 2796 5595; x_wconf 90' lang='lat' dir='ltr'><strong>ubi</strong></span> <span class='ocrx_word' id='word_1_967' title='bbox 2831 5540 2950 5595; x_wconf 81' lang='lat' dir='ltr'><strong>illud</strong></span> <span class='ocrx_word' id='word_1_968' title='bbox 2969 5578 2987 5600; x_wconf 87' lang='lat'><strong>.</strong></span> <span class='ocrx_word' id='word_1_969' title='bbox 3005 5543 3214 5594; x_wconf 77' lang='lat' dir='ltr'><strong>Laudato</strong></span> <span class='ocrx_word' id='word_1_970' title='bbox 3233 5556 3345 5607; x_wconf 82' lang='lat' dir='ltr'><strong>eum</strong></span> <span class='ocrx_word' id='word_1_971' title='bbox 3366 5543 3414 5591; x_wconf 85' lang='lat' dir='ltr'><strong>in</strong></span> <span class='ocrx_word' id='word_1_972' title='bbox 3439 5540 3663 5607; x_wconf 71' lang='lat' dir='ltr'><strong>psalterio</strong></span> 
     </span>
    </p>
   </div>
   <div class='ocr_carea' id='block_1_121' title="bbox 2082 5601 3663 5669">
    <p class='ocr_par' dir='ltr' id='par_1_121' title="bbox 2082 5601 3663 5669">
     <span class='ocr_line' id='line_1_123' title="bbox 2082 5601 3663 5669; baseline -0.009 -5"><span class='ocrx_word' id='word_1_973' title='bbox 2082 5619 2128 5664; x_wconf 89' lang='lat' dir='ltr'><strong>et</strong></span> <span class='ocrx_word' id='word_1_974' title='bbox 2149 5613 2364 5669; x_wconf 78' lang='lat' dir='ltr'><strong>cithara,</strong></span> <span class='ocrx_word' id='word_1_975' title='bbox 2395 5601 2767 5660; x_wconf 79' lang='lat' dir='ltr'><strong>desiderabatur</strong></span> <span class='ocrx_word' id='word_1_976' title='bbox 2800 5621 2813 5657; x_wconf 90' lang='lat'><strong>:</strong></span> <span class='ocrx_word' id='word_1_977' title='bbox 2841 5609 2906 5657; x_wconf 86' lang='lat' dir='ltr'><strong>ita</strong></span> <span class='ocrx_word' id='word_1_978' title='bbox 2929 5612 2986 5656; x_wconf 86' lang='lat' dir='ltr'><strong>ut</strong></span> <span class='ocrx_word' id='word_1_979' title='bbox 3004 5618 3222 5669; x_wconf 88' lang='lat' dir='ltr'><strong>sequens</strong></span> <span class='ocrx_word' id='word_1_980' title='bbox 3245 5601 3583 5669; x_wconf 75' lang='lat' dir='ltr'><strong>interpretatio</strong></span> <span class='ocrx_word' id='word_1_981' title='bbox 3602 5601 3663 5651; x_wconf 81' lang='lat' dir='ltr'><strong>ad</strong></span> 
     </span>
    </p>
   </div>
   <div class='ocr_carea' id='block_1_122' title="bbox 2106 5664 3660 5736">
    <p class='ocr_par' dir='ltr' id='par_1_122' title="bbox 2106 5664 3660 5736">
     <span class='ocr_line' id='line_1_124' title="bbox 2106 5664 3660 5736; baseline -0.008 -15"><span class='ocrx_word' id='word_1_982' title='bbox 2106 5678 2296 5723; x_wconf 69' lang='lat' dir='ltr'><strong>iriorem</strong></span> <span class='ocrx_word' id='word_1_983' title='bbox 2328 5664 2516 5736; x_wconf 81' lang='lat' dir='ltr'><strong>partem</strong></span> <span class='ocrx_word' id='word_1_984' title='bbox 2549 5671 2776 5736; x_wconf 78' lang='lat' dir='ltr'><strong>versiculi</strong></span> <span class='ocrx_word' id='word_1_985' title='bbox 2811 5664 3358 5736; x_wconf 32' lang='lat' dir='ltr'><strong>pertinerefperperam</strong></span> <span class='ocrx_word' id='word_1_986' title='bbox 3378 5664 3660 5736; x_wconf 26' lang='lat' dir='ltr'><strong>ivideretur.</strong></span> 
     </span>
    </p>
   </div>
   <div class='ocr_carea' id='block_1_123' title="bbox 2083 5690 3666 5795">
    <p class='ocr_par' dir='ltr' id='par_1_123' title="bbox 2083 5690 3666 5795">
     <span class='ocr_line' id='line_1_125' title="bbox 2106 5690 3660 5736; baseline -0.007 -15"><span class='ocrx_word' id='word_1_987' title='bbox 2106 5690 2296 5723; x_wconf 77' lang='lat' dir='ltr'><strong>morem</strong></span> <span class='ocrx_word' id='word_1_988' title='bbox 2328 5690 2516 5736; x_wconf 79' lang='lat' dir='ltr'><strong>partem</strong></span> <span class='ocrx_word' id='word_1_989' title='bbox 2549 5690 2776 5721; x_wconf 70' lang='lat' dir='ltr'><strong>VCI‘SICUII</strong></span> <span class='ocrx_word' id='word_1_990' title='bbox 2830 5690 3064 5718; x_wconf 71' lang='lat' dir='ltr'><strong>teruucrc</strong></span> <span class='ocrx_word' id='word_1_991' title='bbox 3103 5690 3358 5729; x_wconf 70' lang='lat' dir='ltr'><strong>perperam</strong></span> <span class='ocrx_word' id='word_1_992' title='bbox 3398 5690 3660 5715; x_wconf 66' lang='lat' dir='ltr'><strong>ﬂuctum.</strong></span> 
     </span>
     <span class='ocr_line' id='line_1_126' title="bbox 2083 5690 3666 5795; baseline -0.012 -6"><span class='ocrx_word' id='word_1_993' title='bbox 2083 5690 2209 5789; x_wconf 61' lang='lat' dir='ltr'><strong>illud</strong></span> <span class='ocrx_word' id='word_1_994' title='bbox 2226 5748 2394 5793; x_wconf 85' lang='lat' dir='ltr'><strong>unum,</strong></span> <span class='ocrx_word' id='word_1_995' title='bbox 2412 5744 2504 5784; x_wconf 73' lang='lat' dir='ltr'><strong>Per</strong></span> <span class='ocrx_word' id='word_1_996' title='bbox 2526 5733 2777 5783; x_wconf 86' lang='lat' dir='ltr'><strong>nabtumet</strong></span> <span class='ocrx_word' id='word_1_997' title='bbox 2801 5690 2978 5795; x_wconf 57' lang='lat' dir='ltr'><strong>lyram.</strong></span> <span class='ocrx_word' id='word_1_998' title='bbox 3001 5732 3139 5795; x_wconf 78' lang='lat' dir='ltr'><strong>cujus</strong></span> <span class='ocrx_word' id='word_1_999' title='bbox 3149 5729 3436 5795; x_wconf 74' lang='lat' dir='ltr'><strong>interpretis</strong></span> <span class='ocrx_word' id='word_1_1000' title='bbox 3455 5732 3666 5795; x_wconf 75' lang='lat' dir='ltr'><strong>sttiguo-</strong></span> 
     </span>
    </p>
   </div>
   <div class='ocr_carea' id='block_1_124' title="bbox 2086 5787 3661 5859">
    <p class='ocr_par' dir='ltr' id='par_1_124' title="bbox 2086 5787 3661 5859">
     <span class='ocr_line' id='line_1_127' title="bbox 2086 5787 3661 5859; baseline -0.008 -10"><span class='ocrx_word' id='word_1_1001' title='bbox 2086 5787 2236 5849; x_wconf 73' lang='lat' dir='ltr'><strong>ratur.</strong></span> <span class='ocrx_word' id='word_1_1002' title='bbox 2259 5787 2462 5849; x_wconf 81' lang='lat' dir='ltr'><strong>Perinde</strong></span> <span class='ocrx_word' id='word_1_1003' title='bbox 2489 5798 2701 5847; x_wconf 83' lang='lat' dir='ltr'><strong>uescitur</strong></span> <span class='ocrx_word' id='word_1_1004' title='bbox 2723 5787 2860 5859; x_wconf 79' lang='lat' dir='ltr'><strong>cujus</strong></span> <span class='ocrx_word' id='word_1_1005' title='bbox 2883 5796 2978 5845; x_wconf 85' lang='lat' dir='ltr'><strong>siut</strong></span> <span class='ocrx_word' id='word_1_1006' title='bbox 2996 5787 3092 5855; x_wconf 77' lang='lat' dir='ltr'><strong>illa,</strong></span> <span class='ocrx_word' id='word_1_1007' title='bbox 3108 5794 3160 5845; x_wconf 87' lang='lat' dir='ltr'><strong>in</strong></span> <span class='ocrx_word' id='word_1_1008' title='bbox 3176 5787 3373 5843; x_wconf 72' lang='lat' dir='ltr'><strong>chordis</strong></span> <span class='ocrx_word' id='word_1_1009' title='bbox 3389 5796 3435 5840; x_wconf 87' lang='lat' dir='ltr'><strong>et</strong></span> <span class='ocrx_word' id='word_1_1010' title='bbox 3457 5787 3661 5840; x_wconf 83' lang='lat' dir='ltr'><strong>cithara.</strong></span> 
     </span>
    </p>
   </div>
  </div>
