4070 6340
330 292 433 349 ωδ

321 409 718 482 ἐργασάμενος.
758 407 867 463 Kal
910 407 1381 478 ἀγαλλιάσονται
1413 404 1512 459 ἐπὶ
1541 404 1661 458 τῶν
1689 399 1905 457 κοιτὼν

320 499 540 554 αὐτῶν.
568 499 775 571 Πολλὴν
809 498 1050 553 δείκνυσι
1072 493 1170 566 τὴν
1198 498 1403 563 ἄδειαν,
1433 495 1491 561 ἐξ
1520 490 1595 549 ὧν
1616 493 1787 557 οὕτως
1809 495 1907 549 έπ-

320 591 520 658 ήγαγε,
556 586 759 657 πολλὴν
801 585 900 657 τὴν
931 585 1137 648 ἄνεσιν,
1173 584 1374 656 πολλὴν
1411 584 1512 656 τὴν
1544 580 1903 655 εὐφροσύνην,

322 673 524 746 πολλὴν
549 673 648 746 τὴν
678 674 896 745 ἡδονήν.
936 674 1123 729 Ταῦτα
1141 673 1199 727 δὲ
1219 673 1389 741 λέγει,
1417 672 1558 726 ῶστε
1579 672 1773 726 εἰδέναι
1808 670 1907 724 αὐ-

320 767 469 827 τοὺς,
523 764 606 819 ὅτι
653 765 756 820 οὐκ
792 764 1014 827 οἰκείοις
1041 763 1245 829 ὅπλοις,
1283 763 1406 817 οὐδὲ
1446 762 1621 834 οἰκείᾳ
1653 761 1903 832 δυνάμει,

323 851 458 906 ἀλλά
483 854 548 924 τῇ
581 852 675 907 τοῦ
705 852 839 907 Θεοῦ
862 854 1000 924 ῥοπῇ
1030 851 1093 905 τὸ
1123 854 1232 905 πᾶν
1264 851 1475 921 γέγονε,
1514 851 1606 905 καὶ
1650 852 1732 903 ὅτι
1775 848 1905 903 ταύο

322 959 423 1008 την
447 942 780 998 ἐπισπᾶσθαι
807 942 995 997 δεῖδιά
1026 940 1527 1014 ταπεινοφροσύνης
1553 941 1649 994 καὶ
1672 939 1906 1010 πραότη-

320 1048 433 1096 τος.
459 1034 529 1086 Αἰ
565 1032 832 1102 ὐψώσεις
868 1031 975 1086 τοῦ
1009 1031 1159 1086 Θεοῦ
1193 1030 1269 1107 ἐν,
1290 1030 1369 1094 τῷ
1394 1029 1646 1099 λάρυγγι
1682 1025 1900 1090 αὐτῶν,

320 1120 421 1173 καί
458 1124 516 1174 a1
540 1120 829 1190 ,ὀομςςαῖαι
862 1119 1133 1188 δίστομοι
1163 1118 1235 1173 ἐν
1274 1117 1406 1184 ταῖς
1442 1116 1656 1187 χερσὶν
1682 1114 1901 1170 αὐτῶν

325 1209 426 1264 τοῦ
462 1208 711 1278 ποιῆσαι
737 1209 1053 1277 ἐκδίκησιν
1080 1208 1151 1262 ἐν
1171 1207 1296 1270 τοῖς
1321 1208 1583 1268 ἔθνεσιν,
1613 1204 1905 1275 ἑλεγμοὺς

322 1298 391 1352 ὲν
425 1298 550 1363 τοῖς
584 1297 775 1364 λαοῖς.
823 1295 1088 1351 Ἐνταῦθα
1130 1295 1223 1349 τὸν
1257 1294 1393 1366 μετὰ
1422 1294 1640 1366 χορείας
1671 1294 1903 1365 πόλεμον

322 1386 490 1459 δηλοῖ,
526 1387 621 1441 καὶ
648 1386 729 1439 ὃτι
758 1384 974 1457 ᾅδοντες
1002 1387 1095 1438 καὶ
1130 1383 1426 1455 ὑμνοῦντες
1451 1383 1593 1437 οὓτω
1625 1382 1904 1452 περιέσον-

321 1494 431 1532 ται.
465 1475 731 1545 ’Υψώσεις
766 1474 875 1545 γὰρ
915 1474 1013 1535 τὰς
1051 1473 1394 1543 ὐμνολογίας,
1429 1473 1529 1535 τὰς
1560 1471 1898 1541 ψαλμῳδίας,

320 1565 420 1628 τὰς
449 1563 803 1636 εὐχαριστίας
830 1562 998 1631 λέγει.
1027 1561 1118 1615 Διὸ
1141 1561 1234 1615 καὶ
1261 1561 1447 1631 ἕτερος
1481 1559 1581 1622 τὰς
1596 1559 1898 1628 Ὺψώσεις,

332 1651 715 1721 ’Υμνολογίας
742 1645 887 1704 εἷπε.
932 1649 1042 1703 Τοῦ
1069 1647 1317 1716 ποιῆσαι
1345 1646 1661 1715 ἐκδίκησιν
1682 1647 1753 1701 ἑν
1778 1646 1902 1712 τοῖς

321 1743 584 1803 ἔθνεσιν,
624 1739 915 1810 ἐλεγμοὺς
946 1739 1017 1792 ἐν
1061 1738 1188 1804 τοῖς
1215 1738 1406 1804 λαοῖς.
1449 1738 1512 1790 Τί
1549 1738 1665 1791 ἐστι
1709 1736 1899 1802 τοῦτος

336 1830 555 1901 Ἐπειδὴ
600 1830 692 1885 τὸν
743 1831 921 1884 πάντα
956 1830 1147 1900 χρόνον
1194 1831 1566 1900 κρατήσαντες
1603 1827 1899 1892 ὠνείδιζον,

322 1920 539 1989 ἐλέγξαι
559 1918 756 1982 αὐτοὺς
783 1916 871 1971 διὰ
895 1916 1002 1970 τῶν
1028 1916 1205 1987 ἔργων
1235 1915 1650 1985 ἐπαγγέλλεται,
1682 1915 1775 1969 καὶ
1797 1916 1906 1968 δεῖ-

323 2007 412 2074 ξαι
437 2008 526 2062 διὰ
551 2007 659 2062 τῶν
683 2005 858 2078 ἔργων
898 2004 1096 2068 αὐτῶν,
1132 2004 1213 2058 ὅτι
1243 2004 1342 2075 οὐχ
1373 2004 1406 2074 ή
1435 2003 1530 2057 τοῦ
1565 2002 1700 2057 Θεοῦ
1737 2002 1901 2056 ἀσθέ-

321 2114 462 2159 νεια,
504 2095 617 2149 ἀλλ’
652 2095 708 2149 αἰ
741 2093 922 2147 αὐτῶν
953 2090 1215 2163 ἁμαρτίαι
1245 2089 1450 2144 ἔδωκαν
1488 2090 1670 2153 αὐτοῖς
1698 2090 1903 2161 κρατῆ-

323 2203 434 2240 σαι.
467 2184 597 2238 Ὅτε
646 2181 777 2252 γοῦν
810 2181 967 2252 δίκην
994 2180 1181 2234 ἔδοσαν
1213 2178 1425 2249 ἱκανὴν,
1457 2178 1640 2231 ἔνευσε
1673 2178 1836 2249 μόνον
1873 2178 1903 2230 ό

322 2271 703 2343 φιλάνθρωπος
733 2268 887 2333 Θεὸς,
916 2267 1011 2322 καὶ
1044 2266 1113 2321 τὰ
1140 2266 1442 2338 πράγματα
1471 2268 1548 2331 εἰς
1582 2264 1903 2337 θαυμαστὴν

319 2361 451 2437 ἦλθε
499 2360 818 2435 μεταϐολήν.
853 2359 963 2414 Καὶ
991 2359 1093 2432 ὅρα
1118 2358 1218 2431 τῆς
1245 2358 1403 2429 νίκης
1432 2358 1530 2430 τήν
1571 2356 1900 2428 ὑπερϐολήν.

334 2454 561 2522 Ἐπάγει
592 2451 702 2522 γάρ
740 2448 835 2504 καὶ
858 2447 1026 2518 λέγει·
1077 2446 1187 2501 Τοῦ
1220 2445 1405 2515 δῆσαι
1443 2444 1587 2512 τοὺς
1619 2441 1904 2509 ,ϐασιλεῖς

323 2541 523 2598 αὐτῶν
552 2541 624 2594 ἐν
670 2539 898 2602 πέδαις,
946 2536 1043 2590 καί
1092 2535 1236 2601 τοὺς
1278 2534 1567 2602 ἐνδόξους
1604 2533 1803 2587 αὐτῶν
1835 2534 1905 2587 ἐν

323 2627 697 2699 χειροπέδαις
730 2625 1023 2693 σιδηραῖς.
1059 2620 1208 2686 Εἶδες
1239 2623 1559 2695 περιουσίαν
1587 2622 1799 2693 ίσχύος;
1828 2622 1901 2676 Οὐ

321 2719 429 2793 γὰρ
458 2718 743 2788 ἀπήλασαν
766 2716 894 2779 τοὺς
915 2713 1206 2783 πολεμίους
1237 2712 1416 2782 μόνον,
1443 2711 1561 2765 οὐδὲ
1590 2711 1899 2777 ἀπώσαντο,

320 2807 459 2863 ἀλλὰ
497 2808 592 2861 καὶ
619 2804 903 2876 δεσμώτας
927 2801 1185 2865 λαϐόντες
1215 2800 1539 2871 ἐπανῆλθον,
1574 2803 1740 2853 πᾶσιν
1780 2801 1902 2853 ἐπι-

318 2894 657 2965 δεικνύμενοι
685 2891 780 2945 τοῦ
813 2888 948 2944 Θεοῦ
973 2889 1070 2961 τὴν
1106 2888 1275 2958 ἰσχύν.
1313 2889 1420 2942 Τοῦ
1443 2885 1688 2953 ποιῆσαι
1714 2889 1905 2941 ἐναῦ-

321 2984 447 3050 τοῖς
475 2983 655 3053 κρῖμα
686 2982 1043 3051 ἕττραπτον.
1069 2979 1134 3031 Τί
1156 2980 1293 3041 ἐστι,
1321 2978 1509 3047 Κρῖμα
1534 2978 1904 3045 ἐγγραπτονς

319 3072 575 3146 Φανερὺν,
609 3069 1047 3142 ὡμολογημένον,
1080 3069 1140 3121 οὐ
1167 3068 1459 3138 δυνάμενον
1487 3066 1625 3137 λήθῃ
1668 3067 1905 3135 παραδο-

323 3164 503 3235 θῆναι.
530 3159 610 3213 Τά
637 3159 745 3229 7&9
777 3156 871 3211 τοῦ
903 3156 1039 3210 Θεοῦ
1071 3155 1314 3209 τοιαῦτ-α’
1340 3154 1434 3207 καὶ
1456 3154 1533 3223 τῷ
1557 3154 1774 3223 μεγέθει
1795 3153 1904 3206 τῶν

322 3249 788 3323 κατορθωμάτων,
819 3245 914 3300 καὶ
932 3246 999 3315 τῇ
1026 3244 1123 3314 τῆς
1155 3242 1597 3314 θαυματουργίας
1630 3241 1902 3313 ὑπερϐολῇ

323 3343 405 3406 εἰς
428 3339 608 3394 πάντα
630 3336 950 3392 διατείνεται
991 3332 1083 3387 τὸν
1124 3332 1331 3404 χρόνον.
1365 3329 1600 3401 Τοιαύτη
1627 3326 1721 3384 οὖν
1751 3329 1903 3383 ἔσται

323 3431 358 3501 ἡ
387 3428 536 3497 νίκη,
560 3426 712 3498 φησὶ,
737 3424 829 3479 καὶ
852 3421 1089 3477 τοιοῦτον
1109 3419 1171 3473 τὸ
1194 3419 1471 3490 τρόπαιον.
1500 3418 1577 3481 ὡς
1605 3416 1807 3471 ἀπασιν
1827 3411 1905 3470 εἷ-

323 3537 411 3574 ναι
441 3518 618 3591 δῆλον,
647 3514 788 3569 οὕτω
813 3513 1000 3583 σαφὲς,
1028 3510 1277 3579 καθάπερ
1306 3509 1363 3561 ὲν
1392 3507 1563 3581 στήλῃ
1587 3507 1904 3578 γεγραμμέ-

322 3625 436 3673 νον,
477 3606 571 3660 καὶ
614 3602 881 3677 μηδέποτε
919 3598 1352 3669 ἐξαλειφόμενον.
1396 3596 1552 3661 Δόξα
1587 3595 1738 3663 αὕτη
1770 3596 1901 3650 ἐστί

324 3695 475 3751 πᾶσι
517 3692 643 3759 τοῖς
688 3692 880 3755 ὁσίοις
918 3686 1126 3742 αὐτοῦ.
1164 3685 1300 3740 Ποία
1338 3683 1514 3755 αῦτης
1554 3684 1627 3737 Τὸ
1658 3684 1900 3755 νικῆσαι,

329 3784 527 3857 μᾶλλον
559 3782 618 3837 δὲ
655 3781 714 3835 οὐ
743 3777 804 3833 τὺ
834 3778 1051 3848 νικῆσαι
1092 3773 1296 3837 ἁπλῶς,
1329 3772 1463 3826 ἀλλὰ
1489 3772 1551 3825 τὸ
1578 3771 1719 3825 οὕτω
1748 3772 1903 3841 νικῆ-

325 3889 437 3936 σαι,
475 3870 563 3926 διὰ
608 3870 706 3941 τῆς
749 3866 843 3922 τοῦ
887 3864 1023 3919 Θεοῦ
1068 3861 1402 3934 συμμαχίας,
1437 3858 1524 3914 διὰ
1560 3859 1658 3931 τῆς
1697 3858 1904 3913 ἀνωθεν

326 3963 519 4036 ῥοπῆς.
560 3960 706 4034 Ὅρα
746 3959 806 4013 δὲ
841 3956 957 4021 πῶς
986 3954 1093 4008 τῶν
1127 3966 1153 3995 ι
1181 3953 1344 4006 ὁσίων
1391 3952 1679 4022 μέμνηται,
1708 3950 1905 4019 διεγεί-

327 4070 437 4124 ρων
474 4049 671 4111 αὐτοὺς
703 4049 782 4110 εἰς
819 4045 917 4115 τὴν
948 4041 1041 4097 τοῦ
1078 4041 1190 4111 βίου
1219 4040 1311 4094 καὶ
1340 4040 1441 4109 τῆς
1469 4040 1669 4109 ἀρετῆς
1712 4038 1905 4108 ἐπιμέ-

325 4140 498 4194 λειαν.
539 4136 695 4208 Ἐμοὶ
721 4135 777 4189 δὲ
798 4134 966 4196 δοκεῖ,
997 4131 1117 4201 οὐχὶ
1141 4129 1243 4199 τὴν
1273 4127 1427 4197 νίκην
1463 4126 1621 4197 μόνον
1648 4126 1794 4194 λέγει
1818 4125 1903 4178 δύο

328 4229 443 4294 ξαν,
476 4225 611 4280 ἀλλά
646 4224 740 4278 καὶ
769 4222 860 4275 τὸν
889 4215 1057 4279 αἶνον,
1092 4217 1184 4271 καὶ
1211 4215 1309 4279 τὰς
1344 4214 1627 4285 μελῳδίας,
1661 4214 1905 4278 καὶτοὺς

326 4316 548 4387 ὕμνους,
571 4309 839 4366 παιδεύων
866 4307 954 4361 διὰ
983 4307 1219 4367 πάντων,
1240 4303 1321 4357 ὅτι
1356 4301 1487 4355 Θεὸν
1518 4300 1901 4372 ἀνυμνοῦντες,

331 4408 573 4479 μεγάλην
590 4404 801 4465 ἑαυτοῖς
824 4400 1176 4471 περιθήσουσι
1191 4396 1367 4463 δόξαν,
1381 4396 1473 4449 καὶ
1494 4394 1903 4466 λαμπροτέρους

327 4496 554 4558 ἑαυτοὺς
590 4488 948 4561 ἀποφανοῦσι,
990 4487 1171 4559 χάριτι
1209 4483 1359 4557 [501]
1391 4484 1485 4537 καὶ
1524 4482 1905 4554 φιλανθρωπίᾳ

323 4585 420 4640 τοῦ
467 4582 673 4657 Κυρίου
711 4579 869 4651 ήμῶν
920 4575 1090 4647 Ἰησοῦ
1136 4572 1394 4646 Χριστοῦ,
1422 4567 1467 4641 ᾧ
1492 4573 1525 4644 ὴ
1554 4570 1680 4637 δόξα
1722 4571 1903 4626 καὶτὸ

326 4672 546 4745 κράτος,
579 4672 658 4734 εἰς
678 4668 805 4731 τοὺς
840 4665 1040 4728 αἰῶνας
1067 4661 1175 4717 τῶν
1201 4660 1432 4717 αἰώνων.
1468 4660 1655 4731 Ἀμήν.

717 4890 827 4945 ΕΙΣ
877 4888 1015 4943 TON
1053 4885 1157 4941 PN'
1194 4884 1510 4941 ΨΑΛΜΟΝ.

318 5048 545 5107 Αἰνεῖτε
572 5046 680 5101 τὸν
699 5045 848 5101 Θεὸν
872 5045 943 5098 ἐν
960 5042 1085 5108 τοῖς
1108 5040 1299 5109 ἁγίοις
1326 5039 1533 5095 αὐτοῦ.
1563 5037 1773 5102 Ἄλλος,
1806 5039 1906 5092 Ἐν

397 5130 479 5199 τῷ
543 5130 690 5200 ἁγίῳ
744 5127 951 5184 αὑτοῦ.
1015 5125 1228 5187 Ἄλλος,
1280 5124 1383 5179 Ἐν
1440 5121 1520 5189 τῷ
1564 5120 1909 5193 ήγιασμένῳ

396 5216 605 5274 αὐτοῦ.

401 5360 471 5412 Ἦ
526 5356 654 5428 περὶ
692 5352 785 5407 τοῦ
826 5352 956 5407 λαοῦ
997 5349 1231 5403 ἐνταῦθα
1288 5346 1446 5401 τοῦτο
1496 5345 1664 5413 λέγει,
1703 5345 1735 5415 ἢ
1781 5345 1908 5415 περὶ

328 5450 443 5518 βίου
470 5445 628 5514 ἀγίου
649 5443 741 5498 καὶ
764 5441 972 5513 ἀνδρῶν
994 5439 1183 5509 ἁγίων.
1215 5437 1357 5508 Ὅρα
1384 5435 1441 5490 δὲ
1476 5434 1593 5498 πῶς
1620 5434 1680 5487 τὸ
1709 5432 1908 5504 βιϐλίον

329 5533 646 5588 κατέκλεισε
674 5530 838 5585 πάλιν
860 5530 940 5592 εἰς
962 5525 1329 5598 εὐχαριστίαν,
1358 5522 1628 5578 παιδεύων
1657 5524 1690 5593 ἡ
1699 5523 1806 5593 μᾶς
1827 5520 1905 5575 ὅτι

389 5773 419 5804 ⁸
438 5771 579 5823 Unus
601 5769 705 5826 πῦς
728 5766 870 5817 πάλιν
888 5762 1087 5816 ἐνταῦθα
1108 5763 1229 5812 τῶν.

1468 285 1843 345 EXPOSITIO
1881 284 1945 341 IN
1988 285 2318 347 PSALMUM
2361 291 2470 349 CL.

3489 297 3594 353 496
3639 251 3653 264 ‘

2010 402 2169 460 τοῦτο
2195 407 2291 461 καὶ
2318 408 2492 481 ἀρχὴν
2512 410 2606 463 καὶ
2634 409 2789 476 τέλος
2816 405 3060 466 εἶναιδεῖ
3083 409 3302 467 καὶτῶν
3330 415 3592 483 πραγμά-

2008 511 2117 549 των
2148 496 2242 550 καὶ
2280 496 2390 551 τῶν
2423 499 2681 570 ῥημάτων
2718 501 2895 572 ήμῶν.
2930 501 3023 555 Διὸ
3053 501 3149 556 καὶ
3185 500 3398 565 Παῦλός
3435 519 3589 573 φησιν

2007 582 2139 637 Πᾶν
2178 582 2211 636 ὅ
2254 602 2308 637 τι
2341 584 2419 638 ἂν
2448 584 2655 653 ποιῆτε
2696 588 2768 642 ὲν
2795 590 2956 659 λόγῳ
2994 589 3094 644 καί
3125 588 3296 659 ἔργῳ,
3335 588 3595 645 πάντοτε

2005 673 2419 741 εὐχαριστεῖτε
2453 674 2536 740 τῷ
2563 673 2684 741 Θεῷ
2716 675 2816 729 καί
2853 676 3037 745 Πατρί
3079 676 3156 730 δι’
3185 676 3394 731 αὐτοῦ.
3433 675 3594 732 Οὕτω

2007 764 2102 816 καὶ
2145 763 2246 836 τῆς
2279 764 2444 835 εὐχῆς
2472 765 2628 837 ἡμῶν
2656 765 2718 819 τὸ
2745 766 3029 837 προοίμιον
3065 765 3314 820 ἐντεῦθεν
3346 765 3458 837 ἔχει
3492 766 3591 837 τὴν

2007 852 2204 924 ἀρχήν.
2232 853 2305 906 Τὸ
2333 853 2443 925 γὰρ
2463 852 2660 922 λέγειν,
2688 854 2880 924 Πάτερ
2908 853 3098 925 ἡμῶν,
3127 853 3591 927 εὐχαριστούντων

2006 942 2153 994 ἐστὶν
2182 941 2275 995 ἐπὶ
2298 944 2418 1005 ταῖς
2444 943 2841 1014 γεγενημέναις
2864 943 3116 1015 δωρεαῖς,
3147 943 3242 997 καὶ
3274 943 3453 1008 πάσας
3486 943 3589 997 αὐ-

2003 1028 2104 1093 τὰς
2125 1027 2212 1083 διὰ
2227 1028 2320 1082 τοῦ
2345 1030 2607 1099 ὀνόματος
2624 1028 2813 1083 τούτου
2840 1029 3179 1086 δεικνύντων.
3211 1030 3270 1085 '0
3290 1030 3399 1104 γὰρ
3417 1029 3590 1084 εἰπὼν

2006 1117 2247 1189 Πατέρα.
2281 1117 2381 1189 τὴν
2419 1118 2695 1172 υἱοθεσίαν
2728 1117 3098 1189 ὡμολόγησεν·
3129 1120 3158 1172 ὁ
3193 1117 3251 1171 δὲ
3292 1118 3390 1173 τὴν
3417 1118 3589 1173 υἱοθε-

2007 1207 2129 1260 σίαν
2156 1207 2516 1279 ὁμολογήσας,
2545 1207 2645 1279 τὴν
2665 1203 3035 1278 δικαιοσύνην,
3057 1205 3148 1259 τὸν
3171 1206 3464 1277 ἀγιασμὺν,
3489 1205 3588 1278 τὴν

2003 1295 2400 1366 ἀπολύτρωσιν,
2457 1295 2557 1367 τὴν
2610 1295 2721 1350 τῶν
2767 1295 3177 1366 ἁμαρτημάτων
3218 1294 3431 1364 ἄφεσιν,
3491 1294 3589 1350 τοῦ

2004 1384 2321 1455 Πνεύματος
2355 1384 2453 1456 τὴν
2488 1383 2753 1456 χορηγίαν
2793 1383 3117 1454 ἀνεκήρυξε.
3152 1386 3244 1437 Δεῖ
3270 1383 3379 1455 γὰρ
3414 1384 3589 1438 ταῦτα

2004 1475 2186 1529 πάντα
2222 1473 2594 1545 προῦπάρξαι,
2628 1473 2770 1527 ὥστε
2803 1473 2902 1543 τῆς
2927 1472 3197 1537 υἱοθεσίας
3234 1473 3381 1543 ἡμᾶς
3418 1471 3589 1535 οὕτως

2004 1562 2331 1623 ἀπολαῦσαι,
2368 1563 2462 1616 καὶ
2495 1561 2719 1615 καλέσαι
2748 1561 2964 1632 Πατέρα
2994 1560 3312 1632 ἀξιωθῆναι.
3349 1560 3504 1632 Ἐμοὶ
3532 1560 3591 1613 δὲ

2002 1650 2190 1722 ἕτερον
2237 1649 2383 1703 δοκεῖ
2432 1649 2764 1704 αἰνίττεσθαι
2808 1649 3002 1717 λέγων·
3032 1649 3115 1705 τὸ
3152 1649 3278 1721 γὰρ,
3332 1649 3430 1702 Ἐν
3465 1647 3590 1713 τοῖς

2002 1739 2195 1807 ἁγίοις
2248 1738 2457 1798 αὑτοῦ,
2508 1738 2666 1791 τοῦτό
2709 1739 2846 1801 ἐστι,
2888 1738 2977 1790 διὰ
3015 1737 3143 1801 τούς
3171 1737 3361 1805 ἁγίους
3398 1733 3586 1790 αὐτοῦ.

2002 1827 2388 1897 Εὐχαριστεῖτε
2416 1821 2529 1890 οὖν,
2555 1826 2637 1879 ὅτι
2660 1824 2916 1896 τοιαύτην
2946 1825 3220 1878 πολιτείαν
3248 1826 3328 1888 είς
3355 1824 3445 1878 τὸν
3475 1823 3589 1895 βίον

2003 1917 2316 1986 εἰσήγαγεν,
2347 1916 2382 1987 ἢ
2426 1916 2551 1979 τοὺς
2576 1914 2896 1986 ἀνθρώπους
2929 1914 3195 1984 ἀγγέλους
3226 1914 3471 1983 ἐποίησε.
3498 1913 3591 1967 Διὸ

2004 2005 2287 2077 πρότερον,
2328 2006 2427 2059 Ἐν
2447 2005 2571 2072 τοῖς
2595 2004 2788 2074 ἁγίοις
2812 2003 3001 2067 εἰπὼν,
3026 2003 3147 2057 τότε
3167 2004 3466 2075 ἐπήγαγεν
3499 2005 3592 2057 Δί-

2001 2096 2159 2151 νεῖτε
2193 2095 2382 2151 αὑτὸν
2416 2097 2487 2149 ἐν
2512 2095 2869 2166 στερεώματι
2906 2096 3217 2166 δυνάμεως
3252 2094 3459 2149 αὐτοῦ’
3490 2095 3591 2165 έμ-

2004 2187 2209 2257 φαίνων
2235 2187 2373 2258 ὅπερ
2398 2186 2569 2257 ἔφθην
2592 2185 2760 2240 εἰπών
2805 2186 2975 2239 Τοῦτο
3011 2185 3080 2255 γά
3090 2204 3119 2257 ρ
3145 2184 3344 2257 μᾶλλον
3372 2181 3450 2255 τῷ
3470 2183 3587 2255 Θεῷ

2005 2273 2490 2346 περισπούδαστον,
2526 2273 2559 2345 ἦ
2596 2276 2790 2328 ἐκεῖνο.
2827 2276 2936 2327 Καὶ
2979 2273 3086 2343 γὰρ
3112 2272 3340 2344 οὐρανὸς
3373 2273 3463 2327 διὰ
3498 2272 3589 2325 τὸν

2003 2364 2287 2436 ἄνθρωπον
2335 2363 2576 2432 γέγονεν,
2628 2363 2730 2415 οὐκ
2772 2361 3058 2433 ἄνθρωπος
3099 2361 3188 2415 διὰ
3216 2362 3307 2416 τὸν
3337 2361 3587 2432 οὐρανόν.
3629 2400 3636 2409 .

2005 2454 2235 2527 Ἕτερος
2253 2453 2311 2508 δὲ
2334 2453 2458 2507 ἀντὶ
2481 2450 2600 2512 τοῦ,
2642 2452 2738 2505 Ἐν
2757 2450 3135 2521 στερεώματι,
3164 2450 3247 2517 Τῷ
3274 2450 3591 2519 ἀκαθαιρέ·

2002 2558 2084 2607 τῳ
2112 2540 2255 2598 εἷπε.
2285 2544 2398 2596 Καὶ
2430 2541 2608 2605 ἄλλος,
2650 2543 2753 2596 Ἔν
2787 2542 3145 2610 στερεώιιατι
3186 2540 3443 2610 κράτους
3484 2542 3592 2595 αὐ-

2004 2632 2131 2686 τοῦ.
2169 2632 2278 2685 Καὶ
2310 2631 2497 2698 ἕτερον
2534 2630 2592 2684 δέ
2632 2646 2721 2700 μοι
2750 2630 2898 2683 δοκεῖ
2932 2629 3262 2683 αἰνίττεσθαι
3301 2629 3481 2693 πάλιν,
3513 2628 3592 2694 ὡς

2005 2723 2063 2774 ὲν
2096 2718 2174 2790 τῷ
2203 2719 2456 2791 προτέρῳ
2483 2717 2705 2789 ψαλμῷ.
2750 2718 2838 2781 Ὠς
2866 2717 2975 2788 γὰρ
3014 2720 3131 2770 ἐκεῖ
3156 2713 3329 2780 εἶπεν,
3361 2716 3591 2771 Αἰνεῖτε

2004 2809 2192 2864 αὐτὸν
2218 2811 2270 2863 οἰ
2298 2808 2540 2878 ἄγγελοι
2565 2806 2772 2861 αὐτοῦ·
2803 2804 2946 2859 οὕτω
2967 2805 3061 2859 καὶ
3086 2803 3334 2864 ἐνταῦθα,
3363 2805 3592 2859 Αἰνεῖτε

2003 2900 2192 2953 αὐτὸν
2214 2899 2284 2952 ὲν
2314 2896 2673 2967 στερεώματι
2697 2895 2905 2950 αὐτοῦ’
2940 2895 3237 2959 τουτέστιν,
3272 2896 3322 2948 οἱ
3352 2896 3503 2959 ὄντες
3532 2896 3592 2949 ὲν

2007 2986 2347 3060 στερεώματι
2377 2985 2564 3039 αὐτοῦ.
2604 2985 2679 3037 Οὐ
2715 2983 2825 3053 γάρ
2853 2981 3083 3035 παύεται
3125 2981 3365 3053 συνεχῶς
3403 2998 3593 3035 κοινω-

2004 3077 2130 3140 νοὺς
2164 3073 2457 3145 λαμϐάνων
2487 3072 2588 3142 τῆς
2613 3070 2886 3141 εὐφημίας
2919 3069 3014 3132 τὰς
3046 3068 3158 3123 ἀνω
3189 3068 3464 3140 δυνάμεις.
3488 3072 3591 3124 Αἰ-

2003 3163 2161 3218 νεῖτε
2200 3161 2390 3217 αὐτὸν
2423 3160 2520 3214 ἐπὶ
2551 3159 2681 3226 ταῖς
2708 3158 3095 3223 δυναστείαις·
3122 3156 3330 3212 αὐτοῦ.
3375 3157 3590 3223 Ἄλλος,

2005 3255 2109 3307 Διὰ
2147 3252 2269 3307 τῶν
2302 3248 2675 3305 δυναστειῶν
2701 3246 2909 3303 αὐτοῦ.
2950 3247 3008 3300 '0
3034 3246 3090 3300 δὲ
3123 3245 3370 3315 Ἐϐραῖός
3403 3263 3589 3317 φησιν,

2004 3338 2468 3411 Βεγεὸουροθαῦ.
2510 3340 2577 3390 Ὃ
2598 3336 2655 3389 δὲ
2676 3335 2844 3405 λέγει,
2870 3334 3026 3388 τοῦτό
3055 3336 3223 3388 ἐστιν’
3253 3334 3463 3389 Αἰνεῖτε
3495 3334 3595 3389 αὐ-

2002 3430 2094 3483 τὸν
2126 3427 2215 3482 διὰ
2240 3428 2339 3491 τὰς
2367 3424 2683 3489 δυναστείας
2708 3420 2893 3487 αὐτοῦ,
2915 3422 3003 3477 διὰ
3023 3421 3122 3495 τὴν
3147 3421 3374 3493 δύναμιν
3403 3422 3590 3489 αὐτοῦ,

2002 3522 2090 3576 διὰ
2128 3520 2198 3575 τὰ
2225 3519 2479 3591 θαύματα
2506 3517 2692 3582 αὐτοῦ,
2724 3516 2811 3570 διά
2835 3515 2932 3588 τὴν
2958 3514 3132 3586 ἰσχὺν,
3159 3515 3225 3586 ἢν
3261 3514 3351 3569 διά
3375 3514 3593 3570 πάντων

2004 3609 2391 3669 ἐπιδείκνυται,
2428 3606 2538 3661 τῶν
2574 3605 2708 3670 ἀνω,
2743 3604 2853 3658 τῶν
2899 3602 3071 3668 κάτω,
3110 3601 3221 3656 τῶν
3263 3605 3438 3675 κοινῇ,
3484 3603 3595 3660 τῶν

2008 3700 2133 3770 ἰδίᾳ,
2160 3696 2269 3751 τῶν
2289 3696 2413 3751 καθ’
2435 3696 2687 3760 ἕκαστον,
2718 3693 2827 3747 τῶν
2848 3691 3131 3765 διηνεκῶς.
3159 3690 3387 3746 Αἰνεῖτε
3406 3692 3595 3746 αὑτὸν

2004 3785 2155 3841 κατὰ
2170 3786 2235 3840 τὸ
2256 3783 2492 3853 πλῆθος
2509 3783 2621 3849 τῆς
2641 3780 3083 3853 μεγαλωσύνης
3104 3778 3313 3834 αὐτοῦ.
3337 3780 3447 3833 Καὶ
3474 3778 3597 3850 πῶς

2002 3879 2159 3931 τοῦτο
2194 3874 2436 3940 δυνατὸν,
2487 3874 2814 3946 ἀντίρροπον
2864 3869 2958 3924 τοῦ
3005 3869 3242 3939 πλήθους
3276 3870 3377 3942 τῆς
3419 3886 3593 3941 μεγα-

2002 3965 2249 4036 λωσύνης
2272 3963 2437 4017 αὐτοῦ
2469 3957 2618 4015 αἶνον
2640 3960 2938 4028 ἀναγαγεῖν
2955 3958 3018 4022 b;
3050 3957 3124 4011 Οὐ
3146 3955 3303 4010 τοῦτο
3324 3956 3491 4026 λέγει,
3509 3957 3592 4011 ὅτι

2006 4052 2525 4127 |5021&v1£990mv.
2548 4049 2663 4104 ἀλλ’
2691 4049 2838 4115 ὅσον,
2868 4046 3025 4118 φησὶ,
3055 4044 3278 4100 δυνατὸν
3306 4045 3589 4113 ἐκτείνειν,

2006 4142 2203 4197 ἐννοῶν
2240 4141 2300 4194 τὸ
2333 4139 2537 4209 πλῆθος
2565 4138 2666 4209 τῆς
2704 4135 3095 4208 μεγαλωσύνης
3130 4133 3319 4198 αὐτοῦ,
3350 4132 3592 4189 τοιοῦτον

2004 4233 2080 4295 ὡς
2111 4230 2345 4303 ἐγχωρεῖ
2364 4245 2445 4282 σοι
2476 4227 2715 4299 ἀνάφερε
2737 4237 2785 4292 ο,
2822 4224 2916 4279 καὶ
2947 4218 3058 4278 οἷον
3077 4222 3223 4288 εἰκὸς
3244 4221 3468 4296 τοιούτῳ
3497 4241 3591 4295 με·

2005 4319 2156 4389 γὰλῳ
2211 4316 2333 4387 Θεῷ
2385 4316 2482 4372 καὶ
2528 4315 2645 4386 μεθ’
2687 4312 2994 4385 ὑπερϐολῆς
3042 4310 3262 4383 μεγάλῳ
3301 4311 3592 4385 ἀναφέρειν

2007 4408 2174 4478 ὕμνον
2202 4405 2488 4477 ἄνθρωπον
2523 4404 2674 4458 ὅντα*
2705 4404 2802 4457 καὶ
2834 4401 2945 4473 γάρ
2984 4401 3134 4469 ἀξιον
3165 4402 3341 4465 οὐδεὶς
3367 4401 3591 4470 ἀνενεγ-

2007 4500 2121 4550 κεῖν
2149 4495 2391 4548 δύναται.
2423 4488 2578 4556 Εἶδες
2620 4491 2783 4545 πόθον
2813 4490 3029 4562 ψυχῆς;
3059 4485 3199 4553 εἶδες
3228 4489 3590 4561 ὲκκαιομένην

2008 4584 2263 4646 διάνοιαν,
2302 4580 2652 4651 βιαζομένην,
2685 4576 3095 4648 φιλονεικοῦσαν
3124 4576 3218 4631 καὶ
3255 4575 3354 4647 τὴν
3388 4576 3593 4631 οἰκείαν

2008 4671 2289 4726 ἀσθένειαν
2313 4668 2636 4742 ὑπερϐῆναι,
2671 4666 2766 4720 καὶ
2797 4666 3099 4736 ἀναπτῆναι
3118 4663 3303 4717 λοιπὸν
3330 4663 3468 4736 πρὸς
3495 4664 3593 4718 αὐ-

2006 4760 2097 4815 τὸν
2128 4759 2218 4812 τὸν
2250 4757 2497 4827 οὐρανὸν,
2536 4754 2924 4825 συνδεδεμένην
2949 4752 3027 4823 τῷ
3051 4751 3190 4822 Θεῷ,
3220 4751 3593 4823 ἀνακειμένην

2008 4846 2157 4918 αὐτῷ
2188 4846 2368 4916 πολλῷ
2394 4845 2473 4916 τῷ
2503 4844 2683 4915 πόθῳ;
2713 4841 2941 4899 Αἰνεῖτε
2965 4840 3153 4895 αὐτὸν
3182 4840 3252 4894 ἐν
3284 4839 3412 4909 ἤχῳ
3438 4840 3592 4894 σάλ-

2006 4953 2237 5007 πιγγος.
2264 4936 2476 5001 Ἄλλος,
2498 4935 2577 4989 Δι’
2614 4932 2771 5001 ἤχου
2792 4931 3126 4999 κερατίνης.
3153 4929 3382 4985 Αἰνεῖτε
3406 4929 3594 4983 αὐτὸν

2006 5028 2078 5081 ὲν
2104 5025 2416 5095 ψαλτηρίῳ
2441 5023 2540 5078 καὶ
2573 5021 2806 5090 κιθάρᾳ.
2840 5019 3054 5083 Ἄλλος,
3088 5016 3190 5071 Διά
3233 5016 3463 5082 νάϐλας
3493 5018 3590 5070 καὶ

2007 5118 2217 5183 λύρας.
2256 5115 2485 5171 Αἰνεῖτε
2518 5113 2706 5169 αὐτὸν
2732 5112 2803 5165 ἐν
2829 5108 3117 5180 τυμπάνῳ
3161 5107 3261 5162 καί
3297 5107 3473 5176 χορῷ·
3502 5110 3594 5159 (ιὶ-

2008 5204 2164 5258 νεῖτε
2196 5202 2386 5257 αὑτὸν
2420 5203 2491 5256 ἐν
2527 5199 2769 5272 χορδαῖς
2810 5198 2909 5252 καὶ
2951 5195 3200 5265 ὀργάνῳ.
3237 5195 3449 5257 Ἀλλος,
3491 5195 3593 5247 Διὰ

2010 5291 2243 5363 χορδῶν
2274 5292 2373 5345 καί
2399 5290 2662 5360 κιθάρας.
2695 5289 2921 5343 Αἰνεῖτε
2947 5288 3137 5342 αὐτὸν
3163 5285 3233 5338 ἐν
3265 5282 3592 5351 κυμόὠίοις

2008 5379 2271 5449 εὺήχοις·
2308 5378 2525 5433 αἱνεῖτε
2552 5376 2740 5431 αὐτὸν
2762 5378 2832 5429 ὲν
2863 5373 3192 5445 κυμϐάλοις
3212 5368 3589 5438 ἀλαλαγμοῦ.

2014 5467 2225 5531 Ἄλλος,
2261 5468 2357 5521 Ἑν
2388 5465 2715 5536 κυμϐάλοις
2738 5464 3065 5534 σημασίας.
3099 5458 3274 5516 Πᾶσα
3305 5455 3461 5525 πνοὴ
3500 5456 3582 5509 αὶ-

2070 5693 2100 5732 b
2129 5692 2266 5740 Unus
2289 5689 2573 5750 εἰσαγαγεῖν.

2078 5757 2101 5784 ε
2132 5754 2267 5804 L'nus
2287 5754 2437 5815 ὒμνον
2453 5752 2669 5815 ἀνάφερε.
