4084 6346
388 235 404 251 .
488 287 593 344 497

489 396 724 455 νεσάτω
744 396 850 452 τὸν
873 399 1110 466 Κύριον.
1136 400 1347 463 Ἀλλος,
1388 400 1699 466 Ἇναπνοή.
1731 401 1914 453 Πάντα
1942 399 2071 450 ἀνα-

491 487 631 536 κινεῖ
668 483 735 535 τά
765 482 993 551 ὄργανα,
1037 482 1131 535 καὶ
1152 484 1239 536 διά
1271 485 1488 538 πάντων
1514 485 1613 555 τὴν
1647 484 1907 555 μελῳδίαν
1936 483 2069 534 ἀνα-

492 564 750 635 φέρεσθαι
779 564 1232 634 παρακελεύεται.
1261 567 1659 638 διαθερμαίνων
1701 568 1796 637 τὴν
1831 566 2070 619 διάνοιαν

491 647 669 701 αὐτῶν
697 648 790 700 καὶ
817 648 998 715 ἀνεγεί
1005 666 1131 718 ρων.

566 731 774 799 ’Ὠσπερ
791 727 883 784 οῦν
922 732 1192 793 Ἰουδαίοις
1213 732 1299 785 διά
1321 733 1533 786 πάντων
1559 734 1666 785 τῶν
1687 732 1951 803 ὀργάνων,
1982 730 2072 785 οῦ-

490 831 597 876 τως
626 815 757 884 ἡμῖν
792 814 1222 883 παρακελεύεται
1263 816 1349 867 διὰ
1379 816 1594 868 πάντων
1628 817 1733 868 τῶν
1768 815 1942 885 μελῶν
1973 817 2069 868 ἀν-

491 899 678 966 υμνεῖν
703 897 793 948 τὸν
816 897 966 959 Θεὸν,
990 898 1056 949 δι’
1078 898 1376 969 ὀιρθαλμοῦ,
1399 900 1484 952 διά
1506 899 1771 968 γλώττης,
1789 901 1854 953 δι’
1878 900 2066 970 ἀκοῆς,

489 980 584 1033 καὶ
612 979 700 1032 διὰ
733 981 933 1051 χειρός.
961 982 1139 1054 Ὅπερ
1165 980 1255 1035 οῦν
1289 986 1381 1036 καὶ
1410 987 1437 1037 ὁ
1467 983 1673 1047 Παῦλος
1695 984 1841 1053 δηλοῖ
1871 984 2065 1052 λέγων·

488 1062 925 1130 Παραστήσατε
978 1066 1048 1118 τὰ
1089 1064 1332 1133 σώματα
1374 1066 1541 1134 ὑμῶν
1578 1067 1795 1120 θυσίαν
1850 1065 2065 1131 ζῶσαν,

488 1145 683 1215 ἁγίαν,
717 1146 1043 1213 εὐάρεστον
1070 1148 1150 1212 τῷ
1181 1148 1319 1213 Θεῷ,
1357 1151 1473 1217 τὴν
1509 1149 1763 1219 λογικὴν
1786 1150 2069 1216 λατρείαν

488 1228 673 1296 ὑμῶν.
726 1231 876 1282 Αίνεῖ
908 1229 1015 1300 γὰρ
1059 1232 1153 1283 καὶ
1188 1232 1482 1302 ὀφθαλμὸς,
1516 1234 1643 1286 ὅταν
1686 1233 1760 1304 μὴ
1798 1233 2067 1286 ἀκόλαστα

491 1311 686 1382 βλέπῃ³
719 1312 810 1365 καὶ
848 1312 1081 1381 γλῶττα,
1114 1314 1242 1367 ὅταν
1280 1315 1476 1387 ψάλλπ
1513 1316 1607 1369 καὶ
1634 1314 1789 1386 ἀκοὴ,
1826 1316 1953 1368 ὅταν
1990 1315 2064 1388 μὴ

486 1395 708 1464 δέχηται
726 1396 935 1467 πονηρὰ
953 1396 1191 1467 ᾅσματα,
1215 1399 1349 1469 μηδὲ
1366 1398 1695 1469 κατηγορίας
1709 1397 1800 1451 τοῦ
1818 1397 2063 1467 πλησίον⁶

486 1478 581 1530 καὶ
620 1477 848 1541 διάνοια,
895 1480 1021 1531 ὅταν
1063 1479 1139 1550 μὴ
1187 1480 1371 1544 δόλους
1416 1480 1625 1552 ράπτῃ,
1668 1479 1802 1533 ἀλλὰ
1848 1480 2066 1553 ἀγάπην

488 1558 647 1632 βρύτγ
698 1560 791 1612 καὶ
846 1561 1022 1625 πόδες,
1058 1563 1186 1616 ὅταν
1234 1562 1307 1634 μὴ
1340 1560 1436 1616 ἐπὶ
1469 1564 1729 1634 πονηρίαν
1773 1564 2061 1634 τρέχωσιν,

485 1641 599 1695 ἀλλ’
638 1644 728 1696 ἐπὶ
768 1644 986 1711 ἀγαθῶν
1016 1645 1191 1715 ἔργων
1223 1646 1550 1715 οἰκονομίανο
1585 1648 1676 1698 καὶ
1705 1649 1904 1717 χεῖρες,
1934 1647 2062 1699 ὅταν

490 1725 563 1795 μὴ
593 1726 685 1778 ἐπὶ
715 1726 968 1797 ἁρπαγὴν
999 1730 1094 1780 καὶ
1131 1727 1442 1793 πλεονεξίαν
1465 1740 1490 1767 ο
1530 1730 1624 1781 καὶ
1659 1729 1901 1799 πληγὰς,
1946 1728 2061 1780 ἀλλ’

486 1811 578 1861 ἐπὶ
612 1807 979 1880 ἐλεημοσύνην
1009 1812 1102 1864 καὶ
1139 1812 1237 1881 τὴν
1270 1813 1378 1864 τῶν
1418 1812 1790 1882 ἀδικουμένων
1825 1828 2055 1883 προστα·

486 1892 609 1944 σίαν
651 1893 1015 1947 ὲκτείνωνται.
1065 1895 1199 1947 Τότε
1246 1896 1453 1963 γίνεται
1497 1896 1699 1967 κιθάρα
1751 1895 1994 1965 ἐμμελὴς
2034 1897 2063 1948 ὁ

484 1975 787 2046 ἅνθρωπος,
826 1978 1194 2047 παναρμόνιόν
1219 1996 1339 2031 τινα
1379 1979 1643 2049 μελῳδίαν
1677 1980 1771 2032 καὶ
1815 1996 2063 2048 πνευμα-

483 2061 640 2129 τικὴν
673 2061 956 2130 ἀναφέρων
995 2062 1070 2130 τῷ
1117 2062 1255 2133 Θεῷ.
1288 2063 1394 2115 Καὶ
1440 2062 1508 2115 τὰ
1544 2063 1752 2132 ὄργανα
1794 2062 1848 2114 δέ
1879 2066 2064 2117 ἐκεῖνα

483 2141 572 2194 διὰ
602 2141 760 2195 τοῦτο
792 2144 1161 2214 ἐπετέτραπτο
1197 2145 1339 2208 τότε,
1385 2145 1474 2198 διά
1518 2163 1577 2199 τε
1629 2146 1726 2216 τὴν
1780 2145 2063 2201 ἀσθένειαν

484 2225 683 2288 αὐτῶν,
721 2228 813 2280 καὶ
855 2228 942 2280 διὰ
991 2228 1052 2279 τὸ
1100 2230 1289 2299 κιρνᾷν
1327 2230 1525 2293 αὐτοὺς
1560 2231 1639 2293 είς
1695 2229 1914 2299 ἀγάπην
1966 2230 2060 2283 καὶ

486 2308 825 2376 συμφωνίαν,
876 2310 967 2362 καὶ
1000 2312 1235 2382 ἐγείρειν
1285 2312 1465 2365 αὐτῶν
1516 2312 1614 2383 τὴν
1660 2314 1897 2367 διάνοιαν
1935 2313 2054 2384 μεθ’

481 2389 679 2462 ἡδονῆς
709 2393 880 2443 ποιεῖν
910 2393 976 2445 τὰ
1007 2394 1105 2463 τὴν
1145 2393 1411 2462 ὠφέλειαν
1452 2397 1822 2467 παρεχόμενα,
1859 2397 1953 2450 καὶ
1976 2400 2055 2461 είς

484 2471 683 2543 πολλὴν
735 2473 1019 2542 βούλεσθαι
1073 2477 1268 2540 αὐτοὺς
1324 2480 1476 2546 ἄγειν
1533 2481 1767 2550 σπουδὴν
1815 2481 1903 2533 διὰ
1963 2481 2062 2553 τῆς

482 2555 736 2625 τοιαύτης
762 2556 1140 2627 ψυχαγωγίας.
1182 2558 1256 2613 Τὸ
1303 2561 1412 2632 γάρ
1458 2562 1723 2632 βάναυσον
1753 2565 1929 2618 αὐτῶν
1967 2565 2062 2618 καὶ

484 2638 729 2712 ῥᾴθυμον
764 2643 856 2694 καὶ
882 2644 1272 2708 ἀναπεπτωκὸς
1308 2646 1659 2716 σοφιζόμενος
1699 2649 1727 2700 ὁ
1774 2648 1927 2712 Θεὸς,
1960 2649 2063 2718 ἀφ-

548 2797 574 2827 ’
595 2798 687 2846 Καὶ
707 2798 974 2856 πλεονεξίαν
994 2799 1043 2850 in
1066 2802 1238 2851 Morel.
1275 2802 1446 2853 deerat
1470 2816 1482 2852 :
1507 2805 1556 2853 in
1575 2805 1686 2856 aliis
1706 2804 1935 2857 habetur.

1176 284 1232 339 S.
1273 284 1561 341 JOANNIS
1589 282 2084 342 CHRYSOSTOMI
2119 280 2439 339 ARCHIEP.
2474 278 3023 338 CONSTANTINOP.

3646 281 3750 343 £98

2174 394 2417 459 υπνίζειν
2445 395 2640 459 αὐτοὺς
2659 396 2831 468 ταύτῃ
2866 395 3171 467 μεθώδευσε
3217 399 3282 468 τῇ
3339 397 3518 467 σοφία,
3548 396 3747 452 ἀνακε-

2173 479 2347 548 ρὰσας
2375 479 2452 549 τῷ
2474 478 2619 549 πόνῳ
2644 480 2743 550 τῆς
2769 480 3095 550 προσεδρίας
3122 480 3183 534 τὸ
3207 481 3307 552 ἡδὺ
3335 481 3433 549 τῆς
3458 480 3744 550 μελῳδίας.

2172 563 2237 615 Τί
2268 563 2323 615 δέ
2354 566 2520 627 ἐστιν,
2560 565 2655 615 Ἐν
2670 564 2952 634 κυμϐάλῳ
2975 565 3313 634 anteactae;
3336 565 3475 627 Τοὺς
3498 564 3747 633 ψαλμοὺς

2170 645 2312 699 οὕτω
2347 647 2528 716 φησίν.
2551 648 2624 699 Οὐ
2659 646 2768 718 γὰρ
2798 648 2983 712 ἁπλῶς
3013 647 3398 719 ἐκυμϐάλιζον,
3419 649 3542 700 οὐδὲ
3562 647 3748 711 ἁπλῶς

2171 728 2501 800 ἐκιθάριζον,
2545 730 2660 783 ἀλλ’
2689 731 2763 793 ὡς
2798 725 2909 785 οἷόν
2939 749 2999 784 τε
3038 727 3127 802 ἦν,
3160 732 3254 784 καὶ
3281 730 3369 783 διὰ
3399 731 3508 783 τῶν
3533 730 3746 799 κυμϐά-

2169 812 2296 874 λων,
2323 816 2416 867 καὶ
2436 814 2524 868 διὰ
2544 815 2653 867 τῶν
2682 815 3017 884 σαλπίγγων,
3041 815 3137 869 καὶ
3158 814 3248 869 διὰ
3265 814 3374 867 τῶν
3397 814 3495 883 τῆς
3515 814 3746 884 κιθάρας

2173 895 2321 967 [505]
2348 897 2578 969 ψαλμῶν
2623 897 2721 963 τάς
2766 899 3041 969 σημασίας
3086 898 3499 967 ἐνδεικνύμενοι·
3552 899 3645 950 καὶ
3675 892 3744 967 ἦν

2170 981 2352 1044 αὐτοῖς
2381 982 2460 1043 είς
2489 980 2661 1035 ταῦτα
2694 983 2899 1052 σπουδὴ
2944 983 3037 1036 καὶ
3071 982 3231 1044 πόνος
3274 981 3407 1035 πολὺ
3452 981 3511 1033 τὸ
3556 980 3743 1051 κέρδος

2171 1062 2369 1132 φέρων.
2403 1062 2579 1117 Πᾶσα
2599 1065 2755 1133 πνοὴ
2785 1064 3079 1119 αίνεσὰτω
3107 1066 3214 1118 τὸν
3247 1066 3487 1132 Κύριον.
3523 1063 3739 1135 Ἐπειδὴ

2168 1146 2276 1219 γάρ
2297 1147 2323 1186 ι)
2345 1148 2569 1201 ἐκάλεσε
2596 1149 2721 1213 τοὺς
2761 1148 2819 1216 ἐξ
2861 1148 3113 1219 οὐρανοῦ,
3145 1147 3330 1219 ἐπειδὴ
3367 1149 3607 1219 διήγειρε
3652 1146 3742 1201 τὸν

2166 1229 2356 1299 δῆμον,
2396 1230 2584 1302 ἐπειδὴ
2622 1231 2691 1286 τὰ
2725 1231 2933 1303 ὄργανα
2976 1228 3189 1284 ἅπαντα
3216 1233 3486 1302 ἐκίνησεν,
3526 1233 3606 1294 είς
3641 1230 3741 1299 τὴν

2169 1311 2327 1381 φύσιν
2359 1314 2536 1366 πᾶσαν
2581 1315 2821 1368 ἐκὸαίνει
2853 1314 3058 1374 λοιπὸν,
3094 1315 3274 1367 πᾶσαν
3302 1313 3515 1384 ἡλικίαν
3541 1315 3618 1375 εἰς
3642 1311 3740 1383 τὴν

2171 1396 2433 1467 μελῳδίαν
2455 1397 2653 1461 καλῶν,
2682 1397 3016 1469 πρεσϐύτας,
3038 1397 3256 1467 ἄνδρας,
3283 1397 3458 1460 νέους,
3481 1395 3738 1466 ἐφήϐους,

2168 1482 2453 1547 γυναῖκας,
2495 1482 2740 1545 ἅπαντας
2783 1482 2907 1544 τοὺς
2951 1482 3050 1552 τὴν
3079 1481 3399 1551 οἰκουμένην
3437 1480 3737 1543 οἰκοῦντας,

2167 1563 2263 1615 καὶ
2302 1563 2551 1618 ἐντεῦθεν
2602 1565 2701 1635 ἢδη
2762 1565 3337 1635 προκαταϐαλλὸμενος
3388 1564 3489 1632 τῆς
3536 1562 3741 1631 Καινῆς

2163 1646 2437 1717 Διαθήκης
2472 1647 2543 1701 τὰ
2584 1648 2876 1719 σπέρματα
2917 1651 3029 1711 τοῖς
3077 1648 3350 1718 πανταχοῦ
3391 1647 3495 1717 γῆς
3524 1649 3741 1699 ἐκτετα-

2169 1730 2368 1800 μένοις.
2421 1729 2668 1801 Αίνῶμεν
2699 1732 2880 1784 τοίνυν
2904 1732 2995 1785 τὸν
3026 1732 3157 1785 Θεὸν
3194 1730 3478 1801 διηνεκῶς,
3515 1731 3588 1801 μὴ
3622 1730 3737 1783 δια-

2164 1811 2437 1883 λείπωμεν
2495 1814 2637 1885 ὑπὲρ
2689 1815 2944 1869 ἁπάντων
3007 1814 3475 1886 εὐχαριστοῦντες,
3519 1814 3611 1867 καὶ
3648 1812 3739 1867 διὰ

2168 1897 2446 1967 ῥημάτων,
2480 1897 2574 1950 καὶ
2597 1897 2684 1950 διὰ
2715 1897 2824 1951 τῶν
2860 1899 3222 1968 πραγμάτων.
3265 1898 3415 1967 Αὕτη
3446 1897 3554 1968 γὰρ
3583 1895 3738 1968 ἡμῶν

2166 1979 2326 2033 θυσία
2367 1980 2462 2032 καὶ
2513 1981 2837 2051 προσφορὰ,
2884 1980 3024 2050 αὕτη
3060 1981 3370 2051 λειτουργία
3419 1981 3612 2050 ἀρίστη
3645 1978 3740 2032 καὶ

2164 2065 2283 2126 ταῖς
2311 2062 2627 2131 ἀγγελικαῖς
2658 2063 2954 2128 πολιτείαις
2978 2066 3205 2118 ἐοικυῖα.
3233 2065 3353 2118 Κᾶν
3375 2064 3739 2134 διαμείνωμεν

2164 2144 2334 2208 οὕτως
2382 2146 2543 2200 αὑτὸν
2598 2146 2999 2217 ἀνυμνοῦντες,
3040 2149 3133 2202 καὶ
3186 2149 3276 2201 τὸν
3333 2148 3575 2219 παρόντα
3627 2144 3739 2215 βίον

2164 2226 2530 2298 ἀπροσκόπως
2562 2228 2855 2300 ἀνύσομεν,
2884 2228 2989 2285 ’καὶ
3028 2232 3136 2285 τῶν
3169 2231 3464 2303 μελλόντων
3503 2228 3741 2283 ἀπολαυ-

2165 2309 2373 2380 σόμεθα
2401 2310 2639 2380 ἀγαθῶν·
2673 2306 2748 2366 ὧν
2778 2315 2987 2382 γένοιτο
3026 2316 3229 2379 πάντας
3256 2315 3403 2386 ἡμᾶς
3442 2312 3737 2382 ἐπιτυχεῖν.

2169 2395 2352 2465 χάριτι
2399 2396 2491 2449 καὶ
2535 2395 2913 2471 φιλανθρωπίᾳ
2955 2399 3048 2452 τοῦ
3096 2400 3300 2469 Κυρίου
3355 2397 3509 2467 ἡμῶν
3564 2394 3737 2466 Ἰησοῦ

2164 2477 2424 2548 Χριστοῦ,
2461 2480 2580 2549 μεθ’
2612 2475 2673 2534 οὗ
2708 2480 2787 2552 τῷ
2830 2482 3004 2552 Πατρὶ
3028 2482 3143 2551 ἆμα
3175 2481 3254 2552 τῷ
3285 2482 3425 2553 ἁγίῳ
3462 2478 3740 2550 Πνεύματι

2163 2559 2309 2625 δόξα.
2339 2564 2559 2633 κράτος,
2597 2566 2753 2634 τιμὴ.
2786 2565 2881 2617 νῦν
2925 2567 3020 2619 καὶ
3056 2566 3174 2631 ἀεὶ,
3205 2567 3301 2618 καὶ
3341 2568 3421 2629 είς
3447 2565 3574 2628 τοὺς
3606 2561 3739 2618 alti-

2163 2660 2262 2707 νας
2291 2644 2401 2700 τῶν
2425 2647 2659 2701 αἰώνων.
2700 2648 2892 2719 Ἀμήν.

2228 2800 2258 2840 b
2279 2801 2376 2865 Γάρ
2394 2802 2539 2853 deest
2558 2801 2609 2853 in
2641 2803 2793 2854 Savil.

493 3364 1227 3395 wv—ﬁ
1240 3374 1255 3381 ι
1268 3367 2745 3378 ———.—————————-——-——-————-——-——————
2758 3363 3702 3393 -ιι--ῆοο--η---ηω

560 3648 662 3711 AD
704 3649 900 3713 DUAS
940 3651 1300 3714 HOMLLIAS
1339 3652 1421 3712 IN
1463 3650 1711 3724 ILLUD,
1751 3648 1851 3708 NE
1892 3646 2261 3707 TIMUERIS
2303 3648 2456 3708 CUM
2501 3646 2719 3708 DIVES
2760 3644 3044 3704 FACTUS
3084 3644 3366 3704 FUERIT
3410 3642 3647 3717 HOMO,

553 3901 630 3956 De
657 3900 808 3955 hisce
836 3900 1047 3955 duabus
1075 3898 1315 3953 homiliis
1342 3899 1456 3953 haec
1486 3897 1653 3952 habet
1680 3895 1914 3951 Savilius
1941 3896 1993 3950 in
2029 3894 2182 3950 Notis
2210 3895 2366 3950 Tom.
2404 3897 2456 3957 8.
2487 3896 2591 3951 col.
2637 3895 2734 3950 721
2769 3914 2782 3949 :
2824 3914 2842 3946 ι
2883 3894 3054 3966 Hujus
3095 3896 3356 3953 orationis
3389 3903 3444 3950 et
3484 3894 3731 3963 proxime

482 3992 762 4063 sequentis
790 3991 1101 4063 apographa
1127 4007 1192 4045 ex
1230 3991 1559 4045 Bibliotheca
1590 3989 1726 4044 Novi
1755 3984 1975 4060 Collegii
2003 3988 2327 4044 Oxoniensis
2361 3989 2652 4058 descripta.
2698 3987 2936 4043 Priorem
2978 3990 3384 4067 emendavimus
3422 4003 3488 4042 ex
3516 3986 3730 4041 duobus

484 4087 867 4157 Manuscriptis
897 4087 950 4140 in
982 4086 1315 4141 Bibliotheca
1347 4083 1513 4154 Regia
1543 4084 1785 4145 Lutetiae,
1832 4100 1941 4137 uno
1978 4083 2227 4137 Czesareo
2272 4082 2533 4148 Viennae;
2566 4091 2623 4136 et
2668 4082 2852 4137 codice
2896 4099 3095 4139 excuso
3128 4084 3357 4139 Lutetia:
3392 4082 3548 4137 1554.
3594 4080 3728 4134 Nam

481 4194 555 4235 ne
584 4179 815 4243 nescias,
850 4178 1065 4243 Lector,
1103 4178 1289 4232 eadem
1318 4184 1402 4230 est
1438 4176 1553 4230 hazc
1594 4184 1777 4230 nostra
1808 4190 1931 4228 cum
1964 4174 2052 4227 illa
2081 4189 2277 4228 excusa
2323 4172 2602 4243 (quamvis
2646 4172 2799 4227 initia
2839 4172 2947 4227 sint
2992 4174 3276 4245 diversa),
3313 4172 3558 4244 pauculis
3588 4171 3729 4225 dun-

482 4281 630 4327 taxat
663 4271 924 4340 exceptis.
962 4270 1020 4323 ln
1049 4269 1347 4339 posteriore
1372 4267 1617 4322 oratione
1644 4266 1803 4337 plana
1835 4277 1964 4322 sunt
1992 4267 2172 4321 omnia
2200 4284 2212 4319 :
2248 4266 2301 4319 in
2333 4266 2514 4335 priore
2543 4282 2652 4320 non
2698 4282 2865 4336 pauca
2902 4267 3075 4321 hiulca
3121 4276 3177 4322 et
3217 4281 3427 4337 aspera.
3467 4262 3730 4319 Praestiti-

484 4379 606 4417 mus
633 4362 777 4431 quod
809 4362 1103 4431 potuimus,
1133 4371 1193 4416 ut
1215 4362 1332 4416 loca
1360 4377 1481 4431 qua:
1505 4360 1688 4415 minus
1717 4360 1996 4430 placerent
2024 4370 2357 4422 notaremus,
2390 4357 2684 4429 ingeniosis
2729 4367 2784 4412 et
2814 4357 3095 4412 industriis
3122 4358 3416 4413 lectoribus
3441 4356 3524 4410 vel
3556 4356 3728 4409 inter-

482 4454 763 4523 pretanda,
791 4454 874 4508 vel
908 4454 1264 4508 emendanda.
1297 4453 1538 4522 Utraque
1566 4452 1788 4523 γνησία,
1819 4460 1875 4506 et
1896 4451 2101 4517 habita,
2132 4460 2192 4504 ut
2223 4452 2437 4522 opinor,
2465 4450 2956 4520 Constantinopoli,
2999 4459 3054 4507 et
3091 4450 3308 4520 quidem
3348 4449 3618 4521 posterior
3648 4447 3712 4503 vi-

480 4542 640 4600 detur
665 4561 695 4599 a
726 4545 934 4600 Joanne
966 4552 1154 4598 nostro
1183 4543 1364 4597 habita
1392 4552 1517 4613 post
1544 4543 1705 4597 aliam
1738 4543 1806 4597 ab
1835 4542 2016 4611 aliquo
2046 4542 2380 4613 presbytero,
2413 4540 2642 4597 fortasse
2676 4556 2795 4606 suo,
2825 4540 3044 4595 dictam.
3073 4559 3091 4591 ι

554 4640 763 4706 Quanta
797 4640 867 4696 sit
901 4640 1352 4710 exemplariorum
1386 4640 1623 4694 varietas
1652 4639 1707 4692 in
1739 4638 1912 4708 prima
1958 4637 2200 4701 homilia,
2242 4653 2367 4691 mox
2407 4636 2618 4691 videbis
2656 4636 2710 4689 in
2750 4645 2879 4691 nota
2913 4635 2980 4691 ad
3029 4636 3192 4689 imam
3228 4634 3474 4705 paginam
3514 4631 3727 4701 posita;

481 4750 603 4803 quae
629 4735 884 4795 varietas.
913 4735 1013 4790 etsi
1041 4751 1150 4789 non
1180 4734 1382 4804 ubique
1414 4743 1583 4800 tanta,
1622 4734 1943 4788 observatur
1986 4732 2098 4786 fere
2143 4748 2243 4803 per
2277 4741 2444 4787 totam
2495 4732 2636 4785 hanc
2678 4729 2973 4784 homiliam.
3029 4729 3341 4801 Cogitabam
3392 4724 3549 4780 initio
3599 4738 3729 4777 num

484 4829 602 4884 haec
628 4828 845 4881 homilia
876 4844 940 4881 ex
964 4842 1149 4881 earum
1184 4842 1411 4881 numero
1436 4835 1599 4889 esset,
1631 4842 1767 4895 quas
1797 4826 1893 4881 abs
1928 4841 1986 4880 se
2022 4833 2359 4888 retractatas,
2392 4832 2645 4886 mutatas,
2671 4831 2878 4888 auctas,
2907 4822 3119 4891 aliaque
3144 4818 3407 4890 principia
3440 4815 3734 4887 praeferen-

486 4929 585 4981 tes,
614 4921 697 4974 bis
725 4927 819 4973 aut
850 4920 1054 4988 pluries
1084 4919 1148 4972 ad
1187 4919 1444 4988 populum
1477 4917 1761 4972 habuisset
1791 4916 2230 4988 Chrysostomus.
2271 4914 2458 4985 quales
2488 4914 2723 4969 vidimus
2752 4913 2925 4968 Tomo
2956 4912 3194 4968 secundo
3224 4912 3379 4976 duas,
3412 4910 3633 4964 alteram
3664 4907 3732 4962 de

484 5019 619 5073 suda
652 5016 947 5086 proditore,
975 5031 1026 5085 p.
1061 5015 1185 5079 586,
1221 5015 1446 5069 alteram
1477 5014 1545 5069 de
1569 5012 1745 5067 Cruce
1770 5021 1826 5067 et
1852 5012 2107 5075 Latrone,
2140 5027 2192 5082 p.
2232 5011 2330 5065 4H
2365 5030 2378 5065 :
2412 5026 2601 5064 verum
2631 5025 2691 5064 re
2733 5009 3040 5064 accuratius
3080 5022 3371 5078 perpensa.
3397 5002 3728 5076 deprehendi

484 5119 693 5166 tantam
727 5106 1179 5176 exemplariorum
1219 5106 1538 5160 varietatem
1584 5119 1649 5157 ex
1685 5102 1988 5157 temerariis
2037 5102 2261 5156 ausibus
2301 5099 2789 5171 nugacissimorum
2838 5098 3207 5154 Graeculorum
3254 5095 3539 5167 prodiisse.
3578 5092 3732 5159 Quod

484 5203 667 5257 videas
701 5200 931 5254 maxime
958 5199 1012 5252 in
1040 5207 1313 5269 postrema
1344 5207 1494 5264 nota,
1522 5199 1612 5252 ubi
1643 5213 1710 5252 ex
1733 5212 1843 5251 uno
1868 5196 2036 5267 Regio
2061 5195 2260 5251 Codice
2290 5194 2494 5248 naenias
2534 5193 2862 5263 protulimus
2902 5190 3224 5245 solmcismis
3258 5189 3469 5259 plenas,
3500 5202 3566 5242 ac
3592 5201 3732 5255 quo-

484 5296 565 5349 vis
596 5293 772 5364 sagaci
808 5291 1050 5356 homine,
1072 5306 1144 5344 ne
1170 5290 1346 5344 dicam
1378 5291 1787 5360 Chrysostomo,
1814 5288 2083 5357 indignas.

554 5382 1023 5453 Constantinopoli
1050 5390 1234 5436 autem
1267 5381 1505 5435 habitam
1532 5381 1697 5435 fuisse
1722 5380 1951 5434 suadent
1987 5380 2105 5433 haec
2134 5377 2297 5433 verba
2329 5394 2479 5432 num.
2513 5377 2547 5429 2
2575 5394 2588 5429 :
2620 5376 2798 5431 Nostis
2834 5393 2923 5431 vos
2955 5378 3232 5430 innumera
3265 5372 3502 5441 exempla
3541 5373 3598 5425 in
3635 5370 3736 5425 hac

483 5479 607 5533 urbe
637 5479 775 5531 circa
806 5475 1225 5544 intempestivam
1254 5473 1551 5542 Imjusmodi
1572 5473 1879 5526 divitiarum
1894 5472 2169 5541 jacturam
2194 5487 2212 5524 :
2244 5481 2292 5524 et
2328 5470 2601 5529 didicistis.
2633 5470 2832 5523 vivente
2858 5484 3151 5537 possessore
3181 5465 3330 5538 [504]
3363 5464 3730 5534 possessionem

484 5572 736 5636 periisse:
767 5568 1073 5622 diuitiarum
1106 5567 1244 5620 enim
1269 5565 1391 5633 ﬁnis
1417 5575 1491 5619 est
1522 5566 1745 5619 mutatio
1774 5565 1830 5617 in
1859 5574 2244 5634 paupertatem.
2277 5563 2544 5633 Perpende
2570 5563 2731 5633 igitur
2767 5561 3125 5631 quambrevis
3155 5559 3403 5628 temporis
3430 5557 3497 5610 sit
3533 5572 3734 5624 posses-

485 5666 584 5720 sio.
615 5666 753 5716 Nam
786 5678 1051 5731 possessor
1084 5662 1209 5716 vivit
1254 5670 1367 5731 post
1405 5661 1680 5731 jacturam
1725 5662 2080 5731 possessionis.
2111 5660 2279 5729 Atque
2308 5660 2514 5712 utinam
2552 5658 2791 5727 periisset
2837 5655 3111 5723 possessio,
3163 5669 3327 5723 neque
3367 5652 3425 5704 in
3454 5650 3731 5718 perniciem

484 5757 728 5811 traxisset
762 5757 932 5826 ipsum
958 5773 1322 5827 possessorem.
1355 5758 1472 5812 Non
1504 5757 1761 5811 erraveris
1793 5757 1954 5827 igitur
1998 5756 2043 5809 si
2073 5754 2269 5809 dixeris
2316 5753 2528 5807 divitias
2572 5767 2684 5805 esse
2724 5750 3063 5803 domesticum
3103 5747 3371 5818 ingratum
3392 5786 3407 5811 ,
3441 5742 3727 5813 sanguina-
