4084 6346
369 350 468 408 ⁸97

366 465 568 522 laudate
590 478 703 518 eum
727 461 782 518 in
806 457 1050 531 cymbalis
1062 453 1380 529 jubilationis
1406 451 1504 522 (a).
1536 451 1706 508 Alius.
1736 446 1803 502 ln
1820 463 1954 518 cym-

366 556 493 610 balis
531 552 934 624 signiﬁcationis.
981 548 1164 605 Omnis
1203 546 1412 616 spiritus
1450 542 1621 598 laudet
1663 540 1958 594 Dominum.

363 648 546 712 Alius,
572 644 881 715 Rcspiratio,
909 641 1083 696 Movet
1107 638 1285 694 omnia
1304 637 1652 691 instrumenta
1689 673 1704 699 ,
1733 642 1786 685 et
1808 631 1965 700 jubet

367 756 461 809 per
479 737 657 792 omnia
680 735 861 790 olferri
891 735 1001 789 Deo
1032 729 1467 793 modulationem,
1497 740 1685 782 eorum
1717 725 1955 777 animum

370 830 673 886 accendens
701 838 755 883 et
779 829 1039 883 excitans.

437 922 663 979 Membra
702 932 873 976 nostra
901 931 955 973 ut
975 918 1135 973 Deum
1156 916 1363 972 laudent
1383 932 1400 980 ;
1420 913 1611 967 musica
1634 912 1963 965 instrumenta

364 1032 455 1071 cur
466 1015 662 1069 Juda’is
683 1014 949 1083 permissa;
967 1022 1079 1065 tuus
1095 1010 1190 1065 Dei
1212 1008 1515 1077 sacriﬁcium
1536 1006 1581 1059 ei
1596 1004 1957 1076 gratissimum.

365 1103 893 1174 -Quemadmodum
913 1118 1041 1173 ergo
1052 1101 1079 1157 J
1087 1101 1251 1156 udmis
1269 1114 1366 1170 per
1385 1098 1561 1153 omnia
1578 1098 1923 1151 instrumenta
1943 1110 1955 1146 :

365 1199 436 1255 ita
463 1196 617 1253 nobis
637 1196 941 1267 prmcipitur
972 1180 1188 1248 laudare
1204 1191 1370 1246 Deum
1386 1205 1482 1261 per
1501 1189 1677 1243 omnia
1701 1185 1956 1250 membra,

364 1305 461 1359 per
504 1288 724 1352 oculos,
758 1300 851 1355 per
881 1285 1111 1355 linguam
1149 1324 1164 1349 ,
1196 1298 1292 1353 per
1320 1297 1494 1347 aures,
1535 1287 1590 1335 et
1630 1293 1723 1348 per
1750 1291 1958 1330 manus.

366 1377 518 1446 Quod
532 1376 745 1447 quidem
766 1376 959 1431 Paulus
973 1390 1183 1444 quoque
1198 1372 1457 1444 signiﬁcat
1473 1371 1659 1426 dicens
1678 1388 1690 1420 :
1716 1368 1961 1423 Exliibete

368 1485 586 1540 corpora
609 1478 770 1523 vestra
801 1467 1017 1521 hostiam
1043 1467 1235 1532 vivam,
1257 1474 1484 1519 sanctam
1502 1503 1517 1529 ,
1551 1461 1654 1517 Deo
1689 1461 1810 1514 bene
1836 1460 1950 1530 pla-

368 1570 582 1626 centem,
614 1559 913 1614 rationalem
941 1559 1131 1613 cultum
1150 1567 1367 1613 vestrum
1393 1555 1569 1628 (Rom.
1600 1554 1686 1610 l2.
1714 1552 1789 1624 l).
1813 1553 1956 1607 Lau—

368 1652 459 1708 dat
485 1652 627 1707 enim
680 1651 870 1706 oculus
888 1692 904 1717 ,
931 1649 1144 1720 quando
1170 1665 1275 1706 non
1305 1650 1538 1705 intuetur
1564 1629 1831 1718 impudice
1857 1662 1871 1699 :
1904 1653 1959 1700 ct

369 1746 567 1817 lingua,
595 1747 807 1816 quando
849 1743 1028 1814 psallit
1066 1759 1080 1795 :
1119 1750 1174 1799 et
1215 1741 1393 1807 auris,
1427 1738 1643 1811 quando
1688 1737 1959 1807 improbas

372 1839 665 1895 cantilenas
693 1847 749 1894 et
788 1837 1184 1893 accusationem
1226 1835 1454 1906 proximi
1480 1849 1585 1888 non
1607 1832 1833 1903 suscipit
1860 1847 1874 1884 :
1903 1839 1959 1886 et

372 1946 526 1987 mens
551 1970 565 1996 ,
596 1929 811 2001 quando
835 1928 989 1984 dolos
1017 1942 1125 1982 non
1167 1927 1364 1992 struit,
1393 1925 1488 1980 sed
1519 1924 1673 1994 plena
1700 1931 1784 1979 est
1811 1922 1957 1978 cari-

372 2030 521 2078 tate:
550 2031 606 2078 et
634 2020 832 2091 pedes,
858 2019 1071 2092 quando
1098 2034 1204 2075 non
1250 2027 1473 2074 currunt
1511 2016 1566 2071 in
1595 2016 1779 2070 vitium
1799 2057 1815 2083 ,
1861 2013 1954 2070 sed

371 2114 440 2170 ad
482 2129 570 2169 res
608 2114 772 2170 bonas
818 2112 1076 2185 gerendas
1105 2130 1118 2166 :
1147 2122 1201 2167 et
1245 2126 1468 2177 manus,
1499 2109 1710 2181 quando
1754 2124 1858 2163 non
1889 2108 1958 2163 ad

373 2206 508 2261 furta
534 2214 588 2261 et
610 2206 853 2278 rapinas,
886 2221 984 2260 nec
1012 2205 1077 2260 ad
1105 2203 1421 2275 pulsandum
1449 2211 1503 2257 et
1530 2200 1953 2268 verberandum,

373 2297 468 2352 sed
507 2297 572 2351 ad
599 2296 991 2367 eleemosynam
1010 2337 1027 2363 ,
1055 2305 1108 2351 et
1154 2293 1222 2350 ad
1249 2308 1344 2349 eos
1372 2291 1735 2347 defendendos
1764 2291 1958 2360 quibus

374 2386 433 2441 ﬁt
460 2386 650 2457 injuria
676 2386 1054 2441 extenduntur.
1078 2385 1228 2441 Tunc
1246 2385 1389 2439 enim
1412 2386 1470 2438 lit
1492 2383 1650 2438 homo
1670 2397 1956 2437 numerosa

372 2477 608 2544 cithara,
639 2491 978 2533 numerosam
1008 2486 1062 2532 et
1084 2476 1372 2549 spiritalem
1404 2474 1817 2529 modulationem
1848 2473 1957 2528 Deo

372 2571 623 2626 olferens.
672 2568 764 2623 llla
791 2579 967 2624 autem
998 2569 1349 2624 instrumenta
1396 2575 1521 2621 tunc
1560 2565 1668 2620 illis
1695 2564 1954 2636 permissa

374 2661 603 2727 fuerant,
635 2671 689 2716 et
712 2669 933 2731 propter
953 2674 1137 2715 eorum
1159 2657 1593 2725 imbecillitatem,
1614 2664 1670 2713 et
1696 2654 1837 2727 quod
1861 2669 1957 2711 eos
2006 2660 2011 2663 ’

375 2754 428 2807 in
458 2753 677 2808 caritate
701 2763 755 2807 et
797 2753 1081 2808 concordia
1110 2758 1572 2821 contemperarent
1594 2791 1608 2815 ,
1637 2755 1692 2804 et
1717 2758 1953 2803 mentem

378 2859 563 2900 eorum
594 2844 907 2910 excitarent,
940 2852 999 2898 ut
1025 2843 1270 2898 lubenter
1295 2841 1533 2896 facerent
1556 2855 1676 2910 quae
1703 2840 1782 2894 eis
1801 2846 1955 2893 erant

439 2935 513 2998 (a)
544 2936 658 2994 Quis
693 2936 762 2986 ita
793 2936 1002 2998 verterit
1042 2936 1335 2998 ignoramus.
1371 2932 1503 2998 Infra
1524 2945 1644 2983 vero
1666 2946 1781 2993 vox,
1804 2930 1959 2998 respi-

375 2994 526 3057 ratio,
562 3012 677 3059 pro,
706 3001 900 3057 noun,
939 2996 998 3045 ad
1021 2994 1125 3045 tres
1148 2997 1416 3056 praecipuos
1450 2997 1779 3056 interpretes,
1803 2994 1956 3055 Aqui-

370 3063 469 3128 lam
494 3103 506 3123 ,
552 3067 896 3128 Symmachum
922 3072 975 3114 et
1011 3065 1407 3128 Theodotionem
1449 3063 1709 3128 pertinere
1757 3066 1944 3128 potest,

371 3127 459 3176 aui
480 3128 553 3177 sic
588 3126 842 3192 (ἀναπνοή)
883 3125 1204 3191 interpretari
1234 3127 1417 3177 solent.

1461 333 1820 395 EXPOSITIO
1858 331 1922 388 IN
1960 328 2278 386 FSALMUM
2316 327 2415 382 CL.

3567 326 3668 384 493

2072 463 2225 517 utilia
2262 480 2275 515 :
2305 472 2360 517 et
2388 464 2528 516 ouod
2560 476 2654 529 per
2681 460 2837 515 talem
2868 460 3031 515 animi
3063 459 3473 516 delectationem
3501 460 3666 515 vellet

2071 570 2166 609 eos
2192 565 2259 608 ad
2285 554 2457 623 majus
2484 552 2717 607 studium
2743 552 3025 609 adducere.
3053 552 3186 608 Cum
3218 556 3362 609 enim
3405 555 3546 609 Dens
3578 555 3662 608 in-

2069 647 2336 717 telligeret
2360 660 2517 714 quam
2546 656 2725 699 essent
2749 645 3061 710 illiberales,
3090 646 3343 701 socordes
3367 656 3421 701 et
3449 646 3623 715 supini
3647 688 3661 712 ,

2070 753 2165 793 eos
2193 737 2292 792 hac
2321 737 2529 791 ratione
2576 737 2816 791 excitare
2846 737 3042 803 voluit,
3069 752 3254 791 eorum
3284 738 3335 791 in
3379 736 3662 793 assidendo

2071 830 2306 885 laborem
2335 837 2390 884 et
2411 828 2776 883 assiduitatem
2803 828 3034 898 jucunda
3067 828 3431 883 modulatione
3457 839 3662 896 tempe.

2070 938 2215 977 rans.
2266 919 2406 988 Quid
2451 930 2534 974 est
2578 930 2796 983 autem,
2845 919 2899 972 in
2938 919 3180 991 cymbalis
3230 918 3657 991 signiﬁcationis?

2068 1012 2311 1067 Psalmos
2359 1013 2430 1066 ita
2475 1011 2625 1066 dicit.
2674 1009 2858 1080 Neque
2910 1011 3055 1065 enim
3102 1022 3305 1067 temere
3355 1011 3660 1083 cymbalum

2069 1106 2379 1175 pulsabant,
2414 1119 2513 1158 nec
2538 1112 2741 1159 temere
2783 1102 2987 1159 cithara
3017 1103 3307 1171 sonabant,
3347 1103 3442 1159 sed
3485 1119 3660 1173 quan-

2068 1206 2179 1251 tum
2207 1196 2323 1251 ﬁeri
2368 1204 2613 1266 poterat,
2640 1210 2733 1265 per
2758 1195 3021 1267 cymbala,
3054 1209 3153 1264 per
3194 1195 3350 1249 tubas
3376 1204 3432 1249 et
3463 1209 3561 1266 per
3584 1195 3665 1250 ci-

2069 1292 2274 1345 tharam
2306 1288 2666 1344 ostendebant
2712 1287 3157 1358 signiﬁcationem
3207 1287 3574 1357 psalmorum:
3604 1296 3661 1342 et

2069 1383 2218 1437 labor
2247 1382 2589 1452 studiumque
2609 1424 2622 1447 ,
2656 1381 2796 1450 quod
2831 1381 2883 1435 in
2910 1381 3023 1435 haec
3052 1379 3428 1445 conferebant,
3460 1379 3658 1434 affere-

2065 1475 2157 1529 bat
2185 1475 2265 1528 eis
2292 1489 2539 1544 magnam
2569 1472 2872 1527 utilitatem.
2908 1470 3087 1526 Omnis
3115 1472 3326 1541 spiritus
3352 1469 3524 1526 laudet
3548 1469 3657 1524 Do.

2068 1564 2281 1618 miunm.
2318 1565 2605 1634 Postquam
2633 1563 2773 1617 enim
2799 1563 3005 1618 vocavit
3028 1577 3123 1617 eos
3144 1562 3233 1632 qui
3255 1572 3381 1617 sunt
3407 1562 3462 1616 in
3486 1562 3655 1628 caelis,

2066 1665 2345 1725 postquam
2374 1654 2626 1724 populum
2649 1654 2895 1708 excitavit
2917 1695 2931 1718 ,
2959 1664 3233 1723 postquam
3264 1653 3439 1708 omnia
3463 1654 3661 1707 instrna

2069 1756 2247 1801 menta
2276 1746 2596 1812 commovit,
2626 1745 2693 1799 ad
2716 1760 2929 1800 omnem
2951 1745 3202 1814 deinceps
3231 1753 3472 1799 naturam
3506 1760 3658 1813 egre-

2066 1837 2230 1905 ditur,
2264 1851 2478 1892 omnem
2507 1836 2760 1906 deinceps
2787 1846 2999 1891 mtatem
3028 1850 3223 1889 vocans
3253 1835 3318 1889 ad
3342 1835 3659 1889 modulatio-

2065 1944 2212 1996 nem,
2244 1943 2425 1997 senes,
2447 1928 2616 1993 viros,
2639 1928 2862 1998 juvenes
2882 1968 2896 1991 ,
2926 1928 3228 1996 impuberes
3254 1969 3269 1991 ,
3300 1926 3570 1989 mulieres.
3601 1934 3658 1980 et

2063 2035 2253 2076 omnes
2277 2022 2368 2090 qui
2408 2022 2593 2077 orbem
2625 2030 2784 2075 terrae
2829 2020 3088 2084 habitant,
3136 2036 3200 2075 ex
3229 2020 3331 2075 hoc
3377 2020 3496 2073 loco
3523 2020 3654 2074 Novi

2062 2112 2389 2169 Testamenti
2415 2114 2523 2183 jam
2574 2113 2776 2167 semina
2806 2111 3063 2183 dejiciens
3104 2113 3169 2167 iis
3196 2113 3283 2182 qui
3314 2128 3409 2183 per
3435 2113 3654 2167 univer-

2063 2219 2182 2258 sum
2234 2203 2421 2258 orbem
2479 2214 2634 2258 terra:
2683 2203 2891 2258 extensi
2939 2212 3084 2258 sunt.
3134 2203 3299 2259 Deum
3345 2218 3473 2273 ergo
3526 2217 3655 2274 per-

2061 2306 2224 2366 petuo
2254 2293 2535 2349 laudemus
2558 2337 2573 2361 ,
2602 2309 2700 2350 nec
2738 2310 2835 2364 pro
2878 2295 3128 2348 omnibus
3166 2294 3366 2364 gratias
3402 2308 3559 2363 agere
3601 2300 3657 2347 et

2060 2387 2238 2443 verbis
2264 2395 2319 2440 et
2344 2386 2496 2441 factis
2526 2386 2961 2441 intermittamus.
2989 2385 3100 2440 Hoc
3125 2394 3208 2439 est
3235 2385 3374 2438 enim
3405 2394 3647 2439 nostrum

2060 2478 2403 2543 sacrilicium,
2424 2486 2480 2533 et
2505 2477 2726 2544 oblatio;
2752 2478 2854 2532 hoc
2878 2487 2963 2533 est
2987 2478 3245 2546 optimum
3275 2477 3653 2544 ministerium,

2059 2568 2205 2640 quod
2229 2569 2384 2624 decet
2407 2569 2701 2639 angelicam
2734 2570 2858 2622 vine
2885 2569 3294 2623 institutionem.
3318 2568 3385 2623 Et
3409 2568 3454 2623 si
3482 2568 3652 2622 Deum

2061 2663 2133 2717 ita
2164 2660 2381 2716 laudare
2412 2676 2819 2731 perseveremus
2842 2701 2858 2727 ,
2891 2669 2948 2716 et
2977 2671 3291 2730 pricsentem
3322 2663 3484 2715 vitam
3524 2660 3652 2716 abs—

2059 2767 2164 2823 que
2190 2753 2300 2807 ulla
2325 2750 2623 2807 oﬂ'ensione
2640 2764 2982 2822 peragemus,
3010 2762 3065 2806 et
3093 2752 3228 2806 bona
3257 2751 3431 2806 futura
3459 2765 3656 2806 conse-

2061 2858 2291 2914 quemur
2317 2862 2333 2899 :
2361 2858 2481 2913 quae
2508 2842 2667 2898 detur
2695 2842 2851 2896 nobis
2879 2842 3129 2897 omnibus
3157 2842 3411 2911 consequi
3435 2883 3450 2906 ,
3484 2844 3656 2912 gratia

2059 2947 2109 2992 el
2140 2936 2573 2992 miserationibus
2594 2936 2803 2990 Domini
2826 2935 2994 2989 nostri
3017 2935 3142 2991 .Iesu
3165 2935 3381 2997 Christi,
3404 2950 3525 2989 cum
3548 2949 3657 3005 quo

2061 3030 2206 3086 Patri
2239 3044 2361 3084 cum
2405 3037 2591 3084 sancto
2615 3028 2815 3098 Spiritu
2857 3028 3021 3098 gloria
3043 3068 3059 3092 ,
3097 3030 3265 3082 honor
3286 3069 3302 3092 ,
3336 3028 3654 3097 imperium,

2061 3135 2204 3175 nunc
2251 3127 2307 3174 et
2342 3129 2679 3189 semper,et
2721 3119 2775 3173 in
2827 3119 3019 3173 szccula
3071 3120 3410 3174 seculorum.
3460 3120 3653 3174 Amen.

1807 3710 2180 3773 MONITUM.

368 3974 508 4029 rium
532 3981 579 4027 et
605 3969 921 4026 homicidam
946 3985 964 4024 :
994 3967 1355 4031 domesticum,
1381 3963 1471 4034 qui
1499 3962 1555 4015 in
1581 3961 2054 4014 remunerationem
2082 3958 2206 4011 ltero
2234 3972 2408 4010 necem
2438 3956 2615 4027 infert.
2659 3955 2762 4012 Ubi
2803 3955 3048 4030 Eutropii
3082 3959 3209 4015 olim
3241 3968 3515 4030 potestate
3561 3970 3621 4019 et

368 4067 563 4137 opibus
587 4065 829 4123 ﬂorentis
848 4062 1206 4120 calamitatem
1241 4066 1294 4112 et
1319 4071 1510 4111 necem
1537 4067 1963 4111 commemorare
2006 4049 2230 4105 omnino
2271 4049 2509 4113 videtur,
2532 4064 2749 4105 necnon
2795 4053 3024 4109 aliorum
3065 4054 3359 4110 multorum
3396 4057 3487 4129 qui
3520 4070 3623 4127 per

369 4157 487 4211 hac
516 4165 757 4225 tempora
788 4147 1257 4220 Constantinopoli
1283 4147 1514 4202 fortuna:
1544 4142 1971 4200 vicissitudinem
2001 4139 2209 4210 experti
2244 4148 2390 4194 sunt.
2424 4139 2686 4211 Quodque
2711 4144 3109 4198 animadvertas
3143 4143 3326 4210 velim,
3361 4147 3451 4204 hic
3479 4162 3622 4217 pene

369 4246 501 4317 ipsis
531 4249 712 4304 verbis
739 4248 906 4302 multa
930 4244 1146 4314 repetit,
1185 4256 1305 4311 qua:
1335 4239 1389 4292 in
1422 4237 1596 4307 prima
1623 4236 1691 4290 de
1725 4232 1987 4302 Eutropio
2018 4230 2262 4295 homilia,
2294 4229 2451 4285 Tom.
2475 4233 2530 4293 5,
2560 4242 2616 4302 p.
2641 4233 2737 4288 581
2763 4243 2820 4289 et
2846 4249 3030 4304 seqq.,
3054 4234 3307 4305 pluribus
3337 4235 3618 4296 dicuntur.

368 4354 471 4395 nec
499 4356 608 4394 non
635 4340 792 4394 initio
822 4335 1098 4408 sequentis
1135 4334 1203 4388 de
1239 4329 1501 4400 Eutropio
1551 4327 1807 4383 homiliae.
1854 4324 2028 4378 Aliam
2075 4338 2292 4394 quoque
2334 4332 2518 4378 notam
2562 4324 2719 4380 aﬂert
2765 4326 3167 4392 Tillcmontius,
3199 4344 3305 4399 qua
3357 4330 3622 4399 probatur

368 4431 813 4503 Chrysostomum
846 4438 975 4483 tunc
1000 4426 1316 4496 episcopum
1367 4422 1485 4476 haec
1528 4418 1908 4474 concionatum
1950 4431 2115 4471 esse:
2168 4416 2292 4486 quia
2339 4416 2598 4471 nimirum
2639 4432 2761 4472 sese
2794 4429 3069 4489 pastorem
3122 4421 3254 4477 dicit
3293 4438 3528 4479 numero
3555 4423 3613 4490 4,

368 4533 530 4593 atque
564 4523 636 4577 ita
661 4523 792 4577 dicit
822 4530 881 4575 ut
907 4518 1232 4590 praecipuam
1262 4513 1495 4585 pastoris
1516 4510 1932 4568 sollicitudinem
1961 4511 2030 4564 ad
2067 4524 2127 4564 se
2156 4508 2433 4578 pertinere
2468 4520 2880 4566 commonstret.

440 4640 577 4695 Hinc
606 4638 770 4693 etiam
807 4635 958 4707 argui
986 4635 1202 4690 videtur
1249 4633 1391 4687 hanc
1430 4629 1708 4684 homiliam
1735 4625 2210 4695 Constantinopoli
2261 4626 2500 4681 habitam
2531 4626 2722 4691 fuisse,
2770 4628 2914 4697 quod
2942 4643 3178 4698 sequens
3222 4628 3466 4698 homilia,
3495 4648 3619 4703 qua:

368 4733 544 4788 eidem
596 4740 917 4803 argumento
973 4730 1197 4795 insistit,
1240 4737 1295 4784 et
1324 4728 1377 4781 in
1410 4726 1663 4782 eumdem
1711 4724 1780 4780 48
1820 4722 2017 4777 Psalmi
2049 4723 2225 4778 locum
2269 4723 2454 4778 habita
2480 4733 2583 4788 est,
2625 4722 3092 4795 Constantinopoli
3136 4724 3279 4781 dicta
3327 4726 3512 4797 fuerit,
3557 4736 3620 4785 ut

368 4825 426 4880 in
469 4825 629 4880 titulo
663 4825 855 4879 fertur:
880 4822 1012 4878 Haec
1053 4837 1217 4892 porro
1247 4819 1485 4875 secunda
1531 4817 1752 4873 homilia
1796 4832 1826 4871 a
1873 4813 2260 4887 Cbrysostomo
2305 4817 2656 4886 pronuntiata
2702 4816 2804 4871 fuit
2843 4826 3131 4887 postquam
3184 4820 3477 4889 quispiam,
3519 4838 3617 4879 seu

369 4918 655 4989 presbyter
708 4914 1369 4985 Constantinopolitanus,
1427 4928 1523 4967 seu
1564 4911 1788 4966 alterius
1836 4910 2069 4965 civitatis
2116 4910 2406 4980 episcopus
2455 4912 2811 4966 concionatus
2850 4910 3045 4977 fuerat,
3098 4920 3159 4967 ut
3211 4914 3368 4969 initio
3396 4916 3618 4973 dicitur.

370 5011 498 5066 Post
549 5009 812 5063 tumultus
869 5016 1050 5062 autem
1089 5005 1354 5075 quosdam
1385 5002 2018 5071 Constantinopolitanos
2050 5001 2233 5056 habita
2266 5001 2386 5066 fuit,
2434 5013 2495 5057 ut
2533 5004 2636 5058 sub
2689 5000 3208 5058 initium'indieatur
3255 5005 3341 5061 his
3389 5007 3617 5063 verbis:

368 5103 478 5174 Age
520 5117 640 5171 ergo
669 5117 760 5155 nos
783 5115 985 5170 quoque
1022 5096 1375 5158 tumultuum,
1421 5096 1511 5164 qui
1532 5094 1652 5164 jam
1696 5093 2040 5163 contigerunt,
2074 5091 2301 5161 procella
2350 5091 2585 5159 liberati,
2636 5101 2909 5162 tamquam
2960 5093 3262 5162 ﬂuvialibus
3305 5095 3619 5165 quibusdam

371 5191 524 5261 aquis
547 5207 702 5244 aures
731 5198 937 5244 nostras
960 5188 1177 5242 lectione
1204 5183 1603 5255 Scripturarum
1632 5183 1932 5237 abluamus.
1965 5181 2042 5235 De
2071 5197 2178 5250 quo
2206 5180 2441 5234 tumultu
2469 5196 2532 5235 ac
2560 5182 2969 5251 perturbatione
3002 5184 3247 5253 quaedam
3289 5184 3420 5240 dicit
3452 5187 3613 5242 etiam

370 5283 614 5339 inferius.
658 5280 934 5337 Putaverit
984 5280 1214 5335 fortasse
1246 5278 1513 5348 quispiam
1545 5277 1633 5330 hic
1672 5275 1758 5346 agi
1799 5275 1867 5329 de
1899 5274 2074 5344 primo
2103 5273 2221 5342 ejus
2249 5273 2464 5336 exsilio.
2491 5274 2638 5343 quod
2662 5290 2808 5330 anno
2839 5274 2947 5331 405
2980 5277 3242 5348 contigit:
3278 5287 3334 5333 at
3357 5277 3622 5337 libentius

369 5374 651 5430 crederem
700 5374 789 5428 hic
834 5372 979 5442 loqui
1024 5370 1467 5440 Chrysostomum
1500 5368 1569 5423 de
1612 5367 1776 5421 rebus
1806 5364 2089 5435 Eutmpii,
2142 5365 2383 5435 itemque
2415 5367 2694 5421 Aureliani
2727 5377 2783 5422 et
2824 5368 3103 5423 Saturnini
3149 5370 3493 5440 optimatum,
3518 5373 3620 5453 qui

369 5465 558 5522 Gainae
601 5480 766 5535 opera
815 5474 871 5520 et
904 5464 1139 5520 tumultu
1173 5463 1311 5533 pulsi
1344 5470 1473 5516 sunt
1509 5461 1564 5514 in
1614 5459 1887 5523 exsilium,
1942 5458 2117 5529 deque
2164 5458 2336 5529 ipsius
2368 5457 2552 5516 Cainee
2596 5461 2922 5528 defectione,
2981 5463 3166 5533 sicque
3215 5479 3359 5520 anno
3402 5465 3621 5520 circiter

369 5558 474 5613 400
501 5557 682 5612 habita
714 5555 927 5619 'fuerit;
959 5566 1287 5623 quamquam
1321 5551 1374 5606 id
1396 5566 1503 5605 non
1536 5548 1760 5604 omnino
1788 5556 1997 5603 certum
2041 5548 2131 5604 sit.
2155 5546 2358 5605 Prioris
2386 5550 2622 5606 homilice
2662 5550 3169 5622 interpretationem
3210 5568 3407 5608 novam
3432 5555 3619 5611 .edidi-

368 5664 510 5711 mus,
544 5649 673 5719 quia
699 5648 788 5701 illa
812 5659 933 5717 qua:
962 5644 1020 5699 in
1056 5643 1216 5698 Edito
1249 5650 1387 5712 erat,
1412 5659 1442 5698 a
1467 5640 1761 5699 Godel‘rido
1790 5640 2075 5696 Tilmanno
2108 5641 2577 5715 παραφραπικῶς
2622 5643 2949 5700 concinnata
2988 5642 3187 5700 fuerat.
3230 5643 3494 5703 Secundae
3532 5648 3621 5706 in-

371 5741 686 5810 terpretatio
714 5747 799 5796 est
833 5736 1123 5794 Frontonis
1151 5736 1354 5792 Duczci.
