4084 6346
516 350 622 408 499

1203 344 1260 400 S.
1300 340 1588 398 JOANNIS
1627 335 2118 395 CIIRYSOSTOMI
2159 333 2477 391 ARClllEP.
2518 328 3067 388 CONSTANTINOP.

975 1187 1097 1273 IN
1179 1184 1630 1274 DICTUM
1707 1182 2071 1270 ILLUD
2146 1174 2830 1266 PROPHETZE
2907 1171 3318 1294 DAVID,

515 1511 593 1551 NE
637 1509 936 1554 TIMUERIS
982 1509 1111 1553 CUM
1157 1506 1338 1550 DIVES
1373 1505 1613 1547 πλεῖ-υς
1661 1502 1898 1546 Ρυιζῐιιτ
1939 1501 2153 1549 HOMO.
2201 1501 2282 1542 ET
2319 1499 2451 1544 CUM
2498 1498 2966 1541 MULTIPLICATA
3008 1496 3246 1539 FUERIT
3282 1495 3512 1538 GLORIA
3557 1491 3771 1537 DOMUS

1336 1630 1482 1672 esus
1511 1610 1703 1690 (Psal.
1751 1611 1848 1671 Ιι8.
1886 1607 1989 1689 17)
2031 1609 2150 1688 (a);
2200 1625 2280 1667 ET
2319 1625 2398 1666 DE
2439 1621 2963 1666 HOSPITALITATE.

578 2483 628 2538 1.
670 2481 967 2538 Iucundum
999 2481 1243 2550 agricola:
1269 2490 1503 2533 aratrum
1544 2480 1754 2534 trahere
1791 2479 1854 2534 ad
1885 2497 2082 2552 expur-

505 2575 735 2648 gandum
763 2589 973 2639 arvum,
1004 2574 1179 2627 sulcos
1203 2571 1424 2638 ﬁndere,
1453 2571 1736 2640 spinasque
1757 2573 2078 2640 convellere,

502 2679 666 2739 atque
693 2668 764 2722 ita
804 2667 1004 2721 semina
1045 2666 1244 2734 jacere,
1268 2665 1407 2719 nulla
1455 2665 1740 2732 superstite
1769 2665 1920 2735 spina
1965 2683 2083 2736 quae

502 2759 726 2814 sementi
753 2758 950 2813 ofﬁciat
976 2774 990 2812 :
1023 2758 1192 2811 multo
1215 2755 1500 2826 jucundius
1521 2757 1742 2822 dicenti,
1765 2774 1883 2812 cum
1909 2759 1959 2812 in
1982 2774 2080 2812 an-

501 2866 620 2905 retn
660 2851 886 2904 tumultu
935 2865 1153 2904 vacuam
1179 2849 1356 2904 divina
1387 2864 1541 2905 sensa
1582 2848 1816 2922 jacit(b).
1849 2848 2080 2920 Ideoque

490 2956 621 2996 'cum
648 2941 919 3011 voluptate
943 2957 1242 2998 sermonem
1281 2941 1538 3007 ordimur,
1584 2941 1707 3012 quia
1737 2942 1841 2998 hoc
1887 2959 2077 2998 arvum

499 3041 847 3103 expurgatum
867 3034 1241 3102 conspicimus.
1262 3032 1412 3089 Licet
1430 3034 1571 3088 enim
1593 3043 1823 3088 mentem
1845 3041 2077 3088 vestram

502 3138 608 3177 non
637 3123 931 3191 videamus,
949 3132 1005 3177 at
1029 3125 1196 3193 aperti
1222 3123 1359 3178 oculi
1386 3132 1439 3178 et
1462 3133 1682 3178 arrecta:
1705 3139 1861 3178 aures
1885 3133 2078 3179 vestra:

499 3219 723 3272 intertue
745 3218 1136 3288 tranquillitatis
1164 3217 1289 3271 mihi
1320 3217 1556 3286 praebent
1591 3217 1863 3270 iudicium.
1895 3217 1950 3270 In
1981 3231 2077 3269 ve-

499 3321 662 3363 stram
691 3309 886 3379 quippe
930 3310 1307 3364 conscientiam
1359 3308 1560 3377 ingredi
1607 3325 1814 3378 nequeo
1846 3327 1860 3364 :
1891 3325 2076 3363 verum

499 3403 640 3455 ουιηί
668 3403 830 3456 vestri
865 3403 1052 3457 intenti
1081 3412 1238 3472 atque
1271 3402 1320 3455 in
1347 3402 1576 3456 sublime
1602 3403 1765 3457 erecti
1787 3403 2076 3456 testiﬁcan-

502 3505 587 3549 tur
618 3497 816 3550 nullam
861 3497 1003 3553 intus
1050 3512 1170 3552 esse
1214 3497 1700 3567 perturbationem;
1753 3499 1859 3551 imo
1902 3499 2077 3566 potius

496 3600 616 3640 cum
659 3586 929 3641 alacritate
975 3587 1255 3641 clamatis:
1299 3586 1499 3657 Sparge
1543 3587 1780 3652 semina;
1822 3586 2076 3655 quidquid

494 3677 706 3748 ieceris,
729 3694 824 3748 spe
848 3678 1048 3734 fructus
1067 3679 1385 3750 decerpendi
1406 3680 1731 3748 excipimus:
1763 3680 2072 3732 smcularem

497 3771 640 3826 enim
669 3787 881 3826 onmem
907 3787 1088 3826 curam
1115 3788 1180 3826 ex
1210 3774 1388 3826 animo
1417 3773 1686 3841 ejecimus.
1735 3771 1962 3825 Proinde
1990 3771 2072 3825 al-

499 3863 687 3916 tiorem
708 3878 807 3933 ego
835 3877 1048 3932 semper
1076 3864 1392 3918 sententiam
1421 3866 1643 3934 attingo,
1672 3865 1781 3934 agri
1813 3864 2073 3918 nobilitati

497 3955 752 4009 conﬁsus.
795 3955 976 4024 Neque
1030 3957 1170 4010 enim
1210 3956 1480 4024 Scriptura
1524 3957 1814 4024 sapientem
1871 3965 2072 4010 tantum

497 4044 770 4099 doctorem
798 4047 1006 4116 quaerit,
1042 4046 1134 4100 sed
1161 4045 1720 4116 etiamintelligentem
1751 4045 2071 4100 auditorem.

496 4137 699 4194 Idcirco
740 4138 924 4194 beatos
953 4153 1048 4193 vos
1085 4139 1335 4208 praedico,
1367 4137 1577 4192 beatum
1608 4153 1693 4193 nte
1724 4138 1861 4192 dico.
1885 4137 2073 4193 Beatus

497 4232 662 4294 enim,
690 4231 882 4301 inquit,
906 4233 990 4297 qui
1015 4232 1236 4300 loquitur
1263 4232 1314 4284 in
1340 4248 1489 4284 aures
1531 4231 1842 4284 audientium
1881 4231 2068 4301 (Eccli.

494 4323 583 4376 25.
601 4321 688 4390 12)
705 4339 719 4386 ;
739 4332 812 4387 et,
827 4321 970 4377 Beati
985 4323 1070 4392 qui
1087 4323 1310 4376 esuriant
1330 4333 1378 4375 et
1399 4323 1573 4375 sitiunt
1584 4324 1834 4392 justitiam
1856 4323 2069 4393 (Matth.

579 4414 657 4480 6).
690 4414 746 4468 In
774 4429 868 4468 vos
894 4415 1073 4484 igitur,
1101 4415 1189 4485 qui
1217 4429 1338 4469 cum
1365 4415 1542 4469 studio
1564 4415 1781 4481 adestis,
1813 4430 1966 4470 sensa
1991 4418 2076 4485 ja-

495 4506 684 4557 cimus.
714 4504 816 4560 Alii
857 4507 1054 4574 quippe
1091 4520 1276 4559 omnes
1305 4521 1445 4559 nunc
1488 4505 1539 4559 in
1561 4504 1677 4558 foro
1721 4514 1862 4569 sunt,
1894 4515 1948 4560 et
1973 4523 2072 4561 sa:-

495 4596 764 4650 cnlaribus
802 4596 943 4651 curis
991 4595 1394 4662 labefactantur,
1426 4610 1521 4650 vos
1556 4605 1733 4648 autem
1774 4597 2074 4664 superiores

499 4696 641 4740 terra
689 4686 832 4752 facti,
864 4687 1157 4758 spiritualia
1208 4701 1363 4742 sensa
1409 4687 1684 4755 excipitis;
1742 4686 1815 4741 illi
1869 4687 2073 4741 ancilla:

498 4778 754 4844 serviunt,
786 4777 910 4832 dum
939 4794 1153 4834 carnem
1182 4784 1390 4842 curant,
1418 4792 1512 4831 vos
1542 4777 1792 4843 nobilem,
1819 4776 2070 4833 liberam-

497 4886 601 4941 que
625 4872 852 4925 animam
881 4881 1221 4937 exornantes,
1253 4871 1418 4939 ipsam
1455 4869 1697 4924 servatis.

567 4960 872 5014 Diuitiarum
920 4963 1133 5015 vanitas.
1173 4991 1244 5002 —
1281 4962 1503 5016 Ubinam
1553 4976 1694 5016 nunc
1737 4962 1999 5024 versaris,
2039 4976 2073 5015 ο

498 5054 692 5108 lmtnu?
719 5054 775 5107 ln
806 5053 942 5108 loro.
975 5053 1111 5120 Quid
1151 5053 1507 5107 colleclurus?
1545 5053 1768 5108 Cmnnm
1799 5063 1853 5107 et
1883 5053 2069 5106 lutum.

497 5146 651 5208 Veni,
685 5160 714 5197 a
746 5159 832 5198 tne
859 5154 1184 5214 unguentum
1221 5145 1420 5213 accipe.
1447 5142 1554 5198 Cur
1581 5144 1785 5215 colligis
1823 5143 2073 5214 pecunias

560 5253 633 5317 (ιι)
667 5254 868 5317 ttontilia
889 5255 939 5302 in
959 5253 1103 5312 illud,
1126 5252 1429 5317 Nerthnueris
1444 5266 1561 5317 cum
1583 5253 1732 5317 glires,
1760 5260 1876 5313 etc.,
1899 5252 2075 5303 collata

497 5315 704 5378 autcum
728 5316 1161 5378 Codicibusttegiis
1191 5316 1339 5373 1965,
1365 5315 1487 5364 19ϐὅ
1510 5324 1562 5363 et
1580 5315 1721 5378 2545.

555 5376 786 5450 (b)__satis
806 5376 1021 5450 dissimili
1046 5376 1307 5450 verbocum
1328 5376 1595 5450 seritised
1619 5377 1908 5450 diverso
1925 5389 2076 5450 sensu

495 5437 739 5489 hoiniliam
761 5437 1183 5510 ordiunturugodd.
1209 5445 1359 5510 Bnegg.
1383 5439 1508 5510 196.3
1539 5446 1591 5510 et
1615 5438 1758 5510 1963“.
1779 5445 1877 5485 Non
1910 5444 2074 5510 autem

495 5514 662 5564 operae
683 5504 889 5564 pretium
910 5505 992 5564 est.
1011 5498 1200 5549 illorutn
1223 5498 1446 5550 Codicum
1476 5506 1665 5564 textum
1688 5499 1881 5564 afferre,
1905 5503 2076 5564 utpote

498 5560 544 5612 in
569 5560 852 5624 quihusdam
874 5563 1110 5624 vitiatum.
1135 5568 1370 5610 (ueterum
1393 5561 1550 5611 oratio
1582 5568 1680 5609 tota
1707 5561 1844 5622 plena
1870 5560 2076 5624 salebris

498 5620 612 5674 esse
648 5626 863 5683 videtur;
896 5623 1024 5685 quod
1068 5623 1181 5672 inde
1223 5636 1344 5685 sane
1385 5625 1652 5685 profectum
1697 5620 1913 5682 tutatur.
1947 5620 2074 5685 (Illud

497 5686 645 5735 multa
678 5683 947 5748 amgrapba
973 5685 1080 5745 ejus
1103 5685 1252 5748 _edita
1289 5683 1490 5748 fuerint,
1525 5691 1578 5733 et
1614 5687 1674 5731 ab
1707 5683 2079 5748 amanuensibus

497 5749 663 5796 multis
687 5744 1012 5809 v'el"det'npta,
1037 5746 1113 5797 vel
1139 5747 1294 5796 addita
1313 5780 1328 5806 ,
1359 5747 1438 5797 vel
1477 5753 1653 5796 mutata
1679 5759 1771 5794 non
1799 5759 1944 5806 pauca
1968 5744 2075 5792 fue-

486 5815 622 5878 ‘r'uq.

2190 2486 2376 2552 ﬂuxas,
2431 2489 2703 2544 avaritiam
2751 2505 2876 2566 vere
2929 2501 3239 2563 tyrannum,
3290 2495 3627 2567 magistratus
3669 2498 3759 2568 qui

2187 2587 2444 2645 pereunt,
2491 2580 2822 2635 saecularium
2877 2597 3122 2638 curarum
3173 2585 3410 2654 copiam,
3455 2603 3573 2656 qua:
3621 2604 3760 2645 nunc

2185 2670 2356 2734 adest,
2389 2680 2444 2725 et
2483 2685 2602 2726 cras
2641 2687 2744 2728 non
2786 2674 2931 2728 erit?
2973 2676 3096 2746 quid
3125 2676 3366 2748 decerpis
3393 2677 3550 2734 ﬂores
3575 2681 3758 2735 relicto

2186 2759 2395 2815 fructu?
2442 2777 2537 2816 cur
2568 2773 2688 2832 post
2711 2765 2953 2819 umbram
2994 2767 3183 2832 curris,
3235 2775 3290 2822 et
3332 2769 3605 2824 veritatem
3653 2786 3757 2825 non

2183 2854 2631 2922 comprehendis?
2657 2871 2754 2910 cur
2779 2859 3112 2928 persequeris
3138 2875 3256 2930 qua:
3290 2873 3532 2930 pereunt,
3560 2874 3615 2918 et
3640 2880 3757 2933 qua:

2187 2955 2497 3013 permanent
2523 2961 2626 3001 non
2655 2948 2892 3016 quaeris?
2933 2949 3109 3003 Omnis
3134 2967 3252 3004 caro
3285 2954 3494 3022 fanum,
3525 2964 3571 3006 et
3598 2956 3757 3008 omnis

2184 3035 2346 3104 gloria
2372 3036 2585 3091 hominis
2613 3040 2758 3108 quasi
2780 3041 2877 3108 ﬂos
2914 3041 3052 3111 faeni.
3085 3040 3408 3095 Exsiccatum
3445 3053 3519 3096 est
3547 3044 3756 3112 fanum,

2184 3141 2228 3182 et
2257 3131 2353 3200 ﬂos
2382 3131 2590 3184 cecidit:
2609 3131 2807 3185 verbum
2828 3143 2992 3187 autem
3020 3132 3222 3188 Domini
3249 3144 3414 3188 manet
3438 3136 3491 3189 in
3515 3147 3756 3190 (uernum

2187 3223 2336 3293 (Isai'.
2367 3224 2454 3278 40.
2487 3225 2566 3292 6).
2596 3227 2799 3280 Divitiis
2837 3226 3112 3282 abundas?
3141 3227 3210 3282 Et
3235 3227 3359 3297 quid
3401 3227 3503 3282 hoc
3529 3229 3595 3282 ad
3639 3229 3756 3283 ani-

2185 3315 2364 3368 tnam?
2409 3315 2656 3369 Pecuniis
2706 3316 3038 3385 locupletior,
3067 3317 3242 3371 anima
3288 3317 3586 3386 pauperior.
3616 3316 3755 3372 foliis

2181 3405 2410 3473 ornaris,
2435 3416 2489 3460 et
2525 3405 2704 3461 fructu
2735 3423 2876 3477 eges.
2907 3409 3063 3475 Quid,
3099 3423 3298 3478 quazso,
3328 3409 3450 3464 hinc
3484 3411 3755 3465 utilitatis?

2182 3495 2378 3552 Nactus
2408 3512 2466 3551 es
2488 3497 2760 3565 pecunias.
2790 3514 2920 3568 quas
2942 3499 3026 3553 hic
3054 3500 3332 3553 relicturus
3361 3515 3450 3566 es;
3486 3510 3671 3555 nactus
3696 3516 3754 3555 es

2181 3589 2565 3655 magistratum,
2596 3587 2735 3642 unde
2757 3588 2961 3642 insidia:
2982 3588 3242 3642 oriuntur.
3265 3587 3417 3655 Veni,
3448 3588 3624 3644 fruere
3644 3604 3755 3644 ser-

2181 3680 2428 3734 monibus
2454 3679 2802 3749 philosophiae
2834 3681 3002 3750 plenis
3035 3700 3047 3735 :
3093 3681 3246 3750 expia
3277 3691 3491 3752 peccata
3525 3691 3635 3748 tua,
3664 3682 3755 3734 de-

2183 3787 2318 3839 pone
2361 3771 2663 3840 iniquitates
2693 3781 2827 3836 tuas,
2856 3787 3088 3841 expurga
3131 3773 3570 3838 conscientiam‘,
3612 3773 3754 3840 erige

2179 3863 2551 3931 cogitationem
2595 3879 2610 3915 :
2657 3871 2774 3917 esto
2802 3863 3021 3932 angelus
3061 3871 3117 3916 et
3145 3861 3324 3916 homo.
3356 3863 3614 3933 Relinque
3639 3879 3754 3918 car-

2178 3953 2261 4007 nis
2289 3964 2552 4019 naturam,
2571 3964 2624 4007 et
2651 3953 2819 4007 levem
2850 3954 2971 4007 vita:
2997 3969 3221 4022 pennam
3250 3969 3400 4008 sume
3423 3971 3436 4006 ε
3469 3963 3520 4009 te
3539 3969 3752 4024 segrega

2177 4061 2207 4098 a
2237 4046 2553 4130 visibilibus,
2583 4056 2640 4100 ut
2671 4046 2873 4101 haereas
2902 4047 2966 4102 iis
2993 4063 3110 4118 qua:
3136 4048 3235 4102 sub
3259 4063 3474 4103 sensum
3518 4063 3623 4102 non
3665 4063 3753 4101 ca-

2178 4138 2331 4192 dunt.
2385 4138 2628 4194 Ascende
2657 4139 2708 4193 in
2738 4137 2920 4205 cmlos,
2959 4138 3185 4194 choreas
3228 4153 3325 4209 age
3366 4155 3488 4193 cum
3530 4139 3750 4208 angelis,

2178 4232 2307 4287 siste
2329 4241 2378 4286 te
2406 4242 2528 4286 ante
2556 4231 2788 4286 tribunal
2814 4246 3101 4300 supernum
3121 4241 3172 4285 et
3193 4231 3489 4286 excelsum:
3514 4231 3752 4299 relinque

2179 4323 2378 4378 fumum
2427 4333 2482 4379 et
2528 4324 2800 4386 umbram,
2845 4322 3064 4384 fmnum,
3096 4336 3514 4390 aranearumque
3560 4321 3749 4374 telam:

2179 4431 2350 4484 neque
2381 4416 2520 4468 enim
2545 4429 2758 4482 possum
2788 4421 2946 4467 tantae
2969 4412 3155 4466 vilitati
3196 4423 3374 4482 aptum
3419 4427 3610 4465 nomen
3655 4411 3752 4464 im-

2178 4521 2395 4575 ponere.
2432 4505 2556 4558 llaec
2599 4520 2756 4574 porro
2785 4505 2924 4569 dico,
2953 4519 3052 4558 nec
3078 4503 3237 4556 linem
3287 4502 3492 4556 dicendi
3539 4501 3748 4555 faciant.

2185 4600 2336 4660 Veni,
2370 4611 2422 4653 et
2455 4608 2504 4652 te
2536 4599 2803 4652 hominem
2839 4605 3050 4666 prmsta,
3083 4609 3150 4650 ne
3193 4593 3448 4648 naturalis
3471 4593 3752 4663 appellatio

2180 4692 2273 4746 tibi
2305 4691 2440 4745 falso
2466 4691 2730 4759 adscripta
2756 4690 2842 4744 sit.
2867 4689 3000 4743 Num
3034 4687 3325 4758 intelligitis
3354 4686 3405 4740 id
3432 4686 3573 4757 quod
3601 4686 3752 4739 vobis

2177 4783 2376 4838 dictum
2405 4781 2531 4836 est?
2573 4781 2744 4834 llomo
2785 4789 2886 4843 est,
2915 4780 2987 4832 ait
3017 4779 3228 4848 aliquis,
3275 4777 3367 4832 sed
3407 4775 3568 4832 homo
3611 4793 3754 4846 saepe

2179 4876 2391 4928 nomine
2438 4883 2610 4937 tenus,
2643 4887 2750 4925 non
2781 4873 2906 4924 item
2951 4885 3133 4926 sensu.
3162 4869 3291 4922 Cum
3333 4869 3474 4922 enim
3504 4878 3556 4923 te
3599 4868 3754 4922 video

2179 4976 2372 5034 praeter
2391 4965 2648 5017 rationem
2678 4965 2963 5025 viventem,
2993 4960 3262 5030 quomodo
3289 4968 3340 5014 te
3361 4960 3630 5015 hominem
3659 4975 3753 5013 vo-

2177 5059 2333 5124 cabo,
2387 5071 2494 5110 non
2549 5056 2778 5110 bovem?
2831 5053 2960 5106 Cum
3020 5062 3071 5107 te
3120 5053 3411 5121 rapientem
3446 5052 3747 5124 conspicio,

2177 5147 2446 5219 quomodo
2473 5156 2523 5202 te
2551 5146 2818 5200 hominem
2843 5145 3139 5214 appellabo,
3163 5159 3267 5196 non
3297 5143 3520 5212 lupum?
3541 5143 3670 5197 Cum
3703 5150 3755 5194 te.

2179 5240 2532 5293 fornicantem
2587 5237 2763 5300 video,
2797 5235 3064 5306 quomodo
3118 5243 3168 5288 te
3207 5233 3472 5289 hominem
3527 5231 3750 5295 vocabo,

2177 5344 2286 5385 non
2317 5330 2504 5384 suem?
2531 5329 2662 5383 Cum
2699 5336 2751 5381 te
2779 5327 2916 5381 dolis
2943 5334 3177 5379 utentem
3208 5325 3380 5388 video,
3410 5324 3674 5394 quomodo
3704 5333 3756 5378 te

2179 5422 2448 5476 hominem
2477 5419 2782 5483 nominabo,
2805 5433 2911 5472 non
2938 5414 3275 5485 serpentem?
3314 5417 3442 5468 Cum
3471 5425 3522 5469 te
3548 5429 3756 5468 veneno

2182 5516 2429 5569 infectum
2477 5515 2630 5567 video
2650 5553 2664 5576 ,
2695 5509 2962 5582 quomodo
3002 5519 3055 5563 te
3085 5509 3351 5562 hominem
3393 5508 3614 5572 vocabo,
3647 5523 3752 5560 non

2180 5606 2455 5675 aspidem?
2483 5605 2611 5658 Cum
2637 5613 2690 5658 te
2719 5602 3046 5655 insensatutn
3073 5599 3458 5664 animadverto,
3487 5599 3752 5667 quomodo

2247 5740 2262 5770 ι
2299 5736 2447 5792 Alius,
2472 5735 2694 5786 exhilara
2717 5731 3066 5782 conscientiam.
3090 5738 3353 5793 Moxiunus.
3372 5732 3567 5793 angelus
3589 5746 3651 5784 ea:
3671 5739 3734 5784 Ito

2184 5801 2307 5850 mine
2329 5799 2436 5863 ﬁas.
2464 5798 2586 5847 Infra
2610 5797 2722 5854 duo,
2748 5796 2950 5858 teipsum
2973 5792 3286 5845 inuisibilibus
3309 5792 3544 5856 appende.
