4084 6346
420 312 517 369 501

422 426 514 478 ἴδω
543 438 601 476 σε
631 417 863 489 δολερὸν,
894 415 1006 478 πῶς
1040 431 1097 467 σε
1129 413 1345 467 καλέσω
1376 413 1682 485 ἄνθρωπον,
1729 415 1844 468 ἀλλ’
1877 417 1998 486 οὐχὶ

420 509 576 577 ww;
607 504 774 557 Ὅταν
816 501 910 554 ἴδω
947 516 1006 552 σε
1059 498 1135 550 ἰὸν
1184 498 1396 568 ἔχοντα,
1430 496 1547 560 πῶς
1578 515 1635 550 σε
1664 499 1878 553 καλέσω
1911 501 2003 555 ἄν·

422 593 661 663 θρωπον,
696 586 811 641 ἀλλ’
845 585 969 655 οὐχὶ
1017 581 1254 645 ἀσπίδα;
1294 582 1464 635 Ὅταν
1513 581 1606 635 ἴδω
1650 599 1707 635 σε
1752 583 1999 653 ἀνόητον,

422 675 540 738 πῶς
560 689 619 726 σε
635 670 851 725 καλέσω
875 667 1179 738 ἄνθρωπον,
1205 664 1321 718 ἀλλ’
1337 665 1459 735 οὐχὶ
1480 664 1631 730 όνον;
1661 666 1827 720 Ὅταν
1852 665 2000 737 [5061

423 759 518 812 ῐδω
554 773 613 809 σε
643 753 985 825 μοιχεύοντα,
1035 748 1150 813 πῶς
1183 765 1242 800 σε
1281 748 1498 801 καλέσω
1538 748 1860 815 ἄνθρωπον,
1891 750 2002 803 ἀλλ’

422 842 542 911 οὐχὶ
592 840 758 893 ἵππον
806 833 1131 909 θηλυμανῆ;
1178 834 1347 887 Ὅταν
1400 832 1494 886 ίδω
1546 850 1605 886 σε
1658 834 1858 906 ἀπειθῆ
1910 836 2004 888 καὶ

423 924 703 988 ἀσύνετον,
738 920 854 984 πῶς
885 937 940 972 σε
967 917 1181 971 καλέσω
1208 916 1515 987 ἄνθρωπον,
1540 917 1653 970 ἀλλ’
1678 919 1799 989 οὐχὶ
1825 918 2001 986 λίθον;

426 1007 659 1070 Ἐλαϐες
682 1004 958 1073 εὐγένειαν
998 1001 1150 1071 παρά
1186 998 1279 1052 τοῦ
1310 996 1445 1053 Θεοῦ
1466 1039 1481 1065 ,
1523 999 1575 1052 τί
1609 1000 1874 1072 προδίδως
1904 1002 2003 1070 τὴν

422 1091 624 1163 ἀρετὴν
649 1089 751 1160 τῆς
789 1086 1031 1157 φύσεως,
1079 1084 1144 1136 Τί
1188 1085 1400 1149 ποιεῖς;
1448 1083 1568 1137 εἰπέ
1629 1101 1739 1154 μοι.
1786 1084 2005 1155 Ἕτεροι

420 1176 616 1247 τέχνην
647 1173 860 1244 ἔχουσιν
906 1170 1202 1239 ἄνθρωποι,
1253 1166 1321 1221 τὰ
1349 1167 1540 1236 ἄλογα,
1571 1168 1711 1221 κατά
1741 1168 1801 1221 τὸ
1829 1169 2004 1239 ἐγχω-

423 1260 573 1330 ροῦν,
616 1259 695 1320 εἰς
742 1254 1041 1326 ἀνθρώπων
1079 1253 1359 1320 εὐγένειαν
1412 1251 1785 1321 μετατιθέναι·
1816 1252 2007 1323 ψιττα-

422 1344 554 1406 κοὺς
583 1339 901 1396 παιδεύουσι
930 1339 1080 1408 φωνῇ
1122 1334 1486 1407 ἀνθρωπίνῃα
1520 1333 1875 1403 φθέγγεσθαι,
1911 1336 2009 1389 καὶ

421 1429 487 1498 τῇ
522 1425 686 1497 τέχνῃ
715 1423 813 1495 τὴν
844 1421 1004 1491 φύσιν
1037 1412 1348 1490 βιάζονται·
1377 1418 1599 1483 λέοντας
1633 1419 1875 1491 ἡμέρους
1912 1422 2006 1491 ὲρ-

421 1510 703 1580 γάζονται,
734 1507 824 1562 διὰ
856 1506 955 1576 τῆς
983 1505 1189 1573 ἀγορᾶς
1217 1502 1485 1563 ἕλκοντες.
1519 1503 1624 1556 Τὸν
1652 1503 1843 1558 λέοντα
1866 1504 2007 1574 ἥμε-

423 1611 515 1664 ρον
573 1594 746 1655 ποιεῖς
797 1589 935 1655 ζῶον
989 1587 1395 1649 άτιθάσσευτον,
1445 1586 1540 1640 καὶ
1604 1587 1798 1641 σαυτὸν
1839 1586 2005 1640 λύκου

420 1675 755 1748 ἀγριώτερον
794 1673 1088 1742 καθιστᾷς,
1133 1671 1243 1724 Καὶ
1287 1670 1348 1723 τὸ
1379 1670 1444 1742 δὴ
1493 1669 1891 1742 χαλεπώτερον,
1925 1671 2005 1724 ὃτι

418 1760 530 1814 τῶν
564 1760 661 1829 μὲν
689 1757 897 1825 ἀλόγων
938 1756 1167 1809 ’ἑκαστον
1204 1754 1262 1807 ἓν
1294 1753 1581 1823 ἐλάττωμα
1611 1753 1756 1824 ἔχει,
1790 1756 1819 1806 6
1844 1753 2007 1817 λύκος

421 1845 504 1908 εἰς
531 1843 592 1897 τὸ
616 1841 982 1915 ἁρπακτικὸν,
1014 1841 1042 1893 ὁ
1073 1839 1196 1907 όφις
1219 1839 1299 1900 εἰς
1328 1837 1389 1889 τὸ
1412 1837 1644 1908 δολερὸν,
1675 1839 1708 1907 ἡ
1734 1838 1900 1900 ἀσπὶς
1929 1839 2008 1901 εἰς

422 1928 482 1980 τὸ
518 1926 699 1990 ἰῶδεςο
742 1925 834 1979 ἐπὶ
872 1925 929 1978 δέ
966 1921 1253 1994 ἀνθρώπου
1290 1919 1529 1991 πονηροῦ
1562 1920 1662 1973 οὐκ
1698 1919 1778 1973 ἔνι
1827 1919 2004 1973 τοῦτο.

425 2010 558 2064 Οὐδὲ
592 2011 700 2081 γὰρ
727 2009 785 2062 ἓν
811 2007 1101 2076 ἐλάττωμα
1144 2004 1402 2066 πολλάκις
1433 2004 1697 2074 κέκτηται
1736 2005 1765 2056 ό
1796 2002 2007 2076 ἄνθρω-

425 2110 547 2159 πος,
582 2092 718 2146 ἀλλά
740 2092 836 2146 καὶ
865 2089 1207 2161 ἀρπακτικὸς
1239 2088 1471 2156 γίνεται,
1513 2087 1609 2139 καὶ
1637 2087 1874 2159 δολερὸς,
1913 2087 2008 2140 καὶ

429 2175 611 2248 ἰώδης,
657 2174 752 2230 καὶ
796 2172 895 2237 τὰς
926 2171 1036 2225 τῶν
1069 2171 1276 2240 ἀλόγων
1321 2168 1518 2233 κακίας
1564 2170 1643 2232 εἰς
1683 2169 1782 2240 τὴν
1814 2168 2007 2222 ἐαυτοῦ

428 2263 648 2329 συνάγει
681 2260 882 2331 ψυχήν.
931 2256 1057 2320 Πῶς
1100 2252 1193 2311 οῦν
1234 2272 1291 2309 σε
1342 2255 1556 2310 καλέσω
1588 2253 1896 2324 ἄνθρωπον,
1949 2252 2009 2316 ὃς

425 2345 527 2400 οὐκ
569 2344 715 2416 ἔχεις
758 2343 857 2413 τῆς
895 2340 1170 2411 βασιλείας
1198 2341 1260 2393 τὸ
1294 2338 1563 2409 σύνθημα,
1607 2337 1708 2389 οὐκ
1754 2336 1899 2406 ἔχεις
1947 2336 2010 2389 τὸ

425 2430 682 2499 διάδημα,
711 2427 811 2481 οὐκ
843 2424 988 2496 ἔχεις
1012 2423 1112 2494 τὴν
1138 2422 1425 2493 πορφύραν
1449 2438 1463 2485 ;
1494 2420 1869 2488 Ποιήσωμεν,
1899 2435 2004 2489 φη-

428 2515 535 2575 σὶν,
554 2512 868 2578 ἄνθρωπον
890 2508 1016 2561 κατ’
1039 2506 1242 2559 εἰκόνα
1259 2506 1357 2559 καὶ
1387 2505 1674 2572 ὁμοίωσιν
1689 2501 2004 2571 ἡμετέραν.

437 2595 722 2664 Ἐννόησον
753 2591 894 2645 κατά
932 2590 1074 2652 τίνος
1118 2588 1302 2642 εἰκόνα
1335 2588 1521 2654 ἐγένου
1542 2625 1556 2649 ,
1596 2585 1849 2657 ἄνθρωπε
1869 2626 1884 2652 ,
1912 2587 2008 2638 καὶ

430 2680 504 2750 μὴ
537 2674 866 2746 κατενεχθῇς
907 2674 986 2737 εἰς
1012 2672 1111 2742 τὴν
1142 2671 1250 2724 τῶν
1289 2669 1502 2738 ἀλόγων
1542 2668 1833 2723 εὐτέλειαν.
1879 2667 2008 2722 Ἐάν

430 2750 540 2833 [δ’ῃς
597 2757 820 2829 βασιλέα
874 2755 1160 2828 πορφύραν
1211 2752 1443 2825 ῥίψαντα
1491 2752 1584 2806 καὶ
1626 2751 1863 2823 διάδημα
1916 2751 2009 2805 καὶ

427 2844 567 2915 μετά
595 2840 702 2894 τῶν
727 2837 1076 2909 στρατιωτῶν
1092 2839 1119 2877 ι)
1150 2835 1673 2907 συναγελαζόμενον,
1698 2836 1793 2890 καὶ
1824 2835 2008 2907 προδι-

425 2925 586 2980 δόντα
611 2924 708 2993 τὴν
735 2921 910 2994 ἀρχὴν
935 2920 1031 2992 τὴν
1060 2920 1277 2983 ἐαυτοῦ,
1302 2919 1418 2984 πῶς
1440 2919 1690 2982 καλέσεις
1714 2918 1805 2971 τὸν
1828 2918 2007 2972 τοιοῦ-

424 3026 518 3063 τον
560 3006 817 3078 βασιλέα;
854 3004 966 3058 Καὶ
994 3005 1059 3057 σὺ
1094 3003 1380 3076 ἄνθρωπος
1427 2999 1495 3056 εἷ.
1532 3002 1623 3073 Μή
1661 3019 1750 3072 μοι
1780 2997 1874 3055 οὖν
1900 3002 2007 3054 δεί-

428 3093 544 3164 ξῃς,
572 3093 654 3145 ὄτι
677 3090 856 3161 ψυχὴν
899 3087 1186 3160 ἀνθρώπου
1222 3087 1367 3158 ἔχεις
1387 3129 1401 3150 ,
1432 3086 1547 3140 ἀλλ’
1578 3087 1626 3139 εἰ
1657 3086 1719 3139 τὸ
1752 3086 2008 3157 φρόνημα

427 3174 710 3247 ἅνθρωπος
741 3168 809 3226 εῐ.
841 3173 1059 3244 ’Ἄρχων
1084 3166 1135 3223 εἷ
1164 3169 1273 3224 τῶν
1307 3169 1535 3239 ἀλόγων,
1575 3169 1669 3223 καὶ
1698 3169 1807 3222 τῶν
1837 3170 1895 3222 ἐν
1926 3171 2007 3222 σοὶ

426 3259 637 3327 ἀλόγων
665 3250 853 3309 παθῶν
885 3254 1068 3317 δοῦλος
1095 3254 1280 3322 ἐγένου
1305 3271 1318 3319 ;

501 3340 569 3412 β’.
591 3338 702 3393 Καὶ
731 3337 847 3402 πῶς
877 3337 1122 3407 γένωμαι
1145 3336 1462 3408 ἄνθρωποςς
1489 3334 1671 3406 φησίν.
1702 3335 1764 3387 ΕΞ
1790 3336 2009 3405 κρατεῖς

427 3424 537 3479 τῶν
582 3422 859 3492 λογισμῶν
886 3421 985 3491 τῆς
1016 3420 1240 3491 σαρκὸς,
1275 3422 1497 3473 ἐκείνων
1530 3419 1639 3472 τῶν
1682 3418 1914 3487 ἀλόγων,
1957 3418 2008 3469 εἰ

430 3506 685 3573 ἐξέϐαλες
717 3503 989 3576 πορνείαν,
1018 3505 1066 3556 εἰ
1097 3498 1348 3569 ἐξέϐαλες
1381 3502 1678 3572 ἐπιθυμίαν
1708 3501 2007 3572 χρημάτων

429 3591 680 3660 ἄκαιρον,
701 3589 751 3640 εἱ
776 3586 1029 3652 ἐξέϐαλες
1058 3586 1155 3657 τὴν
1188 3586 1430 3657 πονηρὰν
1453 3584 1667 3654 ἐκείνην
1693 3583 2006 3656 τύραννονε,

432 3676 481 3727 εἰ
523 3672 760 3743 καθαρὸν
794 3669 991 3723 σαυτοῦ
1032 3668 1093 3722 τὸ
1136 3669 1335 3742 χωρίον
1382 3668 1645 3740 εἰργάσω.
1684 3666 1845 3719 Ἀλλά
1890 3665 2009 3729 πῶς

431 3756 557 3829 γίνῃ
600 3754 696 3808 ἀνθ
707 3770 918 3826 ρωπος;
961 3751 1085 3805 Ἐὰν
1111 3752 1271 3825 ἐλθῃς
1297 3745 1424 3813 ὦδε,
1452 3753 1584 3804 ὅπου
1611 3749 2008 3821 δημιουργοῦνο

432 3857 519 3893 ται
548 3837 844 3909 ἄνθρωποι.
886 3836 1012 3889 Ἐὰν
1045 3835 1197 3889 λάϐω
1228 3852 1286 3887 σε
1317 3836 1504 3897 ἵππον,
1539 3833 1680 3887 ποιῶ
1709 3849 1768 3885 σε
1795 3831 2009 3903 ἄνθρω-

432 3936 554 3976 πον⁸
577 3920 672 3973 ἐὰν
688 3919 838 3973 λάϐω
866 3936 926 3972 σε
952 3917 1135 3983 λύκον,
1163 3918 1301 3971 ποιῶ
1324 3935 1384 3971 σε
1408 3916 1711 3989 ἄνθρωπον·
1741 3914 1836 3968 ἐὰν
1858 3913 2008 3969 λάϐω

434 4021 494 4058 σε
547 4004 692 4073 ὅφιν,
744 4002 882 4056 ποιῶ
929 4019 990 4055 σε
1042 4001 1353 4073 ἄνθρωπον,
1402 4001 1461 4053 οὐ
1511 3999 1862 4070 μεταϐάλλων
1893 3999 2007 4070 τὴν

431 4086 615 4157 φύσιν,
666 4085 801 4141 ἀλλά
857 4084 1165 4157 μετατιθεὶς
1215 4084 1313 4155 τὴν
1363 4085 1700 4154 προαίρεσιν.
1757 4081 1920 4137 Ἀλλά
1955 4083 2008 4135 τί

380 4190 385 4193 λ
435 4187 601 4240 φησι;
634 4168 815 4222 Τέκνα
840 4168 968 4238 ἔχω,
993 4168 1169 4231 οἰκίας
1197 4167 1552 4236 προῖσταμαι,
1584 4167 1841 4233 γυναικὸς
1884 4169 2009 4220 ἐπι-

436 4251 725 4323 μελοῦμαι,
787 4251 948 4319 πενία
1013 4249 1343 4320 κατέχομαι,
1399 4249 1493 4301 ἐπὶ
1547 4250 1647 4321 τὴν
1705 4251 2010 4320 ἀναγκαίαν

432 4333 648 4387 σπεύδω
689 4334 914 4406 τροφήν.
952 4332 1188 4403 Σκήψεις
1221 4330 1395 4386 ταῦτα
1438 4333 1534 4386 καὶ
1579 4333 1902 4407 προφάσεις.
1946 4333 2010 4386 Εἰ

436 4417 536 4487 μὲν
560 4417 672 4488 γάρ
698 4417 763 4469 δι’
800 4416 920 4469 ὅλου
966 4432 1025 4468 σε
1072 4418 1318 4484 κατεῖχον
1344 4415 1603 4484 ἐνταῦθα,
1633 4417 1728 4472 καὶ
1761 4417 1882 4471 οὐδὲ
1917 4434 2009 4487 μι-

430 4499 570 4572 κράν
592 4499 786 4571 καιροῦ
818 4498 988 4570 ῥοπὴν
1013 4501 1128 4563 τοῖς
1156 4499 1261 4564 ἔξω
1290 4517 1347 4552 σε
1376 4499 1716 4571 συνεχώρουν
1742 4501 2008 4554 ἐκδιδόναι

430 4583 773 4655 πράγμασιν,
806 4580 951 4653 εἶχες
976 4583 1042 4636 ἂν
1069 4582 1514 4654 ἀπολογήσασθαί
1557 4601 1646 4655 μοι
1687 4584 1782 4638 καὶ
1811 4584 2008 4651 εἰπεῖν,

429 4666 513 4720 ὅτι
547 4666 724 4719 Τέκνα
746 4667 874 4736 ἐχω,
903 4666 996 4719 καὶ
1024 4667 1200 4730 οἰκίας
1231 4668 1587 4738 προΐσταμαι·
1616 4667 1710 4721 καὶ
1734 4667 1915 4731 καλῶς
1944 4670 2010 4722 ἂν

431 4748 603 4804 ταῦτα
651 4749 833 4818 ἔλεγες
853 4766 867 4779 ·
918 4749 1117 4820 μᾶλλον
1169 4750 1226 4804 δὲ
1270 4751 1391 4805 οὐδὲ
1438 4751 1561 4805 τότε
1612 4751 1786 4806 ταῦτα
1828 4753 2013 4822 λέγειν

433 4832 620 4904 ἐχρῆν.
640 4832 841 4896 Ἱκανὸς
859 4831 886 4873 ἀ
909 4833 1018 4904 γάρ
1048 4851 1130 4887 σοι
1160 4835 1189 4886 ὁ
1213 4833 1344 4897 Θεὸς
1374 4834 1609 4889 ἐνταῦθα
1628 4835 2012 4907 ἀσχολουμένῳ

435 4915 680 4978 πλείονος
709 4916 974 4986 εὐπορίας
1010 4916 1079 4969 τὰ
1104 4915 1175 4968 σά
1201 4916 1377 4969 πάντα
1410 4917 1773 4973 διατυπῶσαι.
1812 4919 1925 4972 Νῦν
1953 4919 2009 4972 δὲ

432 4999 584 5053 οὐδὲν
613 4999 819 5054 τούτων
854 5018 913 5053 σε
938 5001 1251 5069 ἀναγκάζω,
1281 5003 1401 5054 ούδέ
1430 5001 1593 5070 λέγω,
1614 5003 1753 5058 Καθ’
1773 5005 2010 5071 ἑκάστην

432 5083 648 5154 ἡμέραν
696 5084 939 5155 σχόλαζε,
979 5084 1115 5138 ἀλλὰ
1148 5083 1397 5156 δεύτερον
1443 5087 1541 5156 τῆς
1578 5086 1890 5158 ἑϐδομάδος.
1945 5087 2011 5139 Τί

435 5166 596 5238 βαρὺ,
620 5166 672 5218 τί
706 5168 999 5236 φορτικόνς
1039 5167 1173 5220 Οὐδὲ
1202 5167 1329 5238 ὅλην
1358 5169 1454 5238 τὴν
1482 5169 1716 5240 ἡμέραν,
1751 5170 1887 5224 ἀλλὰ
1919 5188 2009 5238 μι-

435 5248 573 5320 κράν
618 5249 811 5321 καιροῦ
852 5252 1020 5321 ῥοπὴν
1054 5250 1175 5303 ἐλθὲ
1226 5253 1303 5314 εἰς
1354 5252 1453 5322 τὴν
1495 5252 1818 5319 ἐκκλησίαν’
1862 5252 2009 5315 δέξαι

492 5503 648 5571 ξρυο
671 5520 831 5571 φωνην
868 5500 1172 5571 ἀνθρωπίνην.
1199 5506 1327 5557 Infra
1368 5508 1451 5558 alii
1477 5507 1634 5571 θηρίον
1656 5509 2006 5560 ἀτιθάσσευτον.

490 5560 521 5632 ξ
544 5560 822 5632 ρηυέμετά
835 5571 931 5617 τῶν
951 5560 1305 5632 στρατηλατῶν.
1523 5560 1547 5571 ”
1866 5600 1883 5615 .

492 5628 518 5693 ﬁ
546 5627 683 5693 υιιιιε
702 5627 878 5693 ἐκείνην
896 5627 1159 5693 τυραννίδα,
1181 5644 1278 5680 non
1300 5634 1447 5682 male.

493 5684 522 5724 ⁴
546 5690 696 5763 ξείνη.
716 5684 977 5763 πράγμασς,
1186 5694 1242 5741 ἃν
1263 5693 1415 5763 ταῦτα
1439 5696 1605 5758 ἔλεγες,
1633 5696 1807 5763 pano»,
1834 5696 1883 5745 δὲ
1901 5696 2011 5746 ταῦ-

440 5767 499 5800 τα
529 5751 919 5813 ούδέποτελέγειν
944 5753 1098 5816 ἐχρῆν.
1131 5753 1325 5811 Ἱκανός.

1059 299 1119 357 S.
1159 296 1445 355 JOANNIS
1481 295 1978 355 CHRYSOSTOMI
2019 299 2339 359 ARCIIIEP.
2379 303 2927 363 CONSTANTINOP.

3573 303 3682 361 502

2113 418 2264 491 [507]
2292 422 2453 493 νοερὰ
2479 422 2849 492 νοήματα,ῖνα
2876 420 2950 493 μὴ
2970 419 3095 491 δέξῃ
3122 415 3442 491 τραύματα·
3473 418 3571 489 οὐχ
3595 418 3686 472 ἶνα

2105 501 2296 566 ἄλλους
2331 504 2678 578 καταϐάλλῃς
2701 547 2717 571 ,
2752 505 2867 559 ἀλλ’
2923 505 3011 558 ἵνα
3057 502 3289 574 ποιήσῃς
3331 500 3429 572 τὴν
3477 502 3688 572 ἀγορὰν

2106 587 2419 659 ἐκκλησίαν.
2463 589 2642 651 Ἑλθὲ,
2690 590 2819 644 λάϐε
2854 589 3039 649 ὅπλον,
3083 587 3169 640 ἵνα
3214 587 3274 639 ἐν
3304 585 3383 654 τῷ
3420 583 3569 654 ὅπλῳ
3607 584 3686 656 μὴ

2106 669 2232 741 δέξῃ
2266 670 2363 742 τὴν
2413 671 2625 742 πληγὴν
2663 672 2952 744 βλαϐεράν.
2986 670 3151 741 Στῆθι
3181 669 3273 722 ἐπϊ
3310 664 3407 739 τῆς
3437 668 3683 739 παρατά-

2109 752 2263 820 ξεως,
2296 755 2458 824 μόνον
2487 756 2861 826 ὡπλισμένος⁸
2900 755 3058 825 στῆθι
3087 756 3145 806 ἐν
3179 754 3330 822 τόπῳ
3383 751 3545 824 ἁγίῳ,
3588 752 3685 823 μό-

2107 853 2195 888 νον
2225 836 2445 908 καθαρὰ
2474 837 2611 908 ἔχων
2641 840 2710 891 τὰ
2738 839 2962 910 ὄμματα
2983 856 2994 867 ·
3024 836 3224 908 ἔμϐηθι
3249 836 3329 898 είς
3356 835 3448 888 τὸν
3467 834 3681 904 λιμένα,

2111 920 2270 991 μόνον
2308 923 2424 991 μετ’
2476 922 2807 994 ἀκριϐείαςε
2843 921 3082 975 σαλεύων
3136 920 3196 974 τὸ
3246 918 3448 973 πλοῖον.
3499 916 3686 971 Ταῦτα

2107 1004 2342 1058 ἐνταῦθα
2367 1004 2592 1059 δύνασαι
2628 1005 2822 1076 μαθεῖν
2841 1019 2853 1033 ⁸
2884 1006 2978 1059 καὶ
3015 1005 3076 1057 οὐ
3103 1004 3309 1068 θέλεις,
3344 1000 3457 1056 ἀλλ’
3487 1002 3686 1076 ἐξέρχῃ

2108 1088 2166 1141 ἐν
2188 1089 2492 1160 παρατάξει
2523 1092 2763 1161 κοσμικῇ
2786 1088 2991 1158 γυμνὸς
3016 1086 3123 1140 τῶν
3149 1084 3245 1140 τοῦ
3262 1086 3398 1140 Θεοῦ
3430 1085 3682 1140 ἐντολῶν.

2121 1171 2404 1240 Ἐννόησον
2434 1172 2619 1243 ἡλίκον
2650 1173 2800 1225 ἐστὶν
2828 1170 3028 1236 ἐξιέναι
3068 1171 3177 1225 ἀπὸ
3221 1169 3519 1240 ἐκκλησίας
3550 1169 3686 1223 πάν-

2108 1273 2213 1310 των
2254 1256 2363 1309 τῶν
2391 1256 2749 1326 ἀνθρωπίνων
2789 1256 3160 1327 ὑπερορῶντα,
3211 1256 3308 1308 καὶ
3351 1253 3423 1307 τὰ
3466 1253 3688 1323 λυπηρά

2108 1337 2381 1392 πατοῦντα
2402 1379 2415 1403 ,
2452 1340 2547 1392 καὶ
2577 1339 2826 1410 χρηστῶν
2879 1338 3207 1409 ὑψηλότερον
3236 1338 3537 1408 γινόμενον,
3561 1336 3684 1390 οὕτε

2109 1423 2167 1475 ἐν
2199 1422 2427 1484 ἐκείνοις
2455 1420 2836 1492 ἐπαιρόμενον,
2861 1420 2986 1475 οὔτε
3017 1423 3074 1476 ἐν
3101 1420 3312 1484 τούτοις
3340 1420 3681 1491 πιεζόμενον·

2108 1500 2220 1568 οἷος
2248 1501 2316 1576 ἦν
2344 1508 2373 1558 6
2411 1503 2553 1568 Ἰὼϐ,
2585 1504 2707 1558 οὔτε
2746 1505 2852 1558 ὑπὸ
2888 1506 2986 1575 τῆς
3031 1504 3218 1568 πενίας
3254 1503 3683 1574 βαπτιζόμενος,

2108 1588 2232 1640 οὔτε
2264 1588 2367 1643 ὑπὸ
2392 1588 2485 1642 τοῦ
2526 1587 2758 1641 πλούτου
2791 1587 3174 1659 ἐπαιρόμενος,
3217 1587 3331 1641 ἀλλ’
3363 1591 3421 1641 ἐν
3452 1590 3515 1657 τῇ
3547 1588 3687 1639 ἀνω-

2114 1671 2280 1743 μαλίᾳ
2300 1671 2409 1726 τῶν
2436 1671 2781 1743 πραγμάτων
2806 1672 2927 1742 ίσην
2956 1671 3054 1743 τὴν
3082 1671 3278 1725 ἑαυτοῦ
3319 1669 3541 1743 γνώμην
3569 1672 3685 1724 δια,⁵

2109 1773 2176 1827 τη
2180 1773 2312 1824 ρων.

2192 1838 2366 1906 Ἦλθε,
2395 1837 2527 1893 λάϐε
2555 1840 2718 1894 ὅπλον
2751 1839 2881 1912 παρ’
2913 1836 3068 1910 ἐμοῦ.
3106 1840 3264 1892 Ποῖον
3299 1837 3355 1891 δέ
3382 1836 3579 1901 ὄπλον;
3618 1837 3687 1889 Ὀ

2110 1921 2373 1985 πολλάκις
2405 1941 2486 1977 σοι
2521 1924 2784 1992 ἐγγυᾶται
2818 1924 2918 1995 τὴν
2966 1922 3260 1992 σωτηρίαν.
3303 1920 3561 1991 Ἐξέρχῃ,
3589 1914 3687 1971 καί

2112 2005 2330 2076 βλέπεις
2353 2004 2641 2078 ἄνθρωπον
2668 2007 2754 2076 ἐφ’
2779 2006 2948 2059 ἵππου
2978 2004 3342 2076 ἐπαιρόμενον
3369 2002 3688 2074 χρυσοχάλι-

2110 2088 2302 2155 νώτου,
2352 2094 2448 2143 καὶ
2496 2089 2723 2153 πολλοὺς
2773 2089 2901 2161 περὶ
2938 2088 3099 2141 αὐτὸν
3154 2088 3282 2151 τοὺς
3327 2087 3682 2159 δορυφόρους’

2111 2172 2272 2227 πάλιν
2300 2173 2490 2243 εὐτελῆ
2515 2191 2634 2227 τινα
2667 2173 2762 2227 καὶ
2796 2171 3232 2244 ἀπερριμμένον.
3269 2167 3402 2224 Εἶτα
3441 2171 3687 2241 εἰσέρχε-

2111 2256 2200 2309 ταί
2231 2273 2311 2309 σοι
2345 2257 2538 2326 φθόνος
2576 2255 2666 2309 διὰ
2697 2255 2790 2309 τὸν
2819 2254 3073 2308 πλούσιον
3096 2272 3110 2285 ·
3144 2255 3366 2324 κατέχει
3393 2271 3454 2307 σε
3483 2253 3689 2324 βασκα-

2110 2339 2196 2393 νία
2231 2339 2324 2393 τοῦ
2358 2339 2608 2410 πένητος.
2631 2338 3003 2410 ιιροσέρχεταί
3038 2355 3121 2391 σοι
3144 2340 3173 2391 ὁ
3203 2336 3388 2404 Δαυῖδ,
3419 2337 3686 2408 παρίστα-

2109 2422 2200 2475 ταί
2255 2439 2336 2475 σοι
2382 2422 2474 2475 καὶ
2516 2422 2695 2489 λέγει·
2748 2420 2845 2489 Μὴ
2898 2419 3121 2491 φοϐοῦ,
3173 2421 3320 2475 ὅταν
3364 2419 3688 2489 πλουτήσῃ

2110 2505 2435 2573 ἄνθρωπος.
2467 2503 2689 2569 Ἔξελθε
2720 2503 2861 2575 μετά
2896 2503 2991 2557 τοῦ
3016 2504 3320 2574 προφήτου,
3352 2503 3447 2556 καὶ
3476 2503 3551 2575 μὴ
3585 2519 3683 2572 φο⁴

2109 2586 2227 2642 ϐοῦ.
2259 2586 2494 2640 Ἀπελθε
2532 2588 2668 2640 ὃπου
2715 2587 2858 2656 λέγω
2905 2604 2988 2640 σοι
3045 2586 3185 2656 μετά
3228 2585 3323 2639 τοῦ
3378 2587 3681 2658 προφήτου,

2112 2670 2250 2740 μετά
2296 2669 2388 2723 τοῦ
2421 2670 2776 2734 διδασκάλου,
2815 2669 2954 2740 μετά
3008 2670 3108 2740 τῆς
3158 2668 3494 2741 βακτηρίας,
3546 2668 3686 2739 μετά

2108 2755 2200 2809 τοῦ
2232 2757 2491 2826 κήρυκος.
2536 2752 2630 2821 Μὴ
2658 2753 2849 2823 φοϐοῦ
2869 2794 2883 2817 ,
2933 2753 3079 2806 ὅταν
3107 2752 3428 2822 πλουτήσῃ
3460 2751 3683 2822 ἅνθρω-

2110 2860 2243 2907 πος.
2308 2840 2446 2893 Ἀλλ’
2512 2842 2689 2911 ἐρεῖς·
2750 2838 2921 2892 Τοῦτο
2986 2838 3378 2910 παραινοῦντός
3424 2839 3542 2892 ἐστι
3591 2839 3688 2892 καὶ

2111 2923 2591 2995 συμϐουλεύοντος,
2619 2924 2714 2977 καὶ
2735 2923 2802 2977 τά
2825 2922 3017 2976 δέοντα
3048 2922 3489 2992 ἀποφαινομένου
3511 2936 3527 2952 ·
3561 2922 3685 2976 εἰπέ

2111 3024 2203 3078 μοι
2228 3008 2319 3060 καὶ
2342 3007 2433 3060 τὸν
2457 3005 2678 3079 τρόπον,
2707 3005 2775 3059 δι’
2814 3005 2873 3058 ὃν
2903 3006 3003 3058 οὐκ
3034 3004 3239 3074 ὀφείλω
3265 3004 3570 3076 φοϐηθῆναι
3591 3004 3686 3059 τὸν

2108 3091 2418 3163 ἄνθρωπον.
2449 3091 2573 3144 Ὅτι
2601 3091 2849 3160 μιμεῖται
2887 3089 2987 3159 τὴν
3015 3088 3175 3157 φύσιν
3208 3088 3304 3141 τοῦ
3331 3087 3620 3158 ἀνθρώπου
3646 3091 3683 3160 ἡ

2112 3175 2273 3244 φύσις
2298 3174 2392 3228 τοῦ
2422 3174 2674 3227 πλούτου.
2724 3174 2836 3226 Καὶ
2866 3173 2983 3234 πῶς
3005 3210 3019 3235 ,
3054 3170 3167 3244 ἐγώ
3197 3170 3361 3241 λέγω.
3390 3172 3456 3225 Τί
3485 3171 3685 3244 ἀνθρω-

2111 3239 2244 3323 πος;
2273 3256 2420 3311 Ζῶον
2454 3256 2689 3320 εὐτελὲς,
2717 3256 3002 3326 ἐπίκηρον,
3023 3239 3405 3325 όλιγδχρόνιον.
3433 3239 3683 3309 Τοιοῦτιν

2110 3341 2207 3394 καὶ
2257 3342 2286 3394 6
2329 3338 2555 3402 πλοῦτος
2579 3359 2593 3372 υ
2649 3338 2847 3409 μᾶλλον
2897 3337 2955 3391 δὲ
3000 3338 3061 3391 ού
3109 3336 3369 3402 τοιοῦτον,
3410 3337 3550 3393 ἀλλά
3591 3339 3680 3395 καὶ

2111 3424 2523 3494 ἀσθενέστερον.
2554 3423 2628 3476 Οὐ
2666 3423 2775 3491 γάρ
2811 3420 2950 3491 μετά
2992 3420 3085 3475 τοῦ
3128 3421 3418 3495 ἀνθρώπου
3461 3423 3688 3491 τελευτᾷ

2111 3507 2394 3570 πολλάκις,
2428 3505 2564 3560 ἀλλά
2595 3506 2690 3559 καὶ
2718 3505 2824 3576 πρὸ
2852 3504 2945 3558 τοῦ
2985 3506 3274 3579 ἀνθρώπου
3304 3506 3546 3578 τελευτᾷ.
3576 3507 3685 3561 Καὶ

2111 3592 2226 3644 ἴστε
2261 3591 2416 3660 ὑμεῖς
2458 3588 2627 3660 μυρία
2665 3589 2757 3643 ἐπὶ
2794 3591 2861 3660 τῇ
2901 3588 3054 3642 πόλει
3092 3590 3263 3662 ταύτῃ
3311 3591 3685 3662 ὑποδείγματα.

2109 3674 2210 3743 τῆς
2235 3671 2493 3742 τελευτῆς
2519 3671 2613 3726 τοῦ
2644 3671 2823 3742 ἀώρου
2859 3671 3089 3726 πλούτου
3109 3673 3153 3741 ί,
3184 3675 3278 3727 καὶ
3309 3675 3680 3746 μεμαθήκατε,

2109 3760 2191 3812 ὅτι
2211 3760 2239 3811 6
2268 3757 2368 3827 μὲν
2405 3756 2742 3825 κεκτημένος
2772 3756 2862 3829 ζῇ,
2898 3757 2957 3812 τὸ
2984 3757 3040 3810 δὲ
3071 3759 3256 3828 κτῆμα
3288 3757 3536 3813 ἀπώλετο
3556 3777 3571 3790 ”
3600 3777 3685 3813 τε·

2110 3840 2273 3912 λευτὴ
2302 3839 2410 3909 γάρ
2438 3839 2666 3892 πλούτου
2704 3840 2972 3913 μεταϐολὴ
3020 3842 3230 3905 πενίας.
3281 3843 3564 3913 Ἐννόησον
3593 3840 3685 3898 οῦν

2111 3923 2227 3988 πῶς
2267 3923 2629 3992 ὀλιγοχρόνιον
2657 3924 2716 3976 τὸ
2744 3923 2953 3996 κτῆμα.
2997 3926 3055 3978 Ὁ
3081 3926 3180 3996 μὲν
3211 3925 3322 3998 γάρ
3349 3928 3682 3999 κεκτημένος

2110 4010 2199 4080 ζῇ,
2229 4006 2292 4061 τὸ
2321 4008 2379 4060 δέ
2403 4008 2588 4078 κτῆμα
2626 4007 2875 4063 ἀπώλετο
2893 4049 2911 4076 ,
2947 4011 3040 4062 καὶ
3068 4009 3180 4064 είθε
3212 4009 3462 4065 ἀπώλετο
3503 4013 3681 4082 μόνον,

2110 4094 2204 4146 καὶ
2237 4090 2312 4163 μὴ
2349 4090 2699 4144 συναπώλεσε
2728 4091 2819 4145 τὸν
2853 4093 3214 4164 κεκτημένον,
3247 4094 3460 4149 Οὐκοῦν
3492 4097 3593 4150 οὐκ
3620 4096 3688 4151 ἂν

2112 4177 2379 4247 ἁμάρτοις
2420 4174 2511 4228 τὸν
2554 4174 2784 4231 πλοῦτον
2829 4176 3122 4248 ἀγνώμονα
3163 4178 3381 4249 οἰκέτην
3430 4179 3684 4246 καλέσας,

2111 4260 2331 4328 οἰκέτην
2368 4257 2660 4330 αἱμοϐόρον
2691 4259 2784 4312 καὶ⁵
2817 4260 3165 4330 ἀνδροφόνον,
3202 4263 3422 4333 οἰκέτην
3455 4263 3689 4334 ἀμοιϐὰς

2112 4341 2433 4396 ἀποδιδόντα
2463 4341 2540 4412 τῷ
2570 4341 2802 4414 δεσπότῃ
2839 4345 2939 4414 τὴν
2988 4347 3219 4416 σφαγήν.
3268 4347 3379 4400 Καὶ
3408 4346 3467 4400 τὸ
3494 4346 3557 4418 δὴ
3592 4364 3689 4419 χα-

2112 4424 2441 4495 λεπώτερον,
2486 4425 2583 4494 οὐχ
2626 4425 2753 4479 ὅταν
2801 4427 2962 4481 αὐτὸν
3010 4429 3322 4502 καταλίπῃ,
3376 4431 3688 4503 περιϐάλλει

2113 4506 2392 4571 κινδύνοις,
2426 4507 2561 4561 ἀλλὰ
2597 4507 2691 4561 καὶ
2738 4509 2921 4581 πρὶνῆ
2954 4512 3227 4585 καταλίπῃ
3257 4513 3441 4581 αὐτὸν,
3475 4513 3689 4586 θορυϐεῖ

2113 4590 2272 4644 αὐτὸν
2301 4590 2396 4644 καὶ
2424 4590 2699 4661 ταράττει.
2744 4592 2836 4664 Μὴ
2862 4593 2971 4664 γάρ
3003 4613 3091 4666 μοι
3120 4594 3236 4669 ῐδῃς
3270 4597 3361 4651 τὸν
3393 4598 3462 4651 τά
3488 4598 3691 4670 σηρικά

2114 4674 2576 4745 περιϐεϐλημένον
2626 4676 2817 4745 ἱμάτια
2844 4715 2859 4741 ,
2918 4679 3015 4732 καὶ
3074 4679 3245 4753 μύρον
3298 4683 3551 4743 πνέοντα,
3594 4685 3687 4737 καὶ

2112 4758 2549 4829 θεραπευόμενον
2599 4759 2799 4824 ἔξωθεν
2820 4777 2835 4793 ο
2895 4762 3009 4815 ἀλλ’
3056 4764 3361 4833 ἀνάπυξον
3404 4768 3570 4823 αὐτοῦ
3626 4768 3688 4822 τὸ

2115 4840 2372 4903 συνειδὸς,
2389 4841 2677 4912 γύμνωσον
2703 4842 2870 4898 αὐτοῦ
2898 4845 2995 4917 τὴν
3022 4847 3265 4903 διάνοιαν
3289 4849 3371 4904 έτι
3402 4851 3689 4906 πλουτοῦν-

2111 4942 2221 4993 τος,
2256 4926 2351 4978 καὶ
2377 4925 2497 4995 ὄψει
2525 4926 2736 4980 ἔνδοθεν
2764 4927 3026 5000 θορύϐους
3073 4932 3167 4986 καὶ
3215 4935 3486 5006 ταραχάς.
3518 4937 3689 4992 Ὅταν

2111 5008 2168 5060 δέ
2202 5008 2316 5093 ἴδῃς
2346 5009 2530 5080 ἕτερον
2561 5008 2830 5063 πίπτοντα
2862 5014 2920 5067 ἐν
2949 5012 3026 5082 τῷ
3051 5014 3263 5072 ἐκείνου
3292 5018 3572 5090 πτώματι,
3588 5022 3686 5093 τὴν

2111 5092 2318 5146 οἰκείαν
2347 5093 2634 5164 συμφορὰν
2668 5095 3071 5164 καταμάνθανε.

2183 5181 2251 5243 γ’.
2291 5175 2355 5259 Τί
2389 5175 2496 5247 γὰρ
2532 5176 2958 5259 σφαλερώτερον
3006 5180 3114 5235 τῶν
3142 5183 3500 5256 ἀνθρωπίνων
3536 5185 3689 5259 [508]

2114 5257 2488 5328 πραγμάτων;
2525 5260 2591 5312 Ὃ
2621 5260 2882 5325 πολλάκις
2915 5256 3090 5329 εἷπον,
3136 5266 3220 5320 ὅτι
3250 5256 3692 5341 ποταμίων-ῥωβ-

2117 5341 2301 5410 μάτων
2330 5343 2576 5412 μιμεῖται
2627 5343 2818 5411 φύσιν,
2851 5346 2987 5416 ὁμοῦ
3020 5364 3078 5399 τε
3113 5350 3362 5417 φαίνεται
3392 5353 3484 5405 καὶ
3515 5369 3690 5422 παρα-

2111 5424 2323 5495 τρέχει,
2373 5425 2509 5495 ὁμοῦ
2557 5428 2847 5499 κατέχεται
2882 5431 2978 5484 καὶ
3016 5431 3293 5506 ἀποπηδᾷ.
3332 5435 3430 5503 Μὴ
3478 5436 3687 5504 φοϐοῦ,

2112 5505 2259 5561 ὅταν
2283 5508 2604 5580 πλουτήσῃ
2633 5511 2963 5582 ἄνθρωπος.
3005 5515 3205 5571 Τοῦτον
3233 5505 3363 5573 λάϐε
3394 5519 3486 5573 τὸν
3511 5517 3687 5589 λόγον,

2178 5641 2202 5668 θ
2227 5640 2361 5715 Ιβςξη
2388 5641 2435 5689 ἐν
2472 5642 2606 5715 τόπῳ
2630 5646 2842 5715 καθαρῷ,
2864 5646 2987 5715 ἔχων
3020 5649 3210 5712 ὄμματα
3229 5652 3383 5714 νοερὰ·
3427 5653 3594 5715 ἔμϐηθι
3622 5661 3692 5711 εἰς

2113 5701 2203 5769 τὸν.
2218 5702 2451 5769 κλύδωνα,
2478 5701 2618 5769 μόνον
2641 5701 2765 5766 μετιῖ
2782 5701 3041 5769 ἀκριϐείας.

2184 5762 2203 5799 ῐ
2232 5762 2348 5813 Haec
2370 5762 2568 5815 omnino
2588 5762 2957 5820 dibta\'idehlur
2979 5762 3322 5836 pbleutropii
3344 5775 3689 5827 calamitatem.
