4084 6346
464 293 569 348 505

465 411 624 463 homo
643 409 801 464 etiam
831 421 966 472 sum,
991 412 1256 464 communi
1277 412 1546 479 subjectus
1567 421 1788 478 naturm,
1809 428 2048 468 commu-

463 516 689 572 nemque
714 501 1010 556 doctrinam
1040 504 1303 572 prmbens.

531 590 734 646 Divitiis
771 609 898 647 vene
921 609 1052 664 quis.
1091 593 1426 649 Adulatorum
1457 596 1671 651 indoles.
1699 596 2050 670 Eleemosyme

459 683 655 736 laudes.
689 711 752 722 ——
781 682 864 738 Ne
889 685 1114 738 timueris
1137 726 1151 748 ,
1175 702 1286 738 cum
1331 687 1466 742 dives
1509 691 1672 757 factus
1697 692 1850 760 fuerit
1875 690 2042 744 homo.

459 775 612 830 Hunc
641 776 824 844 accipe
865 791 1080 832 versum
1129 775 1182 832 in
1216 779 1519 834 thesaurum
1546 789 1599 836 ct
1627 793 1993 852 argumentum
2029 801 2042 839 :

455 869 598 924 hunc
625 870 808 938 accipe
833 884 1045 929 versum
1073 870 1304 926 radicem
1330 870 1632 926 divitiarum
1659 884 1713 928 et
1738 875 2041 944 opulentiae.

452 960 568 1015 Non
600 961 740 1016 enim
773 960 989 1016 divitem
1027 977 1147 1016 esse
1168 1004 1182 1027 ,
1213 963 1306 1017 sed
1337 963 1548 1019 divitias
1577 965 1720 1020 nolle
1743 1009 1757 1033 ,
1790 967 1872 1021 hae
1920 980 2044 1024 sunt

451 1068 593 1108 vera:
621 1051 836 1107 divitiae.
870 1051 1004 1107 Num
1051 1053 1386 1110 intellexistis
1432 1055 1560 1109 illud
1596 1057 1737 1126 quod
1771 1058 1922 1112 vobis
1961 1059 2046 1112 di—

451 1158 593 1202 ctum
625 1147 748 1203 est?
774 1147 874 1213 Qui
898 1147 1009 1201 vult
1039 1162 1160 1202 esse
1183 1147 1351 1212 dives,
1382 1150 1806 1218 possessionibus
1833 1164 1955 1222 eget
1980 1169 2043 1207 ac

451 1238 692 1304 pecuniis
721 1256 733 1290 :
761 1238 850 1306 qui
876 1247 1051 1294 autem
1080 1254 1184 1292 non
1215 1239 1328 1293 vult
1357 1254 1478 1295 esse
1512 1240 1661 1296 dives
1683 1281 1699 1306 ,
1723 1250 1807 1296 est
1831 1257 2044 1311 semper

451 1330 502 1383 in
526 1330 815 1400 epulentia.
842 1329 924 1384 Ne
949 1331 1194 1395 timueris,
1215 1347 1328 1384 cum
1349 1331 1484 1385 dives
1513 1335 1673 1402 {actus
1694 1333 1843 1404 fuerit
1868 1335 2037 1400 homo,

447 1432 672 1474 autcum
692 1422 1026 1490 multiplicata
1047 1423 1198 1491 fuerit
1221 1422 1385 1492 gloria
1405 1423 1585 1477 domus
1606 1426 1734 1495 ejus.
1761 1424 1843 1477 Ne
1863 1426 2041 1478 timue-

447 1516 536 1576 ris,
563 1515 650 1568 dic
679 1515 808 1567 mihi
835 1556 848 1577 ,
877 1521 1093 1583 propter
1121 1515 1283 1583 quid?
1306 1515 1568 1582 Quoniam
1599 1517 1868 1572 metuendi
1917 1527 2042 1572 sunt

445 1604 636 1658 divites
658 1645 674 1669 ,
704 1604 864 1658 vitam
896 1605 1151 1674 propheta
1182 1606 1429 1676 explicat.
1459 1607 1595 1674 Quid
1639 1611 1830 1664 metuis
1867 1611 2041 1665 homi-

446 1709 565 1749 nem
594 1694 736 1748 foliis
764 1706 1033 1761 ornatum,
1065 1696 1266 1751 fructus
1293 1699 1608 1766 expertem?
1636 1716 1731 1754 cur
1759 1703 1911 1756 times
1945 1704 2038 1755 ho-

444 1785 638 1838 minem
653 1785 740 1854 qui
760 1785 810 1839 iu
825 1787 1174 1840 amaritudine
1191 1788 1466 1843 ambulat?
1485 1805 1580 1843 cur
1597 1792 1750 1846 times
1769 1792 2034 1847 hominem

441 1891 654 1944 semper
675 1879 1033 1932 trementem?
1055 1878 1180 1948 quid
1211 1879 1364 1932 times
1395 1879 1664 1934 hominem
1697 1881 1750 1934 in
1779 1892 2036 1952 perpetuo

443 1979 587 2024 metu
616 1969 878 2026 viventem
903 1970 926 2023 ’ἔ
947 1970 1146 2026 Servus
1174 1971 1318 2026 enim
1350 1981 1470 2026 tuus
1513 1989 1618 2026 non
1654 1973 1805 2029 timet
1848 1985 1898 2028 te
1943 1975 2037 2030 ab-

441 2068 690 2116 sentem:
719 2061 808 2116 ille
848 2077 977 2117 vero
1007 2062 1278 2118 dominum
1329 2079 1481 2118 suum
1529 2064 1670 2119 intus
1703 2066 2031 2122 circumfert.

440 2151 789 2223 Quocumque
834 2153 1162 2219 icrit,amor
1187 2156 1426 2224 pecunia:
1470 2155 1644 2225 ipsum
1691 2159 1951 2228 sequitur.
1988 2158 2033 2214 ls

441 2249 796 2317 propinquos,
825 2246 1150 2302 domesticos
1173 2290 1188 2312 ,
1211 2249 1414 2303 amicos
1436 2289 1451 2312 ,
1479 2249 1684 2306 invidos
1703 2293 1716 2315 ,
1740 2250 2027 2318 beneficos,

438 2351 628 2394 omnes
643 2340 800 2393 simul
825 2339 981 2394 habet
1009 2339 1268 2394 inimicos.
1291 2339 1542 2395 Invidiam
1567 2342 1762 2412 quippe
1789 2358 2031 2411 magnam

439 2433 689 2486 concitat.
725 2433 931 2501 Pauper
959 2444 1106 2488 certe
1138 2435 1403 2488 neminem
1428 2435 1597 2499 timet,
1628 2437 1876 2506 quoniam
1907 2436 2031 2505 phi-

438 2524 676 2594 losophia
695 2535 748 2579 et
767 2526 1015 2594 patientia
1035 2534 1236 2580 tantum
1252 2525 1400 2581 dives
1418 2535 1500 2580 est
1515 2546 1527 2581 :
1545 2527 1693 2582 dives
1705 2530 2029 2599 autem,quia

438 2620 492 2672 in
516 2618 740 2673 habendi
757 2619 1044 2688 cupiditate
1065 2620 1216 2685 vivit,
1236 2620 1481 2674 omnibus
1507 2636 1729 2689 perosus
1753 2631 1836 2677 est
1853 2663 1868 2687 ,
1893 2632 1947 2677 et
1977 2625 2028 2678 in

437 2709 663 2778 publicis
687 2709 911 2765 castibus
938 2710 1103 2763 hostis
1127 2711 1397 2774 circumit,
1427 2711 1576 2765 vultu
1617 2714 2025 2778 assentantihus,

439 2801 724 2872 animoque
751 2801 1053 2856 odientibus
1081 2802 1348 2856 omnibus.
1372 2802 1524 2868 Quod
1571 2811 1748 2857 autem
1793 2803 1906 2858 haec
1936 2805 2030 2860 illo

435 2891 596 2947 modo
642 2907 702 2946 se
748 2892 978 2947 habeant
1005 2933 1019 2956 ,
1050 2893 1327 2962 ingruente
1379 2901 1541 2948 vento
1562 2935 1577 2959 ,
1610 2894 2028 2966 cedentibusque

436 2981 596 3048 foliis,
613 2999 733 3038 cum
759 2983 960 3038 scilicet
987 2985 1211 3039 mutatio
1242 3000 1420 3040 rerum
1446 2985 1678 3052 advenit,
1703 2996 1826 3047 tunc
1847 3004 2029 3044 emen-

435 3074 514 3128 titi
540 3074 699 3130 amici
722 3076 1138 3145 comperiuntur,
1168 3086 1294 3132 tunc
1317 3077 1698 3133 assentantium
1729 3079 1889 3133 larva:
1921 3098 2019 3134 uo-

435 3175 655 3220 scuntur
672 3207 687 3231 ,
717 3174 840 3220 tunc
865 3165 1180 3222 manifestus
1205 3166 1382 3222 evadit
1409 3167 1773 3224 simulantium
1801 3170 2024 3238 chorus,

436 3269 561 3314 tunc
601 3275 760 3314 scena
793 3261 1047 3329 aperitur.
1075 3260 1400 3330 Aperiuntur
1443 3276 1538 3316 ora
1565 3264 1802 3316 omnium
1845 3263 2028 3319 dicen-

437 3351 568 3405 tium
593 3368 605 3403 :
630 3351 896 3405 Scelestus
937 3351 1059 3414 ille,
1099 3351 1371 3419 improbus
1395 3393 1409 3414 ,
1440 3351 1846 3420 perditissimus.
1887 3355 2022 3421 Quid

433 3442 550 3495 ais?
587 3457 763 3496 annon
804 3442 916 3496 heri
945 3442 1044 3510 ipsi
1089 3441 1426 3497 adulabaris?
1459 3458 1632 3498 annon
1674 3459 1862 3500 manus
1908 3447 2024 3515 ejus

434 3537 795 3591 osculabaris?
813 3535 934 3590 [iace
952 3538 1092 3590 larva
1117 3545 1286 3592 erant.
1319 3537 1469 3592 Venit
1489 3548 1716 3610 tempus,
1742 3549 1798 3596 et
1822 3541 2021 3595 larvam

436 3629 588 3697 posui
613 3671 627 3692 ,
661 3639 1000 3698 mentemque
1027 3631 1232 3700 aperui.
1273 3631 1409 3698 Quid
1440 3647 1568 3701 ergo
1595 3634 1751 3688 times
1775 3674 1790 3700 ,
1816 3650 2018 3704 quaeso,

433 3735 554 3773 eum
592 3720 680 3789 qui
723 3736 752 3773 a
784 3729 860 3775 tot
897 3721 1203 3776 hominibus
1248 3725 1565 3779 accusatur?
1596 3725 1659 3779 Et
1705 3726 1831 3796 quid
1876 3727 2022 3783 hoc?

432 3811 645 3867 Utinam
691 3829 759 3868 ne
796 3829 855 3868 se
883 3814 995 3883 ipse
1018 3824 1251 3871 accuset.
1285 3817 1410 3872 Harc
1434 3817 1555 3873 dico
1581 3835 1687 3875 non
1717 3821 1856 3891 quod
1887 3822 2024 3877 divi-

432 3904 550 3967 tias,
576 3918 632 3957 ut
657 3905 848 3959 millies
868 3905 998 3972 dixi,
1022 3907 1293 3962 criminari
1318 3909 1499 3973 velim,
1527 3912 1621 3966 sed
1647 3927 1740 3966 eos
1764 3915 1855 3984 qui
1879 3915 2018 3971 bona

429 4011 489 4048 re
517 3995 655 4052 inale
685 4005 924 4052 utuntur.
953 3997 1201 4053 Pecunia:
1230 3999 1372 4055 enim
1408 4017 1530 4057 cum
1559 4005 1812 4073 Operibus
1853 4005 2021 4063 hone-

428 4097 524 4142 sta:
553 4099 696 4144 sunt.
727 4089 1007 4158 Quomodo
1038 4091 1320 4148 honestae?
1348 4094 1403 4150 Si
1436 4107 1800 4165 paupertatem
1835 4101 2018 4156 suble-

427 4188 573 4245 vent,
600 4181 645 4234 si
675 4181 904 4251 inepiam
936 4193 1256 4239 sustentent.
1279 4185 1420 4241 Audi
1442 4186 1544 4243 Job
1571 4188 1837 4245 dicentem
1866 4211 1878 4246 :
1906 4193 2017 4264 Ego

428 4286 565 4323 eram
594 4271 769 4325 oculus
790 4288 1036 4326 meorum
1053 4313 1067 4340 ,
1099 4291 1185 4343 pes
1212 4275 1532 4344 elaudorum,
1561 4296 1652 4350 ego
1692 4298 1831 4336 eram
1875 4294 2018 4354 pater

427 4377 696 4432 egenorum
728 4361 888 4434 (Job.
915 4364 1004 4419 29.
1034 4366 1122 4422 15.
1156 4365 1274 4438 l6).
1318 4367 1453 4424 Ecce
1496 4370 1692 4427 divitim
1721 4374 1836 4429 sine
1889 4392 2014 4445 pec-

427 4462 546 4508 cato
570 4495 586 4520 ,
610 4453 704 4509 sed
749 4469 869 4510 cum
915 4471 1098 4512 amore
1138 4473 1452 4527 pauperum.
1495 4459 1691 4518 Domus
1729 4482 1842 4519 mea
1878 4471 2016 4522 omni

425 4546 640 4600 venienti
675 4557 852 4616 aperta
877 4547 973 4614 fuit
997 4547 1136 4620 (Job.
1171 4551 1256 4604 51.
1287 4551 1393 4618 52).
1431 4552 1544 4608 Hoc
1573 4553 1874 4610 divitiarum
1915 4560 2016 4612 mi-

427 4638 704 4693 nisterium
732 4647 832 4702 est,
855 4655 1042 4694 earum
1074 4657 1267 4711 nempe
1295 4658 1414 4712 qure
1437 4659 1542 4698 non
1571 4647 1805 4714 nomine,
1832 4648 1927 4703 sed
1955 4666 2014 4705 re

424 4740 550 4786 sunt
597 4731 817 4787 divitize.
859 4732 969 4789 Illa:
1021 4733 1218 4789 divitiae
1265 4751 1433 4792 servm
1471 4747 1598 4793 sunt
1638 4739 1858 4807 harum;
1908 4741 2013 4797 illa:

425 4825 622 4895 quippe
646 4839 838 4883 nomen
861 4836 987 4880 sunt
1013 4842 1072 4881 re
1098 4843 1343 4894 vacuum,
1369 4829 1450 4884 ha».
1474 4846 1602 4886 vero
1622 4841 1676 4886 et
1701 4833 1933 4888 nominis
1957 4844 2013 4890 et

423 4919 502 4972 rei
541 4918 819 4975 veritatem
847 4918 1062 4975 habent.
1094 4921 1386 4990 Quasnam?
1411 4924 1502 4980 Ea:
1527 4942 1645 4995 quae
1685 4927 1752 4980 ad
1786 4928 2011 4983 virtutes

423 5017 478 5062 et
513 5009 581 5063 ad
628 5010 1022 5085 eleemosynam
1053 5013 1404 5069 exercendam
1438 5016 1840 5086 impenduntur.
1869 5021 2012 5088 Quo-

425 5100 623 5154 modo?
650 5101 761 5171 Ego
787 5101 978 5156 dicam.
1007 5103 1102 5160 Est
1126 5104 1272 5160 dives
1295 5107 1383 5175 qui
1413 5109 1651 5164 omnium
1679 5111 1815 5165 bona
1847 5113 2006 5181 rapit,

423 5201 476 5248 et
503 5200 585 5246 est
610 5192 758 5247 dives
787 5193 874 5262 qui
902 5207 998 5248 sua
1045 5196 1363 5265 pauperibus
1388 5206 1573 5268 erogat
1601 5217 1614 5256 :
1645 5201 1730 5255 hic
1771 5202 1820 5256 in
1858 5204 1976 5258 colli
1989 5233 2009 5245 -

421 5283 618 5354 gendo,
639 5285 728 5341 ille
743 5289 796 5340 in
815 5286 1114 5358 spargendo
1139 5289 1289 5344 dives
1305 5301 1387 5346 est
1406 5310 1418 5344 :
1441 5292 1528 5348 ille
1544 5295 1770 5350 seminat
1789 5309 2004 5361 terrain,

425 5375 511 5430 hic
555 5376 743 5431 caelum
787 5378 1000 5433 excolit.
1031 5379 1295 5447 Quantmn
1326 5392 1540 5450 praestat
1585 5394 1740 5440 terra:
1779 5389 1964 5443 οωιυιη
1991 5432 2005 5456 ,

425 5476 626 5522 tantum
648 5468 790 5524 illius
804 5469 1094 5539 opulentia,
1113 5471 1272 5541 hujus
1291 5471 1488 5530 divitiis
1507 5475 1768 5531 inﬁrmior
1787 5488 1888 5534 est.
1913 5479 2010 5536 Hic

423 5557 734 5615 innumeros
758 5559 916 5616 habet
935 5572 1198 5618 amatores
1215 5564 1334 5621 :ille
1353 5580 1540 5622 omnes
1559 5580 1918 5630 accusatores.
1939 5572 2009 5628 Et

424 5649 567 5719 quod
594 5659 675 5706 est
700 5653 963 5719 mirabile,
992 5662 1260 5723 raptorem
1285 5666 1340 5712 et
1358 5672 1581 5715 avarum
1609 5678 1714 5717 non
1743 5663 1818 5718 illi
1849 5666 2007 5721 modo

430 5736 524 5809 qui
551 5741 662 5800 laesi
688 5754 844 5812 sunt,
869 5746 962 5803 sed
998 5748 1157 5804 etiam
1201 5750 1238 5806 ii
1274 5749 1366 5822 qui
1393 5752 1521 5810 nihil
1549 5755 1670 5810 mali
1700 5766 1822 5812 sunt
1853 5758 1997 5826 passi

1159 293 1212 348 S.
1256 293 1532 350 JOAN‘NIS
1571 292 2042 351 CHRYSOSTUMI
2081 299 2969 372 ΑΗΟΗΙΕΡέἙοΝΞΤΛΝΤΙΝΟΡ.

3635 330 3741 386 505

2156 419 2404 489 oderunt,
2431 427 2601 483 vicem
2629 429 2844 486 illorum
2873 434 3116 492 dolentes
3135 479 3150 504 ,
3179 440 3267 508 qui
3299 442 3436 496 mala
3467 455 3586 499 sunt
3615 462 3743 516 per-

2154 514 2297 582 pessi
2322 534 2334 569 :
2360 518 2756 576 misericordem
2783 540 2910 578 vero
2937 543 3040 582 non
3070 531 3226 584 modo
3255 531 3286 586 ii
3325 535 3413 603 qui
3441 514 3740 593 niiscricoro

2153 605 2294 660 diam
2320 621 2444 664 sunt
2471 617 2780 684 consequuti
2806 659 2820 684 ,
2844 618 2937 672 sed
2963 620 3123 675 etiam
3153 621 3189 675 ii
3227 625 3315 693 qui
3349 641 3452 681 non
3487 640 3608 683 sunt
3638 649 3738 686 ex-

2152 699 2599 772 perti,diligunt.
2635 705 2814 764 Virtus
2861 711 3004 765 enim
3051 724 3132 768 est
3179 715 3308 770 vitio
3361 723 3734 791 prmstantior,

2152 788 2362 847 fratres.
2394 793 2588 851 Vitium
2622 799 2738 855 illos
2760 802 2917 857 etiam
2945 805 3034 874 qui
3067 807 3176 861 laesi
3208 824 3313 864 non
3344 822 3468 866 sunt
3494 814 3736 875 inimicos

2150 883 2334 952 habet;
2359 887 2697 964 elcemosyna
2728 905 2903 951 autem
2947 899 3064 953 illos
3102 917 3312 972 quoque
3353 907 3441 976 qui
3479 909 3737 966 beneficio

2150 990 2255 1029 non
2296 989 2417 1032 sunt
2442 981 2614 1036 affecti
2647 985 2803 1041 habet
2839 990 3060 1045 amicos.
3108 991 3306 1050 Omnes
3345 998 3486 1052 enim
3515 1000 3734 1064 dicunt:

2149 1067 2290 1124 Deus
2333 1069 2409 1126 illi
2437 1073 2752 1132 benefaciat.
2781 1079 2900 1148 Quo
2942 1084 3154 1139 tandem
3186 1087 3327 1144 bono
3371 1091 3593 1148 allectus
3633 1098 3738 1149 es?

2146 1158 2320 1227 Nullo;
2336 1162 2428 1218 sed
2447 1163 2610 1222 frater
2623 1184 2772 1225 meus
2793 1189 2806 1223 :
2827 1187 2932 1226 non
2955 1189 3071 1244 ego,
3092 1178 3185 1232 sed
3209 1181 3506 1239 membrum
3524 1202 3732 1242 meum:

2148 1251 2464 1310 beneﬁcium
2494 1260 2688 1330 quippe
2715 1260 2785 1315 i!li
2821 1267 3133 1332 prarstitum,
3166 1286 3342 1326 meum
3401 1287 3610 1344 reputo.
3646 1278 3736 1332 Via

2145 1343 2270 1399 disti
2297 1356 2552 1417 quantum
2582 1353 2777 1408 bonum
2817 1358 2884 1410 sit
2921 1359 3090 1415 virtus
3114 1403 3128 1427 ,
3155 1379 3312 1431 quam
3341 1343 3694 1426 desiderabile
3713 1412 3730 1438 ,

2144 1451 2302 1504 quam
2328 1441 2577 1510 amabile,
2609 1459 2768 1513 quam
2800 1449 3125 1514 pulchrum?
3149 1453 3450 1513 Misericors
3479 1471 3559 1516 est
3586 1478 3735 1517 com-

2145 1527 2321 1583 munis
2348 1540 2534 1599 portus
2557 1573 2572 1597 ,
2603 1544 2754 1602 pater
2783 1541 3042 1608 omnium,
3075 1542 3297 1601 baculus
3340 1564 3549 1607 senum.
3574 1553 3734 1610 Mise-

2143 1618 2312 1676 ricors
2349 1623 2394 1676 si
2435 1625 2562 1693 quid
2607 1625 2826 1684 insuave
2869 1633 3102 1701 patiatur
3126 1678 3140 1703 ,
3171 1651 3458 1707 precantur
3503 1659 3688 1701 omnes
3713 1690 3728 1712 ,

2143 1708 2285 1764 Deus
2317 1711 2480 1781 ipsius
2518 1718 2868 1791 misereatur,
2893 1724 2993 1794 ipsi
3032 1725 3168 1784 bene
3194 1729 3385 1799 faciat,
3421 1736 3555 1789 bona
3590 1708 3731 1808 apud

2141 1799 2287 1856 illum
2314 1817 2561 1862 maneant
2589 1826 2602 1861 :
2627 1812 2672 1864 si
2696 1821 2872 1868 autem
2901 1816 2968 1871 ad
2994 1827 3260 1888 raptorem
3282 1827 3515 1894 veneris,
3545 1831 3732 1885 audies

2140 1894 2229 1960 qui
2278 1895 2451 1951 dicant
2485 1917 2500 1952 :
2542 1901 2920 1964 Exsecrandus
2956 1909 3066 1976 ille,
3113 1912 3406 1984 improbus,
3450 1920 3728 1977 scelestus.

2139 1985 2274 2052 Quid
2306 2005 2491 2057 passus
2511 1995 2631 2048 est?
2654 1997 2764 2067 Ego
2790 2000 2942 2064 nihil,
2968 2003 3061 2058 sed
3085 2003 3254 2061 frater
3283 2024 3436 2064 meus
3459 2013 3497 2064 ι.
3520 2013 3731 2068 Adsunt

2137 2079 2375 2146 quotidie
2413 2082 2676 2141 clamores
2722 2089 3009 2148 innumeri.
3037 2095 3094 2150 Si
3141 2099 3432 2166 ceciderit,
3460 2117 3644 2161 omnes
3674 2108 3728 2160 in

2139 2169 2282 2223 illum
2315 2174 2540 2230 irruunt.
2580 2178 2814 2236 lloccine
2852 2185 2994 2238 vita?
3022 2187 3123 2243 hoc
3151 2191 3382 2247 divitiae?
3407 2211 3581 2250 annon
3613 2199 3729 2254 hmc

2135 2267 2369 2322 conditio
2395 2270 2630 2330 deterior
2654 2293 2813 2347 quam
2840 2297 3052 2338 reorum
3069 2284 3438 2344 damnatorum
3461 2291 3482 2344 ?
3503 2294 3603 2360 Qui
3631 2295 3727 2350 da-

2135 2367 2345 2416 muamS
2369 2373 2470 2429 est,
2501 2381 2726 2438 corpore
2746 2372 2936 2443 ligatus
2962 2387 3038 2430 est
3048 2395 3061 2443 ;
3086 2378 3174 2433 hic
3199 2381 3393 2436 anima.
3416 2383 3576 2440 Vides
3601 2404 3724 2442 eum

2135 2453 2388 2522 vinctum,
2415 2466 2470 2512 et
2499 2476 2602 2514 non
2650 2464 2925 2521 miseraris
2964 2471 3174 2539 ipsum?
3225 2474 3373 2529 Illum
3428 2478 3514 2532 odi
3549 2519 3564 2544 ,
3597 2484 3722 2549 quia

2135 2545 2341 2601 vinctus
2368 2558 2468 2616 est,
2503 2566 2608 2607 non
2637 2555 2720 2621 vi,
2747 2558 2840 2611 sed
2862 2563 3152 2630 ‘przeposito
3175 2581 3188 2617 :
3214 2566 3337 2635 quia
3368 2545 3723 2626 catenam-at-

2135 2637 2313 2692 traxit.

2203 2731 2256 2784 4.
2310 2731 2697 2806 Chrysostomus
2739 2753 2928 2812 pastor.
2957 2777 3020 2786 —
3046 2748 3249 2806 Rursus
3281 2766 3335 2808 tu
3363 2767 3546 2812 contra
3582 2759 3720 2815 divi-

2135 2824 2246 2877 tes?
2272 2825 2452 2884 dicent
2480 2831 2630 2886 mihi.
2657 2833 2860 2892 Rursus
2881 2855 2973 2894 vos
2998 2853 3184 2898 contra
3207 2861 3487 2918 pauperes.
3513 2853 3716 2910 Rursus

2134 2925 2187 2970 tu
2218 2928 2406 2983 contra
2436 2927 2714 2992 raptores?
2756 2928 2960 2986 Rursus
2996 2948 3091 2987 vos
3128 2949 3312 2992 contra
3361 2956 3455 2996 cos
3493 2960 3719 3012 quorum

2131 3009 2270 3064 bona
2309 3015 2606 3082 rapiuntur.
2655 3019 2761 3074 Vos
2812 3037 2916 3077 non
2962 3027 3249 3094 satiamini,
3296 3033 3424 3089 dum
3458 3052 3720 3107 pauperes

2129 3101 2396 3158 devoratis
2433 3115 2488 3161 et
2527 3110 2815 3178 mordetis;
2845 3130 2944 3185 ego
2973 3132 3078 3173 non
3110 3122 3274 3176 satior
3299 3141 3394 3184 vos
3423 3131 3718 3200 corripiens

2128 3205 2182 3249 et
2207 3199 2518 3256 emendans.
2548 3201 2775 3274 Semper
2804 3216 2858 3262 tu
2887 3205 2969 3264 his
2998 3211 3209 3269 hieres?
3246 3215 3471 3290 Semper
3500 3231 3555 3277 tu
3570 3199 3716 3294 pau-

2129 3288 2241 3356 peri
2273 3289 2552 3347 adlueres?
2594 3297 2834 3354 Abscede
2864 3309 2917 3355 tu
2945 3303 3011 3357 ab
3037 3320 3137 3361 ove
3162 3323 3278 3362 mea
3300 3352 3314 3377 ,
3343 3288 3427 3366 abi
3460 3329 3486 3365 a
3517 3288 3710 3386 grege;

2127 3396 2195 3436 ne
2215 3380 2385 3452 ipsum
2412 3384 2718 3444 labefactes.
2743 3391 2799 3445 Si
2821 3409 2946 3448 vero
2969 3395 3251 3454 labefactas
3273 3417 3486 3472 gregem
3511 3380 3711 3476 meum,

2125 3485 2194 3525 an
2230 3476 2438 3528 crimini
2477 3488 2674 3545 vertes,
2713 3482 2759 3537 si
2802 3493 2851 3538 te
2890 3492 3209 3556 persequar?
3238 3491 3292 3546 Si
3321 3507 3503 3564 pastor
3532 3514 3709 3555 essem

2127 3566 2305 3619 ovium
2326 3607 2342 3631 ,
2370 3583 2549 3626 annon
2574 3587 2661 3628 me
2691 3573 2960 3632 incusares
2984 3617 2999 3642 ,
3038 3581 3082 3634 si
3109 3581 3288 3652 lupum
3312 3587 3362 3639 in
3388 3603 3600 3659 gregem
3627 3592 3711 3645 in-

2124 3667 2400 3725 gruentem
2426 3676 2532 3716 non
2559 3670 2947 3736 persequerer?
2975 3672 3161 3728 Pastor
3181 3690 3298 3730 sum
3322 3680 3709 3738 rationabilium

2125 3748 2301 3804 ovium
2351 3751 2598 3823 (a):non
2641 3758 2814 3827 lapide
2859 3775 3179 3834 persequor,
3226 3768 3320 3823 sed
3366 3773 3569 3828 verbo:
3603 3776 3710 3828 imo

2124 3842 2302 3909 potius
2327 3859 2432 3898 non
2453 3861 2744 3918 persequor
2769 3861 2838 3917 te,
2871 3853 2964 3907 sed
2997 3869 3150 3911 voco.
3182 3859 3312 3914 Esto
3332 3864 3467 3926 ovis,
3490 3865 3706 3933 accede,

2123 3941 2241 3987 esto
2271 3951 2302 3989 e
2339 3952 2562 3993 numero
2600 3943 2774 4011 gregis
2811 3945 2937 3998 mei.
2977 3945 3087 4000 Cur
3126 3964 3340 4019 gregem
3386 3958 3700 4026 corrumpis,

2123 4027 2213 4094 qui
2254 4043 2452 4099 augere
2497 4031 2759 4088 deberes?
2802 4036 2917 4091 Non
2964 4054 3257 4113 persequor
3297 4055 3366 4110 te,
3400 4048 3493 4102 sed
3526 4049 3703 4120 lupum

2124 4132 2432 4188 persequor.
2462 4119 2519 4175 Si
2547 4123 2705 4191 lupus
2736 4142 2840 4181 non
2869 4143 2945 4192 es,
2979 4147 3084 4184 non
3115 4143 3165 4187 te
3195 4150 3506 4207 persequor.
3620 4141 3702 4195 lu-

2122 4225 2222 4278 pus
2253 4211 2418 4265 factus
2439 4229 2517 4279 es,
2543 4217 2766 4284 teipsum
2789 4234 2998 4274 accusa.
3024 4221 3140 4278 Non
3168 4235 3352 4280 contra
3375 4228 3584 4295 divites,
3608 4233 3702 4287 sed

2121 4318 2220 4372 pro
2249 4304 2499 4361 divitibus
2531 4323 2671 4364 sum.
2720 4309 2845 4366 llaec
2875 4315 3068 4385 quippe
3101 4317 3284 4373 dicens
3304 4362 3319 4385 ,
3357 4337 3451 4389 pro
3479 4331 3530 4378 te
3560 4323 3698 4387 dico.

2120 4397 2218 4450 etsi
2247 4413 2354 4452 non
2380 4401 2596 4456 sentias.
2639 4403 2916 4470 Quomodo
2945 4424 3040 4476 pro
3071 4425 3158 4465 me
3189 4411 3460 4482 loqueris?
3488 4415 3620 4484 Quia
3653 4429 3703 4472 te

2118 4506 2148 4546 a
2178 4503 2396 4561 peccato
2421 4495 2606 4562 libero,
2635 4508 2689 4553 et
2718 4514 2747 4552 a
2770 4502 2973 4569 rapina,
3008 4506 3362 4576 omnibusque
3392 4518 3441 4562 te
3470 4511 3699 4564 amicum

2117 4586 2405 4651 constituo,
2435 4588 2682 4663 omnibus
2711 4589 3146 4648 desiderabilem.
3180 4596 3401 4666 Semper
3423 4599 3544 4654 dico
3571 4602 3696 4657 tibi:

2118 4673 2468 4745 Rapuistine?
2512 4682 2762 4750 pecunias
2786 4684 3021 4738 auxisti?
3051 4687 3189 4753 veni,
3223 4697 3273 4743 te
3311 4692 3529 4747 mutabo
3558 4711 3570 4746 :
3601 4695 3700 4748 ini~

2117 4768 2371 4823 micitiam
2395 4770 2448 4824 in
2470 4771 2755 4826 amicitiam
2777 4786 3110 4840 convertam,
3142 4781 3434 4848 periculum
3467 4784 3520 4838 in
3548 4801 3700 4840 secu-

2116 4859 2351 4913 ritatem.
2395 4860 2521 4915 Haec
2549 4862 2602 4917 in
2632 4862 2735 4917 hoc
2758 4865 2955 4919 saecqu
2974 4908 2989 4931 ,
3035 4867 3142 4922 illic
3167 4885 3292 4924 vero
3321 4887 3531 4928 rursum
3560 4874 3696 4931 dabo

2116 4949 2211 5004 tibi
2251 4966 2471 5020 regnum
2498 4953 2773 5018 caelorum,
2805 4971 2870 5011 ne
2900 4957 2951 5010 in
2983 4961 3240 5028 supplicia
3272 4973 3471 5020 aeterna
3501 4967 3694 5034 abeas;

2116 5052 2174 5098 ut
2195 5044 2423 5113 accipias
2447 5045 2605 5111 bona,
2635 5047 2762 5114 Quae
2785 5051 2958 5104 oculus
2987 5068 3087 5106 non
3112 5054 3253 5120 vidit,
3278 5073 3366 5110 nec
3385 5060 3523 5113 auris
3545 5064 3695 5114 audi-

2114 5135 2199 5200 vit,
2230 5153 2318 5189 nec
2340 5137 2392 5189 in
2413 5153 2501 5190 cor
2527 5138 2745 5194 hominis
2763 5143 3094 5197 ascenderunt
3125 5146 3200 5218 (-l.
3231 5147 3348 5202 Cor.
3371 5148 3427 5203 2.
3453 5149 3526 5222 9).
3551 5153 3694 5207 [lter-

2114 5225 2233 5281 cine
2259 5231 2627 5298 persequentis
2661 5241 2818 5297 sunt,
2850 5249 2916 5287 an
2955 5236 3318 5293 consulentis?
3359 5245 3590 5295 amantis
3629 5260 3698 5298 an

2114 5317 2382 5373 odieutis?
2427 5319 2622 5374 Verum
2673 5331 2726 5376 tu
2769 5338 2856 5378 me
2899 5324 3098 5380 oderis.
3142 5327 3254 5383 lmo
3295 5345 3422 5386 vero
3463 5341 3514 5387 te
3551 5351 3694 5387 amo.

2115 5409 2446 5480 Prmceptum
2476 5411 2687 5468 Domini
2716 5415 2819 5470 mei
2855 5414 3030 5472 habeo
3055 5436 3070 5472 :
3095 5416 3307 5490 Diligite
3346 5421 3578 5478 inimicos
3609 5439 3698 5478 oe-

2112 5585 2216 5695 melo
2230 5590 2338 5696 Βέλιῖ
2353 5592 2478 5646 Μεεη
2520 5585 2572 5638 in
2593 5600 2684 5650 quo
2707 5589 2829 5640 male
2853 5590 2937 5642 tibi
2955 5593 3070 5655 fecit
3093 5592 3118 5643 ?
3146 5604 3247 5647 Non
3277 5596 3414 5658 mihi,
3439 5601 3527 5650 sed
3551 5601 3702 5665 fratri

2177 5710 2476 5790 (tt-)lnlli‘gl‘lfg
2491 5719 2734 5790 pastorem
2760 5728 2893 5778 esse,
2910 5720 3022 5781 quia
3039 5726 3153 5771 tunc
3177 5729 3282 5774 erat
3301 5722 3695 5790 archiepiscopus

2117 5768 2680 5834 Constantinopolitanus.
2884 5768 2892 5778 '
2927 5768 2943 5781 ‘
