4064 6340
343 393 448 450 τιθό

341 512 440 582 τὴν
485 507 627 580 ᾠδὴν
672 505 768 574 τὴν
811 508 1204 577 πνευματικήν.
1268 505 1434 559 Ὅταν
1483 506 1590 577 γὰρ
1639 507 1854 578 εἰσέλθῃ
1890 508 1920 559 6

344 594 570 664 φθόνος,
606 590 892 661 ἐπεισέλθῃ
933 591 988 643 δὲ
1036 593 1128 644 καὶ
1164 592 1192 642 6
1226 591 1435 660 στίχος,
1482 590 1815 644 ἀπαλλάττει
1856 589 1919 642 τὸ

347 679 496 748 ῥῆμα
521 674 579 726 τὸ
607 673 792 736 πάθος.
819 673 915 742 Μὴ
939 676 1148 742 φοϐοῦ,
1179 673 1324 727 ὅταν
1349 674 1671 742 πλουτήσῃ
1695 673 1916 742 ἄνθρω-

343 777 474 825 πος.
501 757 687 811 Ταῦτά
715 775 814 826 μου
843 757 909 810 τὰ
938 759 1202 827 φάρμακα
1240 758 1298 810 ού
1345 759 1640 828 χρημάτων
1667 758 1914 826 δεόμενα,

345 841 773 912 ἀλλαούρανῶν.
802 842 874 894 Οὐ
904 841 1012 912 γὰρ
1051 841 1207 910 σῶμα
1242 840 1552 910 θεραπεύω,
1581 841 1714 893 άλλά
1735 841 1916 911 ψυχὴν

349 925 614 997 ίατρεύω·
649 925 710 977 οὐ
745 925 842 994 τὴν
875 924 1148 994 ὑμετέραν
1172 924 1228 976 δέ
1259 923 1402 991 λέγω
1437 924 1615 994 μόνον,
1647 923 1780 975 ἀλλά
1821 923 1916 975 καὶ

342 1011 441 1079 τὴν
486 1008 744 1078 ἐμαυτοῦ.
797 1009 860 1060 Ei
893 1007 1001 1077 γὰρ
1034 1007 1127 1059 καὶ
1155 1006 1468 1070 διδάσκαλός
1495 1009 1628 1075 εἰμι,
1673 1005 1785 1059 ἀλλ’
1824 1005 1916 1058 άν-

343 1092 559 1163 θρωπός
594 1093 749 1160 εἰμι,
782 1093 847 1160 τῇ
887 1091 1040 1160 κοινῇ
1085 1088 1245 1156 φύσει
1283 1089 1673 1159 ὑποκείμενος,
1729 1087 1914 1158 κοινὴν

342 1177 436 1230 καὶ
466 1174 564 1244 τὴν
597 1173 940 1226 διδασκαλίαν
969 1173 1246 1241 παρέχων.

415 1255 508 1324 Μὴ
557 1255 771 1325 φοϐοῦ,
830 1255 974 1309 ὅταν
1014 1253 1330 1322 πλουτλξσῃ
1380 1252 1708 1320 ἄνθρωπος.
1770 1253 1914 1306 Λάϐε

341 1341 525 1393 τοῦτον
564 1340 653 1392 τὸν
683 1339 863 1408 στίχον
902 1338 1174 1407 θησαυρὸν
1214 1339 1307 1390 καὶ
1334 1336 1618 1390 ὑπόθεσινο
1663 1335 1792 1388 λάϐε
1826 1337 1916 1389 τὸν

343 1425 524 1494 στίχον
550 1422 705 1494 ῥίζαν
740 1422 968 1473 πλούτου
994 1421 1088 1474 καὶ
1111 1420 1387 1490 εὐπορίας.
1421 1420 1494 1472 Οὐ
1528 1421 1634 1492 γάρ
1666 1421 1727 1472 τὸ
1754 1420 1918 1472 πλου-

341 1510 474 1568 τεῖν,
494 1505 628 1558 ἀλλά
653 1505 710 1556 τὸ
737 1505 809 1574 μὴ
835 1504 1115 1573 βούλεσθαι
1141 1504 1406 1569 πλουτεῖν,
1437 1504 1593 1556 τοῦτό
1620 1507 1733 1558 ἐστι
1759 1503 1920 1556 πλοῦ-

340 1605 449 1650 τος.
483 1584 632 1656 Ἀρα
680 1588 948 1657 συνήκατε
973 1587 1032 1638 τὸ
1056 1587 1241 1656 λεχθὲν
1271 1587 1405 1657 πρὸς
1437 1587 1610 1656 ὐμᾶς;
1644 1587 1701 1638 '0
1733 1585 1916 1656 βουλό⁹

347 1687 503 1739 μενος
542 1670 810 1730 πλουτεῖν,
842 1669 1029 1738 χρείαν
1075 1669 1187 1739 ἔχει
1235 1671 1528 1740 κτημάτων
1574 1672 1664 1722 καὶ
1703 1671 1918 1740 χρημάο

341 1767 481 1805 των*
517 1756 544 1805 6
570 1753 625 1806 δὲ
659 1753 731 1823 μὴ
758 1753 1077 1823 βουλόμενος
1117 1753 1384 1811 πλουτεῖν,
1431 1753 1516 1804 ἀεί
1549 1755 1693 1805 ἐστιν
1729 1757 1785 1805 ἐν
1829 1755 1918 1805 εὐ-

343 1837 527 1906 πορίᾳ.
570 1835 666 1903 Μὴ
698 1835 885 1904 φοϐοῦ
907 1875 920 1897 ,
961 1835 1107 1889 ὅταν
1140 1834 1459 1903 πλουτήσῃ
1494 1835 1832 1904 ἅνθρωπος,
1877 1839 1914 1906 ἢ

343 1919 492 1972 ὅταν
528 1918 851 1987 πληθυνθῇ
881 1919 918 1985 ἡ
949 1919 1099 1983 δόξα
1122 1919 1227 1972 τοῦ
1251 1919 1420 1972 οἴκου
1449 1920 1653 1972 αὐτοῦ.
1680 1921 1776 1987 Μὴ
1810 1939 1916 1989 φο-

344 2003 472 2064 ϐοῦ,
513 2000 635 2055 εἰπέ
677 2021 787 2074 μοι,
825 2003 911 2056 διά
938 2005 1024 2068 τί;
1060 2003 1275 2074 Ἐπειδὴ
1308 2003 1417 2074 γὰρ
1452 2003 1670 2074 φοϐεροί
1704 2007 1840 2056 εἰσιν
1868 2007 1916 2057 οί

345 2087 729 2151 πλουτοῦντες,
763 2087 978 2139 ἐκλαλεῖ
1007 2087 1105 2157 τὴν
1135 2086 1278 2156 ζωὴν
1314 2089 1342 2139 6
1374 2087 1675 2157 προφήτης.
1725 2087 1789 2140 Τί
1829 2087 1915 2140 δέ·

342 2170 528 2232 δοικας
573 2169 858 2239 ἄνθρωπον
891 2169 1108 2237 φύλλοις
1155 2168 1430 2238 κομῶντα,
1463 2169 1676 2239 καρποῦ
1713 2170 1770 2222 δὲ
1813 2173 1920 2223 ἀπ-

342 2254 736 2323 εστερημένον;
787 2252 839 2305 τί
871 2251 1108 2314 δέδοικας
1149 2251 1433 2321 ἄνθρωπον
1461 2253 1540 2314 είς
1564 2253 1788 2322 πικρίαν
1823 2253 1918 2322 βας

340 2335 588 2402 δίζοντα;
638 2335 692 2387 τί
755 2334 994 2399 δέδοικας
1047 2333 1330 2404 ἄνθρωπον
1384 2336 1468 2388 ἀεὶ
1517 2335 1820 2405 τρέμοντα;
1866 2335 1918 2387 τί

341 2419 584 2482 δέδοικας
625 2418 910 2491 ἄνθρωπον
935 2419 1172 2489 διηνεκεῖ
1214 2418 1362 2488 φόϐῳ
1402 2418 1684 2484 συζῶντας
1727 2421 1784 2470 '0
1820 2417 1918 2488 μὲν

349 2501 456 2572 γὰρ
478 2501 663 2564 δοῦλός
691 2519 782 2555 σου
818 2503 876 2553 οὐ
912 2501 1116 2552 δέδοικέ
1161 2518 1216 2552 σε
1247 2501 1452 2554 ἀπόντα
1471 2519 1482 2531 ·
1513 2501 1718 2562 ἐκεῖνος
1744 2501 1800 2553 δέ
1828 2501 1919 2553 τὸν

345 2583 610 2653 δεσπότην
651 2583 862 2637 ἔνδοθεν
899 2584 1204 2655 περιφέρει.
1250 2584 1422 2636 Ὅπου
1473 2585 1566 2635 ἐὰν
1612 2583 1852 2656 ἀπέλθῃ,
1892 2585 1920 2636 6

349 2667 487 2736 ἔρως
527 2668 626 2737 τῆς
660 2666 1094 2737 φιλοχρηματίας
1127 2667 1348 2720 ἕπεται·
1384 2666 1476 2718 καὶ
1501 2665 1788 2737 πλησίους,
1827 2665 1921 2718 καὶ

348 2751 584 2815 οἰκέτας,
625 2753 719 2804 καὶ
754 2752 957 2819 φίλους,
996 2752 1088 2804 καὶ
1128 2751 1448 2822 βασκάνους,
1476 2751 1569 2802 καὶ
1603 2750 1917 2819 εὐεργέτας,

347 2834 591 2896 ἅπαντας
624 2833 763 2903 ὁμοῦ
796 2833 1021 2904 ἐχθροὺς
1047 2833 1180 2902 ἔχει.
1213 2833 1407 2885 Φθόνον
1451 2833 1558 2902 γὰρ
1589 2832 1788 2900 ἐγείρει
1826 2831 1918 2900 μέ-

346 2933 468 2989 γαν.
506 2918 562 2969 '0
599 2917 697 2988 μὲν
730 2916 838 2987 γὰρ
873 2917 1039 2985 πένης
1067 2916 1254 2968 οὐδένα
1278 2915 1529 2978 δεδοικὼς
1549 2914 1741 2980 διάγει,
1773 2917 1921 2966 ἐπει-

343 2999 408 3070 δὴ
454 3002 674 3055 πλουτεῖ
705 3000 866 3070 μόνον
904 3002 972 3069 τῇ
1006 2997 1291 3068 φιλοσοφίᾳ
1331 2998 1425 3050 καὶ
1468 2999 1709 3067 ὑπομονῇ
1733 3014 1746 3026 ο
1793 2998 1820 3048 6
1863 2996 1913 3048 δὲ

347 3085 594 3147 πλούσιος
623 3125 636 3148 ,
684 3083 872 3151 ἐπειδὴ
930 3081 1210 3150 πλεονεξίᾳ
1251 3079 1426 3152 συζῇ,
1487 3083 1722 3150 μισεῖται
1771 3081 1920 3150 παρὰ

349 3169 586 3233 πάντων,
620 3168 713 3221 καὶ
736 3168 794 3218 ἐν
817 3169 1013 3228 κοινοῖς
1044 3165 1318 3231 συλλόγοις
1347 3164 1605 3234 πολέμιος
1636 3163 1933 3243 περιέρχεο.

345 3271 459 3317 ται,
510 3250 937 3320 κολακευόμενος
986 3248 1084 3318 μὲν
1129 3247 1208 3318 τῷ
1247 3247 1541 3318 προσώπῳ,
1599 3248 1918 3316 μισούμενος

345 3336 402 3390 δὲ
427 3338 491 3405 τῇ
526 3334 750 3403 διανοίᾳ.
778 3333 899 3385 Ὅτι
928 3330 984 3382 δὲ
1013 3330 1183 3383 ταῦτα
1210 3331 1396 3383 τοῦτον
1426 3331 1538 3400 ἔχει
1586 3330 1676 3382 τὸν
1698 3332 1917 3400 τρόπον,

346 3422 473 3473 ὅταν
505 3418 632 3488 ἔλθῃ
663 3419 690 3469 6
725 3417 941 3487 ἄνεμος,
975 3417 1067 3468 καὶ
1104 3415 1235 3486 ῥίψῃ
1274 3415 1340 3467 τά
1375 3415 1570 3484 φύλλα,
1603 3415 1730 3466 ὅταν
1759 3431 1921 3482 μετα.

348 3504 476 3574 ϐολὴ
513 3503 622 3555 τῶν
656 3500 997 3570 πραγμάτων
1027 3500 1252 3568 γένηται
1273 3538 1288 3557 .
1333 3501 1454 3551 τοτε
1495 3501 1838 3569 εὑρίσκονται
1871 3500 1919 3549 oi

349 3587 720 3656 πεπλασμένοι
754 3584 918 3652 φίλοι,
969 3582 1086 3634 τότε
1127 3580 1450 3650 γνωρίζεται
1493 3583 1560 3634 τὰ
1605 3584 1921 3652 προσωπεῖα

347 3671 454 3722 τῶν
501 3669 774 3724 κολάκων,
826 3666 946 3718 τότε
991 3664 1319 3736 φανεροῦται
1361 3666 1388 3715 6
1440 3665 1596 3734 χορὸς
1642 3665 1748 3716 τῶν
1787 3664 1922 3715 ὐπο-

349 3755 570 3824 κριτῶν,
607 3754 697 3806 καὶ
742 3753 776 3820 ἡ
820 3747 1018 3818 σκῆψις
1051 3746 1142 3799 τοῦ
1187 3748 1475 3817 δράματος.
1526 3746 1818 3814 Ἀνοίγεται
1856 3746 1923 3799 τὰ

352 3838 595 3907 στόματα
626 3836 842 3888 πάντων
875 3832 1160 3901 λεγόντωνο
1214 3832 1271 3882 ὐ
1310 3834 1524 3901 μιαρὸς,
1555 3833 1583 3883 6
1610 3830 1867 3902 πονηρὸς,
1896 3833 1925 3883 6

352 3921 731 3991 παμπόνηρος.
758 3917 822 3970 Τί
839 3917 1050 3983 λέγεις;
1078 3915 1198 3984 οὐχὶ
1225 3914 1351 3983 χθὲς
1376 3914 1535 3967 αὐτὸν
1561 3915 1882 3974 ἐκολάκευες
1905 3931 1920 3978 ;

349 4006 468 4073 οὐχί
509 4003 606 4065 τὰς
652 4005 837 4072 χεῖρας
876 4000 1038 4054 αὐτοῦ
1087 3998 1430 4066 κατεφίλεις;
1480 3999 1825 4066 Προσωπεῖον
1856 3995 1924 4068 ἦν

352 4090 555 4140 ἐκεῖνα.
606 4081 810 4137 Ἦλθεν
856 4086 884 4136 6
925 4083 1144 4153 καιρὸς,
1203 4081 1296 4133 καὶ
1334 4082 1604 4150 περιεῖλον
1653 4081 1713 4132 τὸ
1757 4098 1922 4151 προσσ

350 4174 568 4232 ωπεῖον,
595 4170 684 4223 καὶ
706 4168 1071 4238 ἀπεφηνάμην
1096 4169 1162 4239 τῇ
1184 4164 1410 4234 διανοίᾳ.
1442 4164 1505 4214 Τί
1535 4159 1627 4215 οὖν
1658 4163 1922 4226 δέδοικας,

355 4254 474 4306 εἰπέ
513 4272 622 4324 μοι,
651 4253 742 4305 τὸν
780 4251 883 4303 ὐπὸ
906 4249 1171 4303 τοσούτων
1203 4247 1712 4318 κατηγορούμενον;
1743 4248 1850 4298 Καὶ
1873 4248 1926 4299 τί

353 4336 540 4397 τοῦτος
573 4335 699 4388 Εἴθε
738 4335 812 4406 μὴ
836 4334 997 4396 αὐτὸς
1027 4331 1216 4385 ἑαυτοῦ
1239 4330 1552 4399 κατηγόρει.
1573 4329 1756 4382 Ταῦτα
1786 4328 1927 4396 λέγω

352 4423 414 4474 οὐ
468 4418 696 4472 πλοῦτον
745 4416 1066 4477 διαϐάλλων,
1114 4414 1370 4484 μυριάκις
1414 4409 1586 4469 εἷπον,
1630 4412 1764 4466 ἀλλὰ
1801 4415 1926 4476 τοὺς

353 4501 538 4565 κακῶς
563 4501 638 4571 τῷ
663 4499 812 4569 καλῷ
833 4498 1209 4570 κεχρημένους
1231 4495 1532 4564 πράγματι.
1558 4495 1637 4549 Τὰ
1658 4497 1767 4567 γὰρ
1790 4497 1926 4567 χρή-

357 4602 504 4654 ματα
553 4587 648 4637 σὺν
689 4586 807 4647 ταῖς
853 4583 1085 4652 πράξεσι
1126 4579 1285 4633 καλά.
1332 4578 1454 4640 Πῶς
1495 4578 1635 4632 καλά
1676 4580 1761 4643 δέ;
1803 4580 1928 4631 Ἐάν

354 4666 788 4739 παραμυθῶνται
835 4665 987 4738 [5091
1027 4665 1125 4736 τὴν
1185 4663 1409 4725 πενίαν,
1460 4663 1556 4716 ἐὰν
1610 4663 1927 4733 διορθῶνται

354 4752 646 4820 πτωχείαν.
688 4752 953 4802 Ἄκουσον
987 4748 1102 4808 πῶς
1134 4747 1281 4814 λέγει
1329 4748 1356 4799 6
1399 4745 1549 4798 Ἰώϐ-
1597 4745 1737 4815 Ὲγὼ
1769 4745 1928 4813 ἥμην

355 4833 663 4903 ὀφθαλμὸς
706 4832 972 4902 τυφλῶν,
1014 4830 1168 4894 ποὺς
1213 4829 1281 4882 δὲ
1323 4828 1566 4898 χωλῶν·
1605 4828 1720 4898 ἐγὼ
1767 4829 1930 4897 ἤμην

357 4918 554 4985 πατὴρ
586 4916 918 4970 ἀδυνάτων.
965 4915 1096 4967 Ἰδοὺ
1134 4913 1384 4974 πλοῦτος,
1417 4914 1510 4964 καὶ
1558 4913 1801 4984 ἁμαρτία
1830 4912 1929 4966 οὐκ

353 4997 442 5071 ἦν,
475 5000 608 5054 ἀλλὰ
649 4997 1032 5069 φιλοπτωχεία.
1074 4995 1134 5049 Ἡ
1165 4995 1322 5048 οἰκία
1344 5013 1464 5063 μου
1491 4996 1667 5049 παντὶ
1691 4996 1928 5050 ἐλθόντι

353 5085 617 5148 ἀνέῳκτο
636 5097 682 5135 ει.
731 5082 902 5135 Τοῦτο
953 5079 1181 5134 πλούτου
1228 5078 1507 5141 διακονία,
1557 5079 1784 5132 πλούτου
1829 5079 1929 5132 οὐκ

356 5169 613 5236 ὀνόματι,
663 5165 796 5218 ἀλλά
849 5165 1151 5233 πράγματι.
1203 5159 1370 5224 Οὗτος
1409 5165 1437 5214 6
1485 5161 1710 5224 πλοῦτος
1747 5161 1930 5224 δοῦλος

355 5251 563 5304 ἐκείνου
610 5248 703 5301 τοῦ
746 5247 1009 5300 πλούτου·
1055 5242 1207 5306 οὗτος
1260 5243 1358 5313 μὲν
1399 5243 1506 5312 γὰρ
1557 5243 1725 5314 ὄνομά
1782 5245 1928 5297 ἐστιν

356 5333 563 5405 ἔρημον
608 5330 966 5401 πραγμάτων,
1013 5329 1217 5387 ἐκεῖνος
1261 5325 1318 5378 δέ
1365 5325 1622 5394 ὀνόματος
1661 5327 1753 5378 καὶ
1795 5327 1930 5398 πράο

357 5432 566 5487 γματος
588 5414 700 5483 ἔχει
738 5413 837 5483 τὴν
860 5408 1137 5480 ἀληθειαν.
1177 5409 1372 5471 Ποῖος;
1409 5408 1470 5460 '0
1497 5407 1603 5460 τῶν
1633 5409 1862 5478 ἀρετῶν,
1902 5411 1931 5463 6

356 5502 454 5570 τῆς
495 5495 883 5568 ἐλεημοσύνης.
925 5491 1076 5557 Πῶς;
1117 5491 1258 5560 Ἐγὼ
1299 5491 1463 5560 λέγω.
1495 5493 1650 5545 Ἔστι
1680 5492 1930 5556 πλούσιος

358 5587 428 5638 τὰ
467 5584 684 5636 πάντων
730 5577 1012 5648 ἁρπάζων,
1060 5577 1153 5629 καὶ
1186 5575 1300 5628 ἐστι
1349 5575 1602 5640 πλούσιος
1639 5577 1706 5630 τὰ
1738 5579 1931 5631 ἑαυτοῦ

360 5672 474 5731 τοῖς
500 5668 694 5735 πένησι
722 5663 996 5734 παρέχων.
1039 5661 1096 5712 'U
1123 5660 1221 5730 μὲν
1249 5661 1305 5712 ἐν
1330 5659 1409 5730 τῷ
1440 5659 1716 5727 συνάγειν,
1745 5664 1772 5713 6
1793 5663 1850 5714 δὲ
1876 5665 1932 5716 ἐν

361 5752 438 5822 τῷ
467 5751 780 5805 ἀναλίσκειν
809 5744 1052 5800 πλουτῶν
1079 5759 1090 5772 ·
1141 5745 1236 5796 καὶ
1257 5746 1284 5796 6
1313 5744 1414 5815 μὲν
1451 5745 1669 5820 σπείρει,
1688 5745 1781 5816 τὴν
1809 5747 1932 5815 γῆν,

427 5839 458 5874 ⁸
481 5838 579 5886 Alii
610 5835 747 5884 παντὶ
768 5833 996 5894 ἀνθρώπῳ
1018 5831 1264 5894 ἡνέῳκται.

1654 384 1719 438 IN
1759 385 2093 441 PSALMUM
2135 387 2361 443 XLVIII.
3492 387 3596 442 5M

2019 509 2047 559 6
2072 507 2128 559 δέ
2169 507 2405 577 γεωργεῖ
2432 506 2520 558 τὸν
2553 507 2798 578 οὐρανὸν.
2843 509 3004 561 Ὅσον
3035 509 3063 559 6
3099 507 3322 577 οὐρανος
3356 505 3456 576 τῆς
3493 508 3596 576 γῆς

2022 589 2272 660 βελτίων,
2315 589 2566 644 τοσοῦτον
2604 578 2810 644 ἐκείνου
2853 593 2887 662 ἡ
2930 591 3159 662 εὐπορία
3199 590 3387 643 τούτου
3431 591 3593 642 ἀσθε-

2019 673 2268 743 νεστέρα.
2303 668 2469 736 Οὗτος
2511 673 2736 745 μυρίους
2775 673 2887 744 ἔχει
2937 675 3061 736 τοὺς
3094 673 3348 744 ἐραστάς,
3389 673 3596 734 ἐκεῖνος

2016 754 2073 807 δὲ
2109 755 2318 818 πάντας
2359 757 2715 828 κατηγόρους.
2770 757 2880 809 Καὶ
2929 756 2988 808 τὸ
3019 756 3082 825 δὴ
3126 757 3459 824 θαυμαστὸν,
3499 754 3593 807 ἐπὶ

2023 839 2122 908 μὲν
2149 838 2242 891 τοῦ
2276 838 2522 908 ἀρπαγος
2550 841 2644 894 καὶ
2677 840 3018 900 πλεονέκτου,
3045 841 3103 892 οὐ
3138 840 3294 910 μόνον
3325 842 3373 891 οἱ
3403 839 3596 910 ἠδικηο

2019 921 2186 990 μένοι,
2225 921 2358 974 ἀλλὰ
2384 923 2411 960 ι)
2445 925 2537 976 καὶ
2566 924 2614 975 οί
2646 924 2810 992 μηδὲν
2846 923 3109 986 παθόντες
3135 923 3301 975 κακὸν
3345 923 3593 992 μισοῦσιν

2017 1005 2243 1065 ἐκεῖνον,
2294 1005 2685 1072 συναλγοῦντες
2724 1009 2835 1069 τοῖς
2869 1005 3052 1069 κακῶς
3106 1007 3461 1059 πεπονθόσινο
3501 1008 3594 1059 ἐπί

2015 1089 2072 1139 δέ
2112 1089 2204 1140 τοῦ
2237 1088 2556 1157 ἐλεήμονος.
2598 1089 2658 1141 οὐ
2693 1090 2850 1159 μόνον
2886 1091 2932 1140 οἱ
2969 1088 3301 1158 ἐλεηθέντες,
3338 1089 3472 1142 ἀλλά
3501 1091 3594 1142 καὶ

2015 1171 2066 1221 οἱ
2123 1171 2196 1240 μὴ
2251 1171 2562 1240 ἐλεηθέντες
2607 1171 2848 1240 φιλοῦσιν
2893 1171 3073 1223 αὐτόν.
3136 1171 3352 1224 Βέλτιον
3400 1173 3507 1243 γὰρ
3556 1173 3590 1242 ἡ

2016 1253 2184 1323 ἀρετὴ
2221 1252 2322 1321 τῆς
2371 1253 2601 1318 κακίας,
2632 1254 2868 1321 ἀδελφοί.
2925 1254 2988 1305 'Il
3027 1253 3192 1306 κακία
3233 1254 3324 1306 καὶ
3360 1256 3484 1316 τοὺς
3518 1253 3592 1324 μὴ

2017 1337 2369 1408 ἀδικηθέντας
2412 1338 2705 1406 πολεμίους
2757 1338 2905 1406 ἔχει·
2948 1340 2980 1408 ἡ
3028 1337 3082 1389 δέ
3124 1337 3455 1407 ἐλεημοσύνη
3500 1339 3593 1390 καὶ

2016 1420 2142 1481 τοὺς
2185 1419 2258 1490 μὴ
2285 1420 2740 1491 εὐεργετηθέντας
2775 1421 3010 1491 ἐραστὰς
3039 1421 3319 1489 κέκτηται.
3362 1421 3592 1487 Λέγουσι

2018 1501 2126 1569 γὰρ
2157 1502 2387 1565 πάντες·
2422 1501 2616 1564 Καλῶς
2643 1503 2789 1572 αὐτῷ
2816 1506 2842 1556 6
2873 1505 3002 1566 Θεὸς
3036 1503 3361 1575 ποιήσει[ε]ί
3395 1505 3460 1557 Τί
3480 1503 3605 1573 γάρ.

2021 1586 2432 1656 εὐηργετήθης;
2465 1587 2580 1638 Οὐκ
2609 1585 2739 1650 ἐγὼ,
2770 1587 2881 1638 ἀλλ’
2929 1589 2956 1638 6
2996 1587 3220 1653 ἀδελςιὺς
3241 1590 3268 1639 6
3298 1588 3427 1658 ἐμός
3449 1605 3461 1616 ·
3493 1590 3593 1640 οὐκ

2016 1667 2148 1736 ἐγὼ,
2191 1668 2324 1722 ἀλλά
2359 1668 2418 1720 τὸ
2466 1669 2624 1736 μέλος
2666 1670 2725 1722 τὸ
2776 1671 2926 1740 ἐμόν.
2965 1671 3073 1740 Τὴν
3120 1671 3227 1740 γὰρ
3268 1674 3346 1735 είς
3387 1675 3612 1724 ἐκεῖνον,

2018 1751 2316 1822 γενομένην
2371 1752 2619 1804 εὐποιίαν
2662 1755 2738 1814 εἰς
2790 1755 3024 1823 ἐμαυτὸν
3075 1754 3376 1823 λογίζομαι.
3442 1751 3592 1818 Εἶδες

2018 1835 2203 1906 ἡλίκον
2228 1836 2258 1904 ἡ
2286 1835 2452 1904 ἀρετή
2478 1853 2490 1899 ;
2517 1835 2634 1898 πῶς
2664 1836 2941 1900 ποθεινὸν;
2976 1837 3092 1900 πῶς
3120 1837 3418 1907 ἐπέραστον
3440 1854 3452 1900 ;
3475 1837 3590 1900 πῶς

2018 1917 2217 1982 καλόν;
2247 1918 2305 1969 Ὀ
2336 1917 2582 1986 ἐλεήμων
2610 1919 2638 1970 6
2672 1918 2845 1982 κοινὸς
2877 1919 3060 1990 λιμὴν,
3088 1922 3115 1971 6
3142 1920 3321 1990 πατὴρ
3348 1921 3588 1983 πάντων,

2017 2002 2050 2071 ἡ
2098 2001 2368 2072 βακτηρία
2426 1999 2531 2052 τῶν
2583 2003 2990 2070 γεγηρακότων.
3045 2003 3154 2054 Καὶ
3199 2004 3290 2054 ἐπὶ
3349 2004 3445 2072 μὲν
3496 2003 3604 2061 τοῖ’)¹

2017 2085 2329 2153 ἐλεήμονος.
2373 2086 2465 2138 ἐάν
2509 2103 2559 2139 τι
2592 2085 2751 2153 ἀηδὲς
2789 2085 2954 2156 πάθῃ,
2985 2085 3228 2155 εὔχονται
3260 2087 3490 2148 πάντες·
3531 2087 3590 2139 Ὀ

2019 2169 2150 2234 Θεὸς
2182 2170 2342 2222 αὐτὸν
2369 2171 2608 2241 ἐλεήσαι,
2639 2171 2862 2239 ποιησαι
2908 2171 3053 2240 αὐτῷ
3088 2171 3288 2233 καλῶς,
3316 2172 3593 2242 παραμείο

2019 2269 2106 2304 ναι
2143 2251 2387 2322 αὐτῷτά
2427 2254 2637 2320 ἀγαθάί
2685 2252 2855 2304 ἐὰνδὲ
2884 2253 3041 2325 ἔλθῃς
3082 2255 3172 2306 ἐπὶ
3203 2255 3291 2307 τὸν
3341 2254 3590 2325 ἅρπαγα,

2018 2335 2224 2405 ἀκούσῃ
2255 2335 2552 2404 λεγόντων’
2595 2337 2653 2387 Ὀ
2697 2335 2910 2405 μιαρὸς,
2945 2337 2972 2388 6
3004 2337 3255 2406 πονηρὸς,
3285 2341 3312 2390 6-
3343 2338 3588 2407 βέϐηλος.

2021 2419 2085 2471 Τί
2137 2419 2428 2487 ἠδίκησαις
2483 2417 2624 2486 Ἐγὼ
2668 2419 2765 2489 μὲν
2815 2420 2986 2480 οὐδὲν,
3035 2420 3146 2473 ἀλλ’
3204 2423 3232 2473 6
3281 2422 3506 2490 ἀδελφὸς
3564 2423 3592 2474 ὁ

2021 2502 2212 2571 ἐμὸςε.
2244 2503 2372 2554 Βοαὶ
2399 2502 2587 2573 μυρίαι
2618 2503 2738 2555 καθ’
2771 2503 3008 2573 ἑκάστην
3027 2505 3257 2575 ἡμέραν.
3279 2507 3402 2558 Ἐὰν
3423 2507 3589 2576 πέσῃ,

2020 2587 2220 2648 πάντες
2296 2586 2689 2653 ἐπεμϐαίνουσι
2742 2585 2934 2656 τούτῳ.
2999 2586 3168 2638 Τοῦτο
3230 2587 3378 2657 ζωή;
3435 2590 3592 2644 τοῦτο

2021 2669 2278 2732 πλοῦτοςς
2318 2669 2474 2721 τοῦτο
2503 2670 2562 2721 οὐ
2599 2667 2982 2739 χαλεπώτερον
3028 2669 3351 2739 καταδίκου;
3399 2672 3454 2724 ὐ
3487 2691 3585 2726 κα.

2019 2752 2235 2814 τάδικος
2266 2751 2472 2805 δέδεται
2498 2751 2559 2804 τὸ
2601 2751 2759 2820 σῶμα
2781 2768 2794 2780 ο
2823 2745 2976 2813 οὗτος
2999 2751 3057 2804 δὲ
3080 2737 3178 2822 τῆν
3211 2752 3408 2825 ψυχήν.
3429 2756 3592 2826 ὐρᾷς

2019 2840 2181 2893 αὐτὸν
2219 2839 2522 2909 δεσμώτην,
2559 2839 2656 2892 καὶ
2709 2841 2808 2892 οὐκ
2854 2838 3020 2902 ἐλεεῖς
3054 2840 3251 2906 αὐτὸν;
3293 2845 3390 2896 Διά
3435 2843 3594 2900 τοῦτο

2020 2923 2182 2976 αὐτὸν
2215 2922 2378 2992 μισῶ.
2404 2923 2486 2974 ὅτι
2515 2921 2745 2984 δέδεται,
2775 2921 2876 2974 οὐκ
2907 2921 3144 2994 ἀνάγκῃ,
3177 2924 3312 2977 ἀλλὰ
3335 2927 3594 2996 προαιρέ-

2022 3022 2103 3057 σει
2125 3022 2140 3038 ο
2171 3005 2306 3057 διότι
2338 3003 2433 3074 τὴν
2463 3002 2649 3057 ἅλυσιν
2684 3004 3049 3056 ἐπεσπάσατο.

2089 3089 2146 3141 δ’.
2181 3089 2350 3141 Πάλιν
2372 3088 2436 3140 σὺ
2454 3087 2590 3157 πρὸς
2609 3089 2734 3148 τούς
2752 3086 3033 3150 πλουσίους
3052 3103 3065 3148 ;
3097 3087 3280 3157 ἐροῦσί
3299 3107 3404 3158 μοι.
3426 3091 3595 3146 Πάλιν

2021 3172 2176 3240 ὑμεῖς
2205 3173 2344 3224 κατά
2381 3170 2489 3222 τῶν
2524 3171 2791 3240 πενήτων.
2829 3170 2998 3222 Πάλιν
3023 3171 3086 3222 σὺ
3117 3171 3254 3223 κατὰ
3285 3173 3390 3226 τῶν
3412 3175 3596 3246 ἁρπα-

2021 3254 2221 3319 ζόντων
2243 3271 2256 3315 ;
2283 3255 2451 3308 Πάλιν
2479 3255 2637 3324 ὑμεῖς
2670 3253 2806 3305 κατὰ
2830 3254 2936 3305 τῶν
2971 3253 3385 3323 ἁρπαζομένων.
3404 3257 3596 3328 Ὑμεῖς

2019 3341 2080 3392 οὐ
2138 3337 2460 3409 κορέννυσθε
2519 3336 2792 3398 ἐσθίοντες
2846 3338 2939 3389 καὶ
2994 3336 3420 3402 καταδάκνοντες
3468 3341 3596 3404 τούς

2022 3422 2280 3492 πένητας,
2308 3421 2402 3473 καὶ
2456 3418 2566 3486 ἐγὼ
2595 3419 2655 3471 οὐ
2676 3418 3001 3489 κορέννυμαι
3024 3418 3398 3489 διορθούμενος
3429 3424 3592 3492 ὑμᾶς.

2034 3504 2148 3556 Ἀεὶ
2189 3506 2253 3557 σὺ
2290 3503 2498 3565 τούτοις
2533 3502 2888 3570 κεκόλλησαις
2931 3502 3038 3553 Ἀεὶ
3084 3503 3147 3554 σὺ
3174 3503 3252 3572 τῷ
3283 3505 3472 3576 πένητι
3507 3525 3597 3558 κε-

2023 3587 2319 3655 κόλλησαις
2372 3583 2664 3653 Ἀπόστηθι
2715 3585 2779 3637 σὺ
2826 3584 2920 3636 τοῦ
2969 3584 3240 3654 προϐάτου
3286 3605 3406 3656 μου.
3460 3590 3598 3641 ἀπό-

2025 3669 2182 3739 στηθι
2214 3669 2313 3738 τῆς
2356 3665 2590 3738 ποίμνης
2619 3685 2719 3736 μου
2744 3683 2758 3698 ο
2797 3667 2870 3737 μὴ
2913 3667 3081 3736 αὐτὴν
3110 3667 3394 3738 λυμαίνου.
3438 3669 3500 3722 EI
3539 3671 3596 3723 δέ

2022 3751 2256 3822 λυμαίνῃ
2297 3768 2397 3820 μου
2421 3751 2520 3820 τὴν
2547 3749 2800 3819 ποίμνην,
2846 3750 3136 3816 ἐγκαλεῖςά
3173 3752 3252 3804 ὅτι
3293 3752 3472 3805 διώκω
3503 3771 3596 3821 ae;

2023 3833 2234 3904 Ποιμήν
2261 3837 2308 3886 εἰ
2339 3834 2486 3903 ἤμην
2517 3833 2824 3897 προϐάτων,
2854 3834 3128 3895 ἐνεκάλεις
3173 3834 3236 3888 ἄν
3267 3853 3378 3904 μοι,
3421 3837 3500 3890 ὅτι
3535 3838 3596 3890 οὐ

2023 3916 2202 3969 διώκω
2237 3915 2385 3986 [510]
2429 3915 2790 3985 ἐπερχόμενον
2821 3917 2886 3984 τῇ
2935 3916 3138 3986 ποίμνῃ
3173 3916 3354 3970 λύκον.
3389 3919 3598 3988 Ποιμήν

2026 4004 2140 4069 είμι
2165 4000 2398 4067 λογικῶν
2421 3999 2769 4069 θρεμμάτων⁸
2793 3998 2851 4050 οὐ
2883 3997 3013 4067 λίθῳ
3041 3999 3238 4063 διώκω,
3264 4001 3398 4053 ἀλλά
3429 4002 3592 4070 λόγῳ⁹

2031 4082 2230 4150 μᾶλλον
2256 4081 2314 4134 δέ
2340 4082 2460 4134 οὐδέ
2485 4081 2663 4134 διώκω
2698 4097 2778 4140 σε,
2813 4079 2949 4134 ἀλλά
2979 4082 3127 4134 καλῶ
3150 4100 3207 4134 σε
3227 4100 3240 4114 ο
3272 4083 3429 4151 γενοῦ
3468 4084 3599 4153 πρό-

2029 4165 2214 4224 ϐατον,
2246 4164 2387 4227 ἐλθὲ,
2427 4163 2584 4233 γενοῦ
2617 4164 2714 4234 τῆς
2747 4163 2943 4233 ἀγέλης
2975 4183 3094 4234 μου.
3127 4167 3191 4218 Τί
3233 4166 3465 4238 λυμαίνῃ
3500 4167 3600 4238 τὴν

2028 4249 2286 4317 ποίμνην,
2319 4250 2347 4300 6
2385 4248 2613 4316 ὀφείλων
2646 4246 2876 4317 αὐξῆσαι
2905 4249 3006 4317 τὴν
3032 4249 3265 4320 ἀγέλην;
3313 4251 3386 4302 Ού
3419 4249 3600 4304 διώκω

2031 4348 2111 4390 σε,
2146 4329 2283 4383 ἀλλά
2312 4329 2472 4382 λύκον
2498 4329 2680 4381 διώκω
2699 4343 2712 4356 °
2743 4330 2789 4380 εί
2820 4329 2895 4399 μὴ
2924 4330 3085 4390 λύκος
3114 4325 3183 4394 εἴ,
3220 4332 3278 4383 οὐ
3308 4331 3490 4386 διώκω
3515 4349 3595 4386 σε.

2031 4415 2092 4467 Et
2127 4413 2182 4466 δὲ
2237 4413 2396 4474 λύκος
2440 4412 2648 4478 ἐγένου,
2704 4411 2896 4462 σαυτὸν
2931 4412 3108 4464 αἰτιῶ.
3159 4413 3272 4466 Οὐκ
3307 4411 3422 4484 εἰμὶ
3459 4414 3600 4470 κατὰ

2029 4496 2136 4548 τῶν
2156 4493 2545 4554 πλουτούντων,
2571 4491 2682 4543 ἀλλ’
2711 4491 2850 4559 ὐπὲρ
2867 4492 2975 4545 τῶν
2999 4494 3386 4548 πλουτούντων.
3414 4495 3600 4549 Ταῦτα

2037 4579 2146 4650 γὰρ
2190 4578 2383 4645 λέγων,
2415 4579 2556 4647 ὑπὲρ
2590 4575 2682 4628 σοῦ
2723 4575 2884 4644 λέγω,
2919 4577 3022 4629 κᾶν
3071 4578 3145 4648 μὴ
3191 4577 3439 4650 αἰσθάνῃ.
3475 4578 3598 4642 Πῶς

2030 4663 2169 4732 ὑπὲρ
2218 4661 2353 4731 ἐμοῦ
2396 4661 2604 4728 λέγεις;
2651 4659 2774 4710 ’Ότι
2827 4660 3150 4714 ἀπαλλάττω
3202 4679 3260 4714 σε
3306 4663 3598 4733 ἁμαρτίας,

2029 4743 2298 4814 ἐλευθερῶ
2347 4761 2404 4796 σε
2438 4741 2714 4812 ἁρπαγῆς,
2759 4742 2891 4794 πᾶσι
2930 4743 3068 4795 ποιῶ
3109 4744 3278 4811 φίλον,
3329 4747 3462 4797 πᾶσι
3505 4763 3603 4798 ποη

2031 4827 2222 4881 θεινόν.
2254 4826 2364 4878 ’Λεί
2419 4843 2499 4878 σοι
2543 4826 2721 4893 λέγω·
2770 4824 3093 4895 ”Ηρπασας;
3139 4827 3599 4900 ἐπλεονέκτησας;

2029 4911 2170 4974 ἐλθὲ,
2200 4910 2294 4963 καὶ
2324 4908 2640 4978 μεταῶιλλω
2691 4927 2772 4976 σε,
2810 4909 3126 4979 μεταϐάλλω
3157 4911 3254 4982 τὴν
3288 4911 3487 4983 ἔχθραν
3523 4915 3602 4976 είς

2031 4992 2232 5060 φιλίαν.
2267 4991 2358 5044 τὸν
2397 4990 2640 5045 κίνδυνον
2673 4996 2751 5057 είς
2781 4992 3080 5062 ἀσφάλειαν
3100 5008 3114 5022 ’
3148 4995 3319 5047 ταῦτα
3349 4995 3599 5058 ἐνταῦθα,

2031 5075 2124 5127 καὶ
2165 5077 2280 5127 ἐκεῖ
2321 5075 2512 5144 δίδωμί
2556 5092 2638 5130 σοι
2681 5076 2843 5131 πάλιν
2876 5075 2972 5146 τὴν
3008 5076 3284 5146 βασιλείαν
3307 5078 3416 5129 τῶν
3441 5079 3604 5147 οὐρα-

2029 5157 2156 5220 νῶν,
2181 5157 2268 5210 ῖνα
2296 5159 2370 5229 μὴ
2403 5161 2482 5220 είς
2521 5158 2620 5223 τάς
2659 5159 3033 5234 ἀπεράντουςε
3061 5159 3309 5222 κολάσεις
3339 5159 3600 5230 ἀπέλθῃς,

2032 5241 2117 5293 ἵνα
2143 5241 2423 5311 ἀπολάδῃς
2461 5241 2528 5295 τά
2584 5243 2798 5312 ἀγαθὰ,
2847 5246 2903 5298 Ἂ
2939 5241 3246 5312 ὀφθαλμὸς
3283 5243 3390 5296 οὐκ
3422 5242 3601 5300 εἴδετ’.

2031 5324 2171 5376 οὔτε
2202 5319 2311 5388 οὖς
2339 5324 2586 5391 ἤκουσε,
2613 5326 2707 5379 καὶ
2737 5327 2834 5378 ἐπὶ
2865 5325 3117 5393 καρδίαν
3152 5325 3464 5392 ἀνθρώπου
3492 5329 3603 5380 οὐκ

2031 5406 2235 5471 ἀνέϐη.
2272 5406 2457 5461 Ταῦτα
2495 5408 2672 5463 τοίνυν
2706 5409 2990 5471 διώκοντός
3015 5408 3240 5478 Enn/,6
3273 5408 3604 5479 συμϐουλεύ-

2094 5533 2123 5571 1)
2145 5533 2240 5582 Alii
2261 5536 2580 5594 καταϐοῶσιν,
2603 5536 2740 5582 ἀλλά.

2099 5597 2121 5626 ε
2145 5595 2255 5661 _I)lio
2280 5611 2394 5645 mss.
2415 5597 2464 5661 τί
2491 5615 2545 5646 σε
2567 5596 2926 5661 ἠδίκησενλέμέ
2966 5596 3117 5655 οὐδὲν,
3140 5595 3260 5644 ἀλλά
3291 5595 3370 5642 τὸν
3408 5597 3606 5660 ἀδελφόν

2034 5656 2115 5703 τὸν
2139 5657 2266 5716 ἐμόν,
2285 5665 2383 5706 elc.
2409 5658 2491 5706 Sic
2523 5656 2709 5706 mutati)
2732 5656 2992 5716 regimine.

2100 5717 2124 5754 d
2148 5719 2246 5781 Aiii
2268 5721 2330 5779 μή
2354 5721 2553 5781 ἐγκαλῇς
2577 5721 2693 5781 εἱιιειΔ
2714 5717 3116 5781 ἱιιιριτοεεῐὶοηρ.

2106 5778 2246 5849 (ξΛίὶἰ
2269 5778 2576 5843 ἀπορρήτους.
2618 5778 2741 5830 Infra
2775 5778 2971 5839 quidam
2999 5779 3236 5841 φιλοῦντὸς
3278 5783 3421 5842 ἐστιν,
3455 5783 3510 5831 οὐ
3534 5801 3612 5846 μιν·

2044 5856 2317 5895 σουντοςσε.
