4084 6346
379 337 486 394 805

377 462 507 506 (tros
538 448 751 521 (Matth.
783 451 834 505 i.
869 447 976 520 Ut).
1022 447 1136 504 Non
1181 447 1412 504 abscedo
1454 448 1549 503 abs
1601 456 1673 515 te,
1719 449 1815 504 sed
1871 449 1964 504 tibi

377 542 618 598 medeor.
666 541 921 597 Dominus
951 551 1132 596 noster
1169 539 1454 595 crucifixus
1490 547 1592 605 est,
1621 546 1676 594 et
1709 538 1918 594 dicebat
1950 557 1962 592 :

373 630 555 696 Pater,
583 632 786 702 ignosce
804 632 927 698 illis,
952 632 1069 702 quia
1094 632 1318 685 nesciunt
1338 631 1458 701 quid
1481 631 1670 700 faciunt
1697 629 1844 702 (Luc.
1872 630 1962 685 25.

376 723 489 792 34).
521 721 659 777 Num
690 732 741 778 te
768 722 1099 794 persequor?
1143 720 1382 776 Morbum
1425 731 1570 775 tuum
1623 721 1778 790 pello.
1827 721 1964 776 Num

379 824 553 872 tecum
595 816 804 887 pugno?
843 817 973 872 Cum
1003 816 1130 870 vitio
1159 823 1303 870 certe
1333 824 1442 870 tuo.
1471 817 1662 870 Annon
1691 831 1774 872 me
1801 817 1966 872 bene-

373 909 534 965 ficum
560 910 748 965 ducis?
775 925 952 964 annon
975 909 1314 963 curatorem?
1342 923 1517 963 annon
1545 919 1825 978 patronum
1857 925 1965 980 prce

373 1001 494 1055 aliis
515 1001 800 1056 omnibus?
828 1000 957 1069 Quis
987 999 1125 1055 alius
1156 1009 1209 1055 te
1236 999 1322 1055 his
1350 1000 1416 1055 de
1443 1001 1603 1056 rebus
1630 1002 1964 1070 alloquetur?

372 1093 513 1149 Num
543 1093 919 1166 magiSIratus?
946 1093 1090 1148 Nihil
1116 1093 1292 1148 simile
1307 1093 1572 1163 loquetur,
1599 1093 1692 1148 sed
1712 1093 1781 1149 de
1809 1109 1964 1150 accu-

373 1187 670 1243 sationibus
697 1197 748 1242 et
778 1187 845 1242 de
873 1187 1097 1242 crimine
1122 1193 1263 1256 aget.
1307 1185 1442 1240 Num
1491 1185 1662 1240 uxor?
1705 1185 1780 1242 De
1807 1200 1963 1240 orna-

373 1281 568 1334 mentis
598 1289 802 1335 tantum
843 1293 898 1334 et
932 1279 1000 1335 de
1029 1294 1159 1335 auro
1187 1280 1449 1350 loquetur.
1495 1279 1631 1334 Num
1676 1278 1854 1334 filius?
1886 1280 1964 1337 De

374 1373 694 1436 hereditate,
713 1374 780 1428 de
802 1381 1139 1438 testamento,
1173 1372 1240 1428 de
1259 1379 1404 1427 sorte
1424 1371 1582 1427 dicet.
1616 1371 1750 1426 Num
1774 1371 1960 1428 dome-

371 1463 576 1520 sticus?
608 1463 654 1518 ls
682 1463 750 1518 de
770 1463 1086 1529 ministerio,
1115 1462 1183 1517 de
1210 1461 1484 1527 servitute,
1503 1461 1570 1518 de
1591 1462 1855 1518 libertate.
1879 1463 1960 1518 An

373 1556 628 1627 parasiti?
656 1556 736 1611 llli
761 1555 828 1611 de
854 1555 1133 1622 conviviis,
1160 1555 1228 1610 de
1253 1554 1423 1610 omnis
1443 1595 1458 1620 ,
1489 1554 1558 1608 de
1589 1554 1846 1624 prandiis.
1876 1555 1960 1608 An

371 1649 406 1702 ii
430 1648 520 1719 qui
548 1649 598 1702 in
630 1647 871 1702 theatro?
897 1645 978 1701 llli
1002 1645 1070 1701 de
1098 1646 1204 1701 risu
1236 1644 1408 1714 turpi,
1438 1643 1506 1699 de
1530 1644 1960 1714 concupiscentia

371 1739 576 1797 cﬂ‘reni.
603 1743 684 1796 An
715 1741 760 1796 is
785 1741 874 1812 qui
903 1741 955 1795 in
985 1738 1138 1794 foro?
1162 1738 1255 1794 Ille
1284 1738 1350 1793 de
1373 1738 1723 1804 testamentis,
1754 1737 1822 1792 de
1851 1737 1960 1793 ha:-

370 1834 618 1900 reditate,
642 1833 708 1889 de
735 1834 997 1899 libertate,
1029 1833 1081 1888 in
1103 1834 1254 1904 queis
1275 1832 1364 1888 ille
1382 1840 1641 1886 versatur.
1667 1829 1820 1886 Unde
1847 1831 1961 1886 haec

367 1928 591 1995 audias,
628 1927 728 1982 nisi
775 1942 805 1981 a
845 1927 972 1984 me?
1010 1925 1210 1983 Omnes
1239 1934 1292 1982 te
1319 1933 1592 1992 metuunt,
1624 1939 1723 1994 ego
1750 1939 1878 1979 vero
1909 1933 1960 1979 te

367 2032 692 2088 contemno;
723 2022 894 2078 donec
920 2022 1040 2078 talis
1065 2021 1252 2090 fueris,
1284 2031 1334 2077 te
1361 2029 1668 2088 contemno,
1698 2029 1750 2076 te
1777 2020 1954 2090 despi-

367 2115 473 2182 cio,
503 2117 749 2170 morbum
781 2124 928 2170 tuum
955 2123 1263 2170 contemno.
1291 2115 1401 2184 Ego
1427 2129 1552 2169 seco
1573 2155 1590 2182 ,
1623 2124 1679 2168 tu
1708 2113 1906 2168 clamas
1941 2131 1956 2168 :

366 2208 462 2266 sed
493 2225 602 2264 non
632 2208 792 2265 timeo
817 2223 1002 2264 vocem
1029 2217 1193 2276 tuam,
1221 2217 1349 2278 opto
1371 2208 1598 2263 salutem
1627 2218 1768 2262 tuam
1802 2224 1815 2260 :
1843 2223 1957 2263 me-

366 2301 516 2358 dicus
540 2303 684 2358 enim
714 2317 854 2358 sum.
894 2301 950 2358 Si
977 2301 1130 2356 ulcus
1165 2300 1370 2356 habens
1396 2300 1663 2356 medicum
1691 2315 1913 2356 vocares
1935 2343 1949 2366 ,

366 2398 682 2468 videresqne
731 2394 932 2452 ferrum
984 2410 1215 2460 acuere,
1275 2409 1452 2449 annon
1503 2394 1749 2461 diceres,
1799 2394 1952 2460 Seca,

366 2490 574 2546 etiamsi
603 2489 812 2545 doleam
839 2529 852 2554 ,
881 2504 947 2543 eo
971 2487 1112 2558 quod
1141 2503 1207 2542 ex
1241 2487 1477 2542 sectione
1505 2486 1729 2542 salutem
1758 2501 1954 2556 exspe-

363 2581 572 2637 ctares?
600 2596 688 2636 me
715 2590 892 2636 autem
920 2579 1058 2651 fugis
1078 2619 1096 2647 ,
1124 2594 1228 2634 non
1259 2587 1564 2646 secantem,
1586 2578 1681 2634 sed
1706 2592 1956 2634 sermone

285 2730 288 2732 ν
362 2675 597 2730 animam
625 2684 767 2730 tuam
795 2683 1126 2745 purgantem.
1173 2672 1332 2743 Atqui
1361 2671 1601 2727 medicus
1635 2669 1763 2741 quid
1792 2670 1955 2726 facit?

361 2767 521 2822 Secat
547 2779 720 2836 sape,
749 2773 804 2820 et
831 2763 983 2819 ulcus
1006 2762 1240 2818 deterius
1266 2762 1389 2818 facit
1418 2779 1431 2816 :
1459 2776 1558 2831 ego
1586 2761 1820 2817 deterius
1846 2775 1952 2816 non

363 2857 520 2925 facio,
549 2857 643 2915 sed
674 2856 883 2913 melius.
927 2855 1038 2912 lllic
1077 2855 1218 2910 enim
1260 2862 1447 2910 natura
1486 2863 1568 2909 est
1609 2853 1873 2909 imbecilla
1901 2861 1954 2908 et

362 2962 576 3021 nutans,
599 2951 1075 3020 remediorumque
1100 2949 1376 3015 debilitas;
1411 2947 1498 3003 hic
1525 2957 1702 3003 autem
1727 2947 1807 3003 vis
1833 2961 1951 3003 ser-

363 3047 558 3102 monis.
603 3045 838 3101 Medicus
869 3044 960 3099 tibi
989 3044 1212 3098 salutem
1243 3056 1347 3096 non
1374 3040 1658 3111 pollicetur
1680 3081 1694 3105 ,
1727 3054 1829 3109 ego
1855 3040 1948 3094 tibi

360 3142 587 3197 salutem
632 3138 884 3209 polliceor
915 3154 928 3191 :
955 3134 1077 3190 audi
1118 3148 1224 3188 me.
1272 3132 1395 3187 Ideo
1439 3131 1738 3202 unigenitus
1786 3130 1951 3184 Filius

361 3235 455 3290 Dei
479 3231 772 3292 descendit,
798 3238 854 3284 ut
880 3243 977 3284 nos
1005 3227 1303 3292 reduceret,
1328 3231 1383 3279 et
1404 3223 1548 3279 caelis
1571 3224 1586 3254 ¹
1617 3222 1744 3292 ipsis
1773 3222 1952 3277 excel.

359 3328 531 3382 siores
554 3323 924 3380 constitueret.

437 3416 704 3471 Peccatum
732 3429 891 3468 unum
933 3411 1230 3466 timendum.
1262 3407 1479 3462 Abraha:
1517 3405 1853 3476 hospitalitas.
1880 3435 1948 3446 --

358 3508 538 3566 Unum
583 3506 756 3563 solum
804 3504 1006 3570 timeo,
1055 3509 1333 3573 peccatum
1377 3516 1390 3553 :
1443 3507 1634 3554 caetera
1685 3497 1950 3552 facessunt

358 3602 575 3667 omnia,
617 3599 835 3664 divitiae,
881 3604 1201 3668 paupertas,
1246 3592 1501 3662 potentia,
1529 3591 1738 3661 quidvis
1778 3590 1943 3645 aliud.

359 3693 486 3748 llaec
530 3691 671 3757 dico,
712 3703 812 3746 nec
861 3689 1020 3744 linem
1073 3685 1285 3742 dicendi
1327 3685 1513 3738 l'aciam
1545 3701 1558 3737 :
1590 3697 1762 3753 neque
1801 3683 1944 3738 enim

357 3799 676 3855 quemquam
699 3781 873 3854 gregis
897 3780 1001 3835 mei
1033 3778 1208 3849 perire
1225 3777 1362 3832 volo.
1388 3775 1523 3844 Quid
1553 3777 1718 3846 ergo?
1745 3782 1946 3846 potest-

359 3893 425 3933 ne
450 3875 564 3933 fleri
591 3884 646 3930 ut
670 3875 820 3930 dives
848 3873 1074 3928 salutem
1104 3868 1497 3941 consequatur?
1541 3867 1681 3924 Sane
1704 3867 1941 3939 quidem.

356 3971 456 4027 Job
481 3970 630 4025 dives
655 3976 791 4033 erat,
814 3949 1084 4023 Abraham
1113 3964 1264 4020 dives
1289 3972 1422 4018 erat.
1456 3961 1642 4017 Vidisti
1667 3961 1782 4032 ejus
1806 3961 1946 4017 divi-

356 4062 501 4118 tias?
525 4059 659 4116 Vide
690 4058 1123 4130 h05pitalitatem.
1148 4054 1337 4110 Vidisti
1364 4069 1604 4110 mensam
1630 4053 1785 4122 ejus?
1811 4052 1944 4107 Vide

354 4155 756 4226 benignitatem.
787 4150 923 4219 Quid
950 4165 1078 4221 ergo
1105 4146 1412 4204 Abraham?
1448 4147 1607 4202 Dives
1643 4155 1778 4201 erat.
1806 4145 1940 4200 Num

357 4261 529 4305 tecum
553 4244 840 4303 contendi?
881 4241 1108 4298 Divesne
1149 4249 1266 4296 erat
1302 4239 1606 4295 Abraham?
1635 4238 1768 4306 lmo,
1795 4237 1942 4293 dives

354 4349 489 4397 erat.
519 4338 708 4396 Vidisti
735 4337 852 4408 ejus
876 4334 1128 4391 divitias?
1173 4331 1306 4387 Vide
1331 4332 1446 4401 ejus
1471 4330 1592 4386 vitae
1621 4330 1938 4385 institutum.

355 4430 572 4487 Meridie
609 4427 853 4500 apparuit
892 4426 942 4482 ei
980 4424 1234 4480 Dominus
1253 4423 1402 4494 juxta
1429 4436 1682 4492 quercum
1708 4420 1942 4476 Mambre

351 4523 582 4580 sedenti.
615 4521 682 4576 Et
709 4533 835 4576 ecce
863 4527 972 4574 tres
1002 4517 1121 4572 viri.
1163 4517 1226 4571 Et
1255 4529 1477 4586 surgens
1507 4514 1635 4585 (non
1664 4514 1806 4569 enim
1839 4528 1940 4583 pu-

353 4618 504 4672 tabat
549 4615 714 4670 Deum
754 4626 884 4668 esse.
913 4625 1056 4676 eum,
1096 4609 1186 4680 qui
1227 4622 1467 4679 praesens
1509 4615 1642 4672 erat,
1674 4603 1943 4676 quomodo

354 4705 550 4777 enim?)
600 4702 860 4769 adoravit,
906 4711 958 4756 et
991 4700 1124 4755 dixit
1157 4717 1171 4753 :
1204 4699 1259 4754 Si
1294 4697 1543 4770 judicatis
1573 4711 1659 4752 me
1700 4695 1940 4767 dignum,

355 4803 413 4855 ut
462 4795 831 4868 ingrediamini
877 4796 928 4850 in
977 4793 1373 4850 tabernaculum
1424 4790 1652 4845 trabium
1700 4805 1940 4844 mearum

353 4891 508 4964 (Gen.
537 4890 623 4946 l8.
649 4889 821 4962 1.-5).
857 4884 1016 4943 Vides
1045 4885 1171 4958 quid
1198 4886 1250 4940 in
1281 4882 1502 4939 meridie
1523 4881 1723 4937 faceret
1744 4881 1942 4937 senex?

349 4982 470 5040 Non
507 4982 608 5039 sub
653 4991 794 5038 tecto
840 4979 1082 5044 sedebat,
1125 4976 1223 5032 sed
1263 4975 1574 5046 peregrinos
1612 4981 1667 5028 et
1709 4973 1942 5027 viatores

353 5091 576 5148 prorsus
605 5076 814 5146 ignotos
841 5070 1202 5143 pertrahehat,
1232 5077 1287 5123 et
1322 5081 1547 5136 surgens
1580 5063 1822 5120 adoravit
1856 5063 1940 5118 di-

349 5186 444 5228 ves
475 5180 530 5228 et
554 5168 769 5226 nobilis.
799 5165 898 5235 Qui
947 5163 1187 5235 pecuniis
1223 5160 1494 5225 aliiuebat,
1533 5159 1716 5214 relicta
1755 5157 1938 5224 domo,

350 5278 552 5331 uxore,
580 5260 792 5332 pueris,
819 5254 1158 5320 domesticis,
1186 5267 1319 5323 quos
1349 5260 1616 5306 trecentos
1644 5249 1940 5306 octodecim

351 5357 605 5422 habebat,
635 5354 738 5409 illis
764 5351 1010 5407 omnibus
1037 5348 1254 5413 relictis,
1280 5345 1410 5402 exiit
1428 5346 1762 5414 piscaturue;
1790 5357 1940 5414 sage-

351 5465 477 5506 nam
506 5445 883 5519 hospitalitatis
908 5440 1179 5512 expandit,
1209 5455 1275 5495 ne
1299 5438 1468 5492 viator
1488 5479 1506 5504 ,
1535 5452 1602 5492 ne
1629 5435 1938 5507 peregrinus

351 5544 569 5599 domum
598 5539 914 5614 praeteriret.
945 5535 1074 5590 Vide
1101 5533 1221 5603 quid
1249 5532 1402 5586 faciat
1433 5545 1619 5585 senex.
1649 5530 1763 5584 Non
1800 5545 1938 5598 prze-

351 5637 482 5709 cipit
506 5635 725 5697 famulo,
750 5648 881 5702 quos
907 5636 1170 5685 trecentos
1195 5623 1486 5680 octodecim
1515 5623 1770 5686 habebat;
1802 5621 1936 5676 scic-

421 5821 436 5850 ι
472 5824 570 5867 Duo
594 5822 721 5878 Mss,
743 5825 844 5877 pro,
873 5809 1022 5868 (culis,
1053 5808 1254 5867 habent,
1280 5804 1418 5858 rebus
1443 5799 1679 5854 hunmnis.

1689 335 1751 390 IN
1791 334 2110 392 PSALMUM
2149 337 2379 396 XLVIII;

2080 449 2170 506 bat
2205 453 2347 509 enim
2385 469 2553 524 genus
2596 455 2914 514 famulorum
2956 461 3226 533 negligens
3265 476 3416 528 esse;
3461 477 3526 517 ne
3564 461 3664 516 ob-

2074 542 2424 603 dormisceret
2451 546 2701 618 famulus,
2725 560 2780 608 et
2801 554 3111 624 peregrinus
3135 556 3452 626 praeteriret,
3481 556 3665 627 sicque

2073 639 2188 705 ipse
2216 639 2447 710 prmdam
2480 643 2766 700 amitteret.
2807 645 2888 701 En
2916 647 3295 714 Abrahamum,
3325 663 3391 704 en
3421 647 3662 704 divitem.

2073 731 2155 783 An
2196 730 2430 802 dignaris
2475 743 2528 788 tu
2569 751 2854 806 pauperem
2916 737 3000 794 vel
3028 738 3330 809 respicere?
3354 754 3423 794 an
3449 739 3549 810 ipsi
3578 755 3664 796 re-

2072 820 2374 889 spondere?
2400 838 2468 877 an
2498 823 2671 894 ipsum
2697 827 2927 898 alloqui?
2954 828 3106 897 Quod
3139 829 3184 885 si
3218 830 3503 901 aliquando
3529 831 3623 886 des
3641 872 3660 898 .

2071 921 2219 969 certe
2248 930 2340 984 per
2366 913 2647 973 famulum.
2676 919 2745 973 At
2785 935 2891 975 non
2920 921 2988 974 ita
3017 921 3098 975 vir
3115 920 3290 992 justus
3318 939 3331 976 :
3364 923 3458 979 sed
3501 922 3659 978 sede-

2069 1004 2177 1070 bat,
2203 1006 2452 1064 ardentes
2470 1009 2648 1065 radios
2675 1011 2963 1080 excipiens,
2989 1027 3112 1068 rore
3137 1013 3189 1068 in
3215 1022 3348 1069 :estu
3378 1016 3656 1084 perfusus;

2070 1097 2260 1152 umbra
2304 1099 2404 1170 ipsi
2448 1110 2562 1156 erat
2605 1100 2928 1158 desiderium
2972 1103 3383 1174 hospitalitatis;
3439 1106 3662 1163 sedebat

2068 1189 2296 1246 fructum
2345 1191 2722 1264 hospitalitatis
2767 1194 3098 1266 decerpens,
3147 1197 3307 1268 idque
3348 1197 3500 1254 dives
3533 1215 3656 1254 cum

2068 1292 2229 1339 esset.
2261 1284 2393 1340 Huic
2421 1285 2552 1341 mihi
2576 1287 2761 1343 confer
2787 1288 3074 1344 hodiernus
3093 1289 3302 1346 divites.
3343 1291 3399 1346 In
3435 1292 3660 1349 meridie

2068 1376 2157 1430 ubi
2183 1376 2411 1432 sedent?
2441 1377 2496 1432 ln
2529 1378 2734 1435 inferis.
2764 1378 2865 1436 Ubi
2888 1381 3114 1436 sedent?
3151 1383 3210 1438 [ιι
3260 1389 3438 1439 morte
3475 1384 3658 1438 ebrie-

2069 1471 2212 1524 tatis.
2257 1469 2357 1526 Ubi
2396 1471 2622 1528 sedent?
2669 1472 2727 1527 ln
2768 1472 2998 1542 publico,
3033 1473 3285 1544 projecti,
3314 1474 3468 1541 ebrii,
3495 1477 3658 1531 corde

2067 1564 2350 1631 occaecati,
2389 1565 2558 1621 brutis
2595 1565 2935 1636 stupidiores.
2978 1565 3086 1622 Sed
3117 1581 3221 1622 non
3247 1567 3319 1623 ita
3339 1567 3517 1639 justus
3543 1567 3654 1623 ille.

2138 1656 2191 1711 5.
2225 1655 2315 1712 Vis
2345 1658 2540 1713 imitari
2571 1657 2967 1713 Abrahamum?
2994 1658 3082 1715 Sic
3108 1659 3336 1727 imitare,
3357 1675 3463 1716 non
3485 1661 3656 1732 impe-

2065 1748 2175 1815 dio,
2198 1749 2307 1805 imo
2332 1749 2530 1805 suadeo
2549 1751 2564 1782 ¹
2595 1767 2609 1804 :
2641 1751 2850 1806 etiamsi
2877 1750 3078 1822 majora
3104 1766 3134 1805 a
3164 1752 3318 1807 nobis
3338 1752 3618 1823 exigantur
3637 1794 3652 1819 ,

2065 1855 2225 1910 quam
2253 1841 2322 1898 ab
2363 1841 2690 1898 Abrahamo.
2724 1840 2846 1897 Nisi
2882 1843 3025 1898 enim
3051 1842 3410 1910 abundaverit,
3446 1843 3650 1915 inquit,

2063 1933 2261 2000 iustitia
2303 1941 2465 1987 vestra
2512 1935 2627 2002 plus
2667 1951 2819 2004 quant
2857 1934 3136 1990 scribarum
3161 1946 3209 1990 et
3237 1935 3651 2002 Pharisaaorum,

2063 2042 2165 2080 non
2189 2025 2438 2080 intrabitis
2456 2026 2510 2080 in
2537 2043 2743 2097 regnum
2770 2026 3008 2082 cwlorum
3033 2026 3242 2102 (Hart/1.
3265 2030 3317 2085 5.
3341 2030 3454 2100 20).
3485 2028 3655 2084 Inter-

2061 2134 2126 2174 ea
2159 2127 2211 2172 tu
2239 2120 2428 2173 saltem
2450 2119 2812 2173 Abrahamum
2838 2134 3147 2189 assequere.
3176 2121 3316 2188 Quid
3343 2121 3528 2176 habuit
3553 2123 3654 2176 Ab-

2062 2210 2284 2266 raham?
2330 2210 2614 2281 llospitalis
2660 2221 2794 2278 erat,
2841 2213 3095 2279 surrexit,
3137 2222 3191 2269 et
3231 2213 3493 2281 adoravit,
3529 2230 3651 2270 cum

2061 2303 2334 2373 ignoraret
2370 2305 2586 2374 quinam
2627 2313 2808 2360 essent
2846 2305 2936 2375 qui
2980 2307 3374 2376 praterirent'.
3426 2306 3482 2363 Si
3509 2308 3652 2363 enim

2061 2394 2306 2450 scivisset
2326 2435 2342 2462 ,
2372 2394 2505 2449 nihil
2526 2395 2897 2451 admirandum
2929 2395 3142 2452 fecisset
3162 2439 3176 2460 ,
3205 2397 3326 2468 quia
3362 2399 3524 2454 Deum
3555 2415 3651 2454 eo-

2060 2484 2282 2552 luisset;
2323 2500 2510 2541 verum
2553 2486 2816 2558 ignoratio
2857 2502 3045 2542 eorum
3083 2489 3173 2558 qui
3204 2488 3449 2555 aderant,
3477 2489 3652 2560 majus

2058 2576 2175 2647 ejus
2203 2576 2579 2647 hospitalitatis
2605 2577 2840 2633 studium
2868 2578 3122 2634 declarat.
3155 2578 3390 2636 Sedebat
3411 2592 3467 2636 et
3495 2596 3652 2637 exce-

2059 2669 2153 2738 pit.
2182 2668 2500 2736 Quomodo?
2523 2669 2840 2726 Liberaliter
2868 2688 2881 2725 :
2916 2670 3145 2727 vitulum
3165 2673 3436 2740 mactavit,
3462 2671 3648 2729 Saram

2058 2765 2283 2829 vocavit,
2312 2779 2533 2820 uxorem
2562 2763 2936 2835 hospitalitatis
2955 2774 3260 2822 consortem
3284 2765 3414 2822 fecit
3432 2807 3445 2832 ,
3471 2781 3650 2837 neque

2057 2871 2176 2911 eam
2203 2856 2256 2911 in
2285 2855 2528 2911 cubiculo
2553 2856 2838 2925 latentem,
2876 2855 2973 2912 sed
3016 2856 3116 2911 sub
3153 2873 3354 2928 quercu
3392 2865 3645 2914 stantem.

2057 2948 2150 3003 Illa
2176 2949 2318 3004 enim
2345 2965 2528 3004 mensa
2555 2949 2770 3005 demum
2797 2949 3008 3020 aperuit
3027 2951 3238 3006 vulvam
3263 2953 3398 3020 ejus,
3425 2962 3648 3010 naturae-

2055 3057 2160 3111 que
2181 3041 2515 3096 sterilitatem
2539 3042 2792 3097 correxit.
2827 3041 3077 3097 Mactavit
3103 3042 3352 3109 vitulum,
3369 3050 3424 3098 et
3439 3043 3647 3114 accepit

2055 3133 2203 3190 Isaac
2223 3153 2237 3189 :
2260 3133 2484 3190 farinam
2511 3137 2829 3205 conspersit,
2853 3145 2906 3190 et
2935 3151 3118 3191 semen
3144 3137 3353 3207 accepit
3379 3145 3438 3191 ut
3463 3136 3645 3193 stellas

2055 3230 2170 3284 caeli
2211 3237 2266 3284 et
2305 3244 2524 3284 arenam
2555 3231 2736 3284 maris.
2768 3229 2964 3285 Verum
3000 3229 3159 3300 plane
3186 3230 3333 3286 dices
3365 3247 3378 3284 :
3409 3231 3480 3285 Da
3514 3229 3646 3286 mihi

2054 3337 2264 3393 quoque
2309 3321 2536 3379 fructum
2577 3331 2655 3378 tot
2695 3323 3046 3394 genuinorum
3094 3323 3323 3378 ﬁliorum
3341 3322 3382 3376 δε
3425 3322 3640 3387 Infelix,

2053 3415 2218 3470 miser
2240 3457 2255 3484 ,
2285 3424 2340 3470 et
2369 3415 2626 3470 vilissime
2645 3453 2660 3482 ,
2694 3424 2903 3470 terrena
2932 3415 3162 3486 quaeris?
3203 3411 3401 3471 Cazlum
3429 3414 3521 3470 tibi
3548 3414 3640 3480 do,

2052 3507 2360 3577 angelorum
2388 3507 2720 3571 societatem,
2747 3517 3002 3562 aeternam
3033 3507 3377 3577 voluptatem,
3410 3515 3464 3562 et
3493 3521 3640 3562 mor-

2054 3609 2159 3655 tem
2208 3602 2709 3671 corruptionemque
2734 3602 2962 3670 quaeris!
3009 3600 3183 3655 Vitam
3227 3600 3319 3654 tibi
3360 3601 3430 3656 do
3477 3601 3638 3656 finem

2051 3707 2156 3748 non
2201 3691 2504 3748 habentem.
2551 3692 2725 3761 Major.
2759 3702 2842 3747 est
2877 3693 3259 3756 remuneratio,
3287 3691 3460 3762 major.
3485 3692 3643 3746 retri-

2050 3783 2218 3840 butio.
2248 3783 2499 3842 Studiose
2527 3783 2743 3839 attende
2768 3783 2926 3838 dictis
2955 3782 3109 3846 meis,
3135 3791 3191 3837 ut
3212 3797 3389 3837 rerum
3411 3795 3642 3838 conver-

2049 3878 2255 3932 sionem
2303 3875 2504 3931 videas.
2558 3875 2688 3930 Cum
2745 3874 2888 3931 enim
2935 3882 3207 3944 oporteret
3247 3873 3642 3945 hospitalitatis

2049 3968 2284 4024 studium
2328 3967 2626 4032 declarare,
2667 3965 2792 4036 quiti
2838 3964 2964 4020 dicit
3009 3961 3276 4019 Abraham
3322 3963 3474 4018 uxori
3527 3977 3639 4018 suae

2047 4059 2227 4116 Sane?
2250 4058 2480 4124 Festina,
2505 4057 2755 4128 inquit,_et
2771 4056 3038 4112 commisce
3057 4064 3156 4109 tres
3173 4070 3436 4108 mensuras
3459 4053 3642 4108 simila

2051 4153 2204 4228 (Gen.
2233 4153 2324 4209 l8.
2356 4152 2432 4223 6).
2464 4151 2588 4209 Haec
2617 4149 2836 4205 audiant
2861 4149 3134 4213 mulieres,
3165 4145 3395 4214 Festina,
3428 4155 3474 4200 et
3502 4161 3639 4200 com-

2048 4246 2201 4300 misce
2243 4253 2342 4298 tres
2378 4259 2639 4298 mensuras
2673 4241 2872 4296 similia.
2915 4240 3212 4297 Commune
3252 4238 3448 4308 quippe
3482 4237 3638 4293 nobis

2049 4336 2334 4400 theatrum,
2359 4342 2415 4389 et
2437 4334 2646 4404 utrique
2670 4333 2818 4388 sexui
2841 4331 3203 4402 magisterium
3229 4328 3449 4386 offertur
3468 4326 3509 4383 ⁸.
3529 4329 3640 4382 Au-

2049 4429 2195 4485 diant
2230 4427 2481 4483 mulieres
2507 4427 2559 4481 id
2585 4425 2727 4496 quod
2752 4425 2948 4480 dicitur
2976 4445 2988 4481 :
3013 4423 3232 4480 audiant
3257 4422 3353 4478 viri
3379 4464 3393 4487 ,
3424 4430 3480 4476 et
3512 4421 3636 4476 imi-

2051 4533 2249 4578 tentur.
2279 4521 2508 4583 Festina,
2547 4519 2750 4589 inquit,
2778 4528 2825 4572 et
2864 4519 3131 4572 commisce
3160 4527 3258 4572 tres
3284 4532 3541 4570 mensuras
3569 4516 3642 4570 si-

2049 4617 2184 4671 min
2213 4631 2231 4670 :
2255 4624 2310 4671 et
2336 4615 2450 4684 ipse
2476 4613 2712 4669 cucurrit
2743 4612 2796 4666 in
2824 4619 3123 4666 armentum
3150 4610 3331 4666 boum.
3376 4609 3636 4664 Laborem

2052 4707 2373 4778 partiuntur,
2401 4714 2458 4760 ut
2487 4705 2646 4760 etiam
2673 4703 2830 4758 ambo
2854 4716 3109 4757 coronam
3135 4701 3446 4757 sortiantur.
3475 4699 3637 4755 Com-

2051 4799 2230 4852 munia
2268 4803 2394 4852 sunt
2425 4794 2546 4866 jura
2590 4795 2896 4864 nuptiarum
2920 4810 2934 4847 :
2957 4792 3260 4848 communia
3294 4792 3399 4846 sint
3426 4791 3639 4846 virtutis

2049 4889 2244 4945 ofﬁcia.
2275 4887 2604 4959 Adjutricem
2635 4895 2686 4942 te
2711 4887 2928 4956 accepi;
2957 4885 3032 4941 sis
3056 4884 3185 4940 mihi
3217 4884 3451 4954 adjutrix
3475 4884 3638 4940 etiam

2052 4985 2103 5038 in
2131 4981 2289 5038 rebus
2316 4980 2595 5037 altioribus
2626 4997 2638 5033 :
2671 4978 2862 5035 festina
2888 5021 2902 5047 ,
2943 4978 3153 5034 festina.
3187 4975 3353 5048 Urget
3383 4991 3636 5042 uxorem,

2049 5089 2104 5136 et
2134 5093 2201 5134 ne
2231 5077 2456 5132 tarditas
2485 5075 2703 5130 taedium
2731 5073 2918 5130 all‘erat
2943 5073 3244 5144 hospitibus
3275 5090 3288 5127 :
3319 5069 3550 5135 Festina,
3589 5081 3637 5126 et

2049 5174 2312 5228 commisce
2353 5180 2451 5225 tres
2497 5186 2756 5224 mensuras
2801 5169 2998 5224 similar.
3045 5167 3395 5223 Laboriosum
3437 5181 3638 5236 praece-

2049 5275 2197 5336 ptum
2220 5305 2233 5328 .
2277 5278 2437 5334 grave
2475 5262 2782 5316 mandatum
2814 5277 2829 5316 :
2856 5259 3131 5316 Commisce
3158 5269 3255 5314 tres
3280 5273 3539 5313 mensuras
3565 5257 3638 5310 si-

2049 5360 2204 5413 milar.
2235 5357 2353 5412 Non
2377 5355 2513 5410 dixit
2543 5371 2556 5407 ε
2589 5353 2726 5422 Quid
2757 5353 2892 5409 hoc?
2920 5369 3047 5408 num
3076 5352 3178 5407 hac
3202 5365 3296 5421 spe
3325 5351 3416 5405 tibi
3444 5351 3633 5418 nupsi,

2050 5461 2108 5508 ut
2129 5467 2213 5507 me
2238 5446 2304 5504 ad
2326 5446 2630 5504 molendum
2653 5445 3093 5516 coquendumque
3113 5458 3302 5514 panem
3329 5441 3634 5509 adbiberes,

2116 5612 2130 5641 ¹
2167 5607 2324 5668 Savil.,
2350 5608 2446 5656 imo
2464 5603 2581 5668 volo.

2114 5675 2132 5703 ²
2168 5671 2314 5733 Alius,
2338 5669 2420 5733 qui
2437 5667 2674 5733 adessent.
2716 5725 2724 5733 ,
2865 5730 2872 5733 _
2915 5730 2921 5733 _
2956 5719 3020 5733 η,

2116 5736 2134 5764 ³
2167 5721 2328 5784 εει-ξιξ,
2350 5721 2836 5790 fructum’genuiuum
2859 5730 2922 5790 tot
2945 5721 3174 5786 ﬁliorum.

2115 5801 2133 5827 ι
2170 5794 2271 5856 Alii,
2300 5787 2505 5843 tribunal
2529 5787 2756 5841 iu'mcdio
2783 5787 2988 5849 partitur.
