4084 6346
451 353 556 410 1117

455 468 740 524 mulierem
769 477 846 524 tot
871 470 1074 526 divitiis
1102 473 1456 528 instructam?
1497 474 1790 529 Trecentos
1819 475 2042 528 octode-

451 559 557 613 cim
585 573 771 616 servos
797 561 981 628 habes,
1013 573 1068 618 et
1094 563 1198 618 illis
1229 564 1492 633 imperare
1516 581 1621 620 non
1643 580 1817 631 curas,
1843 565 1937 622 sed
1960 583 2045 622 me

455 649 523 705 ad
554 649 655 705 hoc
686 651 1037 707 ministerium
1068 656 1261 726 urges?
1298 655 1439 710 Nihil
1466 657 1641 714 simile
1669 658 1839 727 dixit,
1869 676 2044 732 neque

458 741 717 812 cogitavit
748 760 762 797 :
795 745 890 800 sed
920 747 1042 817 quia
1069 761 1204 802 uxor
1233 758 1346 804 erat
1375 749 1682 817 Abrahami,
1714 768 1818 807 non
1849 768 2041 823 corpo-

451 833 528 885 ris
554 833 752 898 solum,
786 835 880 890 sed
904 837 1063 891 etiam
1088 839 1298 893 virtutis
1319 842 1611 908 consortio,
1641 842 1761 906 ideo
1789 844 1921 899 dixit
1943 845 2039 911 illi,

451 924 664 978 Festina
687 944 707 982 :
732 927 926 998 illaque
946 929 1195 986 alacriter
1221 933 1527 988 mandatum
1553 935 1777 1004 arripuit
1801 955 1814 990 :
1842 938 2045 994 sciebat

451 1018 597 1071 enim
627 1019 845 1076 uberem
878 1021 1252 1092 hospitalitatis
1278 1024 1526 1080 fructum.
1558 1025 1797 1094 Festina,
1830 1031 2040 1083 commi-

448 1126 549 1163 sce.
597 1110 814 1166 Sciebat
863 1114 1102 1169 mulieris
1147 1115 1496 1186 diligentiam.
1545 1119 1771 1176 Ubinam
1798 1132 1920 1176 sunt
1946 1122 2042 1180 bo~

450 1199 653 1269 diernte
677 1203 965 1259 mulieres?
1009 1206 1394 1275 Comparemus
1423 1209 1540 1263 illas
1569 1227 1688 1265 cum
1719 1215 1868 1267 Sara.
1903 1214 2040 1270 Num

451 1290 580 1346 talia
603 1294 849 1348 mandata
877 1297 1181 1365 excipiunt?
1210 1299 1338 1353 talia.
1357 1303 1559 1370 opera?
1585 1303 1773 1360 Profer
1795 1307 1925 1361 mihi
1953 1324 2042 1362 or-

450 1394 606 1440 natus
641 1389 848 1456 cupida:
876 1390 1113 1446 mulieris
1141 1408 1396 1461 manum,
1437 1411 1663 1466 eamque
1705 1400 2042 1466 extrinsecus

457 1474 754 1532 inauratam
784 1479 932 1534 vides
951 1522 968 1547 ,
1001 1482 1140 1536 intus
1166 1494 1344 1540 autem
1373 1488 1523 1556 quasi
1551 1490 1845 1544 obsessam.
1877 1492 2036 1560 Quot,

452 1583 635 1639 quaiso
658 1610 674 1635 ,
707 1587 999 1641 pauperum
1025 1576 1256 1643 praedam
1285 1594 1472 1633 manus
1503 1588 1587 1634 tua
1617 1583 1828 1651 gestat?
1857 1585 2042 1645 Profer

457 1677 674 1717 manum
704 1656 873 1733 tuam,
903 1668 1125 1723 ostende
1155 1669 1320 1725 illam.
1350 1671 1467 1738 Quo
1498 1673 1769 1729 induitur?
1814 1677 2036 1746 llapina.

453 1752 637 1808 Profer
682 1770 896 1810 manum
944 1757 1110 1814 Sane.
1155 1760 1272 1828 Quo
1317 1763 1588 1818 induitur?
1628 1767 2034 1836 Hospitalitate,

448 1842 812 1916 cleemosyna,
845 1850 1084 1914 caritate,
1114 1866 1404 1921 pauperum
1433 1871 1635 1912 amore.
1665 1858 1708 1912 Ο
1729 1861 2038 1928 prmclaram

447 1933 722 1992 dexteram
750 1938 761 1991 !
807 1938 944 1994 Vide
971 1940 1246 1998 dexteram
1274 1954 1329 1999 et
1352 1945 1624 2002 dexteram
1647 1950 1686 2002 ¹.
1717 1950 1911 2006 Verum
1932 1969 2037 2007 una

448 2027 665 2094 quidem
701 2026 873 2083 forma
903 2041 986 2086 est
1008 2033 1276 2099 dexterae,
1317 2038 1538 2092 multum
1565 2055 1693 2094 vero
1723 2041 2032 2099 discrimen.

447 2115 559 2171 lllic
585 2117 762 2174 fontes
787 2119 1143 2192 lacrymarum
1167 2166 1182 2190 ,
1215 2127 1298 2180 hic
1326 2143 1538 2186 corona:
1567 2141 1623 2185 et
1644 2135 1880 2196 praemia.
1912 2135 2038 2191 lliec

449 2205 592 2274 dico,
621 2219 679 2263 ut
705 2225 876 2280 neque
893 2229 1088 2268 uxores
1111 2217 1232 2270 talia
1255 2228 1498 2288 qmerant
1519 2235 1551 2275 a
1575 2222 1721 2287 viris,
1745 2241 1920 2295 neque
1939 2228 2036 2282 viri

449 2315 644 2356 uxores
689 2302 803 2359 hmo
846 2317 1091 2374 petentes
1131 2310 1321 2365 fetant.
1364 2312 1443 2367 En
1491 2314 1698 2380 Saram,
1726 2333 1791 2373 en
1818 2320 2036 2376 divitem

447 2391 596 2446 illam
629 2409 643 2445 :
673 2397 1010 2452 commiscuit
1058 2409 1167 2456 tres
1214 2418 1492 2461 mensuras
1540 2409 1749 2465 simila}.
1797 2412 2036 2479 Quantus

447 2481 634 2536 labor?
662 2484 859 2540 Verum
889 2504 998 2544 non
1025 2493 1191 2546 sensit
1221 2494 1480 2562 laborem,
1505 2499 1576 2553 ob
1595 2516 1744 2570 spem
1767 2503 1965 2559 fructus
1981 2512 2038 2560 et

445 2574 603 2630 lucri.
626 2576 858 2644 Festina,
891 2585 1156 2638 commisce
1181 2589 1276 2640 tria
1301 2598 1459 2643 metra
1482 2592 1680 2648 similar.
1707 2596 1844 2664 Quid
1870 2599 2035 2653 facis?

444 2677 499 2722 te
523 2672 691 2726 comis
721 2681 775 2727 et
803 2689 985 2742 ornas,
1020 2679 1250 2739 mulier?
1291 2681 1387 2738 Cui
1433 2686 1509 2740 vis
1548 2689 1796 2755 placere?
1837 2691 2035 2749 Virone

446 2760 576 2814 tuo?
618 2761 814 2819 Malum
857 2768 1112 2837 studium,
1145 2773 1188 2826 si
1231 2773 1344 2827 viro
1377 2776 1454 2830 sic
1491 2777 1748 2846 placitura
1775 2797 1854 2848 es,
1883 2783 1928 2837 si
1957 2785 2034 2839 sic

444 2851 630 2907 studes
662 2853 759 2923 ipsi
790 2856 1021 2926 placere.
1061 2859 1340 2927 Quomodo
1375 2866 1538 2936 igitur
1567 2869 1822 2937 placebo?
1847 2873 2034 2930 Conti-

448 2945 651 2998 neutia.
694 2946 798 3002 Sed
825 2965 926 3022 qua
954 2955 1160 3008 ratione
1197 2956 1457 3024 placebo?
1484 2961 1763 3030 Modestia,
1795 2966 2032 3037 philoso-

445 3036 568 3104 phia
587 3079 601 3104 ,
631 3044 1041 3101 mansuetudine
1061 3089 1075 3114 ,
1105 3050 1361 3116 caritate,
1393 3056 1676 3110 concordia
1701 3100 1714 3124 ,
1742 3075 2029 3117 consensu.

446 3125 574 3182 llaec
597 3144 911 3190 ornamenta
942 3147 1048 3203 tua,
1078 3142 1292 3196 mulier.
1321 3144 1416 3198 lla:
1443 3147 1667 3204 virtutes
1692 3161 1793 3206 tuze
1815 3168 2031 3208 colicor-

448 3217 590 3272 diam
631 3223 843 3289 pariunt
878 3243 890 3280 :
923 3227 998 3282 illi
1029 3245 1156 3286 vero
1184 3242 1404 3289 ornatus
1446 3246 1502 3291 ut
1544 3239 1755 3308 placeas
1787 3258 1890 3305 non
1920 3245 2036 3300 eili-

449 3313 615 3378 ciunt,
638 3332 819 3371 verum
845 3320 893 3374 id
922 3332 1176 3391 prmstaut
1204 3336 1261 3382 ut
1287 3329 1403 3384 viro
1427 3333 1576 3387 oneri
1608 3335 1701 3388 sis.
1731 3335 1861 3390 Cum
1889 3339 2033 3394 enim

444 3401 522 3458 illi
553 3405 771 3475 dixeris,
804 3410 951 3482 Rape
986 3425 1040 3470 et
1077 3416 1210 3472 affer
1246 3420 1396 3486 mihi,
1427 3424 1617 3494 exiguo
1649 3435 1890 3497 tempore
1917 3431 2033 3499 pla-

443 3507 570 3563 ces,
621 3499 712 3554 sed
762 3514 944 3572 postea
995 3507 1265 3566 inimicum
1320 3513 1464 3567 illum
1507 3515 1693 3575 babes.
1747 3518 1815 3578 Ut
1855 3531 2033 3580 autem

445 3582 624 3642 discas
651 3599 702 3646 te
727 3594 841 3650 viro
868 3612 972 3654 non
1005 3602 1214 3670 placere
1245 3626 1258 3661 :
1289 3607 1432 3664 domi
1464 3610 1553 3665 illa
1579 3612 1805 3682 deponis
1827 3656 1842 3679 ,
1887 3624 1941 3669 et
1978 3615 2031 3668 in

443 3679 675 3738 ecclesia
721 3684 827 3750 illis
871 3693 1284 3754 circumornaris
1316 3701 1397 3756 :si
1428 3703 1545 3757 viro
1590 3705 1847 3774 placeres,
1888 3705 2033 3765 domi

446 3772 540 3828 illa
564 3790 826 3848 gestores.
858 3785 1072 3854 Verum,
1105 3801 1164 3845 ut
1187 3792 1319 3860 dixi,
1350 3794 1402 3848 in
1432 3797 1712 3852 ecclesiam
1737 3800 2036 3870 ingrederis

443 3873 649 3928 auratis
678 3878 920 3934 manibus
950 3891 1002 3936 et
1029 3883 1192 3939 collo.
1222 3883 1278 3940 Si
1307 3889 1513 3942 venerit
1538 3889 1755 3957 Paulus,
1783 3894 2035 3948 terribilis

448 3963 607 4019 simul
634 3966 724 4023 ille
751 3979 806 4023 et
832 3973 1076 4029 amabilis
1100 3995 1113 4030 :
1145 3978 1397 4034 terribilis
1421 3984 1814 4049 peccatoribus,
1841 3987 2036 4041 amabi-

443 4054 512 4110 lis
554 4058 642 4126 pie
689 4059 1022 4132 viventibus,
1066 4066 1319 4130 clamabit
1361 4081 1414 4126 et
1453 4073 1532 4127 sic
1575 4073 1759 4130 dicet:
1794 4075 2033 4132 Mulieres

445 4158 640 4213 Oportet
666 4166 847 4206 ornare
869 4171 922 4207 se
939 4195 954 4218 ,
984 4172 1085 4211 non
1105 4175 1238 4217 auro.
1261 4171 1309 4214 et
1334 4165 1625 4233 margaritis
1643 4206 1656 4229 ,
1689 4175 1736 4219 et
1765 4176 1895 4221 veste
1919 4185 2033 4237 pre-

445 4241 574 4296 tiosa
617 4245 702 4316 (l.
747 4245 878 4301 Tim.
906 4249 960 4303 3.
993 4250 1088 4321 9).
1123 4252 1324 4309 Deinde
1363 4257 1407 4310 si
1445 4257 1770 4327 ingrediatur
1793 4261 2030 4328 gentilis,

445 4334 728 4406 videatque
757 4338 808 4393 in
840 4345 1115 4410 superiore
1144 4354 1293 4413 parte
1319 4347 1438 4402 illas
1463 4349 1560 4402 ista
1592 4350 1846 4414 ferentes,
1874 4352 1923 4405 in
1955 4354 2033 4406 in-

446 4424 641 4481 feriore
667 4444 795 4484 vero
834 4430 1055 4487 Paulum
1098 4435 1215 4490 haec
1259 4439 1584 4508 loquentem,
1626 4457 1801 4496 annon
1847 4443 2029 4499 dicet:

446 4515 575 4571 iltec
601 4529 726 4573 sunt
752 4535 913 4575 scena
941 4532 994 4577 et
1030 4523 1243 4580 fabula?
1286 4514 1444 4583 Certe
1471 4546 1579 4593 non
1606 4541 1727 4586 sunt
1755 4547 1916 4588 scena
1947 4551 2033 4590 res

445 4617 645 4663 nostra;
667 4611 709 4674 ’,
743 4612 950 4667 etiamsi
992 4614 1108 4672 hmo
1155 4618 1225 4672 ita
1276 4619 1422 4680 fiant.
1467 4621 1661 4677 Verum
1702 4624 1915 4694 gentilis
1944 4625 2034 4683 ille

447 4700 658 4757 laeditur
696 4715 750 4760 et
789 4706 962 4762 dicit:
994 4709 1266 4779 Ingressus
1302 4728 1419 4768 sum
1460 4716 1512 4769 in
1551 4719 1831 4772 ecclesiam
1875 4720 2033 4776 Chri-

448 4797 764 4866 stianorum,
792 4810 848 4855 et
884 4804 1060 4858 audivi
1103 4805 1325 4861 Paulum
1351 4808 1651 4876 dicentem,
1683 4809 1804 4865 Non
1829 4813 1882 4865 in
1908 4829 2033 4867 auro

449 4899 494 4942 et
531 4894 840 4962 margaritis,
887 4896 1029 4954 illam
1077 4914 1204 4954 vero
1243 4902 1520 4958 mulierem
1562 4920 1728 4974 opere
1765 4908 2033 4964 contraria

448 4983 808 5042 exhibentem.

519 5078 574 5133 ϐ.
601 5079 737 5148 Quid
769 5082 861 5136 tibi
901 5083 1145 5141 utilitatis
1187 5088 1342 5143 alfert
1371 5105 1580 5154 aurum,
1620 5107 1652 5145 ο
1688 5093 1932 5149 mulier?
1964 5093 2035 5150 Ut

449 5172 672 5239 pulchra
700 5184 754 5230 et
782 5176 1022 5245 speciosa
1051 5181 1352 5249 appareas?
1395 5181 1588 5236 Verum
1625 5183 1752 5238 illud
1785 5185 1916 5239 nihil
1941 5185 2032 5240 tibi

449 5265 735 5323 ranfertad
751 5269 1199 5340 pulchritudinem
1217 5274 1430 5328 animae.
1463 5275 1547 5329 Sis
1567 5277 1748 5330 animo
1768 5280 2030 5347 speciosa,

449 5365 504 5409 et
550 5357 661 5412 eris
711 5374 937 5428 corpore
987 5363 1252 5419 amabilis.
1305 5364 1569 5435 Sapientia
1607 5370 1824 5423 hominis
1843 5371 2035 5424 vultum

448 5450 562 5518 ejus
590 5453 892 5508 illuminabit
923 5454 1143 5524 (Eccle.
1189 5457 1245 5513 8.
1298 5458 1388 5529 1).
1439 5460 1598 5530 Atqui
1647 5462 1905 5530 sapientia
1952 5473 2034 5519 est

446 5544 638 5602 animae
668 5546 804 5617 ejus.
834 5549 977 5605 Nihil
1023 5551 1094 5604 ita
1146 5567 1382 5607 amorem
1423 5555 1561 5624 parit
1611 5568 1670 5611 ut
1716 5557 1928 5612 caritas.
1975 5559 2033 5614 Si

511 5686 531 5754 ξ
552 5695 599 5737 In
622 5687 759 5738 savii.
786 5689 863 5737 hac
887 5703 1049 5748 voces,
1072 5689 1179 5741 cide
1203 5691 1456 5742 dexteram
1472 5698 1517 5742 et
1541 5693 1811 5754 dexteram,
1836 5695 2026 5745 desunt.

514 5750 534 5778 ⁸
569 5758 670 5800 Duo
695 5757 821 5806 Mss.
862 5762 976 5802 Ilth
999 5761 1108 5802 sunt
1144 5767 1288 5804 scena
1327 5761 1374 5804 et
1414 5754 1578 5810 fabula
1597 5755 1622 5805 ?
1653 5750 1892 5808 Quomodo
1922 5758 2029 5810 iure

452 5819 556 5867 tum
578 5813 817 5866 simulatio
838 5817 860 5869 Υ
880 5825 1017 5870 certe
1040 5832 1132 5870 non
1153 5825 1261 5871 sunt
1283 5813 1523 5870 simulatio
1545 5833 1621 5871 res
1644 5833 1835 5876 nostrw.

1193 355 1248 412 S.
1287 355 1563 412 JOANNIS
1600 352 2076 412 CHRYSOS’I’OMI
2116 353 2432 410 ARCHIEP.
2472 355 3003 416 CONSTANTINOP.

3643 372 3743 428 508

2153 469 2296 522 enim
2327 469 2410 523 vir
2450 478 2570 524 tuus
2622 481 2674 526 te
2717 484 2879 540 amat,
2910 477 3120 530 etiamsi
3163 470 3417 538 deformis
3445 483 3538 551 sis,
3569 493 3739 542 tamen

2152 559 2393 616 amabilis
2424 562 2520 633 ipsi
2542 565 2737 619 videris
2763 585 2776 619 :
2805 567 2850 620 si
2873 578 3048 623 autem
3078 579 3128 625 te
3157 570 3353 635 oderit.
3386 577 3590 631 etiamsi
3619 593 3737 649 spe~

2151 650 2292 704 ciosa
2321 652 2414 718 sis,
2447 669 2514 709 ne
2540 655 2754 724 quidem
2780 658 2960 713 videre
3010 669 3063 715 te
3095 661 3258 718 volet.
3314 663 3505 720 Odium
3545 670 3734 740 quippe

2151 741 2334 807 animi,
2383 743 2606 799 formam
2657 747 2830 802 vultus
2855 764 3113 819 apparere
3133 768 3238 808 non
3265 756 3411 810 sinit.
3444 757 3574 812 Cum
3596 764 3733 816 enim

2150 832 2217 887 ab
2238 848 2303 887 eo
2317 845 2536 890 ornatus
2564 846 2619 892 et
2637 852 2826 892 aurum
2850 842 3077 910 petitura
3104 858 3164 898 es
3191 885 3206 909 ,
3233 854 3340 899 tum
3373 848 3486 916 ipse
3516 858 3565 903 te
3583 865 3734 905 aver-

2151 932 2365 980 saturus
2391 935 2493 994 est,
2530 930 2748 997 perinde
2771 941 2930 1002 atque
2957 949 3078 988 eum
3110 937 3199 1006 qui
3233 938 3285 992 in
3313 938 3431 995 fero
3456 942 3652 1012 aliquid
3671 945 3736 1000 ab

2149 1027 2215 1071 eo
2241 1016 2440 1087 exigat.
2469 1018 2665 1075 Verum
2697 1023 2764 1078 ab
2791 1023 2884 1078 illo
2913 1025 3095 1095 fugere
3135 1038 3328 1097 potest,
3359 1049 3389 1086 a
3417 1041 3468 1088 te
3496 1036 3730 1103 minime,

2148 1121 2268 1176 quae
2293 1108 2433 1164 intus
2459 1126 2518 1166 es
2545 1128 2777 1183 semper,
2801 1125 2854 1171 et
2874 1119 3009 1186 petis
3035 1119 3208 1175 ofﬁcia
3233 1123 3424 1178 rationi
3446 1131 3731 1183 contraria.

2148 1197 2275 1254 Haec
2297 1215 2365 1254 ne
2393 1201 2566 1256 solum
2591 1205 2808 1260 auribus
2828 1208 3083 1278 excipias,
3116 1226 3150 1265 ο
3194 1214 3401 1280 mulier,
3450 1218 3543 1273 sed
3571 1221 3730 1274 etiam

2146 1290 2326 1345 animo
2347 1297 2707 1350 committeris.
2744 1298 2916 1354 Verba
2945 1317 3060 1356 mea
3089 1305 3322 1359 remedia
3355 1321 3498 1374 sunt,
3531 1313 3732 1380 quaead

2149 1389 2360 1450 tempus
2388 1387 2652 1454 mordent,
2684 1389 2775 1442 sed
2808 1403 3066 1462 perpetuo
3085 1394 3271 1463 juvant
3315 1409 3367 1452 et
3405 1402 3727 1470 voluptatem

2148 1473 2398 1529 aﬂ'emnt.
2445 1478 2680 1534 Medicus
2732 1497 2870 1548 sum,
2908 1486 3229 1557 vulneraque
3266 1488 3463 1554 fodico,
3513 1510 3578 1549 ne
3624 1512 3731 1566 pra!

2145 1578 2411 1626 vetustate
2464 1572 2698 1629 deterius
2749 1576 2899 1632 ulcus
2952 1579 3207 1636 efﬁciant.
3253 1584 3366 1654 Ego
3415 1587 3729 1645 medicinam

2145 1673 2398 1730 exerceo,
2425 1663 2702 1720 sanitatem
2735 1668 2898 1723 verbo
2950 1671 3234 1728 tribuens:
3280 1676 3371 1729 alii
3415 1694 3542 1733 vero
3590 1696 3732 1751 prte-

2144 1754 2314 1808 sentis
2342 1755 2464 1809 vita:
2503 1755 2719 1824 fluxam,
2753 1759 3016 1826 fallacem,
3063 1775 3118 1819 et
3170 1766 3331 1822 vilem
3371 1771 3727 1828 conditionem

2144 1845 2451 1900 ostendunt.
2479 1848 2584 1903 Sed
2629 1850 2770 1919 quod
2797 1852 3037 1908 dicebam
3067 1856 3132 1910 de
3160 1857 3466 1915 Abrahamo
3515 1863 3533 1932 (
3560 1879 3731 1933 neque

2147 1935 2288 1988 enim
2313 1939 2678 2005 promissionis
2699 1943 3036 2012 obliviscar),
3067 1945 3295 2017 Festina,
3327 1955 3584 2022 permisce,
3616 1956 3731 2011 haec

2145 2040 2474 2098 unaquaeque
2504 2031 2696 2086 mulier
2721 2034 2772 2087 in
2804 2045 2982 2089 mente
3009 2037 3295 2104 describat,
3317 2043 3429 2097 huic
3451 2048 3734 2116 unusquis-

2143 2132 2246 2186 que
2274 2121 2353 2174 vir
2379 2121 2433 2175 in
2464 2125 2788 2181 conscientia
2812 2127 3023 2182 habeat.

2214 2209 2474 2281 Pauperes
2497 2225 2616 2268 sunt
2638 2214 2883 2271 Christus.
2899 2249 2971 2259 —-
2985 2221 3093 2276 Cur
3119 2232 3296 2292 gestas
3313 2227 3509 2281 sericas
3530 2242 3726 2294 vestes,

2142 2310 2196 2355 et
2221 2317 2388 2372 equos
2422 2303 2586 2360 habes
2608 2309 2787 2362 aureis
2814 2309 2995 2376 frenis,
3043 2314 3318 2385 mulasque
3343 2329 3532 2373 ornatu
3561 2319 3728 2375 decu-

2141 2394 2318 2449 ratas?
2344 2394 2482 2450 Mula
2513 2397 2644 2452 infra
2669 2411 2912 2468 ornatur,
2953 2418 3138 2458 aurum
3168 2406 3223 2460 in
3251 2417 3554 2476 tegumento
3581 2421 3732 2467 lenes

2142 2493 2263 2540 tur:
2294 2489 2546 2555 pecunias
2586 2491 2743 2547 mula:
2791 2495 3014 2550 rationis
3043 2507 3288 2566 expertes
3326 2501 3730 2572 circumferunt,

2139 2595 2259 2650 qua:
2303 2598 2462 2638 aurea
2519 2584 2670 2640 frena
2719 2587 2947 2655 habent;
2997 2591 3156 2645 mula:
3214 2595 3434 2648 rationis
3481 2608 3733 2666 expertes

2141 2686 2422 2740 ornantur,
2452 2687 2506 2731 et
2534 2693 2735 2747 pauper
2767 2679 2910 2736 fame
2933 2681 3207 2740 confectus
3233 2700 3329 2754 pro
3379 2688 3579 2744 foribus
3628 2695 3732 2751 tuis

2140 2767 2309 2830 sedet,
2331 2766 2682 2840 Christusqule
2712 2771 2852 2827 fame
2878 2784 3115 2830 necatur.
3155 2775 3200 2832 0
3239 2791 3502 2833 summam
3548 2799 3731 2837 amens

2143 2859 2268 2912 tiam
2293 2863 2308 2915 ἓ
2331 2862 2461 2929 Qua:
2487 2862 2768 2919 defensio?
2788 2881 2906 2934 qua:
2931 2868 3106 2933 venia,
3127 2870 3338 2938 quando
3358 2870 3604 2928 Christus
3625 2887 3728 2930 stat

2141 2968 2240 3022 pro
2269 2953 2471 3009 foribus
2499 2957 2602 3010 tuis
2634 2956 2815 3012 habitu
2865 2961 3133 3027 pauperis,
3164 2969 3217 3014 tu
3247 2976 3376 3016 vero
3396 2963 3542 3020 nullo
3571 2966 3729 3021 modo

2139 3042 2370 3098 ﬂecteris
2385 3045 2408 3097 ?
2424 3045 2552 3112 Quis
2573 3055 2622 3101 te
2663 3063 2727 3100 ex
2750 3048 3023 3118 suppliciis
3055 3050 3161 3104 illic
3189 3049 3474 3105 inferendis
3497 3056 3688 3123 eripiet
3702 3055 3741 3109 ι.

2139 3135 2290 3198 Dedi,
2315 3137 2542 3206 inquies,
2571 3137 2983 3210 eleemosynam.
3012 3141 3203 3194 Verum
3228 3156 3293 3195 ne
3313 3140 3529 3198 dederis
3557 3146 3728 3200 solum

2139 3240 2394 3298 quantum
2417 3231 2503 3285 ille
2523 3231 2654 3297 vult,
2677 3231 2772 3287 sed
2800 3243 3052 3302 quantum
3077 3243 3244 3302 potes.
3273 3234 3405 3301 Quid
3431 3242 3543 3291 tum
3561 3237 3736 3311 dices,

2139 3334 2338 3388 quaeso,
2393 3336 2513 3376 cum
2567 3323 2825 3392 supplicia
2877 3325 3247 3385 intolerabilia.
3301 3341 3420 3380 cum
3460 3329 3728 3384 cruciatus

2139 3410 2216 3472 illi
2243 3411 2492 3478 aderunt,
2534 3428 2658 3467 eum
2687 3417 2868 3483 minae,
2899 3425 2956 3472 et
2977 3415 3254 3471 terribiles
3274 3421 3590 3484 potestates,
3606 3434 3738 3480 cum.

2140 3498 2342 3558 ﬂuvius
2358 3503 2497 3574 ignis
2517 3518 2645 3559 eum
2670 3504 2905 3573 strepitu
2921 3507 3312 3571 l'ervebit,cum
3344 3510 3573 3564 tribunal
3601 3511 3735 3566 illud.

2143 3595 2398 3660 terribile,
2421 3578 2817 3665 cumjudiciuni
2851 3598 3234 3668 incorruptum,
3263 3615 3385 3654 cum
3423 3612 3616 3657 natura
3638 3602 3734 3665 illa

2139 3700 2258 3754 quae
2287 3687 2546 3755 principio
2575 3698 2742 3754 caret,
2785 3703 2906 3743 cum
2946 3688 3300 3745 humanarum
3329 3706 3507 3746 rerum
3553 3707 3726 3746 cessa-

2141 3776 2234 3841 tio,
2262 3791 2387 3831 cum
2428 3793 2602 3847 neque
2629 3787 2801 3849 pater,
2836 3796 3009 3850 neque
3055 3789 3247 3847 mater,
3286 3797 3463 3852 neque
3488 3784 3720 3847 vicinus,

2140 3881 2312 3937 neque
2360 3885 2488 3935 rex,
2549 3885 2722 3939 neque
2771 3870 2976 3937 viator,
3027 3888 3199 3942 neque
3237 3872 3437 3942 hospes
3467 3882 3515 3928 te
3540 3873 3724 3942 juvare

2141 3969 2409 4029 poterunt,
2452 3961 2547 4016 sed
2595 3962 2755 4017 stabit
2797 3964 2944 4019 solus
2971 3964 3132 4019 homo
3157 3982 3280 4020 eum
3309 3967 3560 4036 operibus
3583 3969 3718 4033 suis,

2139 4067 2363 4121 quorum
2385 4068 2544 4107 causa
2576 4055 2660 4108 vel
2689 4054 3048 4122 damnabitur,
3083 4057 3162 4110 vel
3189 4057 3572 4112 coronabitur?
3591 4058 3724 4124 Quid

2140 4150 2249 4196 tum
2277 4142 2458 4198 dices?
2486 4143 2620 4198 Tum
2651 4149 2914 4199 sermonis
2937 4148 3041 4201 mei
3063 4146 3450 4202 recordaberis.
3478 4147 3582 4203 Sed
3607 4165 3737 4219 qum

2141 4235 2232 4289 tibi
2279 4234 2401 4289 hinc
2445 4236 2678 4290 utilitas?
2707 4237 2857 4291 Nulla
2907 4256 2918 4290 :
2971 4239 3401 4309 quandoquidem
3451 4240 3600 4296 dives
3637 4241 3723 4297 ille

2139 4329 2447 4383 recordatus
2476 4339 2576 4394 est,
2609 4344 2670 4383 ac
2692 4340 2900 4398 tempus.
2922 4331 3247 4400 pmniteutim
3273 4333 3580 4402 qumrebat;
3629 4335 3724 4388 sed

2139 4419 2267 4473 nihil
2292 4419 2414 4474 hinc
2454 4421 2582 4475 lucri
2629 4421 2831 4475 retulit.
2885 4422 3075 4476 Verum
3113 4423 3324 4478 dicebat
3355 4443 3367 4477 :
3395 4423 3537 4477 Mitte
3558 4424 3719 4477 Laza-

2136 4527 2269 4573 rum,
2312 4512 2598 4582 utintingal
2628 4528 2881 4570 summum
2915 4513 3130 4584 digitum
3177 4531 3325 4568 suum
3368 4515 3422 4567 in
3471 4533 3622 4586 aqua,
3676 4529 3720 4571 et

2137 4601 2395 4670 refrigeret
2461 4601 2688 4671 linguam
2751 4619 2948 4669 meam,
3007 4605 3124 4674 quia
3169 4605 3480 4661 tte/tettteuter
3530 4610 3725 4660 crucior

2139 4695 2300 4767 (Luc.
2351 4696 2441 4751 l6.
2497 4696 2628 4766 24).
2690 4696 2888 4752 Verum
2930 4711 3033 4751 non
3081 4698 3227 4752 misit
3279 4699 3558 4763 Lazarum,
3616 4716 3735 4765 non,

2137 4787 2278 4857 quod
2307 4789 2448 4843 stilla
2475 4803 2626 4858 aqua:
2657 4803 2848 4858 magno
2894 4788 3125 4858 paradisi
3168 4787 3300 4843 fonti
3337 4789 3601 4858 jacturam
3640 4791 3721 4843 af-

2138 4880 2303 4938 ferret
2333 4901 2345 4936 :
2370 4882 2465 4937 sed
2487 4882 2627 4952 quod
2654 4881 3012 4953 eleemosyna:
3036 4882 3174 4936 stilla
3198 4883 3341 4938 nullo
3372 4882 3531 4938 modo
3559 4886 3724 4954 possit

2138 4990 2258 5028 cum
2289 4974 2674 5029 inhumanitate
2701 4975 2933 5029 misceri.
2975 4974 3236 5040 Quoniam
3293 4976 3436 5030 enim
3489 4986 3723 5046 tempore

2137 5065 2292 5120 stadii
2318 5049 2656 5137 contemptus
2683 5065 2874 5131 fuerat,
2902 5075 3142 5136 tempore
3163 5081 3379 5125 corona:
3409 5069 3553 5121 nulla
3599 5083 3722 5122 eum

2136 5161 2498 5216 consolatione
2523 5161 2773 5232 dignatus
2803 5169 2906 5216 est.

2209 5253 2260 5305 7.
2297 5251 2571 5306 Abraltami
2605 5253 2829 5306 studium
2850 5251 3204 5321 hospitalitatis
3235 5269 3577 5322 magnum.-—-
3598 5253 3722 5308 [Lee

2137 5347 2277 5413 dico,
2308 5357 2361 5400 ut
2386 5363 2559 5418 neque
2581 5362 2783 5416 pauper
2795 5346 2865 5401 ob
2879 5353 3240 5414 paupertatem
3272 5347 3610 5417 lacrymetur,
3630 5362 3724 5399 ne-

2137 5455 2241 5509 que
2269 5439 2418 5493 dives
2453 5438 2679 5508 gaudeat
2697 5436 2767 5490 ob
2786 5435 3015 5490 divitias.
3048 5434 3344 5504 Opulcntus
3368 5436 3470 5490 es?
3497 5436 3724 5490 Pereant

2137 5532 2334 5585 divitia:
2353 5573 2368 5596 ,
2422 5530 2522 5585 nisi
2548 5538 2902 5599 corgrucntes
2922 5527 3132 5581 divitias
3154 5528 3205 5579 itt
3231 5527 3466 5581 medium
3505 5527 3718 5582 aﬂ‘eras.

2138 5623 2378 5690 Festina,
2409 5633 2454 5676 et
2494 5623 2758 5678 commisce
2805 5631 2905 5674 tres
2957 5634 3219 5673 mensuras
3270 5618 3471 5672 similis.
3517 5619 3730 5673 Deinde.

2137 5719 2370 5774 cucurrit
2391 5720 2502 5788 ipse
2521 5716 2585 5772 ad
2607 5715 2790 5782 boves,
2806 5724 2860 5770 et
2875 5713 3124 5769 mactavit
3140 5712 3385 5766 vitulum.
3407 5712 3602 5766 Cursor
3623 5712 3725 5766 fuit

2141 5829 2301 5869 senex
2327 5831 2342 5881 ;
2369 5829 2541 5879 neque
2569 5814 2708 5868 enim
2742 5813 2841 5884 ipsi
2862 5811 3036 5867 carnis
3059 5811 3207 5880 vigor
3233 5810 3438 5865 solutus
3460 5815 3592 5874 erat,
3624 5804 3726 5860 sed
