4084 6346
431 354 539 411 509
1096 356 1153 413 S.
1193 357 1481 416 JOANNIS
1515 357 2006 417 CHRYSOSTOMI
2044 357 2365 418 ARCHIEP.
2411 361 2957 421 CONSTANTINOP.
3573 353 3678 410 550

424 468 570 532 νίον,
604 468 741 538 μήτε
765 468 794 520 6
821 467 1075 532 πλούσιος
1103 470 1269 543 χαίρῃ
1300 471 1389 525 διά
1423 472 1516 526 τὸν
1548 472 1796 526 πλοῦτον.
1821 470 1997 525 Εὐποο

427 565 517 619 ρος
546 544 630 616 sl;
669 549 942 604 Ἀπώλετο
962 554 991 604 ό
1013 551 1261 617 πλοῦτος,
1294 555 1390 608 ἐὰν
1425 557 1499 625 μὴ
1526 555 1606 617 εἰς
1637 554 1800 625 μέσον
1828 554 2002 624 φέρῃς

423 632 514 684 τὸν
551 633 896 703 προσήκοντα
935 634 1182 689 πλοῦτον.
1241 637 1538 701 Σπεῦσον,
1589 638 1686 689 καὶ
1724 638 2002 705 φύρασον

422 716 554 782 τρία
567 714 755 786 μέτρα
771 717 1159 787 σεμιδάλεως.
1185 715 1321 775 Εἶτα
1347 720 1581 791 ἔδραμεν
1608 719 1770 783 αὐτὸς
1802 723 1879 784 εἰς
1901 720 2000 783 τάς

426 798 577 870 βόας,
618 801 712 853 καὶ
739 798 897 854 ἔθυσε
938 801 1156 872 μόσχον.
1189 805 1433 875 Δρομεὺς
1478 804 1692 872 ἐγένετο
1728 805 1756 856 ὁ
1784 803 1962 874 γέρων
1983 817 1997 831 ·

423 883 486 937 οὐ
542 882 653 955 γὰρ
708 884 999 954 ἐχαυνοῦτο
1030 885 1179 958 αὐτῷ
1235 888 1335 957 τῆς
1369 888 1567 958 σαρκὸς
1592 890 1621 941 ὁ
1651 887 1824 951 τόνος,
1884 884 2000 938 ἀλλ’

425 967 765 1040 ἐπενεύρωτο
799 981 824 1010 ι
850 969 949 1038 τῆς
973 969 1291 1040 φιλοσοφίας
1316 973 1351 1042 ή
1388 970 1596 1025 διάνοια
1620 988 1635 1003 ·
1666 971 1882 1040 ἐνίκησε
1903 967 2000 1039 τὴν

426 1050 585 1119 φύσιν
611 1052 646 1121 ἡ
682 1051 979 1122 προθυμία.
1031 1053 1088 1105 '0
1117 1052 1379 1123 δεσπότης
1400 1053 1724 1125 τριακοσίων
1755 1053 1885 1107 δέκα
1906 1053 2001 1106 καὶ

423 1131 569 1186 ὀκτὼ
619 1134 864 1198 οἰκετῶν,
920 1135 1118 1206 μόσχον
1160 1135 1463 1205 βαστάζων,
1504 1137 1566 1189 οὐ
1601 1134 2002 1204 κατεϐαρύνετο

426 1216 503 1287 τῷ
532 1216 707 1287 ἄχθει,
746 1217 862 1271 ἀλλ’
884 1216 1199 1288 ἐκουφίζετο
1230 1217 1328 1290 τὴν
1347 1218 1586 1273 διάνοιαν
1607 1221 1671 1290 τῇ
1699 1217 1997 1290 προθυμίᾳ.

437 1299 498 1353 '0
521 1299 720 1372 δρόμος
772 1300 851 1370 τῷ
882 1301 1097 1373 γέροντι
1149 1301 1527 1372 προκείμενος,
1568 1304 1662 1355 καὶ
1730 1303 2001 1372 ὑπηρεσία

426 1382 616 1455 πολλὴ,
651 1384 745 1438 ³ιαί¹
776 1386 843 1455 τῇ
881 1385 1106 1454 γυκαικί
1140 1385 1301 1449 πόνος
1339 1386 1432 1439 καὶ
1477 1385 1738 1456 κάματος.
1776 1387 1849 1440 Οὐ
1893 1385 2002 1457 γὰρ

429 1464 592 1534 μόνον
632 1465 912 1539 φιλοτιμία
957 1468 1274 1539 χρημάτων,
1310 1470 1404 1522 καὶ
1427 1469 1671 1540 δαψιλείᾳ
1699 1469 2000 1540 τραπέζης,

429 1547 579 1620 [515]
608 1549 744 1603 ἀλλά
780 1551 874 1605 καὶ
917 1551 1161 1623 διακονίᾳ
1211 1554 1306 1606 καὶ
1340 1552 1615 1625 ὑπηρεσίᾳ
1675 1552 1844 1624 πολλῇ
1875 1553 2002 1618 τούς

425 1629 611 1695 ξένους
632 1631 1002 1701 ἐδεξιώσαντο,
1027 1634 1089 1687 οὐ
1114 1635 1180 1688 δι’
1202 1634 1446 1699 οἰκετῶν,
1480 1635 1615 1689 ἀλλά
1641 1635 1730 1690 διὰ
1760 1636 1870 1689 τῶν
1890 1652 2003 1706 χει-

427 1712 539 1783 ρῶν
575 1714 670 1768 καὶ
695 1715 803 1769 τῶν
831 1715 1008 1786 μελῶν
1034 1717 1142 1771 τῶν
1167 1718 1376 1772 ἑαυτῶν
1412 1717 1827 1790 ὑπηρετοῦντες.
1868 1714 2001 1771 Εἶτα

425 1798 780 1869 παρειστήκει
806 1800 838 1871 ή
877 1800 1012 1871 γυνὴ
1033 1800 1367 1875 θεραπαίνης
1388 1802 1626 1873 λαϐοῦσα
1662 1801 1867 1872 σχῆμα,
1907 1804 2002 1855 καὶ

424 1881 473 1933 οἰ
507 1880 646 1946 ξένοι
698 1881 993 1949 ἀνέκειντο,
1046 1886 1095 1937 οἰ
1145 1885 1417 1954 ἀγνῶτεςο
1469 1886 1531 1939 οὐ
1571 1886 1680 1955 γὰρ
1720 1885 2000 1954 παύσομαι

422 1961 581 2015 τοῦτο
636 1963 829 2032 λέγων.
879 1966 1152 2037 Ἐνόμιζον
1205 1967 1312 2039 γὰρ
1353 1968 1550 2033 αὐτοὺς
1596 1969 1834 2039 πένητας
1862 1963 1999 2023 εἷναί

422 2061 613 2109 τινας·
651 2047 765 2100 ἀλλ’
803 2048 866 2101 οὐ
917 2052 1204 2121 προσεῖχον
1254 2052 1446 2123 τούτῳ,
1503 2053 1618 2108 ἀλλ’
1678 2054 1760 2108 ὅτι
1818 2053 2001 2118 ξένους

426 2129 769 2201 ὑπεδέχοντο.
815 2133 926 2186 Kal
962 2137 1422 2207 παρειστήκεισαν
1480 2138 1780 2211 ἀμφότεροι
1828 2141 1887 2192 ἐν
1922 2137 2001 2209 τῷ

424 2213 601 2285 καιρῷ
638 2214 848 2287 ἐκείνῳ,
878 2216 970 2270 τὸν
1004 2217 1196 2289 βότρυν
1220 2220 1320 2289 τῆς
1352 2221 1655 2290 φιλοξενίας
1693 2223 1999 2294 τρυγῶντες

422 2299 492 2376 τῇ
521 2295 734 2371 γνώμῃ,
781 2301 849 2370 τῇ
881 2300 1185 2373 φιλοσοφίᾳ,
1220 2305 1286 2373 τῇ
1325 2302 1588 2374 διακονίᾳ,
1629 2308 1695 2375 τῇ
1739 2305 1994 2376 ὑποδοχῇ,

422 2374 503 2450 τῷ
525 2380 693 2452 πόνῳ,
722 2384 789 2453 τῇ
830 2383 1120 2456 ὑπηρεσίᾳ,
1155 2388 1220 2457 τῇ
1241 2385 1455 2461 ἀγάπῃ,
1495 2390 1562 2459 τῇ
1594 2374 1993 2460 οἰκονομίᾳξτῇ

421 2464 702 2536 ἀκριϐείᾳ,
728 2466 806 2538 τῷ
840 2467 1004 2537 μηδὲν
1030 2470 1381 2540 παραλιπεῖν.
1428 2472 1539 2525 Kal
1569 2473 1810 2543 εἱστήκει
1847 2471 1997 2543 παρά

422 2546 485 2600 τὸ
515 2546 787 2620 δένδρονή
819 2550 979 2621 γυνὴ.
1013 2552 1133 2605 ἀντὶ
1159 2551 1401 2625 θαλάμου
1434 2555 1514 2626 τῷ
1545 2554 1745 2626 δένδρῳ
1788 2571 1998 2625 χρησα-

428 2630 585 2702 μένη,
609 2632 702 2685 καὶ
728 2634 827 2705 τὴν
860 2634 1019 2688 σκιάν
1045 2635 1152 2688 τῶν
1178 2637 1391 2706 φύλλων
1412 2636 1609 2708 ἔχουσα
1652 2638 1873 2708 στέγην,
1905 2638 2000 2691 καὶ

422 2715 525 2767 οὐκ
561 2715 824 2786 ᾐσχύνετο
857 2717 1292 2789 δημοσιεύεσθαι.
1328 2722 1582 2791 Είστήκει
1616 2721 1727 2795 γάρ
1772 2722 1872 2792 τὴν
1916 2723 1998 2774 οἰ·

422 2797 577 2851 κείαν
615 2800 950 2869 κοσμιότητα
983 2800 1424 2872 ἐπιδεικνυμένη,
1473 2804 1567 2856 καί⁸
1608 2805 1706 2874 τῆς
1725 2804 2000 2868 διακονίας

421 2878 514 2932 τὸν
538 2882 749 2952 καρπὸν
772 2883 1048 2954 τρυγῶσα.
1079 2885 1143 2937 Τί
1166 2881 1263 2939 οὖν
1289 2888 1318 2939 6
1344 2887 1811 2958 παραγενόμενος;
1840 2889 2001 2943 Κατὰ

421 2962 533 3017 τὸν
556 2964 768 3033 καιρὸν
781 2966 997 3020 τοῦτον
1023 2968 1367 3038 ἐλεύσομαι,
1390 2970 1487 3023 καί
1507 2970 1680 3025 ἔσται
1702 2968 1778 3039 τῇ
1802 2970 2001 3038 Σάρῤςι

421 3045 573 3109 υἱός.
601 3041 727 3101 Οἷον
744 3048 952 3119 καρπὸν
992 3049 1323 3122 ἐϐλάστησεν
1357 3053 1390 3122 ἡ
1431 3052 1712 3123 τράπεζαί
1755 3051 1874 3116 πῶς
1902 3069 1999 3105 κα-

423 3123 547 3180 λόνί
579 3129 698 3193 πῶς
723 3131 918 3201 ταχύνί
956 3132 1072 3196 πῶς
1098 3132 1334 3204 ὥριμονί
1371 3133 1489 3198 πῶς
1518 3137 1548 3188 6
1570 3134 1765 3206 βότρυς
1792 3135 2001 3205 περκά-

423 3208 532 3275 ζων
552 3212 647 3266 καὶ
675 3215 1110 3285 ἀπηρτισμένοςί
1136 3217 1246 3269 Καὶ
1278 3218 1386 3287 γὰρ
1410 3217 1470 3270 τὸ
1501 3218 1651 3289 ῥῆμα
1681 3219 1856 3271 ἐκεῖνο
1887 3220 2001 3272 εἰσ-

421 3290 585 3361 ῆλθεν
613 3296 694 3359 εἰς
730 3298 827 3366 τήν
851 3299 1080 3367 μήτραν,
1115 3299 1208 3352 καὶ
1235 3298 1634 3371 ἐδημιούργησε
1675 3300 1734 3352 τὸ
1766 3300 1996 3356 παιδίον.

423 3374 668 3430 Τοιοῦτοι
698 3378 797 3448 τῆς
825 3379 1125 3448 φιλοξενίας
1149 3382 1197 3433 οἱ
1226 3382 1451 3452 καρποί.
1497 3383 1737 3453 Πρόσεχε
1763 3383 1791 3436 ὃ
1821 3384 2001 3453 μέλλω

421 3454 621 3525 λέγειν.
662 3459 815 3514 Μετά
837 3461 1013 3516 ταῦτα
1033 3462 1110 3528 δὲ,
1144 3463 1207 3516 τὸ
1233 3464 1445 3517 παιδίον
1470 3464 1657 3536 ἐπειδὴ
1682 3465 1913 3537 ηὐξήθη,
1938 3467 2000 3520 τὸ

421 3539 532 3593 ἀπὸ
564 3542 665 3611 τῆς
695 3542 974 3614 τραπέζης
1003 3544 1213 3616 τεχθὲν,
1243 3546 1429 3617 ἐπειδὴ
1458 3546 1597 3618 ἀνὴρ
1621 3548 1877 3616 ἐγένετοὸ
1897 3548 2000 3619 τῆς

423 3622 728 3692 φιλοξενίας
773 3628 985 3698 καρπὸς
1022 3629 1119 3699 (οὐ
1178 3628 1285 3697 γάρ
1313 3627 1485 3692 οὕτως
1530 3629 1692 3683 αὐτὸν
1740 3632 1774 3701 ή
1816 3632 1999 3702 μήτρα

421 3707 712 3779 ἐγέννησεν
742 3710 945 3780 ἐκείνη,
982 3713 1058 3775 ὡς
1091 3711 1379 3783 ἐγέννησεν
1428 3714 1462 3783 ἠ
1491 3712 1754 3784 τράπεζα,
1787 3714 1894 3785 πρὸ
1941 3715 1998 3768 δὲ

421 3789 640 3844 πάντων
663 3790 725 3844 τὸ
750 3794 899 3863 ῥῆμα
925 3795 1019 3846 τυῦ
1056 3792 1242 3865 Θεοῦ),
1272 3794 1456 3865 ἐπειδὴ
1491 3796 1698 3867 ηὐξήθη
1730 3798 1823 3850 καὶ
1858 3797 1997 3868 ἀνὴρ

421 3873 661 3940 ἐγένετο,
712 3877 805 3927 καὶ
855 3875 974 3946 ὥρα
1014 3876 1193 3946 γάμου
1242 3876 1427 3930 λοιπὸν
1457 3873 1524 3950 ἦν
1572 3878 1846 3952 (πρόσεχε
1879 3883 1995 3952 μετ’

419 3956 706 4029 ἀκριϐείας
733 3957 761 4010 δ
789 3958 968 4031 λέγω)
994 4000 1007 4022 ,
1034 3959 1226 4029 ἔμελλε
1257 3960 1442 4015 λοιπὸν
1477 3961 1734 4034 τελευτᾷν
1766 3966 1795 4017 6
1819 3965 1996 4034 γέρων

420 4041 450 4092 ό
475 4039 742 4113 μακάριος
774 4042 1024 4114 ’Δϐραάμ
1041 4044 1268 4110 ἐκεῖνος,
1284 4046 1314 4098 6
1338 4045 1681 4116 πατριάρχης
1700 4063 1715 4076 ο
1747 4047 1996 4117 παρῴκει

420 4120 477 4175 δὲ
504 4123 718 4191 γυναιξὶ
745 4124 1167 4197 διεφθαρμέναις
1192 4127 1286 4180 καὶ
1311 4127 1453 4181 ἔθνει
1482 4130 1834 4199 πονηροτάτῳ
1853 4169 1869 4195 ,
1900 4148 1998 4185 κα·

422 4204 586 4271 λέσας
614 4205 707 4261 τὸν
756 4208 972 4280 οἰκέτην
1004 4208 1095 4261 τὸν
1139 4210 1358 4276 ἐαυτοῦ,
1394 4212 1580 4283 φησίν·
1607 4206 1735 4266 Ὧδε
1766 4214 1998 4285 πονηραί

421 4291 560 4343 εἰσιν
614 4291 669 4343 αἰ
723 4293 979 4359 γυναῖκες
1005 4292 1113 4344 τῶν
1138 4293 1476 4347 Χαναναίων.
1526 4295 1591 4346 Τί
1643 4291 1736 4349 οὖν
1785 4294 1996 4364 θέλεις;

424 4372 660 4426 ’Δπελθε
713 4375 792 4436 εἰς
838 4372 937 4446 τὴν
963 4375 1086 4445 γῆν,
1113 4375 1234 4429 ὃθεν
1262 4376 1486 4448 ἐτέχθην
1513 4377 1642 4446 ἐγὼ,
1689 4378 1782 4432 καὶ
1826 4380 1999 4448 ἄγαγε

420 4460 654 4526 γυναῖκα
680 4458 886 4513 ἐκεῖθεν
918 4459 997 4530 τῷ
1030 4458 1130 4529 υἰῴ
1160 4476 1281 4530 μου.
1314 4460 1492 4514 Καινά
1534 4461 1629 4515 καὶ
1652 4462 1927 4533 παράδοξα
1973 4462 1997 4502 δ

422 4541 743 4613 πράγματα.
784 4543 927 4596 Ἵστε
960 4545 1139 4614 ὑμεῖς,
1169 4544 1261 4598 καὶ
1289 4544 1494 4616 σφόδρα
1522 4545 1843 4599 ἐπίστασθε·
1871 4547 1998 4602 ὅταν

423 4623 524 4696 μὲν
543 4624 652 4695 γὰρ
677 4629 905 4693 γυναῖκα
940 4621 1195 4697 βούληταί
1218 4644 1302 4690 τις
1333 4629 1559 4697 ἀγαγεῖν
1591 4627 1666 4699 τῷ
1703 4626 1822 4697 υἰῷ,
1852 4628 1946 4682 καὶ
1969 4630 1999 4682 6

420 4706 604 4779 πατὴρ
634 4707 940 4777 διαλέγεται
991 4709 1083 4762 καὶ
1128 4710 1161 4780 ὴ
1219 4710 1424 4781 μήτηρ,
1464 4712 1558 4764 καὶ
1606 4712 1687 4774 εἰς
1714 4712 1999 4783 ἀλλοτρίας

418 4790 595 4853 οἰκίας
651 4791 1062 4862 παραγίνονται,
1095 4792 1188 4845 καὶ
1237 4793 1425 4846 τοῦτον
1470 4794 1848 4857 κολακεύουσι,
1903 4795 1999 4848 καὶ

420 4878 627 4929 ἐκεῖνον
656 4875 1037 4946 θεραπεύουσι,
1072 4877 1166 4930 καὶ
1205 4879 1609 4949 προμνήστριαι
1644 4878 1865 4945 πολλαὶ,
1902 4881 1998 4934 καὶ

420 4976 484 5013 νυ
491 4958 780 5029 μφαγωγοὶ
808 4959 1047 5027 γίνονται
1077 4959 1280 5025 πολλοὶ,
1308 4962 1404 5013 καὶ
1440 4961 1738 5032 χρημάτων
1768 4963 1998 5033 ὑποσχέ-

422 5058 555 5105 σεις,
584 5041 680 5095 καὶ
710 5042 861 5096 πᾶσα
915 5041 1119 5113 σπουδὴ
1166 5042 1244 5113 τῷ
1275 5043 1445 5113 πατρὶ
1476 5045 1572 5097 καὶ
1626 5047 1693 5115 τῇ
1736 5045 1904 5114 μητρὶ
1929 5045 1996 5098 δι’

420 5123 628 5178 ἑαυτῶν
665 5123 1027 5196 διαλεχθῆναι,
1059 5125 1153 5178 καὶ
1179 5125 1279 5178 οὐκ
1316 5125 1690 5194 αἰσχύνονται,
1724 5127 1844 5180 οὐδὲ
1871 5128 1996 5200 ἐρυ-

418 5207 665 5278 θριῶσιν,
710 5208 834 5261 οὐδὲ
873 5209 1248 5263 ἐπιτάττουσιν
1289 5210 1525 5272 οἰκέταις
1549 5226 1562 5239 ο
1627 5211 1751 5263 ὅταν
1782 5212 1839 5265 δὲ
1867 5212 1994 5284 ἔλθη

419 5291 572 5358 ξένος
585 5294 846 5358 ,Ἃπελθε
866 5295 951 5357 σὺ,
966 5295 1260 5363 κατένεγκε
1278 5295 1439 5349 αὐτὸν
1453 5296 1626 5360 κάτω,
1644 5297 1790 5364 δέξαι
1812 5299 1992 5352 αὐτόν.

427 5377 488 5430 '0
523 5379 774 5451 Ἀϐραὰμ
825 5380 883 5434 δέ
910 5380 1281 5451 ἀντιστρόφως
1304 5397 1319 5412 ο
1352 5381 1443 5434 ὅτε
1489 5381 1588 5451 μὲν
1628 5380 1734 5435 ἔδει
1772 5382 1996 5453 ποιῆσαι

476 5492 505 5522 ⁸
531 5492 682 5543 Savil.
733 5496 932 5554 coniicit
980 5493 1305 5558 ἐπενευροῦτο,
1359 5495 1437 5544 vel
1490 5496 1850 5561 ἐπενενεύρωτο,
1907 5500 1997 5549 sed

414 5563 590 5602 omnes
604 5554 791 5604 habent
808 5556 1113 5605 ἐπενεύοωτο.

478 5613 506 5682 13
528 5615 610 5682 §_ic
633 5616 867 5682 dpqmss.
890 5618 947 5682 _ln
969 5613 1141 5667 Morel.
1161 5618 1242 5666 καὶ
1264 5618 1509 5682 παράδοξα
1528 5621 1689 5670 deest.

479 5677 503 5742 ξ
531 5676 702 5742 Mprel,
722 5680 1045 5742 ὑποφαίνεται.

413 5735 922 5864 τῷἀοῗέἐξῃρύτως,
942 5740 1065 5791 ἀλλὰ
1086 5740 1167 5791 τὸν
1191 5741 1274 5804 μὲν
1300 5741 1424 5798 ξένον
1445 5743 1608 5807 αὐτὸν,
1639 5743 1718 5793 τὸν
1744 5745 1821 5795 διὰ
1844 5745 1995 5809 γάμον

2102 474 2334 547 πρᾶγμα
2365 476 2566 547 ὑψηλὸν
2594 477 2689 530 καὶ
2722 476 3033 545 φιλόσοφον,
3062 471 3128 525 δι’
3152 467 3343 523 ἑαυτοῦ
3378 467 3551 520 ποιεῖ·
3579 464 3678 534 τὴν

2100 556 2400 625 φιλοξενίαν
2432 561 2534 612 οὐκ
2589 559 2886 630 ἐπέτρεψεν
2943 555 3150 626 οἰκέτῃ.
3202 551 3338 607 ἀλλὰ
3362 552 3430 621 τῇ
3461 549 3679 619 γυναικὶ

2101 641 2196 693 καὶ
2210 642 2406 712 ἐαυτῷ·
2423 644 2513 696 ὅτε
2530 641 2586 694 δὲ
2613 643 2750 712 γυνὴ
2771 643 2864 694 καὶ
2882 640 3058 710 γάμος
3079 636 3332 706 ὑφαίνετο
3348 645 3397 700 ε,
3421 630 3675 694 ’Δπελθεο

2100 722 2248 792 λέγει
2279 725 2356 795 τῷ
2381 726 2588 794 οἰκέτῃ.
2631 721 2757 779 Ὧδε
2782 725 2843 778 τὸ
2864 723 3104 776 ἐναντίον
3136 718 3375 774 ποιοῦσιν
3399 718 3454 770 αἰ
3486 720 3677 785 γυναῖ-

2100 825 2214 871 κες.
2253 809 2377 863 Ἐὰν
2403 811 2502 880 μὲν
2534 810 2729 864 θέλωσι
2758 807 3038 881 χρυσοχόῳ
3068 803 3432 875 διαλεχθῆναι,
3464 802 3565 855 οὐκ
3590 802 3678 855 αἰ-

2103 891 2408 962 σχύνονται,
2437 893 2550 947 ἀλλ’
2572 892 2882 964 ἐξέρχονται
2912 890 3071 943 αὐταὶ
3090 889 3154 942 δι’
3184 885 3415 949 ἑαυτῶν,
3447 884 3540 939 καὶ
3570 900 3679 938 πα·-

2105 975 2511 1043 ρακαθέζονται,
2547 977 2633 1030 ἵνα
2665 975 2738 1047 μὴ
2761 978 2788 1029 6
2818 975 3015 1047 χρυσὸς
3043 972 3222 1043 κλαπῇ
3244 1009 3260 1034 ,
3291 969 3385 1023 καὶ
3420 970 3453 1041 ἡ
3491 969 3679 1022 ἐπιθυ-

2105 1059 2204 1130 μία
2227 1060 2334 1113 τῶν
2354 1060 2651 1132 χρημάτων
2680 1059 2828 1131 [516]
2862 1060 3086 1129 ἀφίησιν
3121 1054 3293 1119 αὐτὰς
3337 1054 3679 1125 καταφρονῆ-

2104 1161 2192 1196 σαι
2225 1144 2326 1213 τῆς
2345 1144 2757 1215 εὐσχημοσύνης
2802 1144 2893 1196 καὶ
2935 1143 3035 1212 τῆς
3068 1139 3414 1209 σεμνότητος.
3485 1136 3622 1189 Ἀλλ’
3653 1139 3683 1191 6

2114 1226 2363 1300 ’Ᾱϐραάμ
2396 1228 2493 1298 οὐχ
2531 1227 2723 1290 οὕτως,
2750 1226 2866 1279 ἀλλ’
2899 1225 2988 1279 ὅτε
3023 1223 3207 1288 ξένους
3261 1220 3451 1291 ἤθελεν
3484 1219 3680 1274 ὑποδέ-

2101 1311 2311 1379 χεσθαι,
2341 1310 2408 1363 δι’
2431 1310 2622 1365 ἐαυτοῦ
2650 1310 2746 1363 καὶ
2770 1309 2869 1380 τῆς
2888 1305 3143 1378 γυναικὸς
3173 1303 3339 1358 αὐτοῦ
3358 1318 3375 1335 ⁸
3398 1303 3486 1356 ὅτε
3508 1301 3566 1355 δέ
3588 1302 3681 1356 τὸν

2101 1390 2318 1461 γάμον,
2366 1392 2455 1447 διὰ
2505 1391 2600 1446 τοῦ
2651 1391 2883 1445 οἰκέτου.
2923 1389 2990 1443 Τί
3040 1388 3069 1429 ἀ
3116 1381 3213 1442 οὖν
3272 1385 3548 1457 μέμνησαι
3584 1383 3679 1437 τοῦ

2114 1474 2396 1546 Ἀϐραάμ;
2428 1475 2550 1530 Ὀτι
2582 1474 2835 1539 πλούσιος
2859 1469 2947 1545 ἦν.
2976 1473 3159 1527 Ταῦτα
3183 1470 3280 1525 καὶ
3306 1470 3372 1523 σὺ
3397 1467 3683 1527 ἐννόειτοῦ

2114 1556 2386 1629 Ἁϐραάμ,
2413 1558 2508 1612 καὶ
2537 1558 2791 1612 οὐδέποτε
2829 1557 3263 1627 καταφρονήσεις
3307 1552 3472 1614 τινός.
3522 1549 3686 1603 Ἀλλά

2101 1640 2266 1695 πόθεν
2288 1639 2480 1712 ἐξέϐην
2508 1641 2681 1695 ταῦτα
2704 1641 2880 1695 εἰπεῖν
2906 1658 2921 1707 ;
2946 1638 3052 1693 Τὸν
3078 1638 3362 1709 προφήτην
3390 1632 3570 1688 λαϐὼν
3585 1633 3689 1687 καὶ

2099 1724 2200 1795 τὴν
2226 1723 2526 1796 βακτηρίαν
2550 1724 2785 1796 ἐκείνην,
2806 1724 2904 1790 Μὴ
2941 1721 3150 1792 φοϐοῦ,
3191 1721 3338 1774 ὅταν
3360 1716 3680 1785 πλουτήσῃ

2100 1807 2431 1876 ἄνθρωπος.
2497 1808 2733 1872 Ἐκεῖνος
2788 1806 2897 1878 γὰρ
2941 1807 2970 1859 6
3030 1804 3211 1874 στίχος
3244 1804 3458 1857 ᾶπαντα
3510 1798 3682 1855 ταῦτα

2101 1891 2274 1946 ἔτεκε.
2301 1893 2411 1945 Kal
2429 1893 2538 1946 ίδού
2563 1890 2835 1963 θησαυρὸν
2856 1891 3167 1962 εὑρήκαμεν
3190 1883 3393 1958 χρυσοῦ
3420 1885 3678 1954 γέμοντα.

2099 1973 2197 2042 Μὴ
2221 1975 2428 2044 φοϐοῦ.
2461 1974 2608 2029 ὅταν
2657 1972 2977 2042 πλουτήοῃ
3030 1971 3357 2039 ἄνθρωπος.
3413 1967 3558 2022 Λάϐε
3582 1966 3683 2037 τὴν

2103 2056 2404 2130 βακτηρίαν
2425 2058 2651 2129 ταύτην,
2676 2056 2777 2128 τὴν
2804 2054 3109 2128 δυναμένην
3136 2053 3588 2125 ὑποτρομήσαντα
3612 2049 3687 2108 τὰ

2103 2140 2329 2212 σώματα
2364 2141 2670 2213 ἀνορθῶσαι
2709 2152 2754 2195 θ.
2785 2140 2920 2194 Οὐδὲ
2945 2138 3053 2210 γάρ
3082 2138 3223 2191 οὕτω
3253 2135 3523 2206 βακτηρία
3546 2134 3682 2188 ὑπό-

2099 2241 2278 2296 τρομα
2300 2225 2428 2278 ὄντα
2458 2226 2528 2278 τὰ
2551 2225 2779 2296 σώματα
2812 2223 2920 2277 τῶν
2947 2221 3193 2275 παλαιῶν
3232 2219 3328 2272 καὶ
3373 2218 3683 2290 γεγηρακό-

2099 2327 2208 2363 των
2233 2308 2494 2380 ἀνορθοῦν
2517 2308 2779 2377 πέφυκεν,
2811 2305 2888 2369 ὡς
2917 2306 2945 2358 6
2978 2305 3160 2373 στίχος
3197 2297 3351 2365 οὗτος
3405 2301 3512 2353 τῶν
3544 2302 3689 2354 νέωνι

2100 2392 2194 2446 καὶ
2224 2391 2611 2461 γεγηρακότων
2631 2392 2689 2444 ἐν
2718 2391 2787 2461 τῇ
2814 2388 3083 2459 ἐπιθυμίᾳ
3122 2386 3217 2441 καὶ
3242 2386 3347 2439 ὑπὸ
3375 2384 3478 2455 τῆς
3501 2384 3682 2454 ἀμαρ-

2099 2477 2220 2539 τίας
2239 2474 2711 2545 πολιορκουμένων
2749 2472 3058 2543 ὑπότρομον
3087 2466 3252 2525 οὖσαν
3295 2469 3395 2539 τὴν
3441 2468 3680 2523 διάνοιαν

2100 2558 2325 2629 ἐγείρει.
2351 2556 2450 2626 Μὴ
2482 2556 2690 2627 φοϐοῦ,
2714 2555 2861 2609 ὅταν
2889 2553 3211 2622 πλουτήσῃ
3250 2552 3579 2621 ἄνθρωπος.
3612 2551 3685 2604 Τί

2098 2642 2342 2704 δέδοικας
2363 2640 2459 2695 ἀνθ
2469 2656 2668 2712 ρωπον,
2694 2637 2796 2691 οὐκ
2817 2637 2946 2690 ὄντα
2974 2636 3279 2708 ἄνθρωπον,
3315 2634 3451 2688 ἀλλά
3474 2633 3634 2687 λύκον
3659 2649 3688 2699 ί

2101 2726 2167 2778 Τί
2220 2725 2460 2787 δέδοικας
2514 2721 2800 2793 ἄνθρωπον
2854 2719 3213 2790 ἀσεϐημάτων
3269 2719 3529 2789 γέμοντα,
3587 2717 3681 2770 καὶ

2101 2807 2285 2880 χρυσῷ
2313 2805 2801 2878 πολιορκούμενον;
2839 2802 2914 2857 Τί·
2954 2803 3197 2865 δέδοικας
3238 2800 3523 2872 ἄνθρωπον
3571 2800 3678 2854 ἀπὺ

2100 2891 2200 2961 τῆς
2233 2888 2530 2951 ἀδικίαςτά
2552 2886 2748 2942 ἑαυτοῦ
2771 2885 3170 2958 προδεδωκότα,
3195 2883 3397 2938 καὶτὸν
3422 2882 3679 2954 πολέμιον

2101 2975 2311 3029 ἔνδοθεν
2345 2972 2603 3037 πολλάκις
2655 2972 2880 3043 ἔχοντα;
2924 2968 3064 3023 Ἀλλ’
3113 2967 3431 3038 άπεφήνατό
3476 2966 3497 3004 ί
3531 2982 3620 3037 μοι
3648 2968 3681 3020 6

2102 3059 2387 3130 προφήτης
2417 3056 2589 3126 λέγων
2613 3071 2628 3085 ·
2658 3053 2753 3121 Μὴ
2783 3051 2993 3122 φοϐοῦ,
3027 3050 3175 3105 ὅταν
3212 3049 3532 3118 πλουτήσῃ
3575 3049 3679 3103 ἇν-

2102 3144 2349 3209 θρωπος.
2389 3137 2525 3194 Εἰπέ
2559 3155 2650 3208 μοι
2677 3136 2863 3190 λοιπὸν
2882 3135 2975 3188 καὶ
3004 3133 3095 3187 τὸν
3136 3133 3356 3204 τρόπον,
3390 3132 3457 3186 δι’
3489 3132 3549 3186 ὃν
3579 3132 3681 3185 οὐκ

2099 3223 2298 3292 ὀφείλω
2326 3220 2606 3293 φοϐεῖσθαι
2628 3220 2720 3273 τὸν
2759 3218 3033 3272 πλούσιον.
3082 3218 3159 3271 ’Ἡ
3196 3216 3332 3271 ὅταν
3360 3213 3683 3289 πληθυῖ-θῇ,

2098 3307 2138 3374 ἡ
2161 3306 2311 3371 δόξα
2337 3305 2444 3359 τοῦ
2470 3304 2641 3359 οἴκου
2669 3301 2878 3356 αὐτοῦ.

2168 3399 2240 3463 η’.
2260 3393 2323 3445 Ὢ
2340 3390 2584 3460 εὐγένεια
2604 3387 2798 3454 λέξεως
2816 3388 2829 3440 ἰ
2854 3384 2971 3448 πῶς
2987 3385 3046 3438 ἐν
3060 3385 3307 3457 διηγήσει
3323 3385 3415 3438 καί⁵
3429 3382 3675 3438 διδασκα-

2099 3474 2189 3547 λίᾳ
2214 3472 2525 3545 φιλοσοφίαν
2549 3473 2828 3542 εἰσήγαγε·
2849 3468 2946 3538 Μὴ
2963 3468 3334 3538 φοϐοῦ,ὅταν
3357 3465 3681 3534 πλουτήσῃ

2099 3558 2429 3628 ἄνθρωπος,
2458 3557 2497 3625 ἢ
2553 3556 2700 3609 ὅταν
2746 3552 3067 3623 πληθυνθῇ
3114 3553 3154 3621 ἡ
3197 3550 3345 3614 δόξα
3369 3549 3476 3605 τοῦ
3509 3549 3678 3604 οἴκου

2098 3641 2285 3695 αὑτοῦ
2302 3640 2326 3693 ,ν
2354 3640 2469 3694 Οὐκ
2497 3633 2639 3703 είπε,
2664 3638 2776 3692 Καὶ
2807 3637 2934 3699 ὅταν
2963 3634 3241 3707 πληθυνθῇ
3273 3635 3307 3705 ὴ
3335 3631 3461 3700 δόξα
3490 3631 3676 3698 αὐτοῦ,

2099 3723 2235 3786 ἀλλ’,
2272 3724 2332 3777 Ἠ
2359 3721 2510 3787 δόξα
2540 3720 2646 3775 τοῦ
2672 3720 2844 3775 οἴκου
2873 3718 3082 3773 αὐτοῦ.
3101 3718 3269 3772 Ὅταν
3297 3715 3405 3787 γὰρ
3433 3714 3680 3785 εἰσέλθῃς

2099 3808 2178 3869 εἰς
2203 3805 2379 3860 οἰκίαν
2405 3805 2549 3868 τινὸς
2583 3803 2857 3869 πλουσίου,
2887 3803 2982 3857 καὶ
3017 3802 3132 3874 ἴδῃς
3163 3803 3225 3855 ἐν
3249 3799 3328 3872 τῷ
3356 3800 3490 3872 οῐκῳ
3514 3798 3678 3854 αὐτοῦ

2099 3891 2283 3953 κίονας
2309 3889 2702 3961 ὑπεραίροντας
2725 3887 2805 3958 τῷ
2837 3885 3077 3958 μεγέθει,
3105 3886 3198 3938 καὶ
3224 3886 3430 3955 χρυσᾶς
3453 3882 3677 3954 κεφαλίε

2098 3971 2215 4038 δας,
2241 3971 2336 4025 καὶ
2368 3972 2632 4043 μάρμαρα
2654 3970 2733 4042 τῷ
2755 3968 3389 4040 τοίχῳξπροσπεπηγότα,
3417 3967 3514 4020 καὶ
3542 3967 3679 4037 κρή-

2099 4073 2196 4118 νας
2226 4054 2475 4127 ῥεούσας,
2511 4056 2606 4109 καὶ
2630 4054 2813 4126 πηγὰς
2844 4053 2938 4107 καὶ
2964 4052 3318 4123 περιπάτους,
3349 4051 3444 4104 καὶ
3489 4050 3678 4122 δένδρα

2098 4138 2176 4210 τῷ
2199 4139 2383 4210 ἀνέμῳ
2408 4138 2787 4210 καμπτόμενα,
2805 4137 2896 4190 καί
2910 4136 3086 4190 πάντα
3112 4138 3136 4176 ε
3150 4135 3397 4206 ψηφίδων
3417 4133 3676 4205 γέμοντα,

2099 4223 2194 4276 καὶ
2233 4221 2502 4292 εὐνούχων
2553 4220 3028 4293 χρυσοφορούντων
3071 4218 3294 4288 ἀγέλην,
3327 4217 3422 4271 καὶ
3452 4216 3678 4270 οἰκετῶν

2100 4304 2322 4375 πλῆθος,
2358 4306 2453 4358 καὶ
2486 4304 2737 4374 τάπητας
2771 4304 2860 4357 ἐπὶ
2880 4301 2973 4356 τοῦ
2999 4301 3227 4371 ἐδάφους
3250 4300 3552 4371 κειμένους,
3583 4301 3678 4352 καὶ

2096 4387 2374 4461 τράπεζαν
2406 4387 2793 4459 ἐκλάμπουσαν
2830 4386 2908 4457 τῷ
2932 4385 3143 4456 χρυσῷ,
3173 4384 3267 4438 καὶ
3299 4383 3560 4446 κοιτῶνας
3588 4400 3676 4436 κε-

2100 4470 2501 4541 κοσμημένουςο
2539 4470 2710 4524 ταῦτα
2744 4471 2922 4524 πάντα
2948 4468 3074 4534 δόξα
3097 4468 3244 4521 οἴκου
3273 4467 3441 4532 ἐστὶν,
3471 4467 3531 4519 οὐ
3550 4465 3676 4530 δόξα

2100 4554 2409 4627 ἀνθρώπου.
2444 4550 2582 4618 Δόξα
2604 4554 2711 4623 γὰρ
2744 4551 3030 4623 ἀνθρώπου
3069 4551 3346 4616 εὐλάϐεια,
3382 4550 3673 4615 ἐπιείκεια,

2099 4636 2458 4708 ἐλεημοσύνη,
2492 4636 2754 4709 πραότης,
2804 4633 3292 4705 ταπεινοφροσύνη,
3343 4634 3557 4705 εἰρήνη,
3598 4634 3676 4687 δι-

2099 4721 2381 4789 καιοσύνη,
2429 4720 2613 4789 ἀγάπη
2662 4717 3022 4788 ἀνυπόκριτος
3060 4718 3194 4788 πρὸς
3222 4717 3449 4780 πάντας.
3491 4714 3677 4770 Ταῦτα

2099 4806 2276 4858 πάντα
2302 4803 2427 4869 δόξα
2450 4802 2757 4874 ἀνθρώπου.
2777 4800 2842 4854 Τί
2873 4800 3010 4873 φοϐῇ
3033 4802 3125 4855 τὸν
3158 4800 3412 4854 πλούσιον
3431 4848 3442 4859 ,
3468 4799 3681 4857 Οὐκοῦν.

2098 4887 2196 4958 τὴν
2215 4887 2391 4941 οἰκίαν
2427 4885 2591 4940 αὐτοῦ
2626 4885 2825 4956 μᾶλλον
2858 4884 3046 4954 φοϐοῦ.
3088 4884 3303 4954 Ἐκείνη
3334 4899 3445 4955 γαρ
3469 4885 3614 4937 ἐστιν
3640 4885 3682 4958 ή

2099 4969 2425 5034 πλουτοῦσα,
2450 4970 2549 5041 οὐχ
2593 4970 2622 5022 ὁ
2657 4967 2843 5023 οἰκῶν.
2894 4967 3032 5021 Ἀλλ’
3065 4969 3126 5021 οὐ
3153 4966 3426 5039 φοϐοῦμαι
3448 4967 3674 5037 ταύτην,

2100 5055 2250 5126 φησί.
2283 5055 2381 5107 Διὰ
2410 5053 2494 5119 τί;
2529 5054 2654 5106 Ὅτι
2679 5053 2707 5104 6
2735 5051 2934 5124 χρυσὸς
2959 5051 3162 5123 ἄψυχός
3187 5054 3335 5106 ἐστιν
3356 5051 3475 5123 ὖλη.
3519 5050 3676 5105 Ἀλλά

2096 5142 2189 5190 τὸν
2210 5136 2495 5207 ἄνθρωπον
2513 5137 2652 5207 φοϐῇ
2676 5152 2691 5202 ;
2715 5136 2846 5189 Ναί.
2874 5133 2973 5188 Διά
2991 5135 3077 5197 τίς
3106 5134 3179 5205 μὴ
3201 5137 3308 5206 γὰρ
3337 5133 3501 5188 αὑτοῦ
3530 5135 3677 5188 ἐστιν

2096 5222 2126 5275 6
2148 5221 2404 5285 πλοῦτος;
2432 5222 2543 5292 Τῆς
2570 5220 2747 5283 οἰκίας
2777 5221 2812 5290 ή
2837 5218 3180 5290 περιφάνεια.
3210 5218 3496 5290 Μάρμαρα
3514 5217 3625 5288 ἔχει
3644 5217 3676 5259 δ

2097 5306 2125 5358 ὁ
2153 5307 2349 5374 τοῖχος.
2373 5302 2439 5355 Τί
2484 5299 2576 5357 οὖν
2606 5302 2742 5374 πρὸς
2770 5302 2860 5355 τὸν
2887 5301 3171 5366 οἰκοῦντα;
3202 5300 3453 5373 Χρυσοῦς
3482 5304 3511 5355 ό
3549 5302 3676 5372 ϐρο-

2098 5405 2217 5454 φος.
2243 5387 2306 5440 Τί
2336 5382 2429 5441 οὖν
2467 5388 2603 5459 πρὸς
2620 5386 2711 5440 τὸν
2736 5384 3107 5456 κεκτημένον;
3144 5385 3209 5437 Αἰ
3244 5383 3526 5453 κεφαλίδες
3569 5384 3679 5439 τῶν

2164 5514 2187 5563 ς
2210 5502 2281 5550 Tal
2315 5502 2519 5563 σώματα
2545 5500 2831 5563 ἀναστῆσαι,
2856 5497 2926 5563 sjc
2943 5495 3152 5563 quiglan}.

2164 5560 2184 5599 ἲ
2231 5554 2434 5621 Ουὶόεὶη
2476 5575 2592 5608 mss.
2637 5554 2731 5608 ἀπὸ
2762 5554 3073 5621 (iamiam-16y
3108 5555 3289 5621 ἑαυτοῦ
3323 5558 3492 5621 ἔχοντα
3531 5554 3677 5607 πλοῦο

2097 5640 2177 5672 τον
2193 5660 2204 5678 ,
2252 5619 2333 5670 καὶ
2380 5623 2461 5670 τὸν
2508 5622 2717 5683 πόλεμον
2776 5621 2966 5683 ἔνδοθεν
3001 5619 3200 5680 φέροντα
3216 5633 3227 5643 ·
3274 5619 3378 5668 ἀλλ’
3426 5620 3670 5683 ἀπεφήνατ

2096 5702 2169 5733 το.
2197 5685 2474 5745 Sequenlia
2497 5680 2648 5732 iidem
2671 5681 2871 5735 brevius
2895 5680 3126 5729 etferuul.

2161 5749 2187 5786 Β
2213 5746 2345 5795 Unus
2363 5746 2444 5793 καὶ
2467 5746 2653 5792 πασῶν.

2166 5807 2193 5846 Ιι
2218 5808 2349 5858 L‘nus
2369 5811 2397 5865 ἠ
2422 5804 2713 5868 περιφάνεια.
2738 5804 2919 5865 Λέγεις,
2944 5801 3165 5866 μάρμαρα
3198 5804 3309 5866 ἔχει.
