4084 6346
333 325 436 384 509

336 456 487 498 mens
537 440 902 512 plnlosophica
959 453 1153 495 nervos
1219 436 1436 499 habuit;
1499 432 1625 486 vicit
1671 439 1912 484 naturam

333 534 598 590 alacritas.
641 533 814 587 ilerus
857 531 1268 587 domesticorum
1318 534 1674 582 trecentorum
1703 523 1921 577 octode-

336 625 708 692 cim,vitulutn
753 633 968 694 gestans
997 636 1161 676 onere
1209 635 1318 673 non
1365 615 1782 687 opprimebatur,
1829 611 1923 667 sed

337 719 611 774 alacritate
667 726 899 771 mentem
937 715 1166 770 levabat.
1209 709 1409 766 Cursus
1455 709 1569 764 seni
1623 707 1924 776 propositus

337 819 482 874 erat,
532 817 586 863 et
635 823 886 879 magnum
927 806 1312 867 ministerium,
1367 802 1631 871 uxorique
1676 800 1824 854 labor
1874 806 1928 852 et

337 919 522 972 opera.
552 900 666 956 Non
701 901 872 956 solum
917 901 1058 954 enim
1091 898 1431 967 pecuniarum
1484 893 1818 958 liberalitate,
1872 899 1928 945 et

339 995 483 1049 lauta
508 1009 732 1057 mensa;
787 992 882 1047 sed
933 992 1093 1046 etiam
1126 989 1420 1044 ministerio
1450 987 1618 1041 multo
1647 985 1929 1054 officioque

339 1085 556 1157 proprio
582 1083 822 1154 hospites
844 1081 1204 1151 excipiebant;
1237 1095 1340 1133 non
1381 1078 1700 1132 famulorum
1725 1090 1886 1146 opera
1904 1114 1920 1140 ,

338 1176 431 1232 sed
462 1175 711 1231 manibus
757 1172 1118 1242 membrisque
1163 1170 1273 1224 suis
1318 1169 1698 1223 ministrantes.
1730 1163 1929 1220 Deinde

339 1273 537 1335 praesto
562 1273 679 1322 erat
703 1277 842 1319 uxor
863 1262 1071 1317 ancilla:
1112 1261 1316 1324 habitu,
1365 1268 1421 1313 et
1454 1257 1690 1326 hospites
1720 1271 1929 1310 recum-

341 1355 542 1411 bebant
566 1355 728 1426 ignoti
749 1371 763 1408 :
782 1369 956 1424 neque
981 1353 1122 1407 enim
1156 1352 1314 1406 linem
1340 1349 1454 1404 lucc
1480 1348 1687 1403 dicendi
1716 1345 1927 1400 faciam.

345 1448 610 1503 Putabant
633 1447 778 1502 enim
807 1461 902 1500 eos
943 1460 1064 1500 esse
1109 1457 1366 1514 pauperes
1403 1441 1678 1512 quospiam
1710 1454 1931 1494 :verum

343 1540 458 1594 lucc
507 1554 612 1594 non
662 1539 842 1594 animo
868 1537 1171 1601 versabant,
1203 1535 1297 1590 sed
1338 1549 1397 1589 se
1427 1535 1732 1604 peregrinos
1761 1531 1934 1587 suscio

345 1647 493 1702 pere.
542 1630 840 1687 Adstabant
890 1629 1048 1683 ambo
1091 1629 1181 1683 illo
1229 1636 1507 1697 tempore,
1559 1625 1933 1694 hospitalitatis

347 1733 556 1786 botrum
586 1727 977 1785 vindemiantes
1004 1733 1201 1789 mente,
1226 1722 1580 1794 philosophia,
1612 1720 1932 1788 ministerio,

343 1821 683 1892 susceptione
700 1819 990 1890 hospitum,
1021 1816 1219 1880 labore,
1243 1814 1441 1880 officio,
1463 1813 1704 1876 caritate,
1722 1812 1939 1882 dispert-

346 1916 574 1981 satione,
603 1913 962 1976 accuratione,
1010 1919 1066 1964 ut
1113 1907 1245 1964 nihil
1288 1919 1430 1962 retro
1461 1907 1842 1975 relinquerent.
1869 1903 1937 1959 Et

346 2007 521 2062 stabat
546 2020 680 2060 uxor
702 2004 769 2058 ad
798 2003 1064 2065 arborem,
1091 1999 1306 2053 thalami
1327 1999 1441 2053 vice
1462 1997 1651 2053 arbore
1679 2006 1853 2061 utens,
1885 2006 1943 2050 et

350 2115 450 2169 pro
482 2107 624 2152 tecto
650 2096 889 2150 umbram
920 2093 1163 2147 foliorum
1205 2091 1428 2155 habens,
1485 2104 1584 2143 nec
1629 2087 1937 2142 indecorum

351 2191 502 2245 duxit
523 2189 578 2244 in
605 2187 816 2259 publico
840 2183 1060 2241 versari.
1095 2182 1280 2238 Stabat
1305 2182 1447 2236 enim
1479 2181 1748 2250 proprium
1779 2179 1934 2234 exhi-

351 2283 484 2337 bens
509 2289 776 2343 ornatum,
805 2287 859 2333 et
885 2275 1162 2331 ministerii
1206 2272 1438 2328 fructum
1483 2272 1776 2326 demetens.
1804 2269 1942 2338 Quid

356 2386 496 2442 ergo
522 2372 568 2426 is
595 2370 682 2440 qui
714 2366 1040 2422 advenerat?
1067 2364 1358 2420 Secundum
1383 2364 1477 2415 hoc
1503 2372 1703 2432 tempus
1721 2362 1937 2427 veniam,

352 2479 398 2520 et
423 2468 515 2520 erit
543 2464 692 2520 Sara
719 2463 854 2530 ﬁlius
899 2458 1071 2529 (Gen.
1121 2459 1208 2512 i8.
1269 2456 1396 2526 10).
1437 2454 1656 2521 Qualem
1709 2454 1939 2509 fructum

355 2570 536 2610 mensa
561 2551 806 2624 protulit!
826 2567 982 2620 quam
1006 2548 1283 2618 pulchrunt
1301 2547 1485 2616 lquam
1507 2546 1733 2600 celerem
1751 2546 1763 2598 Ξ
1783 2559 1946 2613 quam.

355 2645 680 2701 formosum!
722 2652 776 2697 ut
825 2658 922 2696 uva
968 2648 1286 2695 maturescat
1334 2647 1388 2693 et
1435 2637 1665 2707 perfecta
1717 2635 1939 2691 evadat!

357 2739 566 2796 Etenim
592 2737 810 2792 verbum
841 2733 968 2789 illud
991 2734 1293 2802 ingressum
1313 2739 1393 2784 est
1424 2729 1474 2782 in
1501 2729 1714 2782 vulvam
1739 2769 1755 2794 ,
1788 2727 1940 2795 puel-

357 2832 575 2901 lamque
615 2828 878 2883 formavit.
923 2823 1234 2894 Huiusmodi
1281 2829 1404 2875 sunt
1434 2819 1806 2889 hospitalitatis
1833 2818 1944 2872 fru-

356 2932 494 2978 ctus.
525 2919 755 2976 Attende
782 2918 845 2973 iis
871 2933 990 2987 qua:
1016 2915 1254 2971 dicturus
1284 2929 1422 2968 sum.
1456 2913 1645 2966 Postea
1667 2925 1792 2965 vero
1816 2925 1947 2980 puer

359 3016 448 3071 ille
479 3030 542 3070 ex
581 3027 762 3067 mensa
813 3021 988 3072 natus,
1023 3016 1300 3076 postquam
1338 3005 1524 3069 crevit,
1558 3012 1836 3072 postquam
1869 3001 1948 3054 vir

358 3122 477 3164 esse
505 3104 669 3176 coepit
704 3100 1075 3171 hosiiitalitatis
1117 3099 1318 3152 fructus
1345 3099 1489 3165 (non
1510 3095 1652 3148 enim
1689 3095 1758 3146 ita
1800 3093 1945 3146 illum

360 3198 545 3271 genuit
571 3207 769 3258 uterus,
809 3203 867 3249 ut
901 3192 1081 3263 genuit
1108 3204 1314 3254 mensa,
1347 3189 1396 3241 in
1428 3187 1608 3256 primis
1650 3196 1825 3240 autem
1857 3184 1948 3239 Dei

361 3289 644 3358 verbum),
679 3297 954 3357 postquam
982 3283 1149 3337 crevit
1173 3290 1228 3336 et
1251 3281 1331 3334 vir
1364 3279 1531 3333 factus
1560 3287 1664 3342 est,
1712 3289 1949 3346 tempus-

361 3398 468 3452 que
521 3381 822 3450 nuptiarum
880 3375 1096 3430 advenit
1141 3372 1394 3445 (attende
1437 3370 1596 3426 dictis
1642 3369 1947 3438 Studiose),

361 3473 653 3529 moriturus
706 3469 918 3524 demum
943 3473 1057 3522 erat
1102 3479 1287 3528 senex,
1340 3463 1527 3518 beatus
1557 3461 1644 3516 ille
1681 3459 1950 3516 Abraham

369 3564 694 3638 patriarcha,
725 3564 812 3632 qui
841 3576 962 3616 cum
990 3557 1303 3613 mulieribus
1329 3553 1631 3625 depravatis
1658 3561 1712 3609 et
1736 3553 1952 3624 nequis-

365 3661 502 3715 sima
531 3666 688 3728 gente
718 3653 984 3708 habitabat
1013 3669 1026 3704 :
1055 3648 1370 3704 accersitum
1413 3645 1669 3700 famulum
1699 3659 1851 3699 suum
1876 3644 1954 3700 sic

367 3750 654 3820 alloquitur
685 3764 698 3800 :
726 3745 823 3800 Hic
847 3750 973 3798 sunt
1015 3739 1273 3810 improba:
1313 3736 1734 3792 Chananteorum
1761 3735 1955 3790 mulie-

365 3856 474 3896 res.
507 3838 642 3907 Quid
674 3836 831 3906 igitur
856 3832 1043 3904 cupis?
1065 3831 1163 3887 Abi
1187 3831 1238 3884 in
1273 3839 1492 3894 terram,
1546 3828 1635 3884 ubi
1661 3842 1760 3897 ego
1803 3835 1957 3880 natus

367 3946 509 3996 sum,
541 3939 596 3984 et
621 3927 744 3982 inde
775 3925 878 3980 duc
913 3936 1131 3978 uxorem
1165 3919 1273 3974 lilio
1299 3934 1420 3973 meo
1468 3916 1634 3990 (Gen.
1657 3916 1747 3971 24.
1774 3917 1828 3971 5.
1855 3917 1889 3970 4
1913 3916 1954 3984 ).

369 4024 530 4078 Novae
559 4035 645 4076 res
689 4034 751 4074 ac
777 4017 1049 4073 mirabiles
1091 4016 1107 4045 ³
1129 4016 1142 4068 ε
1166 4013 1324 4070 Scitis
1354 4025 1448 4066 vos
1477 4020 1530 4065 et
1560 4010 1716 4079 plane
1745 4009 1913 4064 nostis
1942 4024 1966 4061 τ

371 4131 493 4170 cum
528 4112 789 4184 quispiam
842 4110 1008 4164 lilium
1035 4123 1188 4161 suum
1219 4106 1332 4160 vult
1366 4119 1584 4158 uxorem
1614 4102 1827 4165 ducere,
1862 4116 1958 4170 pa-

372 4218 513 4263 trem
562 4212 891 4273 matremque
947 4201 1134 4256 solitos
1177 4213 1298 4253 esse
1343 4197 1442 4251 hac
1493 4197 1562 4251 de
1593 4211 1654 4250 re
1692 4210 1870 4264 agere,
1905 4194 1957 4252 in

374 4302 710 4368 alienamque
734 4297 949 4352 domum
978 4295 1156 4357 abire,
1179 4291 1253 4346 illi
1283 4288 1564 4354 assentari,
1595 4287 1739 4342 hunc
1760 4288 1956 4352 colere,

377 4390 644 4462 pronubas
687 4386 1062 4458 pronubosque
1117 4382 1309 4436 multos
1357 4395 1469 4434 rem
1507 4387 1737 4433 tractare
1783 4395 1797 4432 :
1838 4377 1961 4430 hinc

374 4482 719 4554 pecuniarum
749 4477 1145 4548 promissiones,
1179 4487 1231 4527 et
1271 4473 1434 4526 multa
1459 4470 1760 4525 sollicitudo
1798 4470 1960 4538 patris

376 4577 686 4644 matrisque,
707 4582 765 4626 ut
786 4588 876 4640 per
894 4587 951 4624 se
972 4570 1068 4638 ipsi
1087 4569 1474 4636 colloquantur,
1495 4580 1592 4619 nec
1615 4565 1756 4633 ipsos
1779 4562 1958 4632 pudet,

378 4683 551 4737 neque
577 4667 919 4727 erubescunt,
950 4677 1122 4731 neque
1162 4660 1427 4728 negotium
1463 4657 1675 4711 famulis
1717 4655 1961 4709 commit-

379 4771 498 4814 tunt
531 4778 544 4813 :
572 4774 692 4815 cum
718 4767 893 4811 autem
927 4755 1122 4824 hospes
1161 4753 1392 4813 advenit,
1433 4750 1636 4814 dicunt,
1683 4747 1828 4803 Vade
1875 4757 1962 4813 tu,

377 4852 552 4908 deduc
595 4866 718 4908 eum
763 4849 999 4912 inferius,
1056 4848 1309 4915 illumque
1357 4844 1563 4913 excipe.
1603 4841 1798 4896 Contra
1839 4855 1966 4894 vero

381 4943 673 5007 Abraham,
700 4957 822 4996 eum
848 4948 1120 5009 oporteret
1147 4953 1284 5007 opus
1303 4935 1463 4990 edere
1488 4949 1734 5004 magnum
1765 4941 1819 4986 et
1849 4931 1967 5000 phi-

383 5034 749 5104 losophieum,
798 5048 891 5100 per
935 5046 993 5086 se
1041 5029 1169 5084 illud
1217 5029 1368 5098 agit:
1409 5026 1819 5096 hospitalitatem
1862 5038 1965 5077 non

383 5125 671 5181 committit
721 5123 936 5187 famulo,
967 5121 1060 5176 sed
1107 5120 1257 5174 uxori
1284 5117 1479 5173 etsibi.
1528 5116 1661 5172 Cum
1693 5126 1869 5168 autem
1898 5112 1966 5168 de

385 5232 555 5272 uxore
574 5215 830 5271 sumenda
859 5224 909 5268 et
954 5213 1022 5268 de
1071 5209 1336 5265 connubio
1375 5208 1721 5270 tractabatur,
1770 5203 1968 5258 famulo

384 5312 532 5374 dicit,
561 5310 678 5363 Abi.
713 5307 809 5363 llic
837 5307 1087 5361 mulieres
1111 5314 1296 5358 contra
1326 5301 1540 5355 faciunt.
1570 5301 1623 5354 Si
1657 5299 1820 5353 velint
1846 5313 1967 5351 cum

387 5399 605 5454 aurifice
635 5397 886 5466 colloqui,
932 5411 1038 5450 non
1078 5394 1418 5457 erubescunt,
1461 5389 1554 5445 sed
1585 5391 1713 5459 ipsa;
1751 5398 1966 5453 exeunt,

388 5500 446 5545 et
487 5491 724 5545 assident
775 5504 842 5543 ne
893 5502 1081 5540 aurum
1122 5485 1483 5553 subripiatur:
1522 5483 1970 5552 pecuniarumquc

388 5584 612 5638 aviditas
643 5581 692 5636 id
718 5581 900 5643 efficit,
936 5588 994 5634 ut
1017 5579 1266 5632 decormn
1295 5582 1708 5629 contemnantet
1731 5570 1968 5643 dignita-

392 5687 522 5737 tem.
538 5679 604 5730 At
623 5673 889 5731 Abraham
911 5689 1017 5728 non
1038 5673 1134 5740 sic,
1154 5670 1248 5724 sed
1268 5686 1388 5724 cum
1407 5668 1643 5736 hospites
1661 5667 1970 5721 velletcxci-

455 5790 482 5821 ι
508 5782 695 5840 δῐόιιιιο
713 5793 816 5838 Ma.
845 5793 895 5836 1n
917 5785 1080 5836 Morel.
1106 5783 1272 5844 verba,
1297 5788 1338 5833 et
1363 5778 1625 5841 mirabiles,
1649 5779 1843 5832 desunt.

1646 315 1711 373 ΙΝ
1752 313 2074 372 PSALMUM
2105 313 2333 370 XLVI”.

3509 327 3623 384 510

2031 443 2179 497 pere,
2211 445 2304 499 per
2329 444 2388 484 se
2413 439 2468 484 et
2496 446 2589 499 per
2610 446 2840 487 uxorem.
2856 433 3082 503 agebat;
3109 449 3237 489 cum
3256 435 3322 490 de
3347 440 3616 495 connubio

2026 532 2288 590 ageretur,
2319 537 2414 590 per
2434 522 2709 578 fatnulum.
2739 525 2844 580 Cur
2870 526 3048 596 itaque
3077 526 3346 583 Abraham
3374 544 3614 588 comme-

2027 612 2248 665 moras?
2274 611 2426 678 Quod
2453 629 2647 683 nempe
2669 615 2818 670 dives
2861 627 3026 671 esset.
3054 615 3179 673 [hcc
3213 626 3268 672 tu
3311 634 3520 690 quoque
3548 622 3616 678 de

2029 703 2334 758 Abrahamo
2377 706 2571 774 cogita,
2613 716 2666 761 et
2695 708 2897 762 nullutn
2941 725 3190 780 umquam
3223 714 3614 782 aspernaberis.

2030 794 2135 851 Sed
2188 796 2329 851 unde
2371 798 2435 850 ad
2462 797 2577 852 lucc
2617 797 2841 853 dicenda
2889 800 3159 870 digressus
3194 804 3344 856 sum?
3389 805 3619 874 Arrepto

2032 889 2286 959 propheta
2316 899 2368 943 et
2391 890 2479 944 illo
2506 890 2696 944 baculo
2723 908 2737 942 :
2769 891 2852 944 Ne
2883 892 3127 958 timueris,
3154 910 3268 946 cum
3297 897 3430 948 dives
3455 897 3624 964 [actus

2037 986 2183 1057 fuerit
2230 985 2397 1038 homo.
2453 985 2549 1039 llic
2586 986 2728 1040 enim
2756 1000 2942 1040 versus
2967 986 3057 1040 illa
3104 989 3280 1042 omnia
3311 990 3536 1058 peperit,
3566 1000 3622 1045 et

2034 1092 2160 1133 ecce
2190 1076 2494 1131 thesaurum
2519 1077 2816 1130 invenimus
2857 1093 2989 1132 auro
3028 1078 3301 1134 refertum.
3335 1079 3419 1134 Ne
3442 1091 3624 1135 timue-

2035 1170 2126 1231 ris,
2179 1186 2292 1224 cunt
2335 1170 2472 1223 dives
2516 1173 2682 1240 factus
2732 1172 2888 1242 fuerit
2935 1173 3107 1225 homo.
3147 1172 3343 1244 Accipe
3371 1173 3622 1228 baculum

2037 1263 2198 1326 hunc,
2228 1264 2316 1333 qui
2346 1264 2570 1319 tremula
2597 1279 2820 1333 corpora
2851 1264 3057 1334 erigere
3097 1266 3264 1334 possit
3306 1264 3402 1336 (α).
3434 1264 3618 1336 Neque

2036 1354 2178 1408 enim
2207 1354 2286 1408 sic
2313 1353 2529 1409 baculus
2573 1354 2798 1408 tremula
2819 1370 3044 1424 corpora
3087 1368 3412 1411 annosorum
3458 1365 3513 1411 et
3538 1370 3624 1412 se-

2037 1462 2163 1500 num
2195 1446 2403 1516 erigere
2428 1453 2621 1516 potest,
2655 1455 2711 1500 ut
2733 1445 2818 1501 hic
2839 1462 3026 1501 versus
3045 1447 3298 1515 juvenum
3319 1456 3374 1502 et
3411 1462 3620 1512 senum,

2037 1537 2467 1606 concupiscentia
2515 1547 2574 1592 et
2625 1539 2860 1607 peccatis
2901 1539 3283 1606 obsessorum,
3345 1540 3624 1596 tremulam

2041 1638 2273 1682 mentem
2307 1627 2503 1682 excitat
2537 1648 2560 1683 ι,
2585 1627 2668 1682 Ne
2697 1630 2942 1694 timueris,
2974 1646 3089 1683 cum
3118 1631 3440 1700 divesfactus
3473 1633 3625 1703 fuerit

2043 1719 2210 1773 homo.
2266 1718 2401 1785 Quid
2451 1719 2606 1774 times
2655 1718 2946 1785 hominem,
2995 1722 3083 1790 qui
3137 1735 3241 1775 non
3289 1720 3483 1787 homo,
3534 1723 3627 1778 sed

2040 1811 2194 1880 lupus
2220 1811 2341 1866 est?
2367 1811 2502 1879 Quid
2533 1812 2686 1866 times
2715 1811 2995 1866 hominem.
3022 1813 3294 1882 impietate
3319 1813 3534 1884 plenmn
3579 1825 3633 1869 et

2041 1919 2171 1958 auro
2220 1905 2543 1959 obsessum?
2595 1904 2732 1972 Quid
2779 1906 2938 1960 times
2964 1905 3259 1972 hominem,
3284 1907 3375 1977 qui
3406 1923 3502 1977 per
3526 1908 3632 1963 ini-

2042 1997 2297 2064 quitatem
2352 2010 2447 2050 sua
2502 1995 2752 2063 prodidit,
2805 2004 2859 2051 et
2901 1996 2988 2066 qui
3023 1996 3230 2052 hostem
3283 2013 3439 2054 suum
3491 2014 3633 2069 saepe

2044 2090 2190 2145 intus
2217 2090 2415 2145 habet?
2443 2087 2548 2144 Sed
2596 2089 2724 2143 mihi
2774 2089 3060 2144 declaravit
3100 2091 3361 2162 propheta
3399 2093 3585 2148 dicens
3617 2111 3630 2147 :

2046 2183 2129 2237 Ne
2158 2183 2400 2248 timueris,
2447 2200 2563 2236 cum
2602 2183 2738 2236 dives
2766 2183 2932 2252 factus
2973 2183 3126 2252 fuerit
3175 2185 3343 2239 homo.
3397 2185 3524 2242 Mihi
3567 2187 3632 2241 de

2046 2275 2252 2344 reliquo
2278 2273 2494 2328 modum
2522 2289 2730 2343 expone
2754 2316 2768 2338 ,
2805 2291 2910 2343 quo
2950 2273 3121 2329 debeo
3165 2290 3270 2330 non
3323 2275 3513 2331 timere
3554 2276 3636 2332 di-

2046 2366 2236 2420 vitem.
2269 2364 2357 2418 νει
2391 2382 2505 2418 cum
2549 2365 2884 2435 multiplicata
2925 2366 3075 2437 fuerit
3109 2367 3272 2437 gloria
3298 2373 3478 2422 domus
3504 2369 3633 2438 eius.

2116 2459 2170 2514 8.
2213 2457 2388 2512 Gloria
2413 2468 2618 2512 externa
2642 2458 3002 2512 contemnenda
3022 2476 3045 2525 ;
3076 2474 3193 2513 vera
3215 2460 3378 2530 gloria
3417 2460 3636 2515 hominis

2047 2565 2160 2620 qua:
2187 2549 2287 2614 sit;
2319 2563 2431 2618 quae
2457 2549 2559 2602 sint
2587 2549 2746 2618 ipsius
2785 2549 2963 2603 laudes
3004 2560 3050 2603 et
3079 2566 3298 2603 coronae.
3317 2580 3392 2591 —
3413 2549 3458 2604 Ο
3489 2551 3639 2606 nobi-

2050 2643 2251 2697 litatem
2283 2642 2569 2696 dictionis'.
2595 2656 2702 2711 quo
2731 2650 2884 2711 pacto
2911 2642 2964 2696 in
2991 2642 3294 2698 narratione
3320 2653 3375 2698 et
3397 2643 3635 2699 doctrina

2052 2735 2442 2806 philosophiam
2469 2734 2792 2790 introduxit!
2843 2735 2927 2788 Ne
2951 2736 3198 2800 timueris,
3230 2753 3343 2790 cum
3368 2736 3504 2791 dives
3543 2740 3641 2809 fu—

2050 2837 2162 2880 ctus
2181 2827 2336 2896 fuerit
2363 2827 2534 2892 homo,
2565 2827 2645 2881 vel
2668 2844 2781 2880 cum
2807 2827 3147 2897 multiplicata
3179 2829 3329 2900 fuerit
3355 2830 3521 2900 gloria
3547 2832 3641 2883 do-

2052 2937 2163 2975 mus
2184 2921 2312 2988 ejus.
2354 2919 2468 2974 Non
2499 2919 2656 2986 dixit,
2684 2919 2751 2974 Et
2777 2935 2896 2975 cum
2926 2921 3270 2989 multiplicata
3301 2921 3639 2993 fueritgloria

2053 3012 2187 3081 ejus,
2240 3011 2333 3066 sed
2385 3011 2562 3065 Gloria
2585 3011 2764 3065 domus
2785 3013 2912 3082 ejus.
2947 3009 3079 3065 Cum
3110 3012 3250 3068 enim
3292 3013 3560 3083 ingressus
3588 3015 3640 3068 in

2052 3106 2269 3159 domum
2299 3103 2478 3159 divitis
2507 3104 2804 3174 cujusdam,
2825 3103 3026 3159 videris
3049 3105 3324 3159 columnas
3351 3105 3503 3160 mira:
3529 3121 3644 3161 ma-

2053 3194 2384 3264 gnitudinis,
2417 3209 2578 3249 aurea
2624 3193 2866 3264 capiteila
2898 3235 2915 3258 ,
2963 3203 3017 3248 et
3061 3209 3328 3250 marmore
3380 3204 3654 3252 crustatos

2057 3288 2307 3357 parietes,
2328 3287 2672 3357 aqumductus
2699 3295 2754 3340 et
2792 3285 2968 3341 fontes
2987 3296 3041 3341 et
3067 3286 3392 3351 ambulaera,
3425 3288 3646 3343 arbores

2055 3390 2215 3436 vento
2261 3382 2518 3452 agitatas,
2564 3379 2850 3449 omniaque
2897 3379 3117 3436 musivis
3163 3381 3414 3450 operibus
3443 3380 3640 3449 plena,

2058 3474 2422 3530 cunuchorum
2473 3489 2602 3528 auro
2647 3472 2960 3542 fulgentium
3012 3471 3268 3538 turbam,
3326 3471 3645 3528 famulorum

2059 3567 2470 3630 multitudinem,
2495 3565 2664 3621 solum
2687 3563 2950 3634 tapetibus
2974 3572 3222 3631 stratum,
3247 3579 3488 3620 mensam
3516 3580 3655 3621 auro

2059 3659 2450 3730 splendentem,
2473 3667 2528 3712 et
2556 3655 2748 3712 cubilia
2779 3665 3031 3712 exornata
3065 3672 3078 3708 :
3125 3656 3237 3710 hmc
3273 3659 3448 3711 omnia
3484 3657 3649 3729 gloria

2061 3752 2256 3807 domus
2296 3759 2458 3816 sunt,
2505 3764 2612 3804 non
2657 3749 2824 3819 gloria
2865 3748 3118 3803 hominis.
3170 3747 3412 3802 Hominis
3457 3749 3652 3819 quippe

2061 3845 2228 3916 gloria
2256 3853 2338 3899 est
2362 3843 2550 3913 pietas,
2578 3842 2820 3912 aequitas,
2843 3841 3214 3910 eleemosyna,
3260 3839 3612 3894 mansuetudo
3631 3883 3646 3906 ,

2062 3936 2479 4003 humilitas,pax,
2489 3931 2711 4002 justitia,
2730 3930 2926 3985 caritas
2941 3944 3066 3999 erga
3082 3945 3266 3984 omnes
3279 3929 3394 3984 siue
3409 3929 3648 4001 hypocri-

2063 4030 2132 4085 si.
2154 4030 2276 4083 ιιιιιε
2292 4025 2467 4080 omnia
2491 4022 2793 4092 suntgloria
2816 4020 3065 4074 hontinis.
3089 4019 3196 4074 Cur
3218 4019 3370 4074 times
3399 4019 3652 4074 divitem?

2066 4121 2250 4189 Itaque
2285 4118 2500 4172 domum
2527 4114 2691 4183 ipsius
2719 4111 2895 4180 potius
2917 4111 3064 4164 time.
3093 4109 3185 4168 Illa
3210 4110 3351 4164 enim
3379 4109 3527 4164 dives
3548 4121 3650 4175 est,

2067 4229 2173 4266 non
2200 4212 2244 4264 is
2270 4209 2358 4278 qui
2384 4207 2605 4261 habitat.
2639 4204 2835 4258 Verum
2884 4216 2992 4256 non
3023 4201 3186 4254 timeo
3229 4200 3412 4263 illam,
3460 4201 3651 4271 inquit.

2063 4300 2276 4371 Quare?
2301 4299 2432 4368 Quia
2459 4310 2647 4350 aurum
2675 4302 2757 4348 est
2783 4292 3068 4346 inanimata
3100 4291 3341 4344 materia.
3371 4291 3440 4343 At
3472 4289 3652 4344 homi-

2067 4410 2188 4449 nem
2217 4390 2446 4446 metuis?
2477 4387 2671 4442 Etiam.
2697 4382 2912 4452 Quare?
2944 4399 3067 4436 num
3096 4382 3235 4436 illius
3265 4392 3388 4435 sunt
3408 4382 3606 4449 divitia:
3630 4383 3655 4436 ?

2067 4485 2284 4542 {Edium
2335 4489 2418 4536 est
2462 4478 2733 4548 splendor.
2763 4475 3025 4529 Marmora
3071 4489 3254 4528 murus
3295 4472 3474 4528 habet.
3518 4473 3654 4541 Quid

2070 4577 2184 4629 haec
2207 4573 2274 4626 ad
2301 4568 2662 4626 habitantem?
2707 4568 2881 4621 Aurea
2911 4564 3198 4635 laquearia.
3223 4563 3359 4631 Quid
3385 4563 3450 4618 ad
3480 4565 3655 4634 possi-

2068 4666 2333 4722 dentem?
2391 4661 2645 4732 Capitella
2698 4659 3064 4714 columnarum
3110 4672 3272 4712 aurea
3327 4668 3467 4712 sunt.
3518 4659 3655 4725 Quid

2069 4761 2136 4815 ad
2163 4768 2323 4829 caput
2351 4758 2492 4812 illius
2519 4755 2609 4826 qui
2631 4755 2683 4808 in
2713 4761 3048 4824 peccatorum
3084 4752 3196 4807 luto
3217 4751 3492 4807 demersus
3535 4753 3657 4808 est?

2071 4853 2176 4909 Sed
2210 4851 2464 4906 mundum
2489 4857 2568 4904 est
2594 4845 2994 4918 pavimentum?
3020 4844 3215 4898 Verum
3246 4844 3516 4899 immunda
3538 4860 3659 4901 con-

2072 4945 2313 5000 scientia.
2344 4942 2452 4997 Sed
2479 4941 2666 4994 serica:
2691 4947 2813 4992 sunt
2838 4937 3052 4992 vestes?
3075 4935 3266 4990 Verum
3297 4936 3484 5005 pannis
3513 4937 3656 4992 lace-

2073 5035 2148 5089 ris
2174 5035 2346 5086 anima
2379 5041 2590 5086 onusta.
2626 5029 2824 5083 Domus
2850 5028 2997 5082 dives
3012 5036 3113 5092 est,
3135 5026 3226 5084 sed
3249 5027 3364 5095 ejus
3383 5042 3659 5095 possessor

2073 5137 2158 5183 est
2187 5141 2406 5197 pauper.
2439 5124 2566 5178 Cum
2593 5122 2913 5192 mutiplicata
2939 5120 3090 5191 fuerit
3129 5122 3291 5190 gloria
3319 5120 3495 5172 domus
3525 5123 3656 5189 ejus.

2077 5221 2144 5274 Et
2171 5229 2229 5272 ut
2253 5216 2469 5272 discatis
2495 5215 2714 5286 gloriam
2743 5229 2864 5268 esse
2903 5213 3095 5268 domus
3119 5255 3131 5273 .
3169 5222 3222 5266 et
3249 5226 3352 5266 non
3386 5212 3616 5265 hominis
3641 5253 3658 5278 ,

2076 5329 2170 5368 vos
2194 5329 2258 5366 ex
2289 5311 2466 5364 verbis
2493 5309 2682 5363 vestris
2710 5306 2987 5376 redarguo.
3025 5304 3300 5376 Ingressus
3335 5320 3574 5374 persmpe
3607 5304 3657 5358 in

2079 5405 2328 5475 pulchras
2355 5403 2496 5456 aedes
2523 5399 2746 5470 alicujus
2768 5409 2822 5454 et
2863 5407 3042 5467 postea
3072 5410 3339 5466 egressus,
3386 5396 3510 5463 quid
3536 5397 3616 5450 ais
3637 5398 3662 5446 τ

2078 5501 2195 5555 Vidi
2243 5500 2461 5568 pulchra
2507 5510 2792 5550 marmora.
2824 5493 2958 5547 Num
3005 5491 3175 5556 dicis,
3226 5489 3340 5544 Vidi
3368 5487 3660 5543 formesum

2078 5592 2393 5650 hominem?
2422 5590 2686 5646 Mirabiles
2731 5595 2855 5641 sunt
2883 5585 3179 5646 columnae,
3233 5581 3466 5651 pulchra:
3514 5582 3663 5636 fene-

2144 5772 2224 5835 (u).
2248 5772 2327 5820 uie
2354 5770 2617 5817 innumera
2645 5763 2906 5814 varietates
2931 5761 2978 5811 in
3002 5766 3105 5810 Mss.
3131 5758 3301 5810 Grtccis
3318 5757 3666 5809 observantur.
