  <div class='ocr_page' id='page_1' title='image "/cluster/home/n/w/nwhite01/storage/ocr_20150623/55/nnc1.0046980016/504.png"; bbox 0 0 4084 6346; ppageno 0'>
   <div class='ocr_carea' id='block_1_1' title="bbox 357 324 462 380">
    <p class='ocr_par' dir='ltr' id='par_1_1' title="bbox 357 324 462 380">
     <span class='ocr_line' id='line_1_1' title="bbox 357 324 462 380; baseline -0.01 -1"><span class='ocrx_word' id='word_1_1' title='bbox 357 324 462 380; x_wconf 71' lang='grc' dir='ltr'><strong>5ἱὸ</strong></span> 
     </span>
    </p>
   </div>
   <div class='ocr_carea' id='block_1_2' title="bbox 354 435 1942 502">
    <p class='ocr_par' dir='ltr' id='par_1_2' title="bbox 354 435 1942 502">
     <span class='ocr_line' id='line_1_2' title="bbox 354 435 1942 502; baseline -0.003 -9"><span class='ocrx_word' id='word_1_2' title='bbox 354 455 468 493; x_wconf 79' lang='lat' dir='ltr'><strong>rum</strong></span> <span class='ocrx_word' id='word_1_3' title='bbox 494 438 826 491; x_wconf 70' lang='lat' dir='ltr'><strong>nummorum</strong></span> <span class='ocrx_word' id='word_1_4' title='bbox 843 453 956 490; x_wconf 85' lang='lat' dir='ltr'><strong>cum</strong></span> <span class='ocrx_word' id='word_1_5' title='bbox 976 435 1362 490; x_wconf 86' lang='lat' dir='ltr'><strong>umbra.—llos</strong></span> <span class='ocrx_word' id='word_1_6' title='bbox 1383 436 1650 489; x_wconf 74' lang='lat' dir='ltr'><strong>imitemur</strong></span> <span class='ocrx_word' id='word_1_7' title='bbox 1678 449 1775 489; x_wconf 90' lang='lat' dir='ltr'><strong>nos</strong></span> <span class='ocrx_word' id='word_1_8' title='bbox 1805 448 1942 502; x_wconf 87' lang='lat' dir='ltr'><strong>quo-</strong></span> 
     </span>
    </p>
   </div>
   <div class='ocr_carea' id='block_1_3' title="bbox 355 526 1943 598">
    <p class='ocr_par' dir='ltr' id='par_1_3' title="bbox 355 526 1943 598">
     <span class='ocr_line' id='line_1_3' title="bbox 355 526 1943 598; baseline 0.001 -17"><span class='ocrx_word' id='word_1_9' title='bbox 355 546 480 598; x_wconf 89' lang='lat' dir='ltr'><strong>que,</strong></span> <span class='ocrx_word' id='word_1_10' title='bbox 509 544 572 583; x_wconf 89' lang='lat' dir='ltr'><strong>ac</strong></span> <span class='ocrx_word' id='word_1_11' title='bbox 597 543 797 597; x_wconf 86' lang='lat' dir='ltr'><strong>nupera</strong></span> <span class='ocrx_word' id='word_1_12' title='bbox 826 528 914 582; x_wconf 91' lang='lat' dir='ltr'><strong>illa</strong></span> <span class='ocrx_word' id='word_1_13' title='bbox 943 527 1358 598; x_wconf 76' lang='lat' dir='ltr'><strong>perturbatione,</strong></span> <span class='ocrx_word' id='word_1_14' title='bbox 1388 527 1637 591; x_wconf 88' lang='lat' dir='ltr'><strong>tumultu,</strong></span> <span class='ocrx_word' id='word_1_15' title='bbox 1666 526 1943 582; x_wconf 81' lang='lat' dir='ltr'><strong>ﬂuctibus-</strong></span> 
     </span>
    </p>
   </div>
   <div class='ocr_carea' id='block_1_4' title="bbox 356 621 1942 693">
    <p class='ocr_par' dir='ltr' id='par_1_4' title="bbox 356 621 1942 693">
     <span class='ocr_line' id='line_1_4' title="bbox 356 621 1942 693; baseline -0.003 -14"><span class='ocrx_word' id='word_1_16' title='bbox 356 637 459 693; x_wconf 87' lang='lat' dir='ltr'><strong>que</strong></span> <span class='ocrx_word' id='word_1_17' title='bbox 480 622 763 692; x_wconf 77' lang='lat' dir='ltr'><strong>perfuncti,</strong></span> <span class='ocrx_word' id='word_1_18' title='bbox 794 633 1058 691; x_wconf 81' lang='lat' dir='ltr'><strong>tamquam</strong></span> <span class='ocrx_word' id='word_1_19' title='bbox 1085 621 1150 675; x_wconf 88' lang='lat' dir='ltr'><strong>ad</strong></span> <span class='ocrx_word' id='word_1_20' title='bbox 1172 622 1406 691; x_wconf 87' lang='lat' dir='ltr'><strong>quietum</strong></span> <span class='ocrx_word' id='word_1_21' title='bbox 1428 621 1708 690; x_wconf 84' lang='lat' dir='ltr'><strong>quemdam</strong></span> <span class='ocrx_word' id='word_1_22' title='bbox 1731 631 1942 690; x_wconf 90' lang='lat' dir='ltr'><strong>portum</strong></span> 
     </span>
    </p>
   </div>
   <div class='ocr_carea' id='block_1_5' title="bbox 353 711 1941 781">
    <p class='ocr_par' dir='ltr' id='par_1_5' title="bbox 353 711 1941 781">
     <span class='ocr_line' id='line_1_5' title="bbox 353 711 1941 781; baseline 0.001 -16"><span class='ocrx_word' id='word_1_23' title='bbox 353 713 588 766; x_wconf 87' lang='lat' dir='ltr'><strong>animam</strong></span> <span class='ocrx_word' id='word_1_24' title='bbox 617 721 851 766; x_wconf 84' lang='lat' dir='ltr'><strong>nostram</strong></span> <span class='ocrx_word' id='word_1_25' title='bbox 878 712 943 766; x_wconf 92' lang='lat' dir='ltr'><strong>ad</strong></span> <span class='ocrx_word' id='word_1_26' title='bbox 973 711 1363 781; x_wconf 88' lang='lat' dir='ltr'><strong>Scripturarum</strong></span> <span class='ocrx_word' id='word_1_27' title='bbox 1391 712 1670 766; x_wconf 91' lang='lat' dir='ltr'><strong>lectionem</strong></span> <span class='ocrx_word' id='word_1_28' title='bbox 1700 711 1941 780; x_wconf 81' lang='lat' dir='ltr'><strong>appella-</strong></span> 
     </span>
    </p>
   </div>
   <div class='ocr_carea' id='block_1_6' title="bbox 355 801 1941 872">
    <p class='ocr_par' dir='ltr' id='par_1_6' title="bbox 355 801 1941 872">
     <span class='ocr_line' id='line_1_6' title="bbox 355 801 1941 872; baseline 0.001 -16"><span class='ocrx_word' id='word_1_29' title='bbox 355 816 496 856; x_wconf 98' lang='lat' dir='ltr'><strong>mus.</strong></span> <span class='ocrx_word' id='word_1_30' title='bbox 531 803 738 857; x_wconf 86' lang='lat' dir='ltr'><strong>Etenim</strong></span> <span class='ocrx_word' id='word_1_31' title='bbox 762 810 947 872; x_wconf 91' lang='lat' dir='ltr'><strong>portus</strong></span> <span class='ocrx_word' id='word_1_32' title='bbox 973 811 1058 856; x_wconf 89' lang='lat' dir='ltr'><strong>est</strong></span> <span class='ocrx_word' id='word_1_33' title='bbox 1089 802 1250 857; x_wconf 92' lang='lat' dir='ltr'><strong>nullis</strong></span> <span class='ocrx_word' id='word_1_34' title='bbox 1275 801 1521 857; x_wconf 84' lang='lat' dir='ltr'><strong>ﬂuetibus</strong></span> <span class='ocrx_word' id='word_1_35' title='bbox 1541 803 1788 872; x_wconf 88' lang='lat' dir='ltr'><strong>agitatus,</strong></span> <span class='ocrx_word' id='word_1_36' title='bbox 1823 819 1941 858; x_wconf 89' lang='lat' dir='ltr'><strong>mu-</strong></span> 
     </span>
    </p>
   </div>
   <div class='ocr_carea' id='block_1_7' title="bbox 355 891 1940 962">
    <p class='ocr_par' dir='ltr' id='par_1_7' title="bbox 355 891 1940 962">
     <span class='ocr_line' id='line_1_7' title="bbox 355 891 1940 962; baseline 0 -16"><span class='ocrx_word' id='word_1_37' title='bbox 355 907 448 946; x_wconf 89' lang='lat' dir='ltr'><strong>rus</strong></span> <span class='ocrx_word' id='word_1_38' title='bbox 473 891 914 962; x_wconf 76' lang='lat' dir='ltr'><strong>inexpugnabilis,</strong></span> <span class='ocrx_word' id='word_1_39' title='bbox 947 892 1262 947; x_wconf 88' lang='lat' dir='ltr'><strong>inconcussa</strong></span> <span class='ocrx_word' id='word_1_40' title='bbox 1293 893 1474 956; x_wconf 90' lang='lat' dir='ltr'><strong>turris,</strong></span> <span class='ocrx_word' id='word_1_41' title='bbox 1506 893 1671 962; x_wconf 79' lang='lat' dir='ltr'><strong>gloria</strong></span> <span class='ocrx_word' id='word_1_42' title='bbox 1700 908 1817 962; x_wconf 72' lang='lat' dir='ltr'><strong>qum</strong></span> <span class='ocrx_word' id='word_1_43' title='bbox 1845 908 1940 946; x_wconf 86' lang='lat' dir='ltr'><strong>ne-</strong></span> 
     </span>
    </p>
   </div>
   <div class='ocr_carea' id='block_1_8' title="bbox 353 982 1938 1052">
    <p class='ocr_par' dir='ltr' id='par_1_8' title="bbox 353 982 1938 1052">
     <span class='ocr_line' id='line_1_8' title="bbox 353 982 1938 1052; baseline 0 -16"><span class='ocrx_word' id='word_1_44' title='bbox 353 983 469 1052; x_wconf 91' lang='lat' dir='ltr'><strong>quit</strong></span> <span class='ocrx_word' id='word_1_45' title='bbox 496 983 650 1052; x_wconf 91' lang='lat' dir='ltr'><strong>eripi,</strong></span> <span class='ocrx_word' id='word_1_46' title='bbox 680 993 947 1037; x_wconf 84' lang='lat' dir='ltr'><strong>armatura</strong></span> <span class='ocrx_word' id='word_1_47' title='bbox 981 982 1418 1052; x_wconf 85' lang='lat' dir='ltr'><strong>impenetrabilis,</strong></span> <span class='ocrx_word' id='word_1_48' title='bbox 1449 984 1609 1037; x_wconf 90' lang='lat' dir='ltr'><strong>animi</strong></span> <span class='ocrx_word' id='word_1_49' title='bbox 1640 983 1938 1052; x_wconf 85' lang='lat' dir='ltr'><strong>tranquilli-</strong></span> 
     </span>
    </p>
   </div>
   <div class='ocr_carea' id='block_1_9' title="bbox 355 1077 1937 1146">
    <p class='ocr_par' dir='ltr' id='par_1_9' title="bbox 355 1077 1937 1146">
     <span class='ocr_line' id='line_1_9' title="bbox 355 1077 1937 1146; baseline -0.001 -16"><span class='ocrx_word' id='word_1_50' title='bbox 355 1085 440 1130; x_wconf 90' lang='lat' dir='ltr'><strong>tas</strong></span> <span class='ocrx_word' id='word_1_51' title='bbox 468 1077 692 1140; x_wconf 80' lang='lat' dir='ltr'><strong>inviola,</strong></span> <span class='ocrx_word' id='word_1_52' title='bbox 736 1077 978 1146; x_wconf 78' lang='lat' dir='ltr'><strong>voluptas</strong></span> <span class='ocrx_word' id='word_1_53' title='bbox 1004 1078 1252 1130; x_wconf 90' lang='lat' dir='ltr'><strong>continua</strong></span> <span class='ocrx_word' id='word_1_54' title='bbox 1274 1117 1288 1140; x_wconf 92' lang='lat'><strong>,</strong></span> <span class='ocrx_word' id='word_1_55' title='bbox 1337 1083 1391 1130; x_wconf 90' lang='lat' dir='ltr'><strong>et</strong></span> <span class='ocrx_word' id='word_1_56' title='bbox 1428 1091 1772 1145; x_wconf 67' lang='lat' dir='ltr'><strong>quaecumque</strong></span> <span class='ocrx_word' id='word_1_57' title='bbox 1803 1077 1937 1130; x_wconf 89' lang='lat' dir='ltr'><strong>bona</strong></span> 
     </span>
    </p>
   </div>
   <div class='ocr_carea' id='block_1_10' title="bbox 355 1165 1939 1236">
    <p class='ocr_par' dir='ltr' id='par_1_10' title="bbox 355 1165 1939 1236">
     <span class='ocr_line' id='line_1_10' title="bbox 355 1165 1939 1236; baseline -0.001 -15"><span class='ocrx_word' id='word_1_58' title='bbox 355 1166 577 1231; x_wconf 79' lang='lat' dir='ltr'><strong>dixeris,</strong></span> <span class='ocrx_word' id='word_1_59' title='bbox 606 1167 900 1221; x_wconf 83' lang='lat' dir='ltr'><strong>divinarum</strong></span> <span class='ocrx_word' id='word_1_60' title='bbox 945 1181 1264 1236; x_wconf 88' lang='lat' dir='ltr'><strong>congressus</strong></span> <span class='ocrx_word' id='word_1_61' title='bbox 1307 1165 1720 1236; x_wconf 82' lang='lat' dir='ltr'><strong>Scripturarum.</strong></span> <span class='ocrx_word' id='word_1_62' title='bbox 1761 1166 1861 1220; x_wconf 90' lang='lat' dir='ltr'><strong>Hic</strong></span> <span class='ocrx_word' id='word_1_63' title='bbox 1887 1175 1939 1221; x_wconf 89' lang='lat' dir='ltr'><strong>ct</strong></span> 
     </span>
    </p>
   </div>
   <div class='ocr_carea' id='block_1_11' title="bbox 355 1259 1933 1330">
    <p class='ocr_par' dir='ltr' id='par_1_11' title="bbox 355 1259 1933 1330">
     <span class='ocr_line' id='line_1_11' title="bbox 355 1259 1933 1330; baseline -0.002 -16"><span class='ocrx_word' id='word_1_64' title='bbox 355 1275 642 1315; x_wconf 69' lang='lat' dir='ltr'><strong>nmrorem</strong></span> <span class='ocrx_word' id='word_1_65' title='bbox 694 1259 894 1330; x_wconf 78' lang='lat' dir='ltr'><strong>abigit,</strong></span> <span class='ocrx_word' id='word_1_66' title='bbox 940 1268 995 1315; x_wconf 91' lang='lat' dir='ltr'><strong>et</strong></span> <span class='ocrx_word' id='word_1_67' title='bbox 1036 1260 1197 1313; x_wconf 86' lang='lat' dir='ltr'><strong>animi</strong></span> <span class='ocrx_word' id='word_1_68' title='bbox 1242 1259 1670 1329; x_wconf 87' lang='lat' dir='ltr'><strong>tranquillitatem</strong></span> <span class='ocrx_word' id='word_1_69' title='bbox 1715 1266 1890 1312; x_wconf 89' lang='lat' dir='ltr'><strong>tuetur</strong></span> <span class='ocrx_word' id='word_1_70' title='bbox 1917 1298 1933 1322; x_wconf 92' lang='lat'><strong>,</strong></span> 
     </span>
    </p>
   </div>
   <div class='ocr_carea' id='block_1_12' title="bbox 355 1351 1934 1423">
    <p class='ocr_par' dir='ltr' id='par_1_12' title="bbox 355 1351 1934 1423">
     <span class='ocr_line' id='line_1_12' title="bbox 355 1351 1934 1423; baseline -0.001 -16"><span class='ocrx_word' id='word_1_71' title='bbox 355 1368 644 1423; x_wconf 83' lang='lat' dir='ltr'><strong>pauperem</strong></span> <span class='ocrx_word' id='word_1_72' title='bbox 675 1352 919 1408; x_wconf 87' lang='lat' dir='ltr'><strong>ditiorem</strong></span> <span class='ocrx_word' id='word_1_73' title='bbox 946 1353 1122 1408; x_wconf 87' lang='lat' dir='ltr'><strong>reddit</strong></span> <span class='ocrx_word' id='word_1_74' title='bbox 1150 1352 1416 1421; x_wconf 89' lang='lat' dir='ltr'><strong>opulentis</strong></span> <span class='ocrx_word' id='word_1_75' title='bbox 1434 1394 1448 1415; x_wconf 90' lang='lat'><strong>,</strong></span> <span class='ocrx_word' id='word_1_76' title='bbox 1491 1360 1544 1405; x_wconf 78' lang='lat' dir='ltr'><strong>et</strong></span> <span class='ocrx_word' id='word_1_77' title='bbox 1570 1351 1820 1406; x_wconf 89' lang='lat' dir='ltr'><strong>divitibus</strong></span> <span class='ocrx_word' id='word_1_78' title='bbox 1847 1365 1934 1405; x_wconf 80' lang='lat' dir='ltr'><strong>se~</strong></span> 
     </span>
    </p>
   </div>
   <div class='ocr_carea' id='block_1_13' title="bbox 353 1442 1936 1514">
    <p class='ocr_par' dir='ltr' id='par_1_13' title="bbox 353 1442 1936 1514">
     <span class='ocr_line' id='line_1_13' title="bbox 353 1442 1936 1514; baseline -0.002 -17"><span class='ocrx_word' id='word_1_79' title='bbox 353 1444 636 1498; x_wconf 88' lang='lat' dir='ltr'><strong>curitatem</strong></span> <span class='ocrx_word' id='word_1_80' title='bbox 678 1443 941 1512; x_wconf 80' lang='lat' dir='ltr'><strong>acquirit,</strong></span> <span class='ocrx_word' id='word_1_81' title='bbox 985 1453 1316 1514; x_wconf 90' lang='lat' dir='ltr'><strong>peccatorem</strong></span> <span class='ocrx_word' id='word_1_82' title='bbox 1360 1443 1558 1510; x_wconf 90' lang='lat' dir='ltr'><strong>justum</strong></span> <span class='ocrx_word' id='word_1_83' title='bbox 1595 1442 1778 1508; x_wconf 86' lang='lat' dir='ltr'><strong>efﬁcit,</strong></span> <span class='ocrx_word' id='word_1_84' title='bbox 1820 1447 1936 1495; x_wconf 89' lang='lat' dir='ltr'><strong>tuto</strong></span> 
     </span>
    </p>
   </div>
   <div class='ocr_carea' id='block_1_14' title="bbox 355 1531 1932 1603">
    <p class='ocr_par' dir='ltr' id='par_1_14' title="bbox 355 1531 1932 1603">
     <span class='ocr_line' id='line_1_14' title="bbox 355 1531 1932 1603; baseline -0.001 -17"><span class='ocrx_word' id='word_1_85' title='bbox 355 1533 600 1603; x_wconf 51' lang='lat' dir='ltr'><strong>praesidio</strong></span> <span class='ocrx_word' id='word_1_86' title='bbox 622 1534 821 1603; x_wconf 90' lang='lat' dir='ltr'><strong>justum</strong></span> <span class='ocrx_word' id='word_1_87' title='bbox 848 1535 1036 1598; x_wconf 90' lang='lat' dir='ltr'><strong>munit,</strong></span> <span class='ocrx_word' id='word_1_88' title='bbox 1068 1533 1207 1588; x_wconf 90' lang='lat' dir='ltr'><strong>mala</strong></span> <span class='ocrx_word' id='word_1_89' title='bbox 1229 1550 1346 1602; x_wconf 78' lang='lat' dir='ltr'><strong>qua:</strong></span> <span class='ocrx_word' id='word_1_90' title='bbox 1369 1534 1551 1587; x_wconf 82' lang='lat' dir='ltr'><strong>insunt</strong></span> <span class='ocrx_word' id='word_1_91' title='bbox 1575 1533 1776 1596; x_wconf 86' lang='lat' dir='ltr'><strong>evellit,</strong></span> <span class='ocrx_word' id='word_1_92' title='bbox 1794 1531 1932 1585; x_wconf 88' lang='lat' dir='ltr'><strong>bona</strong></span> 
     </span>
    </p>
   </div>
   <div class='ocr_carea' id='block_1_15' title="bbox 353 1623 1936 1695">
    <p class='ocr_par' dir='ltr' id='par_1_15' title="bbox 353 1623 1936 1695">
     <span class='ocr_line' id='line_1_15' title="bbox 353 1623 1936 1695; baseline -0.001 -17"><span class='ocrx_word' id='word_1_93' title='bbox 353 1639 475 1694; x_wconf 69' lang='lat' dir='ltr'><strong>qua:</strong></span> <span class='ocrx_word' id='word_1_94' title='bbox 502 1625 694 1680; x_wconf 84' lang='lat' dir='ltr'><strong>desunt</strong></span> <span class='ocrx_word' id='word_1_95' title='bbox 737 1625 940 1688; x_wconf 81' lang='lat' dir='ltr'><strong>inserit,</strong></span> <span class='ocrx_word' id='word_1_96' title='bbox 988 1624 1243 1680; x_wconf 89' lang='lat' dir='ltr'><strong>malitiam</strong></span> <span class='ocrx_word' id='word_1_97' title='bbox 1270 1624 1445 1695; x_wconf 90' lang='lat' dir='ltr'><strong>fugat,</strong></span> <span class='ocrx_word' id='word_1_98' title='bbox 1473 1624 1543 1678; x_wconf 89' lang='lat' dir='ltr'><strong>ad</strong></span> <span class='ocrx_word' id='word_1_99' title='bbox 1567 1623 1817 1679; x_wconf 86' lang='lat' dir='ltr'><strong>virtutem</strong></span> <span class='ocrx_word' id='word_1_100' title='bbox 1847 1638 1936 1678; x_wconf 84' lang='lat' dir='ltr'><strong>re-</strong></span> 
     </span>
    </p>
   </div>
   <div class='ocr_carea' id='block_1_16' title="bbox 355 1715 1930 1784">
    <p class='ocr_par' dir='ltr' id='par_1_16' title="bbox 355 1715 1930 1784">
     <span class='ocr_line' id='line_1_16' title="bbox 355 1715 1930 1784; baseline -0.001 -13"><span class='ocrx_word' id='word_1_101' title='bbox 355 1716 521 1782; x_wconf 92' lang='lat' dir='ltr'><strong>ducit,</strong></span> <span class='ocrx_word' id='word_1_102' title='bbox 546 1732 647 1772; x_wconf 88' lang='lat' dir='ltr'><strong>nec</strong></span> <span class='ocrx_word' id='word_1_103' title='bbox 677 1717 880 1772; x_wconf 87' lang='lat' dir='ltr'><strong>reducit</strong></span> <span class='ocrx_word' id='word_1_104' title='bbox 907 1717 1099 1784; x_wconf 88' lang='lat' dir='ltr'><strong>modo,</strong></span> <span class='ocrx_word' id='word_1_105' title='bbox 1135 1717 1230 1772; x_wconf 90' lang='lat' dir='ltr'><strong>sed</strong></span> <span class='ocrx_word' id='word_1_106' title='bbox 1257 1716 1522 1771; x_wconf 86' lang='lat' dir='ltr'><strong>radicibus</strong></span> <span class='ocrx_word' id='word_1_107' title='bbox 1545 1715 1706 1770; x_wconf 90' lang='lat' dir='ltr'><strong>etiam</strong></span> <span class='ocrx_word' id='word_1_108' title='bbox 1737 1715 1930 1780; x_wconf 81' lang='lat' dir='ltr'><strong>ﬁrmat,</strong></span> 
     </span>
    </p>
   </div>
   <div class='ocr_carea' id='block_1_17' title="bbox 353 1809 1933 1880">
    <p class='ocr_par' dir='ltr' id='par_1_17' title="bbox 353 1809 1933 1880">
     <span class='ocr_line' id='line_1_17' title="bbox 353 1809 1933 1880; baseline -0.001 -16"><span class='ocrx_word' id='word_1_109' title='bbox 353 1818 428 1876; x_wconf 89' lang='lat' dir='ltr'><strong>et,</strong></span> <span class='ocrx_word' id='word_1_110' title='bbox 456 1821 514 1864; x_wconf 85' lang='lat' dir='ltr'><strong>ut</strong></span> <span class='ocrx_word' id='word_1_111' title='bbox 546 1819 800 1880; x_wconf 90' lang='lat' dir='ltr'><strong>perpetuo</strong></span> <span class='ocrx_word' id='word_1_112' title='bbox 824 1819 1056 1877; x_wconf 90' lang='lat' dir='ltr'><strong>maneat,</strong></span> <span class='ocrx_word' id='word_1_113' title='bbox 1089 1811 1274 1875; x_wconf 84' lang='lat' dir='ltr'><strong>efficit,</strong></span> <span class='ocrx_word' id='word_1_114' title='bbox 1300 1825 1418 1865; x_wconf 90' lang='lat' dir='ltr'><strong>cum</strong></span> <span class='ocrx_word' id='word_1_115' title='bbox 1449 1809 1737 1880; x_wconf 89' lang='lat' dir='ltr'><strong>spiritualis</strong></span> <span class='ocrx_word' id='word_1_116' title='bbox 1763 1811 1933 1865; x_wconf 86' lang='lat' dir='ltr'><strong>medi-</strong></span> 
     </span>
    </p>
   </div>
   <div class='ocr_carea' id='block_1_18' title="bbox 321 1901 1930 1983">
    <p class='ocr_par' dir='ltr' id='par_1_18' title="bbox 321 1901 1930 1983">
     <span class='ocr_line' id='line_1_18' title="bbox 321 1901 1930 1983; baseline -0.002 -26"><span class='ocrx_word' id='word_1_117' title='bbox 321 1972 334 1983; x_wconf 31' lang='grc' dir='ltr'><strong>Γ</strong></span> <span class='ocrx_word' id='word_1_118' title='bbox 352 1903 469 1957; x_wconf 91' lang='lat' dir='ltr'><strong>cina</strong></span> <span class='ocrx_word' id='word_1_119' title='bbox 497 1903 598 1969; x_wconf 92' lang='lat' dir='ltr'><strong>sit,</strong></span> <span class='ocrx_word' id='word_1_120' title='bbox 647 1918 709 1958; x_wconf 83' lang='lat' dir='ltr'><strong>ac</strong></span> <span class='ocrx_word' id='word_1_121' title='bbox 737 1903 921 1958; x_wconf 81' lang='lat' dir='ltr'><strong>divina</strong></span> <span class='ocrx_word' id='word_1_122' title='bbox 949 1902 1189 1974; x_wconf 68' lang='lat' dir='ltr'><strong>quaedam</strong></span> <span class='ocrx_word' id='word_1_123' title='bbox 1217 1911 1270 1956; x_wconf 93' lang='lat' dir='ltr'><strong>et</strong></span> <span class='ocrx_word' id='word_1_124' title='bbox 1304 1902 1584 1956; x_wconf 75' lang='lat' dir='ltr'><strong>inell‘ahilis</strong></span> <span class='ocrx_word' id='word_1_125' title='bbox 1622 1901 1930 1968; x_wconf 89' lang='lat' dir='ltr'><strong>incantatio,</strong></span> 
     </span>
    </p>
   </div>
   <div class='ocr_carea' id='block_1_19' title="bbox 352 1995 1931 2066">
    <p class='ocr_par' dir='ltr' id='par_1_19' title="bbox 352 1995 1931 2066">
     <span class='ocr_line' id='line_1_19' title="bbox 352 1995 1931 2066; baseline 0.001 -19"><span class='ocrx_word' id='word_1_126' title='bbox 352 2010 470 2064; x_wconf 72' lang='lat' dir='ltr'><strong>qum</strong></span> <span class='ocrx_word' id='word_1_127' title='bbox 498 1995 770 2066; x_wconf 89' lang='lat' dir='ltr'><strong>passiones</strong></span> <span class='ocrx_word' id='word_1_128' title='bbox 792 1996 1127 2051; x_wconf 79' lang='lat' dir='ltr'><strong>exterminat.</strong></span> <span class='ocrx_word' id='word_1_129' title='bbox 1158 1995 1290 2050; x_wconf 89' lang='lat' dir='ltr'><strong>Nam</strong></span> <span class='ocrx_word' id='word_1_130' title='bbox 1315 2005 1368 2050; x_wconf 89' lang='lat' dir='ltr'><strong>et</strong></span> <span class='ocrx_word' id='word_1_131' title='bbox 1386 1997 1564 2064; x_wconf 90' lang='lat' dir='ltr'><strong>spinas</strong></span> <span class='ocrx_word' id='word_1_132' title='bbox 1594 2003 1931 2064; x_wconf 88' lang='lat' dir='ltr'><strong>peccatorum</strong></span> 
     </span>
    </p>
   </div>
   <div class='ocr_carea' id='block_1_20' title="bbox 351 2087 1928 2158">
    <p class='ocr_par' dir='ltr' id='par_1_20' title="bbox 351 2087 1928 2158">
     <span class='ocr_line' id='line_1_20' title="bbox 351 2087 1928 2158; baseline -0.001 -18"><span class='ocrx_word' id='word_1_133' title='bbox 351 2087 630 2155; x_wconf 79' lang='lat' dir='ltr'><strong>exstirpat,</strong></span> <span class='ocrx_word' id='word_1_134' title='bbox 662 2095 717 2142; x_wconf 92' lang='lat' dir='ltr'><strong>et</strong></span> <span class='ocrx_word' id='word_1_135' title='bbox 741 2101 925 2142; x_wconf 89' lang='lat' dir='ltr'><strong>arvum</strong></span> <span class='ocrx_word' id='word_1_136' title='bbox 948 2095 1224 2158; x_wconf 76' lang='lat' dir='ltr'><strong>expurgat,</strong></span> <span class='ocrx_word' id='word_1_137' title='bbox 1248 2095 1301 2141; x_wconf 91' lang='lat' dir='ltr'><strong>et</strong></span> <span class='ocrx_word' id='word_1_138' title='bbox 1329 2087 1538 2157; x_wconf 89' lang='lat' dir='ltr'><strong>pietatis</strong></span> <span class='ocrx_word' id='word_1_139' title='bbox 1561 2087 1928 2156; x_wconf 88' lang='lat' dir='ltr'><strong>jacitsemina,</strong></span> 
     </span>
    </p>
   </div>
   <div class='ocr_carea' id='block_1_21' title="bbox 334 2178 1933 2256">
    <p class='ocr_par' dir='ltr' id='par_1_21' title="bbox 334 2178 1933 2256">
     <span class='ocr_line' id='line_1_21' title="bbox 334 2178 1933 2256; baseline 0.001 -23"><span class='ocrx_word' id='word_1_140' title='bbox 334 2187 406 2256; x_wconf 33' lang='lat' dir='ltr'><strong>.et</strong></span> <span class='ocrx_word' id='word_1_141' title='bbox 446 2178 676 2235; x_wconf 88' lang='lat' dir='ltr'><strong>fructum</strong></span> <span class='ocrx_word' id='word_1_142' title='bbox 716 2179 786 2235; x_wconf 88' lang='lat' dir='ltr'><strong>ad</strong></span> <span class='ocrx_word' id='word_1_143' title='bbox 820 2181 1052 2251; x_wconf 80' lang='lat' dir='ltr'><strong>vigorem</strong></span> <span class='ocrx_word' id='word_1_144' title='bbox 1085 2181 1343 2251; x_wconf 88' lang='lat' dir='ltr'><strong>perducit.</strong></span> <span class='ocrx_word' id='word_1_145' title='bbox 1388 2179 1730 2250; x_wconf 87' lang='lat' dir='ltr'><strong>Nequaquam</strong></span> <span class='ocrx_word' id='word_1_146' title='bbox 1775 2179 1933 2250; x_wconf 79' lang='lat' dir='ltr'><strong>igitur</strong></span> 
     </span>
    </p>
   </div>
   <div class='ocr_carea' id='block_1_22' title="bbox 335 2271 1929 2349">
    <p class='ocr_par' dir='ltr' id='par_1_22' title="bbox 335 2271 1929 2349">
     <span class='ocr_line' id='line_1_22' title="bbox 335 2271 1929 2349; baseline 0 -23"><span class='ocrx_word' id='word_1_147' title='bbox 335 2280 431 2349; x_wconf 41' lang='lat' dir='ltr'><strong>‘tot</strong></span> <span class='ocrx_word' id='word_1_148' title='bbox 458 2286 805 2340; x_wconf 89' lang='lat' dir='ltr'><strong>aspernemur</strong></span> <span class='ocrx_word' id='word_1_149' title='bbox 833 2272 994 2338; x_wconf 88' lang='lat' dir='ltr'><strong>bona,</strong></span> <span class='ocrx_word' id='word_1_150' title='bbox 1029 2288 1200 2343; x_wconf 87' lang='lat' dir='ltr'><strong>neque</strong></span> <span class='ocrx_word' id='word_1_151' title='bbox 1221 2290 1249 2328; x_wconf 88' lang='lat' dir='ltr'><strong>a</strong></span> <span class='ocrx_word' id='word_1_152' title='bbox 1273 2273 1508 2328; x_wconf 86' lang='lat' dir='ltr'><strong>collectis</strong></span> <span class='ocrx_word' id='word_1_153' title='bbox 1526 2272 1762 2328; x_wconf 91' lang='lat' dir='ltr'><strong>absimns</strong></span> <span class='ocrx_word' id='word_1_154' title='bbox 1785 2311 1801 2336; x_wconf 93' lang='lat'><strong>,</strong></span> <span class='ocrx_word' id='word_1_155' title='bbox 1833 2271 1929 2326; x_wconf 91' lang='lat' dir='ltr'><strong>sed</strong></span> 
     </span>
    </p>
   </div>
   <div class='ocr_carea' id='block_1_23' title="bbox 353 2364 1926 2432">
    <p class='ocr_par' dir='ltr' id='par_1_23' title="bbox 353 2364 1926 2432">
     <span class='ocr_line' id='line_1_23' title="bbox 353 2364 1926 2432; baseline 0 -14"><span class='ocrx_word' id='word_1_156' title='bbox 353 2364 458 2419; x_wconf 92' lang='lat' dir='ltr'><strong>huc</strong></span> <span class='ocrx_word' id='word_1_157' title='bbox 481 2379 579 2418; x_wconf 91' lang='lat' dir='ltr'><strong>nos</strong></span> <span class='ocrx_word' id='word_1_158' title='bbox 605 2364 818 2420; x_wconf 91' lang='lat' dir='ltr'><strong>assidue</strong></span> <span class='ocrx_word' id='word_1_159' title='bbox 841 2365 1176 2420; x_wconf 88' lang='lat' dir='ltr'><strong>conferamus</strong></span> <span class='ocrx_word' id='word_1_160' title='bbox 1199 2406 1215 2432; x_wconf 92' lang='lat'><strong>,</strong></span> <span class='ocrx_word' id='word_1_161' title='bbox 1264 2373 1320 2419; x_wconf 93' lang='lat' dir='ltr'><strong>ut</strong></span> <span class='ocrx_word' id='word_1_162' title='bbox 1343 2365 1595 2419; x_wconf 87' lang='lat' dir='ltr'><strong>continue</strong></span> <span class='ocrx_word' id='word_1_163' title='bbox 1635 2378 1886 2418; x_wconf 90' lang='lat' dir='ltr'><strong>sanemur</strong></span> <span class='ocrx_word' id='word_1_164' title='bbox 1914 2382 1926 2418; x_wconf 92' lang='lat'>:</span> 
     </span>
    </p>
   </div>
   <div class='ocr_carea' id='block_1_24' title="bbox 351 2455 1931 2521">
    <p class='ocr_par' dir='ltr' id='par_1_24' title="bbox 351 2455 1931 2521">
     <span class='ocr_line' id='line_1_24' title="bbox 351 2455 1931 2521; baseline -0.001 -11"><span class='ocrx_word' id='word_1_165' title='bbox 351 2470 453 2511; x_wconf 91' lang='lat' dir='ltr'><strong>nec</strong></span> <span class='ocrx_word' id='word_1_166' title='bbox 482 2456 619 2512; x_wconf 90' lang='lat' dir='ltr'><strong>ullus</strong></span> <span class='ocrx_word' id='word_1_167' title='bbox 646 2457 864 2512; x_wconf 87' lang='lat' dir='ltr'><strong>divitem</strong></span> <span class='ocrx_word' id='word_1_168' title='bbox 894 2471 1120 2512; x_wconf 87' lang='lat' dir='ltr'><strong>cernens</strong></span> <span class='ocrx_word' id='word_1_169' title='bbox 1151 2456 1344 2510; x_wconf 87' lang='lat' dir='ltr'><strong>invidia</strong></span> <span class='ocrx_word' id='word_1_170' title='bbox 1370 2457 1666 2521; x_wconf 77' lang='lat' dir='ltr'><strong>sauciatur,</strong></span> <span class='ocrx_word' id='word_1_171' title='bbox 1691 2463 1783 2508; x_wconf 88' lang='lat' dir='ltr'><strong>aut</strong></span> <span class='ocrx_word' id='word_1_172' title='bbox 1816 2455 1931 2509; x_wconf 84' lang='lat' dir='ltr'><strong>ino-</strong></span> 
     </span>
    </p>
   </div>
   <div class='ocr_carea' id='block_1_25' title="bbox 350 2547 1927 2618">
    <p class='ocr_par' dir='ltr' id='par_1_25' title="bbox 350 2547 1927 2618">
     <span class='ocr_line' id='line_1_25' title="bbox 350 2547 1927 2618; baseline -0.002 -17"><span class='ocrx_word' id='word_1_173' title='bbox 350 2549 433 2617; x_wconf 89' lang='lat' dir='ltr'><strong>pia</strong></span> <span class='ocrx_word' id='word_1_174' title='bbox 451 2557 700 2618; x_wconf 79' lang='lat' dir='ltr'><strong>gravetur</strong></span> <span class='ocrx_word' id='word_1_175' title='bbox 726 2565 740 2601; x_wconf 93' lang='lat'><strong>:</strong></span> <span class='ocrx_word' id='word_1_176' title='bbox 767 2547 862 2604; x_wconf 91' lang='lat' dir='ltr'><strong>sed</strong></span> <span class='ocrx_word' id='word_1_177' title='bbox 883 2563 1007 2602; x_wconf 86' lang='lat' dir='ltr'><strong>vera</strong></span> <span class='ocrx_word' id='word_1_178' title='bbox 1030 2547 1238 2617; x_wconf 90' lang='lat' dir='ltr'><strong>cognita</strong></span> <span class='ocrx_word' id='word_1_179' title='bbox 1264 2562 1441 2600; x_wconf 87' lang='lat' dir='ltr'><strong>rerum</strong></span> <span class='ocrx_word' id='word_1_180' title='bbox 1469 2555 1676 2612; x_wconf 89' lang='lat' dir='ltr'><strong>natura,</strong></span> <span class='ocrx_word' id='word_1_181' title='bbox 1705 2553 1927 2616; x_wconf 55' lang='lat' dir='ltr'><strong>praster-</strong></span> 
     </span>
    </p>
   </div>
   <div class='ocr_carea' id='block_1_26' title="bbox 349 2639 1925 2710">
    <p class='ocr_par' dir='ltr' id='par_1_26' title="bbox 349 2639 1925 2710">
     <span class='ocr_line' id='line_1_26' title="bbox 349 2639 1925 2710; baseline -0.001 -18"><span class='ocrx_word' id='word_1_182' title='bbox 349 2649 436 2692; x_wconf 88' lang='lat' dir='ltr'><strong>cat</strong></span> <span class='ocrx_word' id='word_1_183' title='bbox 465 2640 983 2706; x_wconf 89' lang='lat' dir='ltr'><strong>umbras,veritatcm</strong></span> <span class='ocrx_word' id='word_1_184' title='bbox 1024 2641 1388 2710; x_wconf 85' lang='lat' dir='ltr'><strong>amplectatur.</strong></span> <span class='ocrx_word' id='word_1_185' title='bbox 1411 2639 1680 2710; x_wconf 90' lang='lat' dir='ltr'><strong>Siquidem</strong></span> <span class='ocrx_word' id='word_1_186' title='bbox 1719 2640 1925 2704; x_wconf 88' lang='lat' dir='ltr'><strong>umbra,</strong></span> 
     </span>
    </p>
   </div>
   <div class='ocr_carea' id='block_1_27' title="bbox 352 2729 1929 2802">
    <p class='ocr_par' dir='ltr' id='par_1_27' title="bbox 352 2729 1929 2802">
     <span class='ocr_line' id='line_1_27' title="bbox 352 2729 1929 2802; baseline 0.002 -19"><span class='ocrx_word' id='word_1_187' title='bbox 352 2729 478 2786; x_wconf 83' lang='lat' dir='ltr'><strong>licet</strong></span> <span class='ocrx_word' id='word_1_188' title='bbox 497 2746 720 2800; x_wconf 90' lang='lat' dir='ltr'><strong>corpore</strong></span> <span class='ocrx_word' id='word_1_189' title='bbox 735 2733 906 2800; x_wconf 83' lang='lat' dir='ltr'><strong>major</strong></span> <span class='ocrx_word' id='word_1_190' title='bbox 930 2740 1201 2802; x_wconf 90' lang='lat' dir='ltr'><strong>appareat,</strong></span> <span class='ocrx_word' id='word_1_191' title='bbox 1230 2741 1311 2786; x_wconf 91' lang='lat' dir='ltr'><strong>est</strong></span> <span class='ocrx_word' id='word_1_192' title='bbox 1339 2742 1514 2786; x_wconf 91' lang='lat' dir='ltr'><strong>tamen</strong></span> <span class='ocrx_word' id='word_1_193' title='bbox 1530 2731 1718 2787; x_wconf 88' lang='lat' dir='ltr'><strong>umbra</strong></span> <span class='ocrx_word' id='word_1_194' title='bbox 1743 2749 1757 2789; x_wconf 89' lang='lat'><strong>:</strong></span> <span class='ocrx_word' id='word_1_195' title='bbox 1784 2743 1929 2786; x_wconf 79' lang='lat' dir='ltr'><strong>certe</strong></span> 
     </span>
    </p>
   </div>
   <div class='ocr_carea' id='block_1_28' title="bbox 349 2823 1926 2894">
    <p class='ocr_par' dir='ltr' id='par_1_28' title="bbox 349 2823 1926 2894">
     <span class='ocr_line' id='line_1_28' title="bbox 349 2823 1926 2894; baseline 0 -16"><span class='ocrx_word' id='word_1_196' title='bbox 349 2824 490 2878; x_wconf 90' lang='lat' dir='ltr'><strong>enim</strong></span> <span class='ocrx_word' id='word_1_197' title='bbox 519 2823 688 2892; x_wconf 85' lang='lat' dir='ltr'><strong>major</strong></span> <span class='ocrx_word' id='word_1_198' title='bbox 715 2837 780 2879; x_wconf 90' lang='lat' dir='ltr'><strong>eo</strong></span> <span class='ocrx_word' id='word_1_199' title='bbox 819 2840 923 2879; x_wconf 92' lang='lat' dir='ltr'><strong>non</strong></span> <span class='ocrx_word' id='word_1_200' title='bbox 963 2831 1046 2878; x_wconf 87' lang='lat' dir='ltr'><strong>cst</strong></span> <span class='ocrx_word' id='word_1_201' title='bbox 1082 2825 1310 2894; x_wconf 91' lang='lat' dir='ltr'><strong>alioqui,</strong></span> <span class='ocrx_word' id='word_1_202' title='bbox 1340 2825 1433 2880; x_wconf 91' lang='lat' dir='ltr'><strong>sed</strong></span> <span class='ocrx_word' id='word_1_203' title='bbox 1459 2825 1667 2879; x_wconf 90' lang='lat' dir='ltr'><strong>videtur</strong></span> <span class='ocrx_word' id='word_1_204' title='bbox 1690 2863 1706 2890; x_wconf 94' lang='lat'><strong>,</strong></span> <span class='ocrx_word' id='word_1_205' title='bbox 1738 2831 1792 2878; x_wconf 90' lang='lat' dir='ltr'><strong>et</strong></span> <span class='ocrx_word' id='word_1_206' title='bbox 1817 2831 1926 2878; x_wconf 92' lang='lat' dir='ltr'><strong>tum</strong></span> 
     </span>
    </p>
   </div>
   <div class='ocr_carea' id='block_1_29' title="bbox 349 2913 1928 2979">
    <p class='ocr_par' dir='ltr' id='par_1_29' title="bbox 349 2913 1928 2979">
     <span class='ocr_line' id='line_1_29' title="bbox 349 2913 1928 2979; baseline 0.004 -15"><span class='ocrx_word' id='word_1_207' title='bbox 349 2913 561 2968; x_wconf 85' lang='lat' dir='ltr'><strong>videtur</strong></span> <span class='ocrx_word' id='word_1_208' title='bbox 589 2955 604 2979; x_wconf 93' lang='lat'><strong>,</strong></span> <span class='ocrx_word' id='word_1_209' title='bbox 635 2929 755 2968; x_wconf 88' lang='lat' dir='ltr'><strong>cum</strong></span> <span class='ocrx_word' id='word_1_210' title='bbox 783 2929 812 2968; x_wconf 90' lang='lat' dir='ltr'><strong>a</strong></span> <span class='ocrx_word' id='word_1_211' title='bbox 837 2915 964 2971; x_wconf 88' lang='lat' dir='ltr'><strong>solis</strong></span> <span class='ocrx_word' id='word_1_212' title='bbox 992 2915 1154 2970; x_wconf 88' lang='lat' dir='ltr'><strong>radiis</strong></span> <span class='ocrx_word' id='word_1_213' title='bbox 1179 2916 1493 2971; x_wconf 89' lang='lat' dir='ltr'><strong>remotiores</strong></span> <span class='ocrx_word' id='word_1_214' title='bbox 1521 2915 1776 2971; x_wconf 88' lang='lat' dir='ltr'><strong>fuerimus</strong></span> <span class='ocrx_word' id='word_1_215' title='bbox 1803 2934 1818 2970; x_wconf 90' lang='lat'><strong>:</strong></span> <span class='ocrx_word' id='word_1_216' title='bbox 1849 2916 1928 2971; x_wconf 92' lang='lat' dir='ltr'><strong>sic</strong></span> 
     </span>
    </p>
   </div>
   <div class='ocr_carea' id='block_1_30' title="bbox 347 3004 1925 3064">
    <p class='ocr_par' dir='ltr' id='par_1_30' title="bbox 347 3004 1925 3064">
     <span class='ocr_line' id='line_1_30' title="bbox 347 3004 1925 3064; baseline 0.003 -6"><span class='ocrx_word' id='word_1_217' title='bbox 347 3004 601 3059; x_wconf 80' lang='lat' dir='ltr'><strong>nimirum</strong></span> <span class='ocrx_word' id='word_1_218' title='bbox 639 3007 778 3061; x_wconf 88' lang='lat' dir='ltr'><strong>circa</strong></span> <span class='ocrx_word' id='word_1_219' title='bbox 825 3006 1103 3062; x_wconf 88' lang='lat' dir='ltr'><strong>meridiem</strong></span> <span class='ocrx_word' id='word_1_220' title='bbox 1153 3008 1277 3062; x_wconf 92' lang='lat' dir='ltr'><strong>dum</strong></span> <span class='ocrx_word' id='word_1_221' title='bbox 1324 3007 1572 3064; x_wconf 85' lang='lat' dir='ltr'><strong>ferventis</strong></span> <span class='ocrx_word' id='word_1_222' title='bbox 1615 3009 1744 3063; x_wconf 90' lang='lat' dir='ltr'><strong>solis</strong></span> <span class='ocrx_word' id='word_1_223' title='bbox 1794 3009 1925 3063; x_wconf 89' lang='lat' dir='ltr'><strong>radii</strong></span> 
     </span>
    </p>
   </div>
   <div class='ocr_carea' id='block_1_31' title="bbox 347 3096 1928 3171">
    <p class='ocr_par' dir='ltr' id='par_1_31' title="bbox 347 3096 1928 3171">
     <span class='ocr_line' id='line_1_31' title="bbox 347 3096 1928 3171; baseline 0.004 -22"><span class='ocrx_word' id='word_1_224' title='bbox 347 3096 507 3166; x_wconf 85' lang='lat' dir='ltr'><strong>capiti</strong></span> <span class='ocrx_word' id='word_1_225' title='bbox 538 3098 842 3163; x_wconf 89' lang='lat' dir='ltr'><strong>imminent,</strong></span> <span class='ocrx_word' id='word_1_226' title='bbox 880 3098 1113 3169; x_wconf 88' lang='lat' dir='ltr'><strong>undique</strong></span> <span class='ocrx_word' id='word_1_227' title='bbox 1154 3100 1208 3154; x_wconf 91' lang='lat' dir='ltr'><strong>in</strong></span> <span class='ocrx_word' id='word_1_228' title='bbox 1240 3109 1522 3170; x_wconf 85' lang='lat' dir='ltr'><strong>angustum</strong></span> <span class='ocrx_word' id='word_1_229' title='bbox 1551 3100 1841 3171; x_wconf 77' lang='lat' dir='ltr'><strong>redigitur,</strong></span> <span class='ocrx_word' id='word_1_230' title='bbox 1874 3110 1928 3156; x_wconf 93' lang='lat' dir='ltr'><strong>et</strong></span> 
     </span>
    </p>
   </div>
   <div class='ocr_carea' id='block_1_32' title="bbox 345 3188 1924 3260">
    <p class='ocr_par' dir='ltr' id='par_1_32' title="bbox 345 3188 1924 3260">
     <span class='ocr_line' id='line_1_32' title="bbox 345 3188 1924 3260; baseline 0.003 -19"><span class='ocrx_word' id='word_1_231' title='bbox 345 3188 693 3252; x_wconf 87' lang='lat' dir='ltr'><strong>contrahitur,</strong></span> <span class='ocrx_word' id='word_1_232' title='bbox 725 3203 788 3242; x_wconf 90' lang='lat' dir='ltr'><strong>ac</strong></span> <span class='ocrx_word' id='word_1_233' title='bbox 812 3188 1022 3243; x_wconf 82' lang='lat' dir='ltr'><strong>brevior</strong></span> <span class='ocrx_word' id='word_1_234' title='bbox 1038 3189 1121 3254; x_wconf 85' lang='lat' dir='ltr'><strong>ﬁt;</strong></span> <span class='ocrx_word' id='word_1_235' title='bbox 1140 3189 1280 3258; x_wconf 90' lang='lat' dir='ltr'><strong>quod</strong></span> <span class='ocrx_word' id='word_1_236' title='bbox 1299 3191 1477 3260; x_wconf 88' lang='lat' dir='ltr'><strong>utique</strong></span> <span class='ocrx_word' id='word_1_237' title='bbox 1506 3190 1558 3244; x_wconf 93' lang='lat' dir='ltr'><strong>in</strong></span> <span class='ocrx_word' id='word_1_238' title='bbox 1587 3191 1746 3246; x_wconf 85' lang='lat' dir='ltr'><strong>rebus</strong></span> <span class='ocrx_word' id='word_1_239' title='bbox 1765 3191 1924 3246; x_wconf 91' lang='lat' dir='ltr'><strong>etiam</strong></span> 
     </span>
    </p>
   </div>
   <div class='ocr_carea' id='block_1_33' title="bbox 349 3279 1923 3354">
    <p class='ocr_par' dir='ltr' id='par_1_33' title="bbox 349 3279 1923 3354">
     <span class='ocr_line' id='line_1_33' title="bbox 349 3279 1923 3354; baseline 0.004 -23"><span class='ocrx_word' id='word_1_240' title='bbox 349 3279 592 3334; x_wconf 89' lang='lat' dir='ltr'><strong>humanis</strong></span> <span class='ocrx_word' id='word_1_241' title='bbox 619 3282 873 3335; x_wconf 90' lang='lat' dir='ltr'><strong>cernitur.</strong></span> <span class='ocrx_word' id='word_1_242' title='bbox 919 3280 1050 3334; x_wconf 87' lang='lat' dir='ltr'><strong>Nam</strong></span> <span class='ocrx_word' id='word_1_243' title='bbox 1100 3283 1349 3353; x_wconf 90' lang='lat' dir='ltr'><strong>quamdiu</strong></span> <span class='ocrx_word' id='word_1_244' title='bbox 1401 3298 1461 3338; x_wconf 91' lang='lat' dir='ltr'><strong>se</strong></span> <span class='ocrx_word' id='word_1_245' title='bbox 1504 3283 1709 3354; x_wconf 79' lang='lat' dir='ltr'><strong>longius</strong></span> <span class='ocrx_word' id='word_1_246' title='bbox 1737 3284 1856 3353; x_wconf 90' lang='lat' dir='ltr'><strong>quis</strong></span> <span class='ocrx_word' id='word_1_247' title='bbox 1893 3298 1923 3337; x_wconf 90' lang='lat' dir='ltr'><strong>a</strong></span> 
     </span>
    </p>
   </div>
   <div class='ocr_carea' id='block_1_34' title="bbox 343 3373 1919 3444">
    <p class='ocr_par' dir='ltr' id='par_1_34' title="bbox 343 3373 1919 3444">
     <span class='ocr_line' id='line_1_34' title="bbox 343 3373 1919 3444; baseline 0.001 -18"><span class='ocrx_word' id='word_1_248' title='bbox 343 3375 543 3428; x_wconf 87' lang='lat' dir='ltr'><strong>virtute</strong></span> <span class='ocrx_word' id='word_1_249' title='bbox 585 3373 831 3444; x_wconf 85' lang='lat' dir='ltr'><strong>sejungit,</strong></span> <span class='ocrx_word' id='word_1_250' title='bbox 879 3389 1084 3444; x_wconf 73' lang='lat' dir='ltr'><strong>magna:</strong></span> <span class='ocrx_word' id='word_1_251' title='bbox 1113 3374 1186 3428; x_wconf 90' lang='lat' dir='ltr'><strong>illi</strong></span> <span class='ocrx_word' id='word_1_252' title='bbox 1224 3389 1313 3430; x_wconf 89' lang='lat' dir='ltr'><strong>res</strong></span> <span class='ocrx_word' id='word_1_253' title='bbox 1346 3374 1604 3430; x_wconf 90' lang='lat' dir='ltr'><strong>videntur</strong></span> <span class='ocrx_word' id='word_1_254' title='bbox 1638 3374 1919 3429; x_wconf 64' lang='lat' dir='ltr'><strong>humanm:</strong></span> 
     </span>
    </p>
   </div>
   <div class='ocr_carea' id='block_1_35' title="bbox 345 3463 1924 3535">
    <p class='ocr_par' dir='ltr' id='par_1_35' title="bbox 345 3463 1924 3535">
     <span class='ocr_line' id='line_1_35' title="bbox 345 3463 1924 3535; baseline 0.003 -17"><span class='ocrx_word' id='word_1_255' title='bbox 345 3463 436 3520; x_wconf 90' lang='lat' dir='ltr'><strong>ubi</strong></span> <span class='ocrx_word' id='word_1_256' title='bbox 463 3479 590 3520; x_wconf 91' lang='lat' dir='ltr'><strong>vero</strong></span> <span class='ocrx_word' id='word_1_257' title='bbox 616 3478 676 3518; x_wconf 90' lang='lat' dir='ltr'><strong>se</strong></span> <span class='ocrx_word' id='word_1_258' title='bbox 696 3465 749 3519; x_wconf 92' lang='lat' dir='ltr'><strong>in</strong></span> <span class='ocrx_word' id='word_1_259' title='bbox 771 3465 1068 3520; x_wconf 88' lang='lat' dir='ltr'><strong>clarissimo</strong></span> <span class='ocrx_word' id='word_1_260' title='bbox 1087 3464 1476 3535; x_wconf 89' lang='lat' dir='ltr'><strong>Scripturarum</strong></span> <span class='ocrx_word' id='word_1_261' title='bbox 1494 3465 1692 3521; x_wconf 90' lang='lat' dir='ltr'><strong>lumine</strong></span> <span class='ocrx_word' id='word_1_262' title='bbox 1706 3467 1924 3522; x_wconf 87' lang='lat' dir='ltr'><strong>colloca-</strong></span> 
     </span>
    </p>
   </div>
   <div class='ocr_carea' id='block_1_36' title="bbox 346 3555 1923 3626">
    <p class='ocr_par' dir='ltr' id='par_1_36' title="bbox 346 3555 1923 3626">
     <span class='ocr_line' id='line_1_36' title="bbox 346 3555 1923 3626; baseline 0.004 -18"><span class='ocrx_word' id='word_1_263' title='bbox 346 3555 436 3620; x_wconf 87' lang='lat' dir='ltr'><strong>rit,</strong></span> <span class='ocrx_word' id='word_1_264' title='bbox 469 3565 579 3609; x_wconf 92' lang='lat' dir='ltr'><strong>tum</strong></span> <span class='ocrx_word' id='word_1_265' title='bbox 607 3569 735 3610; x_wconf 91' lang='lat' dir='ltr'><strong>vero</strong></span> <span class='ocrx_word' id='word_1_266' title='bbox 757 3571 916 3626; x_wconf 89' lang='lat' dir='ltr'><strong>quam</strong></span> <span class='ocrx_word' id='word_1_267' title='bbox 942 3556 1094 3619; x_wconf 87' lang='lat' dir='ltr'><strong>viles,</strong></span> <span class='ocrx_word' id='word_1_268' title='bbox 1125 3570 1283 3626; x_wconf 92' lang='lat' dir='ltr'><strong>quam</strong></span> <span class='ocrx_word' id='word_1_269' title='bbox 1307 3556 1514 3623; x_wconf 87' lang='lat' dir='ltr'><strong>breves,</strong></span> <span class='ocrx_word' id='word_1_270' title='bbox 1543 3571 1700 3626; x_wconf 89' lang='lat' dir='ltr'><strong>quam</strong></span> <span class='ocrx_word' id='word_1_271' title='bbox 1727 3557 1923 3614; x_wconf 85' lang='lat' dir='ltr'><strong>nullius</strong></span> 
     </span>
    </p>
   </div>
   <div class='ocr_carea' id='block_1_37' title="bbox 345 3645 1925 3717">
    <p class='ocr_par' dir='ltr' id='par_1_37' title="bbox 345 3645 1925 3717">
     <span class='ocr_line' id='line_1_37' title="bbox 345 3645 1925 3717; baseline 0.001 -17"><span class='ocrx_word' id='word_1_272' title='bbox 345 3647 602 3701; x_wconf 80' lang='lat' dir='ltr'><strong>momenti</strong></span> <span class='ocrx_word' id='word_1_273' title='bbox 630 3647 736 3701; x_wconf 92' lang='lat' dir='ltr'><strong>sint</strong></span> <span class='ocrx_word' id='word_1_274' title='bbox 767 3662 850 3702; x_wconf 91' lang='lat' dir='ltr'><strong>res</strong></span> <span class='ocrx_word' id='word_1_275' title='bbox 878 3646 1091 3701; x_wconf 61' lang='lat' dir='ltr'><strong>caduca</strong></span> <span class='ocrx_word' id='word_1_276' title='bbox 1118 3645 1492 3701; x_wconf 86' lang='lat' dir='ltr'><strong>animadvertit</strong></span> <span class='ocrx_word' id='word_1_277' title='bbox 1515 3689 1530 3713; x_wconf 96' lang='lat'><strong>,</strong></span> <span class='ocrx_word' id='word_1_278' title='bbox 1559 3662 1622 3702; x_wconf 91' lang='lat' dir='ltr'><strong>ac</strong></span> <span class='ocrx_word' id='word_1_279' title='bbox 1651 3648 1814 3717; x_wconf 89' lang='lat' dir='ltr'><strong>probe</strong></span> <span class='ocrx_word' id='word_1_280' title='bbox 1843 3648 1925 3702; x_wconf 87' lang='lat' dir='ltr'><strong>in-</strong></span> 
     </span>
    </p>
   </div>
   <div class='ocr_carea' id='block_1_38' title="bbox 347 3736 1922 3808">
    <p class='ocr_par' dir='ltr' id='par_1_38' title="bbox 347 3736 1922 3808">
     <span class='ocr_line' id='line_1_38' title="bbox 347 3736 1922 3808; baseline 0 -14"><span class='ocrx_word' id='word_1_281' title='bbox 347 3739 537 3806; x_wconf 90' lang='lat' dir='ltr'><strong>telligit</strong></span> <span class='ocrx_word' id='word_1_282' title='bbox 560 3738 726 3792; x_wconf 93' lang='lat' dir='ltr'><strong>nihilo</strong></span> <span class='ocrx_word' id='word_1_283' title='bbox 752 3753 842 3793; x_wconf 90' lang='lat' dir='ltr'><strong>eas</strong></span> <span class='ocrx_word' id='word_1_284' title='bbox 871 3737 1077 3793; x_wconf 91' lang='lat' dir='ltr'><strong>meliori</strong></span> <span class='ocrx_word' id='word_1_285' title='bbox 1104 3736 1407 3792; x_wconf 89' lang='lat' dir='ltr'><strong>conditione</strong></span> <span class='ocrx_word' id='word_1_286' title='bbox 1431 3779 1445 3802; x_wconf 93' lang='lat'><strong>,</strong></span> <span class='ocrx_word' id='word_1_287' title='bbox 1485 3753 1641 3808; x_wconf 91' lang='lat' dir='ltr'><strong>quam</strong></span> <span class='ocrx_word' id='word_1_288' title='bbox 1684 3737 1922 3794; x_wconf 83' lang='lat' dir='ltr'><strong>fluviales</strong></span> 
     </span>
    </p>
   </div>
   <div class='ocr_carea' id='block_1_39' title="bbox 345 3827 1922 3898">
    <p class='ocr_par' dir='ltr' id='par_1_39' title="bbox 345 3827 1922 3898">
     <span class='ocr_line' id='line_1_39' title="bbox 345 3827 1922 3898; baseline 0.002 -17"><span class='ocrx_word' id='word_1_289' title='bbox 345 3829 518 3884; x_wconf 85' lang='lat' dir='ltr'><strong>undas</strong></span> <span class='ocrx_word' id='word_1_290' title='bbox 539 3842 678 3896; x_wconf 90' lang='lat' dir='ltr'><strong>esse,</strong></span> <span class='ocrx_word' id='word_1_291' title='bbox 698 3843 816 3898; x_wconf 70' lang='lat' dir='ltr'><strong>qua:</strong></span> <span class='ocrx_word' id='word_1_292' title='bbox 836 3828 993 3883; x_wconf 89' lang='lat' dir='ltr'><strong>simul</strong></span> <span class='ocrx_word' id='word_1_293' title='bbox 1023 3836 1313 3897; x_wconf 91' lang='lat' dir='ltr'><strong>appareant</strong></span> <span class='ocrx_word' id='word_1_294' title='bbox 1332 3836 1386 3881; x_wconf 93' lang='lat' dir='ltr'><strong>et</strong></span> <span class='ocrx_word' id='word_1_295' title='bbox 1405 3827 1724 3882; x_wconf 87' lang='lat' dir='ltr'><strong>dilabantur.</strong></span> <span class='ocrx_word' id='word_1_296' title='bbox 1753 3828 1922 3897; x_wconf 89' lang='lat' dir='ltr'><strong>Quam</strong></span> 
     </span>
    </p>
   </div>
   <div class='ocr_carea' id='block_1_40' title="bbox 345 3917 1922 3989">
    <p class='ocr_par' dir='ltr' id='par_1_40' title="bbox 345 3917 1922 3989">
     <span class='ocr_line' id='line_1_40' title="bbox 345 3917 1922 3989; baseline 0 -15"><span class='ocrx_word' id='word_1_297' title='bbox 345 3919 416 3974; x_wconf 92' lang='lat' dir='ltr'><strong>ob</strong></span> <span class='ocrx_word' id='word_1_298' title='bbox 437 3934 657 3974; x_wconf 77' lang='lat' dir='ltr'><strong>causam</strong></span> <span class='ocrx_word' id='word_1_299' title='bbox 685 3934 804 3974; x_wconf 90' lang='lat' dir='ltr'><strong>cum</strong></span> <span class='ocrx_word' id='word_1_300' title='bbox 835 3918 1092 3989; x_wconf 85' lang='lat' dir='ltr'><strong>propheta</strong></span> <span class='ocrx_word' id='word_1_301' title='bbox 1118 3917 1602 3989; x_wconf 79' lang='lat' dir='ltr'><strong>philosopharetur,</strong></span> <span class='ocrx_word' id='word_1_302' title='bbox 1631 3928 1684 3975; x_wconf 92' lang='lat' dir='ltr'><strong>et</strong></span> <span class='ocrx_word' id='word_1_303' title='bbox 1705 3921 1922 3989; x_wconf 87' lang='lat' dir='ltr'><strong>pusilla-</strong></span> 
     </span>
    </p>
   </div>
   <div class='ocr_carea' id='block_1_41' title="bbox 344 4009 1920 4080">
    <p class='ocr_par' dir='ltr' id='par_1_41' title="bbox 344 4009 1920 4080">
     <span class='ocr_line' id='line_1_41' title="bbox 344 4009 1920 4080; baseline -0.001 -14"><span class='ocrx_word' id='word_1_304' title='bbox 344 4013 521 4067; x_wconf 87' lang='lat' dir='ltr'><strong>nimes</strong></span> <span class='ocrx_word' id='word_1_305' title='bbox 549 4013 678 4066; x_wconf 89' lang='lat' dir='ltr'><strong>istos</strong></span> <span class='ocrx_word' id='word_1_306' title='bbox 706 4021 761 4066; x_wconf 92' lang='lat' dir='ltr'><strong>et</strong></span> <span class='ocrx_word' id='word_1_307' title='bbox 787 4010 1028 4066; x_wconf 81' lang='lat' dir='ltr'><strong>infelices</strong></span> <span class='ocrx_word' id='word_1_308' title='bbox 1054 4012 1364 4080; x_wconf 76' lang='lat' dir='ltr'><strong>castigaret,</strong></span> <span class='ocrx_word' id='word_1_309' title='bbox 1396 4009 1488 4080; x_wconf 90' lang='lat' dir='ltr'><strong>qui</strong></span> <span class='ocrx_word' id='word_1_310' title='bbox 1517 4009 1661 4066; x_wconf 90' lang='lat' dir='ltr'><strong>humi</strong></span> <span class='ocrx_word' id='word_1_311' title='bbox 1687 4021 1920 4080; x_wconf 86' lang='lat' dir='ltr'><strong>reptant,</strong></span> 
     </span>
    </p>
   </div>
   <div class='ocr_carea' id='block_1_42' title="bbox 346 4102 1924 4172">
    <p class='ocr_par' dir='ltr' id='par_1_42' title="bbox 346 4102 1924 4172">
     <span class='ocr_line' id='line_1_42' title="bbox 346 4102 1924 4172; baseline -0.001 -14"><span class='ocrx_word' id='word_1_312' title='bbox 346 4102 488 4158; x_wconf 83' lang='lat' dir='ltr'><strong>et-ad</strong></span> <span class='ocrx_word' id='word_1_313' title='bbox 509 4103 812 4158; x_wconf 82' lang='lat' dir='ltr'><strong>divitiarum</strong></span> <span class='ocrx_word' id='word_1_314' title='bbox 843 4116 1087 4172; x_wconf 88' lang='lat' dir='ltr'><strong>pompam</strong></span> <span class='ocrx_word' id='word_1_315' title='bbox 1117 4102 1517 4170; x_wconf 86' lang='lat' dir='ltr'><strong>obstupescunt,</strong></span> <span class='ocrx_word' id='word_1_316' title='bbox 1564 4103 1653 4172; x_wconf 91' lang='lat' dir='ltr'><strong>qui</strong></span> <span class='ocrx_word' id='word_1_317' title='bbox 1683 4102 1924 4157; x_wconf 86' lang='lat' dir='ltr'><strong>reformi-</strong></span> 
     </span>
    </p>
   </div>
   <div class='ocr_carea' id='block_1_43' title="bbox 343 4190 1920 4262">
    <p class='ocr_par' dir='ltr' id='par_1_43' title="bbox 343 4190 1920 4262">
     <span class='ocr_line' id='line_1_43' title="bbox 343 4190 1920 4262; baseline -0.002 -13"><span class='ocrx_word' id='word_1_318' title='bbox 343 4195 475 4250; x_wconf 80' lang='lat' dir='ltr'><strong>dant</strong></span> <span class='ocrx_word' id='word_1_319' title='bbox 497 4209 561 4249; x_wconf 91' lang='lat' dir='ltr'><strong>ac</strong></span> <span class='ocrx_word' id='word_1_320' title='bbox 578 4201 810 4249; x_wconf 86' lang='lat' dir='ltr'><strong>tremunt</strong></span> <span class='ocrx_word' id='word_1_321' title='bbox 825 4207 938 4259; x_wconf 88' lang='lat' dir='ltr'><strong>eos,</strong></span> <span class='ocrx_word' id='word_1_322' title='bbox 956 4192 1044 4262; x_wconf 91' lang='lat' dir='ltr'><strong>qui</strong></span> <span class='ocrx_word' id='word_1_323' title='bbox 1065 4190 1324 4261; x_wconf 84' lang='lat' dir='ltr'><strong>ejusmodi</strong></span> <span class='ocrx_word' id='word_1_324' title='bbox 1343 4191 1501 4246; x_wconf 87' lang='lat' dir='ltr'><strong>rebus</strong></span> <span class='ocrx_word' id='word_1_325' title='bbox 1521 4192 1920 4260; x_wconf 83' lang='lat' dir='ltr'><strong>circumfluunt,</strong></span> 
     </span>
    </p>
   </div>
   <div class='ocr_carea' id='block_1_44' title="bbox 346 4281 1924 4355">
    <p class='ocr_par' dir='ltr' id='par_1_44' title="bbox 346 4281 1924 4355">
     <span class='ocr_line' id='line_1_44' title="bbox 346 4281 1924 4355; baseline -0.001 -14"><span class='ocrx_word' id='word_1_326' title='bbox 346 4296 400 4341; x_wconf 88' lang='lat' dir='ltr'><strong>et</strong></span> <span class='ocrx_word' id='word_1_327' title='bbox 443 4301 541 4340; x_wconf 88' lang='lat' dir='ltr'><strong>nos</strong></span> <span class='ocrx_word' id='word_1_328' title='bbox 563 4286 631 4340; x_wconf 82' lang='lat' dir='ltr'><strong>ab</strong></span> <span class='ocrx_word' id='word_1_329' title='bbox 656 4285 759 4340; x_wconf 90' lang='lat' dir='ltr'><strong>hoc</strong></span> <span class='ocrx_word' id='word_1_330' title='bbox 787 4299 983 4355; x_wconf 87' lang='lat' dir='ltr'><strong>pavore</strong></span> <span class='ocrx_word' id='word_1_331' title='bbox 1007 4282 1295 4339; x_wconf 89' lang='lat' dir='ltr'><strong>abduceret</strong></span> <span class='ocrx_word' id='word_1_332' title='bbox 1322 4297 1385 4339; x_wconf 91' lang='lat' dir='ltr'><strong>ac</strong></span> <span class='ocrx_word' id='word_1_333' title='bbox 1412 4281 1661 4340; x_wconf 83' lang='lat' dir='ltr'><strong>suaderet</strong></span> <span class='ocrx_word' id='word_1_334' title='bbox 1683 4326 1697 4350; x_wconf 89' lang='lat'><strong>,</strong></span> <span class='ocrx_word' id='word_1_335' title='bbox 1728 4292 1787 4340; x_wconf 90' lang='lat' dir='ltr'><strong>ut</strong></span> <span class='ocrx_word' id='word_1_336' title='bbox 1829 4299 1924 4340; x_wconf 89' lang='lat' dir='ltr'><strong>eas</strong></span> 
     </span>
    </p>
   </div>
   <div class='ocr_carea' id='block_1_45' title="bbox 347 4379 1925 4451">
    <p class='ocr_par' dir='ltr' id='par_1_45' title="bbox 347 4379 1925 4451">
     <span class='ocr_line' id='line_1_45' title="bbox 347 4379 1925 4451; baseline 0.001 -17"><span class='ocrx_word' id='word_1_337' title='bbox 347 4393 614 4451; x_wconf 87' lang='lat' dir='ltr'><strong>tamquam</strong></span> <span class='ocrx_word' id='word_1_338' title='bbox 656 4393 746 4435; x_wconf 89' lang='lat' dir='ltr'><strong>res</strong></span> <span class='ocrx_word' id='word_1_339' title='bbox 791 4379 938 4434; x_wconf 86' lang='lat' dir='ltr'><strong>nihili</strong></span> <span class='ocrx_word' id='word_1_340' title='bbox 981 4389 1442 4434; x_wconf 87' lang='lat' dir='ltr'><strong>contemneremus</strong></span> <span class='ocrx_word' id='word_1_341' title='bbox 1468 4420 1484 4447; x_wconf 94' lang='lat'><strong>,</strong></span> <span class='ocrx_word' id='word_1_342' title='bbox 1533 4379 1788 4436; x_wconf 88' lang='lat' dir='ltr'><strong>dicebat:</strong></span> <span class='ocrx_word' id='word_1_343' title='bbox 1840 4379 1925 4436; x_wconf 80' lang='lat' dir='ltr'><strong>Nc</strong></span> 
     </span>
    </p>
   </div>
   <div class='ocr_carea' id='block_1_46' title="bbox 336 4471 1922 4544">
    <p class='ocr_par' dir='ltr' id='par_1_46' title="bbox 336 4471 1922 4544">
     <span class='ocr_line' id='line_1_46' title="bbox 336 4471 1922 4544; baseline 0.002 -20"><span class='ocrx_word' id='word_1_344' title='bbox 336 4473 594 4535; x_wconf 74' lang='lat' dir='ltr'><strong>timueris,</strong></span> <span class='ocrx_word' id='word_1_345' title='bbox 612 4487 727 4525; x_wconf 82' lang='lat' dir='ltr'><strong>cum</strong></span> <span class='ocrx_word' id='word_1_346' title='bbox 757 4471 892 4526; x_wconf 72' lang='lat' dir='ltr'><strong>dives</strong></span> <span class='ocrx_word' id='word_1_347' title='bbox 912 4475 1074 4542; x_wconf 81' lang='lat' dir='ltr'><strong>factus</strong></span> <span class='ocrx_word' id='word_1_348' title='bbox 1097 4472 1250 4544; x_wconf 80' lang='lat' dir='ltr'><strong>fuerit</strong></span> <span class='ocrx_word' id='word_1_349' title='bbox 1273 4472 1422 4526; x_wconf 86' lang='lat' dir='ltr'><strong>homo</strong></span> <span class='ocrx_word' id='word_1_350' title='bbox 1441 4514 1456 4538; x_wconf 92' lang='lat'><strong>,</strong></span> <span class='ocrx_word' id='word_1_351' title='bbox 1485 4482 1575 4526; x_wconf 86' lang='lat' dir='ltr'><strong>aut</strong></span> <span class='ocrx_word' id='word_1_352' title='bbox 1601 4488 1718 4527; x_wconf 86' lang='lat' dir='ltr'><strong>cum</strong></span> <span class='ocrx_word' id='word_1_353' title='bbox 1745 4473 1922 4527; x_wconf 85' lang='lat' dir='ltr'><strong>multi-</strong></span> 
     </span>
    </p>
   </div>
   <div class='ocr_carea' id='block_1_47' title="bbox 346 4563 1921 4636">
    <p class='ocr_par' dir='ltr' id='par_1_47' title="bbox 346 4563 1921 4636">
     <span class='ocr_line' id='line_1_47' title="bbox 346 4563 1921 4636; baseline 0 -16"><span class='ocrx_word' id='word_1_354' title='bbox 346 4568 533 4634; x_wconf 80' lang='lat' dir='ltr'><strong>plicata</strong></span> <span class='ocrx_word' id='word_1_355' title='bbox 557 4565 707 4636; x_wconf 77' lang='lat' dir='ltr'><strong>{uerit</strong></span> <span class='ocrx_word' id='word_1_356' title='bbox 743 4565 907 4636; x_wconf 87' lang='lat' dir='ltr'><strong>gloria</strong></span> <span class='ocrx_word' id='word_1_357' title='bbox 927 4565 1106 4618; x_wconf 86' lang='lat' dir='ltr'><strong>domus</strong></span> <span class='ocrx_word' id='word_1_358' title='bbox 1133 4566 1261 4635; x_wconf 86' lang='lat' dir='ltr'><strong>ejus.</strong></span> <span class='ocrx_word' id='word_1_359' title='bbox 1292 4563 1545 4630; x_wconf 80' lang='lat' dir='ltr'><strong>Quoniam</strong></span> <span class='ocrx_word' id='word_1_360' title='bbox 1573 4583 1686 4619; x_wconf 85' lang='lat' dir='ltr'><strong>cum</strong></span> <span class='ocrx_word' id='word_1_361' title='bbox 1716 4567 1921 4620; x_wconf 82' lang='lat' dir='ltr'><strong>interie-</strong></span> 
     </span>
    </p>
   </div>
   <div class='ocr_carea' id='block_1_48' title="bbox 344 4656 1926 4729">
    <p class='ocr_par' dir='ltr' id='par_1_48' title="bbox 344 4656 1926 4729">
     <span class='ocr_line' id='line_1_48' title="bbox 344 4656 1926 4729; baseline 0.003 -19"><span class='ocrx_word' id='word_1_362' title='bbox 344 4660 429 4724; x_wconf 84' lang='lat' dir='ltr'><strong>rit,</strong></span> <span class='ocrx_word' id='word_1_363' title='bbox 466 4675 568 4712; x_wconf 82' lang='lat' dir='ltr'><strong>non</strong></span> <span class='ocrx_word' id='word_1_364' title='bbox 594 4668 756 4713; x_wconf 83' lang='lat' dir='ltr'><strong>sumet</strong></span> <span class='ocrx_word' id='word_1_365' title='bbox 775 4657 943 4711; x_wconf 83' lang='lat' dir='ltr'><strong>omnia</strong></span> <span class='ocrx_word' id='word_1_366' title='bbox 965 4656 1134 4726; x_wconf 85' lang='lat' dir='ltr'><strong>(Psal.</strong></span> <span class='ocrx_word' id='word_1_367' title='bbox 1161 4657 1249 4712; x_wconf 70' lang='lat'><strong>48.</strong></span> <span class='ocrx_word' id='word_1_368' title='bbox 1272 4658 1378 4728; x_wconf 80' lang='lat' dir='ltr'><strong>t7).</strong></span> <span class='ocrx_word' id='word_1_369' title='bbox 1395 4657 1555 4714; x_wconf 82' lang='lat' dir='ltr'><strong>Vides</strong></span> <span class='ocrx_word' id='word_1_370' title='bbox 1580 4673 1738 4729; x_wconf 90' lang='lat' dir='ltr'><strong>quam</strong></span> <span class='ocrx_word' id='word_1_371' title='bbox 1767 4675 1926 4715; x_wconf 33' lang='lat' dir='ltr'><strong>aecus</strong></span> 
     </span>
    </p>
   </div>
   <div class='ocr_carea' id='block_1_49' title="bbox 345 4750 1921 4812">
    <p class='ocr_par' dir='ltr' id='par_1_49' title="bbox 345 4750 1921 4812">
     <span class='ocr_line' id='line_1_49' title="bbox 345 4750 1921 4812; baseline 0.001 -7"><span class='ocrx_word' id='word_1_372' title='bbox 345 4760 458 4806; x_wconf 90' lang='lat' dir='ltr'><strong>rata</strong></span> <span class='ocrx_word' id='word_1_373' title='bbox 486 4751 728 4806; x_wconf 90' lang='lat' dir='ltr'><strong>oratione</strong></span> <span class='ocrx_word' id='word_1_374' title='bbox 759 4751 916 4804; x_wconf 90' lang='lat' dir='ltr'><strong>fuerit</strong></span> <span class='ocrx_word' id='word_1_375' title='bbox 945 4764 1090 4812; x_wconf 90' lang='lat' dir='ltr'><strong>usus,</strong></span> <span class='ocrx_word' id='word_1_376' title='bbox 1123 4759 1176 4804; x_wconf 86' lang='lat' dir='ltr'><strong>ct</strong></span> <span class='ocrx_word' id='word_1_377' title='bbox 1202 4750 1496 4805; x_wconf 89' lang='lat' dir='ltr'><strong>clarissime</strong></span> <span class='ocrx_word' id='word_1_378' title='bbox 1518 4760 1708 4806; x_wconf 90' lang='lat' dir='ltr'><strong>cuncta</strong></span> <span class='ocrx_word' id='word_1_379' title='bbox 1730 4752 1921 4807; x_wconf 90' lang='lat' dir='ltr'><strong>distin-</strong></span> 
     </span>
    </p>
   </div>
   <div class='ocr_carea' id='block_1_50' title="bbox 344 4842 1923 4916">
    <p class='ocr_par' dir='ltr' id='par_1_50' title="bbox 344 4842 1923 4916">
     <span class='ocr_line' id='line_1_50' title="bbox 344 4842 1923 4916; baseline 0.003 -20"><span class='ocrx_word' id='word_1_380' title='bbox 344 4842 521 4898; x_wconf 70' lang='lat' dir='ltr'><strong>xerit?</strong></span> <span class='ocrx_word' id='word_1_381' title='bbox 545 4843 659 4897; x_wconf 87' lang='lat' dir='ltr'><strong>Non</strong></span> <span class='ocrx_word' id='word_1_382' title='bbox 685 4843 826 4898; x_wconf 91' lang='lat' dir='ltr'><strong>enim</strong></span> <span class='ocrx_word' id='word_1_383' title='bbox 855 4843 1010 4905; x_wconf 84' lang='lat' dir='ltr'><strong>dixit,</strong></span> <span class='ocrx_word' id='word_1_384' title='bbox 1053 4844 1182 4898; x_wconf 86' lang='lat' dir='ltr'><strong>Cum</strong></span> <span class='ocrx_word' id='word_1_385' title='bbox 1229 4844 1574 4913; x_wconf 90' lang='lat' dir='ltr'><strong>multiplicata</strong></span> <span class='ocrx_word' id='word_1_386' title='bbox 1616 4844 1771 4899; x_wconf 92' lang='lat' dir='ltr'><strong>fuerit</strong></span> <span class='ocrx_word' id='word_1_387' title='bbox 1807 4845 1923 4916; x_wconf 88' lang='lat' dir='ltr'><strong>ejus</strong></span> 
     </span>
    </p>
   </div>
   <div class='ocr_carea' id='block_1_51' title="bbox 344 4932 1922 5004">
    <p class='ocr_par' dir='ltr' id='par_1_51' title="bbox 344 4932 1922 5004">
     <span class='ocr_line' id='line_1_51' title="bbox 344 4932 1922 5004; baseline 0.003 -18"><span class='ocrx_word' id='word_1_388' title='bbox 344 4933 535 5001; x_wconf 83' lang='lat' dir='ltr'><strong>gloria,</strong></span> <span class='ocrx_word' id='word_1_389' title='bbox 565 4933 682 4998; x_wconf 86' lang='lat' dir='ltr'><strong>sed,</strong></span> <span class='ocrx_word' id='word_1_390' title='bbox 715 4932 892 4987; x_wconf 78' lang='lat' dir='ltr'><strong>Gloria</strong></span> <span class='ocrx_word' id='word_1_391' title='bbox 915 4934 1093 4988; x_wconf 86' lang='lat' dir='ltr'><strong>domus</strong></span> <span class='ocrx_word' id='word_1_392' title='bbox 1132 4935 1240 5004; x_wconf 86' lang='lat' dir='ltr'><strong>ejus</strong></span> <span class='ocrx_word' id='word_1_393' title='bbox 1264 4976 1278 4994; x_wconf 92' lang='lat'><strong>,</strong></span> <span class='ocrx_word' id='word_1_394' title='bbox 1331 4934 1571 4988; x_wconf 87' lang='lat' dir='ltr'><strong>indicans</strong></span> <span class='ocrx_word' id='word_1_395' title='bbox 1619 4935 1760 4988; x_wconf 87' lang='lat' dir='ltr'><strong>aliud</strong></span> <span class='ocrx_word' id='word_1_396' title='bbox 1803 4949 1922 4990; x_wconf 90' lang='lat' dir='ltr'><strong>esse</strong></span> 
     </span>
    </p>
   </div>
   <div class='ocr_carea' id='block_1_52' title="bbox 343 5024 1921 5096">
    <p class='ocr_par' dir='ltr' id='par_1_52' title="bbox 343 5024 1921 5096">
     <span class='ocr_line' id='line_1_52' title="bbox 343 5024 1921 5096; baseline 0.002 -19"><span class='ocrx_word' id='word_1_397' title='bbox 343 5025 564 5094; x_wconf 85' lang='lat' dir='ltr'><strong>gloriam</strong></span> <span class='ocrx_word' id='word_1_398' title='bbox 595 5024 826 5078; x_wconf 85' lang='lat' dir='ltr'><strong>hominis</strong></span> <span class='ocrx_word' id='word_1_399' title='bbox 847 5065 862 5090; x_wconf 91' lang='lat'><strong>,</strong></span> <span class='ocrx_word' id='word_1_400' title='bbox 893 5033 946 5078; x_wconf 91' lang='lat' dir='ltr'><strong>et</strong></span> <span class='ocrx_word' id='word_1_401' title='bbox 970 5024 1110 5078; x_wconf 89' lang='lat' dir='ltr'><strong>aliud</strong></span> <span class='ocrx_word' id='word_1_402' title='bbox 1138 5025 1362 5094; x_wconf 87' lang='lat' dir='ltr'><strong>gloriam</strong></span> <span class='ocrx_word' id='word_1_403' title='bbox 1391 5024 1602 5080; x_wconf 90' lang='lat' dir='ltr'><strong>domus.</strong></span> <span class='ocrx_word' id='word_1_404' title='bbox 1648 5025 1784 5093; x_wconf 86' lang='lat' dir='ltr'><strong>Quid</strong></span> <span class='ocrx_word' id='word_1_405' title='bbox 1821 5025 1921 5096; x_wconf 84' lang='lat' dir='ltr'><strong>igi-</strong></span> 
     </span>
    </p>
   </div>
   <div class='ocr_carea' id='block_1_53' title="bbox 345 5115 1922 5186">
    <p class='ocr_par' dir='ltr' id='par_1_53' title="bbox 345 5115 1922 5186">
     <span class='ocr_line' id='line_1_53' title="bbox 345 5115 1922 5186; baseline 0.001 -15"><span class='ocrx_word' id='word_1_406' title='bbox 345 5129 430 5172; x_wconf 90' lang='lat' dir='ltr'><strong>tur</strong></span> <span class='ocrx_word' id='word_1_407' title='bbox 467 5125 547 5171; x_wconf 87' lang='lat' dir='ltr'><strong>est</strong></span> <span class='ocrx_word' id='word_1_408' title='bbox 576 5115 806 5171; x_wconf 86' lang='lat' dir='ltr'><strong>hominis</strong></span> <span class='ocrx_word' id='word_1_409' title='bbox 851 5116 1048 5186; x_wconf 89' lang='lat' dir='ltr'><strong>gloria,</strong></span> <span class='ocrx_word' id='word_1_410' title='bbox 1094 5126 1149 5170; x_wconf 91' lang='lat' dir='ltr'><strong>et</strong></span> <span class='ocrx_word' id='word_1_411' title='bbox 1175 5116 1302 5186; x_wconf 91' lang='lat' dir='ltr'><strong>quid</strong></span> <span class='ocrx_word' id='word_1_412' title='bbox 1331 5117 1496 5186; x_wconf 90' lang='lat' dir='ltr'><strong>gloria</strong></span> <span class='ocrx_word' id='word_1_413' title='bbox 1523 5116 1752 5172; x_wconf 88' lang='lat' dir='ltr'><strong>domus?</strong></span> <span class='ocrx_word' id='word_1_414' title='bbox 1799 5118 1922 5173; x_wconf 70' lang='lat' dir='ltr'><strong>llzrc</strong></span> 
     </span>
    </p>
   </div>
   <div class='ocr_carea' id='block_1_54' title="bbox 343 5207 1920 5278">
    <p class='ocr_par' dir='ltr' id='par_1_54' title="bbox 343 5207 1920 5278">
     <span class='ocr_line' id='line_1_54' title="bbox 343 5207 1920 5278; baseline -0.002 -13"><span class='ocrx_word' id='word_1_415' title='bbox 343 5209 486 5265; x_wconf 90' lang='lat' dir='ltr'><strong>enim</strong></span> <span class='ocrx_word' id='word_1_416' title='bbox 517 5208 661 5264; x_wconf 88' lang='lat' dir='ltr'><strong>clare</strong></span> <span class='ocrx_word' id='word_1_417' title='bbox 686 5207 1044 5278; x_wconf 88' lang='lat' dir='ltr'><strong>dignoscenda</strong></span> <span class='ocrx_word' id='word_1_418' title='bbox 1070 5217 1195 5262; x_wconf 89' lang='lat' dir='ltr'><strong>sunt</strong></span> <span class='ocrx_word' id='word_1_419' title='bbox 1217 5249 1232 5272; x_wconf 93' lang='lat'><strong>,</strong></span> <span class='ocrx_word' id='word_1_420' title='bbox 1275 5219 1331 5262; x_wconf 92' lang='lat' dir='ltr'><strong>ut</strong></span> <span class='ocrx_word' id='word_1_421' title='bbox 1376 5223 1445 5263; x_wconf 93' lang='lat' dir='ltr'><strong>ne</strong></span> <span class='ocrx_word' id='word_1_422' title='bbox 1473 5211 1677 5262; x_wconf 90' lang='lat' dir='ltr'><strong>somnia</strong></span> <span class='ocrx_word' id='word_1_423' title='bbox 1709 5211 1884 5278; x_wconf 90' lang='lat' dir='ltr'><strong>potius</strong></span> <span class='ocrx_word' id='word_1_424' title='bbox 1903 5249 1920 5275; x_wconf 93' lang='lat'><strong>,</strong></span> 
     </span>
    </p>
   </div>
   <div class='ocr_carea' id='block_1_55' title="bbox 342 5289 1924 5375">
    <p class='ocr_par' dir='ltr' id='par_1_55' title="bbox 342 5289 1924 5375">
     <span class='ocr_line' id='line_1_55' title="bbox 342 5289 1924 5375; baseline -0.001 -18"><span class='ocrx_word' id='word_1_425' title='bbox 342 5319 499 5375; x_wconf 89' lang='lat' dir='ltr'><strong>quam</strong></span> <span class='ocrx_word' id='word_1_426' title='bbox 525 5303 802 5357; x_wconf 83' lang='lat' dir='ltr'><strong>veritatem</strong></span> <span class='ocrx_word' id='word_1_427' title='bbox 829 5301 1232 5372; x_wconf 89' lang='lat' dir='ltr'><strong>amplectamur.</strong></span> <span class='ocrx_word' id='word_1_428' title='bbox 1262 5289 1584 5372; x_wconf 84' lang='lat' dir='ltr'><strong>Suntigitur</strong></span> <span class='ocrx_word' id='word_1_429' title='bbox 1601 5302 1790 5356; x_wconf 90' lang='lat' dir='ltr'><strong>domus</strong></span> <span class='ocrx_word' id='word_1_430' title='bbox 1817 5302 1924 5372; x_wconf 84' lang='lat' dir='ltr'><strong>glo-</strong></span> 
     </span>
    </p>
   </div>
   <div class='ocr_carea' id='block_1_56' title="bbox 343 5395 1920 5468">
    <p class='ocr_par' dir='ltr' id='par_1_56' title="bbox 343 5395 1920 5468">
     <span class='ocr_line' id='line_1_56' title="bbox 343 5395 1920 5468; baseline -0.003 -15"><span class='ocrx_word' id='word_1_431' title='bbox 343 5401 420 5453; x_wconf 91' lang='lat' dir='ltr'><strong>ria</strong></span> <span class='ocrx_word' id='word_1_432' title='bbox 452 5399 708 5468; x_wconf 89' lang='lat' dir='ltr'><strong>porticus,</strong></span> <span class='ocrx_word' id='word_1_433' title='bbox 741 5397 1064 5462; x_wconf 88' lang='lat' dir='ltr'><strong>ambulacra,</strong></span> <span class='ocrx_word' id='word_1_434' title='bbox 1092 5396 1341 5466; x_wconf 88' lang='lat' dir='ltr'><strong>laqueare</strong></span> <span class='ocrx_word' id='word_1_435' title='bbox 1372 5409 1613 5459; x_wconf 91' lang='lat' dir='ltr'><strong>aureum,</strong></span> <span class='ocrx_word' id='word_1_436' title='bbox 1644 5395 1920 5464; x_wconf 83' lang='lat' dir='ltr'><strong>pavimen-</strong></span> 
     </span>
    </p>
   </div>
   <div class='ocr_carea' id='block_1_57' title="bbox 343 5487 1919 5559">
    <p class='ocr_par' dir='ltr' id='par_1_57' title="bbox 343 5487 1919 5559">
     <span class='ocr_line' id='line_1_57' title="bbox 343 5487 1919 5559; baseline -0.001 -14"><span class='ocrx_word' id='word_1_437' title='bbox 343 5503 454 5545; x_wconf 89' lang='lat' dir='ltr'><strong>tum</strong></span> <span class='ocrx_word' id='word_1_438' title='bbox 485 5491 681 5558; x_wconf 89' lang='lat' dir='ltr'><strong>lapillis</strong></span> <span class='ocrx_word' id='word_1_439' title='bbox 712 5499 977 5555; x_wconf 89' lang='lat' dir='ltr'><strong>ornatum,</strong></span> <span class='ocrx_word' id='word_1_440' title='bbox 1011 5499 1183 5558; x_wconf 89' lang='lat' dir='ltr'><strong>prata,</strong></span> <span class='ocrx_word' id='word_1_441' title='bbox 1215 5487 1376 5552; x_wconf 89' lang='lat' dir='ltr'><strong>horti,</strong></span> <span class='ocrx_word' id='word_1_442' title='bbox 1406 5503 1680 5543; x_wconf 90' lang='lat' dir='ltr'><strong>servorum</strong></span> <span class='ocrx_word' id='word_1_443' title='bbox 1711 5503 1919 5559; x_wconf 82' lang='lat' dir='ltr'><strong>greges,</strong></span> 
     </span>
    </p>
   </div>
   <div class='ocr_carea' id='block_1_58' title="bbox 342 5580 1919 5652">
    <p class='ocr_par' dir='ltr' id='par_1_58' title="bbox 342 5580 1919 5652">
     <span class='ocr_line' id='line_1_58' title="bbox 342 5580 1919 5652; baseline -0.002 -15"><span class='ocrx_word' id='word_1_444' title='bbox 342 5583 581 5652; x_wconf 84' lang='lat' dir='ltr'><strong>supellex</strong></span> <span class='ocrx_word' id='word_1_445' title='bbox 609 5590 939 5652; x_wconf 87' lang='lat' dir='ltr'><strong>sumptuosa,</strong></span> <span class='ocrx_word' id='word_1_446' title='bbox 972 5596 1198 5651; x_wconf 91' lang='lat' dir='ltr'><strong>quorum</strong></span> <span class='ocrx_word' id='word_1_447' title='bbox 1227 5581 1356 5634; x_wconf 92' lang='lat' dir='ltr'><strong>nihil</strong></span> <span class='ocrx_word' id='word_1_448' title='bbox 1399 5581 1463 5635; x_wconf 90' lang='lat' dir='ltr'><strong>ad</strong></span> <span class='ocrx_word' id='word_1_449' title='bbox 1494 5580 1765 5636; x_wconf 89' lang='lat' dir='ltr'><strong>hominem</strong></span> <span class='ocrx_word' id='word_1_450' title='bbox 1794 5595 1919 5650; x_wconf 88' lang='lat' dir='ltr'><strong>per-</strong></span> 
     </span>
    </p>
   </div>
   <div class='ocr_carea' id='block_1_59' title="bbox 343 5675 1916 5744">
    <p class='ocr_par' dir='ltr' id='par_1_59' title="bbox 343 5675 1916 5744">
     <span class='ocr_line' id='line_1_59' title="bbox 343 5675 1916 5744; baseline -0.001 -14"><span class='ocrx_word' id='word_1_451' title='bbox 343 5677 496 5732; x_wconf 82' lang='lat' dir='ltr'><strong>tinet.</strong></span> <span class='ocrx_word' id='word_1_452' title='bbox 531 5676 770 5732; x_wconf 85' lang='lat' dir='ltr'><strong>Hominis</strong></span> <span class='ocrx_word' id='word_1_453' title='bbox 798 5677 986 5744; x_wconf 81' lang='lat' dir='ltr'><strong>gloria,</strong></span> <span class='ocrx_word' id='word_1_454' title='bbox 1009 5683 1152 5729; x_wconf 90' lang='lat' dir='ltr'><strong>recta</strong></span> <span class='ocrx_word' id='word_1_455' title='bbox 1173 5684 1255 5730; x_wconf 90' lang='lat' dir='ltr'><strong>cst</strong></span> <span class='ocrx_word' id='word_1_456' title='bbox 1289 5675 1418 5730; x_wconf 87' lang='lat' dir='ltr'><strong>lides</strong></span> <span class='ocrx_word' id='word_1_457' title='bbox 1437 5718 1452 5742; x_wconf 95' lang='lat'><strong>,</strong></span> <span class='ocrx_word' id='word_1_458' title='bbox 1485 5675 1628 5730; x_wconf 83' lang='lat' dir='ltr'><strong>zelus</strong></span> <span class='ocrx_word' id='word_1_459' title='bbox 1654 5675 1706 5730; x_wconf 92' lang='lat' dir='ltr'><strong>in</strong></span> <span class='ocrx_word' id='word_1_460' title='bbox 1730 5675 1916 5740; x_wconf 90' lang='lat' dir='ltr'><strong>Deum,</strong></span> 
     </span>
    </p>
   </div>
   <div class='ocr_carea' id='block_1_60' title="bbox 318 5752 1916 5860">
    <p class='ocr_par' dir='ltr' id='par_1_60' title="bbox 318 5752 1916 5860">
     <span class='ocr_line' id='line_1_60' title="bbox 318 5752 1916 5860; baseline 0.001 -40"><span class='ocrx_word' id='word_1_461' title='bbox 318 5752 564 5860; x_wconf 50' lang='lat' dir='ltr'><strong>inritas,</strong></span> <span class='ocrx_word' id='word_1_462' title='bbox 593 5767 962 5833; x_wconf 85' lang='lat' dir='ltr'><strong>mansuetudo,</strong></span> <span class='ocrx_word' id='word_1_463' title='bbox 1001 5767 1188 5821; x_wconf 85' lang='lat' dir='ltr'><strong>lenitas</strong></span> <span class='ocrx_word' id='word_1_464' title='bbox 1208 5809 1222 5833; x_wconf 93' lang='lat'><strong>,</strong></span> <span class='ocrx_word' id='word_1_465' title='bbox 1253 5768 1531 5822; x_wconf 80' lang='lat' dir='ltr'><strong>assiduitas</strong></span> <span class='ocrx_word' id='word_1_466' title='bbox 1560 5769 1610 5821; x_wconf 91' lang='lat' dir='ltr'><strong>in</strong></span> <span class='ocrx_word' id='word_1_467' title='bbox 1641 5767 1882 5838; x_wconf 87' lang='lat' dir='ltr'><strong>precibus</strong></span> <span class='ocrx_word' id='word_1_468' title='bbox 1902 5808 1916 5834; x_wconf 90' lang='lat'><strong>,</strong></span> 
     </span>
    </p>
   </div>
   <div class='ocr_carea' id='block_1_61' title="bbox 322 5866 333 5888">
    <p class='ocr_par' dir='ltr' id='par_1_61' title="bbox 322 5866 333 5888">
     <span class='ocr_line' id='line_1_61' title="bbox 322 5866 333 5888; baseline 0 0"><span class='ocrx_word' id='word_1_469' title='bbox 322 5866 333 5888; x_wconf 66' lang='grc' dir='ltr'>Ἰ</span> 
     </span>
    </p>
   </div>
   <div class='ocr_carea' id='block_1_62' title="bbox 1667 318 2356 376">
    <p class='ocr_par' dir='ltr' id='par_1_62' title="bbox 1667 318 2356 376">
     <span class='ocr_line' id='line_1_62' title="bbox 1667 318 2356 376; baseline 0.001 -3"><span class='ocrx_word' id='word_1_470' title='bbox 1667 319 1730 375; x_wconf 68' lang='grc' dir='ltr'><strong>ιΝ</strong></span> <span class='ocrx_word' id='word_1_471' title='bbox 1771 318 2089 374; x_wconf 75' lang='lat' dir='ltr'><strong>PSALMUM</strong></span> <span class='ocrx_word' id='word_1_472' title='bbox 2129 318 2356 376; x_wconf 79' lang='lat' dir='ltr'><strong>XLVIII.</strong></span> 
     </span>
    </p>
   </div>
   <div class='ocr_carea' id='block_1_63' title="bbox 3535 327 3637 388">
    <p class='ocr_par' dir='ltr' id='par_1_63' title="bbox 3535 327 3637 388">
     <span class='ocr_line' id='line_1_63' title="bbox 3535 327 3637 388; baseline 0.02 -2"><span class='ocrx_word' id='word_1_473' title='bbox 3535 327 3637 388; x_wconf 68' lang='grc' dir='ltr'>δη</span> 
     </span>
    </p>
   </div>
   <div class='ocr_carea' id='block_1_64' title="bbox 2052 431 3637 512">
    <p class='ocr_par' dir='ltr' id='par_1_64' title="bbox 2052 431 3637 512">
     <span class='ocr_line' id='line_1_64' title="bbox 2052 431 3637 512; baseline 0.01 -26"><span class='ocrx_word' id='word_1_474' title='bbox 2052 431 2105 486; x_wconf 88' lang='lat' dir='ltr'><strong>in</strong></span> <span class='ocrx_word' id='word_1_475' title='bbox 2129 434 2488 506; x_wconf 81' lang='lat' dir='ltr'><strong>clecmosynis</strong></span> <span class='ocrx_word' id='word_1_476' title='bbox 2519 436 2883 507; x_wconf 89' lang='lat' dir='ltr'><strong>impertiendis</strong></span> <span class='ocrx_word' id='word_1_477' title='bbox 2913 440 3228 512; x_wconf 88' lang='lat' dir='ltr'><strong>liberalitas,</strong></span> <span class='ocrx_word' id='word_1_478' title='bbox 3249 443 3485 510; x_wconf 83' lang='lat' dir='ltr'><strong>castitas,</strong></span> <span class='ocrx_word' id='word_1_479' title='bbox 3516 460 3637 503; x_wconf 86' lang='lat' dir='ltr'><strong>mo-</strong></span> 
     </span>
    </p>
   </div>
   <div class='ocr_carea' id='block_1_65' title="bbox 2049 524 3641 607">
    <p class='ocr_par' dir='ltr' id='par_1_65' title="bbox 2049 524 3641 607">
     <span class='ocr_line' id='line_1_65' title="bbox 2049 524 3641 607; baseline 0.009 -28"><span class='ocrx_word' id='word_1_480' title='bbox 2049 524 2243 589; x_wconf 90' lang='lat' dir='ltr'><strong>destia,</strong></span> <span class='ocrx_word' id='word_1_481' title='bbox 2275 536 2484 583; x_wconf 74' lang='lat' dir='ltr'><strong>caetera:</strong></span> <span class='ocrx_word' id='word_1_482' title='bbox 2511 544 2697 585; x_wconf 90' lang='lat' dir='ltr'><strong>omnes</strong></span> <span class='ocrx_word' id='word_1_483' title='bbox 2727 533 2942 588; x_wconf 89' lang='lat' dir='ltr'><strong>virtutis</strong></span> <span class='ocrx_word' id='word_1_484' title='bbox 2965 537 3193 603; x_wconf 89' lang='lat' dir='ltr'><strong>species.</strong></span> <span class='ocrx_word' id='word_1_485' title='bbox 3234 536 3410 607; x_wconf 82' lang='lat' dir='ltr'><strong>Atque</strong></span> <span class='ocrx_word' id='word_1_486' title='bbox 3440 545 3498 592; x_wconf 93' lang='lat' dir='ltr'><strong>ut</strong></span> <span class='ocrx_word' id='word_1_487' title='bbox 3525 538 3641 594; x_wconf 70' lang='lat' dir='ltr'><strong>haec</strong></span> 
     </span>
    </p>
   </div>
   <div class='ocr_carea' id='block_1_66' title="bbox 2048 615 3633 698">
    <p class='ocr_par' dir='ltr' id='par_1_66' title="bbox 2048 615 3633 698">
     <span class='ocr_line' id='line_1_66' title="bbox 2048 615 3633 698; baseline 0.01 -28"><span class='ocrx_word' id='word_1_488' title='bbox 2048 615 2119 670; x_wconf 91' lang='lat' dir='ltr'><strong>ita</strong></span> <span class='ocrx_word' id='word_1_489' title='bbox 2147 633 2207 672; x_wconf 88' lang='lat' dir='ltr'><strong>se</strong></span> <span class='ocrx_word' id='word_1_490' title='bbox 2246 617 2442 675; x_wconf 88' lang='lat' dir='ltr'><strong>habere</strong></span> <span class='ocrx_word' id='word_1_491' title='bbox 2472 621 2754 692; x_wconf 90' lang='lat' dir='ltr'><strong>intelligas,</strong></span> <span class='ocrx_word' id='word_1_492' title='bbox 2787 625 2829 680; x_wconf 93' lang='lat' dir='ltr'><strong>is</strong></span> <span class='ocrx_word' id='word_1_493' title='bbox 2855 626 3068 695; x_wconf 90' lang='lat' dir='ltr'><strong>quidem</strong></span> <span class='ocrx_word' id='word_1_494' title='bbox 3111 629 3200 697; x_wconf 90' lang='lat' dir='ltr'><strong>qui</strong></span> <span class='ocrx_word' id='word_1_495' title='bbox 3242 629 3331 686; x_wconf 89' lang='lat' dir='ltr'><strong>illa</strong></span> <span class='ocrx_word' id='word_1_496' title='bbox 3376 631 3633 698; x_wconf 81' lang='lat' dir='ltr'><strong>possidet,</strong></span> 
     </span>
    </p>
   </div>
   <div class='ocr_carea' id='block_1_67' title="bbox 2045 707 3636 791">
    <p class='ocr_par' dir='ltr' id='par_1_67' title="bbox 2045 707 3636 791">
     <span class='ocr_line' id='line_1_67' title="bbox 2045 707 3636 791; baseline 0.009 -30"><span class='ocrx_word' id='word_1_497' title='bbox 2045 707 2268 777; x_wconf 89' lang='lat' dir='ltr'><strong>gloriam</strong></span> <span class='ocrx_word' id='word_1_498' title='bbox 2309 723 2374 764; x_wconf 92' lang='lat' dir='ltr'><strong>ex</strong></span> <span class='ocrx_word' id='word_1_499' title='bbox 2416 710 2523 765; x_wconf 90' lang='lat' dir='ltr'><strong>illis</strong></span> <span class='ocrx_word' id='word_1_500' title='bbox 2553 714 2748 768; x_wconf 88' lang='lat' dir='ltr'><strong>nullam</strong></span> <span class='ocrx_word' id='word_1_501' title='bbox 2784 716 3012 785; x_wconf 89' lang='lat' dir='ltr'><strong>colligit,</strong></span> <span class='ocrx_word' id='word_1_502' title='bbox 3054 733 3226 788; x_wconf 91' lang='lat' dir='ltr'><strong>neque</strong></span> <span class='ocrx_word' id='word_1_503' title='bbox 3265 719 3463 775; x_wconf 90' lang='lat' dir='ltr'><strong>idcirco</strong></span> <span class='ocrx_word' id='word_1_504' title='bbox 3497 736 3636 791; x_wconf 72' lang='lat' dir='ltr'><strong>pra:-</strong></span> 
     </span>
    </p>
   </div>
   <div class='ocr_carea' id='block_1_68' title="bbox 2045 799 3638 880">
    <p class='ocr_par' dir='ltr' id='par_1_68' title="bbox 2045 799 3638 880">
     <span class='ocr_line' id='line_1_68' title="bbox 2045 799 3638 880; baseline 0.011 -28"><span class='ocrx_word' id='word_1_505' title='bbox 2045 799 2222 854; x_wconf 91' lang='lat' dir='ltr'><strong>clarus</strong></span> <span class='ocrx_word' id='word_1_506' title='bbox 2273 801 2466 872; x_wconf 85' lang='lat' dir='ltr'><strong>aliquis</strong></span> <span class='ocrx_word' id='word_1_507' title='bbox 2519 805 2910 874; x_wconf 86' lang='lat' dir='ltr'><strong>appellabitur,</strong></span> <span class='ocrx_word' id='word_1_508' title='bbox 2964 809 3104 878; x_wconf 90' lang='lat' dir='ltr'><strong>quod</strong></span> <span class='ocrx_word' id='word_1_509' title='bbox 3162 813 3442 880; x_wconf 69' lang='lat' dir='ltr'><strong>pra&#39;claras</strong></span> <span class='ocrx_word' id='word_1_510' title='bbox 3491 815 3638 870; x_wconf 70' lang='lat' dir='ltr'><strong>mdes</strong></span> 
     </span>
    </p>
   </div>
   <div class='ocr_carea' id='block_1_69' title="bbox 2048 888 3639 967">
    <p class='ocr_par' dir='ltr' id='par_1_69' title="bbox 2048 888 3639 967">
     <span class='ocr_line' id='line_1_69' title="bbox 2048 888 3639 967; baseline 0.011 -25"><span class='ocrx_word' id='word_1_511' title='bbox 2048 888 2262 955; x_wconf 87' lang='lat' dir='ltr'><strong>habeat,</strong></span> <span class='ocrx_word' id='word_1_512' title='bbox 2296 894 2380 946; x_wconf 87' lang='lat' dir='ltr'><strong>vel</strong></span> <span class='ocrx_word' id='word_1_513' title='bbox 2426 895 2638 950; x_wconf 87' lang='lat' dir='ltr'><strong>hortum</strong></span> <span class='ocrx_word' id='word_1_514' title='bbox 2666 940 2680 962; x_wconf 94' lang='lat'><strong>,</strong></span> <span class='ocrx_word' id='word_1_515' title='bbox 2723 899 2804 952; x_wconf 78' lang='lat' dir='ltr'><strong>Vel</strong></span> <span class='ocrx_word' id='word_1_516' title='bbox 2833 910 3076 967; x_wconf 89' lang='lat' dir='ltr'><strong>pratum,</strong></span> <span class='ocrx_word' id='word_1_517' title='bbox 3104 903 3187 957; x_wconf 90' lang='lat' dir='ltr'><strong>vel</strong></span> <span class='ocrx_word' id='word_1_518' title='bbox 3213 919 3492 959; x_wconf 87' lang='lat' dir='ltr'><strong>servorum</strong></span> <span class='ocrx_word' id='word_1_519' title='bbox 3525 914 3639 961; x_wconf 80' lang='lat' dir='ltr'><strong>tur-</strong></span> 
     </span>
    </p>
   </div>
   <div class='ocr_carea' id='block_1_70' title="bbox 2043 980 3634 1067">
    <p class='ocr_par' dir='ltr' id='par_1_70' title="bbox 2043 980 3634 1067">
     <span class='ocr_line' id='line_1_70' title="bbox 2043 980 3634 1067; baseline 0.012 -33"><span class='ocrx_word' id='word_1_520' title='bbox 2043 980 2188 1047; x_wconf 88' lang='lat' dir='ltr'><strong>bam,</strong></span> <span class='ocrx_word' id='word_1_521' title='bbox 2213 984 2296 1038; x_wconf 91' lang='lat' dir='ltr'><strong>vel</strong></span> <span class='ocrx_word' id='word_1_522' title='bbox 2316 995 2490 1040; x_wconf 85' lang='lat' dir='ltr'><strong>vcstes</strong></span> <span class='ocrx_word' id='word_1_523' title='bbox 2507 988 2786 1055; x_wconf 86' lang='lat' dir='ltr'><strong>pretiosas.</strong></span> <span class='ocrx_word' id='word_1_524' title='bbox 2814 988 2954 1044; x_wconf 90' lang='lat' dir='ltr'><strong>Laus</strong></span> <span class='ocrx_word' id='word_1_525' title='bbox 2975 991 3116 1046; x_wconf 90' lang='lat' dir='ltr'><strong>enim</strong></span> <span class='ocrx_word' id='word_1_526' title='bbox 3138 993 3312 1049; x_wconf 91' lang='lat' dir='ltr'><strong>omnis</strong></span> <span class='ocrx_word' id='word_1_527' title='bbox 3341 995 3391 1049; x_wconf 93' lang='lat' dir='ltr'><strong>in</strong></span> <span class='ocrx_word' id='word_1_528' title='bbox 3417 1011 3634 1067; x_wconf 89' lang='lat' dir='ltr'><strong>posses-</strong></span> 
     </span>
    </p>
   </div>
   <div class='ocr_carea' id='block_1_71' title="bbox 2044 1073 3638 1154">
    <p class='ocr_par' dir='ltr' id='par_1_71' title="bbox 2044 1073 3638 1154">
     <span class='ocr_line' id='line_1_71' title="bbox 2044 1073 3638 1154; baseline 0.013 -29"><span class='ocrx_word' id='word_1_529' title='bbox 2044 1073 2196 1128; x_wconf 70' lang='lat' dir='ltr'><strong>sione</strong></span> <span class='ocrx_word' id='word_1_530' title='bbox 2237 1075 2498 1140; x_wconf 88' lang='lat' dir='ltr'><strong>subsistit,</strong></span> <span class='ocrx_word' id='word_1_531' title='bbox 2533 1093 2704 1148; x_wconf 89' lang='lat' dir='ltr'><strong>neque</strong></span> <span class='ocrx_word' id='word_1_532' title='bbox 2754 1082 2940 1135; x_wconf 90' lang='lat' dir='ltr'><strong>transit</strong></span> <span class='ocrx_word' id='word_1_533' title='bbox 2983 1083 3047 1137; x_wconf 89' lang='lat' dir='ltr'><strong>ad</strong></span> <span class='ocrx_word' id='word_1_534' title='bbox 3100 1100 3484 1154; x_wconf 84' lang='lat' dir='ltr'><strong>possessorem.</strong></span> <span class='ocrx_word' id='word_1_535' title='bbox 3531 1089 3638 1144; x_wconf 82' lang='lat' dir='ltr'><strong>Do-</strong></span> 
     </span>
    </p>
   </div>
   <div class='ocr_carea' id='block_1_72' title="bbox 2043 1165 3634 1243">
    <p class='ocr_par' dir='ltr' id='par_1_72' title="bbox 2043 1165 3634 1243">
     <span class='ocr_line' id='line_1_72' title="bbox 2043 1165 3634 1243; baseline 0.013 -29"><span class='ocrx_word' id='word_1_536' title='bbox 2043 1177 2188 1216; x_wconf 91' lang='lat' dir='ltr'><strong>mum</strong></span> <span class='ocrx_word' id='word_1_537' title='bbox 2229 1165 2369 1218; x_wconf 91' lang='lat' dir='ltr'><strong>enim</strong></span> <span class='ocrx_word' id='word_1_538' title='bbox 2421 1167 2730 1234; x_wconf 91' lang='lat' dir='ltr'><strong>laudamus,</strong></span> <span class='ocrx_word' id='word_1_539' title='bbox 2775 1180 2829 1224; x_wconf 90' lang='lat' dir='ltr'><strong>et</strong></span> <span class='ocrx_word' id='word_1_540' title='bbox 2857 1170 3066 1226; x_wconf 90' lang='lat' dir='ltr'><strong>hortum</strong></span> <span class='ocrx_word' id='word_1_541' title='bbox 3093 1215 3108 1239; x_wconf 97' lang='lat'><strong>,</strong></span> <span class='ocrx_word' id='word_1_542' title='bbox 3168 1184 3398 1243; x_wconf 90' lang='lat' dir='ltr'><strong>pratum,</strong></span> <span class='ocrx_word' id='word_1_543' title='bbox 3425 1193 3490 1232; x_wconf 89' lang='lat' dir='ltr'><strong>ac</strong></span> <span class='ocrx_word' id='word_1_544' title='bbox 3537 1195 3634 1236; x_wconf 84' lang='lat' dir='ltr'><strong>vc-</strong></span> 
     </span>
    </p>
   </div>
   <div class='ocr_carea' id='block_1_73' title="bbox 2041 1247 3636 1324">
    <p class='ocr_par' dir='ltr' id='par_1_73' title="bbox 2041 1247 3636 1324">
     <span class='ocr_line' id='line_1_73' title="bbox 2041 1247 3636 1324; baseline 0.012 -26"><span class='ocrx_word' id='word_1_545' title='bbox 2041 1247 2201 1301; x_wconf 89' lang='lat' dir='ltr'><strong>stium</strong></span> <span class='ocrx_word' id='word_1_546' title='bbox 2250 1250 2742 1320; x_wconf 89' lang='lat' dir='ltr'><strong>pulchritudinem,</strong></span> <span class='ocrx_word' id='word_1_547' title='bbox 2791 1271 2910 1324; x_wconf 77' lang='lat' dir='ltr'><strong>qua:</strong></span> <span class='ocrx_word' id='word_1_548' title='bbox 2951 1258 3344 1313; x_wconf 87' lang='lat' dir='ltr'><strong>commendatio</strong></span> <span class='ocrx_word' id='word_1_549' title='bbox 3379 1271 3463 1315; x_wconf 89' lang='lat' dir='ltr'><strong>est</strong></span> <span class='ocrx_word' id='word_1_550' title='bbox 3503 1264 3636 1317; x_wconf 86' lang='lat' dir='ltr'><strong>artis</strong></span> 
     </span>
    </p>
   </div>
   <div class='ocr_carea' id='block_1_74' title="bbox 2041 1343 3633 1424">
    <p class='ocr_par' dir='ltr' id='par_1_74' title="bbox 2041 1343 3633 1424">
     <span class='ocr_line' id='line_1_74' title="bbox 2041 1343 3633 1424; baseline 0.011 -32"><span class='ocrx_word' id='word_1_551' title='bbox 2041 1353 2249 1424; x_wconf 87' lang='lat' dir='ltr'><strong>eorum,</strong></span> <span class='ocrx_word' id='word_1_552' title='bbox 2280 1356 2308 1394; x_wconf 91' lang='lat' dir='ltr'><strong>a</strong></span> <span class='ocrx_word' id='word_1_553' title='bbox 2334 1343 2526 1411; x_wconf 89' lang='lat' dir='ltr'><strong>quibus</strong></span> <span class='ocrx_word' id='word_1_554' title='bbox 2555 1345 2826 1399; x_wconf 89' lang='lat' dir='ltr'><strong>elaborata</strong></span> <span class='ocrx_word' id='word_1_555' title='bbox 2855 1357 2980 1403; x_wconf 93' lang='lat' dir='ltr'><strong>sunt</strong></span> <span class='ocrx_word' id='word_1_556' title='bbox 3006 1349 3113 1413; x_wconf 87' lang='lat' dir='ltr'><strong>illa,</strong></span> <span class='ocrx_word' id='word_1_557' title='bbox 3135 1365 3239 1405; x_wconf 90' lang='lat' dir='ltr'><strong>non</strong></span> <span class='ocrx_word' id='word_1_558' title='bbox 3258 1351 3466 1406; x_wconf 89' lang='lat' dir='ltr'><strong>virtutis</strong></span> <span class='ocrx_word' id='word_1_559' title='bbox 3493 1355 3633 1424; x_wconf 82' lang='lat' dir='ltr'><strong>ejus,</strong></span> 
     </span>
    </p>
   </div>
   <div class='ocr_carea' id='block_1_75' title="bbox 2039 1423 3630 1508">
    <p class='ocr_par' dir='ltr' id='par_1_75' title="bbox 2039 1423 3630 1508">
     <span class='ocr_line' id='line_1_75' title="bbox 2039 1423 3630 1508; baseline 0.013 -33"><span class='ocrx_word' id='word_1_560' title='bbox 2039 1423 2131 1492; x_wconf 91' lang='lat' dir='ltr'><strong>qui</strong></span> <span class='ocrx_word' id='word_1_561' title='bbox 2160 1425 2258 1480; x_wconf 84' lang='lat' dir='ltr'><strong>sibi</strong></span> <span class='ocrx_word' id='word_1_562' title='bbox 2289 1426 2376 1480; x_wconf 90' lang='lat' dir='ltr'><strong>illa</strong></span> <span class='ocrx_word' id='word_1_563' title='bbox 2401 1435 2811 1498; x_wconf 85' lang='lat' dir='ltr'><strong>comparaverit,</strong></span> <span class='ocrx_word' id='word_1_564' title='bbox 2843 1433 2936 1487; x_wconf 85' lang='lat' dir='ltr'><strong>sed</strong></span> <span class='ocrx_word' id='word_1_565' title='bbox 2969 1443 3152 1488; x_wconf 89' lang='lat' dir='ltr'><strong>contra</strong></span> <span class='ocrx_word' id='word_1_566' title='bbox 3173 1436 3332 1504; x_wconf 89' lang='lat' dir='ltr'><strong>plane</strong></span> <span class='ocrx_word' id='word_1_567' title='bbox 3375 1438 3630 1508; x_wconf 87' lang='lat' dir='ltr'><strong>improbi-</strong></span> 
     </span>
    </p>
   </div>
   <div class='ocr_carea' id='block_1_76' title="bbox 2041 1515 2581 1585">
    <p class='ocr_par' dir='ltr' id='par_1_76' title="bbox 2041 1515 2581 1585">
     <span class='ocr_line' id='line_1_76' title="bbox 2041 1515 2581 1585; baseline 0.011 -18"><span class='ocrx_word' id='word_1_568' title='bbox 2041 1515 2164 1570; x_wconf 87' lang='lat' dir='ltr'><strong>tatis</strong></span> <span class='ocrx_word' id='word_1_569' title='bbox 2193 1530 2581 1585; x_wconf 84' lang='lat' dir='ltr'><strong>argumentum.</strong></span> 
     </span>
    </p>
   </div>
   <div class='ocr_carea' id='block_1_77' title="bbox 2111 1605 3632 1691">
    <p class='ocr_par' dir='ltr' id='par_1_77' title="bbox 2111 1605 3632 1691">
     <span class='ocr_line' id='line_1_77' title="bbox 2111 1605 3632 1691; baseline 0.011 -33"><span class='ocrx_word' id='word_1_570' title='bbox 2111 1605 2165 1659; x_wconf 76' lang='lat'><strong>2.</strong></span> <span class='ocrx_word' id='word_1_571' title='bbox 2211 1608 2338 1672; x_wconf 61' lang='lat' dir='ltr'><strong>Quae</strong></span> <span class='ocrx_word' id='word_1_572' title='bbox 2381 1611 2588 1680; x_wconf 84' lang='lat' dir='ltr'><strong>prapria</strong></span> <span class='ocrx_word' id='word_1_573' title='bbox 2627 1613 2696 1665; x_wconf 86' lang='lat' dir='ltr'><strong>sit</strong></span> <span class='ocrx_word' id='word_1_574' title='bbox 2737 1613 2927 1668; x_wconf 82' lang='lat' dir='ltr'><strong>homini</strong></span> <span class='ocrx_word' id='word_1_575' title='bbox 2965 1615 3148 1685; x_wconf 81' lang='lat' dir='ltr'><strong>gloria.</strong></span> <span class='ocrx_word' id='word_1_576' title='bbox 3182 1619 3544 1691; x_wconf 80' lang='lat' dir='ltr'><strong>Arroganliam</strong></span> <span class='ocrx_word' id='word_1_577' title='bbox 3582 1630 3632 1675; x_wconf 83' lang='lat' dir='ltr'><strong>et</strong></span> 
     </span>
    </p>
   </div>
   <div class='ocr_carea' id='block_1_78' title="bbox 2041 1695 3632 1781">
    <p class='ocr_par' dir='ltr' id='par_1_78' title="bbox 2041 1695 3632 1781">
     <span class='ocr_line' id='line_1_78' title="bbox 2041 1695 3632 1781; baseline 0.011 -32"><span class='ocrx_word' id='word_1_578' title='bbox 2041 1695 2214 1751; x_wconf 66' lang='lat' dir='ltr'><strong>larum</strong></span> <span class='ocrx_word' id='word_1_579' title='bbox 2241 1699 2524 1754; x_wconf 82' lang='lat' dir='ltr'><strong>describens</strong></span> <span class='ocrx_word' id='word_1_580' title='bbox 2561 1703 2837 1774; x_wconf 82' lang='lat' dir='ltr'><strong>redarguit.</strong></span> <span class='ocrx_word' id='word_1_581' title='bbox 2860 1707 3172 1763; x_wconf 87' lang='lat' dir='ltr'><strong>—Tautnm</strong></span> <span class='ocrx_word' id='word_1_582' title='bbox 3221 1727 3349 1781; x_wconf 89' lang='lat' dir='ltr'><strong>ergo</strong></span> <span class='ocrx_word' id='word_1_583' title='bbox 3389 1713 3541 1767; x_wconf 84' lang='lat' dir='ltr'><strong>abest</strong></span> <span class='ocrx_word' id='word_1_584' title='bbox 3576 1723 3632 1767; x_wconf 81' lang='lat' dir='ltr'><strong>ut</strong></span> 
     </span>
    </p>
   </div>
   <div class='ocr_carea' id='block_1_79' title="bbox 2039 1787 3632 1872">
    <p class='ocr_par' dir='ltr' id='par_1_79' title="bbox 2039 1787 3632 1872">
     <span class='ocr_line' id='line_1_79' title="bbox 2039 1787 3632 1872; baseline 0.012 -30"><span class='ocrx_word' id='word_1_585' title='bbox 2039 1787 2296 1857; x_wconf 89' lang='lat' dir='ltr'><strong>ejusmodi</strong></span> <span class='ocrx_word' id='word_1_586' title='bbox 2325 1794 2715 1860; x_wconf 90' lang='lat' dir='ltr'><strong>possessionum</strong></span> <span class='ocrx_word' id='word_1_587' title='bbox 2737 1797 2970 1853; x_wconf 87' lang='lat' dir='ltr'><strong>conditio</strong></span> <span class='ocrx_word' id='word_1_588' title='bbox 2990 1800 3209 1870; x_wconf 86' lang='lat' dir='ltr'><strong>gloriam</strong></span> <span class='ocrx_word' id='word_1_589' title='bbox 3235 1806 3632 1872; x_wconf 88' lang='lat' dir='ltr'><strong>possessoribus</strong></span> 
     </span>
    </p>
   </div>
   <div class='ocr_carea' id='block_1_80' title="bbox 2038 1881 3632 1962">
    <p class='ocr_par' dir='ltr' id='par_1_80' title="bbox 2038 1881 3632 1962">
     <span class='ocr_line' id='line_1_80' title="bbox 2038 1881 3632 1962; baseline 0.012 -28"><span class='ocrx_word' id='word_1_590' title='bbox 2038 1881 2200 1934; x_wconf 89' lang='lat' dir='ltr'><strong>ullam</strong></span> <span class='ocrx_word' id='word_1_591' title='bbox 2239 1884 2522 1951; x_wconf 89' lang='lat' dir='ltr'><strong>conciliet,</strong></span> <span class='ocrx_word' id='word_1_592' title='bbox 2551 1896 2609 1940; x_wconf 92' lang='lat' dir='ltr'><strong>ut</strong></span> <span class='ocrx_word' id='word_1_593' title='bbox 2637 1903 2754 1943; x_wconf 89' lang='lat' dir='ltr'><strong>eam</strong></span> <span class='ocrx_word' id='word_1_594' title='bbox 2803 1904 3142 1962; x_wconf 79' lang='lat' dir='ltr'><strong>summopere</strong></span> <span class='ocrx_word' id='word_1_595' title='bbox 3184 1895 3482 1952; x_wconf 90' lang='lat' dir='ltr'><strong>imminuat.</strong></span> <span class='ocrx_word' id='word_1_596' title='bbox 3527 1900 3632 1954; x_wconf 78' lang='lat' dir='ltr'><strong>Eos</strong></span> 
     </span>
    </p>
   </div>
   <div class='ocr_carea' id='block_1_81' title="bbox 2037 1973 3628 2061">
    <p class='ocr_par' dir='ltr' id='par_1_81' title="bbox 2037 1973 3628 2061">
     <span class='ocr_line' id='line_1_81' title="bbox 2037 1973 3628 2061; baseline 0.014 -36"><span class='ocrx_word' id='word_1_597' title='bbox 2037 1973 2202 2039; x_wconf 91' lang='lat' dir='ltr'><strong>enim,</strong></span> <span class='ocrx_word' id='word_1_598' title='bbox 2235 1977 2325 2044; x_wconf 90' lang='lat' dir='ltr'><strong>qui</strong></span> <span class='ocrx_word' id='word_1_599' title='bbox 2353 1977 2404 2030; x_wconf 92' lang='lat' dir='ltr'><strong>in</strong></span> <span class='ocrx_word' id='word_1_600' title='bbox 2432 1979 2691 2046; x_wconf 89' lang='lat' dir='ltr'><strong>ejusmodi</strong></span> <span class='ocrx_word' id='word_1_601' title='bbox 2721 1982 2881 2038; x_wconf 89' lang='lat' dir='ltr'><strong>rebus</strong></span> <span class='ocrx_word' id='word_1_602' title='bbox 2935 1999 3061 2040; x_wconf 91' lang='lat' dir='ltr'><strong>suas</strong></span> <span class='ocrx_word' id='word_1_603' title='bbox 3091 1997 3357 2045; x_wconf 84' lang='lat' dir='ltr'><strong>ostentant</strong></span> <span class='ocrx_word' id='word_1_604' title='bbox 3381 1990 3628 2061; x_wconf 87' lang='lat' dir='ltr'><strong>divitias,</strong></span> 
     </span>
    </p>
   </div>
   <div class='ocr_carea' id='block_1_82' title="bbox 2038 2072 3630 2155">
    <p class='ocr_par' dir='ltr' id='par_1_82' title="bbox 2038 2072 3630 2155">
     <span class='ocr_line' id='line_1_82' title="bbox 2038 2072 3630 2155; baseline 0.013 -35"><span class='ocrx_word' id='word_1_605' title='bbox 2038 2076 2307 2138; x_wconf 85' lang='lat' dir='ltr'><strong>tamquam</strong></span> <span class='ocrx_word' id='word_1_606' title='bbox 2337 2072 2602 2138; x_wconf 83' lang='lat' dir='ltr'><strong>crudeles,</strong></span> <span class='ocrx_word' id='word_1_607' title='bbox 2632 2074 2969 2142; x_wconf 89' lang='lat' dir='ltr'><strong>inhumanos,</strong></span> <span class='ocrx_word' id='word_1_608' title='bbox 3001 2080 3264 2147; x_wconf 83' lang='lat' dir='ltr'><strong>sordidus,</strong></span> <span class='ocrx_word' id='word_1_609' title='bbox 3297 2093 3352 2139; x_wconf 90' lang='lat' dir='ltr'><strong>et</strong></span> <span class='ocrx_word' id='word_1_610' title='bbox 3383 2099 3413 2139; x_wconf 93' lang='lat' dir='ltr'><strong>a</strong></span> <span class='ocrx_word' id='word_1_611' title='bbox 3453 2085 3630 2155; x_wconf 90' lang='lat' dir='ltr'><strong>philo-</strong></span> 
     </span>
    </p>
   </div>
   <div class='ocr_carea' id='block_1_83' title="bbox 2035 2159 3628 2247">
    <p class='ocr_par' dir='ltr' id='par_1_83' title="bbox 2035 2159 3628 2247">
     <span class='ocr_line' id='line_1_83' title="bbox 2035 2159 3628 2247; baseline 0.012 -33"><span class='ocrx_word' id='word_1_612' title='bbox 2035 2159 2222 2229; x_wconf 89' lang='lat' dir='ltr'><strong>sophia</strong></span> <span class='ocrx_word' id='word_1_613' title='bbox 2251 2164 2458 2232; x_wconf 90' lang='lat' dir='ltr'><strong>penitus</strong></span> <span class='ocrx_word' id='word_1_614' title='bbox 2477 2165 2681 2221; x_wconf 92' lang='lat' dir='ltr'><strong>alienos</strong></span> <span class='ocrx_word' id='word_1_615' title='bbox 2713 2169 2999 2225; x_wconf 86' lang='lat' dir='ltr'><strong>traducunt</strong></span> <span class='ocrx_word' id='word_1_616' title='bbox 3025 2187 3210 2228; x_wconf 87' lang='lat' dir='ltr'><strong>omnes</strong></span> <span class='ocrx_word' id='word_1_617' title='bbox 3243 2192 3256 2228; x_wconf 90' lang='lat'>:</span> <span class='ocrx_word' id='word_1_618' title='bbox 3284 2191 3458 2247; x_wconf 88' lang='lat' dir='ltr'><strong>neque</strong></span> <span class='ocrx_word' id='word_1_619' title='bbox 3483 2178 3628 2234; x_wconf 89' lang='lat' dir='ltr'><strong>enim</strong></span> 
     </span>
    </p>
   </div>
   <div class='ocr_carea' id='block_1_84' title="bbox 2037 2250 3630 2330">
    <p class='ocr_par' dir='ltr' id='par_1_84' title="bbox 2037 2250 3630 2330">
     <span class='ocr_line' id='line_1_84' title="bbox 2037 2250 3630 2330; baseline 0.013 -24"><span class='ocrx_word' id='word_1_620' title='bbox 2037 2250 2270 2308; x_wconf 90' lang='lat' dir='ltr'><strong>hominis</strong></span> <span class='ocrx_word' id='word_1_621' title='bbox 2297 2255 2465 2324; x_wconf 88' lang='lat' dir='ltr'><strong>gloria</strong></span> <span class='ocrx_word' id='word_1_622' title='bbox 2492 2268 2615 2312; x_wconf 92' lang='lat' dir='ltr'><strong>sunt</strong></span> <span class='ocrx_word' id='word_1_623' title='bbox 2641 2259 2740 2314; x_wconf 90' lang='lat' dir='ltr'><strong>ista</strong></span> <span class='ocrx_word' id='word_1_624' title='bbox 2761 2301 2774 2323; x_wconf 92' lang='lat'><strong>,</strong></span> <span class='ocrx_word' id='word_1_625' title='bbox 2805 2269 2864 2315; x_wconf 88' lang='lat' dir='ltr'><strong>ut</strong></span> <span class='ocrx_word' id='word_1_626' title='bbox 2887 2261 2996 2317; x_wconf 83' lang='lat' dir='ltr'><strong>dixi</strong></span> <span class='ocrx_word' id='word_1_627' title='bbox 3019 2304 3033 2330; x_wconf 92' lang='lat'><strong>,</strong></span> <span class='ocrx_word' id='word_1_628' title='bbox 3061 2265 3152 2319; x_wconf 90' lang='lat' dir='ltr'><strong>sed</strong></span> <span class='ocrx_word' id='word_1_629' title='bbox 3179 2266 3370 2323; x_wconf 89' lang='lat' dir='ltr'><strong>domus</strong></span> <span class='ocrx_word' id='word_1_630' title='bbox 3399 2285 3414 2322; x_wconf 91' lang='lat'><strong>:</strong></span> <span class='ocrx_word' id='word_1_631' title='bbox 3444 2285 3630 2326; x_wconf 89' lang='lat' dir='ltr'><strong>verum</strong></span> 
     </span>
    </p>
   </div>
   <div class='ocr_carea' id='block_1_85' title="bbox 2035 2347 3630 2425">
    <p class='ocr_par' dir='ltr' id='par_1_85' title="bbox 2035 2347 3630 2425">
     <span class='ocr_line' id='line_1_85' title="bbox 2035 2347 3630 2425; baseline 0.012 -28"><span class='ocrx_word' id='word_1_632' title='bbox 2035 2357 2128 2398; x_wconf 89' lang='lat' dir='ltr'><strong>eos</strong></span> <span class='ocrx_word' id='word_1_633' title='bbox 2148 2347 2236 2414; x_wconf 86' lang='lat' dir='ltr'><strong>qui</strong></span> <span class='ocrx_word' id='word_1_634' title='bbox 2267 2347 2318 2399; x_wconf 91' lang='lat' dir='ltr'><strong>in</strong></span> <span class='ocrx_word' id='word_1_635' title='bbox 2341 2349 2610 2415; x_wconf 88' lang='lat' dir='ltr'><strong>castitate,</strong></span> <span class='ocrx_word' id='word_1_636' title='bbox 2636 2350 2916 2420; x_wconf 90' lang='lat' dir='ltr'><strong>modestia,</strong></span> <span class='ocrx_word' id='word_1_637' title='bbox 2945 2357 3373 2425; x_wconf 68' lang='lat' dir='ltr'><strong>mansuetudine,</strong></span> <span class='ocrx_word' id='word_1_638' title='bbox 3395 2360 3630 2416; x_wconf 83' lang='lat' dir='ltr'><strong>clemen-</strong></span> 
     </span>
    </p>
   </div>
   <div class='ocr_carea' id='block_1_86' title="bbox 2035 2436 3627 2519">
    <p class='ocr_par' dir='ltr' id='par_1_86' title="bbox 2035 2436 3627 2519">
     <span class='ocr_line' id='line_1_86' title="bbox 2035 2436 3627 2519; baseline 0.012 -29"><span class='ocrx_word' id='word_1_639' title='bbox 2035 2436 2107 2490; x_wconf 89' lang='lat' dir='ltr'><strong>tia</strong></span> <span class='ocrx_word' id='word_1_640' title='bbox 2140 2439 2302 2494; x_wconf 88' lang='lat' dir='ltr'><strong>vitam</strong></span> <span class='ocrx_word' id='word_1_641' title='bbox 2335 2439 2553 2511; x_wconf 89' lang='lat' dir='ltr'><strong>degunt,</strong></span> <span class='ocrx_word' id='word_1_642' title='bbox 2584 2443 2672 2513; x_wconf 90' lang='lat' dir='ltr'><strong>qui</strong></span> <span class='ocrx_word' id='word_1_643' title='bbox 2703 2452 2840 2499; x_wconf 88' lang='lat' dir='ltr'><strong>totos</strong></span> <span class='ocrx_word' id='word_1_644' title='bbox 2868 2447 2976 2500; x_wconf 89' lang='lat' dir='ltr'><strong>Deo</strong></span> <span class='ocrx_word' id='word_1_645' title='bbox 2994 2463 3052 2503; x_wconf 89' lang='lat' dir='ltr'><strong>se</strong></span> <span class='ocrx_word' id='word_1_646' title='bbox 3077 2448 3424 2519; x_wconf 81' lang='lat' dir='ltr'><strong>devoverant,</strong></span> <span class='ocrx_word' id='word_1_647' title='bbox 3454 2453 3627 2509; x_wconf 88' lang='lat' dir='ltr'><strong>admi-</strong></span> 
     </span>
    </p>
   </div>
   <div class='ocr_carea' id='block_1_87' title="bbox 2033 2534 3622 2615">
    <p class='ocr_par' dir='ltr' id='par_1_87' title="bbox 2033 2534 3622 2615">
     <span class='ocr_line' id='line_1_87' title="bbox 2033 2534 3622 2615; baseline 0.012 -31"><span class='ocrx_word' id='word_1_648' title='bbox 2033 2545 2215 2587; x_wconf 89' lang='lat' dir='ltr'><strong>ramur</strong></span> <span class='ocrx_word' id='word_1_649' title='bbox 2235 2574 2249 2600; x_wconf 94' lang='lat'><strong>,</strong></span> <span class='ocrx_word' id='word_1_650' title='bbox 2282 2534 2559 2590; x_wconf 90' lang='lat' dir='ltr'><strong>laudamus</strong></span> <span class='ocrx_word' id='word_1_651' title='bbox 2584 2576 2598 2600; x_wconf 91' lang='lat'><strong>,</strong></span> <span class='ocrx_word' id='word_1_652' title='bbox 2627 2537 2978 2606; x_wconf 65' lang='lat' dir='ltr'><strong>praedicamus</strong></span> <span class='ocrx_word' id='word_1_653' title='bbox 3003 2583 3018 2608; x_wconf 92' lang='lat'><strong>,</strong></span> <span class='ocrx_word' id='word_1_654' title='bbox 3046 2544 3478 2615; x_wconf 86' lang='lat' dir='ltr'><strong>quandoquidem</strong></span> <span class='ocrx_word' id='word_1_655' title='bbox 3509 2547 3622 2603; x_wconf 85' lang='lat' dir='ltr'><strong>haec</strong></span> 
     </span>
    </p>
   </div>
   <div class='ocr_carea' id='block_1_88' title="bbox 2034 2624 3626 2706">
    <p class='ocr_par' dir='ltr' id='par_1_88' title="bbox 2034 2624 3626 2706">
     <span class='ocr_line' id='line_1_88' title="bbox 2034 2624 3626 2706; baseline 0.011 -30"><span class='ocrx_word' id='word_1_656' title='bbox 2034 2624 2328 2691; x_wconf 77' lang='lat' dir='ltr'><strong>praesertim</strong></span> <span class='ocrx_word' id='word_1_657' title='bbox 2358 2635 2440 2680; x_wconf 85' lang='lat' dir='ltr'><strong>est</strong></span> <span class='ocrx_word' id='word_1_658' title='bbox 2463 2625 2694 2682; x_wconf 89' lang='lat' dir='ltr'><strong>hominis</strong></span> <span class='ocrx_word' id='word_1_659' title='bbox 2717 2628 2906 2699; x_wconf 89' lang='lat' dir='ltr'><strong>gloria.</strong></span> <span class='ocrx_word' id='word_1_660' title='bbox 2933 2630 3025 2686; x_wconf 88' lang='lat' dir='ltr'><strong>llis</strong></span> <span class='ocrx_word' id='word_1_661' title='bbox 3045 2646 3172 2702; x_wconf 85' lang='lat' dir='ltr'><strong>ergo</strong></span> <span class='ocrx_word' id='word_1_662' title='bbox 3201 2637 3493 2706; x_wconf 89' lang='lat' dir='ltr'><strong>perspectis</strong></span> <span class='ocrx_word' id='word_1_663' title='bbox 3528 2655 3626 2693; x_wconf 85' lang='lat' dir='ltr'><strong>ne-</strong></span> 
     </span>
    </p>
   </div>
   <div class='ocr_carea' id='block_1_89' title="bbox 2033 2714 3629 2792">
    <p class='ocr_par' dir='ltr' id='par_1_89' title="bbox 2033 2714 3629 2792">
     <span class='ocr_line' id='line_1_89' title="bbox 2033 2714 3629 2792; baseline 0.011 -25"><span class='ocrx_word' id='word_1_664' title='bbox 2033 2714 2235 2770; x_wconf 89' lang='lat' dir='ltr'><strong>minem</strong></span> <span class='ocrx_word' id='word_1_665' title='bbox 2271 2715 2483 2772; x_wconf 91' lang='lat' dir='ltr'><strong>beatum</strong></span> <span class='ocrx_word' id='word_1_666' title='bbox 2511 2732 2631 2773; x_wconf 88' lang='lat' dir='ltr'><strong>esse</strong></span> <span class='ocrx_word' id='word_1_667' title='bbox 2660 2720 2962 2776; x_wconf 82' lang='lat' dir='ltr'><strong>existimate</strong></span> <span class='ocrx_word' id='word_1_668' title='bbox 2981 2763 2996 2786; x_wconf 94' lang='lat'><strong>,</strong></span> <span class='ocrx_word' id='word_1_669' title='bbox 3025 2724 3114 2792; x_wconf 85' lang='lat' dir='ltr'><strong>qui</strong></span> <span class='ocrx_word' id='word_1_670' title='bbox 3145 2725 3302 2781; x_wconf 87' lang='lat' dir='ltr'><strong>rebus</strong></span> <span class='ocrx_word' id='word_1_671' title='bbox 3333 2727 3434 2783; x_wconf 92' lang='lat' dir='ltr'><strong>illis</strong></span> <span class='ocrx_word' id='word_1_672' title='bbox 3461 2731 3629 2784; x_wconf 87' lang='lat' dir='ltr'><strong>abun-</strong></span> 
     </span>
    </p>
   </div>
   <div class='ocr_carea' id='block_1_90' title="bbox 2031 2807 3628 2890">
    <p class='ocr_par' dir='ltr' id='par_1_90' title="bbox 2031 2807 3628 2890">
     <span class='ocr_line' id='line_1_90' title="bbox 2031 2807 3628 2890; baseline 0.009 -30"><span class='ocrx_word' id='word_1_673' title='bbox 2031 2807 2140 2871; x_wconf 90' lang='lat' dir='ltr'><strong>det,</strong></span> <span class='ocrx_word' id='word_1_674' title='bbox 2165 2823 2284 2878; x_wconf 75' lang='lat' dir='ltr'><strong>qua:</strong></span> <span class='ocrx_word' id='word_1_675' title='bbox 2304 2807 2431 2864; x_wconf 87' lang='lat' dir='ltr'><strong>nihil</strong></span> <span class='ocrx_word' id='word_1_676' title='bbox 2459 2825 2580 2864; x_wconf 92' lang='lat' dir='ltr'><strong>cum</strong></span> <span class='ocrx_word' id='word_1_677' title='bbox 2604 2811 2696 2866; x_wconf 89' lang='lat' dir='ltr'><strong>illo</strong></span> <span class='ocrx_word' id='word_1_678' title='bbox 2714 2826 2996 2870; x_wconf 89' lang='lat' dir='ltr'><strong>commune</strong></span> <span class='ocrx_word' id='word_1_679' title='bbox 3027 2815 3240 2871; x_wconf 87' lang='lat' dir='ltr'><strong>habent.</strong></span> <span class='ocrx_word' id='word_1_680' title='bbox 3267 2817 3419 2874; x_wconf 84' lang='lat' dir='ltr'><strong>Licet</strong></span> <span class='ocrx_word' id='word_1_681' title='bbox 3440 2836 3628 2890; x_wconf 87' lang='lat' dir='ltr'><strong>quem-</strong></span> 
     </span>
    </p>
   </div>
   <div class='ocr_carea' id='block_1_91' title="bbox 2030 2899 3622 2978">
    <p class='ocr_par' dir='ltr' id='par_1_91' title="bbox 2030 2899 3622 2978">
     <span class='ocr_line' id='line_1_91' title="bbox 2030 2899 3622 2978; baseline 0.009 -26"><span class='ocrx_word' id='word_1_682' title='bbox 2030 2899 2173 2969; x_wconf 89' lang='lat' dir='ltr'><strong>piam</strong></span> <span class='ocrx_word' id='word_1_683' title='bbox 2199 2900 2395 2956; x_wconf 90' lang='lat' dir='ltr'><strong>videris</strong></span> <span class='ocrx_word' id='word_1_684' title='bbox 2422 2902 2474 2956; x_wconf 93' lang='lat' dir='ltr'><strong>in</strong></span> <span class='ocrx_word' id='word_1_685' title='bbox 2517 2917 2682 2958; x_wconf 89' lang='lat' dir='ltr'><strong>curru</strong></span> <span class='ocrx_word' id='word_1_686' title='bbox 2724 2904 2998 2961; x_wconf 85' lang='lat' dir='ltr'><strong>sedentem</strong></span> <span class='ocrx_word' id='word_1_687' title='bbox 3023 2947 3037 2973; x_wconf 92' lang='lat'><strong>,</strong></span> <span class='ocrx_word' id='word_1_688' title='bbox 3083 2910 3370 2978; x_wconf 91' lang='lat' dir='ltr'><strong>supercilio</strong></span> <span class='ocrx_word' id='word_1_689' title='bbox 3409 2912 3622 2967; x_wconf 88' lang='lat' dir='ltr'><strong>sublato</strong></span> 
     </span>
    </p>
   </div>
   <div class='ocr_carea' id='block_1_92' title="bbox 2031 2993 3624 3075">
    <p class='ocr_par' dir='ltr' id='par_1_92' title="bbox 2031 2993 3624 3075">
     <span class='ocr_line' id='line_1_92' title="bbox 2031 2993 3624 3075; baseline 0.009 -29"><span class='ocrx_word' id='word_1_690' title='bbox 2031 3006 2151 3048; x_wconf 90' lang='lat' dir='ltr'><strong>sese</strong></span> <span class='ocrx_word' id='word_1_691' title='bbox 2167 2993 2476 3064; x_wconf 89' lang='lat' dir='ltr'><strong>erigentem,</strong></span> <span class='ocrx_word' id='word_1_692' title='bbox 2497 3005 2548 3048; x_wconf 90' lang='lat' dir='ltr'><strong>et</strong></span> <span class='ocrx_word' id='word_1_693' title='bbox 2568 2995 2709 3065; x_wconf 90' lang='lat' dir='ltr'><strong>ipsas</strong></span> <span class='ocrx_word' id='word_1_694' title='bbox 2727 2997 2892 3052; x_wconf 88' lang='lat' dir='ltr'><strong>nubes</strong></span> <span class='ocrx_word' id='word_1_695' title='bbox 2909 2999 3274 3070; x_wconf 86' lang='lat' dir='ltr'><strong>attingentem,</strong></span> <span class='ocrx_word' id='word_1_696' title='bbox 3290 3019 3394 3058; x_wconf 92' lang='lat' dir='ltr'><strong>non</strong></span> <span class='ocrx_word' id='word_1_697' title='bbox 3411 3005 3624 3075; x_wconf 64' lang='lat' dir='ltr'><strong>quidem</strong></span> 
     </span>
    </p>
   </div>
   <div class='ocr_carea' id='block_1_93' title="bbox 2030 3085 3628 3168">
    <p class='ocr_par' dir='ltr' id='par_1_93' title="bbox 2030 3085 3628 3168">
     <span class='ocr_line' id='line_1_93' title="bbox 2030 3085 3628 3168; baseline 0.008 -30"><span class='ocrx_word' id='word_1_698' title='bbox 2030 3085 2204 3155; x_wconf 89' lang='lat' dir='ltr'><strong>reipsa</strong></span> <span class='ocrx_word' id='word_1_699' title='bbox 2225 3086 2439 3156; x_wconf 90' lang='lat' dir='ltr'><strong>(neque</strong></span> <span class='ocrx_word' id='word_1_700' title='bbox 2461 3087 2604 3143; x_wconf 91' lang='lat' dir='ltr'><strong>enim</strong></span> <span class='ocrx_word' id='word_1_701' title='bbox 2633 3087 2746 3143; x_wconf 78' lang='lat' dir='ltr'><strong>fieri</strong></span> <span class='ocrx_word' id='word_1_702' title='bbox 2773 3090 2980 3162; x_wconf 89' lang='lat' dir='ltr'><strong>potest)</strong></span> <span class='ocrx_word' id='word_1_703' title='bbox 3001 3130 3022 3159; x_wconf 85' lang='lat'><strong>,</strong></span> <span class='ocrx_word' id='word_1_704' title='bbox 3043 3092 3135 3147; x_wconf 87' lang='lat' dir='ltr'><strong>sed</strong></span> <span class='ocrx_word' id='word_1_705' title='bbox 3159 3096 3351 3150; x_wconf 91' lang='lat' dir='ltr'><strong>mentis</strong></span> <span class='ocrx_word' id='word_1_706' title='bbox 3371 3111 3628 3168; x_wconf 85' lang='lat' dir='ltr'><strong>arrogan-</strong></span> 
     </span>
    </p>
   </div>
   <div class='ocr_carea' id='block_1_94' title="bbox 2031 3177 3628 3256">
    <p class='ocr_par' dir='ltr' id='par_1_94' title="bbox 2031 3177 3628 3256">
     <span class='ocr_line' id='line_1_94' title="bbox 2031 3177 3628 3256; baseline 0.01 -26"><span class='ocrx_word' id='word_1_707' title='bbox 2031 3177 2100 3230; x_wconf 91' lang='lat' dir='ltr'><strong>tia</strong></span> <span class='ocrx_word' id='word_1_708' title='bbox 2131 3218 2145 3239; x_wconf 93' lang='lat'><strong>,</strong></span> <span class='ocrx_word' id='word_1_709' title='bbox 2173 3177 2256 3232; x_wconf 92' lang='lat' dir='ltr'><strong>vel</strong></span> <span class='ocrx_word' id='word_1_710' title='bbox 2288 3179 2465 3248; x_wconf 90' lang='lat' dir='ltr'><strong>potius</strong></span> <span class='ocrx_word' id='word_1_711' title='bbox 2495 3179 2740 3235; x_wconf 88' lang='lat' dir='ltr'><strong>vecordia</strong></span> <span class='ocrx_word' id='word_1_712' title='bbox 2765 3222 2780 3247; x_wconf 96' lang='lat'><strong>,</strong></span> <span class='ocrx_word' id='word_1_713' title='bbox 2816 3197 2883 3236; x_wconf 91' lang='lat' dir='ltr'><strong>ne</strong></span> <span class='ocrx_word' id='word_1_714' title='bbox 2925 3183 3216 3254; x_wconf 87' lang='lat' dir='ltr'><strong>gloriosum</strong></span> <span class='ocrx_word' id='word_1_715' title='bbox 3261 3188 3420 3243; x_wconf 90' lang='lat' dir='ltr'><strong>istum</strong></span> <span class='ocrx_word' id='word_1_716' title='bbox 3446 3229 3463 3256; x_wconf 95' lang='lat'><strong>,</strong></span> <span class='ocrx_word' id='word_1_717' title='bbox 3494 3206 3628 3246; x_wconf 90' lang='lat' dir='ltr'><strong>neve</strong></span> 
     </span>
    </p>
   </div>
   <div class='ocr_carea' id='block_1_95' title="bbox 2030 3267 3626 3340">
    <p class='ocr_par' dir='ltr' id='par_1_95' title="bbox 2030 3267 3626 3340">
     <span class='ocr_line' id='line_1_95' title="bbox 2030 3267 3626 3340; baseline 0.011 -20"><span class='ocrx_word' id='word_1_718' title='bbox 2030 3267 2316 3323; x_wconf 72' lang='lat' dir='ltr'><strong>sublimem</strong></span> <span class='ocrx_word' id='word_1_719' title='bbox 2338 3283 2400 3324; x_wconf 90' lang='lat' dir='ltr'><strong>ac</strong></span> <span class='ocrx_word' id='word_1_720' title='bbox 2430 3285 2676 3340; x_wconf 88' lang='lat' dir='ltr'><strong>magnum</strong></span> <span class='ocrx_word' id='word_1_721' title='bbox 2706 3271 3004 3329; x_wconf 88' lang='lat' dir='ltr'><strong>arbitreris.</strong></span> <span class='ocrx_word' id='word_1_722' title='bbox 3030 3275 3160 3330; x_wconf 83' lang='lat' dir='ltr'><strong>Nam</strong></span> <span class='ocrx_word' id='word_1_723' title='bbox 3191 3278 3474 3335; x_wconf 88' lang='lat' dir='ltr'><strong>sublimem</strong></span> <span class='ocrx_word' id='word_1_724' title='bbox 3499 3281 3626 3336; x_wconf 85' lang='lat' dir='ltr'><strong>red-</strong></span> 
     </span>
    </p>
   </div>
   <div class='ocr_carea' id='block_1_96' title="bbox 2029 3358 3620 3440">
    <p class='ocr_par' dir='ltr' id='par_1_96' title="bbox 2029 3358 3620 3440">
     <span class='ocr_line' id='line_1_96' title="bbox 2029 3358 3620 3440; baseline 0.011 -28"><span class='ocrx_word' id='word_1_725' title='bbox 2029 3358 2162 3413; x_wconf 90' lang='lat' dir='ltr'><strong>dunt</strong></span> <span class='ocrx_word' id='word_1_726' title='bbox 2183 3377 2288 3415; x_wconf 92' lang='lat' dir='ltr'><strong>non</strong></span> <span class='ocrx_word' id='word_1_727' title='bbox 2307 3361 2464 3417; x_wconf 86' lang='lat' dir='ltr'><strong>mulae</strong></span> <span class='ocrx_word' id='word_1_728' title='bbox 2487 3378 2702 3418; x_wconf 90' lang='lat' dir='ltr'><strong>currum</strong></span> <span class='ocrx_word' id='word_1_729' title='bbox 2727 3366 3021 3428; x_wconf 87' lang='lat' dir='ltr'><strong>trahentes.</strong></span> <span class='ocrx_word' id='word_1_730' title='bbox 3042 3369 3135 3425; x_wconf 91' lang='lat' dir='ltr'><strong>sed</strong></span> <span class='ocrx_word' id='word_1_731' title='bbox 3156 3370 3365 3426; x_wconf 89' lang='lat' dir='ltr'><strong>culmen</strong></span> <span class='ocrx_word' id='word_1_732' title='bbox 3387 3373 3620 3440; x_wconf 86' lang='lat' dir='ltr'><strong>virtutis,</strong></span> 
     </span>
    </p>
   </div>
   <div class='ocr_carea' id='block_1_97' title="bbox 2028 3450 3619 3520">
    <p class='ocr_par' dir='ltr' id='par_1_97' title="bbox 2028 3450 3619 3520">
     <span class='ocr_line' id='line_1_97' title="bbox 2028 3450 3619 3520; baseline 0.01 -16"><span class='ocrx_word' id='word_1_733' title='bbox 2028 3450 2170 3518; x_wconf 91' lang='lat' dir='ltr'><strong>quod</strong></span> <span class='ocrx_word' id='word_1_734' title='bbox 2193 3451 2260 3506; x_wconf 91' lang='lat' dir='ltr'><strong>ad</strong></span> <span class='ocrx_word' id='word_1_735' title='bbox 2297 3452 2547 3508; x_wconf 82' lang='lat' dir='ltr'><strong>caelorum</strong></span> <span class='ocrx_word' id='word_1_736' title='bbox 2573 3455 2729 3512; x_wconf 90' lang='lat' dir='ltr'><strong>sedes</strong></span> <span class='ocrx_word' id='word_1_737' title='bbox 2755 3473 2855 3513; x_wconf 92' lang='lat' dir='ltr'><strong>nos</strong></span> <span class='ocrx_word' id='word_1_738' title='bbox 2875 3457 3143 3514; x_wconf 85' lang='lat' dir='ltr'><strong>subvehit.</strong></span> <span class='ocrx_word' id='word_1_739' title='bbox 3174 3460 3323 3518; x_wconf 89' lang='lat' dir='ltr'><strong>Licet</strong></span> <span class='ocrx_word' id='word_1_740' title='bbox 3351 3463 3514 3518; x_wconf 92' lang='lat' dir='ltr'><strong>alium</strong></span> <span class='ocrx_word' id='word_1_741' title='bbox 3538 3466 3619 3520; x_wconf 86' lang='lat' dir='ltr'><strong>vi-</strong></span> 
     </span>
    </p>
   </div>
   <div class='ocr_carea' id='block_1_98' title="bbox 2029 3539 3624 3626">
    <p class='ocr_par' dir='ltr' id='par_1_98' title="bbox 2029 3539 3624 3626">
     <span class='ocr_line' id='line_1_98' title="bbox 2029 3539 3624 3626; baseline 0.01 -31"><span class='ocrx_word' id='word_1_742' title='bbox 2029 3539 2160 3596; x_wconf 87' lang='lat' dir='ltr'><strong>deas</strong></span> <span class='ocrx_word' id='word_1_743' title='bbox 2186 3557 2325 3612; x_wconf 89' lang='lat' dir='ltr'><strong>equo</strong></span> <span class='ocrx_word' id='word_1_744' title='bbox 2351 3543 2690 3611; x_wconf 90' lang='lat' dir='ltr'><strong>insidentem,</strong></span> <span class='ocrx_word' id='word_1_745' title='bbox 2721 3549 2903 3603; x_wconf 91' lang='lat' dir='ltr'><strong>multis</strong></span> <span class='ocrx_word' id='word_1_746' title='bbox 2931 3551 3184 3620; x_wconf 87' lang='lat' dir='ltr'><strong>stipatum</strong></span> <span class='ocrx_word' id='word_1_747' title='bbox 3216 3551 3508 3620; x_wconf 91' lang='lat' dir='ltr'><strong>lictoribus,</strong></span> <span class='ocrx_word' id='word_1_748' title='bbox 3532 3556 3624 3626; x_wconf 92' lang='lat' dir='ltr'><strong>qui</strong></span> 
     </span>
    </p>
   </div>
   <div class='ocr_carea' id='block_1_99' title="bbox 2029 3634 3626 3716">
    <p class='ocr_par' dir='ltr' id='par_1_99' title="bbox 2029 3634 3626 3716">
     <span class='ocr_line' id='line_1_99' title="bbox 2029 3634 3626 3716; baseline 0.009 -28"><span class='ocrx_word' id='word_1_749' title='bbox 2029 3634 2239 3703; x_wconf 88' lang='lat' dir='ltr'><strong>plebem</strong></span> <span class='ocrx_word' id='word_1_750' title='bbox 2269 3637 2320 3688; x_wconf 93' lang='lat' dir='ltr'><strong>in</strong></span> <span class='ocrx_word' id='word_1_751' title='bbox 2349 3635 2464 3691; x_wconf 92' lang='lat' dir='ltr'><strong>foro</strong></span> <span class='ocrx_word' id='word_1_752' title='bbox 2509 3647 2760 3706; x_wconf 90' lang='lat' dir='ltr'><strong>arceant,</strong></span> <span class='ocrx_word' id='word_1_753' title='bbox 2799 3654 2870 3696; x_wconf 91' lang='lat' dir='ltr'><strong>ne</strong></span> <span class='ocrx_word' id='word_1_754' title='bbox 2909 3640 3049 3696; x_wconf 90' lang='lat' dir='ltr'><strong>hunc</strong></span> <span class='ocrx_word' id='word_1_755' title='bbox 3091 3642 3304 3713; x_wconf 91' lang='lat' dir='ltr'><strong>quidem</strong></span> <span class='ocrx_word' id='word_1_756' title='bbox 3346 3655 3626 3716; x_wconf 86' lang='lat' dir='ltr'><strong>propterea</strong></span> 
     </span>
    </p>
   </div>
   <div class='ocr_carea' id='block_1_100' title="bbox 2028 3728 3623 3809">
    <p class='ocr_par' dir='ltr' id='par_1_100' title="bbox 2028 3728 3623 3809">
     <span class='ocr_line' id='line_1_100' title="bbox 2028 3728 3623 3809; baseline 0.009 -28"><span class='ocrx_word' id='word_1_757' title='bbox 2028 3728 2244 3784; x_wconf 88' lang='lat' dir='ltr'><strong>beatum</strong></span> <span class='ocrx_word' id='word_1_758' title='bbox 2279 3730 2559 3801; x_wconf 72' lang='lat' dir='ltr'><strong>prmdices,</strong></span> <span class='ocrx_word' id='word_1_759' title='bbox 2593 3732 2688 3788; x_wconf 90' lang='lat' dir='ltr'><strong>sed</strong></span> <span class='ocrx_word' id='word_1_760' title='bbox 2707 3733 2943 3789; x_wconf 89' lang='lat' dir='ltr'><strong>animum</strong></span> <span class='ocrx_word' id='word_1_761' title='bbox 2967 3735 3085 3806; x_wconf 88' lang='lat' dir='ltr'><strong>ejus</strong></span> <span class='ocrx_word' id='word_1_762' title='bbox 3108 3747 3301 3792; x_wconf 88' lang='lat' dir='ltr'><strong>excute</strong></span> <span class='ocrx_word' id='word_1_763' title='bbox 3321 3746 3377 3793; x_wconf 92' lang='lat' dir='ltr'><strong>et</strong></span> <span class='ocrx_word' id='word_1_764' title='bbox 3396 3740 3623 3809; x_wconf 85' lang='lat' dir='ltr'><strong>explica,</strong></span> 
     </span>
    </p>
   </div>
   <div class='ocr_carea' id='block_1_101' title="bbox 2029 3825 3626 3899">
    <p class='ocr_par' dir='ltr' id='par_1_101' title="bbox 2029 3825 3626 3899">
     <span class='ocr_line' id='line_1_101' title="bbox 2029 3825 3626 3899; baseline 0.008 -25"><span class='ocrx_word' id='word_1_765' title='bbox 2029 3830 2246 3891; x_wconf 90' lang='lat' dir='ltr'><strong>tumque</strong></span> <span class='ocrx_word' id='word_1_766' title='bbox 2275 3825 2591 3880; x_wconf 88' lang='lat' dir='ltr'><strong>sententiam</strong></span> <span class='ocrx_word' id='word_1_767' title='bbox 2620 3825 2688 3881; x_wconf 89' lang='lat' dir='ltr'><strong>de</strong></span> <span class='ocrx_word' id='word_1_768' title='bbox 2727 3841 2794 3882; x_wconf 92' lang='lat' dir='ltr'><strong>eo</strong></span> <span class='ocrx_word' id='word_1_769' title='bbox 2837 3825 3011 3894; x_wconf 87' lang='lat' dir='ltr'><strong>ferto,</strong></span> <span class='ocrx_word' id='word_1_770' title='bbox 3061 3843 3220 3899; x_wconf 89' lang='lat' dir='ltr'><strong>quam</strong></span> <span class='ocrx_word' id='word_1_771' title='bbox 3263 3827 3436 3885; x_wconf 89' lang='lat' dir='ltr'><strong>forma</strong></span> <span class='ocrx_word' id='word_1_772' title='bbox 3481 3831 3626 3889; x_wconf 82' lang='lat' dir='ltr'><strong>illius</strong></span> 
     </span>
    </p>
   </div>
   <div class='ocr_carea' id='block_1_102' title="bbox 2027 3917 3627 3994">
    <p class='ocr_par' dir='ltr' id='par_1_102' title="bbox 2027 3917 3627 3994">
     <span class='ocr_line' id='line_1_102' title="bbox 2027 3917 3627 3994; baseline 0.008 -27"><span class='ocrx_word' id='word_1_773' title='bbox 2027 3923 2313 3984; x_wconf 86' lang='lat' dir='ltr'><strong>conspecta</strong></span> <span class='ocrx_word' id='word_1_774' title='bbox 2358 3918 2704 3986; x_wconf 86' lang='lat' dir='ltr'><strong>suggesserit.</strong></span> <span class='ocrx_word' id='word_1_775' title='bbox 2735 3917 2810 3972; x_wconf 88' lang='lat' dir='ltr'><strong>lta</strong></span> <span class='ocrx_word' id='word_1_776' title='bbox 2848 3928 2974 3974; x_wconf 90' lang='lat' dir='ltr'><strong>sunt</strong></span> <span class='ocrx_word' id='word_1_777' title='bbox 3017 3920 3240 3976; x_wconf 89' lang='lat' dir='ltr'><strong>ridicula</strong></span> <span class='ocrx_word' id='word_1_778' title='bbox 3280 3937 3627 3994; x_wconf 67' lang='lat' dir='ltr'><strong>quaecumque</strong></span> 
     </span>
    </p>
   </div>
   <div class='ocr_carea' id='block_1_103' title="bbox 2027 4009 3623 4081">
    <p class='ocr_par' dir='ltr' id='par_1_103' title="bbox 2027 4009 3623 4081">
     <span class='ocr_line' id='line_1_103' title="bbox 2027 4009 3623 4081; baseline 0.009 -24"><span class='ocrx_word' id='word_1_779' title='bbox 2027 4020 2167 4061; x_wconf 90' lang='lat' dir='ltr'><strong>nunc</strong></span> <span class='ocrx_word' id='word_1_780' title='bbox 2192 4019 2505 4065; x_wconf 89' lang='lat' dir='ltr'><strong>cernuntur.</strong></span> <span class='ocrx_word' id='word_1_781' title='bbox 2549 4009 2658 4064; x_wconf 89' lang='lat' dir='ltr'><strong>Cur</strong></span> <span class='ocrx_word' id='word_1_782' title='bbox 2685 4010 2828 4065; x_wconf 92' lang='lat' dir='ltr'><strong>enim</strong></span> <span class='ocrx_word' id='word_1_783' title='bbox 2852 4052 2868 4078; x_wconf 91' lang='lat'><strong>,</strong></span> <span class='ocrx_word' id='word_1_784' title='bbox 2907 4027 3088 4081; x_wconf 83' lang='lat' dir='ltr'><strong>quaeso</strong></span> <span class='ocrx_word' id='word_1_785' title='bbox 3111 4053 3126 4076; x_wconf 96' lang='lat'><strong>,</strong></span> <span class='ocrx_word' id='word_1_786' title='bbox 3156 4013 3211 4068; x_wconf 92' lang='lat' dir='ltr'><strong>in</strong></span> <span class='ocrx_word' id='word_1_787' title='bbox 3256 4013 3372 4069; x_wconf 91' lang='lat' dir='ltr'><strong>foro</strong></span> <span class='ocrx_word' id='word_1_788' title='bbox 3416 4015 3623 4071; x_wconf 88' lang='lat' dir='ltr'><strong>turbam</strong></span> 
     </span>
    </p>
   </div>
   <div class='ocr_carea' id='block_1_104' title="bbox 2033 4102 3626 4174">
    <p class='ocr_par' dir='ltr' id='par_1_104' title="bbox 2033 4102 3626 4174">
     <span class='ocr_line' id='line_1_104' title="bbox 2033 4102 3626 4174; baseline 0.009 -22"><span class='ocrx_word' id='word_1_789' title='bbox 2033 4102 2225 4156; x_wconf 88' lang='lat' dir='ltr'><strong>arces?</strong></span> <span class='ocrx_word' id='word_1_790' title='bbox 2267 4112 2360 4155; x_wconf 90' lang='lat' dir='ltr'><strong>aut</strong></span> <span class='ocrx_word' id='word_1_791' title='bbox 2385 4117 2482 4156; x_wconf 91' lang='lat' dir='ltr'><strong>cur</strong></span> <span class='ocrx_word' id='word_1_792' title='bbox 2509 4103 2696 4158; x_wconf 89' lang='lat' dir='ltr'><strong>obvios</strong></span> <span class='ocrx_word' id='word_1_793' title='bbox 2734 4119 2978 4174; x_wconf 89' lang='lat' dir='ltr'><strong>quosque</strong></span> <span class='ocrx_word' id='word_1_794' title='bbox 3007 4107 3292 4162; x_wconf 89' lang='lat' dir='ltr'><strong>submoves</strong></span> <span class='ocrx_word' id='word_1_795' title='bbox 3319 4145 3338 4174; x_wconf 93' lang='lat'><strong>,</strong></span> <span class='ocrx_word' id='word_1_796' title='bbox 3381 4117 3435 4164; x_wconf 89' lang='lat' dir='ltr'><strong>et</strong></span> <span class='ocrx_word' id='word_1_797' title='bbox 3461 4107 3626 4166; x_wconf 89' lang='lat' dir='ltr'><strong>homo</strong></span> 
     </span>
    </p>
   </div>
   <div class='ocr_carea' id='block_1_105' title="bbox 2027 4193 3623 4270">
    <p class='ocr_par' dir='ltr' id='par_1_105' title="bbox 2027 4193 3623 4270">
     <span class='ocr_line' id='line_1_105' title="bbox 2027 4193 3623 4270; baseline 0.007 -24"><span class='ocrx_word' id='word_1_798' title='bbox 2027 4207 2149 4246; x_wconf 90' lang='lat' dir='ltr'><strong>cum</strong></span> <span class='ocrx_word' id='word_1_799' title='bbox 2192 4193 2296 4258; x_wconf 87' lang='lat' dir='ltr'><strong>sis,</strong></span> <span class='ocrx_word' id='word_1_800' title='bbox 2331 4193 2573 4248; x_wconf 87' lang='lat' dir='ltr'><strong>homines</strong></span> <span class='ocrx_word' id='word_1_801' title='bbox 2621 4195 2805 4264; x_wconf 83' lang='lat' dir='ltr'><strong>fugas?</strong></span> <span class='ocrx_word' id='word_1_802' title='bbox 2829 4195 2960 4263; x_wconf 85' lang='lat' dir='ltr'><strong>Quis</strong></span> <span class='ocrx_word' id='word_1_803' title='bbox 3007 4196 3094 4251; x_wconf 89' lang='lat' dir='ltr'><strong>hic</strong></span> <span class='ocrx_word' id='word_1_804' title='bbox 3135 4196 3347 4253; x_wconf 74' lang='lat' dir='ltr'><strong>fastus?</strong></span> <span class='ocrx_word' id='word_1_805' title='bbox 3377 4215 3623 4270; x_wconf 65' lang='lat' dir='ltr'><strong>quaenam</strong></span> 
     </span>
    </p>
   </div>
   <div class='ocr_carea' id='block_1_106' title="bbox 2027 4283 3622 4356">
    <p class='ocr_par' dir='ltr' id='par_1_106' title="bbox 2027 4283 3622 4356">
     <span class='ocr_line' id='line_1_106' title="bbox 2027 4283 3622 4356; baseline 0.006 -18"><span class='ocrx_word' id='word_1_806' title='bbox 2027 4283 2329 4352; x_wconf 87' lang='lat' dir='ltr'><strong>arrogantia</strong></span> <span class='ocrx_word' id='word_1_807' title='bbox 2354 4283 2379 4336; x_wconf 88' lang='lat'><strong>?</strong></span> <span class='ocrx_word' id='word_1_808' title='bbox 2404 4283 2538 4338; x_wconf 87' lang='lat' dir='ltr'><strong>Num</strong></span> <span class='ocrx_word' id='word_1_809' title='bbox 2570 4285 2726 4356; x_wconf 90' lang='lat' dir='ltr'><strong>lupus</strong></span> <span class='ocrx_word' id='word_1_810' title='bbox 2757 4300 2815 4339; x_wconf 92' lang='lat' dir='ltr'><strong>es</strong></span> <span class='ocrx_word' id='word_1_811' title='bbox 2842 4285 3034 4352; x_wconf 84' lang='lat' dir='ltr'><strong>factus,</strong></span> <span class='ocrx_word' id='word_1_812' title='bbox 3060 4299 3152 4342; x_wconf 89' lang='lat' dir='ltr'><strong>aut</strong></span> <span class='ocrx_word' id='word_1_813' title='bbox 3176 4289 3280 4353; x_wconf 90' lang='lat' dir='ltr'><strong>leo,</strong></span> <span class='ocrx_word' id='word_1_814' title='bbox 3312 4297 3387 4352; x_wconf 81' lang='lat' dir='ltr'><strong>ut,</strong></span> <span class='ocrx_word' id='word_1_815' title='bbox 3417 4291 3540 4346; x_wconf 90' lang='lat' dir='ltr'><strong>dum</strong></span> <span class='ocrx_word' id='word_1_816' title='bbox 3569 4293 3622 4348; x_wconf 94' lang='lat' dir='ltr'><strong>iu</strong></span> 
     </span>
    </p>
   </div>
   <div class='ocr_carea' id='block_1_107' title="bbox 2027 4376 3625 4448">
    <p class='ocr_par' dir='ltr' id='par_1_107' title="bbox 2027 4376 3625 4448">
     <span class='ocr_line' id='line_1_107' title="bbox 2027 4376 3625 4448; baseline 0.006 -17"><span class='ocrx_word' id='word_1_817' title='bbox 2027 4376 2213 4431; x_wconf 82' lang='lat' dir='ltr'><strong>urbem</strong></span> <span class='ocrx_word' id='word_1_818' title='bbox 2247 4377 2541 4446; x_wconf 88' lang='lat' dir='ltr'><strong>ingrederis</strong></span> <span class='ocrx_word' id='word_1_819' title='bbox 2563 4419 2578 4443; x_wconf 91' lang='lat'><strong>,</strong></span> <span class='ocrx_word' id='word_1_820' title='bbox 2621 4393 2809 4432; x_wconf 87' lang='lat' dir='ltr'><strong>omnes</strong></span> <span class='ocrx_word' id='word_1_821' title='bbox 2838 4380 2887 4432; x_wconf 91' lang='lat' dir='ltr'><strong>in</strong></span> <span class='ocrx_word' id='word_1_822' title='bbox 2921 4381 3095 4448; x_wconf 83' lang='lat' dir='ltr'><strong>fugam</strong></span> <span class='ocrx_word' id='word_1_823' title='bbox 3122 4383 3331 4436; x_wconf 83' lang='lat' dir='ltr'><strong>vertas?</strong></span> <span class='ocrx_word' id='word_1_824' title='bbox 3357 4382 3467 4438; x_wconf 90' lang='lat' dir='ltr'><strong>lmo</strong></span> <span class='ocrx_word' id='word_1_825' title='bbox 3494 4399 3625 4442; x_wconf 84' lang='lat' dir='ltr'><strong>vero</strong></span> 
     </span>
    </p>
   </div>
   <div class='ocr_carea' id='block_1_108' title="bbox 2027 4469 3624 4545">
    <p class='ocr_par' dir='ltr' id='par_1_108' title="bbox 2027 4469 3624 4545">
     <span class='ocr_line' id='line_1_108' title="bbox 2027 4469 3624 4545; baseline 0.008 -22"><span class='ocrx_word' id='word_1_826' title='bbox 2027 4469 2182 4539; x_wconf 91' lang='lat' dir='ltr'><strong>lupus</strong></span> <span class='ocrx_word' id='word_1_827' title='bbox 2225 4469 2406 4539; x_wconf 91' lang='lat' dir='ltr'><strong>lupum</strong></span> <span class='ocrx_word' id='word_1_828' title='bbox 2435 4487 2721 4540; x_wconf 86' lang='lat' dir='ltr'><strong>numquam</strong></span> <span class='ocrx_word' id='word_1_829' title='bbox 2746 4471 2922 4542; x_wconf 83' lang='lat' dir='ltr'><strong>abiget</strong></span> <span class='ocrx_word' id='word_1_830' title='bbox 2947 4515 2961 4534; x_wconf 89' lang='lat'><strong>.</strong></span> <span class='ocrx_word' id='word_1_831' title='bbox 2991 4489 3090 4528; x_wconf 91' lang='lat' dir='ltr'><strong>nec</strong></span> <span class='ocrx_word' id='word_1_832' title='bbox 3117 4473 3323 4530; x_wconf 91' lang='lat' dir='ltr'><strong>leonem</strong></span> <span class='ocrx_word' id='word_1_833' title='bbox 3364 4477 3450 4532; x_wconf 92' lang='lat' dir='ltr'><strong>leo</strong></span> <span class='ocrx_word' id='word_1_834' title='bbox 3471 4520 3487 4545; x_wconf 92' lang='lat'><strong>,</strong></span> <span class='ocrx_word' id='word_1_835' title='bbox 3527 4479 3624 4536; x_wconf 84' lang='lat' dir='ltr'><strong>sed</strong></span> 
     </span>
    </p>
   </div>
   <div class='ocr_carea' id='block_1_109' title="bbox 2028 4561 3622 4631">
    <p class='ocr_par' dir='ltr' id='par_1_109' title="bbox 2028 4561 3622 4631">
     <span class='ocr_line' id='line_1_109' title="bbox 2028 4561 3622 4631; baseline 0.006 -15"><span class='ocrx_word' id='word_1_836' title='bbox 2028 4561 2168 4616; x_wconf 89' lang='lat' dir='ltr'><strong>inter</strong></span> <span class='ocrx_word' id='word_1_837' title='bbox 2196 4575 2255 4615; x_wconf 90' lang='lat' dir='ltr'><strong>se</strong></span> <span class='ocrx_word' id='word_1_838' title='bbox 2279 4571 2676 4631; x_wconf 88' lang='lat' dir='ltr'><strong>congregantur</strong></span> <span class='ocrx_word' id='word_1_839' title='bbox 2699 4603 2714 4624; x_wconf 93' lang='lat'><strong>,</strong></span> <span class='ocrx_word' id='word_1_840' title='bbox 2740 4577 2804 4616; x_wconf 92' lang='lat' dir='ltr'><strong>ac</strong></span> <span class='ocrx_word' id='word_1_841' title='bbox 2833 4571 3037 4618; x_wconf 67' lang='lat' dir='ltr'><strong>natura:</strong></span> <span class='ocrx_word' id='word_1_842' title='bbox 3076 4567 3510 4626; x_wconf 90' lang='lat' dir='ltr'><strong>communionem</strong></span> <span class='ocrx_word' id='word_1_843' title='bbox 3537 4586 3622 4626; x_wconf 83' lang='lat' dir='ltr'><strong>re-</strong></span> 
     </span>
    </p>
   </div>
   <div class='ocr_carea' id='block_1_110' title="bbox 2027 4653 3624 4724">
    <p class='ocr_par' dir='ltr' id='par_1_110' title="bbox 2027 4653 3624 4724">
     <span class='ocr_line' id='line_1_110' title="bbox 2027 4653 3624 4724; baseline 0.008 -19"><span class='ocrx_word' id='word_1_844' title='bbox 2027 4660 2320 4706; x_wconf 87' lang='lat' dir='ltr'><strong>verentur:</strong></span> <span class='ocrx_word' id='word_1_845' title='bbox 2366 4661 2420 4706; x_wconf 91' lang='lat' dir='ltr'><strong>tu</strong></span> <span class='ocrx_word' id='word_1_846' title='bbox 2459 4668 2588 4707; x_wconf 90' lang='lat' dir='ltr'><strong>vero</strong></span> <span class='ocrx_word' id='word_1_847' title='bbox 2629 4653 2715 4708; x_wconf 91' lang='lat' dir='ltr'><strong>cui</strong></span> <span class='ocrx_word' id='word_1_848' title='bbox 2769 4665 2965 4724; x_wconf 65' lang='lat' dir='ltr'><strong>printer</strong></span> <span class='ocrx_word' id='word_1_849' title='bbox 2993 4663 3236 4711; x_wconf 88' lang='lat' dir='ltr'><strong>naturam</strong></span> <span class='ocrx_word' id='word_1_850' title='bbox 3282 4659 3400 4714; x_wconf 68' lang='lat' dir='ltr'><strong>alia:</strong></span> <span class='ocrx_word' id='word_1_851' title='bbox 3441 4662 3624 4719; x_wconf 69' lang='lat' dir='ltr'><strong>multa:</strong></span> 
     </span>
    </p>
   </div>
   <div class='ocr_carea' id='block_1_111' title="bbox 2028 4744 3625 4817">
    <p class='ocr_par' dir='ltr' id='par_1_111' title="bbox 2028 4744 3625 4817">
     <span class='ocr_line' id='line_1_111' title="bbox 2028 4744 3625 4817; baseline 0.008 -21"><span class='ocrx_word' id='word_1_852' title='bbox 2028 4752 2316 4814; x_wconf 89' lang='lat' dir='ltr'><strong>suppetunt</strong></span> <span class='ocrx_word' id='word_1_853' title='bbox 2342 4744 2654 4799; x_wconf 89' lang='lat' dir='ltr'><strong>occasiones</strong></span> <span class='ocrx_word' id='word_1_854' title='bbox 2686 4754 2740 4800; x_wconf 91' lang='lat' dir='ltr'><strong>et</strong></span> <span class='ocrx_word' id='word_1_855' title='bbox 2759 4760 2937 4801; x_wconf 59' lang='lat' dir='ltr'><strong>causa:</strong></span> <span class='ocrx_word' id='word_1_856' title='bbox 2967 4748 3413 4817; x_wconf 89' lang='lat' dir='ltr'><strong>mansuetudinis,</strong></span> <span class='ocrx_word' id='word_1_857' title='bbox 3442 4751 3625 4808; x_wconf 89' lang='lat' dir='ltr'><strong>humi-</strong></span> 
     </span>
    </p>
   </div>
   <div class='ocr_carea' id='block_1_112' title="bbox 2028 4837 3627 4912">
    <p class='ocr_par' dir='ltr' id='par_1_112' title="bbox 2028 4837 3627 4912">
     <span class='ocr_line' id='line_1_112' title="bbox 2028 4837 3627 4912; baseline 0.008 -22"><span class='ocrx_word' id='word_1_858' title='bbox 2028 4837 2209 4903; x_wconf 89' lang='lat' dir='ltr'><strong>litatis,</strong></span> <span class='ocrx_word' id='word_1_859' title='bbox 2245 4837 2566 4907; x_wconf 71' lang='lat' dir='ltr'><strong>aaqualitatis</strong></span> <span class='ocrx_word' id='word_1_860' title='bbox 2584 4880 2599 4905; x_wconf 92' lang='lat'><strong>,</strong></span> <span class='ocrx_word' id='word_1_861' title='bbox 2626 4855 2722 4894; x_wconf 89' lang='lat' dir='ltr'><strong>cur</strong></span> <span class='ocrx_word' id='word_1_862' title='bbox 2747 4839 2870 4895; x_wconf 88' lang='lat' dir='ltr'><strong>feris</strong></span> <span class='ocrx_word' id='word_1_863' title='bbox 2900 4840 3030 4910; x_wconf 91' lang='lat' dir='ltr'><strong>ipsis</strong></span> <span class='ocrx_word' id='word_1_864' title='bbox 3055 4839 3291 4898; x_wconf 87' lang='lat' dir='ltr'><strong>ferocior</strong></span> <span class='ocrx_word' id='word_1_865' title='bbox 3315 4845 3497 4902; x_wconf 89' lang='lat' dir='ltr'><strong>evadis</strong></span> <span class='ocrx_word' id='word_1_866' title='bbox 3521 4887 3536 4912; x_wconf 93' lang='lat'><strong>,</strong></span> <span class='ocrx_word' id='word_1_867' title='bbox 3569 4858 3627 4903; x_wconf 93' lang='lat' dir='ltr'><strong>et</strong></span> 
     </span>
    </p>
   </div>
   <div class='ocr_carea' id='block_1_113' title="bbox 2029 4930 3626 5002">
    <p class='ocr_par' dir='ltr' id='par_1_113' title="bbox 2029 4930 3626 5002">
     <span class='ocr_line' id='line_1_113' title="bbox 2029 4930 3626 5002; baseline 0.006 -19"><span class='ocrx_word' id='word_1_868' title='bbox 2029 4939 2246 4998; x_wconf 88' lang='lat' dir='ltr'><strong>propter</strong></span> <span class='ocrx_word' id='word_1_869' title='bbox 2284 4931 2496 4984; x_wconf 89' lang='lat' dir='ltr'><strong>brutum</strong></span> <span class='ocrx_word' id='word_1_870' title='bbox 2523 4930 2721 4984; x_wconf 92' lang='lat' dir='ltr'><strong>animal</strong></span> <span class='ocrx_word' id='word_1_871' title='bbox 2752 4931 2958 4985; x_wconf 87' lang='lat' dir='ltr'><strong>ratione</strong></span> <span class='ocrx_word' id='word_1_872' title='bbox 2985 4932 3238 5002; x_wconf 66' lang='lat' dir='ltr'><strong>praaditos</strong></span> <span class='ocrx_word' id='word_1_873' title='bbox 3281 4938 3582 4992; x_wconf 91' lang='lat' dir='ltr'><strong>contemnis</strong></span> <span class='ocrx_word' id='word_1_874' title='bbox 3601 4941 3626 4991; x_wconf 86' lang='lat' dir='ltr'><strong>‘l</strong></span> 
     </span>
    </p>
   </div>
   <div class='ocr_carea' id='block_1_114' title="bbox 2029 5023 3621 5092">
    <p class='ocr_par' dir='ltr' id='par_1_114' title="bbox 2029 5023 3621 5092">
     <span class='ocr_line' id='line_1_114' title="bbox 2029 5023 3621 5092; baseline 0.007 -15"><span class='ocrx_word' id='word_1_875' title='bbox 2029 5025 2105 5077; x_wconf 85' lang='lat' dir='ltr'><strong>Ac</strong></span> <span class='ocrx_word' id='word_1_876' title='bbox 2130 5023 2384 5077; x_wconf 91' lang='lat' dir='ltr'><strong>Dominus</strong></span> <span class='ocrx_word' id='word_1_877' title='bbox 2408 5023 2624 5092; x_wconf 90' lang='lat' dir='ltr'><strong>quidem</strong></span> <span class='ocrx_word' id='word_1_878' title='bbox 2657 5032 2777 5078; x_wconf 90' lang='lat' dir='ltr'><strong>tuus</strong></span> <span class='ocrx_word' id='word_1_879' title='bbox 2805 5023 3076 5080; x_wconf 89' lang='lat' dir='ltr'><strong>hominem</strong></span> <span class='ocrx_word' id='word_1_880' title='bbox 3106 5024 3159 5080; x_wconf 91' lang='lat' dir='ltr'><strong>in</strong></span> <span class='ocrx_word' id='word_1_881' title='bbox 3189 5027 3376 5083; x_wconf 65' lang='lat' dir='ltr'><strong>caelum</strong></span> <span class='ocrx_word' id='word_1_882' title='bbox 3405 5029 3621 5088; x_wconf 81' lang='lat' dir='ltr'><strong>evexit:</strong></span> 
     </span>
    </p>
   </div>
   <div class='ocr_carea' id='block_1_115' title="bbox 2030 5113 3620 5186">
    <p class='ocr_par' dir='ltr' id='par_1_115' title="bbox 2030 5113 3620 5186">
     <span class='ocr_line' id='line_1_115' title="bbox 2030 5113 3620 5186; baseline 0.006 -18"><span class='ocrx_word' id='word_1_883' title='bbox 2030 5127 2083 5168; x_wconf 89' lang='lat' dir='ltr'><strong>tu</strong></span> <span class='ocrx_word' id='word_1_884' title='bbox 2115 5130 2241 5168; x_wconf 87' lang='lat' dir='ltr'><strong>vero</strong></span> <span class='ocrx_word' id='word_1_885' title='bbox 2266 5129 2365 5170; x_wconf 91' lang='lat' dir='ltr'><strong>nec</strong></span> <span class='ocrx_word' id='word_1_886' title='bbox 2394 5113 2566 5168; x_wconf 91' lang='lat' dir='ltr'><strong>forum</strong></span> <span class='ocrx_word' id='word_1_887' title='bbox 2588 5129 2707 5169; x_wconf 91' lang='lat' dir='ltr'><strong>cum</strong></span> <span class='ocrx_word' id='word_1_888' title='bbox 2734 5115 2827 5169; x_wconf 93' lang='lat' dir='ltr'><strong>illo</strong></span> <span class='ocrx_word' id='word_1_889' title='bbox 2854 5118 3237 5173; x_wconf 89' lang='lat' dir='ltr'><strong>commnnicas.</strong></span> <span class='ocrx_word' id='word_1_890' title='bbox 3259 5119 3396 5186; x_wconf 80' lang='lat' dir='ltr'><strong>Quid</strong></span> <span class='ocrx_word' id='word_1_891' title='bbox 3419 5120 3541 5176; x_wconf 92' lang='lat' dir='ltr'><strong>dico</strong></span> <span class='ocrx_word' id='word_1_892' title='bbox 3569 5122 3620 5177; x_wconf 92' lang='lat' dir='ltr'><strong>in</strong></span> 
     </span>
    </p>
   </div>
   <div class='ocr_carea' id='block_1_116' title="bbox 2028 5207 3622 5277">
    <p class='ocr_par' dir='ltr' id='par_1_116' title="bbox 2028 5207 3622 5277">
     <span class='ocr_line' id='line_1_116' title="bbox 2028 5207 3622 5277; baseline 0.003 -13"><span class='ocrx_word' id='word_1_893' title='bbox 2028 5209 2246 5264; x_wconf 71' lang='lat' dir='ltr'><strong>cmlum?</strong></span> <span class='ocrx_word' id='word_1_894' title='bbox 2268 5209 2323 5262; x_wconf 93' lang='lat' dir='ltr'><strong>ln</strong></span> <span class='ocrx_word' id='word_1_895' title='bbox 2342 5208 2455 5277; x_wconf 91' lang='lat' dir='ltr'><strong>ipso</strong></span> <span class='ocrx_word' id='word_1_896' title='bbox 2472 5207 2618 5277; x_wconf 87' lang='lat' dir='ltr'><strong>regio</strong></span> <span class='ocrx_word' id='word_1_897' title='bbox 2633 5207 2766 5262; x_wconf 89' lang='lat' dir='ltr'><strong>solio</strong></span> <span class='ocrx_word' id='word_1_898' title='bbox 2785 5209 3084 5274; x_wconf 89' lang='lat' dir='ltr'><strong>collocavit,</strong></span> <span class='ocrx_word' id='word_1_899' title='bbox 3107 5220 3162 5266; x_wconf 89' lang='lat' dir='ltr'><strong>at</strong></span> <span class='ocrx_word' id='word_1_900' title='bbox 3178 5220 3230 5265; x_wconf 92' lang='lat' dir='ltr'><strong>tu</strong></span> <span class='ocrx_word' id='word_1_901' title='bbox 3247 5227 3314 5267; x_wconf 88' lang='lat' dir='ltr'><strong>ex</strong></span> <span class='ocrx_word' id='word_1_902' title='bbox 3330 5212 3459 5268; x_wconf 88' lang='lat' dir='ltr'><strong>urbe</strong></span> <span class='ocrx_word' id='word_1_903' title='bbox 3475 5213 3622 5268; x_wconf 90' lang='lat' dir='ltr'><strong>illum</strong></span> 
     </span>
    </p>
   </div>
   <div class='ocr_carea' id='block_1_117' title="bbox 2029 5297 3623 5375">
    <p class='ocr_par' dir='ltr' id='par_1_117' title="bbox 2029 5297 3623 5375">
     <span class='ocr_line' id='line_1_117' title="bbox 2029 5297 3623 5375; baseline 0.003 -20"><span class='ocrx_word' id='word_1_904' title='bbox 2029 5301 2212 5371; x_wconf 87' lang='lat' dir='ltr'><strong>ejicis?</strong></span> <span class='ocrx_word' id='word_1_905' title='bbox 2232 5299 2367 5366; x_wconf 89' lang='lat' dir='ltr'><strong>Quid</strong></span> <span class='ocrx_word' id='word_1_906' title='bbox 2385 5309 2561 5353; x_wconf 83' lang='lat' dir='ltr'><strong>autem</strong></span> <span class='ocrx_word' id='word_1_907' title='bbox 2579 5297 2678 5352; x_wconf 91' lang='lat' dir='ltr'><strong>sibi</strong></span> <span class='ocrx_word' id='word_1_908' title='bbox 2698 5299 2809 5352; x_wconf 92' lang='lat' dir='ltr'><strong>vult</strong></span> <span class='ocrx_word' id='word_1_909' title='bbox 2827 5313 3050 5355; x_wconf 89' lang='lat' dir='ltr'><strong>aureum</strong></span> <span class='ocrx_word' id='word_1_910' title='bbox 3079 5301 3307 5367; x_wconf 87' lang='lat' dir='ltr'><strong>frenum,</strong></span> <span class='ocrx_word' id='word_1_911' title='bbox 3331 5317 3437 5374; x_wconf 86' lang='lat' dir='ltr'><strong>quo</strong></span> <span class='ocrx_word' id='word_1_912' title='bbox 3455 5319 3623 5375; x_wconf 87' lang='lat' dir='ltr'><strong>equus</strong></span> 
     </span>
    </p>
   </div>
   <div class='ocr_carea' id='block_1_118' title="bbox 2028 5392 3620 5463">
    <p class='ocr_par' dir='ltr' id='par_1_118' title="bbox 2028 5392 3620 5463">
     <span class='ocr_line' id='line_1_118' title="bbox 2028 5392 3620 5463; baseline 0 -13"><span class='ocrx_word' id='word_1_913' title='bbox 2028 5393 2284 5450; x_wconf 88' lang='lat' dir='ltr'><strong>ornatur?</strong></span> <span class='ocrx_word' id='word_1_914' title='bbox 2313 5407 2470 5463; x_wconf 90' lang='lat' dir='ltr'><strong>quam</strong></span> <span class='ocrx_word' id='word_1_915' title='bbox 2495 5405 2622 5445; x_wconf 91' lang='lat' dir='ltr'><strong>vero</strong></span> <span class='ocrx_word' id='word_1_916' title='bbox 2659 5392 3077 5457; x_wconf 88' lang='lat' dir='ltr'><strong>excusationem,</strong></span> <span class='ocrx_word' id='word_1_917' title='bbox 3101 5403 3192 5447; x_wconf 93' lang='lat' dir='ltr'><strong>aut</strong></span> <span class='ocrx_word' id='word_1_918' title='bbox 3215 5408 3372 5463; x_wconf 88' lang='lat' dir='ltr'><strong>quam</strong></span> <span class='ocrx_word' id='word_1_919' title='bbox 3411 5395 3620 5450; x_wconf 89' lang='lat' dir='ltr'><strong>veniam</strong></span> 
     </span>
    </p>
   </div>
   <div class='ocr_carea' id='block_1_119' title="bbox 2029 5483 3619 5555">
    <p class='ocr_par' dir='ltr' id='par_1_119' title="bbox 2029 5483 3619 5555">
     <span class='ocr_line' id='line_1_119' title="bbox 2029 5483 3619 5555; baseline 0 -13"><span class='ocrx_word' id='word_1_920' title='bbox 2029 5487 2322 5550; x_wconf 88' lang='lat' dir='ltr'><strong>obtinebis,</strong></span> <span class='ocrx_word' id='word_1_921' title='bbox 2351 5485 2440 5555; x_wconf 88' lang='lat' dir='ltr'><strong>qui</strong></span> <span class='ocrx_word' id='word_1_922' title='bbox 2461 5483 2782 5554; x_wconf 87' lang='lat' dir='ltr'><strong>jumentum,</strong></span> <span class='ocrx_word' id='word_1_923' title='bbox 2814 5484 2952 5553; x_wconf 90' lang='lat' dir='ltr'><strong>quod</strong></span> <span class='ocrx_word' id='word_1_924' title='bbox 2978 5485 3178 5540; x_wconf 91' lang='lat' dir='ltr'><strong>nullum</strong></span> <span class='ocrx_word' id='word_1_925' title='bbox 3204 5487 3356 5542; x_wconf 85' lang='lat' dir='ltr'><strong>istius</strong></span> <span class='ocrx_word' id='word_1_926' title='bbox 3381 5486 3619 5542; x_wconf 81' lang='lat' dir='ltr'><strong>liberali-</strong></span> 
     </span>
    </p>
   </div>
   <div class='ocr_carea' id='block_1_120' title="bbox 2029 5573 3617 5644">
    <p class='ocr_par' dir='ltr' id='par_1_120' title="bbox 2029 5573 3617 5644">
     <span class='ocr_line' id='line_1_120' title="bbox 2029 5573 3617 5644; baseline 0.001 -11"><span class='ocrx_word' id='word_1_927' title='bbox 2029 5580 2152 5634; x_wconf 90' lang='lat' dir='ltr'><strong>tatis</strong></span> <span class='ocrx_word' id='word_1_928' title='bbox 2178 5592 2392 5632; x_wconf 91' lang='lat' dir='ltr'><strong>sensum</strong></span> <span class='ocrx_word' id='word_1_929' title='bbox 2420 5575 2599 5644; x_wconf 83' lang='lat' dir='ltr'><strong>capit,</strong></span> <span class='ocrx_word' id='word_1_930' title='bbox 2643 5573 2776 5628; x_wconf 90' lang='lat' dir='ltr'><strong>ultra</strong></span> <span class='ocrx_word' id='word_1_931' title='bbox 2802 5575 3163 5631; x_wconf 90' lang='lat' dir='ltr'><strong>necessarium</strong></span> <span class='ocrx_word' id='word_1_932' title='bbox 3194 5591 3350 5632; x_wconf 90' lang='lat' dir='ltr'><strong>usum</strong></span> <span class='ocrx_word' id='word_1_933' title='bbox 3381 5593 3617 5635; x_wconf 88' lang='lat' dir='ltr'><strong>exornas</strong></span> 
     </span>
    </p>
   </div>
   <div class='ocr_carea' id='block_1_121' title="bbox 2029 5666 3618 5746">
    <p class='ocr_par' dir='ltr' id='par_1_121' title="bbox 2029 5666 3618 5746">
     <span class='ocr_line' id='line_1_121' title="bbox 2029 5666 3618 5746; baseline -0.003 -18"><span class='ocrx_word' id='word_1_934' title='bbox 2029 5673 2046 5746; x_wconf 94' lang='lat'>(</span> <span class='ocrx_word' id='word_1_935' title='bbox 2072 5670 2288 5743; x_wconf 88' lang='lat' dir='ltr'><strong>perinde</strong></span> <span class='ocrx_word' id='word_1_936' title='bbox 2313 5684 2537 5740; x_wconf 88' lang='lat' dir='ltr'><strong>namque</strong></span> <span class='ocrx_word' id='word_1_937' title='bbox 2559 5683 2742 5722; x_wconf 89' lang='lat' dir='ltr'><strong>aurmn</strong></span> <span class='ocrx_word' id='word_1_938' title='bbox 2775 5679 2854 5721; x_wconf 85' lang='lat' dir='ltr'><strong>est</strong></span> <span class='ocrx_word' id='word_1_939' title='bbox 2886 5667 2960 5721; x_wconf 92' lang='lat' dir='ltr'><strong>illi</strong></span> <span class='ocrx_word' id='word_1_940' title='bbox 2991 5681 3051 5720; x_wconf 89' lang='lat' dir='ltr'><strong>nc</strong></span> <span class='ocrx_word' id='word_1_941' title='bbox 3078 5666 3351 5737; x_wconf 84' lang='lat' dir='ltr'><strong>plumbum</strong></span> <span class='ocrx_word' id='word_1_942' title='bbox 3372 5669 3391 5740; x_wconf 93' lang='lat'><strong>)</strong></span> <span class='ocrx_word' id='word_1_943' title='bbox 3415 5711 3431 5736; x_wconf 93' lang='lat'><strong>,</strong></span> <span class='ocrx_word' id='word_1_944' title='bbox 3461 5669 3618 5725; x_wconf 86' lang='lat' dir='ltr'><strong>Chri-</strong></span> 
     </span>
    </p>
   </div>
   <div class='ocr_carea' id='block_1_122' title="bbox 2031 5758 3616 5828">
    <p class='ocr_par' dir='ltr' id='par_1_122' title="bbox 2031 5758 3616 5828">
     <span class='ocr_line' id='line_1_122' title="bbox 2031 5758 3616 5828; baseline -0.007 -8"><span class='ocrx_word' id='word_1_945' title='bbox 2031 5780 2168 5820; x_wconf 76' lang='lat' dir='ltr'><strong>stum</strong></span> <span class='ocrx_word' id='word_1_946' title='bbox 2197 5774 2373 5818; x_wconf 88' lang='lat' dir='ltr'><strong>autem</strong></span> <span class='ocrx_word' id='word_1_947' title='bbox 2405 5762 2582 5820; x_wconf 79' lang='lat' dir='ltr'><strong>cernis</strong></span> <span class='ocrx_word' id='word_1_948' title='bbox 2629 5759 2769 5816; x_wconf 90' lang='lat' dir='ltr'><strong>fame</strong></span> <span class='ocrx_word' id='word_1_949' title='bbox 2800 5758 3135 5825; x_wconf 85' lang='lat' dir='ltr'><strong>confectum,</strong></span> <span class='ocrx_word' id='word_1_950' title='bbox 3168 5771 3342 5828; x_wconf 87' lang='lat' dir='ltr'><strong>neque</strong></span> <span class='ocrx_word' id='word_1_951' title='bbox 3369 5771 3616 5815; x_wconf 88' lang='lat' dir='ltr'><strong>necessa-</strong></span> 
     </span>
    </p>
   </div>
  </div>
