4084 6346
456 318 565 386 5ιῦ

459 448 600 502 rium
627 444 701 500 illi
724 443 1034 515 suppeditas
1056 442 1410 499 alimentum?
1435 440 1546 495 Cur
1566 440 1715 504 item,
1744 438 1903 492 homo
1922 452 2045 492 cum

461 539 540 594 sis
563 580 580 606 ,
602 553 722 592 cum
744 536 1047 591 hominibus
1074 535 1288 592 misceri
1316 532 1640 602 dedignaris,
1668 530 1761 584 sed
1788 529 1839 583 in
1860 527 2050 582 mediis

458 630 681 686 urbibus
705 628 1046 684 solitudinem
1068 627 1288 698 qureris,
1322 640 1422 680 nec
1446 623 1536 677 libi
1568 622 1621 677 in
1650 629 1883 676 mentem
1905 620 2053 672 venit

458 723 741 780 Dominum
766 733 912 777 tuum
935 737 1055 777 cum
1076 718 1374 792 publicanis
1396 717 1571 772 cibum
1592 715 1906 784 sumpsisse,
1928 726 2051 766 cum

387 840 395 850 ·
456 816 743 872 meretrice
794 817 1322 886 colloquutmmcum
1377 810 1669 865 latronibus
1715 805 2048 872 cruciﬁxum,

455 918 510 963 et
538 924 661 962 cum
695 907 998 962 hominibus
1043 906 1205 961 fuisse
1247 903 1636 966 commixtum,
1668 899 1759 954 sed
1806 897 1945 952 fastu
1988 910 2054 951 ac

459 1000 710 1069 superbia
740 999 1009 1063 efferatus,
1040 997 1323 1051 humanam
1347 996 1514 1064 ipsam
1543 1001 1786 1046 naturam
1811 986 2054 1043 amittis?

461 1093 597 1147 lliue
636 1107 861 1162 magnus
888 1091 940 1144 in
981 1089 1136 1144 nobis
1179 1089 1347 1144 oritur
1384 1083 1763 1141 misericordi:e
1812 1091 2054 1137 contem-

462 1194 602 1256 ptus,
639 1186 761 1240 hinc
789 1184 1029 1239 avaritiae
1055 1181 1313 1248 studium,
1346 1181 1470 1235 hinc
1500 1177 1788 1233 crudelitas
1811 1185 1865 1229 et
1892 1176 2052 1227 inlut—

462 1279 709 1332 manitas.
740 1276 873 1333 Cum
909 1276 1051 1331 enim
1083 1290 1302 1329 auremn
1347 1272 1556 1327 frenutn
1597 1285 1738 1340 equo
1782 1266 2005 1322 adhibes
2033 1306 2049 1333 ,

460 1383 583 1423 cum
613 1383 828 1422 auream
856 1368 1052 1421 famulo
1082 1365 1342 1420 armillam
1369 1406 1383 1428 ,
1413 1374 1469 1418 et
1513 1376 1704 1416 aureas
1742 1358 1903 1429 lapidi
1927 1359 2052 1413 bra-

460 1468 609 1514 cteas
632 1501 647 1523 ,
672 1474 792 1514 cum
825 1458 988 1528 pelles
1014 1456 1151 1526 apud
1184 1467 1234 1510 te
1262 1463 1386 1509 sunt
1404 1469 1579 1508 aurea:
1602 1494 1617 1518 ,
1645 1460 1821 1505 vestes
1843 1464 2019 1504 aurea:
2036 1489 2052 1514 ,

463 1550 706 1620 cingulus
730 1564 941 1613 aureus,
966 1549 1200 1618 itemque
1223 1545 1411 1611 calcei,
1443 1554 1752 1613 tantamque
1779 1542 1871 1596 tibi
1900 1541 2058 1610 hujus

464 1642 717 1710 nequitia“:
748 1640 1118 1695 necessitatem
1158 1637 1419 1708 imponis,
1442 1646 1501 1690 ut
1522 1633 1878 1689 insatiabilem
1905 1630 2056 1701 cupi-

468 1733 691 1787 ditatem
723 1734 937 1802 explere
963 1730 1256 1787 contendas
1282 1770 1297 1795 ,
1345 1739 1400 1785 et
1439 1729 1677 1783 omnium
1709 1726 2055 1781 suavissimam

466 1824 694 1880 belluam
742 1840 959 1894 pascere
984 1864 999 1889 ,
1045 1823 1319 1877 avaritiam
1352 1821 1472 1876 dico
1498 1838 1513 1873 ε
1544 1831 1653 1874 tum
1694 1829 1752 1873 ct
1787 1817 2059 1889 orphanos

460 1917 682 1986 spolias,
712 1926 766 1971 et
792 1916 982 1970 viduas
1011 1915 1200 1980 nudas,
1231 1926 1285 1970 et
1306 1914 1606 1969 communis
1627 1911 1864 1966 omnium
1890 1910 2060 1965 hostis

466 2006 671 2061 incedis
699 2047 716 2074 ,
753 2022 1000 2078 vanoque
1042 2006 1223 2061 labore
1268 2013 1517 2074 suscepto
1547 2018 1761 2058 cursum
1800 2003 1901 2055 inis
1924 2043 1939 2069 ,
1968 2000 2060 2070 qui

462 2098 609 2153 nullo
635 2098 781 2153 bono‘
806 2098 910 2153 fine
947 2097 1242 2153 claudctur.
1282 2097 1419 2165 Quid
1457 2098 1599 2151 enim
1634 2095 1736 2150 hoc
1778 2094 1878 2149 sibi
1909 2094 2056 2161 vult,

462 2189 602 2258 quod
633 2190 915 2244 barbarum
947 2204 1160 2244 servum
1190 2196 1340 2243 tuum
1370 2203 1500 2243 auro
1523 2202 1752 2243 exornas
1781 2187 1855 2259 (a)
1875 2186 1899 2241 ?
1919 2184 2060 2256 quod

466 2281 674 2335 lucrum
697 2323 711 2346 ,
742 2296 865 2351 quae
890 2281 1091 2335 utilitas
1119 2281 1309 2335 anima:
1334 2280 1531 2345 oritur,
1555 2279 1696 2350 quod
1720 2278 2059 2335 commodum

463 2372 700 2441 corpori,
740 2372 859 2441 quis
885 2371 1068 2426 domui
1094 2372 1338 2427 reditus?
1363 2371 1475 2425 [tuo
1503 2386 1633 2425 vero
1660 2371 1817 2441 plane
1843 2379 2060 2424 contra—

463 2465 603 2517 rium
630 2503 646 2529 ,
695 2474 940 2533 sumptus
988 2465 1394 2535 intempestivus
1436 2465 1624 2519 alienat
1652 2480 1681 2516 α
1727 2464 1934 2519 ratione
1961 2462 2061 2517 im-

464 2570 667 2625 pensm,
701 2556 921 2610 materia
950 2557 1193 2623 luxurim,
1222 2557 1438 2611 malitia:
1466 2556 1804 2621 documenta,
1826 2556 2061 2627 prodigae

462 2662 528 2702 ac
553 2647 824 2703 dissoluta:
851 2649 971 2702 vitae
997 2650 1225 2715 occasio,
1248 2649 1441 2703 anima:
1466 2648 1797 2719 corruptela,
1826 2646 1912 2702 via
1942 2661 2061 2719 quae

463 2739 531 2793 ad
575 2739 849 2798 innumera
879 2740 1017 2794 mala
1046 2740 1280 2795 deducit.
1315 2739 1463 2796 Lecti
1490 2756 1619 2795 vero
1644 2749 1867 2810 argento
1896 2740 2018 2795 nexi
2042 2780 2056 2804 ,

463 2845 702 2901 auroque
737 2831 1003 2901 fulgentes
1027 2874 1041 2896 ,
1074 2831 1305 2886 scabella
1347 2842 1403 2886 et
1426 2831 1631 2887 lebetes
1657 2830 1780 2886 inde
1808 2830 2057 2898 conﬂati,

466 2920 772 2989 multusque
794 2920 955 2987 risus,
980 2920 1107 2990 quid
1131 2922 1195 2975 ad
1218 2922 1645 2978 emendationem
1670 2923 1795 2976 vita:
1815 2921 2061 2976 conferre

464 3013 721 3084 possunt?
759 3022 853 3067 aut
893 3012 1019 3083 quid
1056 3023 1108 3070 te
1142 3014 1396 3084 juverunt
1431 3025 1489 3069 ut
1518 3016 1707 3071 melior
1735 3016 1891 3071 fieres
1918 3055 1934 3082 ,
1973 3014 2061 3070 vel

464 3104 750 3175 conjugem
778 3114 943 3172 tuam,
973 3105 1056 3161 vel
1082 3106 1244 3160 alium
1270 3108 1574 3178 quempiam
1598 3107 2016 3163 domesticorum
2034 3107 2060 3161 ?

464 3196 653 3252 Nonne
680 3197 804 3253 hinc
835 3199 1012 3268 potius
1053 3197 1231 3265 fures,
1260 3213 1325 3255 ae
1367 3201 1519 3256 multi
1545 3201 1807 3272 parietum
1848 3199 2059 3272 perfos-

463 3304 614 3345 sores
633 3290 659 3344 ?
685 3304 866 3345 nonne
895 3290 1019 3346 inde
1044 3289 1247 3361 fugitivi
1283 3290 1467 3347 famuli
1492 3292 1667 3347 ﬁunt?
1697 3293 1829 3348 Cum
1872 3292 2016 3348 enim
2039 3333 2058 3361 ,

463 3394 800 3451 quocumque
823 3381 1010 3436 oculos
1034 3396 1160 3436 suos
1181 3392 1514 3449 convertant,
1548 3395 1826 3455 argentum
1856 3385 2058 3456 fulgere

465 3471 850 3540 conspexerint
873 3513 888 3539 ,
931 3471 1225 3528 furacitatis
1270 3474 1322 3527 in
1350 3475 1429 3529 eis
1464 3475 1684 3531 morbus
1711 3476 1891 3529 alitur.
1919 3475 2054 3531 Nam

469 3562 515 3617 si
542 3570 596 3617 te
626 3563 857 3618 liberum
887 3562 1156 3618 hominem
1181 3604 1198 3632 ,
1245 3573 1300 3619 et
1336 3566 1425 3635 qui
1470 3576 1688 3636 propter
1731 3566 2057 3622 nobilitatem

468 3656 748 3727 magnifice
771 3655 840 3711 de.
861 3666 913 3712 te
934 3656 1124 3722 sentis,
1151 3656 1294 3728 quod
1318 3657 1370 3712 in
1397 3657 1515 3713 foro
1539 3658 1766 3729 refulget
1783 3669 2059 3730 argentum

466 3747 534 3802 ad
563 3746 908 3818 cupiditatem
939 3747 1106 3803 allicit
1138 3765 1151 3801 :
1185 3748 1354 3804 multo
1383 3752 1552 3819 magis
1581 3749 1855 3804 famulum.
1885 3752 2061 3821 Atque

467 3839 582 3895 hmo
610 3855 640 3893 a
666 3854 753 3895 me
779 3856 885 3896 non
912 3840 1034 3897 ideo
1071 3840 1321 3897 dicuntur
1338 3883 1354 3907 ,
1384 3851 1440 3897 ut
1467 3841 1719 3913 fugitivos
1743 3858 1928 3898 servos
1951 3843 2060 3898 cri-

469 3932 616 3987 mine
669 3932 893 3988 liberem
919 3975 935 4000 ,
967 3948 1167 4003 eosque
1205 3936 1294 4004 qui
1324 3935 1446 3989 talia
1477 3935 1678 3989 scelera
1707 3942 2017 4005 perpetrent
2043 3953 2056 3989 :

465 4025 562 4082 sed
590 4035 646 4081 ut
672 4041 770 4082 vos
790 4026 1040 4083 cohorter
1061 4043 1129 4083 ne
1153 4028 1335 4082 talium
1362 4028 1464 4082 illis
1486 4028 1789 4082 morbormn
1811 4029 2060 4083 alimenta

464 4117 902 4173 subministretis.
933 4118 1005 4172 At
1030 4120 1171 4173 enim
1200 4156 1216 4184 ,
1247 4132 1340 4173 eas
1386 4132 1516 4188 opes
1556 4117 1644 4171 ubi
1691 4117 2062 4187 depouemus?

465 4210 713 4281 inquiunt
736 4228 749 4265 :
774 4227 900 4266 num
921 4211 972 4265 in
1001 4219 1196 4265 terram
1223 4211 1554 4267 defodiemus
1572 4210 1595 4263 ?
1616 4211 1788 4277 Absit,
1811 4210 1906 4265 sed
1929 4212 2062 4266 meis

469 4303 712 4359 consiliis
738 4304 1082 4374 acquiescere
1111 4305 1154 4358 si
1180 4304 1413 4359 volueris
1434 4347 1448 4368 ,
1494 4304 1710 4359 modum
1741 4313 1793 4357 te
1821 4304 2023 4358 docebo
2042 4343 2059 4368 ,

466 4409 575 4464 quo
616 4395 891 4465 fugitivum
922 4394 1063 4449 hunc
1109 4410 1319 4449 servum
1350 4396 1573 4465 probum
1604 4410 1666 4450 ac
1699 4395 1907 4449 fidelem
1947 4394 2065 4449 efli.

468 4501 592 4543 cere
619 4487 842 4558 poteris.

539 4580 591 4637 3.
632 4579 837 4635 Divitiae
861 4579 1101 4652 fugitivw.
1120 4609 1193 4620 —
1209 4578 1346 4635 Sunt
1370 4579 1512 4635 enim
1540 4580 1695 4650 plane
1723 4579 1954 4651 fugitiva!
1979 4579 2064 4634 di-

471 4672 618 4726 vitia:
651 4671 725 4743 (ὁ)
747 4712 764 4739 ,
812 4672 1070 4727 hodierno
1098 4671 1186 4727 die
1211 4680 1545 4728 transeuntes
1574 4672 1639 4727 ad
1669 4672 1828 4738 hunc,
1852 4688 1973 4728 cras
1997 4672 2065 4729 ad

472 4763 621 4819 illum
652 4780 667 4817 :
697 4778 871 4833 neque
894 4763 1129 4833 fugitiva:
1155 4772 1524 4829 sunttantum,
1553 4764 1645 4819 scd
1674 4765 1806 4820 alios
1835 4764 2066 4820 reddunt

468 4856 628 4911 etiam
654 4853 924 4925 fugitivos,
946 4857 1072 4910 dum
1099 4854 1340 4911 efficiunt
1360 4864 1416 4911 ut
1436 4855 1472 4910 ii
1493 4855 1687 4926 quibus
1706 4856 2065 4911 custodiendae

469 4947 768 5000 commissae
783 4955 925 5011 sum,
940 4961 1082 5016 saepe
1093 4948 1263 5018 fugam
1277 4948 1381 5001 arri
1388 4947 1670 5017 piant.Qno
1683 4946 1892 5002 tandem
1907 4949 2066 5018 igitur

472 5046 627 5106 pacto
659 5037 772 5093 fieri
794 5047 988 5107 potest,
1019 5048 1076 5093 ut
1096 5038 1346 5109 fugitivus
1371 5039 1471 5094 iste
1493 5037 2066 5095 teucatnr?Contrario

471 5132 683 5200 penitus
709 5131 870 5187 modo
899 5133 1109 5188 caeteris
1139 5132 1388 5204 fugitivis.
1418 5132 1548 5186 Nam
1576 5133 1666 5186 alii
1696 5132 1909 5203 quidem
1937 5133 2063 5187 dum

472 5222 772 5276 retinentur
793 5265 809 5290 ,
840 5230 1098 5290 manent,
1139 5222 1225 5277 hic
1251 5224 1293 5277 si
1340 5223 1642 5277 detineatur
1662 5263 1678 5288 ,
1707 5222 1945 5293 aufugiet
1976 5242 1989 5278 :
2021 5223 2066 5277 si

471 5312 829 5384 dispergatur,
859 5314 1114 5369 manebit.
1141 5312 1292 5382 Quod
1320 5315 1362 5368 si
1394 5312 1530 5367 forte
1557 5328 1750 5367 novum
1779 5313 1894 5380 tibi,
1927 5315 2066 5384 quod

473 5401 595 5458 dico
620 5442 638 5470 ,
669 5403 916 5459 videatur
935 5445 951 5471 ,
998 5404 1103 5460 hoc
1131 5420 1197 5460 ex
1222 5405 1467 5475 agricolis
1500 5405 1667 5460 disce.
1698 5405 1969 5476 Siquidem
1994 5406 2067 5461 illi

472 5510 592 5551 cum
618 5494 879 5552 inclusum
907 5496 1138 5553 triticum
1161 5496 1305 5553 domi
1330 5495 1653 5566 defoderint,
1682 5498 1838 5553 tineis
1867 5513 1930 5555 ac
1951 5514 2069 5553 ver-

559 5669 591 5706 tt
667 5658 803 5708 Servi
822 5657 1015 5707 barbari
1039 5656 1412 5708 adhibebantur.

560 5656 614 5784 δὲ
645 5720 726 5784 Itis
744 5718 923 5784 similia
934 5720 1045 5784 vide
1067 5719 1266 5771 Homan
1279 5733 1412 5772 seem

560 5717 610 5784 ὁ)
645 5720 726 5788 Itis
744 5718 1045 5788 similiavide
1067 5719 1266 5771 Homan
1279 5719 1494 5773 secunda
1516 5721 1565 5773 in
1586 5725 1861 5788 Eutropium
1879 5758 1894 5786 ,
1929 5731 2064 5775 Tom.

475 5779 557 5845 tu,
571 5779 714 5845 paulo
734 5788 841 5845 post
864 5783 1072 5834 initium.

1091 328 1150 385 S.
1188 325 1471 385 JOANNIS
1508 321 1986 384 CHRYSOSTOMI
2028 322 2348 380 ARCHIEP.
2387 313 2928 382 CONSTANTINOP.

3638 322 3765 382 5113

2160 437 2336 492 mihus
2353 437 2649 493 rodentium
2673 438 2797 492 illud
2819 445 3094 506 exponunt
3114 450 3177 491 ac
3198 434 3454 505 perdunt;
3478 435 3559 491 sin
3573 445 3764 492 autem

2156 526 2211 581 in
2237 543 2364 582 arva
2394 528 2742 598 dispergant,
2771 543 2876 582 non
2919 527 3046 581 illud
3090 527 3249 581 modo
3274 536 3593 582 mnservant
3614 566 3631 590 ,
3658 527 3765 581 sed

2155 623 2321 676 etiam
2346 622 2703 690 multiplicant
2727 640 2741 676 :
2768 623 2836 676 ita
2864 635 3075 691 quoque
3097 620 3297 674 divitia:
3323 619 3449 674 dum
3475 620 3528 673 in
3557 619 3767 674 arculjs

2159 725 2395 782 manent,
2428 724 2483 771 et
2510 717 2609 771 sub
2632 716 2810 785 januis
2837 716 3183 786 vectibusque
3217 715 3303 769 vel
3334 716 3385 769 in
3410 724 3604 770 terram
3655 715 3768 770 de-

2160 806 2317 864 fossae
2340 850 2354 873 ,
2388 806 2670 863 confestim
2709 807 3025 878 aufugiunt;
3056 808 3140 861 sin
3179 817 3358 862 autem
3382 848 3397 871 ,
3428 816 3489 861 ut
3512 807 3769 877 agricola:

2159 898 2391 956 triticum
2434 899 2485 952 in
2526 914 2686 969 agros
2711 940 2725 959 .
2757 900 2914 954 sicin
2954 913 3248 969 pauperum
3290 908 3506 953 ventres
3534 899 3650 953 illas
3673 898 3773 953 di-

2158 992 2417 1059 sperseris
2438 1032 2453 1055 ,
2486 1006 2592 1045 non
2627 990 2784 1045 modo
2816 1005 2918 1044 non
2945 990 3250 1060 aufugiunt,
3291 989 3385 1044 sed
3428 990 3770 1059 copiosiores

2159 1082 2281 1137 inde
2311 1083 2626 1138 redduntur.
2655 1083 2781 1138 llaec
2809 1098 2938 1153 ergo
2971 1098 3090 1136 cum
3115 1082 3253 1136 scias
3278 1123 3293 1147 ,
3318 1097 3384 1136 ne
3413 1081 3625 1136 famulis
3662 1096 3768 1136 cas

2159 1177 2310 1232 trade
2335 1217 2351 1243 ,
2394 1176 2489 1233 sed
2523 1176 2818 1231 innumeris
2861 1176 3106 1231 manibus
3137 1175 3395 1229 tenendas
3437 1175 3716 1229 committe
3744 1214 3765 1235 ,

2158 1268 2436 1322 viduarum
2468 1268 2693 1334 scilicet,
2727 1266 3043 1337 pupillorum
3065 1308 3080 1331 ,
3106 1280 3334 1334 corpore
3360 1264 3723 1319 mutilatorum
3744 1306 3764 1328 ,

2160 1376 2454 1431 eorumque
2481 1361 2570 1431 qui
2598 1375 2815 1416 carcere
2839 1368 2963 1415 sunt
2990 1359 3249 1413 conclusi.
3283 1357 3400 1412 Non
3429 1357 3573 1412 enim
3600 1365 3765 1426 pote-

2160 1463 2287 1508 runt
2312 1460 2392 1507 tot
2419 1453 2664 1507 manibus
2703 1451 2932 1507 detentae
2960 1449 3217 1519 diffugere
3240 1490 3257 1514 ,
3288 1447 3383 1504 sed
3424 1446 3652 1502 ﬁrmiter
3676 1456 3767 1501 to-

2162 1543 2459 1609 nebuntur,
2501 1550 2557 1597 et
2583 1540 2844 1597 auctiores
2889 1540 3034 1596 fient.
3080 1539 3185 1595 Sed
3223 1538 3348 1609 quid
3392 1537 3575 1592 liberis
3620 1536 3765 1591 meis

2161 1632 2567 1704 derelinquam?
2593 1633 2780 1703 inquit.
2827 1632 3114 1686 Enimvero
3156 1643 3262 1683 non
3307 1627 3494 1680 omnia
3525 1636 3577 1682 te
3620 1640 3764 1694 cogo

2164 1724 2489 1796 profundere
2520 1742 2534 1778 :
2564 1737 2883 1795 quamquam
2914 1724 2960 1776 si
2985 1720 3163 1778 omnia
3191 1717 3504 1789 profundas,
3531 1715 3635 1771 hac
3660 1730 3758 1770 ra—

2165 1818 2308 1872 tione
2335 1817 2530 1871 liberos
2558 1814 2785 1885 amplius
2811 1813 3023 1879 ditabis,
3051 1810 3178 1865 dum
3202 1824 3301 1881 pro
3328 1808 3552 1879 pecunia
3583 1805 3760 1860 Deum

2164 1908 2268 1963 illis
2297 1906 2580 1977 prepitium
2623 1913 2679 1960 et
2720 1917 2849 1974 opes
2889 1903 3230 1973 eleemosyua
3277 1908 3457 1968 partas
3478 1939 3493 1963 ,
3524 1904 3578 1951 et
3607 1896 3755 1950 inter

2166 1991 2412 2046 homines
2441 1989 2712 2059 adjutores
2740 1989 3053 2042 innumeros
3089 1998 3153 2040 ae
3188 1983 3561 2039 benefactores
3598 1979 3762 2034 dere-

2166 2085 2393 2155 linques.
2424 2083 2494 2140 Ut
2518 2083 2663 2138 enim
2692 2092 2934 2152 raptores
2959 2120 2975 2146 ,
3004 2078 3215 2135 tametsi
3255 2075 3398 2131 nulla
3434 2074 3549 2129 laesi
3587 2072 3761 2127 simus

2167 2177 2354 2249 injuria
2378 2212 2396 2243 ,
2422 2175 2547 2231 odio
2593 2173 2965 2246 prosequimur
2994 2191 3007 2228 :
3034 2172 3112 2229 sic
3141 2184 3235 2225 eos
3268 2168 3360 2239 qui
3399 2165 3638 2222 misereri
3663 2203 3680 2229 ,
3704 2173 3762 2216 et

2165 2272 2350 2342 egenis
2372 2284 2685 2325 succurrere
2713 2277 3017 2332 noverunt,
3050 2263 3260 2320 tametsi
3293 2261 3427 2317 nihil
3452 2258 3522 2315 ad
3554 2272 3650 2313 nos
3690 2272 3761 2311 ex

2165 2365 2376 2419 illorum
2403 2361 2716 2418 liberalitate
2739 2358 3048 2424 dimanavit,
3070 2368 3380 2412 reveremur
3401 2361 3457 2406 et
3482 2363 3757 2404 amamus:

2165 2473 2264 2513 nec
2311 2457 2430 2511 illos
2465 2462 2668 2510 tantum
2695 2492 2711 2519 ,
2743 2452 2842 2508 sed
2884 2451 3098 2505 illorum
3126 2446 3287 2503 etiam
3328 2445 3540 2500 liberos.
3570 2438 3758 2510 Cogita

2165 2564 2294 2621 ergo
2317 2557 2575 2620 quantum
2601 2547 2674 2601 sit
2697 2543 2825 2600 illud
2850 2548 3223 2598 ornamentum
3242 2580 3259 2607 ,
3285 2546 3344 2592 ut
3369 2536 3439 2592 ab
3465 2532 3760 2590 innumeris

2168 2643 2477 2698 hominibus
2499 2641 2592 2695 lilii
2619 2641 2694 2694 tui
2715 2638 2995 2693 videantur
3019 2630 3274 2696 adamari,
3304 2644 3428 2685 cum
3449 2639 3636 2683 omnes
3655 2623 3756 2678 ista

2164 2734 2327 2790 verba
2371 2731 2750 2803 pronuntient,
2792 2727 2839 2783 sl
2880 2727 2937 2782 in
2982 2722 3421 2782 sustentationem
3464 2730 3757 2790 egenorum

2164 2843 2298 2899 opes
2327 2825 2702 2897 impendantur
2728 2840 2741 2877 :
2770 2821 2865 2878 llle
2893 2819 3105 2891 benigni
3135 2814 3389 2881 hominis,
3422 2812 3513 2868 ille
3540 2808 3755 2865 miseri-

2164 2920 2342 2976 cordis
2371 2929 2454 2977 est
2490 2908 2651 2974 ﬁlius.
2683 2917 2752 2972 At
2797 2925 2852 2970 tu
2896 2928 3008 2969 rem
3033 2910 3251 2982 quidem
3294 2918 3456 2963 sensu
3486 2909 3755 2960 carentem

2166 3028 2431 3076 exornas;
2474 3011 2672 3083 quippe
2700 3024 2820 3064 cum
2848 3021 3038 3064 sensus
3062 3014 3254 3073 expers
3294 3000 3366 3056 sit
3391 2997 3556 3069 lapis,
3583 3004 3756 3066 quamb

2165 3106 2362 3163 tumvis
2382 3104 2676 3159 innumeris
2694 3117 2815 3158 eum
2843 3098 3054 3155 talentis
3081 3096 3196 3151 auri
3216 3103 3470 3164 conlegas
3491 3106 3508 3158 ;
3530 3090 3581 3145 ei
3606 3101 3753 3152 vero,

2163 3199 2253 3271 qui
2269 3213 2426 3254 sensu
2446 3196 2699 3266 praeditus
2708 3206 2809 3259 est,
2823 3198 3137 3248 etenecatur
3150 3186 3308 3249 fame,
3324 3200 3390 3239 ne
3400 3181 3759 3239 necessarium

2163 3290 2377 3361 quidem
2396 3288 2705 3343 alimentum
2721 3284 2983 3355 imperiis.
3002 3278 3227 3349 Quando
3246 3276 3407 3348 igitur
3424 3272 3757 3329 tremendqu

2162 3380 2293 3437 illud
2310 3380 2540 3435 tribunal
2559 3375 2881 3449 apparuerit,
2903 3374 3107 3444 etignei
3128 3370 3294 3436 fluvii,
3315 3364 3529 3438 quando
3551 3379 3582 3418 a
3605 3362 3759 3418 nobis

2163 3489 2343 3530 rerum
2383 3481 2652 3543 gestarum
2690 3468 2930 3524 rationes
2968 3466 3248 3535 exigentur
3271 3502 3286 3527 ,
3317 3474 3422 3531 qua
3451 3455 3761 3513 defensione

2164 3575 2366 3621 tantam
2399 3563 2663 3634 ignaviam
2704 3567 3011 3628 tantamque
3037 3553 3339 3611 vecordiam
3369 3558 3426 3606 et.
3461 3546 3761 3604 immanita-

2167 3666 2272 3713 tem
2298 3654 2573 3711 tueberis?
2601 3666 2761 3725 quam
2790 3648 3078 3720 legitimam
3105 3643 3506 3702 excusationem
3529 3638 3761 3694 afferes?

2165 3747 2235 3803 Ut
2264 3747 2408 3802 enim
2436 3745 2671 3820 aliorum.
2695 3742 2919 3812 quisque
2945 3737 3275 3810 propositum
3301 3747 3524 3803 scopum
3556 3730 3717 3820 habet
3738 3769 3756 3793 ,

2164 3847 2324 3908 atque
2360 3837 2643 3901 rationem,
2665 3818 2770 3902 qua
2788 3845 2913 3886 suas
2931 3830 3124 3900 dirigat
3142 3827 3379 3882 actiones
3400 3841 3413 3877 :
3433 3831 3490 3878 et
3505 3818 3757 3892 agricola,

2166 3929 2210 3984 si
2241 3929 2499 3982 rationem
2531 3925 2600 3980 ab
2642 3925 2735 3979 illo
2775 3923 2957 3993 exigas
2979 3962 2995 3989 ,
3022 3920 3202 3984 dicet,
3234 3932 3393 3988 quam
3434 3914 3505 3969 ob
3545 3924 3759 3968 causam

2164 4024 2332 4080 boves
2352 4021 2610 4092 junxerit,
2641 4019 2848 4074 sulcum
2879 4015 3085 4071 duxerit
3113 4053 3128 4076 ,
3160 4019 3393 4066 aratrum
3423 4005 3677 4069 traxerit,
3704 4015 3763 4057 et

2167 4121 2436 4170 mercator
2459 4125 2624 4182 quare
2650 4124 2840 4164 navem
2870 4108 2926 4162 in
2962 4121 3107 4160 mare
3132 4101 3454 4164 deduxerit,
3481 4107 3539 4154 et.
3572 4110 3763 4167 Opera-

2166 4208 2275 4263 rios
2294 4205 2628 4267 conduxerit,
2651 4218 2715 4260 ac
2734 4200 2989 4274 pecunias
3012 4197 3340 4270 deposuerit,
3363 4202 3416 4249 et
3435 4192 3761 4249 architectus

2173 4308 2229 4352 et
2267 4296 2566 4352 calceorum
2599 4306 2749 4348 sutor
2771 4333 2787 4359 ,
2821 4292 2970 4346 faber
2997 4288 3252 4351 :rrarius,
3285 4286 3454 4356 pistor
3488 4295 3545 4339 et
3566 4281 3761 4349 singuli

2167 4387 2472 4461 quarumvis
2487 4388 2678 4442 artium
2695 4386 2911 4457 opifices
2929 4383 3190 4438 rationem
3209 4379 3337 4434 redd
3347 4386 3438 4432 unt
3453 4385 3507 4432 et
3522 4389 3758 4431 causam:

2168 4484 2242 4538 ita
2271 4492 2326 4537 tu
2347 4496 2557 4552 quoque
2585 4521 2600 4544 ,
2641 4479 2768 4532 dum
2797 4479 2991 4531 lectum
3019 4482 3240 4543 argento
3267 4472 3345 4527 sic
3368 4470 3547 4540 Operis
3569 4508 3585 4532 ,
3630 4466 3760 4520 dunt

2168 4590 2363 4645 equum
2380 4583 2434 4628 et
2452 4571 2682 4642 lapidem
2702 4570 2949 4632 deauras,
2972 4582 3035 4621 ac
3051 4566 3215 4635 pelles
3234 4560 3495 4633 ejusmodi
3509 4572 3758 4629 apparas,

2168 4670 2267 4724 sia
2290 4678 2343 4724 te
2374 4668 2512 4722 ratio
2535 4665 2798 4735 exigatur,
2825 4677 2984 4732 quam
3009 4674 3224 4715 causam
3251 4655 3440 4712 dices?
3461 4668 3618 4723 quem
3639 4666 3728 4705 mo
3746 4678 3762 4689 ο

2169 4762 2330 4818 dum?
2356 4762 2436 4816 An
2466 4775 2594 4833 vero
2619 4770 2687 4812 ex
2730 4755 2989 4825 ejusmodi
3017 4753 3155 4808 lecto
3191 4748 3395 4804 dulcior
3421 4746 3514 4801 tibi
3539 4755 3763 4800 somnus

2171 4852 2417 4922 obrepit?
2444 4851 2514 4906 At
2550 4850 2655 4905 hoc
2677 4848 2858 4903 dicere
2886 4845 3108 4901 minime
3135 4850 3290 4913 potes
3316 4857 3331 4894 :
3359 4840 3486 4908 quin
3513 4836 3688 4907 potius
3711 4834 3759 4888 si

2172 4946 2295 5018 quid
2327 4952 2522 5015 praeter
2545 4942 2849 5011 opinionem
2875 4935 3160 4992 dicendum
3179 4941 3263 4988 est
3282 4974 3298 4997 ,
3326 4932 3487 4987 etiam
3515 4927 3757 4997 injucun-

2173 5038 2291 5093 dior
2318 5056 2332 5091 :
2363 5035 2535 5105 major
2571 5035 2713 5089 enim
2747 5040 2832 5087 est
2865 5027 3201 5093 sollicitudo,
3227 5034 3281 5081 et
3305 5024 3545 5079 anxietas
3567 5022 3753 5088 major.

2178 5127 2254 5185 An
2303 5142 2433 5182 vero
2487 5125 2691 5180 firtnior
2734 5130 2817 5178 est
2865 5129 3083 5191 propter
3122 5131 3309 5171 aurum
3339 5111 3642 5170 structura?
3685 5108 3761 5163 Ne

2174 5224 2276 5277 hoc
2315 5219 2531 5292 quidem
2577 5232 2763 5300 verum
2810 5226 2911 5269 est.
2966 5216 3045 5266 An
3099 5211 3292 5264 melior
3333 5221 3506 5277 equus
3550 5205 3621 5260 ob
3650 5204 3760 5257 tale

2174 5312 2426 5369 frenum?
2451 5326 2518 5365 an
2550 5297 2679 5364 vero
2706 5307 2936 5362 servus?
2964 5306 3118 5375 plane
3144 5301 3474 5358 contrarium
3512 5297 3597 5352 hic
3624 5310 3761 5365 quo-

2174 5424 2278 5481 que
2304 5406 2560 5464 cernitur.
2592 5403 2700 5458 Cur
2728 5402 2891 5473 igitur
2917 5412 3021 5455 tam
3062 5399 3273 5466 ineptos
3313 5394 3369 5448 in
3410 5391 3494 5447 his
3518 5388 3767 5445 omnibus

2175 5516 2270 5556 vus
2294 5497 2614 5555 ostenditis?
2637 5494 2869 5550 Omnino
2893 5490 3081 5547 dicetis
3104 5529 3121 5556 ,
3147 5487 3273 5542 inde
3300 5498 3396 5539 vos
3427 5481 3651 5554 gloriam
3670 5494 3766 5532 vc-

2175 5592 2256 5649 bis
2281 5591 2620 5648 illustriorem
2650 5597 2981 5655 comparare.
3013 5580 3187 5649 Quid?
3218 5590 3397 5633 nonne
3419 5574 3529 5645 jam
3548 5570 3671 5630 inde
3696 5570 3769 5623 ab

2175 5683 2398 5741 exordio
2433 5680 2701 5738 sermonis
2726 5675 3015 5742 audivisti,
3066 5674 3180 5729 haec
3222 5668 3456 5725 hominis
3494 5682 3603 5722 non
3644 5678 3770 5720 esse

2175 5778 2418 5849 gloriam,
2438 5774 2531 5831 sed
2559 5773 2714 5845 plane
2738 5763 3085 5837 contrarium,
3104 5763 3447 5840 ignominiam
3468 5758 3771 5820 etdedecus
