4084 6346
347 317 458 374 513

347 433 441 486 καὶ
461 431 600 496 μετά
629 432 834 506 πόρνης
872 436 1157 506 διελέγετο,
1199 441 1290 493 καὶ
1322 448 1457 507 μετά
1486 443 1698 513 λῃστῶν
1725 445 1918 495 ἐσταυ-

349 515 540 581 ροῦτο,
577 518 670 570 καὶ
705 521 818 583 τοῖς
849 520 1155 592 ἀνθρώποις
1192 524 1612 594 συνανεμίγνυτο
1632 543 1647 558 ο
1676 526 1809 578 ἀλλὰ
1841 525 1919 594 τῷ

345 597 498 668 τύφῳ
527 601 619 652 καὶ
636 603 700 670 τῇ
723 602 948 674 ἀπονοία
966 607 1411 676 τυραννούμενος,
1433 608 1718 672 ἀπολλύεις
1743 610 1836 661 καὶ
1861 608 1920 660 τὸ

346 679 628 752 ἄνθρωπος
655 680 825 751 εἰναι;
860 687 1136 741 Ἐντεῦθεν
1157 692 1285 760 ἡμῖν
1313 693 1346 761 ή
1378 691 1543 762 πολλὴ
1569 695 1668 762 τῆς
1695 693 1920 762 ἐλεημο-

348 763 511 835 σύνης
538 767 826 840 ὑπεροψία,
855 771 1100 824 ἐντεῦθεν
1128 776 1155 826 6
1183 775 1280 844 τῆς
1305 776 1613 841 πλεονεξίας
1645 775 1802 847 ἔρως,
1832 777 1920 827 ἐν-

344 847 538 902 τεῦθεν
567 852 600 921 ἡ
626 851 842 924 ὠμότης
867 855 959 907 καὶ
983 855 1361 927 ἀπανθρωπία.
1384 860 1547 912 Ὅταν
1567 858 1673 929 γὰρ
1698 860 1792 912 καὶ
1815 877 1917 929 χα-

346 929 487 984 λινὸν
515 934 750 1003 χρυσοῦν
780 934 858 1006 τῷ
889 937 1037 1008 ἵππῳ
1068 939 1324 1011 περιθῇς,
1359 943 1451 994 καὶ
1487 942 1756 1012 μανιάκην
1790 960 1919 1012 χρυ-

347 1013 473 1067 σοῦν
515 1014 592 1086 τῷ
627 1017 832 1089 οἰκέτῃ,
876 1019 969 1071 καὶ
1017 1021 1223 1074 πέταλα
1272 1025 1450 1092 χρυσᾶ
1502 1025 1580 1094 τῷ
1630 1024 1793 1094 λίθῳ,
1825 1025 1919 1077 καὶ

342 1097 588 1168 δέρματα
632 1103 810 1170 χρυσᾶ
850 1102 1001 1173 παρά
1041 1104 1154 1167 σοὶ,
1203 1107 1296 1157 καὶ
1345 1107 1535 1176 ἱμάτια
1576 1110 1780 1177 χρυσᾶ,
1824 1106 1917 1158 καὶ

345 1179 567 1253 ζώνηΜ
599 1183 874 1257 χρυσῆ[ν],
916 1188 1009 1239 καὶ
1038 1188 1380 1260 ὑποδήματα,
1417 1191 1509 1242 καὶ
1532 1188 1797 1251 τοσαύτας
1817 1189 1918 1258 τῆς

344 1267 608 1335 πονηρίας
629 1268 828 1338 ταύτης
857 1262 1036 1341 σαυτῷ
1067 1273 1294 1344 περιθῇς
1316 1276 1576 1342 ἀνάγκας,
1600 1273 1916 1344 βουλόμενος

342 1347 440 1416 τὴν
470 1349 761 1418 ἀκόρεστον
789 1353 1081 1423 ἐπιθυμίαν
1121 1355 1359 1426 πληροῦν
1379 1397 1393 1420 ,
1433 1358 1527 1409 καὶ
1548 1357 1758 1428 τροφὴν
1783 1399 1797 1422 ,
1839 1356 1916 1426 τῷ

343 1433 560 1485 πάντων
612 1433 876 1506 ὠμοτάτῳ
915 1437 1088 1507 θηρίῳ
1132 1441 1420 1510 παρέχειν,
1477 1443 1541 1510 τῇ
1582 1440 1916 1510 φιλαργυρίᾳ.

343 1513 484 1582 λέγω
508 1531 521 1543 ·
557 1517 677 1569 τότε
724 1520 818 1574 καὶ
845 1521 1112 1590 ὀρφανοὺς
1150 1524 1401 1587 ἁποδύεις
1423 1566 1438 1584 ,
1469 1527 1563 1578 καὶ
1602 1526 1777 1595 χήρας
1819 1543 1915 1588 γυ-

347 1599 522 1664 μνοῖς,
550 1601 645 1653 καὶ
665 1603 838 1666 κοινὸς
871 1605 1134 1679 περιέρχῃ
1173 1607 1427 1678 πολέμιος
1458 1610 1650 1671 ἅπασι,
1689 1609 1913 1679 μάταιόν

341 1698 462 1734 τινα
485 1681 774 1737 ἀνελίττων
792 1687 970 1748 πόνον,
1007 1689 1101 1740 καὶ
1136 1689 1332 1760 δρόμον
1355 1692 1504 1744 οὐδὲν
1530 1693 1716 1762 ἔχοντα
1743 1693 1911 1762 πέρας

342 1764 594 1833 χρηστόν.
632 1766 696 1818 Τί
725 1769 832 1838 γάρ
863 1785 944 1822 σοι
976 1771 1220 1840 βούλεται
1245 1773 1304 1825 τὸ
1339 1774 1429 1827 τὸν
1454 1777 1669 1845 οἰκέτην
1700 1787 1791 1826 σου
1816 1775 1905 1827 τὸν

342 1845 613 1929 βάρϐαρον
637 1856 1019 1922 χρυσοφορεῑν;
1056 1854 1108 1907 τί
1145 1857 1204 1908 τὸ
1242 1857 1462 1927 κέρδος;
1498 1859 1580 1920 τίς
1612 1861 1644 1929 ἡ
1679 1859 1912 1926 ὠφέλεια

339 1928 437 1997 τῆς
451 1929 627 1999 ψυχῆς
648 1949 662 1996 ;
687 1935 765 1995 τίς
782 1933 966 2005 ὄνησις
987 1936 1260 2006 σώματοςς
1289 1940 1416 1993 ποία
1439 1928 1690 2011 πρόσοδος
1707 1942 1876 2006 οἰκίας
1896 1959 1910 2006 ;

341 2012 660 2097 Tobvavtéov
710 2017 808 2086 μὲν
857 2019 1032 2080 ἅπαν,
1067 2021 1293 2090 ἄκαιρος
1360 2024 1603 2095 δαπάνη,
1652 2026 1914 2097 ἀνάλωμα

339 2095 560 2163 ἀλογίας
585 2098 772 2169 γέμον,
805 2103 1088 2170 ἀσελγείας
1119 2105 1390 2169 ὑπόθεσις.
1421 2103 1786 2161 διδασκαλεῖον
1816 2095 1914 2162 κα-

339 2179 496 2264 κίας»,
524 2181 790 2264 βαναύσου
820 2185 935 2255 βίου
962 2189 1053 2240 καὶ
1083 2189 1423 2259 διαρρέοντος
1457 2191 1697 2263 ἀφορμὴ,
1739 2192 1913 2264 φθορὰ

336 2259 533 2330 ψυχῆς,
574 2260 690 2324 ὁδὸς
723 2264 814 2316 ἐπὶ
836 2265 1005 2337 μυρία
1029 2268 1266 2338 φέρουσα
1288 2271 1450 2323 κακά.
1481 2273 1545 2323 Αἰ
1567 2259 1625 2324 δέ
1660 2259 1911 2326 κλῖναιαί

337 2343 735 2413 ἀργυρένδετοι,
769 2348 826 2398 αί
854 2349 1242 2417 χρυσόπαστοι,
1270 2353 1363 2405 καὶ
1390 2353 1459 2407 τὰ
1493 2355 1784 2420 ὑποπόδια,
1818 2357 1914 2409 καὶ

337 2427 388 2478 οί
417 2424 638 2495 λέϐητες
673 2430 720 2479 οί
747 2431 996 2485 ἐντεῦθεν
1035 2437 1547 2506 κατεσκευασμένοι,
1571 2439 1665 2490 καὶ
1693 2441 1720 2491 6
1751 2437 1912 2502 πολὺς

337 2509 529 2578 γέλως,
551 2510 604 2562 τί
634 2528 714 2564 σοι
751 2512 841 2564 τὸν
867 2512 980 2580 βίον
1004 2514 1241 2585 ὀρθῶσαι
1258 2517 1508 2586 δύναται;
1539 2519 1591 2572 τί
1624 2520 1680 2572 δὲ
1706 2521 1912 2591 ἀμείνω

342 2611 398 2646 σε
424 2595 698 2665 ἐποίησεν,
731 2596 762 2666 ἢ
792 2597 888 2668 τὴν
918 2599 1190 2664 σύνοικον,
1217 2601 1250 2672 ἣ
1290 2603 1445 2656 ἄλλον
1474 2604 1594 2658 τινὰ
1619 2605 1726 2658 τῶν
1765 2608 1910 2660 κατὰ

337 2680 437 2753 τὴν
487 2682 692 2750 οἰκίαν;
741 2685 854 2737 υύκ
911 2687 1157 2741 ἐντεῦθεν
1208 2689 1401 2761 λῃσταὶ
1444 2693 1538 2745 καὶ
1593 2694 1911 2765 τοιχωρύχοι

340 2769 562 2835 πολλοί;
601 2772 700 2824 οῦκ
732 2772 978 2826 ἐντεῦθεν
1006 2775 1211 2830 οἰκέται
1255 2777 1710 2848 δραπετεύουσιν;
1745 2783 1911 2835 Ὅταν

337 2856 448 2927 γὰρ
496 2856 769 2928 πανταχοῦ
807 2857 1093 2928 βλέποντες
1134 2863 1373 2935 ἄργυρον
1421 2867 1568 2920 ἴδωσι
1611 2869 1910 2932 στίλϐοντα,

342 2941 494 3015 [5‘22]
524 2942 780 3014 τρέφεται
810 2949 866 2998 ὲν
907 2951 1089 3011 αὐτοῖς
1121 2949 1180 3002 τὸ
1203 2953 1412 3022 νόσημα
1440 2954 1539 3022 τῆς
1584 2955 1808 3024 κλοπῆς.
1849 2958 1911 3008 Εἰ

340 3031 446 3102 γὰρ
465 3031 524 3082 σὲ
542 3033 631 3084 τὸν
647 3031 949 3104 ἐλεύθερον,
963 3036 1056 3087 καὶ
1075 3038 1158 3087 ἐπ’
1172 3039 1418 3110 εὐγενείᾳ
1438 3041 1578 3109 μέγα
1593 3042 1908 3112 φρονοῦντα,

337 3123 575 3194 ἄργυρος
599 3123 656 3176 ἐν
684 3124 858 3195 ἀγορᾷ
883 3124 1113 3196 λάμπων
1137 3128 1422 3196 ἐφέλκεται
1445 3131 1580 3201 πρὸς
1611 3132 1708 3203 τὴν
1729 3134 1914 3185 ἐπιθυ-

343 3207 504 3276 μίαν,
529 3205 707 3277 πολλῷ
755 3208 952 3276 μᾶλλον
994 3209 1082 3262 τὸν
1119 3213 1355 3282 οἰκέτην.
1393 3215 1502 3266 Καὶ
1554 3216 1724 3269 ταῦτα
1771 3218 1913 3285 λέγω

339 3289 440 3342 οὐκ
493 3288 848 3343 ἀπαλλάττων
895 3291 1252 3363 ἐγκλημάτων
1304 3297 1427 3359 τοὺς
1487 3298 1760 3368 δραπέτας
1806 3301 1910 3355 τῶν

338 3371 561 3425 οἰκετῶν
582 3411 597 3436 ,
632 3373 726 3424 καὶ
767 3374 891 3436 τοὺς
916 3374 985 3426 τὰ
1024 3376 1246 3429 τοιαῦτα
1277 3380 1714 3451 κακουργοῦντας
1733 3423 1746 3446 ,
1779 3383 1910 3436 ἀλλὰ

338 3455 617 3528 παραινῶν
652 3457 778 3520 ὑμῖν
819 3459 894 3528 μὴ
931 3460 1283 3528 παρατιθέναι
1323 3463 1431 3515 τῶν
1461 3465 1712 3519 τοιούτων
1749 3484 1909 3537 νοση-

341 3541 526 3610 μάτων
561 3540 743 3604 αύτοίς
790 3541 890 3611 τὴν
932 3545 1159 3613 τροφήν.
1204 3545 1365 3599 Ἀλλά
1414 3547 1516 3599 ποῦ
1551 3548 1912 3619 καταθώμεθα

337 3623 510 3687 αὐτά;
551 3623 714 3692 φησίν
734 3640 748 3654 ·
790 3626 870 3686 είς
897 3626 998 3694 γῆν
1033 3627 1417 3699 κατορύξωμεν
1445 3647 1459 3694 ;
1496 3631 1707 3699 ’Ἄπαγε
1728 3652 1742 3661 ο
1775 3632 1908 3698 ἀλλ’,

338 3707 388 3758 εἰ
417 3703 594 3774 βούλει
636 3709 734 3786 τῆς
769 3709 908 3779 ἐμῆς
954 3710 1284 3782 ἀνασχέσθαι
1315 3713 1642 3784 συμϐουλῆς,
1683 3715 1792 3786 ἐρῶ
1833 3733 1912 3769 σοι

337 3788 558 3860 τρόπον,
578 3789 644 3842 δι’
671 3779 731 3844 οὗ
760 3791 848 3845 τὸν
878 3779 1149 3864 δραπέτην
1182 3779 1497 3866 εὐγνώμονα
1521 3779 1724 3869 δυ’νὴση
1754 3799 1911 3870 ποιῆ-

339 3889 448 3927 σαι.

498 3981 607 4032 Καὶ
623 3979 729 4064 γὰρ
743 3981 1016 4054 δραπέτης
1038 3986 1182 4038 ἐστὶν
1197 3989 1226 4039 6
1245 3987 1491 4052 πλοῦτος,
1519 3992 1754 4064 σήμερον
1777 3993 1912 4064 πρὸς

337 4063 544 4146 τοῦτον,
572 4063 762 4134 αὔριον
792 4066 926 4135 πρὸς
963 4067 1053 4120 τὸν
1086 4067 1270 4140 ἕτερον
1311 4074 1636 4144 μεταπηδῶν
1651 4063 1671 4106 ’ν
1691 4076 1750 4128 οὐ
1785 4063 1914 4146 δρα-

339 4145 508 4217 πέτης
531 4147 586 4198 δέ
612 4148 791 4216 μόνον,
822 4149 957 4201 ἀλλά
991 4152 1086 4202 καὶ
1114 4153 1519 4222 δραπετοποιὸς,
1555 4159 1680 4222 τοὺς
1707 4145 1908 4227 φυλάτ-

337 4244 528 4290 τοντας
561 4229 724 4283 αὐτὸν
757 4231 1012 4295 πολλάκις
1048 4235 1292 4302 φυγάδας
1335 4238 1522 4291 ποιῶν.
1559 4240 1682 4303 Πῶς
1715 4243 1780 4294 ἂν
1819 4239 1911 4295 οῦν

336 4313 367 4364 6
404 4312 676 4385 δραπέτης
715 4309 868 4379 οὗτος
909 4319 1300 4389 κατασχεθείη;
1343 4322 1461 4374 Ἀπ’
1516 4324 1763 4387 ἐναντίας
1800 4329 1912 4389 τοῖς

338 4395 518 4459 ἀλλοις
546 4396 860 4479 δραπέταις.
893 4400 956 4451 Οί
1012 4401 1235 4472 μὲνγὰρ
1273 4403 1420 4456 ἄλλοι
1460 4406 1784 4477 τηρούμενοι
1819 4411 1914 4479 μέ-

337 4496 538 4545 νουσιν,
587 4472 744 4544 οὗτος
786 4481 842 4534 δέ
873 4484 1205 4555 τηρούμενος
1246 4487 1455 4556 φεύγει,
1493 4491 1913 4561 σκορπιζόμενος

341 4565 508 4633 μένει.
545 4565 608 4618 Εἰ
654 4565 711 4617 δὲ
752 4565 932 4618 καινὸν
980 4568 1040 4620 τὸ
1096 4571 1382 4640 εἰρημένον
1431 4567 1570 4624 εἷναί
1613 4589 1693 4626 σοι
1738 4575 1908 4642 δοκεῖ,

340 4647 578 4719 μάνθανε
616 4648 767 4702 τοῦτο
810 4649 958 4717 παρά
985 4650 1092 4704 τῶν
1139 4655 1408 4724 γηπόνων.
1461 4657 1570 4709 Καὶ
1592 4657 1698 4728 γὰρ
1719 4659 1912 4712 ἐκεῖνοι

337 4729 429 4783 τὸν
455 4733 598 4783 σῖτον
627 4733 720 4785 ἐὰν
753 4732 854 4801 μὲν
897 4735 954 4786 ἐν
990 4735 1125 4806 οἴκῳ
1175 4739 1632 4804 κατακλείσαντες
1674 4741 1909 4811 χώσωσι,

339 4816 463 4886 σητὶ
507 4816 602 4868 καὶ
654 4816 895 4884 σκώληκι
943 4819 1274 4890 παραδόντες
1325 4822 1642 4877 ἀπώλεσαν·
1710 4825 1804 4879 ἐὰν
1857 4826 1914 4881 δὲ

341 4898 708 4967 σκορπίσωσιν
737 4901 816 4962 εἰς
849 4900 947 4963 τάς
972 4901 1230 4974 ἀρούρας,
1264 4906 1323 4958 οὐ
1348 4907 1505 4975 μόνον
1535 4909 1908 4976 φυλάττουσιν,

337 4979 476 5034 ἀλλά
504 4982 599 5034 καὶ
642 4981 864 5037 πλείονα
892 4986 1212 5053 ἐργάζονται
1232 5003 1246 5018 ο
1280 4988 1420 5042 οὕτω
1461 4992 1554 5044 καὶ
1581 4994 1611 5045 6
1647 4993 1872 5060 πλοῦτος
1896 5036 1910 5060 ,

341 5063 516 5133 μένων
546 5065 642 5150 μέν
675 5065 733 5118 ἐν
757 5066 1047 5132 κιδωτίοις,
1070 5071 1164 5123 καὶ
1202 5072 1306 5124 ὑπὸ
1335 5072 1526 5144 θύραις
1567 5075 1641 5129 ὢν
1677 5083 1771 5132 καὶ
1821 5097 1914 5150 μο-

337 5147 504 5217 χλοῖς,
522 5149 614 5202 καὶ
631 5150 707 5213 είς
727 5151 826 5220 γῆν
846 5156 1324 5225 κατορυττόμενος,
1343 5158 1662 5228 δραπετεύει
1681 5167 1910 5234 ταχέως·

338 5230 434 5320 ἐάν
453 5230 510 5284 δὲ
535 5231 719 5320 αὑτὸν,
742 5234 865 5320 ὠςᾼό
892 5236 1126 5306 γηπόνος
1149 5239 1240 5292 τὸν
1271 5243 1412 5294 σῖτον
1434 5245 1512 5306 εἰς
1539 5245 1634 5316 τὴν
1658 5230 1910 5320 ἄρουραν,

335 5311 506 5376 οὕτως
534 5315 612 5376 εἰς
642 5315 738 5378 τὰς
765 5317 876 5370 τῶν
914 5321 1158 5390 πενήτων
1192 5325 1491 5398 σκορπίσῃς
1516 5311 1821 5399 γαστέρας,
1851 5335 1911 5385 ού

339 5395 499 5464 μόνον
517 5398 576 5450 οὐ
598 5397 938 5469 δραπετεύει,
964 5403 1101 5457 ἀλλά
1124 5405 1218 5457 καὶ
1237 5395 1662 5466 πλείων-ἐκεῖθεν
1683 5395 1910 5480 γίνεται.

338 5479 522 5569 Ταῦτα
541 5482 719 5569 τοίνμν
744 5483 918 5569 εἰδὼς,
959 5487 1034 5558 μὴ
1070 5490 1323 5561 παραδῷς
1356 5494 1516 5548 αὐτὸν
1539 5479 1722 5569 οἰκέτη
1743 5543 1754 5559 ,
1781 5500 1916 5554 ἀλλά

341 5562 559 5633 μυρίαις
605 5565 765 5618 αὐτὸν
796 5568 1020 5638 ποίησον
1062 5575 1380 5642 κατέχεσθαι
1420 5579 1575 5648 χερσί
1599 5577 1634 5641 ,’
1660 5562 1778 5645 ταῖς
1809 5585 1914 5638 τῶν

338 5646 543 5734 χηρῶν,
585 5652 702 5712 ταῖς
723 5650 832 5703 τῶν
862 5652 1132 5722 ὀρφανῶν,
1166 5661 1284 5720 ταῖς
1323 5646 1534 5716 τῶντά
1573 5662 1798 5734 σώματα
1831 5662 1916 5720 λε-

339 5723 704 5800 λωϐημένων,
745 5737 863 5796 ταῖς
916 5736 1025 5788 τῶν
1068 5739 1127 5791 τὸ
1191 5741 1558 5815 δεσμωτηριον
1601 5723 1908 5807 οἰκούντων.

671 5828 938 5890 Pyram"
985 5833 1100 5891 Gn.
1149 5834 1277 5893 LV.

1635 330 1702 385 IN
1746 333 2072 396 PSALMUM
2105 342 2330 400 XLVIII.

3485 353 3582 408 5m

2022 448 2096 500 Οὐ
2122 451 2228 522 γὰρ
2251 453 2317 508 ἂν
2347 455 2594 528 δυνηθείη
2626 457 2904 530 διαδρᾶναι
2932 460 3193 524 τοσαύτας
3223 461 3419 525 λαϐὰς,
3453 465 3588 520 ἀλλά

2020 535 2300 604 κατέχεται
2347 541 2463 608 μετ’
2498 543 2827 612 ἀσφαλείας,
2861 545 2954 598 καὶ
2990 546 3188 599 πλείων
3221 546 3444 614 γίνεται.
3476 550 3587 603 Καὶ

2017 616 2071 668 τί
2095 621 2401 692 καταλείψω
2419 628 2529 689 τοῖς
2551 629 2803 694 παιδίοιςς
2837 630 2986 699 φησί.
3018 629 3262 684 Μάλιστα
3289 633 3384 701 μὲν
3413 629 3505 686 οῦν
3526 636 3584 686 οὐ

2019 702 2196 756 πάντα
2217 720 2296 758 σοι
2316 719 2341 746 α
2372 709 2662 776 ἀναγκάζω
2688 713 2876 766 κενοῦν
2894 730 2906 742 ·
2932 715 2980 765 εἰ
3005 714 3061 766 δὲ
3089 715 3182 767 καί
3201 714 3396 777 πάντα,
3417 717 3588 790 ταύτῃ
3619 717 3626 724 ’

2021 785 2218 871 μάλλον
2246 790 2372 852 τοὺς
2395 793 2588 855 παῖδας
2610 794 3015 865 εὐπορωτέρους
3037 797 3298 866 ποιήσεις,
3323 799 3440 852 ἀντί
3462 785 3589 871 χρηλ

2020 869 2204 936 μάτων
2229 871 2316 925 τὸν
2347 873 2478 927 Θεὸν
2508 876 2690 940 αὐτοῖς
2721 877 3140 947 καταλιμπάνων
3165 879 3324 945 ἵλεω,
3362 882 3460 952 τὴν
3480 869 3591 936 ἀπὸ

2015 951 2114 1034 τῆς
2146 953 2508 1026 ἐλεημοσύνης
2538 960 2797 1030 εὐπορίαν
2825 1001 2838 1018 ,
2881 961 3107 1030 μυρίους
3142 951 3448 1034 προστάτας
3493 967 3590 1019 καὶ

2017 1033 2311 1116 εὐεργέτας
2339 1040 2431 1092 καὶ
2455 1041 2512 1092 ἐν
2545 1042 2866 1115 ἀνθρώποις.
2889 1044 3097 1112 ’Ὠσπερ
3119 1033 3226 1116 γάρ
3241 1046 3367 1110 τοὺς
3395 1047 3586 1100 πλεον-

2017 1115 2211 1181 έκτας,
2257 1120 2361 1173 κᾶν
2405 1122 2478 1192 μὴ
2517 1125 2901 1194 ἀδικηθῶμεν,
2954 1115 3249 1198 μισοῦμεν·
3293 1129 3432 1182 οὕτω
3462 1131 3587 1194 τοὺς

2015 1196 2183 1251 ἐλεεῖν
2220 1203 2446 1268 εἰδότας,
2471 1208 2572 1259 κᾶν
2607 1208 2679 1279 μὴ
2709 1209 2861 1261 αὐτοὶ
2888 1209 2986 1280 τῆς
3015 1196 3320 1280 φιλοτιμίας
3345 1212 3586 1266 ἀπολαύ-

2017 1298 2218 1351 σωμεν,
2244 1287 2557 1358 αἰδούμεθα,
2583 1291 2676 1343 καὶ
2705 1291 2997 1362 ποθοῦμεν,
3022 1295 3122 1346 οὐκ
3149 1293 3384 1357 ἐκείνους
3407 1297 3585 1365 μόνον,

2016 1364 2151 1418 ἀλλά
2179 1368 2272 1420 καὶ
2298 1370 2425 1434 τοὺς
2450 1372 2672 1426 ἐκείνων
2711 1375 2918 1438 παῖδας.
2961 1375 3240 1445 Ἐννόησον
3265 1364 3439 1430 τοίνυν
3468 1377 3584 1449 ήλία

2016 1463 2110 1510 κος
2157 1450 2356 1520 κόσμος
2415 1456 2539 1518 τοὺς
2581 1456 2775 1521 παῖδας
2823 1458 3130 1528 ὁρωμένους
3176 1458 3399 1530 μυρίους
3444 1460 3588 1530 ἔχειν

2016 1529 2268 1613 ἐραστὰς,
2298 1535 2390 1588 καὶ
2429 1538 2634 1602 πάντας
2656 1539 2828 1592 ταῦτα
2864 1540 3041 1608 λέγειν
3069 1541 3136 1594 τά
3167 1529 3404 1613 ῥήματα,
3429 1529 3588 1606 είίείς

2014 1611 2112 1681 τὴν
2140 1615 2247 1667 τῶν
2275 1617 2539 1687 δεομένων
2565 1618 2716 1693 [5:25]
2735 1622 3024 1694 διατροφὴν
3053 1611 3390 1678 ἀναλίσκοιτο
3407 1625 3435 1676 6
3452 1625 3615 1677 πλοῦ-

2012 1709 2103 1756 τυς
2123 1711 2136 1725 ·
2167 1698 2194 1749 6
2214 1697 2307 1750 τοῦ
2333 1700 2728 1772 φιλανθρώπου,
2756 1706 2783 1756 6
2816 1705 2907 1757 τοῦ
2939 1706 3224 1776 ἐλεήμονος
3253 1707 3388 1769 υἱός.
3428 1706 3587 1760 Ἀλλά

2016 1778 2078 1829 σὺ
2101 1779 2189 1831 τὸν
2220 1782 2316 1850 μὲν
2353 1784 2669 1855 ἀναίσθητον
2700 1787 3056 1852 καλλωπίζεις
3085 1792 3202 1861 εἰκῆ
3246 1791 3338 1842 καὶ
3375 1792 3549 1861 μάτην
3569 1807 3584 1822 ο

2014 1859 2336 1934 ἀναίσθητος
2387 1867 2494 1937 γάρ
2547 1871 2692 1921 ἐστιν
2747 1873 2775 1923 6
2806 1870 2970 1936 λίθος,
3003 1871 3102 1926 κᾶν
3147 1859 3313 1942 μυρία
3351 1859 3585 1926 τάλαντα

2013 1944 2160 2015 αὑτῷ
2187 1949 2413 2019 περιθῇς
2447 1953 2666 2021 χρυσίου
2687 1969 2700 1982 °
2721 1954 2812 2006 τὸν
2837 1955 2892 2008 δὲ
2929 1956 3314 2026 αἰσθανόμενον
3334 1957 3425 2008 καὶ
3443 1955 3586 2027 λιμῷ

2011 2031 2309 2098 τηκόμενον
2343 2034 2461 2086 οὐδὲ
2487 2036 2586 2105 τῆς
2617 2037 2919 2104 ἀναγκαίας
2952 2041 3123 2102 ποιεῖς
3153 2039 3587 2109 μεταλαμὸἀνειν

2012 2119 2236 2187 τροφῆς.
2279 2120 2445 2174 Ὅταν
2471 2118 2562 2175 οὖν
2588 2123 2646 2175 τὸ
2680 2124 2905 2195 φοϐερὸν
2931 2125 3081 2195 βῆμα
3101 2127 3262 2196 φανῇ,
3296 2128 3389 2179 καί¹
3415 2127 3463 2177 οἱ
3490 2125 3583 2178 τοῦ

2015 2204 2186 2271 πυρὸς
2224 2208 2474 2276 ποταμοὶ,
2528 2208 2752 2260 καὶτῶν
2794 2210 3193 2280 πεπραγμένων
3231 2211 3328 2274 τὰς
3363 2209 3584 2272 εὐθύνας

2014 2289 2387 2360 ἀπαιτῶμεθα,
2419 2295 2467 2346 τί
2494 2296 2637 2364 ἐρεῖς
2696 2294 2835 2366 ὑπὲρ
2866 2297 2964 2366 τῆς
3008 2298 3276 2366 τοσαύτης
3309 2297 3582 2367 βλακείας,

2014 2375 2151 2447 ὑπὲρ
2180 2378 2278 2448 τῆς
2307 2381 2570 2451 τοσαύτης
2595 2382 2798 2449 ἀνοίας,
2835 2383 2927 2436 καὶ
2956 2385 3253 2455 ὠμότητος,
3289 2385 3382 2437 καὶ
3413 2384 3585 2438 ἀπαν-

2014 2463 2286 2535 θρωπίας;
2317 2469 2472 2520 ποίαν
2507 2470 2777 2539 πρόφασιν
2812 2469 3062 2539 εῦλογον;
3101 2471 3435 2542 Ὠσπεργάρ
3459 2471 3586 2525 ἐκά-

2015 2568 2138 2604 στου
2166 2552 2272 2605 τῶν
2325 2554 2496 2608 ἄλλων
2529 2558 2727 2622 σκοπός
2777 2557 2861 2621 τίς
2901 2561 3015 2611 ἐστι
3076 2560 3167 2613 καὶ
3196 2559 3369 2628 λόγος·
3416 2559 3509 2611 καὶ
3556 2559 3586 2611 6

2012 2640 2270 2709 γεωργὸς,
2301 2641 2394 2693 ἐὰν
2435 2645 2746 2716 ἁπαιτήσῃς
2799 2645 2960 2698 αὐτὸν
2994 2646 3239 2709 εὐθύνας,
3295 2647 3409 2718 ἐρεῖ
3441 2645 3586 2707 τίνος

2012 2726 2192 2778 ἕνεκεν
2218 2727 2310 2779 καὶ
2345 2727 2469 2796 βόας
2495 2729 2700 2797 ἔζευξε,
2724 2731 2816 2784 καὶ
2846 2730 3086 2795 αὔλακας
3110 2733 3289 2802 ἔτεμε,
3315 2734 3410 2786 καὶ
3457 2732 3585 2802 ἀρο-

2011 2830 2136 2883 τρον
2170 2814 2410 2866 εἵλκυσε·
2443 2817 2535 2870 καὶ
2558 2818 2585 2869 6
2615 2816 2872 2889 ἔμπορος,
2917 2821 3060 2884 τίνος
3091 2821 3277 2874 ἓκεκεν
3310 2821 3368 2874 τὸ
3403 2819 3586 2873 πλοῖον

2012 2900 2354 2964 καθείλκυσε,
2386 2904 2479 2955 καὶ
2508 2904 2743 2975 ἐργάτας
2799 2906 3160 2975 ἐμισθώσατο,
3208 2907 3303 2960 καί
3330 2908 3585 2977 χρήματα

2011 2987 2321 3040 ἐναπέθετο*
2348 2991 2440 3041 καὶ
2466 2991 2494 3042 ὁ
2537 2992 2834 3062 οἰκοδόμος,
2864 2993 2958 3045 καὶ
2981 2995 3008 3045 6
3044 2993 3582 3064 ύποδηματορῥάφος.

2012 3075 2147 3126 καὶὸ
2167 3074 2523 3143 χαλκοτύπος,
2589 3078 2683 3131 καὶ
2717 3079 2745 3129 6
2777 3080 3084 3148 ἀρτοποιὸς,
3114 3082 3207 3132 καὶ
3234 3081 3460 3142 ἕκαστος
3478 3078 3586 3132 τῶν

2011 3161 2290 3231 ἡντιναοῦν
2317 3163 2608 3232 μετιόντων
2636 3164 2834 3236 τέχνην
2866 3167 3152 3220 ἀποδίδωσι
3199 3167 3289 3220 τὸν
3317 3167 3471 3236 λόγον
3493 3167 3587 3220 καὶ

2010 3249 2108 3319 τὴν
2139 3249 2333 3301 αἰτίαν·
2360 3250 2502 3304 οὕτω
2538 3253 2630 3304 καὶ
2661 3255 2724 3307 σὺ
2748 3295 2762 3316 ,
2813 3257 2842 3307 6
2870 3254 2967 3309 τὴν
3019 3255 3203 3325 κλίνην
3231 3254 3308 3325 τῷ
3364 3257 3589 3326 ἀργύρῳ

2013 3335 2369 3406 περιϐάλλων.
2397 3339 2425 3390 6
2452 3339 2542 3391 τὸν
2571 3340 2732 3393 ἵππον
2757 3343 2852 3394 καὶ
2889 3342 2980 3395 τὸν
3007 3341 3151 3394 λίθον
3182 3341 3418 3413 χρυσῶν,
3451 3343 3478 3394 6
3519 3341 3590 3393 τὰ

2011 3422 2255 3493 δέρματα
2279 3423 2502 3480 τοιαῦτα
2547 3428 2992 3492 κατασκευάζων,
3012 3429 3077 3481 ἂν
3113 3426 3419 3497 ἀπαιτηθῇς
3435 3425 3590 3480 εὐθύ-

2012 3527 2109 3572 νας
2142 3513 2235 3563 καὶ
2273 3511 2462 3579 λόγον,
2525 3514 2683 3566 ποίαν
2726 3518 2867 3586 ἐρεῖς
2901 3515 3111 3575 αἰτίαν;
3166 3517 3314 3569 ποῖον
3356 3515 3587 3586 τρόπον;

2023 3597 2214 3649 Ἱιδίων
2233 3600 2261 3650 6
2291 3597 2456 3662 ὕπνος
2473 3601 2536 3652 ἐκ
2559 3601 2654 3670 τῆς
2675 3601 2929 3673 τοιαύτης
2949 3603 3156 3671 γίνεται
3184 3603 3369 3672 κλίνης
3390 3619 3404 3666 ;
3449 3602 3588 3654 Ἀλλ’

2012 3684 2110 3736 οὐκ
2150 3685 2215 3737 ἂν
2265 3684 2408 3754 ἔχοις
2463 3688 2655 3752 εἰπεῖν,
2697 3689 2811 3742 ἀλλ’
2845 3693 2893 3742 εἰ
2936 3691 3040 3761 χρή
3079 3708 3131 3743 τι
3170 3690 3263 3743 καὶ
3295 3688 3591 3760 παράδοξον

2012 3772 2203 3837 εἰπεῖν,
2225 3773 2318 3825 καὶ
2341 3773 2683 3846 ἀηδέστερος·
2704 3777 2926 3847 φροντὶς
2953 3776 3059 3848 γάρ
3091 3777 3306 3840 πλείων,
3324 3777 3417 3828 καὶ
3442 3776 3588 3844 ἀγω-

2012 3853 2098 3906 νία
2134 3855 2353 3924 μείζων.
2403 3857 2539 3910 Ἀλλ’
2583 3859 2962 3930 ἀσφαλεστέρα
2996 3862 3028 3930 ἡ
3057 3859 3310 3930 οἰκοδομὴ
3347 3859 3454 3913 ἀπὸ
3494 3857 3588 3911 τοῦ

2012 3937 2235 4006 χρυσίου
2265 3955 2278 4003 ;
2357 3939 2494 3992 Ἀλλ’
2543 3941 2866 3994 οὐδὲτοῦτο.
2933 3943 3069 3995 Ἀλλ’
3115 3943 3351 4013 ἀμείνων
3376 3943 3404 3994 6
3428 3943 3590 4005 ἵππος

2012 4024 2119 4076 ἀπὸ
2168 4025 2261 4077 τοῦ
2307 4026 2555 4097 χαλινοῦ;
2603 4027 2717 4079 ἀλλ’
2769 4030 2796 4080 6
2833 4029 3088 4098 οἰκέτη;;
3148 4029 3468 4081 Τούναντίον
3493 4029 3589 4099 μὲν

2014 4111 2158 4164 ἆπαν
2189 4114 2280 4166 καὶ
2310 4114 2559 4169 ἐνταῦθα.
2581 4115 2736 4176 Τίνος
2768 4111 2859 4169 οὖν
2886 4116 3048 4170 ἕνεκα
3071 4116 3336 4186 τοσαύτην
3369 4117 3590 4188 ἀπειρο-

2015 4199 2208 4252 καλίαν
2249 4200 2618 4254 ἐπιδείκνυσθε
2675 4201 2762 4255 διὰ
2808 4205 3026 4256 πάντων
3068 4202 3308 4269 τούτων;
3366 4202 3591 4266 Πάντως

2014 4288 2208 4358 ἐρεῖτε,
2226 4288 2307 4341 ὃτι
2337 4288 2492 4354 δόξαν
2523 4290 2650 4359 ὑμῖν
2670 4289 3053 4363 λαμπροτέραν
3074 4292 3586 4356 κατασκευάζοντες.

2014 4370 2148 4427 Εἶτα
2184 4377 2282 4429 οὐκ
2308 4376 2546 4446 ἤκουσας
2598 4378 2692 4430 καὶ
2729 4380 2787 4456 ὲν
2843 4381 3110 4450 προοιμίῳ
3158 4380 3249 4433 τοῦ
3279 4381 3466 4448 λόγου,
3509 4381 3589 4433 ὅτι

2011 4462 2182 4515 ταῦτα
2207 4465 2306 4516 οὐκ
2358 4463 2502 4516 ἔστιν
2529 4465 2813 4534 ἀνθρώπου
2870 4467 3032 4531 δόξα,
3103 4468 3238 4521 ἀλλά
3282 4469 3589 4522 τούναντίον

2016 4553 2182 4615 ἅπαν,
2204 4553 2392 4622 ἀτιμία
2419 4555 2512 4606 καὶ
2540 4553 2757 4617 ὄνειδος,
2792 4555 2882 4608 καὶ
2925 4555 3224 4626 κατηγορία
3254 4557 3346 4609 καὶ
3377 4556 3586 4624 γέλωςς

2027 4641 2121 4694 Ἐκ
2146 4640 2354 4695 τούτων
2384 4641 2626 4696 τίκτεται
2649 4643 2837 4711 φθόνος
2853 4644 2945 4697 καὶ
2976 4645 3261 4714 βασκανία,
3287 4647 3378 4698 καὶ
3397 4645 3464 4699 τά
3489 4663 3591 4716 μυ-

2017 4728 2108 4799 ρία
2134 4727 2301 4784 δεινά’
2330 4731 2423 4782 καί.
2461 4729 2567 4798 ὅσῳ
2590 4731 2931 4804 μονιμώτερα
2963 4732 3031 4785 τά
3066 4732 3589 4804 κτήματα,τοσούτῳ

2013 4817 2106 4870 καὶ
2137 4819 2170 4888 ἠ
2207 4818 2506 4888 κατηγορία
2533 4817 2775 4890 διαρκής·
2820 4821 2914 4873 καὶ
2951 4821 3007 4871 αἱ
3039 4820 3272 4890 μεγάλαι
3312 4816 3470 4875 αὗται
3493 4822 3590 4874 καὶ

2011 4904 2260 4977 λαμπραὶ
2285 4906 2452 4959 οἰκίαι
2482 4909 2744 4976 ἑστήκασι
2794 4908 2977 4976 φωνὴν
3019 4905 3280 4976 ἀφιεῖσαι,
3322 4909 3414 4962 καὶ
3452 4910 3590 4980 μετά

2010 4992 2266 5064 τελευτὴν
2297 4993 2405 5045 τῶν
2427 4993 2782 5065 κτησαμένων
2807 5033 2822 5057 ,
2877 4993 3194 5067 κατηγόρων
3227 4997 3586 5067 πικροτάτωνο

2013 5079 2190 5133 καὶτὸ
2226 5080 2323 5152 μὲν
2353 5081 2511 5150 σῶμα
2544 5083 2609 5152 τῇ
2643 5084 2713 5153 γῇ
2769 5081 3140 5154 παραδίδοται,
3183 5084 3215 5152 ἡ
3242 5083 3300 5135 δὲ
3337 5083 3456 5152 ὄψις
3479 5082 3588 5136 τῶν

2012 5164 2324 5238 οἰκημάτων
2362 5167 2460 5220 οὐκ
2511 5168 2702 5238 ἀφίησι
2758 5169 3272 5242 συγκαταχωσθῆναι
3309 5173 3376 5242 τῇ
3427 5172 3590 5242 σαρκὶ

2011 5257 2110 5327 τῆς
2137 5255 2445 5320 πλεονεξίας
2488 5258 2585 5328 τὴν
2642 5260 2880 5329 μνήμην·
2919 5259 3031 5314 ἀλλ’
3063 5261 3300 5322 ἕκαστος
3352 5261 3586 5330 παριὼν,

2013 5345 2105 5397 καὶ
2135 5343 2268 5414 πρὸς
2297 5344 2355 5395 τὸ
2386 5343 2518 5414 ὕψος
2548 5345 2641 5399 κοιί¹
2674 5345 2898 5415 μέγεθος
2938 5345 3156 5418 ἀφορῶν
3205 5348 3301 5416 τῆς
3329 5346 3587 5418 λαμπρᾶς

2015 5433 2106 5485 καί.
2139 5431 2376 5502 μεγάλης
2402 5432 2597 5495 οἰκίας,
2625 5431 2658 5504 ἧ
2691 5433 2825 5503 πρὸς
2859 5434 3070 5499 ἑαυτὸν,
3105 5433 3137 5504 ἢ
3167 5434 3304 5504 πρὸς
3335 5434 3423 5488 τὸν
3450 5435 3588 5502 πλη..

2077 5772 2100 5801 ⁸
2131 5769 2279 5820 Savil.
2303 5768 2500 5834 conjicit
2521 5787 2593 5822 σε.
2613 5772 2788 5823 Recte.
