4084 6346
429 333 532 389 517

425 446 539 498 σίον
557 445 690 516 ὲρεῖ·
706 443 803 498 Ἐκ
819 444 995 499 πόσων
1009 444 1257 514 δακρύων
1273 443 1409 515 αῦτη
1425 441 1748 513 ᾠκοδομήθη
1765 442 1798 511 ή
1812 438 1959 493 οἰκία
1973 439 1990 490 1

425 531 607 584 πόσων
632 531 881 603 ὀρφανῶν
905 530 1329 602 γυμνωθέντωννί
1379 529 1560 583 πόσων
1597 527 1782 600 χηρῶν
1811 526 1997 596 ἀδικη-

424 617 655 670 θεισῶνί
720 618 902 672 πόσων
948 618 1039 670 τὸν
1104 617 1291 689 μισθὸν
1355 614 1771 688 στερηθέντωνί
1833 614 1996 666 Ὥστε

424 704 729 758 τούναντίον
760 721 840 756 σοι
872 703 1177 774 συμϐαίνει·
1208 703 1528 773 βουλόμενος
1563 702 1722 772 δόξης
1762 699 2000 754 ἀπολαῦ-

428 801 516 838 σαι
540 789 596 840 ἐν
615 785 692 856 τῷ
716 787 835 858 ζῇν,
865 787 983 839 οὐδὲ
1007 785 1144 857 μετά
1175 785 1236 838 τὸ
1269 784 1566 838 καταλῦσαι
1589 784 1651 837 τὸ
1700 781 1799 854 ζῇν
1827 782 2001 835 ἀπαλ-

427 873 596 946 λάττῃ
623 874 730 928 τῶν
775 874 1114 944 κατηγόρων·
1136 872 1251 926 ἀλλ’
1283 873 1470 943 ὥσπερ
1495 873 1552 925 ὲν
1598 871 1767 943 στήλῃ
1825 870 1999 940 χαλκῇ

427 961 489 1014 τὸ
509 961 679 1031 δνομά
699 977 792 1013 σου
815 960 1182 1030 περιφέρουσα
1208 960 1241 1030 ὴ
1264 958 1428 1021 οἰκία,
1445 958 1540 1012 καὶ
1572 959 1696 1020 τοὺς
1714 957 1834 1010 οὐδὲ
1851 954 2001 1028 [524]

428 1050 610 1116 ζῶντά
639 1067 698 1102 σε
743 1049 1052 1121 ἑωρακότας
1086 1047 1492 1119 παρασκευάζει
1527 1046 1740 1118 μυρίοις
1791 1045 2004 1116 βάλλειν

429 1138 708 1191 ὀνείδεσιν.

501 1256 565 1310 δ’.
582 1255 734 1310 Ἐπεὶ
750 1250 846 1310 οῦν
861 1251 982 1308 οὐδὲ
996 1252 1153 1308 τοῦτο
1169 1252 1280 1323 ἔχει
1296 1252 1356 1305 τδ
1375 1250 1562 1324 κέρδος
1574 1253 1607 1321 ἠ
1626 1248 1852 1318 περιττὴ
1869 1247 2006 1318 αῦτη

435 1339 729 1410 φιλοτιμία,
759 1338 1068 1408 φεύγωμεν,
1085 1335 1378 1406 ἀγαπητοὶ,
1398 1334 1686 1404 φεύγωμεν
1701 1331 1760 1383 τὸ
1775 1332 2005 1400 νόσημα,

436 1426 530 1477 καὶ
566 1423 639 1494 μὴ
659 1422 937 1493 γινώμεθα
963 1421 1070 1474 τῶν
1096 1420 1302 1488 ἀλόγων
1361 1417 1794 1488 θηριωδέστεροι.
1837 1413 2011 1468 Ἐκεί-

435 1525 544 1567 νοις
570 1509 746 1561 πάντα
783 1506 969 1570 κοινὰ,
1000 1507 1095 1558 καὶ
1125 1503 1219 1574 γῆ,
1244 1502 1338 1555 καὶ
1375 1501 1569 1571 πηγαὶ,
1600 1499 1694 1552 καὶ
1719 1499 1899 1569 νομαὶ,
1917 1499 2012 1551 καὶ⁸

436 1592 559 1664 ὅρη,
589 1592 682 1644 καὶ
710 1591 896 1656 νάπαι,
917 1589 1009 1642 καὶ
1032 1588 1181 1641 οὐδὲν
1208 1586 1431 1657 θάτερον
1457 1584 1682 1655 θατέρου
1705 1581 1863 1635 πλέον
1878 1582 2009 1650 ἔχει’

439 1677 504 1730 σὺ
538 1675 593 1728 δὲ
615 1674 898 1744 ἄνθρωπος
929 1671 1098 1734 ῶν,τδ
1123 1669 1476 1743 ἡμερώτατον
1508 1665 1865 1738 ζῶον,θηρίου
1888 1665 2014 1737 γίνῃ

439 1757 835 1829 χαλεπώτερος,
861 1755 1067 1827 μυρίων
1104 1754 1348 1825 πενήτων
1379 1752 1601 1824 τροφὰς,
1630 1751 1724 1803 καὶ
1761 1748 2015 1810 πολλάκις

445 1842 650 1912 μυρίων
677 1841 775 1911 μιᾷ
804 1837 1140 1892 κατακλείων
1175 1836 1340 1907 οἰκίᾳ.
1377 1835 1564 1889 Καίτοι
1583 1851 1644 1901 γε
1672 1833 1773 1903 οὐχ
1792 1835 1825 1901 ή
1859 1831 2015 1900 φύσις

440 1927 570 1996 ἡμῖν
603 1925 738 1995 μόνη
760 1923 928 1995 κοινὴ,
957 1921 1092 1976 ἀλλὰ
1127 1922 1218 1974 καὶ
1240 1920 1405 1990 ἕτερα
1436 1918 1612 1988 πολλῷ
1649 1918 1747 1986 τῆς
1804 1917 2015 1986 φύσεως

443 2008 684 2064 πλείονα·
719 2007 946 2079 οὐρανὸς
970 2005 1166 2070 κοινὸς,
1214 2005 1304 2057 καὶ
1332 2003 1501 2073 ἦλιος,
1537 2001 1632 2054 καὶ
1661 2001 1880 2071 σελήνη,
1925 2001 2020 2053 καὶ⁴

441 2093 470 2144 ὁ
496 2090 603 2144 τῶν
642 2092 885 2161 ἀστέρων
921 2089 1100 2160 χορὸς,
1130 2089 1223 2141 καὶ
1249 2086 1353 2158 ἀὴρ
1377 2127 1390 2148 ,
1452 2085 1546 2138 καὶ
1588 2084 1828 2138 θάλασσα
1848 2127 1863 2150 ,
1925 2083 2020 2138 καὶ

444 2175 585 2246 πῦρ,
611 2175 704 2228 καὶ
738 2174 902 2244 ὕδωρ,
953 2175 1046 2225 καὶ
1079 2172 1171 2241 γῆ,
1214 2172 1306 2223 καὶ
1341 2169 1472 2240 ζωὴ,
1500 2169 1593 2220 καὶ
1614 2169 1834 2238 τελευτὴ
1859 2209 1871 2230 ,
1925 2167 2020 2220 καὶ

444 2257 687 2327 αὔξησις,
716 2258 809 2310 καὶ
839 2257 1032 2326 γῆρας,
1064 2257 1156 2308 καὶ
1185 2254 1358 2317 νόσος,
1387 2255 1478 2306 καὶ
1503 2252 1679 2320 ὑγεία,
1741 2252 1833 2304 καί¹
1865 2251 2020 2320 χρεία

447 2342 649 2412 τροφῆς
698 2341 790 2394 καὶ
825 2341 1152 2410 ἐνδυμάτων·
1213 2337 1304 2389 καὶ
1351 2336 1421 2388 τὰ
1465 2333 1808 2404 πνευματικά
1862 2333 2022 2387 πάλιν

449 2426 622 2490 κοινὰ,
657 2426 805 2494 καὶὴ
834 2423 1080 2496 τράπεζα
1117 2419 1254 2491 αὕτη
1289 2421 1321 2490 ἡ
1360 2418 1501 2490 ίερά,
1529 2418 1591 2471 τὸ
1630 2417 1786 2488 σῶμα
1830 2418 1891 2470 τὸ
1924 2420 2023 2471 Δε-

450 2508 728 2571 σποτικὸν,
761 2509 820 2561 τὸ
839 2504 977 2577 αἷμα
1017 2508 1078 2559 τὸ
1106 2505 1306 2575 τίμιον,
1342 2502 1442 2571 τῆς
1471 2500 1746 2570 βασιλείας
1773 2502 1807 2570 ἡ
1853 2502 2026 2568 ἑπαγ-

450 2591 627 2660 γελία,
669 2591 730 2644 τὸ
769 2591 988 2662 λουτρὸν
1045 2589 1142 2658 τῆς
1180 2584 1616 2654 παλιγγενεσίας,
1656 2585 1684 2636 ὁ
1741 2583 2025 2655 καθαρμὸς

450 2675 559 2729 τῶν
603 2675 1054 2746 ἁμαρτημάτων,
1105 2673 1136 2743 ἠ
1188 2668 1535 2737 δικαιοσύνη,
1591 2670 1620 2721 ό
1669 2669 1958 2738 ἁγιασμὸς,
1988 2672 2022 2740 ἠ

451 2757 842 2830 ἀπολύτρωσις,
870 2758 937 2810 τὰ
959 2756 1246 2827 ἀπόρρητα
1269 2753 1465 2821 ἀγαθὰ,
1490 2754 1557 2806 Ἀ
1585 2753 1889 2822 ὀφθαλμὸς
1916 2755 2028 2808 οὐκ

453 2839 593 2904 εἶδε,
623 2842 721 2896 καί
753 2842 862 2907 οὖς
880 2843 988 2895 οὐκ
1008 2838 1256 2907 ἤκουσε,
1285 2835 1381 2890 καὶ
1403 2835 1504 2889 ἐπὶ
1527 2837 1776 2904 καρδίαν
1812 2836 2027 2906 ἀνθρώ-

454 2941 572 2982 που
597 2927 708 2981 οὐκ
737 2926 939 2993 ἀνέϐη.
983 2922 1106 2986 Πῶς
1129 2923 1229 2976 οῦκ
1262 2920 1459 2974 ἄτοπον
1497 2921 1625 2982 τοὺς
1669 2921 1726 2973 ὲν
1753 2921 2026 2985 τοσούτοις

1098 333 1154 386 S.
1189 330 1472 388 JOANNIS
1506 324 1992 402 CHRYSOSTOMI
2028 323 2349 382 ARCHIEP.
2386 317 2935 380 CONSTANTINOP.

3565 305 3666 365 518

2098 437 2486 499 κοινωνοῦντας
2532 432 2801 504 ἀλλήλοις,
2854 428 2951 483 καὶ
2999 426 3180 496 φύσει,
3214 424 3308 479 καὶ
3335 423 3542 496 χάριτι,
3576 422 3672 476 καὶ

2098 518 2572 588 ὲπαγγελίαις,καὶ
2592 512 2951 585 νομοθεσίαις,
2965 511 3184 573 τούτους
3195 509 3252 563 ὲν
3271 509 3383 571 τοῖς
3399 509 3674 577 χρήμασιν

2097 601 2271 664 οὕτως
2295 596 2442 653 εἷναι
2475 599 2822 658 πλεονέκτας,
2855 597 2949 649 καὶ
2973 594 3072 662 τὴν
3091 591 3257 662 αὐτὴν
3295 590 3369 661 μὴ
3400 589 3674 658 διατηρεῖν

2104 685 2398 752 ἰσονομίαν,
2441 681 2578 734 ἀλλὰ
2609 680 2715 733 τῶν
2775 678 2982 746 ἀλόγων
3015 673 3380 747 παρέρχεσθαι
3428 671 3527 741 τὴν
3578 669 3675 740 θη-

2107 765 2345 837 ριωδίαν,
2365 766 2458 818 καὶ
2482 763 2652 816 ταῦτα
2677 761 2967 832 μέλλοντας
3001 757 3180 812 αὐτῶν
3222 755 3414 828 μικρὸν
3452 754 3574 807 ῦστε
3585 769 3677 824 ρον

2101 848 2453 918 ἀφίστασθαι,
2481 847 2684 901 καὶούκ
2714 843 3038 914 ἀφίστασθαι
3066 843 3241 913 μόνον,
3269 839 3404 894 ἀλλά
3431 839 3526 893 καὶ
3551 837 3677 908 περὶ

2101 932 2210 986 τῶν
2249 932 2489 1002 ἐσχάτων
2517 969 2533 993 ,
2589 927 2792 981 τούτων
2824 927 3025 989 ἕνεκεν,
3077 923 3433 989 κινδυνεύειν;
3475 921 3535 975 '0
3571 921 3677 990 γὰρ

2106 1015 2332 1079 θάνατος
2366 1014 2466 1084 τῆς
2503 1012 2600 1082 μὲν
2631 1009 2977 1071 ἀπολαύσεως
3024 1009 3247 1076 ἀπάγει,
3303 1005 3440 1078 πρὸς
3485 1003 3542 1057 δὲ
3580 1003 3678 1064 τὰς

2106 1098 2334 1161 εὐθύνας
2361 1097 2482 1164 ἄγει
2511 1095 2714 1160 λοιπὸν,
2739 1094 2835 1148 καλ⁹
2860 1094 2959 1154 τὰς
2989 1091 3286 1153 ἀθανάτους
3308 1085 3678 1150 κολάσεις.”1ν’

2106 1174 2200 1230 οὖν
2233 1178 2306 1247 μὴ
2357 1174 2515 1228 τοῦτο
2556 1173 2796 1243 γένηται,
2821 1171 2985 1242 πολλῇ
3017 1169 3350 1242 χρησώμεθα
3369 1171 3436 1239 τῇ
3461 1168 3682 1236 ἐλεημο-

2109 1259 2266 1331 σύνῃ.
2307 1257 2455 1327 Δῦτη
2493 1257 2600 1328 γάρ
2637 1259 2784 1309 ἐστιν
2832 1257 2866 1326 ἡ
2913 1255 3196 1324 βασίλισσα
3224 1252 3335 1305 τῶν
3383 1249 3612 1321 ἀρετῶν.
3645 1248 3680 1314 ἢ

2111 1347 2203 1399 καὶ
2241 1342 2646 1413 παραστήσεται
2678 1341 2816 1412 μετὰ
2846 1339 3156 1411 παρρησίας
3188 1340 3365 1391 ἐκεῖσε
3385 1375 3400 1400 ,
3431 1335 3522 1388 καὶ
3544 1333 3684 1399 ἐξαι-

2115 1429 2337 1500 ρήσεται
2365 1427 2464 1495 τῆς
2507 1425 2777 1487 κολάσεως
2823 1424 2917 1476 καὶ
2942 1425 3040 1494 τῆς
3061 1421 3326 1492 τιμωρίας
3346 1461 3361 1484 ,
3394 1419 3488 1471 καὶ
3514 1417 3686 1500 οὐδεὶς

2113 1499 2494 1583 ἀντιστήσεται
2516 1509 2594 1580 τῷ
2614 1508 2748 1580 μετὰ
2762 1508 2964 1578 ταύτης
2989 1509 3068 1570 εἰς
3088 1506 3179 1559 τὸν
3205 1502 3429 1575 οὐρανὸν
3447 1499 3683 1553 εἰσιόντι.

2115 1597 2224 1650 Καὶ
2257 1581 2366 1665 γὰρ
2403 1592 2604 1662 κοῦφον
2628 1591 2801 1661 αὐτῆς
2835 1591 2896 1645 τὸ
2935 1590 3132 1660 πτερὸν
3159 1630 3173 1653 ,
3220 1587 3316 1641 καὶ
3374 1583 3542 1654 πολλὴ
3591 1581 3687 1650 τῆς

2117 1677 2427 1750 παρρησίας
2467 1676 2637 1746 αὐτῆς
2670 1678 2702 1745 ἡ
2732 1673 3000 1745 ὑπερϐολὴ
3026 1714 3041 1738 ,
3069 1673 3163 1726 καὶ
3200 1670 3336 1741 πρὸς
3382 1666 3691 1750 αύτὸνῗὰνα-

2117 1749 2291 1817 ϐαίνει
2328 1761 2420 1814 τὸν
2450 1759 2724 1831 βασιλικὸν
2757 1758 2965 1828 θρόνον,
3005 1757 3131 1819 τοὺς
3169 1757 3338 1824 αὐτῆς
3395 1749 3688 1831 τροφίμους

2122 1849 2237 1918 μετ’
2263 1845 2442 1907 ἀδείας
2467 1842 2779 1910 εἰσάγουσα.
2819 1845 2887 1895 Al
2910 1839 3081 1908 εὐχαὶ
3110 1839 3217 1909 γάρ
3249 1852 3386 1900 σου,
3416 1833 3568 1918 φησί,
3594 1830 3689 1884 καὶ

2117 1913 2178 1985 αἱ
2196 1928 2597 1997 ἐλεημοσύναι
2610 1926 2922 1994 ἀνέϐησαν
2935 1927 3022 1990 εις
3036 1922 3430 1992 μνημόσυνον
3443 1913 3694 1997 ἐνώπιον

2119 2013 2226 2068 τοῦ
2259 1995 2428 2068 Θεοῦ.
2466 2009 2531 2062 Τί
2551 2006 2642 2064 οῦν
2679 2010 2752 2081 μὴ
2776 2010 2869 2062 καὶ
2887 2009 3048 2077 ἡμεῖς
3075 2004 3209 2075 πρὸς
3229 2002 3290 2055 τὸ
3323 2001 3456 2070 ὕψος
3481 1995 3691 2052 ἀναϐῶ-

2124 2115 2223 2169 μεν
2257 2099 2452 2159 έκεῖνο,
2475 2094 2878 2162 ἀπαλλαγέντες
2897 2094 2994 2161 τῆς
3023 2089 3250 2159 ἀκαίρου
3276 2082 3690 2169 ταύτηςγπλεονο

2122 2165 2267 2247 εξίας
2299 2180 2393 2233 καὶ
2450 2179 2721 2251 ἀχρήστου
2757 2176 2966 2247 τρυφῆς
2989 2173 3083 2226 καὶ
3137 2165 3566 2241 φιλοτιμίαςςΤά
3593 2181 3695 2218 πε-

2125 2264 2280 2336 ριττά
2300 2263 2610 2332 ποιήσωμεν
2631 2258 2989 2332 χρήσιμα,τὸν
3008 2257 3171 2310 πολὺν
3194 2257 3394 2308 ἐκεῖνον
3410 2251 3697 2336 προέμενοι

2122 2332 2370 2409 πλοῦτον,
2401 2347 2493 2399 καὶ
2519 2347 2585 2416 τῇ
2632 2343 2784 2412 δεξιᾷ
2800 2342 2894 2395 τοῦ
2921 2339 3173 2395 δικαστοῦ
3225 2339 3410 2392 τοῦτον
3463 2332 3696 2404 ἐγχειρί-

2125 2447 2335 2494 σαντες.
2372 2430 2430 2492 ὃς
2460 2432 2554 2482 καὶ
2600 2427 2828 2497 φυλάξαι
2891 2425 3175 2492 δυνήσεται
3226 2424 3342 2492 μετ’
3383 2418 3692 2490 ἀκριϐείας,

2124 2517 2217 2568 καὶ
2252 2516 2308 2566 ἐν
2336 2516 2400 2582 τῇ
2443 2511 2624 2582 ἡμέρᾳ
2650 2511 2747 2580 τῆς
2765 2511 2995 2579 κρίσεως
3034 2505 3280 2560 ἐντεῦθεν
3317 2505 3518 2575 ἥμερος
3537 2502 3697 2572 γενή-

2128 2616 2276 2652 σεται
2297 2597 2389 2649 καὶ
2421 2596 2596 2657 ἵλεως·
2635 2594 2739 2646 κᾶν
2765 2592 2930 2664 μυρία
2963 2587 3110 2661 ὦμεν
3159 2586 3696 2659 πεπλημμεληκότες,

2131 2680 2427 2754 μεταδώσει
2481 2677 2807 2748 συγγνώμης
2862 2677 2992 2746 ἡμῖν
3023 2674 3115 2727 καὶ
3147 2673 3458 2741 ἀπολογίαςο
3509 2667 3576 2754 ἧς
3605 2669 3696 2738 γέ-

2127 2753 2270 2819 νοιτο
2299 2765 2504 2826 πάντας
2532 2763 2679 2832 ἡμᾶς
2722 2761 3017 2830 ἐπιτυχεῖν,
3057 2759 3238 2828 χάριτι
3265 2758 3358 2810 καὶ
3395 2753 3697 2824 φιλανθρω-

2133 2849 2234 2919 πίᾳ
2256 2845 2349 2899 τοῦ
2383 2847 2588 2919 Κυρίου
2619 2843 2778 2917 ἡμῶν
2812 2841 2987 2912 Ἰησοῦ
3017 2838 3274 2911 Χριστοῦ,
3389 2841 3423 2910 ἠ
3453 2837 3579 2904 δόξα
3605 2835 3699 2890 καὶ

2129 2932 2192 2986 τὸ
2219 2929 2438 3002 κράτος,
2458 2931 2539 2994 είς
2566 2930 2691 2992 τοὺς
2713 2923 2915 2990 αἰῶνας
2941 2923 3048 2978 τῶν
3070 2921 3298 2977 αἰώνων.
3333 2923 3524 2993 ’Δμήν.

489 5137 616 5192 bato
657 5140 866 5188 tantum
903 5129 1050 5184 illius
1082 5123 1438 5183 hebdomadas
1491 5120 1599 5180 dici
1649 5135 1808 5193 posse
1856 5117 2108 5179 videtur;
2145 5111 2242 5168 sed
2295 5109 2457 5165 etiam
2504 5106 2629 5177 quia
2669 5101 2896 5157 inferius
2931 5097 3104 5154 dicit:
3145 5095 3269 5150 Ideo
3300 5105 3490 5161 magna
3515 5083 3706 5141 hebdo-

487 5276 649 5332 mada
686 5284 930 5337 vocatur;
959 5288 1022 5325 ac
1060 5265 1496 5342 quemadmodum
1525 5259 1617 5315 illa
1645 5265 1802 5327 caput
1827 5262 1901 5309 est
1932 5261 2242 5307 cwterarum
2271 5245 2734 5305 hebdomadarum,
2779 5241 2855 5292 ita
2909 5235 3066 5305 hujus
3115 5240 3272 5302 caput
3324 5238 3399 5283 est
3427 5225 3716 5282 Sabbatum

493 5429 787 5488 magnum:
821 5428 886 5467 ac
915 5407 1140 5480 quodin
1181 5418 1392 5475 corpore
1418 5409 1596 5474 caput,
1630 5397 1728 5488 Inoo
1764 5396 1819 5450 in
1870 5386 2194 5446 hebdomada
2241 5381 2550 5439 Sabbatum.
2598 5375 2702 5432 Ubi
2740 5373 3036 5430 Sabbatum
3073 5365 3453 5425 commendare
3481 5361 3718 5427 videtur,

1983 5658 2236 5675 ﬂ
