4084 6346
300 295 395 351 617

301 416 615 486 vituperium
643 423 695 471 et
720 415 885 471 risum
910 414 933 468 τ
960 414 1039 470 Ex
1068 413 1152 467 his
1180 412 1314 466 livor
1361 410 1745 478 innumeraque
1781 408 1887 462 ori-

304 520 456 563 untur
482 507 616 561 mala
644 524 657 571 ;
686 515 990 578 quantoque
1021 506 1320 560 stabiliores
1349 511 1470 556 sunt
1494 501 1888 573 possessiones,

309 609 456 657 tanto
487 599 653 667 magis
679 608 930 653 constans
963 612 1026 651 ac
1054 594 1305 666 perennis
1334 602 1417 648 est
1447 593 1713 647 accusatio
1751 608 1764 643 :
1805 600 1890 644 at-

304 706 403 761 que
452 692 693 761 ingentes
741 691 854 745 ista;
897 705 959 744 ac
988 688 1282 758 magnifica:
1308 686 1499 739 domus
1540 693 1681 739 stant
1725 685 1895 738 instar

301 785 728 853 gravissimorum
756 781 1106 852 quorumdam
1151 788 1522 832 acettsamrum
1553 791 1741 831 vocem
1768 776 1893 829 mit-

305 886 475 927 tentes
519 876 677 929 etiam
734 882 859 943 post
906 872 1105 925 obitum
1152 882 1523 940 possessorum
1556 885 1569 921 :
1599 875 1655 922 et
1700 881 1895 937 corpus

304 966 511 1032 quidem
533 976 688 1019 terrm
707 964 1004 1028 mandatur,
1026 973 1078 1015 at
1094 968 1411 1031 conspectus
1428 958 1773 1013 aedificiorum
1790 974 1908 1011 am-

305 1058 518 1112 bitionis
546 1057 857 1111 memoriam
878 1071 977 1109 una
1005 1071 1124 1109 cum
1153 1068 1378 1124 corpore
1399 1051 1612 1122 sepeliri
1636 1065 1741 1105 non
1765 1055 1899 1119 pall-

307 1160 388 1205 tur
409 1172 421 1203 :
442 1149 532 1202 sed
556 1149 984 1215 prretereuntium
1016 1145 1379 1214 unusquisque
1407 1144 1533 1197 dum
1562 1140 1895 1196 altitudinem

307 1238 815 1309 amplitudinemque
834 1236 1123 1305 splendidae
1138 1250 1199 1288 ac
1217 1248 1421 1303 magna!
1437 1233 1625 1285 domus
1642 1231 1895 1289 intuetur.

308 1330 387 1383 vel
420 1344 598 1385 secum
633 1329 745 1398 ipse
774 1328 856 1382 vel
885 1327 1182 1396 proximum
1210 1325 1485 1393 alloquens
1514 1322 1641 1377 dicit
1670 1340 1683 1376 :
1730 1321 1897 1387 Quam

308 1422 488 1476 multis
530 1437 593 1474 cx
620 1419 868 1490 lacrymis
896 1418 1087 1471 domus
1131 1418 1229 1470 ista
1266 1425 1572 1471 constructa
1622 1414 1742 1467 est?
1770 1421 1902 1480 quot

310 1512 551 1582 spoliatis
588 1511 838 1580 pupillis?
867 1519 997 1579 quot
1034 1508 1206 1562 viduis
1248 1507 1439 1575 injuria
1491 1504 1735 1560 affectis?
1774 1513 1905 1573 quot

313 1604 568 1674 operariis
589 1600 834 1656 mercede
857 1600 1108 1670 privatis?
1134 1599 1311 1670 Itaque
1340 1599 1431 1653 tibi
1452 1598 1774 1652 contrarium
1794 1597 1905 1665 pla-

314 1711 380 1750 ne
413 1693 702 1763 contingit;
725 1708 844 1747 cum
879 1692 1099 1762 gloriam
1125 1690 1378 1760 consequi
1404 1688 1627 1744 vivendo
1656 1703 1902 1760 cuperes,

314 1802 381 1841 ne
412 1795 531 1856 post
553 1786 724 1853 ipsum
746 1783 962 1853 quidem
993 1782 1118 1836 vita}
1148 1781 1307 1836 tinem
1332 1779 1739 1835 accusatoribus
1767 1778 1903 1834 liber

313 1893 370 1932 es
394 1895 406 1931 :
429 1876 522 1930 scd
544 1886 810 1944 tamquam
835 1874 887 1928 in
910 1889 1046 1928 aerea
1065 1872 1308 1926 columna
1332 1880 1477 1925 tuum
1503 1885 1694 1940 nomen
1716 1868 1909 1923 domus

315 1966 697 2022 circumferens
724 1965 908 2031 efficit,
936 1974 995 2019 ut
1019 1964 1162 2019 mille
1182 1963 1435 2018 conviciis
1458 1961 1816 2031 proscindaris
1840 1959 1909 2014 ab

317 2050 401 2125 iis,
434 2059 521 2125 qui
555 2066 606 2111 te
631 2057 895 2111 viventem
925 2071 992 2109 ne
1011 2054 1224 2125 quidem
1257 2069 1505 2123 umquam
1536 2052 1805 2107 vtderunt.

388 2151 441 2203 ι.
488 2147 740 2211 Plurima,
773 2157 879 2199 tum
911 2156 1126 2210 terrena,
1159 2156 1261 2198 tum
1291 2143 1597 2214 spiritualia,
1626 2142 1912 2195 communia

317 2239 568 2303 habentes,
591 2255 688 2291 non
708 2239 845 2291 decet
871 2237 1094 2291 homines
1124 2237 1216 2290 sibi
1245 2237 1452 2289 invicem
1480 2236 1915 2306 esscinfensos.—

318 2330 541 2398 Quando
593 2330 749 2399 igitur
794 2345 861 2383 ne
911 2329 1011 2383 hoc
1061 2328 1271 2397 quidem
1317 2328 1521 2381 lucrum
1563 2343 1625 2381 ex
1668 2327 1766 2380 ista
1818 2339 1913 2378 su-

321 2422 522 2493 perflua
570 2422 889 2476 liberalitate
932 2419 1197 2489 colligitur
1228 2461 1242 2482 ,
1289 2420 1586 2488 fugiamus,
1629 2416 1917 2471 dilectissi-

323 2516 416 2579 mi,
442 2514 705 2584 fugiamus
751 2514 891 2567 hunc
920 2512 1189 2579 morbum,
1216 2525 1391 2580 neque
1436 2508 1569 2564 feris
1613 2509 1741 2578 ipsis
1776 2507 1916 2562 fero-

323 2609 496 2662 ciores
517 2606 829 2661 evadamus.
860 2606 968 2660 Illis
997 2605 1299 2661 communia
1328 2612 1452 2658 sunt
1480 2604 1655 2659 omnia
1682 2644 1699 2668 ,
1731 2612 1870 2656 terra
1893 2640 1911 2667 ,

326 2699 519 2764 fontes,
548 2712 763 2768 pascua,
788 2708 996 2754 montes
1022 2708 1076 2752 et
1100 2699 1285 2761 saltus,
1309 2711 1409 2751 nec
1431 2697 1596 2751 altera
1623 2695 1912 2766 quidquam

327 2793 554 2861 amplius
594 2791 753 2847 habet
790 2808 948 2862 quam
990 2792 1155 2846 altera
1188 2809 1200 2843 :
1232 2799 1289 2844 tu
1312 2806 1439 2845 vero
1477 2805 1596 2844 cum
1628 2788 1790 2844 homo
1813 2790 1913 2855 sis,

330 2884 667 2938 mitissimum
699 2884 915 2945 animal,
944 2884 1117 2937 bellua
1160 2883 1354 2938 saevior
1374 2882 1577 2951 evadis,
1606 2882 1730 2936 dum
1774 2882 1919 2938 mille

329 2991 619 3046 pauperum
647 2976 797 3029 cibos
820 3018 835 3041 ,
870 2985 1031 3045 atque
1079 2974 1213 3028 adeo
1244 2975 1529 3028 multorum
1562 2974 1784 3028 millium
1816 2988 1919 3028 una

331 3068 491 3122 domo
528 3077 614 3121 tua
652 3067 944 3122 concludis.
978 3068 1310 3136 Quamquam
1343 3082 1447 3121 non
1489 3068 1603 3121 sola
1646 3068 1802 3122 nobis
1839 3078 1922 3123 est

334 3168 521 3213 natura
554 3159 871 3219 communis.
900 3159 992 3212 sed
1019 3158 1119 3211 alia
1152 3158 1318 3211 multo
1344 3158 1492 3227 plura
1512 3173 1672 3227 quam
1699 3167 1917 3212 natura:

333 3266 616 3303 commune
642 3249 851 3313 c:l'Illtn,
875 3249 972 3312 sol,
999 3249 1141 3315 luna,
1169 3257 1337 3303 curtus
1357 3257 1642 3313 astrorum,
1664 3264 1778 3315 aer,
1806 3265 1922 3304 ma-

336 3360 414 3408 re,
446 3344 599 3413 ignis,
630 3360 784 3413 aqna,
816 3352 978 3405 terra,
1007 3344 1131 3403 vita,
1168 3356 1331 3407 mors,
1361 3341 1738 3408 adole~centia,
1770 3356 1926 3397 sene-

337 3445 473 3499 ctus,
496 3434 733 3496 morbus,
758 3436 976 3497 Sanitas,
996 3434 1234 3489 ciborum
1268 3449 1329 3489 ac
1355 3435 1578 3489 vestium
1608 3435 1922 3490 necessitas.

341 3529 647 3598 Spiritualia
681 3544 864 3582 rursus
890 3528 1189 3582 communia
1213 3540 1334 3582 sunt
1359 3526 1492 3595 haec,
1520 3542 1670 3583 sacra
1713 3543 1920 3596 mensa,

1611 285 1674 341 IN
1710 284 2033 342 PSALMUM
2075 285 2303 342 XLVIII.

3474 287 3576 345 5I8

1993 420 2186 476 corpus
2215 404 2561 473 dominicum,
2593 405 2856 473 pretiosus
2882 404 3095 474 sanguis
3120 445 3133 469 ,
3167 404 3315 474 regni
3348 406 3579 474 promis—
3607 456 3612 461 .

1993 502 2094 565 sio,
2129 502 2394 555 lavacrum
2440 498 2877 569 regenerationis,
2920 498 3162 568 purgatio
3202 508 3577 567 peccatorum,

1989 594 2215 666 justitia,
2248 590 2629 655 sanctificatio,
2660 589 2983 659 redemptio,
3012 605 3202 644 arcana
3245 590 3378 645 bona
3404 632 3418 655 ,
3456 590 3581 656 Qua!

1996 685 2173 742 oculus
2199 702 2296 738 non
2324 684 2444 736 vidit
2468 725 2481 747 ,
2513 700 2602 737 nec
2630 683 2769 735 auris
2798 683 2987 736 audivit
3012 725 3025 747 ,
3055 700 3142 735 nec
3167 683 3219 737 in
3249 699 3334 736 cor
3362 682 3580 737 hominis

1997 776 2329 831 ascenderunt
2372 774 2465 845 (I.
2492 773 2607 827 Cor.
2641 773 2695 827 2.
2724 772 2813 842 9).
2848 776 3037 827 Annon
3090 774 3248 842 igitur
3290 774 3578 829 absurdum

1998 881 2100 933 est,
2123 869 2212 938 qui
2247 876 2321 921 tot
2345 867 2610 935 tantisque
2641 875 2825 919 mutuo
2862 866 3340 932 eomtnunieamus,
3370 876 3579 932 natura,

1998 960 2189 1031 gratia,
2222 957 2661 1029 promissionibus
2689 972 2753 1012 ac
2797 956 3000 1026 legibus
3024 998 3038 1017 .
3083 957 3132 1010 in
3176 957 3411 1025 pecuniis
3449 956 3585 1012 adeo

1999 1050 2264 1105 violentos
2294 1063 2413 1103 esse
2441 1063 2505 1102 ac
2529 1063 2769 1116 rapaces,
2799 1062 2895 1102 nec
2920 1048 3161 1101 eamdem
3186 1048 3321 1116 juris
3346 1048 3585 1118 aequabi-

2002 1143 2202 1198 litatem
2224 1156 2459 1205 servare,
2484 1140 2577 1194 sed
2601 1141 2875 1195 brutorum
2902 1140 3280 1194 immanitatem
3305 1140 3584 1207 excedere,

2004 1234 2162 1304 idque
2192 1248 2311 1286 cum
2351 1247 2454 1286 non
2503 1233 2568 1285 ita
2603 1234 2767 1285 multo
2800 1240 2915 1299 post
2947 1232 3042 1285 ista
3080 1230 3339 1285 deserturi
3377 1232 3543 1285 simus
3570 1273 3585 1296 ,

2006 1338 2179 1391 neque
2215 1322 2475 1377 deserturi
2517 1331 2750 1387 tantum,
2777 1321 2869 1375 sed
2910 1332 2963 1375 et
3008 1321 3194 1375 horum
3241 1336 3400 1375 causa
3444 1335 3590 1375 sum-

2006 1430 2149 1467 mum
2180 1415 2366 1468 salutis
2392 1413 2676 1469 discrimen
2705 1414 2920 1468 adituri.
2950 1413 3078 1467 Nam
3114 1428 3259 1468 mors
3283 1413 3495 1483 quidem
3523 1413 3590 1467 ab

2007 1521 2190 1561 eorum
2225 1522 2319 1561 usu
2352 1521 2449 1561 nos
2474 1506 2724 1568 abducit,
2766 1506 2829 1560 ad
2860 1521 3043 1576 ptenas
3070 1521 3196 1561 vero
3222 1507 3475 1575 deinceps
3496 1548 3511 1570 ,
3540 1514 3595 1560 et

2007 1598 2071 1650 ad
2112 1598 2369 1666 supplicia
2412 1606 2608 1652 aeterna
2639 1597 2870 1652 deducit.
2901 1598 2976 1652 Ne
3002 1598 3159 1667 igitur
3185 1599 3337 1651 nobis
3375 1596 3475 1650 huc
3505 1612 3594 1651 ac-

2008 1689 2170 1755 cidat,
2205 1689 2423 1743 multam
2454 1688 2800 1744 exhibeamus
2833 1689 3270 1745 misericordiam.
3306 1689 3429 1744 Haec
3452 1688 3594 1743 enim

2010 1790 2093 1836 est
2138 1782 2319 1852 regina
2347 1782 2617 1842 virtutum,
2646 1796 2766 1850 qua:
2804 1781 2958 1835 nobis
2998 1781 3049 1835 in
3097 1780 3268 1835 futura
3300 1780 3405 1834 vita
3431 1781 3596 1834 multa

2007 1886 2129 1928 cum
2181 1873 2369 1927 fiducia
2419 1881 2734 1936 succurret,
2765 1882 2921 1943 atque
2964 1888 2995 1928 a
3035 1887 3191 1942 paena
3233 1873 3598 1941 supplicioque

2011 1965 2321 2030 vindicabit,
2356 1981 2454 2020 nec
2482 1965 2622 2020 ullus
2649 1965 2695 2020 ei
2726 1980 2784 2019 se
2810 1974 3063 2035 opponet,
3087 1966 3174 2035 qui
3206 1981 3324 2019 cum
3356 1965 3468 2033 ipsa
3496 1981 3600 2019 cre-

2014 2057 2120 2111 lum
2154 2058 2446 2111 intraverit.
2472 2056 2640 2111 Leves
2666 2059 2861 2127 quippe
2892 2064 3015 2110 sunt
3038 2056 3153 2125 ejus
3180 2057 3296 2122 alre,
3332 2058 3601 2127 multaque

1962 2214 1963 2217 η
2015 2151 2158 2205 valet
2182 2151 2320 2221 apud
2346 2150 2513 2205 Deum
2556 2151 2724 2220 gratia
2750 2192 2766 2215 ,
2800 2158 2956 2220 atque
2982 2150 3047 2204 ad
3081 2151 3248 2219 ipsum
3283 2151 3484 2220 regium
3516 2166 3603 2204 so-

2018 2241 2144 2296 littm
2189 2242 2459 2304 ascendit,
2488 2242 2553 2295 ad
2594 2258 2751 2311 quem
2784 2242 3045 2311 intrepide
3083 2256 3208 2295 suos
3241 2242 3484 2295 alumnos
3515 2241 3600 2295 in-

2018 2336 2249 2389 troducit
2277 2353 2289 2388 :
2324 2334 2587 2389 Orationes
2620 2336 2758 2389 enim
2780 2378 2793 2397 ,
2825 2336 3032 2405 inquit,
3067 2345 3165 2388 tua?
3193 2344 3237 2387 et
3275 2336 3604 2404 eleemosynw

2018 2427 2346 2480 ascenderunt
2370 2427 2420 2479 in
2442 2427 2730 2480 memoriam
2756 2427 2806 2479 in
2838 2438 3102 2496 conspectu
3132 2426 3225 2480 Dei
3250 2428 3382 2498 (Act.
3415 2428 3500 2481 10.
3524 2427 3604 2494 4).

2019 2521 2127 2575 Cur
2154 2535 2281 2590 ergo
2312 2536 2410 2574 nos
2430 2536 2640 2590 quoque
2667 2537 2772 2575 non
2804 2520 2868 2576 ad
2899 2522 3038 2575 illam
3061 2521 3392 2576 altitudinem
3419 2536 3607 2574 ascen-

2020 2617 2228 2675 tiamus.
2257 2613 2324 2668 ab
2354 2613 2722 2682 intempestiva
2755 2614 2841 2667 illa
2872 2614 3089 2667 avaritia
3109 2655 3124 2679 ,
3156 2614 3327 2668 inutili
3358 2614 3566 2668 luxuria
3590 2655 3604 2677 ,

2023 2714 2076 2758 et
2128 2705 2417 2760 ambitione
2467 2705 2720 2759 liberati?
2764 2706 3038 2774 Superllua
3084 2707 3367 2761 reddamus
3416 2706 3606 2759 utilia:

2023 2796 2217 2850 multas
2258 2796 2376 2849 illas
2404 2810 2533 2865 epes
2575 2795 2956 2866 profundamus
2980 2838 2993 2857 ,
3024 2811 3220 2865 easque
3250 2796 3451 2850 Iudicis
3476 2796 3608 2849 dex-

2022 2898 2152 2942 tera:
2177 2888 2598 2948 conni'tittamus.
2629 2889 2717 2956 qui
2749 2897 2802 2942 et
2833 2889 2920 2941 illa
2952 2888 3219 2941 custodire
3250 2898 3363 2941 tuto
3390 2889 3600 2955 poterit,

2023 2986 2078 3032 et
2102 2978 2222 3032 inde
2250 2978 2468 3032 nobisin
2491 2978 2773 3047 diejudicii
2802 2978 3079 3048 benignus,
3099 2979 3461 3048 propitiusque
3483 2978 3604 3032 fiet:

2027 3071 2149 3125 licet
2176 3070 2467 3125 innumeris
2505 3086 2602 3125 nos
2628 3070 2918 3126 sceleribus
2941 3070 3401 3137 adstrinxerimus,
3436 3073 3611 3127 indul-

2025 3165 2257 3234 gentiam
2284 3164 2436 3217 nobis
2460 3180 2522 3218 ac
2546 3165 2755 3219 veniam
2782 3163 3034 3234 largietur
3065 3181 3079 3216 :
3110 3180 3268 3235 quam
3295 3178 3481 3219 omnes
3510 3165 3611 3219 uti~

2030 3273 2148 3310 nam
2175 3272 2567 3325 consequamur
2589 3297 2604 3319 ,
2636 3255 2804 3325 gratia
2832 3264 2882 3309 et
2928 3256 3251 3327 benignitate
3282 3255 3488 3309 Domini
3520 3270 3613 3307 no-

2029 3348 2122 3403 stri
2152 3347 2276 3402 Jesu
2302 3346 2495 3402 Christi
2522 3389 2536 3412 ,
2566 3348 2653 3403 cui
2693 3347 2857 3417 gloria
2887 3357 2941 3401 et
2980 3346 3260 3417 imperium
3285 3386 3300 3412 ,
3329 3346 3382 3401 in
3422 3345 3615 3401 saecula

2031 3440 2368 3495 swculurum.
2399 3440 2591 3494 Amen.

1718 3902 2088 3916 Μ

1718 3902 2088 3916 W

387 3875 3578 3956 ww

808 4278 919 4339 AD
951 4275 1366 4339 HOMILIAM
1413 4275 1492 4336 IN
1532 4273 1807 4341 ILLUD,
1855 4269 2153 4341 LAUDA,
2203 4266 2458 4328 ANIMA
2502 4265 2711 4336 ΜΕΑ,
2769 4262 3172 4326 DOMINUM.

381 4616 504 4687 quia
537 4615 628 4669 illo
655 4614 771 4684 ipso
819 4613 906 4667 die
967 4612 1083 4667 haec
1132 4608 1573 4667 concionabatur.
1608 4604 1678 4661 Ut
1723 4613 1781 4660 ut
1821 4620 1908 4660 res
1958 4612 2078 4671 est,
2126 4605 2242 4659 haec
2274 4601 2463 4657 concio
2503 4602 2646 4658 inter
2682 4601 3047 4657 nobilissimas
3078 4602 3441 4675 Chrysostomi
3469 4616 3595 4658 cen-

383 4755 549 4811 senda
583 4763 685 4808 est.

454 4894 573 4961 Quo
604 4902 844 4963 tempore
875 4890 1020 4945 illam
1047 4887 1317 4951 habuerit,
1347 4887 1494 4941 nulla
1531 4894 1648 4941 arte
1708 4882 2042 4955 deprehendi
2082 4897 2241 4953 posse
2296 4882 2528 4936 videtur.
2560 4881 2671 4937 Nec
2713 4890 2865 4937 certo
2912 4882 3053 4938 scire
3089 4898 3378 4953 possumus
3417 4884 3610 4939 Antio-

384 5028 593 5085 chiaene
622 5038 689 5076 an
719 5017 1184 5087 Constantinopoli
1210 5017 1564 5072 concionatus
1588 5016 1676 5070 sit.
1705 5015 1884 5071 Unum
1915 5013 2143 5069 fortasse
2175 5024 2257 5071 est
2288 5016 2432 5085 quod
2464 5015 2764 5075 Antiochia
2805 5016 3298 5079 Itabi‘t‘am'suadere
3338 5038 3499 5095 posse
3527 5024 3612 5083 vl-

386 5164 609 5230 deatur;
640 5160 785 5233 quod
808 5160 1057 5215 videlicet
1079 5174 1232 5214 num.
1255 5158 1288 5210 6
1318 5156 1615 5211 monachos
1661 5154 1714 5208 in
1747 5153 2022 5208 montibus
2072 5155 2329 5223 degentes
2352 5153 2405 5207 in
2439 5157 2744 5228 exemplum
2784 5156 3010 5225 afferat;
3068 5161 3211 5229 quod
3240 5160 3308 5214 de
3334 5158 3613 5217 monachis

386 5300 687 5357 Antiochia:
716 5298 909 5356 vicinis
945 5296 1257 5367 frequenter
1279 5294 1427 5349 dicit.
1457 5293 1527 5347 At
1564 5292 1678 5347 haec
1716 5291 2043 5362 conjecturae
2079 5290 2199 5345 loco
2236 5289 2377 5348 dicta
2428 5293 2536 5349 sint
2567 5313 2580 5348 :
2624 5312 2711 5351 res
2744 5297 2889 5352 enim
2913 5312 3021 5351 non
3053 5305 3137 5352 est
3172 5298 3469 5368 explorata.

458 5436 961 5507 lnterpretationem
988 5431 1185 5488 Nannii
1226 5440 1409 5503 utpote
1439 5432 1619 5487 minus
1648 5440 1952 5486 accuratam
1986 5432 2299 5501 rejecintus,
2328 5449 2630 5505 novamque
2655 5435 2984 5505 paravimus.

1883 5674 2124 5687 ——-——_
