4084 6346
473 356 578 412 549

1212 344 1270 403 S.
1308 343 1586 402 JOANNIS
1622 339 2093 399 CHRYSOSTOMI
2129 339 2444 397 ARCHIEP.
2485 339 3016 400 CONSTANTINOP.

3645 344 3752 402 52D

493 473 3748 499 MM

1858 562 2343 635 HOMILIA

485 745 717 790 “ABITA
763 745 827 787 IN
897 742 1167 787 HAGNAM
1220 737 1690 788 BEBDOMADAM,
1754 736 1819 779 1N
1872 735 1998 788 QUA
2041 734 2333 778 DOCETUR
2377 737 2501 778 (ΞοΒ
2568 737 2647 779 ΕΔ
2702 738 2918 781 MAGNA
2977 741 3370 787 HEBDOMADA
3440 746 3756 792 APPELLI—

512 846 636 888 TUB

512 945 688 991 CERIS
734 945 796 988 IN
842 944 1039 988 ACTIS.

541 1217 595 1270 l.
636 1211 972 1269 Coufccimus
1017 1209 1202 1279 jejunii
1249 1206 1678 1277 navigationem,
1724 1212 1778 1258 et
1820 1217 1916 1272 per
1963 1201 2059 1257 Dei

468 1309 692 1376 gratiam
721 1303 786 1357 ad
820 1312 1030 1372 portum
1059 1300 1168 1370 jam
1198 1299 1571 1369 pervenimus:
1599 1295 1690 1352 sed
1722 1311 1788 1349 ne
1814 1293 1934 1350 ideo
1959 1309 2060 1348 ne-

470 1397 734 1466 gligenter
756 1408 996 1464 agamus,
1020 1391 1162 1462 quod
1187 1389 1254 1445 ad
1279 1397 1490 1460 portum
1518 1387 1878 1458 appulerimus
1905 1401 1918 1438 :
1950 1385 2060 1440 imo

470 1487 590 1542 ideo
632 1486 887 1555 majorem
927 1498 1108 1538 curam
1137 1482 1518 1547 adhibeamus,
1542 1480 1665 1550 quia
1696 1479 1855 1534 linem
1885 1477 2060 1548 attigi-

473 1590 610 1632 mus.
653 1573 742 1632 Sic
767 1574 908 1630 enim
939 1581 993 1628 et
1019 1572 1402 1643 gubernatores
1434 1569 1631 1625 iaciunt
1663 1587 1676 1623 :
1704 1566 1918 1639 quando
1957 1583 2056 1621 na-

470 1683 591 1722 vem
641 1663 939 1720 onerariam
992 1662 1256 1718 frumento
1305 1669 1464 1731 atque
1516 1661 1733 1715 immani
1795 1659 2051 1714 mercium

471 1758 612 1812 mole
637 1765 880 1812 onustam
906 1754 972 1810 ad
1007 1763 1186 1824 portus
1216 1754 1412 1809 ostium
1440 1751 1705 1807 inducturi
1731 1761 1874 1815 sunt,
1898 1751 2056 1806 anxie

469 1860 522 1902 ct
548 1847 774 1902 sollicite
795 1853 1003 1910 curant,
1033 1841 1405 1915 ue'posttanta
1437 1844 1748 1899 transmissa
1775 1843 1967 1908 maria,
2001 1843 2054 1896 in

469 1939 743 2008 scopulum
771 1937 1065 2006 impingens
1093 1935 1357 2000 oneraria,
1381 1949 1501 1988 cum
1529 1933 1653 1988 totis
1673 1933 1937 1988 mercibus
1959 1931 2058 1988 de-

469 2039 755 2100 mergatur.
791 2029 865 2083 lta
891 2036 947 2082 et
993 2042 1091 2082 nos
1132 2036 1373 2081 metuere
1413 2033 1470 2081 et
1511 2025 1766 2080 sollicitos
1807 2038 1926 2079 esse
1966 2038 2061 2092 par

469 2130 572 2186 est,
603 2137 674 2176 ne
697 2120 798 2175 sub
823 2120 979 2174 linem
1008 2117 1255 2173 mercede
1285 2116 1522 2171 laborum
1553 2115 1879 2170 excidamus.
1907 2113 2060 2168 Ideo-

470 2229 574 2284 que
597 2213 769 2284 major
787 2211 1085 2267 adhibenda
1113 2209 1384 2280 diligentia
1411 2216 1514 2263 est.
1539 2207 1611 2262 Ita
1633 2222 1843 2278 quoque
1872 2221 1930 2261 se
1957 2221 2054 2276 ge-

472 2314 594 2361 runt
621 2318 906 2360 cursores:
933 2319 1052 2359 cum
1084 2303 1224 2357 enim
1254 2301 1433 2356 vident
1469 2316 1527 2356 se
1567 2315 1729 2370 prope
1755 2299 1935 2354 bravia
1965 2313 2058 2356 ac-

471 2397 719 2462 cessisse,
739 2405 862 2450 tuuc
879 2395 1045 2464 magis
1061 2409 1273 2449 cursum
1293 2393 1591 2448 accelerant
1610 2409 1625 2458 ;
1647 2393 1724 2447 sic
1743 2403 1797 2447 et
1814 2393 2050 2459 athletae,

472 2499 593 2558 post
622 2489 764 2542 mille
787 2487 1078 2542 certamina
1111 2496 1166 2541 et
1204 2486 1349 2540 mille
1377 2486 1645 2552 victorias,
1671 2486 1884 2556 quando
1906 2502 2058 2542 coro-

471 2595 656 2634 narum
687 2589 893 2648 tempus
920 2579 1119 2644 instat,
1150 2586 1277 2632 tunc
1301 2577 1476 2632 acrius
1504 2578 1820 2648 insurgunt,
1843 2594 1905 2634 ac
1934 2595 2058 2634 ner-

470 2683 567 2725 VOS
611 2669 960 2726 intendunt‘.
993 2669 1194 2724 Eodem
1243 2669 1402 2724 modo
1430 2679 1483 2724 et
1511 2684 1610 2724 nos
1633 2672 1742 2740 jam
1783 2671 2056 2727 faciamus.

471 2761 623 2831 Quod
661 2763 802 2817 enim
831 2761 1272 2832 gubernatoribus
1303 2769 1386 2816 est
1407 2771 1588 2831 portus
1611 2803 1625 2825 ,
1655 2761 1795 2832 quod
1825 2765 2060 2819 cursori-

473 2853 571 2910 bus
594 2853 793 2919 bravia,
827 2853 968 2925 quod
992 2852 1205 2908 athletis
1241 2868 1489 2920 coronae,
1523 2853 1750 2924 idipsum
1785 2856 1941 2911 nobis
1977 2865 2060 2911 est

471 2961 707 3016 praesens
749 2945 1079 3002 hebdomada
1109 2947 1163 3010 ³,
1205 2954 1364 3015 caput
1403 2944 1666 3000 bonorum
1691 2987 1707 3013 ,
1739 2957 1794 3002 ct
1836 2947 1944 3016 jam
1989 2947 2059 3005 de

471 3040 688 3096 coronis
730 3047 983 3095 certatur.
1013 3037 1244 3108 Ideoque
1289 3053 1534 3108 magnam
1575 3039 1715 3094 illam
1759 3055 2052 3096 vocamus:

474 3147 580 3187 non
609 3131 751 3204 quod
776 3130 914 3186 illius
939 3130 1053 3186 dies
1081 3129 1310 3200 majores
1339 3130 1446 3183 sint
1471 3129 1592 3184 aliis
1619 3131 1864 3186 omnibus
1888 3149 1903 3198 ;
1933 3139 2060 3187 sunt

473 3225 615 3280 enim
642 3224 732 3279 alii
755 3222 1057 3294 longiores;
1087 3236 1260 3292 neque
1285 3221 1427 3291 quod
1468 3221 1575 3276 sint
1603 3237 1828 3278 numero
1859 3224 2056 3293 plures,

475 3330 632 3387 pares
656 3316 851 3387 quippe
877 3326 999 3370 sunt
1026 3330 1040 3366 :
1069 3314 1164 3369 sed
1190 3313 1329 3382 quod
1359 3314 1411 3368 in
1432 3328 1495 3368 ea
1517 3329 1544 3367 a
1569 3315 1794 3369 Domino
1818 3331 1904 3370 res
1927 3331 2059 3385 pras-

476 3411 620 3465 clare
646 3417 810 3480 gestae
839 3409 972 3466 sint.
995 3406 1050 3462 In
1083 3406 1183 3462 hac
1207 3408 1404 3477 quippe
1443 3405 1770 3464 hebdomada
1797 3424 1915 3478 quae
1943 3425 2060 3466 ma-

477 3516 579 3572 gna
625 3500 850 3565 dicitur,
891 3500 1141 3555 diuturna
1194 3498 1392 3554 diaboli
1446 3501 1684 3571 tyrannis
1724 3501 1896 3556 soluta
1937 3509 2057 3569 est,

480 3605 626 3647 mors
663 3591 922 3647 exstincta
963 3599 1044 3646 est
1066 3632 1082 3657 ,
1122 3588 1274 3645 fortis
1304 3590 1394 3646 ille
1434 3591 1644 3647 vinctus
1675 3595 1807 3659 'est,
1839 3593 2062 3663 ejusque

481 3700 603 3741 vasa
619 3685 822 3755 direpta
848 3693 990 3750 sunt,
1011 3692 1284 3753 peccatum
1305 3683 1590 3752 sublatum,
1615 3685 1950 3740 maledictum
1971 3703 2063 3743 so-

481 3779 672 3842 lutum,
696 3774 972 3845 paradisus
999 3783 1214 3843 apertus
1243 3783 1344 3839 est,
1367 3774 1554 3829 emtum
1581 3777 1819 3845 pervium
1843 3776 2059 3847 factum,

483 3869 725 3924 homines
753 3868 956 3938 angelis
975 3868 1249 3923 commixti
1275 3874 1422 3929 sunt.
1452 3868 1658 3923 medius
1682 3870 1857 3938 paries
1882 3885 2060 3926 mace-

482 3963 575 4016 riae
598 3961 835 4016 sublatus
859 3970 958 4028 est,
986 3962 1161 4016 velum
1190 3960 1528 4026 subductum,
1552 3961 1692 4017 Deus
1715 3964 1858 4031 pacis
1887 3963 1940 4016 in
1963 3979 2068 4018 ca?-

481 4049 593 4106 lum
637 4059 690 4106 et
720 4051 772 4104 in
802 4059 998 4106 terram
1027 4065 1214 4121 pacem
1251 4050 1444 4105 attulit.
1476 4050 1600 4107 Ideo
1629 4067 1814 4122 magna
1857 4051 2062 4109 hebdo-

487 4143 639 4197 mada
691 4150 909 4197 vocatur
957 4161 970 4194 :
1018 4156 1084 4197 ac
1132 4141 1578 4212 quemadmodum
1627 4143 1713 4197 illa
1778 4152 1939 4213 caput
1982 4154 2066 4199 est

485 4241 794 4288 caeterarum
823 4231 1270 4287 hebdomadarum
1289 4273 1305 4296 ,
1345 4233 1418 4288 ita
1447 4231 1604 4302 hujus
1639 4244 1796 4304 caput
1833 4243 1915 4290 est
1944 4236 2067 4291 sab-

485 4325 665 4378 hatum
697 4337 942 4393 magnum
974 4338 1078 4377 :ac
1106 4323 1245 4394 quod
1287 4324 1340 4378 in
1379 4338 1602 4394 corpore
1641 4333 1834 4396 caput,
1868 4326 1970 4383 hoc
2011 4329 2064 4384 in

488 4413 816 4470 hebdomada
846 4413 1144 4469 sabbatum.
1169 4415 1526 4482 Quamobrem
1555 4417 1609 4470 in
1639 4415 1726 4471 illa
1762 4417 1913 4472 multi
1956 4428 2067 4474 stu-

489 4508 575 4561 dia
606 4505 917 4571 intendunt;
947 4506 1035 4560 alii
1071 4504 1328 4576 jejunium
1375 4515 1608 4576 augent,
1635 4506 1724 4561 alii
1751 4507 1956 4577 vigilias
1983 4523 2067 4563 sa-

488 4614 628 4664 cras,
659 4599 746 4654 alii
785 4597 1063 4669 largiorem
1104 4599 1499 4671 eleemosynam
1527 4607 1768 4670 erogant,
1807 4601 2064 4656 bonorum

490 4705 712 4760 operum
752 4689 928 4746 studio
949 4731 964 4757 ,
987 4698 1040 4746 et
1067 4690 1154 4760 pie
1176 4690 1386 4746 vivendi
1430 4691 1765 4747 accuratione
1783 4734 1797 4758 ,
1823 4685 2067 4748 beneficii

490 4785 543 4838 in
599 4797 697 4838 nos
751 4797 782 4838 a
832 4781 1168 4838 Deocollati
1212 4782 1630 4852 magnitudinem
1699 4783 2064 4839 testiﬁcantes.

490 4872 944 4944 Quemadmodum
980 4872 1120 4930 enim
1145 4875 1355 4944 quando
1379 4873 1638 4930 Lazarum
1663 4875 1937 4931 suscitavit
1964 4877 2068 4932 Do-

493 4965 703 5032 minus,
733 4963 1081 5020 occurrebant
1133 4963 1210 5019 illi
1259 4978 1445 5019 omnes
1492 4963 1923 5038 Jerosolymitani
1945 5008 1958 5031 ,
2004 4981 2068 5022 ac

556 5115 575 5149 ¹
610 5123 904 5229 υωιερῶπιιηι
920 5115 984 5168 de
1011 5129 1187 5168 corona
1209 5115 1469 5180 luctantur,
1492 5122 1604 5169 tunc
1620 5118 1832 5171 maxime
1855 5120 2068 5172 animm:

556 5191 628 5227 mn
649 5191 759 5228 exc:
864 5215 877 5228 .

487 5191 628 5232 suum
649 5191 877 5229 excitant.

554 5243 576 5272 ί
609 5238 748 5306 savii.
763 5239 943 5306 _:‘si_cut
964 5241 1090 5291 enim
1111 5239 1506 5306 gubernatoribus
1541 5247 1758 5306 portum,
1794 5244 2066 5296 cursoribus

489 5300 694 5413 ﬂ;
703 5299 892 5413 citsliletis
911 5299 1136 5364 coronas,
1158 5301 1227 5352 ita
1255 5302 1388 5354 nobis
1409 5299 1908 5356 hatw'hebdoniadam
1938 5316 2066 5358 Deus

639 5375 694 5413 αδ
715 5369 802 5413 882.

567 5369 848 5489 ξιῗῗιδοῗιῗείίίθ
873 5425 922 5474 in
943 5437 1165 5489 magnam
1186 5423 1555 5489 hebdomadam,
1583 5434 1634 5476 et
1655 5428 1705 5477 in
1723 5427 1957 5479 Psalmum
1976 5430 2066 5481 145

489 5485 900 5550 collataestcum
929 5485 1134 5550 quatuor
1166 5487 1328 5550 Regiis
1356 5488 1478 5538 1835
1497 5523 1512 5548 ,
1544 5490 1664 5539 2027
1687 5528 1702 5548 ,
1733 5491 1855 5540 2052
1874 5526 1890 5550 ,
1923 5492 2061 5542 2424.

489 5501 665 5535 conata
691 5501 768 5536 9.5!.
791 5501 900 5536 cum
965 5501 1134 5536 uatuor
1166 5501 1328 5549 negns
1356 5501 1478 5538 meo
1497 5523 1512 5548 ,
1544 5501 1661 5539 2011
1687 5528 1702 5548 ,
1733 5501 1855 5540 2062
1874 5526 1890 5550 ,
1923 5501 2060 5542 2424.

489 5501 993 5616 savil.-duplici.m930
1016 5547 1402 5616 titulum_eﬂ‘ert_;
1427 5551 1743 5616 prioriimodo
1776 5553 1845 5602 sic
1878 5555 2060 5604 habet:

489 5607 698 5660 Humilia
721 5607 1107 5678 'habitajqetera
1127 5618 1181 5659 ut
1204 5611 1254 5658 in
1277 5607 1414 5660 titulo
1427 5607 1464 5660 'a
1487 5614 1623 5678 nobis
1643 5613 1802 5678 allato,
1829 5629 1984 5678 usque
2005 5618 2064 5666 ad

487 5682 676 5740 vocem,
686 5669 996 5740 appelletur).
1020 5669 1188 5740 Altero
1210 5679 1374 5740 autem
1396 5674 1536 5723 modo
1557 5677 1626 5740 sic
1647 5669 1830 5724 habet:
1854 5669 1926 5740 pe
1937 5679 2064 5740 jeju-

489 5731 586 5801 nio,
609 5737 657 5780 et
677 5731 730 5780 in
745 5731 928 5801 illud,_¢
947 5731 1302 5801 Lauda,
1322 5746 1446 5796 mea,
1461 5736 1731 5801 Dominum,
1743 5753 1766 5781 ν
1791 5737 1895 5801 etin
1913 5731 2064 5789 custo-

489 5793 602 5842 dem
636 5791 850 5842 carceris
878 5793 931 5842 in
947 5792 1113 5851 Actis;
1146 5791 1308 5844 habita
1345 5791 1504 5849 autem
1541 5798 1644 5851 ha’c
1679 5791 1874 5850 homilia
1907 5809 1976 5852 est
2011 5801 2062 5851 in

489 5864 665 5917 mgna
681 5860 938 5918 uictaque
955 5853 1276 5910 hebdomada.

2044 1061 2155 1117 lout

687 847 701 887 :
749 845 828 886 ET
870 843 936 886 IN
980 842 1191 897 ILLUD,
1237 840 1468 888 LAUDA,
1516 837 1718 880 ANIMA
1761 836 1918 891 MEA,
1963 834 2264 878 nonnum
2310 816 2396 899 (a)
2445 819 2642 899 (Psol.
2691 819 2828 882 11ι5.
2872 822 2980 902 2);
3025 841 3104 886 ac
3146 844 3230 886 na
3273 845 3554 890 cusronn
3597 850 3757 892 can-

2156 1083 2410 1099 hn—

2165 1203 2504 1262 multitudine
2548 1223 2645 1264 sua
2690 1213 3127 1282 testilicabantur,
3159 1219 3302 1288 quod
3348 1219 3438 1276 ille
3483 1232 3751 1278 mortuum

2163 1298 2526 1355 suscitavisset
2551 1303 2568 1370 (
2596 1317 2718 1357 nam
2746 1305 3143 1364 adventantium
3169 1311 3470 1368 sollicitudo
3499 1314 3751 1373 indicium

2163 1397 2280 1444 erat
2303 1391 2584 1462 miraculi)
2615 1411 2628 1447 :
2657 1393 2730 1449 ita
2769 1405 2824 1451 et
2866 1413 3008 1454 nunc
3037 1401 3267 1456 studium
3296 1404 3435 1459 circa
3460 1405 3602 1461 illam
3631 1421 3752 1462 ma-

2161 1495 2319 1550 gnam
2370 1483 2793 1552 hebdomadam,
2837 1493 3214 1562 magnitudinis
3262 1498 3518 1566 praeclare
3576 1501 3626 1555 in
3657 1502 3748 1557 illa

2162 1581 2432 1643 gestorum
2476 1586 2559 1633 est
2597 1580 2849 1638 indicium
2875 1594 2927 1639 et
2963 1599 3352 1657 argumentum.
3383 1590 3564 1663 Neque
3605 1596 3750 1652 enim

2163 1679 2230 1718 ex
2261 1680 2362 1720 una
2389 1667 2604 1725 civitate
2633 1674 2937 1742 egredimur
2963 1719 2977 1742 ,
3009 1678 3099 1749 qui
3126 1678 3341 1735 Christo
3368 1680 3528 1739 hodie
3565 1699 3751 1741 occur-

2163 1755 2360 1822 rimus,
2391 1775 2564 1830 neque
2593 1779 2656 1818 ex
2685 1764 3033 1839 Jerosolymis
3062 1771 3255 1837 solum,
3281 1772 3375 1827 sed
3397 1789 3462 1828 ex
3486 1785 3596 1831 toto
3620 1779 3752 1834 orbe

2164 1849 2587 1918 pupulosissimae
2636 1855 2892 1914 Ecclesiae
2947 1861 3181 1932 undique
3231 1865 3575 1934 egrediuntur
3621 1869 3750 1925 .Iesu

2163 1951 2505 1999 occurrentes
2525 1985 2541 2012 ,
2568 1962 2676 2002 non
2706 1965 2885 2006 ramos
2922 1953 3218 2020 palmarum
3265 1964 3507 2014 tenentes
3534 1969 3589 2015 et
3611 1977 3748 2032 qua-

2165 2032 2389 2102 tientes,
2417 2037 2510 2104 sed
2544 2039 2937 2113 eleemosynam
2962 2086 2977 2112 ,
3007 2046 3385 2102 humanitatem
3410 2089 3426 2115 ,
3472 2049 3752 2114 virtutem,

2159 2123 2442 2194 jejunium,
2470 2129 2754 2203 lacrymas,
2787 2151 2992 2204 preces,
3019 2139 3244 2209 vigilias,
3278 2150 3554 2214 totumque
3581 2147 3751 2217 picta-

2166 2217 2235 2272 tis
2258 2233 2426 2289 genus
2456 2223 2680 2279 Domino
2704 2225 2918 2281 Christo
2944 2228 3251 2286 offerentes.

2233 2308 2501 2367 Justitiam
2543 2325 2765 2385 tempore
2797 2318 3122 2375 hebdomadm
3157 2332 3366 2377 sanctae.
3387 2353 3459 2364 --
3482 2324 3599 2380 Non
3647 2343 3750 2384 nos

2165 2401 2336 2456 solum
2366 2401 2505 2460 hanc
2531 2404 2917 2464 hebdomadam
2941 2427 3283 2478 veneramur,
3311 2413 3407 2470 sed
3455 2415 3749 2487 Imperato-

2163 2506 2251 2546 res
2275 2491 2420 2548 orbis
2463 2497 2661 2562 nostri,
2706 2514 2806 2554 nec
2844 2500 3203 2570 perfunctorie
3245 2504 3413 2576 ipsam
3462 2507 3746 2575 honorant,

2158 2583 2422 2653 justitium
2451 2585 2748 2644 indicentes
2775 2593 3024 2648 omnibus
3048 2595 3256 2665 publica
3297 2599 3507 2655 urbium
3535 2606 3747 2672 negotia

2163 2676 2528 2744 tractantibus,
2555 2689 2612 2734 ut
2637 2683 2777 2737 curis
2810 2685 2983 2752 vacui,
3011 2685 3108 2742 hos
3133 2702 3320 2744 omnes
3349 2691 3462 2746 dies
3487 2693 3747 2764 spirituali

2163 2767 2306 2822 cultu
2341 2783 2747 2842 prosequantur.
2791 2775 3016 2844 Ideoque
3066 2780 3163 2834 fori
3192 2781 3383 2850 jauuas
3421 2784 3748 2841 clauserunt.

2163 2860 2405 2930 Cessent,
2435 2864 2699 2937 inquiunt,
2720 2869 2858 2932 lites,
2873 2871 3065 2942 jurgia,
3097 2875 3375 2946 omnisque
3403 2881 3750 2936 concertatio-

2163 2955 2248 3011 nis
2275 2971 2339 3012 ac
2367 2959 2608 3028 supplicii
2634 2977 2830 3031 genus;
2862 2965 3134 3034 quiescant
3158 2969 3411 3038 tantisper
3439 2973 3746 3028 caruilicum

2163 3061 2371 3102 manus.
2395 3048 2709 3106 Communia
2746 3063 2871 3108 sunt
2893 3055 3098 3111 Domini
3138 3059 3392 3127 prreclara
3438 3071 3583 3132 gesta
3614 3080 3627 3116 :
3655 3062 3749 3119 liat

2163 3138 2323 3194 etiam
2348 3153 2378 3193 a
2405 3141 2557 3196 nobis
2581 3144 2754 3199 servis
2779 3145 2977 3216 aliquid
3003 3147 3147 3203 boni.
3175 3149 3358 3220 Neque
3380 3151 3472 3206 illo
3497 3154 3611 3208 solo
3631 3165 3747 3210 stu-

2163 3229 2255 3285 dio
2279 3239 2334 3287 et
2360 3231 2565 3290 honore
2594 3235 2761 3306 ipsam
2793 3249 3131 3308 venerantur,
3179 3244 3273 3298 sed
3302 3253 3357 3299 et
3381 3245 3487 3302 alio
3511 3263 3614 3302 non
3640 3249 3748 3304 mi-

2164 3339 2315 3380 nore.
2345 3326 2701 3398 Imperatoris:
2727 3331 2870 3388 enim
2898 3333 3064 3389 litera:
3094 3337 3392 3406 mittuntur,
3415 3340 3604 3406 quibus
3629 3342 3746 3398 edi-

2163 3415 2300 3470 citur
2309 3425 2365 3472 ut
2379 3418 2433 3473 in
2447 3431 2661 3476 carcere
2677 3420 3007 3479 detentorum
3023 3426 3230 3481 vincula
3244 3429 3532 3484 solvantur.
3553 3432 3752 3500 Quem-

2164 3508 2446 3567 admodum
2493 3516 2636 3570 enim
2675 3516 2930 3572 Dominus
2970 3529 3152 3575 noster
3191 3535 3313 3576 cum
3359 3523 3410 3578 in
3447 3523 3627 3580 inferis
3664 3542 3753 3582 es-

2164 3612 2266 3669 set,
2297 3612 2392 3660 eos
2421 3607 2556 3676 quia
2577 3618 2748 3664 morte
2773 3609 3147 3667 detinebantur
3167 3628 3351 3670 omnes
3371 3615 3528 3671 solvit
3557 3635 3572 3672 :
3598 3617 3666 3672 ita
3695 3630 3753 3674 ct

2165 3695 2329 3762 servi,
2357 3712 2475 3767 quae
2496 3699 2548 3752 in
2577 3714 2669 3754 sua
2697 3710 2958 3770 potestate
2986 3711 3110 3758 sunt
3133 3703 3436 3766 afferentes,
3459 3723 3522 3762 ac
3542 3708 3750 3763 Domini

2167 3783 2545 3857 benignitatem
2568 3789 2856 3857 imitantes,
2888 3807 2917 3846 a
2947 3794 3230 3850 sensilibus
3260 3797 3486 3852 vinculis
3511 3797 3746 3865 solvunt,

2167 3892 2288 3932 cum
2314 3893 2422 3934 non
2461 3881 2666 3950 possint
2690 3897 2719 3936 a
2742 3884 3120 3953 spiritualibus.

2237 3973 2292 4027 2.
2326 3973 2472 4029 Hanc
2497 3984 2551 4030 et
2573 3990 2672 4031 nos
2697 3976 3083 4034 hebdomadam
3105 3995 3424 4036 veneramur
3448 3997 3464 4037 :
3491 3992 3547 4039 et
3563 3998 3751 4054 egreso

2167 4079 2260 4120 sus
2287 4080 2388 4136 ego
2423 4067 2698 4125 vobiscum
2743 4071 2858 4127 vice
2903 4071 3195 4142 palmarum
3241 4073 3499 4131 doctrina:
3527 4078 3749 4132 verbum

2171 4156 2465 4224 proferens,
2484 4159 2590 4216 duo
2611 4162 2808 4217 minuta
2827 4163 3044 4233 deposui
3068 4166 3234 4219 instar
3253 4166 3393 4222 illius
3413 4168 3582 4224 viduae
3597 4168 3746 4240 (Luc.

2168 4247 2258 4303 2|.
2283 4249 2363 4320 2).
2395 4250 2608 4320 Egressi
2637 4261 2759 4308 sunt
2781 4261 2904 4309 tunc
2933 4254 3006 4309 illi
3032 4270 3207 4310 ramos
3229 4255 3520 4325 palmarum
3537 4269 3751 4330 gestan-

2171 4349 2252 4395 tes
2275 4381 2290 4405 ,
2334 4348 2389 4395 et
2432 4341 2731 4398 clamabant
2761 4345 2842 4399 his
2878 4343 3092 4401 verbis:
3123 4345 3370 4402 Hosanna
3410 4350 3463 4403 in
3502 4351 3703 4406 excelsis
3730 4368 3751 4406 :

2168 4431 2453 4488 benedictus
2471 4435 2558 4504 qui
2585 4438 2714 4490 venit
2732 4436 2785 4489 in
2805 4437 3004 4492 nomine
3024 4435 3232 4491 Domini
3265 4437 3476 4508 (Matth.
3519 4441 3609 4495 2|.
3651 4440 3734 4512 9).

2169 4525 2515 4595 Egrediamur
2537 4535 2590 4582 et
2609 4543 2725 4588 nos,
2750 4543 2812 4584 ac
2833 4543 2929 4598 pro
2957 4530 3120 4583 ramis
3164 4529 3461 4599 paimarum
3504 4532 3749 4602 praposi-

2171 4625 2279 4670 tum
2320 4616 2558 4674 ﬂorentis
2596 4619 2759 4674 animi
2802 4619 3116 4676 exhibentes
3156 4621 3468 4686 clamemus,
3498 4622 3751 4693 quemad-

2169 4706 2383 4762 modum
2417 4707 2575 4764 hodie
2620 4711 2980 4766 succinuimus
3009 4710 3253 4778 :Lauda,
3272 4714 3452 4768 anima
3475 4730 3606 4779 ηιεα,
3636 4711 3750 4767 Do-

2169 4803 2361 4855 minum
2384 4817 2403 4856 :
2428 4802 2644 4856 laudabo
2685 4803 2961 4858 Dominum
3006 4805 3059 4858 in
3105 4805 3207 4858 vita
3229 4803 3400 4873 (Psal.
3431 4807 3552 4860 145.
3580 4806 3655 4877 2).
3679 4806 3751 4861 Et

2173 4893 2300 4947 illud
2326 4893 2546 4947 verbum
2573 4904 2628 4948 et
2653 4895 2756 4949 hoc
2803 4895 3002 4964 pariter
3036 4895 3342 4951 Davidicum
3367 4909 3483 4961 est;
3514 4897 3621 4952 imo
3648 4915 3747 4952 ue-

2170 5001 2272 5055 que
2311 4986 2414 5041 hoc
2457 5003 2632 5057 neque
2677 4987 2803 5042 illud
2834 4998 2916 5043 est
2957 4989 3294 5054 Davidicum;
3327 4990 3421 5046 sed
3467 5000 3751 5062 utrumque

2170 5079 2364 5135 divina:
2405 5082 2607 5150 gratiae.
2649 5081 2924 5152 Loquutus
2969 5083 3164 5153 quippe
3209 5095 3291 5139 est
3331 5085 3619 5154 propheta;
3654 5087 3750 5141 sed

2169 5169 2442 5240 propheta:
2481 5172 2713 5242 linguam
2751 5173 2995 5226 excitavit
3034 5173 3354 5229 Paracletus.
3386 5175 3508 5230 Ideo
3536 5177 3747 5246 inquit:

2170 5262 2368 5332 Lingua
2397 5279 2507 5316 mea
2535 5263 2758 5319 calamus
2798 5265 2974 5319 scriba?
3013 5265 3245 5320 velociter
3286 5265 3545 5320 scribentis
3574 5264 3749 5335 (Paul.

2170 5357 2260 5411 44.
2285 5355 2364 5426 2).
2389 5355 2849 5423 Quemadmodum
2891 5357 3125 5413 calamus
3153 5372 3258 5412 non
3289 5372 3318 5409 a
3345 5359 3522 5426 seipso
3548 5357 3753 5419 scribit,

2169 5447 2264 5503 sed
2290 5449 2482 5505 virtute
2516 5464 2706 5505 manus
2746 5451 2922 5520 ipsum
2953 5449 3246 5503 moventis:
3266 5448 3341 5503 sic
3363 5458 3414 5504 et
3435 5449 3607 5519 lingua
3629 5462 3760 5518 pro-

2170 5541 2448 5611 phetarum
2473 5558 2576 5596 non
2605 5558 2634 5596 a
2662 5541 2834 5613 seipsa
2853 5542 3182 5612 loquebatur,
3203 5540 3297 5597 sed
3312 5557 3379 5597 ex
3400 5541 3493 5597 Dei
3515 5542 3681 5612 gratia
3707 5542 3754 5595 ι.

2168 5639 2238 5692 At
2262 5652 2357 5691 cur
2383 5652 2488 5690 non
2511 5636 2668 5703 dixit,
2690 5637 2890 5707 Lingua
2913 5653 3021 5690 mea
3047 5637 3274 5691 calamus
3301 5637 3496 5703 scribae,
3521 5645 3752 5702 tantum,

2168 5729 2282 5792 sed,
2313 5727 2549 5782 Calamus
2571 5728 2747 5782 scribe
2772 5727 3001 5782 velociter
3033 5728 3332 5782 scribentis?
3358 5728 3425 5784 Ut
3451 5729 3622 5785 discas
3647 5731 3764 5799 spi-

2237 5866 2253 5895 ι
2289 5867 2436 5920 Unus,
2455 5860 2540 5912 sed
2563 5873 2628 5912 ea:
2649 5858 2821 5911 virtute
2843 5867 3016 5926 gratia:
3039 5868 3255 5924 Spiritus.
