4084 6346
338 422 436 481 ﬁl

339 537 584 595 ritualem
615 548 742 591 esse
760 529 1072 602 sapientiam
1101 546 1114 583 :
1163 524 1296 581 ideo
1326 535 1514 592 magna
1558 514 1803 573 facilitas.
1829 511 1915 566 in-

341 648 472 702 gens
518 643 724 684 cursus.
769 624 1024 681 Homines
1063 619 1345 691 siquidem,
1386 630 1508 669 cum
1549 628 1580 666 a
1622 609 1812 680 seipsis
1842 607 1922 661 lo-

340 698 593 792 quuntur,
620 724 968 787 componunt,
992 711 1308 773 deliberant,
1339 698 1919 768 cunctantur,.multum

342 789 594 881 temporis
621 809 906 864 absumunt
935 823 950 861 :
983 804 1091 858 illic
1117 815 1267 864 vero,
1290 799 1412 869 quia
1435 805 1699 864 tamquam
1719 807 1750 844 a
1777 789 1922 845 fonte

340 878 500 960 verba
526 901 904 964 scaturiebant,
932 895 1171 964 nihilque
1194 891 1378 946 aderat
1415 881 1799 957 impedimenti,
1827 878 1923 935 sed

339 1013 554 1054 cursum
595 995 784 1062 lingua:
823 988 1111 1046 vincebant
1148 983 1526 1040 sententiarum
1553 976 1771 1040 ﬂuenta,
1804 972 1925 1027 ideo

341 1088 470 1144 dicit
502 1104 516 1143 :
542 1085 744 1155 Lingua
767 1098 880 1137 mea
919 1079 1144 1134 calamus
1165 1074 1342 1129 scriba:
1381 1069 1610 1125 velociter
1645 1062 1922 1120 scribentis.

343 1181 557 1236 Munant
579 1177 800 1232 inferius
829 1173 1024 1228 fluenta
1047 1183 1235 1238 magna
1278 1166 1452 1234 copia,
1482 1161 1684 1232 inquit;
1726 1157 1926 1212 idcirco

341 1272 508 1327 multa
550 1268 816 1325 celeritas.
846 1264 962 1320 Neu
1002 1275 1136 1331 opus
1165 1265 1248 1313 est
1286 1255 1438 1311 nobis
1475 1248 1923 1312 consideratione,

347 1378 452 1420 non
482 1359 848 1424 meditatione,
872 1371 978 1409 non
1008 1352 1212 1406 labore.

418 1453 593 1509 Sancti
640 1449 782 1504 nobis
821 1447 1013 1501 adsunt
1052 1439 1359 1497 canentibus.
1392 1467 1463 1477 —
1496 1433 1601 1491 Sed
1651 1431 1925 1486 videamus

346 1545 470 1616 quid
511 1544 671 1609 dicat,
700 1540 898 1607 Lauda,
930 1538 1100 1592 anima
1127 1550 1257 1595 mea,
1282 1531 1574 1585 Dominum.
1605 1526 1730 1582 Haec
1756 1532 1810 1578 ct
1829 1536 1929 1577 nos

349 1655 466 1695 rum
500 1636 694 1692 Davide
725 1633 1007 1704 psallamus
1038 1627 1214 1684 hodie.
1241 1627 1355 1680 Etsi
1399 1624 1540 1679 enim
1573 1621 1660 1675 ille
1702 1631 1928 1688 corpore

349 1745 453 1784 non
484 1728 644 1796 adsit,
669 1726 760 1781 sed
784 1723 934 1778 adest
957 1721 1163 1792 spiritu.
1204 1716 1353 1786 Quod
1392 1723 1568 1770 autem
1610 1711 1737 1781 justi
1775 1707 1928 1763 nobis

348 1821 544 1885 adsint,
574 1827 628 1872 et
666 1816 940 1872 nobiscum
989 1811 1236 1883 psallaut,
1284 1806 1404 1862 audi
1447 1820 1551 1876 quo
1593 1810 1745 1873 pacto
1789 1799 1929 1854 dicat

349 1912 616 1970 Abraham
645 1909 712 1964 ad
727 1908 963 1963 divitem.
980 1904 1077 1959 lllo
1102 1915 1333 1972 namque
1353 1898 1585 1960 dicente,
1601 1893 1747 1947 Mitte
1773 1889 1934 1945 Laza-

347 2024 485 2072 rum,
512 2015 567 2059 ut
593 2005 774 2074 fratres
803 2001 918 2063 mei,
952 1998 1193 2052 discentes
1218 2010 1277 2050 ea
1304 1991 1494 2062 quain
1512 1987 1730 2057 inferno,
1757 2001 1930 2039 emen-

351 2098 470 2153 deut
500 2113 593 2151 sua
617 2104 775 2167 gesta,
806 2090 1092 2161 respondet
1131 2087 1230 2149 illi,
1260 2085 1466 2139 Habent
1502 2080 1714 2152 Moysen
1739 2087 1786 2132 et
1813 2093 1932 2146 pro-

353 2189 527 2258 phetas
549 2183 905 2256 (Luc.16.24.
927 2181 1019 2236 28.
1035 2178 1150 2250 29):
1171 2177 1328 2248 Atqui
1363 2175 1571 2245 Moyses
1589 2181 1644 2226 et
1660 2171 1933 2240 prephetae

347 2281 551 2352 jamdiu
584 2293 809 2346 corpore
829 2276 1021 2330 mortui
1051 2283 1222 2334 erant,
1241 2270 1332 2324 sed
1352 2285 1445 2339 per
1473 2265 1667 2333 scripta
1699 2277 1794 2316 sua
1815 2260 1933 2315 illos

353 2371 634 2428 habebant.
654 2368 710 2426 Si
727 2369 866 2423 enim
901 2366 1067 2436 posita
1096 2364 1186 2418 [illi
1210 2371 1308 2416 aut
1322 2360 1476 2414 amici
1501 2354 1936 2410 inanimataima-

351 2466 474 2537 gine
497 2507 513 2531 ,
553 2467 724 2534 ipsum
753 2461 939 2516 adesse
963 2449 1236 2515 existimas
1262 2495 1278 2521 ,
1322 2455 1447 2508 licet
1489 2450 1682 2505 obierit
1711 2491 1726 2514 ,
1757 2456 1812 2503 et
1835 2462 1933 2519 per

354 2560 637 2628 imaginem
693 2555 1036 2610 inanimatam
1094 2551 1264 2620 ipsum
1318 2545 1424 2600 tibi
1467 2541 1722 2612 efﬁngis:
1762 2542 1933 2594 multo

355 2653 526 2723 magis
553 2667 648 2704 uos
673 2665 768 2719 per
790 2646 994 2702 divinas
1019 2643 1322 2714 Scripturas
1338 2647 1641 2694 sanctorum
1663 2632 1934 2689 consortio

356 2746 596 2808 fruimur,
629 2757 734 2796 non
761 2753 1043 2810 corporum
1065 2778 1078 2798 .
1107 2734 1200 2792 sed
1230 2733 1526 2788 animorum
1565 2726 1817 2798 imagines
1839 2724 1934 2778 ha-

354 2839 562 2893 bentes.
593 2836 806 2890 Illorum
831 2832 1024 2901 quippe
1045 2829 1182 2884 dicta
1210 2826 1507 2881 animarum
1536 2822 1770 2892 ipsorum
1799 2824 1926 2871 sunt

356 2931 632 3000 imagines.
661 2925 754 2981 Vis
781 2924 988 2980 discere
1027 2927 1240 2976 sanctos
1269 2917 1388 2970 illos
1414 2915 1596 2968 vivere
1623 2919 1676 2966 et
1701 2907 1933 2963 adesse?

353 3022 522 3078 Nemo
546 3027 784 3075 mortuos
806 3022 968 3072 testes
981 3012 1202 3066 advocat
1223 3009 1343 3064 :sed
1366 3006 1608 3062 Christus
1629 3004 1748 3058 illos
1775 3011 1938 3056 testrs

354 3113 633 3171 advocavit
658 3125 767 3165 sua:
791 3106 1105 3169 divinitatis,
1130 3117 1192 3157 ac
1215 3115 1326 3172 pra:
1350 3097 1558 3154 caneris
1577 3098 1748 3165 ipsum
1774 3094 1934 3147 Davi-

356 3211 478 3265 dem
502 3208 542 3274 ¹,
564 3214 625 3262 ut
645 3210 701 3261 te
725 3203 941 3259 doceret
970 3199 1143 3269 ipsum
1169 3196 1367 3248 vivere.
1397 3190 1596 3246 Jud:eis
1622 3189 1762 3242 enim
1781 3186 1847 3240 de
1876 3199 1937 3240 se

356 3297 751 3358 dubitantibus,
783 3293 948 3347 dixit:
987 3288 1123 3357 Quid
1166 3285 1301 3339 vobis
1346 3282 1540 3336 videtur
1581 3281 1644 3333 de
1695 3276 1938 3333 Christo?

356 3395 504 3463 cujus
536 3390 672 3456 ﬁlius
695 3397 766 3441 est
792 3387 818 3440 ?
839 3383 1027 3437 Dicunt
1050 3382 1113 3443 ei,
1139 3375 1328 3433 David.
1357 3374 1458 3428 Ille
1481 3389 1597 3426 vero
1625 3414 1640 3435 ,
1673 3369 1936 3437 Quomodo

358 3461 477 3557 ergo
507 3481 670 3536 David
708 3481 761 3533 in
807 3476 1005 3547 Spiritu
1041 3480 1182 3526 vocat
1234 3485 1348 3523 eum
1385 3468 1554 3520 dicens
1588 3481 1612 3519 ε
1639 3463 1773 3517 Dixit
1826 3461 1937 3515 Do-

358 3554 524 3632 minus
550 3573 769 3628 Domino
795 3584 904 3622 meo
923 3583 942 3622 :
971 3566 1102 3620 Sede
1143 3581 1174 3618 a
1215 3561 1402 3615 dextris
1434 3558 1560 3612 meis
1585 3557 1603 3630 ζ
1637 3555 1822 3608 Matth.
1845 3554 1934 3608 22.

359 3670 551 3736 42-44;
575 3667 723 3722 Psal.
765 3662 884 3718 109.
915 3661 940 3714 1
973 3657 991 3729 )
1016 3659 1040 3712 ?
1070 3656 1228 3711 Vides
1267 3650 1534 3723 quomodo
1559 3649 1698 3702 vivat
1729 3645 1937 3701 David?

361 3762 468 3817 Nisi
499 3761 638 3814 enim
667 3756 900 3816 viveret,
935 3766 1039 3805 nou
1070 3745 1369 3802 vocavisset
1389 3757 1510 3799 eum
1535 3749 1721 3796 testem
1749 3736 1941 3793 divini-

362 3858 484 3910 tatis
509 3868 643 3909 suw.
663 3849 772 3905 Nec
799 3845 964 3910 dixit,
996 3839 1274 3911 Quomodo
1294 3834 1457 3891 David
1484 3834 1535 3888 in
1559 3832 1760 3903 Spiritu
1784 3843 1941 3884 voca-

361 3948 436 4002 vit
473 3960 593 4000 eum
637 3941 918 3995 Dominum
939 3933 1080 3988 ‘l‘sed
1107 3975 1122 3997 ,
1168 3929 1324 3986 Vocat
1361 3943 1473 3982 eum
1519 3922 1836 3978 Dominum?
1881 3927 1942 3974 ut

360 4037 605 4094 ostendat
628 4035 771 4090 illum
795 4031 968 4085 adhuc
983 4026 1169 4081 adesse
1187 4065 1201 4089 ,
1221 4031 1276 4078 et
1303 4036 1394 4091 per
1416 4020 1595 4073 literas
1608 4015 1766 4086 loqui.
1788 4013 1939 4068 Psal-

361 4131 504 4187 lebat
533 4128 658 4182 olim
700 4122 919 4196 psalmis
948 4161 964 4188 ,
991 4128 1046 4174 et
1087 4131 1185 4170 nos
1224 4112 1382 4168 hodie
1428 4125 1549 4164 cum
1597 4105 1810 4161 Davide.
1846 4103 1940 4159 llle

361 4222 618 4279 citharam
649 4216 834 4271 habuit
874 4229 940 4267 ex
969 4208 1149 4265 nervis
1187 4202 1490 4260 inanimatis
1515 4219 1529 4257 :
1554 4199 1788 4255 Ecclesia
1811 4211 1942 4252 vero

360 4312 616 4368 citharam
662 4306 821 4362 habet
849 4319 914 4358 ex
941 4301 1124 4356 nervis
1152 4293 1762 4351 viventibusintensam.
1813 4286 1938 4341 Liu-

359 4421 478 4477 guze
501 4411 694 4457 nostra:
713 4405 838 4454 sunt
864 4393 1078 4451 chordae
1101 4389 1318 4444 cithara:
1342 4387 1381 4451 ³,
1413 4398 1531 4455 quae
1555 4383 1822 4437 diver5um
1849 4392 1942 4433 so-

363 4514 488 4553 num
518 4495 701 4560 edunt,
732 4488 827 4546 sed
855 4484 1176 4543 concordem
1207 4481 1479 4552 pietatem.
1506 4473 1638 4530 Nam
1665 4471 1940 4537 mulieres,

361 4589 479 4653 viri,
511 4599 667 4642 senes
687 4625 702 4649 ,
728 4583 954 4653 juvenes
978 4586 1134 4632 aetate
1159 4572 1378 4645 quidem
1401 4565 1634 4624 distincti
1661 4571 1819 4629 sunt,
1846 4561 1944 4618 sed

364 4681 680 4754 hymnorum
719 4682 878 4731 cantu
905 4687 1010 4727 non
1049 4678 1174 4724 sunt
1215 4665 1453 4722 distincti
1477 4681 1490 4717 :
1513 4661 1770 4732 cujusque
1797 4658 1942 4712 enim

363 4749 548 4828 vocem
574 4779 876 4837 temperans
894 4762 1120 4832 Spiritus
1142 4759 1185 4827 ³,
1213 4773 1368 4814 unam
1401 4756 1454 4811 in
1483 4752 1732 4808 omnibus
1763 4749 1928 4804 melo-

365 4867 507 4918 diam
544 4860 742 4924 eitieit;
771 4852 1216 4929 quemadmodum
1248 4852 1362 4921 ipse
1407 4845 1573 4903 David
1608 4842 1936 4908 declaravit,

365 4971 578 5012 ornnem
617 4962 824 5008 aetatem
855 4959 910 5005 et
939 4959 1217 5016 utrumque
1241 4958 1426 5000 sexum
1457 4940 1523 4996 ad
1553 4939 1691 4995 hunc
1714 4951 1946 4993 concen-

365 5057 476 5102 tum
493 5046 760 5101 advorans
780 5062 792 5096 :
817 5041 993 5095 Onmis
1013 5039 1217 5107 spiritus
1235 5035 1404 5090 laudet
1423 5032 1695 5086 Dominum
1739 5027 1942 5093 Lauda,

367 5139 540 5192 anima
575 5152 686 5190 mea
711 5174 728 5199 ,
763 5133 1038 5187 Dominum
1067 5130 1084 5198 (
1119 5126 1264 5182 Psal.
1295 5125 1417 5181 150.
1441 5125 1475 5180 ὅ
1501 5124 1542 5194 ).
1581 5124 1686 5177 Cur
1726 5134 1943 5175 carnem

367 5229 742 5299 reliquit?'cur
789 5239 984 5292 corpus
1041 5219 1188 5275 nullo
1237 5217 1396 5272 modo
1444 5212 1782 5284 alloquitur?
1817 5226 1943 5265 ntun

365 5321 564 5378 animal
598 5321 648 5374 in
677 5317 782 5373 duo
812 5313 1040 5370 divisit?
1067 5311 1409 5382 Nequaquam
1436 5326 1448 5360 :
1479 5305 1573 5361 sed
1603 5305 1750 5376 prius
1781 5303 1947 5357 artill-

365 5430 482 5472 cem
510 5414 726 5469 excitat.
774 5407 927 5477 Quod
954 5415 1132 5462 autem
1174 5419 1281 5458 non
1318 5399 1607 5472 sejunxerit
1649 5412 1841 5468 corpus
1879 5396 1947 5451 ab

365 5509 541 5565 anima
563 5548 578 5574 ,
609 5503 733 5560 audi
755 5498 1024 5573 quomodo
1053 5497 1178 5552 alibi
1206 5495 1384 5550 dicat:
1410 5491 1569 5557 Deus,
1599 5488 1735 5543 Deus
1763 5503 1901 5541 meus
1927 5527 1945 5554 ,

430 5670 448 5702 ι
482 5675 585 5718 Duo
598 5671 708 5715 uss.
805 5671 908 5728 sua
923 5654 1200 5728 divinitatis,
1212 5649 1481 5728 videlicet;
1492 5649 1758 5728 {egentet
1774 5645 1947 5704 Ειὲατη.

367 5736 413 5782 σε
429 5713 970 5838 regeeae
1508 5713 1734 5760 υποίυε·

431 5799 451 5824 ³
484 5799 584 5842 Duo
609 5799 736 5846 ωεεη
761 5799 970 5837 εηοι-αω
991 5799 1195 5832 cunare:
1216 5799 1484 5828 rtuwmuu.

431 5853 452 5885 ³
487 5859 642 5926 unus,
666 5847 872 5914 Spiritus
893 5836 1512 5917 animm
1548 5833 1599 5886 in
1630 5845 1778 5885 unum
1808 5829 1948 5896 quasi

368 5925 694 5966 commiscent.

1672 399 1739 456 IN
1773 393 2096 456 PSALMUM
2131 393 2338 451 CXLV.

3510 389 3606 428 καὶ

2028 509 2096 562 ad
2124 519 2170 562 te
2188 510 2251 563 de
2277 510 2388 564 luce
2405 511 2574 582 vigilo.
2605 509 2778 566 Sitivit
2808 519 2855 564 te
2877 509 3048 563 animo
3067 524 3178 562 mea
3207 549 3222 573 ,
3263 520 3411 574 q'um
3437 507 3608 560 multi-

2029 601 2223 670 pliciter
2254 600 2341 654 tibi
2369 617 2624 656 caro-mea
2655 644 2673 669 ,
2705 603 2756 656 in
2787 611 2921 656 terra
2944 599 3114 670 (Psal.
3149 597 3238 654 62.
3265 599 3345 665 2).
3387 597 3495 653 Sed
3516 613 3604 651 os-

2029 693 2186 748 tende
2212 693 2338 748 mihi
2361 709 2572 749 carnem
2597 696 2761 764 ipsam
2784 695 2848 749 ad
2875 694 3100 766 hymnos
3116 692 3378 756 advocari,
3403 692 3477 746 ait
3499 693 3606 747 ille.

2027 783 2246 839 Benedic
2274 828 2290 853 ,
2321 787 2491 840 anima
2515 803 2626 841 mea
2654 829 2668 851 ,
2698 785 2940 850 Domino,
2974 797 3018 838 et
3039 784 3210 838 omnia
3237 799 3351 855 qua:
3376 783 3510 838 intra
3530 800 3611 838 me

2029 888 2145 932 sunt
2171 879 2363 932 nomini
2386 888 2558 932 sancto
2581 880 2690 950 ejus
2715 877 2735 951 (
2767 879 2910 933 Psal.
2955 877 3082 934 102.
3112 878 3142 932 1
3173 877 3212 947 ).
3241 876 3402 932 Vides
3445 877 3607 932 etiam

2032 985 2249 1025 carnem
2289 981 2581 1027 concentus
2608 971 2961 1042 participem?
2989 970 3136 1038 Quid
3153 970 3253 1026 sibi
3293 970 3404 1025 vult
3428 969 3558 1024 illud
3595 989 3607 1024 :

2034 1062 2100 1117 Et
2124 1065 2294 1118 omnia
2318 1081 2430 1135 qua
2454 1065 2586 1119 intra
2609 1081 2688 1119 me
2703 1074 2820 1119 sunt
2850 1064 3041 1118 nomini
3058 1074 3231 1119 sancto
3251 1064 3359 1134 ejus
3375 1063 3402 1118 Ρ
3427 1063 3606 1128 Nervi,

2032 1152 2222 1222 inquit,
2244 1167 2386 1220 ossa,
2411 1168 2582 1219 venae,
2609 1153 2841 1220 arteriae,
2865 1163 2921 1209 et
2944 1167 3132 1208 omnes
3159 1153 3383 1208 internae
3407 1165 3609 1224 partes.

2101 1245 2155 1296 3.
2197 1242 2455 1299 Interiora
2479 1253 2652 1299 nostra
2669 1245 2920 1314 quomodo
2945 1253 3151 1314 possunt
3169 1243 3274 1298 Deo
3298 1244 3606 1301 benedicere.

2028 1363 2100 1374 --
2125 1333 2402 1402 Quomodo
2441 1343 2662 1405 possunt
2707 1335 2959 1390 interiora
3007 1343 3185 1389 nostra
3234 1335 3342 1389 Deo
3385 1334 3607 1391 benedi-

2029 1425 2198 1482 cere?
2218 1425 2414 1496 Vocem
2444 1403 2563 1481 non
2612 1426 2846 1492 habent,
2870 1440 2932 1481 os
2968 1441 3073 1481 non
3118 1425 3335 1492 habent,
3375 1403 3630 1498 linguam.

2031 1531 2138 1571 non
2182 1517 2398 1572 habent.
2451 1519 2641 1573 Anima
2689 1519 2901 1588 quidem
2954 1526 3159 1586 potest;
3190 1517 3441 1573 interiora
3486 1532 3622 1569 vero

2031 1609 2298 1678 quomodo
2329 1610 2574 1679 possint,
2595 1625 2716 1665 cum
2741 1625 2840 1666 nec
2867 1625 3053 1666 vocem
3082 1651 3098 1676 ,
3129 1626 3227 1666 nec
3251 1627 3310 1666 os
3335 1652 3350 1676 ,
3376 1626 3475 1666 nec
3505 1612 3608 1665 hn-

2031 1715 2188 1769 guam
2237 1700 2520 1766 habeant,
2571 1702 2678 1757 Deo
2734 1701 3096 1756 benedicere?
3142 1702 3602 1770 Quemadmodum

2032 1790 2155 1845 σιειί
2182 1803 2419 1847 enarrant
2460 1793 2677 1864 gloriam
2706 1793 2803 1847 Dei
2832 1792 2998 1866 (Psal.
3024 1794 3111 1851 18.
3142 1795 3220 1861 1).
3252 1793 3613 1864 Quemadmo-

2033 1881 2158 1937 dum
2187 1883 2327 1938 enim
2354 1885 2468 1940 caeli
2497 1901 2602 1940 non
2633 1885 2864 1956 linguam
2897 1929 2913 1953 ,
2943 1902 3048 1940 non
3075 1901 3135 1942 os
3159 1927 3173 1948 ,
3207 1901 3312 1942 non
3343 1887 3480 1942 labia
3512 1889 3611 1944 ha-

2034 1974 2212 2040 bent;
2261 1975 2371 2031 sed'
2399 1986 2646 2047 aspectus
2693 1978 3086 2048 pulchritudine
3129 1979 3612 2050 obstupefacientes

2035 2082 2127 2122 eos
2150 2068 2327 2138 quise
2347 2071 2794 2140 contemplanlur,
2827 2071 2944 2141 ipso
2972 2071 3046 2127 rei
3072 2074 3328 2129 miraculo
3355 2074 3423 2129 ad
3445 2074 3613 2146 Opilio

2033 2173 2150 2214 cem
2181 2160 2501 2217 laudandum
2530 2163 2754 2219 invitant
2780 2164 2892 2220 :sic
2933 2173 2988 2220 et
3029 2165 3281 2221 interiora
3311 2177 3490 2223 nostra
3521 2211 3537 2236 ,
3566 2169 3614 2224 si

2034 2265 2097 2304 ea
2134 2251 2311 2307 animo
2336 2256 2683 2323 percurreris,
2709 2255 2753 2310 si
2781 2255 2976 2312 videris
3000 2256 3352 2314 dill‘erentiam
3375 2260 3608 2332 qualita-

2036 2349 2171 2410 tum,
2192 2346 2540 2415 operationis,
2560 2349 2793 2417 virtutis,
2823 2361 3119 2406 concentrs
3142 2393 3157 2416 ,
3189 2351 3578 2410 ell‘ormationis
3596 2397 3612 2418 ,

2036 2437 2317 2506 positionis
2343 2479 2360 2503 ,
2399 2443 2610 2496 numeri
2651 2483 2667 2510 ,
2711 2443 3002 2498 larmouiaa
3029 2485 3044 2509 ,
3075 2443 3201 2498 illud
3250 2444 3614 2515 prapheticum

2033 2529 2435 2598 pronuntiabis:
2471 2531 2635 2596 Quam
2672 2534 2996 2605 magni/iacta
3019 2544 3137 2588 sunt
3163 2551 3317 2605 Opera
3347 2545 3432 2590 tua
3465 2579 3481 2604 ,
3509 2536 3616 2591 Do-

2036 2620 2170 2675 mine
2186 2622 2207 2676 .'
2231 2623 2401 2678 omnia
2429 2623 2483 2677 in
2509 2625 2757 2696 sapientia
2781 2626 2943 2696 fecisti
2967 2623 3138 2699 (Psal.
3171 2626 3294 2683 103.
3312 2627 3429 2697 24).
3456 2627 3615 2684 Vides

2037 2714 2304 2782 quomodo
2331 2716 2557 2791 viscera,
2587 2717 2702 2772 sine
2727 2731 2859 2773 voce
2880 2759 2897 2784 ,
2930 2718 3048 2773 sine
3076 2734 3169 2774 ore
3189 2761 3203 2781 ,
3236 2720 3354 2775 sine
3382 2720 3561 2792 lingua
3595 2763 3611 2786 ,

2038 2803 2204 2859 Deum
2245 2807 2516 2866 laudent?
2563 2807 2672 2865 Cur
2710 2825 2838 2881 ergo
2877 2811 3110 2866 animam
3155 2812 3494 2883 alloquitur?
3538 2814 3618 2870 Ne

2040 2893 2215 2967 lingua
2241 2897 2510 2969 loquente,
2539 2900 2653 2972 ipsa
2671 2909 2942 2971 evagetur,
2971 2901 3112 2972 quod
3143 2917 3286 2973 saepe
3312 2903 3366 2958 in
3392 2919 3614 2973 precan-

2038 2986 2110 3043 do
2150 2999 2204 3044 et
2252 2989 2479 3060 hymnos
2517 2992 2781 3047 cantando
2819 2993 3083 3062 patimur;
3111 3003 3170 3048 ut
3213 2995 3461 3065 utrinque
3487 3011 3620 3051 con-

2038 3089 2228 3136 centus
2269 3083 2356 3136 sit.
2397 3083 2529 3136 Cum
2555 3083 2698 3138 enim
2746 3083 2888 3138 inter
2929 3085 3188 3139 orandum
3227 3099 3334 3140 neu
3379 3087 3616 3143 audieris

2038 3174 2199 3230 verba
2252 3175 2392 3242 Dei,
2448 3178 2715 3246 quomodo
2759 3177 2898 3232 Deus
2935 3177 3114 3234 audiet
3169 3179 3625 3249 supplicationem.

2041 3277 2184 3321 tuam
2205 3269 2228 3322 ?
2247 3270 2380 3324 Cum
2404 3270 2561 3341 igitur
2585 3271 2709 3326 dicit
2735 3311 2750 3334 ,
2781 3272 2962 3326 Lauda
2987 3315 3006 3340 ,
3032 3274 3207 3328 anima
3235 3291 3348 3330 mea
3379 3317 3396 3343 ,
3443 3273 3618 3328 Domi-

2041 3375 2192 3426 num,
2229 3360 2278 3415 id
2305 3361 2565 3433 significat
2591 3406 2605 3430 ,
2635 3361 2782 3418 Intus
2809 3379 2871 3418 ex
2905 3362 3167 3434 profundo
3193 3365 3370 3420 cordis
3391 3365 3619 3420 olleran-

2042 3459 2128 3506 tur
2175 3453 2605 3524 supplicationes.
2671 3456 2878 3510 Etenim
2948 3455 3147 3512 Paulus
3193 3457 3270 3512 ait
3318 3476 3332 3511 :
3387 3456 3630 3512 Psallam

2040 3545 2239 3614 spiritu,
2271 3547 2483 3616 psallam
2505 3558 2550 3602 et
2574 3559 2736 3602 mente
2769 3548 2844 3620 (1.
2873 3546 2991 3602 Cor.
3021 3549 3108 3602 H.
3141 3547 3251 3613 15).
3286 3548 3515 3604 Musicus
3540 3560 3623 3602 est

2041 3639 2300 3708 quispiam
2330 3641 2560 3710 optimus
2579 3645 2778 3709 anima,
2800 3640 2989 3696 artifex
3003 3651 3086 3696 est
3113 3659 3126 3694 :
3149 3657 3404 3712 organum
3442 3655 3620 3699 autem

2041 3745 2252 3800 corpus,
2274 3732 2510 3800 citharae,
2539 3732 2678 3790 tibiae
2698 3743 2752 3790 et
2777 3734 2908 3805 lyrae
2933 3735 3102 3790 locum
3117 3745 3320 3791 tenens.
3343 3735 3445 3790 Alii
3466 3736 3622 3806 igitur

2042 3825 2227 3878 musici
2251 3865 2266 3889 ,
2311 3840 2414 3879 non
2450 3841 2660 3896 semper
2692 3841 2811 3881 cum
2836 3825 3081 3881 omnibus
3109 3827 3319 3897 organis
3346 3835 3503 3894 sunt,
3528 3828 3622 3882 sed

2042 3917 2201 3972 modo
2225 3917 2314 3972 illa
2343 3927 2577 3985 sumunt,
2607 3918 2766 3974 modo
2791 3918 3100 3988 deponunt;
3138 3935 3244 3972 non
3265 3920 3407 3974 enim
3429 3933 3623 3990 perpe-

2043 4019 2134 4065 tuo
2150 4019 2204 4066 et
2217 4011 2362 4065 omni
2380 4019 2618 4082 tempore
2634 4010 2874 4066 melodiac
2897 4019 3080 4065 vacant
3114 4027 3128 4074 ;
3165 4020 3489 4081 quapmpter
3509 4026 3613 4065 non

2043 4118 2256 4174 semper
2267 4118 2463 4174 organa
2482 4111 2707 4158 tractant
2731 4119 2745 4157 :
2768 4102 2907 4157 Deus
2930 4111 3104 4155 autem
3120 4101 3311 4156 docere
3335 4115 3386 4156 te
3415 4101 3621 4166 volens,

2045 4207 2096 4251 te
2122 4214 2242 4252 eum
2265 4213 2477 4267 semper
2501 4197 2695 4252 debere
2724 4205 2780 4250 et
2810 4195 3022 4249 laudare
3049 4206 3102 4249 et
3130 4194 3464 4260 benedicere,
3495 4199 3625 4251 arti—

2046 4288 2129 4342 ﬁci
2175 4303 2389 4355 semper
2423 4287 2728 4356 adjunctum
2774 4286 3182 4340 instrumentum
3225 4299 3345 4339 esse
3392 4285 3620 4340 curavit.

2045 4380 2202 4448 Quod
2225 4381 2365 4435 enim
2391 4394 2604 4448 semper
2627 4377 2844 4432 laudare
2868 4387 3113 4446 oporteat
3137 4418 3150 4438 ,
3183 4375 3305 4429 andi
3335 4391 3440 4445 quo
3469 4385 3623 4445 pacto

2045 4475 2188 4530 dicat
2204 4476 2498 4545 Apostolus
2527 4487 2542 4525 :
2574 4468 2700 4526 Sine
2749 4469 3117 4522 intermissione
3165 4475 3304 4521 orate
3333 4507 3348 4529 ,
3391 4467 3448 4519 iu
3485 4467 3624 4519 omni

2047 4567 2238 4640 gratias
2261 4560 2398 4631 agite
2423 4557 2497 4631 (1.
2525 4557 2704 4614 Thess.
2726 4556 2779 4610 5.
2805 4558 3016 4629 17.18).
3037 4555 3304 4624 Quoniam
3325 4553 3488 4626 igitur
3507 4554 3635 4610 siue-

2046 4657 2438 4716 intermissione
2458 4653 2715 4708 orandum
2745 4661 2846 4714 est,
2875 4649 2991 4704 sine
3016 4639 3408 4703 intermissione
3427 4647 3623 4700 illSlrtI~

2047 4759 2284 4806 mentum
2308 4762 2428 4803 cum
2449 4743 2657 4801 artiﬁce
2683 4751 2784 4797 est.
2809 4741 2990 4796 Lauda
3013 4781 3029 4807 ,
3055 4740 3227 4794 anima
3265 4755 3376 4792 mea
3400 4780 3415 4802 ,
3443 4737 3624 4792 Domi-‘

2048 4857 2190 4895 num.
2215 4838 2395 4894 Primo
2413 4851 2515 4891 vox
2530 4850 2634 4890 una
2657 4833 2710 4889 id
2731 4832 2959 4897 dicebat,
2981 4845 3175 4901 nempe
3197 4827 3411 4884 Davidis
3435 4845 3448 4884 ε
3484 4844 3622 4882 nunc

2049 4949 2179 4988 vero
2201 4930 2450 5002 quoniam
2483 4935 2721 4982 mortuus
2741 4933 2863 4992 est,
2915 4923 3210 4978 innumeris
3241 4921 3433 4992 linguis
3461 4921 3509 4973 id
3540 4921 3624 4973 lo-

2049 5026 2230 5094 quitur
2255 5065 2271 5088 ,
2301 5037 2405 5077 non
2439 5019 2636 5075 nostris
2661 5018 2833 5072 solum
2861 5059 2876 5079 ,
2917 5016 3011 5071 sed
3058 5014 3217 5068 etiam
3257 5014 3420 5066 totius
3447 5011 3619 5066 urbis.

2051 5116 2375 5171 Videu’eum
2413 5127 2519 5166 non
2561 5120 2825 5165 mortuum
2857 5120 2998 5172 esse,
3029 5105 3123 5159 sed
3151 5103 3368 5158 vivere?
3395 5102 3510 5169 Quo
3535 5118 3628 5169 pa-

2055 5220 2143 5264 cto
2171 5209 2312 5265 enim
2335 5214 2578 5260 mortuus
2603 5203 2690 5266 sit,
2715 5201 2804 5271 qui
2827 5209 2904 5254 tot
2928 5198 3134 5268 linguas
3163 5194 3340 5259 habet,
3359 5203 3414 5248 et
3440 5207 3534 5262 per
3555 5201 3631 5247 tot

2052 5317 2146 5360 ora
2188 5300 2420 5372 loquitur
2448 5298 2470 5352 ?
2498 5295 2684 5366 Magna
2714 5293 2867 5364 plane
2912 5304 2999 5346 res
3055 5297 3140 5344 est
3184 5288 3298 5341 laus
3327 5302 3342 5340 :
3370 5291 3646 5354 espurgat-

2053 5397 2196 5454 enim
2224 5394 2455 5449 animam
2491 5399 2728 5445 nostram
2759 5429 2774 5454 ,
2798 5395 2857 5445 et
2880 5383 3102 5440 multam
3134 5377 3290 5435 nobis
3319 5375 3507 5432 inserit
3531 5390 3621 5431 re.

2053 5488 2321 5560 ligionem.

2126 5703 2331 5765 Quanta
2355 5693 2421 5747 sit
2444 5691 2517 5744 vis
2541 5690 2856 5759 hymnorum.
2881 5710 2952 5720 --
2979 5679 3068 5733 Vis
3092 5677 3298 5732 discere
3331 5685 3524 5744 quanta
3563 5674 3640 5726 sit

2053 5805 2178 5862 erga
2216 5789 2382 5845 Deum
2423 5783 2741 5855 hymnorum
2784 5774 2905 5829 vis?
2950 5772 3186 5842 Hymnus
3224 5775 3476 5823 canentes
3518 5776 3628 5821 tres

2053 5857 2226 5957 pueri,
2267 5879 2344 5936 sic
2385 5871 2729 5945 Babyloniam
2771 5865 3042 5923 fornacem
3091 5860 3490 5928 restinxerant;
3531 5857 3643 5914 itus
