  <div class='ocr_page' id='page_1' title='image "/cluster/home/n/w/nwhite01/storage/ocr_20150623/55/nnc1.0046980016/513.png"; bbox 0 0 4084 6346; ppageno 0'>
   <div class='ocr_carea' id='block_1_1' title="bbox 450 337 567 399">
    <p class='ocr_par' dir='ltr' id='par_1_1' title="bbox 450 337 567 399">
     <span class='ocr_line' id='line_1_1' title="bbox 450 337 567 399; baseline 0 0"><span class='ocrx_word' id='word_1_1' title='bbox 450 337 567 399; x_wconf 74' lang='lat'><strong>.523</strong></span> 
     </span>
    </p>
   </div>
   <div class='ocr_carea' id='block_1_2' title="bbox 461 447 2046 526">
    <p class='ocr_par' dir='ltr' id='par_1_2' title="bbox 461 447 2046 526">
     <span class='ocr_line' id='line_1_2' title="bbox 461 447 2046 526; baseline -0.006 -15"><span class='ocrx_word' id='word_1_2' title='bbox 461 457 639 526; x_wconf 81' lang='lat' dir='ltr'><strong>potius</strong></span> <span class='ocrx_word' id='word_1_3' title='bbox 677 468 782 511; x_wconf 83' lang='lat' dir='ltr'><strong>non</strong></span> <span class='ocrx_word' id='word_1_4' title='bbox 814 452 1206 520; x_wconf 84' lang='lat' dir='ltr'><strong>exstinxerunt,</strong></span> <span class='ocrx_word' id='word_1_5' title='bbox 1239 451 1517 523; x_wconf 86' lang='lat' dir='ltr'><strong>sedquod</strong></span> <span class='ocrx_word' id='word_1_6' title='bbox 1559 450 1715 522; x_wconf 90' lang='lat' dir='ltr'><strong>longe</strong></span> <span class='ocrx_word' id='word_1_7' title='bbox 1750 447 2046 515; x_wconf 76' lang='lat' dir='ltr'><strong>mirabilius</strong></span> 
     </span>
    </p>
   </div>
   <div class='ocr_carea' id='block_1_3' title="bbox 458 543 2046 616">
    <p class='ocr_par' dir='ltr' id='par_1_3' title="bbox 458 543 2046 616">
     <span class='ocr_line' id='line_1_3' title="bbox 458 543 2046 616; baseline -0.004 -13"><span class='ocrx_word' id='word_1_8' title='bbox 458 558 593 615; x_wconf 81' lang='lat' dir='ltr'><strong>erat,</strong></span> <span class='ocrx_word' id='word_1_9' title='bbox 626 547 892 604; x_wconf 81' lang='lat' dir='ltr'><strong>ﬂammam</strong></span> <span class='ocrx_word' id='word_1_10' title='bbox 925 546 1198 603; x_wconf 73' lang='lat' dir='ltr'><strong>ardentem</strong></span> <span class='ocrx_word' id='word_1_11' title='bbox 1241 546 1390 616; x_wconf 85' lang='lat' dir='ltr'><strong>quasi</strong></span> <span class='ocrx_word' id='word_1_12' title='bbox 1443 546 1609 601; x_wconf 90' lang='lat' dir='ltr'><strong>lutum</strong></span> <span class='ocrx_word' id='word_1_13' title='bbox 1650 543 1871 612; x_wconf 81' lang='lat' dir='ltr'><strong>pedibus</strong></span> <span class='ocrx_word' id='word_1_14' title='bbox 1912 557 2046 597; x_wconf 88' lang='lat' dir='ltr'><strong>con-</strong></span> 
     </span>
    </p>
   </div>
   <div class='ocr_carea' id='block_1_4' title="bbox 457 632 2048 710">
    <p class='ocr_par' dir='ltr' id='par_1_4' title="bbox 457 632 2048 710">
     <span class='ocr_line' id='line_1_4' title="bbox 457 632 2048 710; baseline -0.006 -13"><span class='ocrx_word' id='word_1_15' title='bbox 457 640 755 697; x_wconf 86' lang='lat' dir='ltr'><strong>culcabant.</strong></span> <span class='ocrx_word' id='word_1_16' title='bbox 794 638 1033 710; x_wconf 82' lang='lat' dir='ltr'><strong>Hymnus</strong></span> <span class='ocrx_word' id='word_1_17' title='bbox 1060 637 1160 692; x_wconf 83' lang='lat' dir='ltr'><strong>iste</strong></span> <span class='ocrx_word' id='word_1_18' title='bbox 1197 636 1250 690; x_wconf 93' lang='lat' dir='ltr'><strong>in</strong></span> <span class='ocrx_word' id='word_1_19' title='bbox 1280 649 1551 692; x_wconf 89' lang='lat' dir='ltr'><strong>carcerem</strong></span> <span class='ocrx_word' id='word_1_20' title='bbox 1597 635 1886 706; x_wconf 80' lang='lat' dir='ltr'><strong>ingressus,</strong></span> <span class='ocrx_word' id='word_1_21' title='bbox 1930 632 2048 687; x_wconf 86' lang='lat' dir='ltr'><strong>vin-</strong></span> 
     </span>
    </p>
   </div>
   <div class='ocr_carea' id='block_1_5' title="bbox 457 724 2040 797">
    <p class='ocr_par' dir='ltr' id='par_1_5' title="bbox 457 724 2040 797">
     <span class='ocr_line' id='line_1_5' title="bbox 457 724 2040 797; baseline -0.004 -14"><span class='ocrx_word' id='word_1_22' title='bbox 457 729 574 784; x_wconf 88' lang='lat' dir='ltr'><strong>cula</strong></span> <span class='ocrx_word' id='word_1_23' title='bbox 598 727 745 783; x_wconf 83' lang='lat' dir='ltr'><strong>Pauli</strong></span> <span class='ocrx_word' id='word_1_24' title='bbox 774 727 954 793; x_wconf 78' lang='lat' dir='ltr'><strong>solvit,</strong></span> <span class='ocrx_word' id='word_1_25' title='bbox 979 725 1168 797; x_wconf 89' lang='lat' dir='ltr'><strong>januas</strong></span> <span class='ocrx_word' id='word_1_26' title='bbox 1194 724 1425 781; x_wconf 89' lang='lat' dir='ltr'><strong>carceris</strong></span> <span class='ocrx_word' id='word_1_27' title='bbox 1451 725 1676 796; x_wconf 87' lang='lat' dir='ltr'><strong>aperuit,</strong></span> <span class='ocrx_word' id='word_1_28' title='bbox 1700 724 2040 783; x_wconf 85' lang='lat' dir='ltr'><strong>fundamenta</strong></span> 
     </span>
    </p>
   </div>
   <div class='ocr_carea' id='block_1_6' title="bbox 455 813 2040 886">
    <p class='ocr_par' dir='ltr' id='par_1_6' title="bbox 455 813 2040 886">
     <span class='ocr_line' id='line_1_6' title="bbox 455 813 2040 886; baseline -0.005 -9"><span class='ocrx_word' id='word_1_29' title='bbox 455 821 756 886; x_wconf 78' lang='lat' dir='ltr'><strong>concussit,</strong></span> <span class='ocrx_word' id='word_1_30' title='bbox 787 828 990 875; x_wconf 88' lang='lat' dir='ltr'><strong>terrore</strong></span> <span class='ocrx_word' id='word_1_31' title='bbox 1015 818 1181 873; x_wconf 91' lang='lat' dir='ltr'><strong>multo</strong></span> <span class='ocrx_word' id='word_1_32' title='bbox 1207 815 1482 873; x_wconf 77' lang='lat' dir='ltr'><strong>custodem</strong></span> <span class='ocrx_word' id='word_1_33' title='bbox 1517 814 1748 871; x_wconf 89' lang='lat' dir='ltr'><strong>carceris</strong></span> <span class='ocrx_word' id='word_1_34' title='bbox 1780 813 2040 884; x_wconf 79' lang='lat' dir='ltr'><strong>implevit.</strong></span> 
     </span>
    </p>
   </div>
   <div class='ocr_carea' id='block_1_7' title="bbox 456 904 2045 979">
    <p class='ocr_par' dir='ltr' id='par_1_7' title="bbox 456 904 2045 979">
     <span class='ocr_line' id='line_1_7' title="bbox 456 904 2045 979; baseline -0.005 -13"><span class='ocrx_word' id='word_1_35' title='bbox 456 911 586 968; x_wconf 84' lang='lat' dir='ltr'><strong>Nam</strong></span> <span class='ocrx_word' id='word_1_36' title='bbox 615 910 786 966; x_wconf 88' lang='lat' dir='ltr'><strong>media</strong></span> <span class='ocrx_word' id='word_1_37' title='bbox 811 918 991 977; x_wconf 89' lang='lat' dir='ltr'><strong>nocte,</strong></span> <span class='ocrx_word' id='word_1_38' title='bbox 1018 909 1208 979; x_wconf 89' lang='lat' dir='ltr'><strong>inquit,</strong></span> <span class='ocrx_word' id='word_1_39' title='bbox 1230 907 1459 979; x_wconf 84' lang='lat' dir='ltr'><strong>hymnos</strong></span> <span class='ocrx_word' id='word_1_40' title='bbox 1480 905 1742 962; x_wconf 88' lang='lat' dir='ltr'><strong>canebant</strong></span> <span class='ocrx_word' id='word_1_41' title='bbox 1769 904 1965 961; x_wconf 84' lang='lat' dir='ltr'><strong>Paulus</strong></span> <span class='ocrx_word' id='word_1_42' title='bbox 1990 915 2045 959; x_wconf 89' lang='lat' dir='ltr'><strong>et</strong></span> 
     </span>
    </p>
   </div>
   <div class='ocr_carea' id='block_1_8' title="bbox 455 995 2047 1072">
    <p class='ocr_par' dir='ltr' id='par_1_8' title="bbox 455 995 2047 1072">
     <span class='ocr_line' id='line_1_8' title="bbox 455 995 2047 1072; baseline -0.004 -15"><span class='ocrx_word' id='word_1_43' title='bbox 455 1002 594 1057; x_wconf 79' lang='lat' dir='ltr'><strong>Silus</strong></span> <span class='ocrx_word' id='word_1_44' title='bbox 639 1001 777 1072; x_wconf 82' lang='lat' dir='ltr'><strong>(Act.</strong></span> <span class='ocrx_word' id='word_1_45' title='bbox 823 1000 910 1055; x_wconf 90' lang='grc'><strong>16.</strong></span> <span class='ocrx_word' id='word_1_46' title='bbox 943 998 1056 1072; x_wconf 75' lang='grc'><strong>25).</strong></span> <span class='ocrx_word' id='word_1_47' title='bbox 1101 998 1303 1054; x_wconf 88' lang='lat' dir='ltr'><strong>Deinde</strong></span> <span class='ocrx_word' id='word_1_48' title='bbox 1346 1012 1474 1054; x_wconf 89' lang='lat' dir='ltr'><strong>vero</strong></span> <span class='ocrx_word' id='word_1_49' title='bbox 1517 997 1643 1069; x_wconf 90' lang='lat' dir='ltr'><strong>quid</strong></span> <span class='ocrx_word' id='word_1_50' title='bbox 1682 995 1876 1052; x_wconf 88' lang='lat' dir='ltr'><strong>factum</strong></span> <span class='ocrx_word' id='word_1_51' title='bbox 1921 996 2047 1051; x_wconf 82' lang='lat' dir='ltr'><strong>est?</strong></span> 
     </span>
    </p>
   </div>
   <div class='ocr_carea' id='block_1_9' title="bbox 461 1090 2044 1163">
    <p class='ocr_par' dir='ltr' id='par_1_9' title="bbox 461 1090 2044 1163">
     <span class='ocr_line' id='line_1_9' title="bbox 461 1090 2044 1163; baseline -0.001 -17"><span class='ocrx_word' id='word_1_52' title='bbox 461 1094 638 1162; x_wconf 85' lang='lat' dir='ltr'><strong>Quid?</strong></span> <span class='ocrx_word' id='word_1_53' title='bbox 664 1092 866 1149; x_wconf 88' lang='lat' dir='ltr'><strong>Novum</strong></span> <span class='ocrx_word' id='word_1_54' title='bbox 898 1092 1052 1163; x_wconf 82' lang='lat' dir='ltr'><strong>plane</strong></span> <span class='ocrx_word' id='word_1_55' title='bbox 1071 1090 1339 1163; x_wconf 88' lang='lat' dir='ltr'><strong>quidpiam</strong></span> <span class='ocrx_word' id='word_1_56' title='bbox 1370 1100 1423 1148; x_wconf 91' lang='lat' dir='ltr'><strong>et</strong></span> <span class='ocrx_word' id='word_1_57' title='bbox 1443 1091 1808 1162; x_wconf 88' lang='lat' dir='ltr'><strong>inopinatum:</strong></span> <span class='ocrx_word' id='word_1_58' title='bbox 1836 1090 2044 1146; x_wconf 84' lang='lat' dir='ltr'><strong>vincula</strong></span> 
     </span>
    </p>
   </div>
   <div class='ocr_carea' id='block_1_10' title="bbox 453 1182 2040 1255">
    <p class='ocr_par' dir='ltr' id='par_1_10' title="bbox 453 1182 2040 1255">
     <span class='ocr_line' id='line_1_10' title="bbox 453 1182 2040 1255; baseline -0.003 -17"><span class='ocrx_word' id='word_1_59' title='bbox 453 1185 625 1239; x_wconf 71' lang='lat' dir='ltr'><strong>soluta</strong></span> <span class='ocrx_word' id='word_1_60' title='bbox 651 1195 795 1250; x_wconf 91' lang='lat' dir='ltr'><strong>sunt,</strong></span> <span class='ocrx_word' id='word_1_61' title='bbox 822 1184 983 1239; x_wconf 91' lang='lat' dir='ltr'><strong>vincti</strong></span> <span class='ocrx_word' id='word_1_62' title='bbox 1022 1186 1225 1239; x_wconf 90' lang='lat' dir='ltr'><strong>solutos</strong></span> <span class='ocrx_word' id='word_1_63' title='bbox 1249 1183 1548 1255; x_wconf 89' lang='lat' dir='ltr'><strong>alligarunt.</strong></span> <span class='ocrx_word' id='word_1_64' title='bbox 1606 1184 1765 1252; x_wconf 82' lang='lat' dir='ltr'><strong>Atqui</strong></span> <span class='ocrx_word' id='word_1_65' title='bbox 1794 1182 2040 1238; x_wconf 85' lang='lat' dir='ltr'><strong>vinculo-</strong></span> 
     </span>
    </p>
   </div>
   <div class='ocr_carea' id='block_1_11' title="bbox 456 1275 2044 1346">
    <p class='ocr_par' dir='ltr' id='par_1_11' title="bbox 456 1275 2044 1346">
     <span class='ocr_line' id='line_1_11' title="bbox 456 1275 2044 1346; baseline -0.002 -15"><span class='ocrx_word' id='word_1_66' title='bbox 456 1294 572 1331; x_wconf 86' lang='lat' dir='ltr'><strong>rum</strong></span> <span class='ocrx_word' id='word_1_67' title='bbox 606 1287 788 1333; x_wconf 87' lang='lat' dir='ltr'><strong>natura</strong></span> <span class='ocrx_word' id='word_1_68' title='bbox 818 1286 921 1341; x_wconf 90' lang='lat' dir='ltr'><strong>est,</strong></span> <span class='ocrx_word' id='word_1_69' title='bbox 953 1277 1165 1346; x_wconf 80' lang='lat' dir='ltr'><strong>ligatum</strong></span> <span class='ocrx_word' id='word_1_70' title='bbox 1198 1276 1422 1333; x_wconf 83' lang='lat' dir='ltr'><strong>ﬁrmiter</strong></span> <span class='ocrx_word' id='word_1_71' title='bbox 1451 1275 1739 1345; x_wconf 86' lang='lat' dir='ltr'><strong>stringere,</strong></span> <span class='ocrx_word' id='word_1_72' title='bbox 1777 1283 1831 1331; x_wconf 89' lang='lat' dir='ltr'><strong>et</strong></span> <span class='ocrx_word' id='word_1_73' title='bbox 1858 1275 2044 1333; x_wconf 89' lang='lat' dir='ltr'><strong>subdi-</strong></span> 
     </span>
    </p>
   </div>
   <div class='ocr_carea' id='block_1_12' title="bbox 457 1366 2046 1441">
    <p class='ocr_par' dir='ltr' id='par_1_12' title="bbox 457 1366 2046 1441">
     <span class='ocr_line' id='line_1_12' title="bbox 457 1366 2046 1441; baseline -0.001 -19"><span class='ocrx_word' id='word_1_74' title='bbox 457 1378 565 1423; x_wconf 90' lang='lat' dir='ltr'><strong>tum</strong></span> <span class='ocrx_word' id='word_1_75' title='bbox 592 1378 772 1431; x_wconf 85' lang='lat' dir='ltr'><strong>tenere</strong></span> <span class='ocrx_word' id='word_1_76' title='bbox 797 1384 811 1421; x_wconf 89' lang='lat'><strong>:</strong></span> <span class='ocrx_word' id='word_1_77' title='bbox 844 1383 986 1422; x_wconf 91' lang='lat' dir='ltr'><strong>nunc</strong></span> <span class='ocrx_word' id='word_1_78' title='bbox 1011 1383 1138 1423; x_wconf 91' lang='lat' dir='ltr'><strong>vero</strong></span> <span class='ocrx_word' id='word_1_79' title='bbox 1165 1378 1345 1422; x_wconf 88' lang='lat' dir='ltr'><strong>custos</strong></span> <span class='ocrx_word' id='word_1_80' title='bbox 1365 1367 1599 1425; x_wconf 85' lang='lat' dir='ltr'><strong>carceris</strong></span> <span class='ocrx_word' id='word_1_81' title='bbox 1620 1367 1828 1423; x_wconf 88' lang='lat' dir='ltr'><strong>solutus</strong></span> <span class='ocrx_word' id='word_1_82' title='bbox 1857 1366 1924 1421; x_wconf 91' lang='lat' dir='ltr'><strong>ad</strong></span> <span class='ocrx_word' id='word_1_83' title='bbox 1951 1382 2046 1441; x_wconf 85' lang='lat' dir='ltr'><strong>pe—</strong></span> 
     </span>
    </p>
   </div>
   <div class='ocr_carea' id='block_1_13' title="bbox 453 1459 2044 1533">
    <p class='ocr_par' dir='ltr' id='par_1_13' title="bbox 453 1459 2044 1533">
     <span class='ocr_line' id='line_1_13' title="bbox 453 1459 2044 1533; baseline -0.001 -16"><span class='ocrx_word' id='word_1_84' title='bbox 453 1461 550 1519; x_wconf 91' lang='lat' dir='ltr'><strong>des</strong></span> <span class='ocrx_word' id='word_1_85' title='bbox 575 1462 726 1517; x_wconf 80' lang='lat' dir='ltr'><strong>Pauli</strong></span> <span class='ocrx_word' id='word_1_86' title='bbox 760 1462 899 1533; x_wconf 77' lang='lat' dir='ltr'><strong>ligati</strong></span> <span class='ocrx_word' id='word_1_87' title='bbox 942 1460 1106 1516; x_wconf 82' lang='lat' dir='ltr'><strong>venit.</strong></span> <span class='ocrx_word' id='word_1_88' title='bbox 1136 1459 1478 1515; x_wconf 88' lang='lat' dir='ltr'><strong>Vineulorum</strong></span> <span class='ocrx_word' id='word_1_89' title='bbox 1519 1460 1732 1531; x_wconf 86' lang='lat' dir='ltr'><strong>quidem</strong></span> <span class='ocrx_word' id='word_1_90' title='bbox 1770 1459 2044 1516; x_wconf 85' lang='lat' dir='ltr'><strong>sensiliqu</strong></span> 
     </span>
    </p>
   </div>
   <div class='ocr_carea' id='block_1_14' title="bbox 456 1552 2046 1622">
    <p class='ocr_par' dir='ltr' id='par_1_14' title="bbox 456 1552 2046 1622">
     <span class='ocr_line' id='line_1_14' title="bbox 456 1552 2046 1622; baseline -0.001 -13"><span class='ocrx_word' id='word_1_91' title='bbox 456 1564 642 1609; x_wconf 89' lang='lat' dir='ltr'><strong>natura</strong></span> <span class='ocrx_word' id='word_1_92' title='bbox 678 1565 780 1622; x_wconf 90' lang='lat' dir='ltr'><strong>est,</strong></span> <span class='ocrx_word' id='word_1_93' title='bbox 812 1555 1046 1609; x_wconf 90' lang='lat' dir='ltr'><strong>vinctum</strong></span> <span class='ocrx_word' id='word_1_94' title='bbox 1087 1553 1327 1611; x_wconf 90' lang='lat' dir='ltr'><strong>detinere</strong></span> <span class='ocrx_word' id='word_1_95' title='bbox 1354 1572 1366 1607; x_wconf 93' lang='lat'>:</span> <span class='ocrx_word' id='word_1_96' title='bbox 1397 1552 1728 1608; x_wconf 77' lang='lat' dir='ltr'><strong>vinculorum</strong></span> <span class='ocrx_word' id='word_1_97' title='bbox 1770 1560 1947 1607; x_wconf 87' lang='lat' dir='ltr'><strong>autem</strong></span> <span class='ocrx_word' id='word_1_98' title='bbox 1974 1553 2046 1608; x_wconf 89' lang='lat' dir='ltr'><strong>ob</strong></span> 
     </span>
    </p>
   </div>
   <div class='ocr_carea' id='block_1_15' title="bbox 455 1645 2045 1714">
    <p class='ocr_par' dir='ltr' id='par_1_15' title="bbox 455 1645 2045 1714">
     <span class='ocr_line' id='line_1_15' title="bbox 455 1645 2045 1714; baseline -0.001 -11"><span class='ocrx_word' id='word_1_99' title='bbox 455 1647 728 1703; x_wconf 88' lang='lat' dir='ltr'><strong>Christum</strong></span> <span class='ocrx_word' id='word_1_100' title='bbox 752 1656 895 1702; x_wconf 88' lang='lat' dir='ltr'><strong>tanta</strong></span> <span class='ocrx_word' id='word_1_101' title='bbox 921 1647 1001 1701; x_wconf 86' lang='lat' dir='ltr'><strong>vis</strong></span> <span class='ocrx_word' id='word_1_102' title='bbox 1022 1656 1104 1703; x_wconf 89' lang='lat' dir='ltr'><strong>est</strong></span> <span class='ocrx_word' id='word_1_103' title='bbox 1121 1649 1162 1714; x_wconf 74' lang='grc' dir='ltr'><strong>ι,</strong></span> <span class='ocrx_word' id='word_1_104' title='bbox 1186 1657 1243 1701; x_wconf 82' lang='grc' dir='ltr'><strong>ιιι</strong></span> <span class='ocrx_word' id='word_1_105' title='bbox 1264 1647 1470 1703; x_wconf 84' lang='lat' dir='ltr'><strong>solutos</strong></span> <span class='ocrx_word' id='word_1_106' title='bbox 1494 1646 1682 1701; x_wconf 85' lang='lat' dir='ltr'><strong>vinctis</strong></span> <span class='ocrx_word' id='word_1_107' title='bbox 1710 1645 1948 1702; x_wconf 90' lang='lat' dir='ltr'><strong>subditos</strong></span> <span class='ocrx_word' id='word_1_108' title='bbox 1967 1645 2045 1701; x_wconf 88' lang='lat' dir='ltr'><strong>fa-</strong></span> 
     </span>
    </p>
   </div>
   <div class='ocr_carea' id='block_1_16' title="bbox 452 1738 2046 1809">
    <p class='ocr_par' dir='ltr' id='par_1_16' title="bbox 452 1738 2046 1809">
     <span class='ocr_line' id='line_1_16' title="bbox 452 1738 2046 1809; baseline -0.001 -14"><span class='ocrx_word' id='word_1_109' title='bbox 452 1742 613 1796; x_wconf 87' lang='lat' dir='ltr'><strong>ciant.</strong></span> <span class='ocrx_word' id='word_1_110' title='bbox 656 1740 709 1795; x_wconf 90' lang='lat' dir='ltr'><strong>In</strong></span> <span class='ocrx_word' id='word_1_111' title='bbox 751 1740 1043 1799; x_wconf 80' lang='lat' dir='ltr'><strong>custodiam</strong></span> <span class='ocrx_word' id='word_1_112' title='bbox 1084 1740 1394 1796; x_wconf 87' lang='lat' dir='ltr'><strong>interiorem</strong></span> <span class='ocrx_word' id='word_1_113' title='bbox 1438 1740 1582 1809; x_wconf 89' lang='lat' dir='ltr'><strong>ipsos</strong></span> <span class='ocrx_word' id='word_1_114' title='bbox 1610 1738 1946 1808; x_wconf 72' lang='lat' dir='ltr'><strong>coniecerat;</strong></span> <span class='ocrx_word' id='word_1_115' title='bbox 1991 1747 2046 1794; x_wconf 92' lang='lat' dir='ltr'><strong>et</strong></span> 
     </span>
    </p>
   </div>
   <div class='ocr_carea' id='block_1_17' title="bbox 454 1830 2043 1901">
    <p class='ocr_par' dir='ltr' id='par_1_17' title="bbox 454 1830 2043 1901">
     <span class='ocr_line' id='line_1_17' title="bbox 454 1830 2043 1901; baseline 0.001 -16"><span class='ocrx_word' id='word_1_116' title='bbox 454 1847 573 1885; x_wconf 90' lang='lat' dir='ltr'><strong>cum</strong></span> <span class='ocrx_word' id='word_1_117' title='bbox 604 1832 745 1887; x_wconf 90' lang='lat' dir='ltr'><strong>intus</strong></span> <span class='ocrx_word' id='word_1_118' title='bbox 782 1840 983 1899; x_wconf 83' lang='lat' dir='ltr'><strong>essent,</strong></span> <span class='ocrx_word' id='word_1_119' title='bbox 1009 1830 1301 1887; x_wconf 71' lang='lat' dir='ltr'><strong>exteriores</strong></span> <span class='ocrx_word' id='word_1_120' title='bbox 1331 1839 1510 1901; x_wconf 88' lang='lat' dir='ltr'><strong>portas</strong></span> <span class='ocrx_word' id='word_1_121' title='bbox 1556 1838 1901 1900; x_wconf 88' lang='lat' dir='ltr'><strong>aperuerunt.</strong></span> <span class='ocrx_word' id='word_1_122' title='bbox 1938 1830 2043 1886; x_wconf 86' lang='lat' dir='ltr'><strong>Pe-</strong></span> 
     </span>
    </p>
   </div>
   <div class='ocr_carea' id='block_1_18' title="bbox 453 1918 2043 1995">
    <p class='ocr_par' dir='ltr' id='par_1_18' title="bbox 453 1918 2043 1995">
     <span class='ocr_line' id='line_1_18' title="bbox 453 1918 2043 1995; baseline -0.001 -17"><span class='ocrx_word' id='word_1_123' title='bbox 453 1922 547 1978; x_wconf 85' lang='lat' dir='ltr'><strong>des</strong></span> <span class='ocrx_word' id='word_1_124' title='bbox 576 1939 759 1980; x_wconf 90' lang='lat' dir='ltr'><strong>eorum</strong></span> <span class='ocrx_word' id='word_1_125' title='bbox 782 1924 923 1995; x_wconf 89' lang='lat' dir='ltr'><strong>ligno</strong></span> <span class='ocrx_word' id='word_1_126' title='bbox 950 1918 1363 1994; x_wconf 80' lang='lat' dir='ltr'><strong>compediverat,</strong></span> <span class='ocrx_word' id='word_1_127' title='bbox 1398 1930 1452 1977; x_wconf 89' lang='lat' dir='ltr'><strong>et</strong></span> <span class='ocrx_word' id='word_1_128' title='bbox 1480 1921 1646 1992; x_wconf 89' lang='lat' dir='ltr'><strong>pedes</strong></span> <span class='ocrx_word' id='word_1_129' title='bbox 1673 1936 1857 1976; x_wconf 88' lang='lat' dir='ltr'><strong>eorum</strong></span> <span class='ocrx_word' id='word_1_130' title='bbox 1892 1935 2043 1977; x_wconf 83' lang='lat' dir='ltr'><strong>eom-</strong></span> 
     </span>
    </p>
   </div>
   <div class='ocr_carea' id='block_1_19' title="bbox 456 2011 2045 2086">
    <p class='ocr_par' dir='ltr' id='par_1_19' title="bbox 456 2011 2045 2086">
     <span class='ocr_line' id='line_1_19' title="bbox 456 2011 2045 2086; baseline -0.001 -14"><span class='ocrx_word' id='word_1_131' title='bbox 456 2015 615 2086; x_wconf 88' lang='lat' dir='ltr'><strong>pediti</strong></span> <span class='ocrx_word' id='word_1_132' title='bbox 665 2016 890 2071; x_wconf 90' lang='lat' dir='ltr'><strong>aliorum</strong></span> <span class='ocrx_word' id='word_1_133' title='bbox 941 2029 1129 2070; x_wconf 91' lang='lat' dir='ltr'><strong>manus</strong></span> <span class='ocrx_word' id='word_1_134' title='bbox 1173 2014 1467 2072; x_wconf 86' lang='lat' dir='ltr'><strong>solverunt.</strong></span> <span class='ocrx_word' id='word_1_135' title='bbox 1515 2011 1719 2069; x_wconf 87' lang='lat' dir='ltr'><strong>Deinde</strong></span> <span class='ocrx_word' id='word_1_136' title='bbox 1765 2013 2045 2083; x_wconf 77' lang='lat' dir='ltr'><strong>procubuit</strong></span> 
     </span>
    </p>
   </div>
   <div class='ocr_carea' id='block_1_20' title="bbox 453 2105 2041 2179">
    <p class='ocr_par' dir='ltr' id='par_1_20' title="bbox 453 2105 2041 2179">
     <span class='ocr_line' id='line_1_20' title="bbox 453 2105 2041 2179; baseline -0.003 -16"><span class='ocrx_word' id='word_1_137' title='bbox 453 2116 575 2163; x_wconf 83' lang='lat' dir='ltr'><strong>ante</strong></span> <span class='ocrx_word' id='word_1_138' title='bbox 595 2122 739 2177; x_wconf 84' lang='lat' dir='ltr'><strong>eum,</strong></span> <span class='ocrx_word' id='word_1_139' title='bbox 778 2105 967 2179; x_wconf 87' lang='lat' dir='ltr'><strong>inquit,</strong></span> <span class='ocrx_word' id='word_1_140' title='bbox 990 2115 1170 2167; x_wconf 87' lang='lat' dir='ltr'><strong>custos</strong></span> <span class='ocrx_word' id='word_1_141' title='bbox 1210 2105 1463 2172; x_wconf 87' lang='lat' dir='ltr'><strong>carceris,</strong></span> <span class='ocrx_word' id='word_1_142' title='bbox 1498 2112 1763 2166; x_wconf 86' lang='lat' dir='ltr'><strong>metuens,</strong></span> <span class='ocrx_word' id='word_1_143' title='bbox 1791 2114 2041 2173; x_wconf 89' lang='lat' dir='ltr'><strong>tremens,</strong></span> 
     </span>
    </p>
   </div>
   <div class='ocr_carea' id='block_1_21' title="bbox 453 2195 2044 2272">
    <p class='ocr_par' dir='ltr' id='par_1_21' title="bbox 453 2195 2044 2272">
     <span class='ocr_line' id='line_1_21' title="bbox 453 2195 2044 2272; baseline -0.001 -17"><span class='ocrx_word' id='word_1_144' title='bbox 453 2202 689 2272; x_wconf 76' lang='lat' dir='ltr'><strong>gemens,</strong></span> <span class='ocrx_word' id='word_1_145' title='bbox 716 2201 926 2263; x_wconf 85' lang='lat' dir='ltr'><strong>anxius,</strong></span> <span class='ocrx_word' id='word_1_146' title='bbox 950 2199 1250 2272; x_wconf 81' lang='lat' dir='ltr'><strong>lacrymans</strong></span> <span class='ocrx_word' id='word_1_147' title='bbox 1275 2199 1413 2269; x_wconf 84' lang='lat' dir='ltr'><strong>(Act.</strong></span> <span class='ocrx_word' id='word_1_148' title='bbox 1447 2196 1534 2252; x_wconf 89' lang='grc'><strong>16.</strong></span> <span class='ocrx_word' id='word_1_149' title='bbox 1561 2195 1679 2266; x_wconf 73' lang='lat'><strong>29).</strong></span> <span class='ocrx_word' id='word_1_150' title='bbox 1704 2196 1842 2264; x_wconf 86' lang='lat' dir='ltr'><strong>Quid</strong></span> <span class='ocrx_word' id='word_1_151' title='bbox 1869 2205 2044 2254; x_wconf 86' lang='lat' dir='ltr'><strong>actum</strong></span> 
     </span>
    </p>
   </div>
   <div class='ocr_carea' id='block_1_22' title="bbox 455 2286 2046 2359">
    <p class='ocr_par' dir='ltr' id='par_1_22' title="bbox 455 2286 2046 2359">
     <span class='ocr_line' id='line_1_22' title="bbox 455 2286 2046 2359; baseline -0.001 -15"><span class='ocrx_word' id='word_1_152' title='bbox 455 2291 579 2345; x_wconf 87' lang='lat' dir='ltr'><strong>est?</strong></span> <span class='ocrx_word' id='word_1_153' title='bbox 605 2304 781 2343; x_wconf 88' lang='lat' dir='ltr'><strong>annon</strong></span> <span class='ocrx_word' id='word_1_154' title='bbox 805 2298 859 2343; x_wconf 91' lang='lat' dir='ltr'><strong>tu</strong></span> <span class='ocrx_word' id='word_1_155' title='bbox 887 2288 1149 2359; x_wconf 76' lang='lat' dir='ltr'><strong>alligasti?</strong></span> <span class='ocrx_word' id='word_1_156' title='bbox 1169 2303 1345 2343; x_wconf 90' lang='lat' dir='ltr'><strong>annon</strong></span> <span class='ocrx_word' id='word_1_157' title='bbox 1370 2296 1427 2343; x_wconf 90' lang='lat' dir='ltr'><strong>tu</strong></span> <span class='ocrx_word' id='word_1_158' title='bbox 1450 2288 1504 2342; x_wconf 91' lang='lat' dir='ltr'><strong>in</strong></span> <span class='ocrx_word' id='word_1_159' title='bbox 1521 2286 1760 2345; x_wconf 77' lang='lat' dir='ltr'><strong>CtlSlOdia</strong></span> <span class='ocrx_word' id='word_1_160' title='bbox 1787 2287 2046 2345; x_wconf 78' lang='lat' dir='ltr'><strong>tenuisti?</strong></span> 
     </span>
    </p>
   </div>
   <div class='ocr_carea' id='block_1_23' title="bbox 459 2378 2048 2453">
    <p class='ocr_par' dir='ltr' id='par_1_23' title="bbox 459 2378 2048 2453">
     <span class='ocr_line' id='line_1_23' title="bbox 459 2378 2048 2453; baseline -0.001 -17"><span class='ocrx_word' id='word_1_161' title='bbox 459 2383 657 2453; x_wconf 77' lang='lat' dir='ltr'><strong>Ecquid</strong></span> <span class='ocrx_word' id='word_1_162' title='bbox 689 2382 919 2448; x_wconf 90' lang='lat' dir='ltr'><strong>miraris,</strong></span> <span class='ocrx_word' id='word_1_163' title='bbox 948 2381 1131 2448; x_wconf 89' lang='lat' dir='ltr'><strong>homo,</strong></span> <span class='ocrx_word' id='word_1_164' title='bbox 1158 2381 1202 2436; x_wconf 90' lang='lat' dir='ltr'><strong>si</strong></span> <span class='ocrx_word' id='word_1_165' title='bbox 1228 2394 1499 2436; x_wconf 86' lang='lat' dir='ltr'><strong>carcerem</strong></span> <span class='ocrx_word' id='word_1_166' title='bbox 1530 2378 1766 2448; x_wconf 88' lang='lat' dir='ltr'><strong>aperuit,</strong></span> <span class='ocrx_word' id='word_1_167' title='bbox 1806 2378 2048 2447; x_wconf 80' lang='lat' dir='ltr'><strong>quando-</strong></span> 
     </span>
    </p>
   </div>
   <div class='ocr_carea' id='block_1_24' title="bbox 453 2462 2045 2542">
    <p class='ocr_par' dir='ltr' id='par_1_24' title="bbox 453 2462 2045 2542">
     <span class='ocr_line' id='line_1_24' title="bbox 453 2462 2045 2542; baseline 0 -18"><span class='ocrx_word' id='word_1_168' title='bbox 453 2473 668 2542; x_wconf 79' lang='lat' dir='ltr'><strong>quidem</strong></span> <span class='ocrx_word' id='word_1_169' title='bbox 719 2479 1035 2542; x_wconf 87' lang='lat' dir='ltr'><strong>potestatem</strong></span> <span class='ocrx_word' id='word_1_170' title='bbox 1087 2470 1291 2539; x_wconf 86' lang='lat' dir='ltr'><strong>accepit</strong></span> <span class='ocrx_word' id='word_1_171' title='bbox 1334 2462 1607 2539; x_wconf 82' lang='lat' dir='ltr'><strong>aperiendi</strong></span> <span class='ocrx_word' id='word_1_172' title='bbox 1651 2467 1847 2524; x_wconf 66' lang='lat' dir='ltr'><strong>crelos?</strong></span> <span class='ocrx_word' id='word_1_173' title='bbox 1891 2467 2045 2535; x_wconf 69' lang='lat' dir='ltr'><strong>Quc-</strong></span> 
     </span>
    </p>
   </div>
   <div class='ocr_carea' id='block_1_25' title="bbox 455 2558 2047 2635">
    <p class='ocr_par' dir='ltr' id='par_1_25' title="bbox 455 2558 2047 2635">
     <span class='ocr_line' id='line_1_25' title="bbox 455 2558 2047 2635; baseline -0.002 -18"><span class='ocrx_word' id='word_1_174' title='bbox 455 2580 667 2634; x_wconf 81' lang='lat' dir='ltr'><strong>cnmque</strong></span> <span class='ocrx_word' id='word_1_175' title='bbox 695 2564 985 2635; x_wconf 75' lang='lat' dir='ltr'><strong>ligareritis,</strong></span> <span class='ocrx_word' id='word_1_176' title='bbox 1014 2562 1201 2634; x_wconf 84' lang='lat' dir='ltr'><strong>inquit,</strong></span> <span class='ocrx_word' id='word_1_177' title='bbox 1231 2576 1382 2631; x_wconf 85' lang='lat' dir='ltr'><strong>super</strong></span> <span class='ocrx_word' id='word_1_178' title='bbox 1406 2569 1612 2626; x_wconf 85' lang='lat' dir='ltr'><strong>terram,</strong></span> <span class='ocrx_word' id='word_1_179' title='bbox 1650 2568 1794 2613; x_wconf 76' lang='lat' dir='ltr'><strong>erant</strong></span> <span class='ocrx_word' id='word_1_180' title='bbox 1819 2558 1979 2629; x_wconf 87' lang='lat' dir='ltr'><strong>ligata</strong></span> <span class='ocrx_word' id='word_1_181' title='bbox 1999 2568 2047 2614; x_wconf 87' lang='lat' dir='ltr'><strong>et</strong></span> 
     </span>
    </p>
   </div>
   <div class='ocr_carea' id='block_1_26' title="bbox 454 2654 2046 2727">
    <p class='ocr_par' dir='ltr' id='par_1_26' title="bbox 454 2654 2046 2727">
     <span class='ocr_line' id='line_1_26' title="bbox 454 2654 2046 2727; baseline -0.002 -17"><span class='ocrx_word' id='word_1_182' title='bbox 454 2659 505 2710; x_wconf 87' lang='lat' dir='ltr'><strong>in</strong></span> <span class='ocrx_word' id='word_1_183' title='bbox 535 2658 673 2711; x_wconf 70' lang='lat' dir='ltr'><strong>ralis</strong></span> <span class='ocrx_word' id='word_1_184' title='bbox 696 2671 715 2709; x_wconf 89' lang='lat'><strong><em>:</em></strong></span> <span class='ocrx_word' id='word_1_185' title='bbox 740 2665 786 2710; x_wconf 92' lang='lat' dir='ltr'><strong>et</strong></span> <span class='ocrx_word' id='word_1_186' title='bbox 829 2670 1154 2727; x_wconf 77' lang='lat' dir='ltr'><strong>quazcumque</strong></span> <span class='ocrx_word' id='word_1_187' title='bbox 1188 2654 1433 2708; x_wconf 85' lang='lat' dir='ltr'><strong>solveritis</strong></span> <span class='ocrx_word' id='word_1_188' title='bbox 1460 2670 1611 2724; x_wconf 87' lang='lat' dir='ltr'><strong>super</strong></span> <span class='ocrx_word' id='word_1_189' title='bbox 1652 2660 1859 2719; x_wconf 82' lang='lat' dir='ltr'><strong>terram,</strong></span> <span class='ocrx_word' id='word_1_190' title='bbox 1899 2661 2046 2708; x_wconf 87' lang='lat' dir='ltr'><strong>erunt</strong></span> 
     </span>
    </p>
   </div>
   <div class='ocr_carea' id='block_1_27' title="bbox 454 2744 2043 2819">
    <p class='ocr_par' dir='ltr' id='par_1_27' title="bbox 454 2744 2043 2819">
     <span class='ocr_line' id='line_1_27' title="bbox 454 2744 2043 2819; baseline -0.001 -16"><span class='ocrx_word' id='word_1_191' title='bbox 454 2749 619 2804; x_wconf 83' lang='lat' dir='ltr'><strong>solata</strong></span> <span class='ocrx_word' id='word_1_192' title='bbox 647 2758 692 2802; x_wconf 92' lang='lat' dir='ltr'><strong>et</strong></span> <span class='ocrx_word' id='word_1_193' title='bbox 720 2750 774 2802; x_wconf 89' lang='lat' dir='ltr'><strong>in</strong></span> <span class='ocrx_word' id='word_1_194' title='bbox 793 2747 929 2801; x_wconf 71' lang='lat' dir='ltr'><strong>cadis</strong></span> <span class='ocrx_word' id='word_1_195' title='bbox 957 2745 1168 2819; x_wconf 79' lang='lat' dir='ltr'><strong>(Matth.</strong></span> <span class='ocrx_word' id='word_1_196' title='bbox 1202 2746 1290 2801; x_wconf 87' lang='grc'><strong>18.</strong></span> <span class='ocrx_word' id='word_1_197' title='bbox 1315 2746 1429 2814; x_wconf 82' lang='grc'><strong>18).</strong></span> <span class='ocrx_word' id='word_1_198' title='bbox 1455 2746 1797 2805; x_wconf 85' lang='lat' dir='ltr'><strong>Peccatorum</strong></span> <span class='ocrx_word' id='word_1_199' title='bbox 1832 2744 2043 2803; x_wconf 87' lang='lat' dir='ltr'><strong>vincula</strong></span> 
     </span>
    </p>
   </div>
   <div class='ocr_carea' id='block_1_28' title="bbox 457 2836 2047 2911">
    <p class='ocr_par' dir='ltr' id='par_1_28' title="bbox 457 2836 2047 2911">
     <span class='ocr_line' id='line_1_28' title="bbox 457 2836 2047 2911; baseline -0.001 -17"><span class='ocrx_word' id='word_1_200' title='bbox 457 2843 647 2907; x_wconf 78' lang='lat' dir='ltr'><strong>solvit;</strong></span> <span class='ocrx_word' id='word_1_201' title='bbox 680 2840 803 2911; x_wconf 89' lang='lat' dir='ltr'><strong>quid</strong></span> <span class='ocrx_word' id='word_1_202' title='bbox 848 2839 1057 2895; x_wconf 85' lang='lat' dir='ltr'><strong>miraris</strong></span> <span class='ocrx_word' id='word_1_203' title='bbox 1084 2838 1129 2893; x_wconf 88' lang='lat' dir='ltr'><strong>si</strong></span> <span class='ocrx_word' id='word_1_204' title='bbox 1174 2837 1299 2892; x_wconf 89' lang='lat' dir='ltr'><strong>ferri</strong></span> <span class='ocrx_word' id='word_1_205' title='bbox 1344 2837 1551 2891; x_wconf 90' lang='lat' dir='ltr'><strong>vincula</strong></span> <span class='ocrx_word' id='word_1_206' title='bbox 1597 2836 1806 2893; x_wconf 88' lang='lat' dir='ltr'><strong>solvat?</strong></span> <span class='ocrx_word' id='word_1_207' title='bbox 1837 2836 2047 2893; x_wconf 81' lang='lat' dir='ltr'><strong>Daemo-</strong></span> 
     </span>
    </p>
   </div>
   <div class='ocr_carea' id='block_1_29' title="bbox 458 2928 2044 2999">
    <p class='ocr_par' dir='ltr' id='par_1_29' title="bbox 458 2928 2044 2999">
     <span class='ocr_line' id='line_1_29' title="bbox 458 2928 2044 2999; baseline -0.002 -11"><span class='ocrx_word' id='word_1_208' title='bbox 458 2950 581 2988; x_wconf 88' lang='lat' dir='ltr'><strong>num</strong></span> <span class='ocrx_word' id='word_1_209' title='bbox 615 2933 819 2988; x_wconf 85' lang='lat' dir='ltr'><strong>vincula</strong></span> <span class='ocrx_word' id='word_1_210' title='bbox 851 2932 1026 2995; x_wconf 84' lang='lat' dir='ltr'><strong>solvit,</strong></span> <span class='ocrx_word' id='word_1_211' title='bbox 1062 2932 1267 2985; x_wconf 89' lang='lat' dir='ltr'><strong>animas</strong></span> <span class='ocrx_word' id='word_1_212' title='bbox 1298 2930 1365 2986; x_wconf 90' lang='lat' dir='ltr'><strong>ab</strong></span> <span class='ocrx_word' id='word_1_213' title='bbox 1408 2930 1510 2985; x_wconf 91' lang='lat' dir='ltr'><strong>illis</strong></span> <span class='ocrx_word' id='word_1_214' title='bbox 1540 2929 1743 2984; x_wconf 89' lang='lat' dir='ltr'><strong>vinctas</strong></span> <span class='ocrx_word' id='word_1_215' title='bbox 1767 2928 2044 2999; x_wconf 72' lang='lat' dir='ltr'><strong>liberavit;</strong></span> 
     </span>
    </p>
   </div>
   <div class='ocr_carea' id='block_1_30' title="bbox 456 3022 2045 3098">
    <p class='ocr_par' dir='ltr' id='par_1_30' title="bbox 456 3022 2045 3098">
     <span class='ocr_line' id='line_1_30' title="bbox 456 3022 2045 3098; baseline -0.001 -18"><span class='ocrx_word' id='word_1_216' title='bbox 456 3026 582 3098; x_wconf 85' lang='lat' dir='ltr'><strong>quid</strong></span> <span class='ocrx_word' id='word_1_217' title='bbox 616 3026 827 3080; x_wconf 88' lang='lat' dir='ltr'><strong>miraris</strong></span> <span class='ocrx_word' id='word_1_218' title='bbox 855 3026 898 3079; x_wconf 88' lang='lat' dir='ltr'><strong>si</strong></span> <span class='ocrx_word' id='word_1_219' title='bbox 929 3024 1222 3079; x_wconf 89' lang='lat' dir='ltr'><strong>vinctorum</strong></span> <span class='ocrx_word' id='word_1_220' title='bbox 1251 3033 1465 3078; x_wconf 87' lang='lat' dir='ltr'><strong>catenas</strong></span> <span class='ocrx_word' id='word_1_221' title='bbox 1487 3022 1683 3077; x_wconf 86' lang='lat' dir='ltr'><strong>solvit?</strong></span> <span class='ocrx_word' id='word_1_222' title='bbox 1709 3024 1781 3077; x_wconf 86' lang='lat' dir='ltr'><strong>At</strong></span> <span class='ocrx_word' id='word_1_223' title='bbox 1805 3022 1924 3079; x_wconf 86' lang='lat' dir='ltr'><strong>vide</strong></span> <span class='ocrx_word' id='word_1_224' title='bbox 1947 3023 2045 3079; x_wconf 85' lang='lat' dir='ltr'><strong>du-</strong></span> 
     </span>
    </p>
   </div>
   <div class='ocr_carea' id='block_1_31' title="bbox 460 3112 2046 3188">
    <p class='ocr_par' dir='ltr' id='par_1_31' title="bbox 460 3112 2046 3188">
     <span class='ocr_line' id='line_1_31' title="bbox 460 3112 2046 3188; baseline 0.001 -20"><span class='ocrx_word' id='word_1_225' title='bbox 460 3119 581 3188; x_wconf 72' lang='lat' dir='ltr'><strong>plex</strong></span> <span class='ocrx_word' id='word_1_226' title='bbox 618 3114 932 3175; x_wconf 85' lang='lat' dir='ltr'><strong>miraculum</strong></span> <span class='ocrx_word' id='word_1_227' title='bbox 961 3131 975 3174; x_wconf 92' lang='lat'><strong>:</strong></span> <span class='ocrx_word' id='word_1_228' title='bbox 1007 3115 1167 3170; x_wconf 87' lang='lat' dir='ltr'><strong>solvit</strong></span> <span class='ocrx_word' id='word_1_229' title='bbox 1191 3117 1382 3170; x_wconf 89' lang='lat' dir='ltr'><strong>iterum</strong></span> <span class='ocrx_word' id='word_1_230' title='bbox 1411 3123 1462 3169; x_wconf 89' lang='lat' dir='ltr'><strong>et</strong></span> <span class='ocrx_word' id='word_1_231' title='bbox 1489 3113 1688 3185; x_wconf 81' lang='lat' dir='ltr'><strong>ligavit.</strong></span> <span class='ocrx_word' id='word_1_232' title='bbox 1717 3112 1885 3169; x_wconf 88' lang='lat' dir='ltr'><strong>Solvit</strong></span> <span class='ocrx_word' id='word_1_233' title='bbox 1904 3116 2046 3175; x_wconf 88' lang='lat' dir='ltr'><strong>enim</strong></span> 
     </span>
    </p>
   </div>
   <div class='ocr_carea' id='block_1_32' title="bbox 460 3209 2048 3283">
    <p class='ocr_par' dir='ltr' id='par_1_32' title="bbox 460 3209 2048 3283">
     <span class='ocr_line' id='line_1_32' title="bbox 460 3209 2048 3283; baseline 0.003 -18"><span class='ocrx_word' id='word_1_234' title='bbox 460 3211 688 3278; x_wconf 87' lang='lat' dir='ltr'><strong>vincula,</strong></span> <span class='ocrx_word' id='word_1_235' title='bbox 736 3210 918 3283; x_wconf 78' lang='lat' dir='ltr'><strong>ligavit</strong></span> <span class='ocrx_word' id='word_1_236' title='bbox 945 3220 1122 3267; x_wconf 90' lang='lat' dir='ltr'><strong>autem</strong></span> <span class='ocrx_word' id='word_1_237' title='bbox 1150 3225 1246 3271; x_wconf 82' lang='lat' dir='ltr'><strong>cor</strong></span> <span class='ocrx_word' id='word_1_238' title='bbox 1272 3210 1508 3271; x_wconf 88' lang='lat' dir='ltr'><strong>illorum.</strong></span> <span class='ocrx_word' id='word_1_239' title='bbox 1536 3209 1688 3280; x_wconf 87' lang='lat' dir='ltr'><strong>Quod</strong></span> <span class='ocrx_word' id='word_1_240' title='bbox 1713 3211 1856 3267; x_wconf 89' lang='lat' dir='ltr'><strong>enim</strong></span> <span class='ocrx_word' id='word_1_241' title='bbox 1886 3211 2048 3269; x_wconf 87' lang='lat' dir='ltr'><strong>soluti</strong></span> 
     </span>
    </p>
   </div>
   <div class='ocr_carea' id='block_1_33' title="bbox 459 3303 2046 3375">
    <p class='ocr_par' dir='ltr' id='par_1_33' title="bbox 459 3303 2046 3375">
     <span class='ocr_line' id='line_1_33' title="bbox 459 3303 2046 3375; baseline 0.003 -18"><span class='ocrx_word' id='word_1_242' title='bbox 459 3314 641 3361; x_wconf 79' lang='lat' dir='ltr'><strong>essent</strong></span> <span class='ocrx_word' id='word_1_243' title='bbox 670 3305 1003 3375; x_wconf 79' lang='lat' dir='ltr'><strong>ignorabant.</strong></span> <span class='ocrx_word' id='word_1_244' title='bbox 1031 3304 1255 3374; x_wconf 80' lang='lat' dir='ltr'><strong>Aperuit</strong></span> <span class='ocrx_word' id='word_1_245' title='bbox 1269 3312 1324 3360; x_wconf 89' lang='lat' dir='ltr'><strong>et</strong></span> <span class='ocrx_word' id='word_1_246' title='bbox 1346 3303 1574 3360; x_wconf 87' lang='lat' dir='ltr'><strong>clausit:</strong></span> <span class='ocrx_word' id='word_1_247' title='bbox 1600 3303 1810 3373; x_wconf 89' lang='lat' dir='ltr'><strong>aperuit</strong></span> <span class='ocrx_word' id='word_1_248' title='bbox 1831 3305 2046 3375; x_wconf 81' lang='lat' dir='ltr'><strong>quidem</strong></span> 
     </span>
    </p>
   </div>
   <div class='ocr_carea' id='block_1_34' title="bbox 461 3394 2047 3462">
    <p class='ocr_par' dir='ltr' id='par_1_34' title="bbox 461 3394 2047 3462">
     <span class='ocr_line' id='line_1_34' title="bbox 461 3394 2047 3462; baseline 0.001 -14"><span class='ocrx_word' id='word_1_249' title='bbox 461 3396 691 3451; x_wconf 86' lang='lat' dir='ltr'><strong>carceris</strong></span> <span class='ocrx_word' id='word_1_250' title='bbox 735 3395 896 3462; x_wconf 88' lang='lat' dir='ltr'><strong>fores,</strong></span> <span class='ocrx_word' id='word_1_251' title='bbox 924 3394 1113 3450; x_wconf 87' lang='lat' dir='ltr'><strong>clausit</strong></span> <span class='ocrx_word' id='word_1_252' title='bbox 1147 3409 1276 3450; x_wconf 85' lang='lat' dir='ltr'><strong>vero</strong></span> <span class='ocrx_word' id='word_1_253' title='bbox 1314 3394 1497 3450; x_wconf 88' lang='lat' dir='ltr'><strong>oculos</strong></span> <span class='ocrx_word' id='word_1_254' title='bbox 1525 3396 1701 3450; x_wconf 86' lang='lat' dir='ltr'><strong>cordis</strong></span> <span class='ocrx_word' id='word_1_255' title='bbox 1730 3396 2047 3459; x_wconf 88' lang='lat' dir='ltr'><strong>vinctorum,</strong></span> 
     </span>
    </p>
   </div>
   <div class='ocr_carea' id='block_1_35' title="bbox 462 3486 2047 3557">
    <p class='ocr_par' dir='ltr' id='par_1_35' title="bbox 462 3486 2047 3557">
     <span class='ocr_line' id='line_1_35' title="bbox 462 3486 2047 3557; baseline -0.001 -15"><span class='ocrx_word' id='word_1_256' title='bbox 462 3489 597 3544; x_wconf 88' lang='lat' dir='ltr'><strong>adeo</strong></span> <span class='ocrx_word' id='word_1_257' title='bbox 617 3496 677 3543; x_wconf 86' lang='lat' dir='ltr'><strong>ut</strong></span> <span class='ocrx_word' id='word_1_258' title='bbox 704 3502 808 3542; x_wconf 94' lang='lat' dir='ltr'><strong>non</strong></span> <span class='ocrx_word' id='word_1_259' title='bbox 848 3487 1117 3543; x_wconf 86' lang='lat' dir='ltr'><strong>senserint</strong></span> <span class='ocrx_word' id='word_1_260' title='bbox 1147 3486 1339 3556; x_wconf 89' lang='lat' dir='ltr'><strong>januas</strong></span> <span class='ocrx_word' id='word_1_261' title='bbox 1367 3501 1488 3542; x_wconf 88' lang='lat' dir='ltr'><strong>esse</strong></span> <span class='ocrx_word' id='word_1_262' title='bbox 1527 3495 1763 3557; x_wconf 89' lang='lat' dir='ltr'><strong>apertas,</strong></span> <span class='ocrx_word' id='word_1_263' title='bbox 1791 3502 1859 3541; x_wconf 92' lang='lat' dir='ltr'><strong>ne</strong></span> <span class='ocrx_word' id='word_1_264' title='bbox 1886 3487 2047 3542; x_wconf 91' lang='lat' dir='ltr'><strong>liber-</strong></span> 
     </span>
    </p>
   </div>
   <div class='ocr_carea' id='block_1_36' title="bbox 464 3576 2050 3649">
    <p class='ocr_par' dir='ltr' id='par_1_36' title="bbox 464 3576 2050 3649">
     <span class='ocr_line' id='line_1_36' title="bbox 464 3576 2050 3649; baseline 0 -16"><span class='ocrx_word' id='word_1_265' title='bbox 464 3588 571 3635; x_wconf 75' lang='lat' dir='ltr'><strong>L-tte</strong></span> <span class='ocrx_word' id='word_1_266' title='bbox 607 3580 685 3633; x_wconf 92' lang='lat' dir='ltr'><strong>usi</strong></span> <span class='ocrx_word' id='word_1_267' title='bbox 715 3579 767 3634; x_wconf 93' lang='lat' dir='ltr'><strong>in</strong></span> <span class='ocrx_word' id='word_1_268' title='bbox 793 3577 971 3649; x_wconf 84' lang='lat' dir='ltr'><strong>fugam</strong></span> <span class='ocrx_word' id='word_1_269' title='bbox 1011 3592 1070 3633; x_wconf 89' lang='lat' dir='ltr'><strong>se</strong></span> <span class='ocrx_word' id='word_1_270' title='bbox 1112 3577 1318 3633; x_wconf 88' lang='lat' dir='ltr'><strong>darent.</strong></span> <span class='ocrx_word' id='word_1_271' title='bbox 1349 3576 1545 3632; x_wconf 86' lang='lat' dir='ltr'><strong>Vidisti</strong></span> <span class='ocrx_word' id='word_1_272' title='bbox 1571 3576 1822 3648; x_wconf 77' lang='lat' dir='ltr'><strong>ligantem</strong></span> <span class='ocrx_word' id='word_1_273' title='bbox 1857 3586 1911 3633; x_wconf 91' lang='lat' dir='ltr'><strong>et</strong></span> <span class='ocrx_word' id='word_1_274' title='bbox 1939 3579 2050 3633; x_wconf 85' lang='lat' dir='ltr'><strong>sol-</strong></span> 
     </span>
    </p>
   </div>
   <div class='ocr_carea' id='block_1_37' title="bbox 468 3667 1535 3740">
    <p class='ocr_par' dir='ltr' id='par_1_37' title="bbox 468 3667 1535 3740">
     <span class='ocr_line' id='line_1_37' title="bbox 468 3667 1535 3740; baseline 0 -18"><span class='ocrx_word' id='word_1_275' title='bbox 468 3678 702 3737; x_wconf 84' lang='lat' dir='ltr'><strong>ventem,</strong></span> <span class='ocrx_word' id='word_1_276' title='bbox 730 3670 1055 3740; x_wconf 88' lang='lat' dir='ltr'><strong>aperientem</strong></span> <span class='ocrx_word' id='word_1_277' title='bbox 1078 3677 1132 3724; x_wconf 91' lang='lat' dir='ltr'><strong>et</strong></span> <span class='ocrx_word' id='word_1_278' title='bbox 1154 3667 1535 3723; x_wconf 84' lang='lat' dir='ltr'><strong>claudentem?</strong></span> 
     </span>
    </p>
   </div>
   <div class='ocr_carea' id='block_1_38' title="bbox 536 3758 2053 3832">
    <p class='ocr_par' dir='ltr' id='par_1_38' title="bbox 536 3758 2053 3832">
     <span class='ocr_line' id='line_1_38' title="bbox 536 3758 2053 3832; baseline 0 -16"><span class='ocrx_word' id='word_1_279' title='bbox 536 3762 590 3817; x_wconf 69' lang='grc'><strong>4.</strong></span> <span class='ocrx_word' id='word_1_280' title='bbox 620 3761 848 3832; x_wconf 81' lang='lat' dir='ltr'><strong>Apostoli</strong></span> <span class='ocrx_word' id='word_1_281' title='bbox 877 3760 1005 3814; x_wconf 80' lang='lat' dir='ltr'><strong>nihil</strong></span> <span class='ocrx_word' id='word_1_282' title='bbox 1023 3759 1091 3813; x_wconf 85' lang='lat' dir='ltr'><strong>ad</strong></span> <span class='ocrx_word' id='word_1_283' title='bbox 1129 3759 1511 3814; x_wconf 73' lang='lat' dir='ltr'><strong>ostentationem</strong></span> <span class='ocrx_word' id='word_1_284' title='bbox 1539 3759 1809 3829; x_wconf 75' lang='lat' dir='ltr'><strong>faciebant.</strong></span> <span class='ocrx_word' id='word_1_285' title='bbox 1837 3789 1908 3799; x_wconf 92' lang='lat'><strong><em>—</em></strong></span> <span class='ocrx_word' id='word_1_286' title='bbox 1929 3758 2053 3816; x_wconf 87' lang='lat' dir='ltr'><strong>Ideo</strong></span> 
     </span>
    </p>
   </div>
   <div class='ocr_carea' id='block_1_39' title="bbox 469 3849 2055 3922">
    <p class='ocr_par' dir='ltr' id='par_1_39' title="bbox 469 3849 2055 3922">
     <span class='ocr_line' id='line_1_39' title="bbox 469 3849 2055 3922; baseline 0.002 -19"><span class='ocrx_word' id='word_1_287' title='bbox 469 3853 582 3907; x_wconf 62' lang='lat' dir='ltr'><strong>haec</strong></span> <span class='ocrx_word' id='word_1_288' title='bbox 603 3860 763 3907; x_wconf 87' lang='lat' dir='ltr'><strong>uoetu</strong></span> <span class='ocrx_word' id='word_1_289' title='bbox 783 3849 919 3907; x_wconf 90' lang='lat' dir='ltr'><strong>facta</strong></span> <span class='ocrx_word' id='word_1_290' title='bbox 943 3861 1088 3918; x_wconf 90' lang='lat' dir='ltr'><strong>sunt,</strong></span> <span class='ocrx_word' id='word_1_291' title='bbox 1114 3860 1170 3905; x_wconf 90' lang='lat' dir='ltr'><strong>ut</strong></span> <span class='ocrx_word' id='word_1_292' title='bbox 1187 3850 1303 3905; x_wconf 89' lang='lat' dir='ltr'><strong>sine</strong></span> <span class='ocrx_word' id='word_1_293' title='bbox 1325 3850 1551 3905; x_wconf 88' lang='lat' dir='ltr'><strong>tumultu</strong></span> <span class='ocrx_word' id='word_1_294' title='bbox 1569 3859 1625 3905; x_wconf 91' lang='lat' dir='ltr'><strong>et</strong></span> <span class='ocrx_word' id='word_1_295' title='bbox 1642 3851 1757 3906; x_wconf 91' lang='lat' dir='ltr'><strong>sine</strong></span> <span class='ocrx_word' id='word_1_296' title='bbox 1778 3851 2055 3922; x_wconf 89' lang='lat' dir='ltr'><strong>perturba-</strong></span> 
     </span>
    </p>
   </div>
   <div class='ocr_carea' id='block_1_40' title="bbox 467 3941 2056 4015">
    <p class='ocr_par' dir='ltr' id='par_1_40' title="bbox 467 3941 2056 4015">
     <span class='ocr_line' id='line_1_40' title="bbox 467 3941 2056 4015; baseline -0.002 -16"><span class='ocrx_word' id='word_1_297' title='bbox 467 3946 613 3999; x_wconf 82' lang='lat' dir='ltr'><strong>tione</strong></span> <span class='ocrx_word' id='word_1_298' title='bbox 641 3958 728 3999; x_wconf 87' lang='lat' dir='ltr'><strong>res</strong></span> <span class='ocrx_word' id='word_1_299' title='bbox 769 3947 1034 4015; x_wconf 76' lang='lat' dir='ltr'><strong>ageretur.</strong></span> <span class='ocrx_word' id='word_1_300' title='bbox 1062 3941 1205 3997; x_wconf 83' lang='lat' dir='ltr'><strong>Nihil</strong></span> <span class='ocrx_word' id='word_1_301' title='bbox 1230 3941 1373 3998; x_wconf 90' lang='lat' dir='ltr'><strong>enim</strong></span> <span class='ocrx_word' id='word_1_302' title='bbox 1404 3957 1499 4012; x_wconf 86' lang='lat' dir='ltr'><strong>per</strong></span> <span class='ocrx_word' id='word_1_303' title='bbox 1536 3941 1943 3997; x_wconf 88' lang='lat' dir='ltr'><strong>ostentationem</strong></span> <span class='ocrx_word' id='word_1_304' title='bbox 1969 3942 2056 3998; x_wconf 88' lang='lat' dir='ltr'><strong>vel</strong></span> 
     </span>
    </p>
   </div>
   <div class='ocr_carea' id='block_1_41' title="bbox 470 4031 2057 4106">
    <p class='ocr_par' dir='ltr' id='par_1_41' title="bbox 470 4031 2057 4106">
     <span class='ocr_line' id='line_1_41' title="bbox 470 4031 2057 4106; baseline -0.002 -16"><span class='ocrx_word' id='word_1_305' title='bbox 470 4051 564 4106; x_wconf 77' lang='lat' dir='ltr'><strong>per</strong></span> <span class='ocrx_word' id='word_1_306' title='bbox 584 4035 924 4091; x_wconf 87' lang='lat' dir='ltr'><strong>ambitionem</strong></span> <span class='ocrx_word' id='word_1_307' title='bbox 951 4032 1216 4089; x_wconf 86' lang='lat' dir='ltr'><strong>faciebant</strong></span> <span class='ocrx_word' id='word_1_308' title='bbox 1243 4033 1489 4103; x_wconf 88' lang='lat' dir='ltr'><strong>apostoli.</strong></span> <span class='ocrx_word' id='word_1_309' title='bbox 1512 4031 1801 4088; x_wconf 89' lang='lat' dir='ltr'><strong>Procubuit</strong></span> <span class='ocrx_word' id='word_1_310' title='bbox 1821 4040 1944 4087; x_wconf 89' lang='lat' dir='ltr'><strong>ante</strong></span> <span class='ocrx_word' id='word_1_311' title='bbox 1964 4048 2057 4104; x_wconf 85' lang='lat' dir='ltr'><strong>pe-</strong></span> 
     </span>
    </p>
   </div>
   <div class='ocr_carea' id='block_1_42' title="bbox 471 4123 2055 4198">
    <p class='ocr_par' dir='ltr' id='par_1_42' title="bbox 471 4123 2055 4198">
     <span class='ocr_line' id='line_1_42' title="bbox 471 4123 2055 4198; baseline 0 -17"><span class='ocrx_word' id='word_1_312' title='bbox 471 4129 569 4183; x_wconf 82' lang='lat' dir='ltr'><strong>des</strong></span> <span class='ocrx_word' id='word_1_313' title='bbox 595 4128 710 4198; x_wconf 83' lang='lat' dir='ltr'><strong>ejus</strong></span> <span class='ocrx_word' id='word_1_314' title='bbox 752 4124 984 4182; x_wconf 88' lang='lat' dir='ltr'><strong>carceris</strong></span> <span class='ocrx_word' id='word_1_315' title='bbox 1007 4134 1207 4181; x_wconf 90' lang='lat' dir='ltr'><strong>custos.</strong></span> <span class='ocrx_word' id='word_1_316' title='bbox 1239 4123 1377 4193; x_wconf 83' lang='lat' dir='ltr'><strong>Quid</strong></span> <span class='ocrx_word' id='word_1_317' title='bbox 1422 4123 1581 4195; x_wconf 91' lang='lat' dir='ltr'><strong>igitur</strong></span> <span class='ocrx_word' id='word_1_318' title='bbox 1606 4123 1840 4180; x_wconf 86' lang='lat' dir='ltr'><strong>Paulus?</strong></span> <span class='ocrx_word' id='word_1_319' title='bbox 1866 4124 2055 4181; x_wconf 84' lang='lat' dir='ltr'><strong>Vidisti</strong></span> 
     </span>
    </p>
   </div>
   <div class='ocr_carea' id='block_1_43' title="bbox 473 4215 2058 4289">
    <p class='ocr_par' dir='ltr' id='par_1_43' title="bbox 473 4215 2058 4289">
     <span class='ocr_line' id='line_1_43' title="bbox 473 4215 2058 4289; baseline -0.001 -16"><span class='ocrx_word' id='word_1_320' title='bbox 473 4222 591 4289; x_wconf 81' lang='lat' dir='ltr'><strong>ejus</strong></span> <span class='ocrx_word' id='word_1_321' title='bbox 633 4217 987 4276; x_wconf 79' lang='lat' dir='ltr'><strong>miraculum?</strong></span> <span class='ocrx_word' id='word_1_322' title='bbox 1026 4216 1201 4272; x_wconf 88' lang='lat' dir='ltr'><strong>vidisti</strong></span> <span class='ocrx_word' id='word_1_323' title='bbox 1244 4215 1360 4286; x_wconf 90' lang='lat' dir='ltr'><strong>ejus</strong></span> <span class='ocrx_word' id='word_1_324' title='bbox 1402 4215 1659 4286; x_wconf 88' lang='lat' dir='ltr'><strong>stupenda</strong></span> <span class='ocrx_word' id='word_1_325' title='bbox 1695 4216 1894 4286; x_wconf 86' lang='lat' dir='ltr'><strong>opera?</strong></span> <span class='ocrx_word' id='word_1_326' title='bbox 1925 4215 2058 4272; x_wconf 90' lang='lat' dir='ltr'><strong>Vide</strong></span> 
     </span>
    </p>
   </div>
   <div class='ocr_carea' id='block_1_44' title="bbox 472 4305 2059 4381">
    <p class='ocr_par' dir='ltr' id='par_1_44' title="bbox 472 4305 2059 4381">
     <span class='ocr_line' id='line_1_44' title="bbox 472 4305 2059 4381; baseline -0.003 -17"><span class='ocrx_word' id='word_1_327' title='bbox 472 4311 590 4381; x_wconf 76' lang='lat' dir='ltr'><strong>ejus</strong></span> <span class='ocrx_word' id='word_1_328' title='bbox 615 4307 1048 4375; x_wconf 86' lang='lat' dir='ltr'><strong>sollicitudinem,</strong></span> <span class='ocrx_word' id='word_1_329' title='bbox 1078 4307 1200 4361; x_wconf 90' lang='lat' dir='ltr'><strong>vide</strong></span> <span class='ocrx_word' id='word_1_330' title='bbox 1229 4306 1632 4361; x_wconf 86' lang='lat' dir='ltr'><strong>humanitatem.</strong></span> <span class='ocrx_word' id='word_1_331' title='bbox 1666 4305 1984 4361; x_wconf 73' lang='lat' dir='ltr'><strong>Exclamavit</strong></span> <span class='ocrx_word' id='word_1_332' title='bbox 2011 4315 2059 4362; x_wconf 90' lang='lat' dir='ltr'><strong>et</strong></span> 
     </span>
    </p>
   </div>
   <div class='ocr_carea' id='block_1_45' title="bbox 474 4398 2059 4471">
    <p class='ocr_par' dir='ltr' id='par_1_45' title="bbox 474 4398 2059 4471">
     <span class='ocr_line' id='line_1_45' title="bbox 474 4398 2059 4471; baseline -0.003 -13"><span class='ocrx_word' id='word_1_333' title='bbox 474 4403 603 4458; x_wconf 75' lang='lat' dir='ltr'><strong>dixit</strong></span> <span class='ocrx_word' id='word_1_334' title='bbox 641 4417 660 4455; x_wconf 91' lang='lat'><strong><em>:</em></strong></span> <span class='ocrx_word' id='word_1_335' title='bbox 687 4399 834 4457; x_wconf 84' lang='lat' dir='ltr'><strong>Nihil</strong></span> <span class='ocrx_word' id='word_1_336' title='bbox 862 4400 954 4455; x_wconf 83' lang='lat' dir='ltr'><strong>tibi</strong></span> <span class='ocrx_word' id='word_1_337' title='bbox 992 4400 1150 4471; x_wconf 76' lang='lat' dir='ltr'><strong>facias</strong></span> <span class='ocrx_word' id='word_1_338' title='bbox 1180 4398 1302 4452; x_wconf 87' lang='lat' dir='ltr'><strong>mali</strong></span> <span class='ocrx_word' id='word_1_339' title='bbox 1330 4414 1350 4454; x_wconf 90' lang='lat'><strong><em>:</em></strong></span> <span class='ocrx_word' id='word_1_340' title='bbox 1377 4415 1548 4452; x_wconf 86' lang='lat' dir='ltr'><strong>omnes</strong></span> <span class='ocrx_word' id='word_1_341' title='bbox 1591 4403 1724 4453; x_wconf 82' lang='lat' dir='ltr'><strong>enim</strong></span> <span class='ocrx_word' id='word_1_342' title='bbox 1765 4400 1848 4453; x_wconf 79' lang='lat' dir='ltr'><strong>hic</strong></span> <span class='ocrx_word' id='word_1_343' title='bbox 1885 4416 2059 4454; x_wconf 87' lang='lat' dir='ltr'><strong>sumus</strong></span> 
     </span>
    </p>
   </div>
   <div class='ocr_carea' id='block_1_46' title="bbox 477 4489 2063 4564">
    <p class='ocr_par' dir='ltr' id='par_1_46' title="bbox 477 4489 2063 4564">
     <span class='ocr_line' id='line_1_46' title="bbox 477 4489 2063 4564; baseline -0.001 -17"><span class='ocrx_word' id='word_1_344' title='bbox 477 4494 611 4564; x_wconf 70' lang='lat' dir='ltr'><strong>(Act.</strong></span> <span class='ocrx_word' id='word_1_345' title='bbox 645 4491 734 4548; x_wconf 87' lang='grc'><strong>16.</strong></span> <span class='ocrx_word' id='word_1_346' title='bbox 761 4491 878 4563; x_wconf 75' lang='grc'><strong>28).</strong></span> <span class='ocrx_word' id='word_1_347' title='bbox 908 4490 1044 4545; x_wconf 91' lang='lat' dir='ltr'><strong>Eum</strong></span> <span class='ocrx_word' id='word_1_348' title='bbox 1074 4490 1163 4560; x_wconf 92' lang='lat' dir='ltr'><strong>qui</strong></span> <span class='ocrx_word' id='word_1_349' title='bbox 1191 4504 1249 4544; x_wconf 90' lang='lat' dir='ltr'><strong>se</strong></span> <span class='ocrx_word' id='word_1_350' title='bbox 1274 4490 1464 4545; x_wconf 88' lang='lat' dir='ltr'><strong>acerbe</strong></span> <span class='ocrx_word' id='word_1_351' title='bbox 1489 4489 1767 4561; x_wconf 86' lang='lat' dir='ltr'><strong>ligaverat,</strong></span> <span class='ocrx_word' id='word_1_352' title='bbox 1801 4505 1906 4546; x_wconf 90' lang='lat' dir='ltr'><strong>non</strong></span> <span class='ocrx_word' id='word_1_353' title='bbox 1937 4491 2063 4547; x_wconf 88' lang='lat' dir='ltr'><strong>sivit</strong></span> 
     </span>
    </p>
   </div>
   <div class='ocr_carea' id='block_1_47' title="bbox 476 4580 2062 4650">
    <p class='ocr_par' dir='ltr' id='par_1_47' title="bbox 476 4580 2062 4650">
     <span class='ocr_line' id='line_1_47' title="bbox 476 4580 2062 4650; baseline -0.001 -13"><span class='ocrx_word' id='word_1_354' title='bbox 476 4584 668 4640; x_wconf 77' lang='lat' dir='ltr'><strong>acerbe</strong></span> <span class='ocrx_word' id='word_1_355' title='bbox 696 4583 851 4649; x_wconf 91' lang='lat' dir='ltr'><strong>mori,</strong></span> <span class='ocrx_word' id='word_1_356' title='bbox 884 4582 1163 4637; x_wconf 89' lang='lat' dir='ltr'><strong>immemor</strong></span> <span class='ocrx_word' id='word_1_357' title='bbox 1201 4581 1404 4636; x_wconf 87' lang='lat' dir='ltr'><strong>scilicet</strong></span> <span class='ocrx_word' id='word_1_358' title='bbox 1441 4581 1668 4650; x_wconf 63' lang='lat' dir='ltr'><strong>injuriae.</strong></span> <span class='ocrx_word' id='word_1_359' title='bbox 1703 4580 1889 4637; x_wconf 87' lang='lat' dir='ltr'><strong>Omnes</strong></span> <span class='ocrx_word' id='word_1_360' title='bbox 1927 4583 2062 4636; x_wconf 87' lang='lat' dir='ltr'><strong>enim</strong></span> 
     </span>
    </p>
   </div>
   <div class='ocr_carea' id='block_1_48' title="bbox 476 4671 2058 4743">
    <p class='ocr_par' dir='ltr' id='par_1_48' title="bbox 476 4671 2058 4743">
     <span class='ocr_line' id='line_1_48' title="bbox 476 4671 2058 4743; baseline -0.001 -14"><span class='ocrx_word' id='word_1_361' title='bbox 476 4676 558 4731; x_wconf 79' lang='lat' dir='ltr'><strong>hic</strong></span> <span class='ocrx_word' id='word_1_362' title='bbox 585 4692 777 4737; x_wconf 83' lang='lat' dir='ltr'><strong>sumus,</strong></span> <span class='ocrx_word' id='word_1_363' title='bbox 808 4673 996 4743; x_wconf 89' lang='lat' dir='ltr'><strong>inquit.</strong></span> <span class='ocrx_word' id='word_1_364' title='bbox 1027 4671 1161 4728; x_wconf 88' lang='lat' dir='ltr'><strong>Vide</strong></span> <span class='ocrx_word' id='word_1_365' title='bbox 1203 4687 1362 4742; x_wconf 88' lang='lat' dir='ltr'><strong>quam</strong></span> <span class='ocrx_word' id='word_1_366' title='bbox 1403 4681 1548 4727; x_wconf 89' lang='lat' dir='ltr'><strong>esset</strong></span> <span class='ocrx_word' id='word_1_367' title='bbox 1591 4686 1627 4726; x_wconf 84' lang='lat' dir='ltr'><strong>a</strong></span> <span class='ocrx_word' id='word_1_368' title='bbox 1667 4671 1802 4727; x_wconf 91' lang='lat' dir='ltr'><strong>fastu</strong></span> <span class='ocrx_word' id='word_1_369' title='bbox 1832 4673 2058 4728; x_wconf 88' lang='lat' dir='ltr'><strong>alienus.</strong></span> 
     </span>
    </p>
   </div>
   <div class='ocr_carea' id='block_1_49' title="bbox 478 4761 2063 4835">
    <p class='ocr_par' dir='ltr' id='par_1_49' title="bbox 478 4761 2063 4835">
     <span class='ocr_line' id='line_1_49' title="bbox 478 4761 2063 4835; baseline -0.003 -13"><span class='ocrx_word' id='word_1_370' title='bbox 478 4767 597 4822; x_wconf 84' lang='lat' dir='ltr'><strong>Non</strong></span> <span class='ocrx_word' id='word_1_371' title='bbox 619 4765 754 4820; x_wconf 83' lang='lat' dir='ltr'><strong>dixit</strong></span> <span class='ocrx_word' id='word_1_372' title='bbox 784 4783 799 4821; x_wconf 89' lang='lat'><strong>:</strong></span> <span class='ocrx_word' id='word_1_373' title='bbox 828 4764 955 4823; x_wconf 73' lang='lat' dir='ltr'><strong>lites</strong></span> <span class='ocrx_word' id='word_1_374' title='bbox 981 4762 1241 4834; x_wconf 85' lang='lat' dir='ltr'><strong>stupenda</strong></span> <span class='ocrx_word' id='word_1_375' title='bbox 1269 4778 1368 4834; x_wconf 87' lang='lat' dir='ltr'><strong>ego</strong></span> <span class='ocrx_word' id='word_1_376' title='bbox 1393 4761 1525 4829; x_wconf 87' lang='lat' dir='ltr'><strong>feci,</strong></span> <span class='ocrx_word' id='word_1_377' title='bbox 1553 4762 1648 4819; x_wconf 89' lang='lat' dir='ltr'><strong>sed</strong></span> <span class='ocrx_word' id='word_1_378' title='bbox 1677 4763 1844 4835; x_wconf 88' lang='lat' dir='ltr'><strong>quid?</strong></span> <span class='ocrx_word' id='word_1_379' title='bbox 1877 4764 2063 4819; x_wconf 84' lang='lat' dir='ltr'><strong>Omnes</strong></span> 
     </span>
    </p>
   </div>
   <div class='ocr_carea' id='block_1_50' title="bbox 480 4854 2067 4913">
    <p class='ocr_par' dir='ltr' id='par_1_50' title="bbox 480 4854 2067 4913">
     <span class='ocr_line' id='line_1_50' title="bbox 480 4854 2067 4913; baseline -0.001 -1"><span class='ocrx_word' id='word_1_380' title='bbox 480 4859 617 4913; x_wconf 83' lang='lat' dir='ltr'><strong>enim</strong></span> <span class='ocrx_word' id='word_1_381' title='bbox 640 4857 721 4911; x_wconf 86' lang='lat' dir='ltr'><strong>hic</strong></span> <span class='ocrx_word' id='word_1_382' title='bbox 739 4872 931 4911; x_wconf 86' lang='lat' dir='ltr'><strong>sumus.</strong></span> <span class='ocrx_word' id='word_1_383' title='bbox 961 4854 1095 4910; x_wconf 86' lang='lat' dir='ltr'><strong>Cum</strong></span> <span class='ocrx_word' id='word_1_384' title='bbox 1125 4855 1313 4911; x_wconf 87' lang='lat' dir='ltr'><strong>vinctis</strong></span> <span class='ocrx_word' id='word_1_385' title='bbox 1338 4870 1398 4911; x_wconf 90' lang='lat' dir='ltr'><strong>se</strong></span> <span class='ocrx_word' id='word_1_386' title='bbox 1417 4856 1818 4911; x_wconf 81' lang='lat' dir='ltr'><strong>connumeravit</strong></span> <span class='ocrx_word' id='word_1_387' title='bbox 1844 4856 2067 4912; x_wconf 90' lang='lat' dir='ltr'><strong>Paulus.</strong></span> 
     </span>
    </p>
   </div>
   <div class='ocr_carea' id='block_1_51' title="bbox 482 4946 2064 5018">
    <p class='ocr_par' dir='ltr' id='par_1_51' title="bbox 482 4946 2064 5018">
     <span class='ocr_line' id='line_1_51' title="bbox 482 4946 2064 5018; baseline -0.001 -13"><span class='ocrx_word' id='word_1_388' title='bbox 482 4952 573 5008; x_wconf 83' lang='lat' dir='ltr'><strong>llle</strong></span> <span class='ocrx_word' id='word_1_389' title='bbox 594 4965 722 5007; x_wconf 89' lang='lat' dir='ltr'><strong>vero</strong></span> <span class='ocrx_word' id='word_1_390' title='bbox 745 4963 867 5005; x_wconf 93' lang='lat' dir='ltr'><strong>cum</strong></span> <span class='ocrx_word' id='word_1_391' title='bbox 892 4946 1119 5014; x_wconf 85' lang='lat' dir='ltr'><strong>videret,</strong></span> <span class='ocrx_word' id='word_1_392' title='bbox 1145 4946 1286 5018; x_wconf 91' lang='lat' dir='ltr'><strong>quod</strong></span> <span class='ocrx_word' id='word_1_393' title='bbox 1310 4955 1517 5018; x_wconf 87' lang='lat' dir='ltr'><strong>gestum</strong></span> <span class='ocrx_word' id='word_1_394' title='bbox 1547 4954 1683 5015; x_wconf 88' lang='lat' dir='ltr'><strong>erat,</strong></span> <span class='ocrx_word' id='word_1_395' title='bbox 1715 4947 1935 5003; x_wconf 88' lang='lat' dir='ltr'><strong>miratus</strong></span> <span class='ocrx_word' id='word_1_396' title='bbox 1960 4959 2064 5016; x_wconf 91' lang='lat' dir='ltr'><strong>est,</strong></span> 
     </span>
    </p>
   </div>
   <div class='ocr_carea' id='block_1_52' title="bbox 482 5039 2071 5112">
    <p class='ocr_par' dir='ltr' id='par_1_52' title="bbox 482 5039 2071 5112">
     <span class='ocr_line' id='line_1_52' title="bbox 482 5039 2071 5112; baseline -0.001 -14"><span class='ocrx_word' id='word_1_397' title='bbox 482 5046 549 5101; x_wconf 89' lang='lat' dir='ltr'><strong>de</strong></span> <span class='ocrx_word' id='word_1_398' title='bbox 591 5042 846 5099; x_wconf 88' lang='lat' dir='ltr'><strong>miraculo</strong></span> <span class='ocrx_word' id='word_1_399' title='bbox 871 5039 1162 5110; x_wconf 88' lang='lat' dir='ltr'><strong>obstupuit,</strong></span> <span class='ocrx_word' id='word_1_400' title='bbox 1201 5039 1399 5111; x_wconf 84' lang='lat' dir='ltr'><strong>gratias</strong></span> <span class='ocrx_word' id='word_1_401' title='bbox 1423 5040 1531 5112; x_wconf 87' lang='lat' dir='ltr'><strong>egit</strong></span> <span class='ocrx_word' id='word_1_402' title='bbox 1556 5039 1685 5095; x_wconf 90' lang='lat' dir='ltr'><strong>Deo.</strong></span> <span class='ocrx_word' id='word_1_403' title='bbox 1714 5039 1913 5111; x_wconf 88' lang='lat' dir='ltr'><strong>Dignus</strong></span> <span class='ocrx_word' id='word_1_404' title='bbox 1939 5056 2071 5096; x_wconf 89' lang='lat' dir='ltr'><strong>vere</strong></span> 
     </span>
    </p>
   </div>
   <div class='ocr_carea' id='block_1_53' title="bbox 481 5131 2068 5199">
    <p class='ocr_par' dir='ltr' id='par_1_53' title="bbox 481 5131 2068 5199">
     <span class='ocr_line' id='line_1_53' title="bbox 481 5131 2068 5199; baseline -0.001 -9"><span class='ocrx_word' id='word_1_405' title='bbox 481 5145 597 5190; x_wconf 89' lang='lat' dir='ltr'><strong>erat</strong></span> <span class='ocrx_word' id='word_1_406' title='bbox 618 5136 782 5190; x_wconf 88' lang='lat' dir='ltr'><strong>multa</strong></span> <span class='ocrx_word' id='word_1_407' title='bbox 806 5131 1161 5189; x_wconf 88' lang='lat' dir='ltr'><strong>sollicitudine</strong></span> <span class='ocrx_word' id='word_1_408' title='bbox 1186 5141 1241 5187; x_wconf 90' lang='lat' dir='ltr'><strong>et</strong></span> <span class='ocrx_word' id='word_1_409' title='bbox 1261 5131 1589 5188; x_wconf 88' lang='lat' dir='ltr'><strong>humanitate</strong></span> <span class='ocrx_word' id='word_1_410' title='bbox 1610 5134 1840 5188; x_wconf 88' lang='lat' dir='ltr'><strong>carceris</strong></span> <span class='ocrx_word' id='word_1_411' title='bbox 1854 5144 2068 5199; x_wconf 91' lang='lat' dir='ltr'><strong>custos;</strong></span> 
     </span>
    </p>
   </div>
   <div class='ocr_carea' id='block_1_54' title="bbox 470 5223 2075 5301">
    <p class='ocr_par' dir='ltr' id='par_1_54' title="bbox 470 5223 2075 5301">
     <span class='ocr_line' id='line_1_54' title="bbox 470 5223 2075 5301; baseline -0.001 -19"><span class='ocrx_word' id='word_1_412' title='bbox 470 5243 591 5301; x_wconf 79' lang='lat' dir='ltr'><strong>non</strong></span> <span class='ocrx_word' id='word_1_413' title='bbox 614 5224 953 5281; x_wconf 79' lang='lat' dir='ltr'><strong>existimavit</strong></span> <span class='ocrx_word' id='word_1_414' title='bbox 978 5239 1041 5279; x_wconf 91' lang='lat' dir='ltr'><strong>ea</strong></span> <span class='ocrx_word' id='word_1_415' title='bbox 1066 5239 1184 5294; x_wconf 80' lang='lat' dir='ltr'><strong>quae</strong></span> <span class='ocrx_word' id='word_1_416' title='bbox 1230 5234 1343 5278; x_wconf 91' lang='lat' dir='ltr'><strong>acta</strong></span> <span class='ocrx_word' id='word_1_417' title='bbox 1370 5223 1581 5279; x_wconf 76' lang='lat' dir='ltr'><strong>fuerant</strong></span> <span class='ocrx_word' id='word_1_418' title='bbox 1608 5239 1728 5278; x_wconf 88' lang='lat' dir='ltr'><strong>esse</strong></span> <span class='ocrx_word' id='word_1_419' title='bbox 1754 5225 2075 5295; x_wconf 82' lang='lat' dir='ltr'><strong>praestigias.</strong></span> 
     </span>
    </p>
   </div>
   <div class='ocr_carea' id='block_1_55' title="bbox 483 5316 2072 5388">
    <p class='ocr_par' dir='ltr' id='par_1_55' title="bbox 483 5316 2072 5388">
     <span class='ocr_line' id='line_1_55' title="bbox 483 5316 2072 5388; baseline -0.001 -13"><span class='ocrx_word' id='word_1_420' title='bbox 483 5320 590 5376; x_wconf 76' lang='lat' dir='ltr'><strong>Cur</strong></span> <span class='ocrx_word' id='word_1_421' title='bbox 636 5335 743 5374; x_wconf 90' lang='lat' dir='ltr'><strong>non</strong></span> <span class='ocrx_word' id='word_1_422' title='bbox 785 5316 1109 5375; x_wconf 78' lang='lat' dir='ltr'><strong>existimavit</strong></span> <span class='ocrx_word' id='word_1_423' title='bbox 1151 5332 1272 5372; x_wconf 57' lang='lat' dir='ltr'><strong>esse</strong></span> <span class='ocrx_word' id='word_1_424' title='bbox 1320 5316 1650 5388; x_wconf 67' lang='lat' dir='ltr'><strong>praestigias?</strong></span> <span class='ocrx_word' id='word_1_425' title='bbox 1679 5316 1934 5372; x_wconf 85' lang='lat' dir='ltr'><strong>Audierat</strong></span> <span class='ocrx_word' id='word_1_426' title='bbox 1980 5334 2072 5373; x_wconf 90' lang='lat' dir='ltr'><strong>eos</strong></span> 
     </span>
    </p>
   </div>
   <div class='ocr_carea' id='block_1_56' title="bbox 488 5408 2071 5485">
    <p class='ocr_par' dir='ltr' id='par_1_56' title="bbox 488 5408 2071 5485">
     <span class='ocr_line' id='line_1_56' title="bbox 488 5408 2071 5485; baseline 0.001 -20"><span class='ocrx_word' id='word_1_427' title='bbox 488 5412 716 5485; x_wconf 91' lang='lat' dir='ltr'><strong>hymnos</strong></span> <span class='ocrx_word' id='word_1_428' title='bbox 743 5420 996 5465; x_wconf 89' lang='lat' dir='ltr'><strong>canentes</strong></span> <span class='ocrx_word' id='word_1_429' title='bbox 1021 5408 1129 5463; x_wconf 91' lang='lat' dir='ltr'><strong>Deo</strong></span> <span class='ocrx_word' id='word_1_430' title='bbox 1158 5426 1171 5461; x_wconf 90' lang='lat'><strong>:</strong></span> <span class='ocrx_word' id='word_1_431' title='bbox 1202 5408 1553 5477; x_wconf 69' lang='lat' dir='ltr'><strong>praestigiator</strong></span> <span class='ocrx_word' id='word_1_432' title='bbox 1578 5418 1754 5462; x_wconf 89' lang='lat' dir='ltr'><strong>autem</strong></span> <span class='ocrx_word' id='word_1_433' title='bbox 1782 5425 2071 5479; x_wconf 88' lang='lat' dir='ltr'><strong>numquam</strong></span> 
     </span>
    </p>
   </div>
   <div class='ocr_carea' id='block_1_57' title="bbox 488 5498 2071 5569">
    <p class='ocr_par' dir='ltr' id='par_1_57' title="bbox 488 5498 2071 5569">
     <span class='ocr_line' id='line_1_57' title="bbox 488 5498 2071 5569; baseline -0.001 -12"><span class='ocrx_word' id='word_1_434' title='bbox 488 5503 724 5558; x_wconf 84' lang='lat' dir='ltr'><strong>celebrat</strong></span> <span class='ocrx_word' id='word_1_435' title='bbox 776 5501 963 5556; x_wconf 89' lang='lat' dir='ltr'><strong>Deum.</strong></span> <span class='ocrx_word' id='word_1_436' title='bbox 1023 5498 1216 5554; x_wconf 81' lang='lat' dir='ltr'><strong>Multos</strong></span> <span class='ocrx_word' id='word_1_437' title='bbox 1268 5499 1680 5569; x_wconf 65' lang='lat' dir='ltr'><strong>pratstigiatores</strong></span> <span class='ocrx_word' id='word_1_438' title='bbox 1740 5511 2071 5569; x_wconf 80' lang='lat' dir='ltr'><strong>exceperat,</strong></span> 
     </span>
    </p>
   </div>
   <div class='ocr_carea' id='block_1_58' title="bbox 490 5591 2076 5668">
    <p class='ocr_par' dir='ltr' id='par_1_58' title="bbox 490 5591 2076 5668">
     <span class='ocr_line' id='line_1_58' title="bbox 490 5591 2076 5668; baseline -0.001 -19"><span class='ocrx_word' id='word_1_439' title='bbox 490 5594 917 5668; x_wconf 85' lang='lat' dir='ltr'><strong>quandoquidem</strong></span> <span class='ocrx_word' id='word_1_440' title='bbox 941 5602 1123 5648; x_wconf 81' lang='lat' dir='ltr'><strong>enatos</strong></span> <span class='ocrx_word' id='word_1_441' title='bbox 1147 5591 1375 5647; x_wconf 85' lang='lat' dir='ltr'><strong>carceris</strong></span> <span class='ocrx_word' id='word_1_442' title='bbox 1396 5601 1509 5647; x_wconf 90' lang='lat' dir='ltr'><strong>erat</strong></span> <span class='ocrx_word' id='word_1_443' title='bbox 1531 5606 1545 5644; x_wconf 87' lang='lat'><strong>:</strong></span> <span class='ocrx_word' id='word_1_444' title='bbox 1572 5592 1664 5648; x_wconf 92' lang='lat' dir='ltr'><strong>sed</strong></span> <span class='ocrx_word' id='word_1_445' title='bbox 1692 5608 1875 5648; x_wconf 91' lang='lat' dir='ltr'><strong>eorum</strong></span> <span class='ocrx_word' id='word_1_446' title='bbox 1897 5592 2076 5648; x_wconf 92' lang='lat' dir='ltr'><strong>nullus</strong></span> 
     </span>
    </p>
   </div>
   <div class='ocr_carea' id='block_1_59' title="bbox 563 5723 2077 5789">
    <p class='ocr_par' dir='ltr' id='par_1_59' title="bbox 563 5723 2077 5789">
     <span class='ocr_line' id='line_1_59' title="bbox 563 5723 2077 5789; baseline 0 -12"><span class='ocrx_word' id='word_1_447' title='bbox 563 5733 578 5762; x_wconf 80' lang='grc' dir='ltr'><strong>ι</strong></span> <span class='ocrx_word' id='word_1_448' title='bbox 616 5736 719 5778; x_wconf 83' lang='lat' dir='ltr'><strong>Duo</strong></span> <span class='ocrx_word' id='word_1_449' title='bbox 738 5734 843 5776; x_wconf 74' lang='lat' dir='ltr'><strong>Mss.</strong></span> <span class='ocrx_word' id='word_1_450' title='bbox 871 5728 940 5777; x_wconf 85' lang='lat' dir='ltr'><strong>sic</strong></span> <span class='ocrx_word' id='word_1_451' title='bbox 962 5725 1172 5789; x_wconf 80' lang='lat' dir='ltr'><strong>habent,</strong></span> <span class='ocrx_word' id='word_1_452' title='bbox 1196 5723 1407 5789; x_wconf 76' lang='lat' dir='ltr'><strong>vinctum</strong></span> <span class='ocrx_word' id='word_1_453' title='bbox 1438 5724 1668 5777; x_wconf 80' lang='lat' dir='ltr'><strong>detinere.</strong></span> <span class='ocrx_word' id='word_1_454' title='bbox 1712 5723 1943 5789; x_wconf 76' lang='lat' dir='ltr'><strong>Equidem</strong></span> <span class='ocrx_word' id='word_1_455' title='bbox 1975 5724 2077 5777; x_wconf 77' lang='grc' dir='ltr'><strong>υὶη-</strong></span> 
     </span>
    </p>
   </div>
   <div class='ocr_carea' id='block_1_60' title="bbox 503 5786 1408 5843">
    <p class='ocr_par' dir='ltr' id='par_1_60' title="bbox 503 5786 1408 5843">
     <span class='ocr_line' id='line_1_60' title="bbox 503 5786 1408 5843; baseline -0.006 -3"><span class='ocrx_word' id='word_1_456' title='bbox 503 5800 684 5843; x_wconf 80' lang='lat' dir='ltr'><strong>clorum</strong></span> <span class='ocrx_word' id='word_1_457' title='bbox 707 5790 763 5840; x_wconf 68' lang='lat' dir='ltr'><strong>ob</strong></span> <span class='ocrx_word' id='word_1_458' title='bbox 786 5800 805 5838; x_wconf 88' lang='lat'>(</span> <span class='ocrx_word' id='word_1_459' title='bbox 822 5788 1023 5838; x_wconf 81' lang='lat' dir='ltr'><strong>Itristttm</strong></span> <span class='ocrx_word' id='word_1_460' title='bbox 1045 5786 1130 5838; x_wconf 82' lang='lat' dir='ltr'><strong>illa</strong></span> <span class='ocrx_word' id='word_1_461' title='bbox 1151 5795 1219 5838; x_wconf 80' lang='lat' dir='ltr'><strong>est</strong></span> <span class='ocrx_word' id='word_1_462' title='bbox 1242 5787 1408 5839; x_wconf 71' lang='lat' dir='ltr'><strong>virtus.</strong></span> 
     </span>
    </p>
   </div>
   <div class='ocr_carea' id='block_1_61' title="bbox 1183 328 3017 393">
    <p class='ocr_par' dir='ltr' id='par_1_61' title="bbox 1183 328 3017 393">
     <span class='ocr_line' id='line_1_61' title="bbox 1183 328 3017 393; baseline -0.004 -1"><span class='ocrx_word' id='word_1_463' title='bbox 1183 335 1241 392; x_wconf 89' lang='lat' dir='ltr'><strong>S.</strong></span> <span class='ocrx_word' id='word_1_464' title='bbox 1281 333 1563 393; x_wconf 82' lang='lat' dir='ltr'><strong>JOANNIS</strong></span> <span class='ocrx_word' id='word_1_465' title='bbox 1607 329 2078 393; x_wconf 74' lang='lat' dir='ltr'><strong>CHRYSOSTOMI</strong></span> <span class='ocrx_word' id='word_1_466' title='bbox 2118 328 2431 391; x_wconf 73' lang='grc' dir='ltr'>Διιαιιιειι.</span> <span class='ocrx_word' id='word_1_467' title='bbox 2474 329 3017 389; x_wconf 79' lang='lat' dir='ltr'><strong>CONSTANTINOP.</strong></span> 
     </span>
    </p>
   </div>
   <div class='ocr_carea' id='block_1_62' title="bbox 3628 330 3742 390">
    <p class='ocr_par' dir='ltr' id='par_1_62' title="bbox 3628 330 3742 390">
     <span class='ocr_line' id='line_1_62' title="bbox 3628 330 3742 390; baseline 0 -2"><span class='ocrx_word' id='word_1_468' title='bbox 3628 330 3742 390; x_wconf 57' lang='lat' dir='ltr'><strong>ml</strong></span> 
     </span>
    </p>
   </div>
   <div class='ocr_carea' id='block_1_63' title="bbox 2157 445 3732 521">
    <p class='ocr_par' dir='ltr' id='par_1_63' title="bbox 2157 445 3732 521">
     <span class='ocr_line' id='line_1_63' title="bbox 2157 445 3732 521; baseline 0.002 -22"><span class='ocrx_word' id='word_1_469' title='bbox 2157 460 2407 517; x_wconf 88' lang='lat' dir='ltr'><strong>umquam</strong></span> <span class='ocrx_word' id='word_1_470' title='bbox 2433 445 2590 502; x_wconf 82' lang='lat' dir='ltr'><strong>talem</strong></span> <span class='ocrx_word' id='word_1_471' title='bbox 2620 461 2733 502; x_wconf 87' lang='lat' dir='ltr'><strong>rem</strong></span> <span class='ocrx_word' id='word_1_472' title='bbox 2763 454 3187 521; x_wconf 72' lang='lat' dir='ltr'><strong>perpetrarent,</strong></span> <span class='ocrx_word' id='word_1_473' title='bbox 3212 461 3317 501; x_wconf 92' lang='lat' dir='ltr'><strong>non</strong></span> <span class='ocrx_word' id='word_1_474' title='bbox 3346 445 3577 502; x_wconf 83' lang='lat' dir='ltr'><strong>solverat</strong></span> <span class='ocrx_word' id='word_1_475' title='bbox 3616 448 3732 502; x_wconf 83' lang='lat' dir='ltr'><strong>vin-</strong></span> 
     </span>
    </p>
   </div>
   <div class='ocr_carea' id='block_1_64' title="bbox 2153 536 3739 602">
    <p class='ocr_par' dir='ltr' id='par_1_64' title="bbox 2153 536 3739 602">
     <span class='ocr_line' id='line_1_64' title="bbox 2153 536 3739 602; baseline 0.003 -11"><span class='ocrx_word' id='word_1_476' title='bbox 2153 536 2292 602; x_wconf 89' lang='lat' dir='ltr'><strong>cula,</strong></span> <span class='ocrx_word' id='word_1_477' title='bbox 2327 552 2431 591; x_wconf 90' lang='lat' dir='ltr'><strong>non</strong></span> <span class='ocrx_word' id='word_1_478' title='bbox 2462 536 2769 593; x_wconf 87' lang='lat' dir='ltr'><strong>ostenderat</strong></span> <span class='ocrx_word' id='word_1_479' title='bbox 2814 548 3014 592; x_wconf 83' lang='lat' dir='ltr'><strong>tantam</strong></span> <span class='ocrx_word' id='word_1_480' title='bbox 3063 537 3497 593; x_wconf 84' lang='lat' dir='ltr'><strong>sollicitudinem.</strong></span> <span class='ocrx_word' id='word_1_481' title='bbox 3544 539 3739 595; x_wconf 84' lang='lat' dir='ltr'><strong>Paulus</strong></span> 
     </span>
    </p>
   </div>
   <div class='ocr_carea' id='block_1_65' title="bbox 2152 629 3735 702">
    <p class='ocr_par' dir='ltr' id='par_1_65' title="bbox 2152 629 3735 702">
     <span class='ocr_line' id='line_1_65' title="bbox 2152 629 3735 702; baseline 0.002 -17"><span class='ocrx_word' id='word_1_482' title='bbox 2152 629 2294 685; x_wconf 89' lang='lat' dir='ltr'><strong>enim</strong></span> <span class='ocrx_word' id='word_1_483' title='bbox 2323 630 2509 685; x_wconf 89' lang='lat' dir='ltr'><strong>vinciri</strong></span> <span class='ocrx_word' id='word_1_484' title='bbox 2533 631 2769 701; x_wconf 88' lang='lat' dir='ltr'><strong>optabat,</strong></span> <span class='ocrx_word' id='word_1_485' title='bbox 2799 647 2897 686; x_wconf 90' lang='lat' dir='ltr'><strong>nec</strong></span> <span class='ocrx_word' id='word_1_486' title='bbox 2924 629 3075 702; x_wconf 80' lang='lat' dir='ltr'><strong>fugit,</strong></span> <span class='ocrx_word' id='word_1_487' title='bbox 3108 640 3165 686; x_wconf 85' lang='lat' dir='ltr'><strong>ut</strong></span> <span class='ocrx_word' id='word_1_488' title='bbox 3186 645 3307 689; x_wconf 89' lang='lat' dir='ltr'><strong>eum</strong></span> <span class='ocrx_word' id='word_1_489' title='bbox 3336 645 3366 687; x_wconf 69' lang='grc' dir='ltr'><strong>ιι</strong></span> <span class='ocrx_word' id='word_1_490' title='bbox 3396 641 3569 688; x_wconf 89' lang='lat' dir='ltr'><strong>morte</strong></span> <span class='ocrx_word' id='word_1_491' title='bbox 3596 631 3735 688; x_wconf 83' lang='lat' dir='ltr'><strong>lihe-</strong></span> 
     </span>
    </p>
   </div>
   <div class='ocr_carea' id='block_1_66' title="bbox 2152 720 3742 796">
    <p class='ocr_par' dir='ltr' id='par_1_66' title="bbox 2152 720 3742 796">
     <span class='ocr_line' id='line_1_66' title="bbox 2152 720 3742 796; baseline 0.001 -22"><span class='ocrx_word' id='word_1_492' title='bbox 2152 729 2315 777; x_wconf 85' lang='lat' dir='ltr'><strong>raret.</strong></span> <span class='ocrx_word' id='word_1_493' title='bbox 2343 720 2530 778; x_wconf 85' lang='lat' dir='ltr'><strong>lnsiliit</strong></span> <span class='ocrx_word' id='word_1_494' title='bbox 2558 737 2678 777; x_wconf 93' lang='lat' dir='ltr'><strong>cum</strong></span> <span class='ocrx_word' id='word_1_495' title='bbox 2707 721 2883 793; x_wconf 82' lang='lat' dir='ltr'><strong>gladio</strong></span> <span class='ocrx_word' id='word_1_496' title='bbox 2912 738 3022 796; x_wconf 75' lang='lat' dir='ltr'><strong>prae</strong></span> <span class='ocrx_word' id='word_1_497' title='bbox 3050 722 3296 778; x_wconf 85' lang='lat' dir='ltr'><strong>manibus</strong></span> <span class='ocrx_word' id='word_1_498' title='bbox 3323 732 3377 779; x_wconf 89' lang='lat' dir='ltr'><strong>et</strong></span> <span class='ocrx_word' id='word_1_499' title='bbox 3404 720 3519 779; x_wconf 86' lang='lat' dir='ltr'><strong>face</strong></span> <span class='ocrx_word' id='word_1_500' title='bbox 3547 739 3560 775; x_wconf 91' lang='lat'>:</span> <span class='ocrx_word' id='word_1_501' title='bbox 3589 723 3742 779; x_wconf 83' lang='lat' dir='ltr'><strong>vole-</strong></span> 
     </span>
    </p>
   </div>
   <div class='ocr_carea' id='block_1_67' title="bbox 2152 813 3739 885">
    <p class='ocr_par' dir='ltr' id='par_1_67' title="bbox 2152 813 3739 885">
     <span class='ocr_line' id='line_1_67' title="bbox 2152 813 3739 885; baseline 0.002 -17"><span class='ocrx_word' id='word_1_502' title='bbox 2152 814 2345 885; x_wconf 86' lang='lat' dir='ltr'><strong>batque</strong></span> <span class='ocrx_word' id='word_1_503' title='bbox 2370 814 2611 870; x_wconf 88' lang='lat' dir='ltr'><strong>diabolus</strong></span> <span class='ocrx_word' id='word_1_504' title='bbox 2639 829 2761 869; x_wconf 91' lang='lat' dir='ltr'><strong>eum</strong></span> <span class='ocrx_word' id='word_1_505' title='bbox 2794 828 2924 869; x_wconf 89' lang='lat' dir='ltr'><strong>nece</strong></span> <span class='ocrx_word' id='word_1_506' title='bbox 2948 829 2980 869; x_wconf 93' lang='lat' dir='ltr'><strong>a</strong></span> <span class='ocrx_word' id='word_1_507' title='bbox 3007 814 3317 884; x_wconf 71' lang='lat' dir='ltr'><strong>ptenitentia</strong></span> <span class='ocrx_word' id='word_1_508' title='bbox 3346 822 3609 876; x_wconf 88' lang='lat' dir='ltr'><strong>avertere,</strong></span> <span class='ocrx_word' id='word_1_509' title='bbox 3640 813 3739 871; x_wconf 81' lang='lat' dir='ltr'><strong>sed</strong></span> 
     </span>
    </p>
   </div>
   <div class='ocr_carea' id='block_1_68' title="bbox 2153 904 3741 977">
    <p class='ocr_par' dir='ltr' id='par_1_68' title="bbox 2153 904 3741 977">
     <span class='ocr_line' id='line_1_68' title="bbox 2153 904 3741 977; baseline -0.001 -16"><span class='ocrx_word' id='word_1_510' title='bbox 2153 922 2346 962; x_wconf 87' lang='lat' dir='ltr'><strong>sonora</strong></span> <span class='ocrx_word' id='word_1_511' title='bbox 2374 921 2503 963; x_wconf 88' lang='lat' dir='ltr'><strong>voce</strong></span> <span class='ocrx_word' id='word_1_512' title='bbox 2524 908 2748 963; x_wconf 87' lang='lat' dir='ltr'><strong>salutem</strong></span> <span class='ocrx_word' id='word_1_513' title='bbox 2774 906 2887 977; x_wconf 85' lang='lat' dir='ltr'><strong>ejus</strong></span> <span class='ocrx_word' id='word_1_514' title='bbox 2916 906 3107 963; x_wconf 64' lang='lat' dir='ltr'><strong>anima:</strong></span> <span class='ocrx_word' id='word_1_515' title='bbox 3129 916 3371 977; x_wconf 89' lang='lat' dir='ltr'><strong>prompte</strong></span> <span class='ocrx_word' id='word_1_516' title='bbox 3397 904 3631 962; x_wconf 83' lang='lat' dir='ltr'><strong>lucratus</strong></span> <span class='ocrx_word' id='word_1_517' title='bbox 3654 916 3741 962; x_wconf 76' lang='lat' dir='ltr'><strong>est</strong></span> 
     </span>
    </p>
   </div>
   <div class='ocr_carea' id='block_1_69' title="bbox 2151 997 3739 1071">
    <p class='ocr_par' dir='ltr' id='par_1_69' title="bbox 2151 997 3739 1071">
     <span class='ocr_line' id='line_1_69' title="bbox 2151 997 3739 1071; baseline -0.003 -16"><span class='ocrx_word' id='word_1_518' title='bbox 2151 999 2368 1056; x_wconf 88' lang='lat' dir='ltr'><strong>Paulus.</strong></span> <span class='ocrx_word' id='word_1_519' title='bbox 2409 1000 2526 1055; x_wconf 86' lang='lat' dir='ltr'><strong>Non</strong></span> <span class='ocrx_word' id='word_1_520' title='bbox 2551 1000 2691 1057; x_wconf 91' lang='lat' dir='ltr'><strong>enim</strong></span> <span class='ocrx_word' id='word_1_521' title='bbox 2740 1000 3051 1071; x_wconf 86' lang='lat' dir='ltr'><strong>simpliciter</strong></span> <span class='ocrx_word' id='word_1_522' title='bbox 3087 999 3351 1064; x_wconf 83' lang='lat' dir='ltr'><strong>clamavit,</strong></span> <span class='ocrx_word' id='word_1_523' title='bbox 3405 997 3499 1055; x_wconf 87' lang='lat' dir='ltr'><strong>sed</strong></span> <span class='ocrx_word' id='word_1_524' title='bbox 3544 1013 3739 1069; x_wconf 81' lang='lat' dir='ltr'><strong>magna</strong></span> 
     </span>
    </p>
   </div>
   <div class='ocr_carea' id='block_1_70' title="bbox 2150 1090 3740 1160">
    <p class='ocr_par' dir='ltr' id='par_1_70' title="bbox 2150 1090 3740 1160">
     <span class='ocr_line' id='line_1_70' title="bbox 2150 1090 3740 1160; baseline -0.001 -15"><span class='ocrx_word' id='word_1_525' title='bbox 2150 1108 2300 1160; x_wconf 83' lang='lat' dir='ltr'><strong>voce,</strong></span> <span class='ocrx_word' id='word_1_526' title='bbox 2328 1092 2551 1148; x_wconf 87' lang='lat' dir='ltr'><strong>dicens:</strong></span> <span class='ocrx_word' id='word_1_527' title='bbox 2582 1092 2768 1151; x_wconf 83' lang='lat' dir='ltr'><strong>Omnes</strong></span> <span class='ocrx_word' id='word_1_528' title='bbox 2808 1090 2887 1148; x_wconf 82' lang='lat' dir='ltr'><strong>hic</strong></span> <span class='ocrx_word' id='word_1_529' title='bbox 2909 1108 3103 1149; x_wconf 83' lang='lat' dir='ltr'><strong>sumus.</strong></span> <span class='ocrx_word' id='word_1_530' title='bbox 3145 1090 3449 1149; x_wconf 84' lang='lat' dir='ltr'><strong>Admiratus</strong></span> <span class='ocrx_word' id='word_1_531' title='bbox 3486 1100 3569 1149; x_wconf 86' lang='lat' dir='ltr'><strong>est</strong></span> <span class='ocrx_word' id='word_1_532' title='bbox 3595 1090 3740 1145; x_wconf 81' lang='lat' dir='ltr'><strong>illius</strong></span> 
     </span>
    </p>
   </div>
   <div class='ocr_carea' id='block_1_71' title="bbox 2151 1184 3738 1255">
    <p class='ocr_par' dir='ltr' id='par_1_71' title="bbox 2151 1184 3738 1255">
     <span class='ocr_line' id='line_1_71' title="bbox 2151 1184 3738 1255; baseline -0.001 -14"><span class='ocrx_word' id='word_1_533' title='bbox 2151 1187 2559 1244; x_wconf 75' lang='lat' dir='ltr'><strong>Sollicitudinem</strong></span> <span class='ocrx_word' id='word_1_534' title='bbox 2583 1188 2815 1244; x_wconf 80' lang='lat' dir='ltr'><strong>carceris</strong></span> <span class='ocrx_word' id='word_1_535' title='bbox 2839 1197 3038 1252; x_wconf 89' lang='lat' dir='ltr'><strong>custos,</strong></span> <span class='ocrx_word' id='word_1_536' title='bbox 3064 1184 3342 1255; x_wconf 90' lang='lat' dir='ltr'><strong>procubuit</strong></span> <span class='ocrx_word' id='word_1_537' title='bbox 3356 1193 3482 1241; x_wconf 88' lang='lat' dir='ltr'><strong>ante</strong></span> <span class='ocrx_word' id='word_1_538' title='bbox 3500 1185 3738 1241; x_wconf 80' lang='lat' dir='ltr'><strong>vinctum</strong></span> 
     </span>
    </p>
   </div>
   <div class='ocr_carea' id='block_1_72' title="bbox 2150 1276 3732 1351">
    <p class='ocr_par' dir='ltr' id='par_1_72' title="bbox 2150 1276 3732 1351">
     <span class='ocr_line' id='line_1_72' title="bbox 2150 1276 3732 1351; baseline -0.002 -18"><span class='ocrx_word' id='word_1_539' title='bbox 2150 1279 2374 1342; x_wconf 87' lang='lat' dir='ltr'><strong>solutus,</strong></span> <span class='ocrx_word' id='word_1_540' title='bbox 2402 1289 2458 1335; x_wconf 87' lang='lat' dir='ltr'><strong>et</strong></span> <span class='ocrx_word' id='word_1_541' title='bbox 2480 1279 2606 1351; x_wconf 90' lang='lat' dir='ltr'><strong>quid</strong></span> <span class='ocrx_word' id='word_1_542' title='bbox 2634 1277 2804 1335; x_wconf 86' lang='lat' dir='ltr'><strong>dicit?</strong></span> <span class='ocrx_word' id='word_1_543' title='bbox 2832 1276 3052 1341; x_wconf 81' lang='lat' dir='ltr'><strong>Domini,</strong></span> <span class='ocrx_word' id='word_1_544' title='bbox 3081 1276 3205 1349; x_wconf 86' lang='lat' dir='ltr'><strong>quid</strong></span> <span class='ocrx_word' id='word_1_545' title='bbox 3225 1293 3303 1330; x_wconf 86' lang='lat' dir='ltr'><strong>me</strong></span> <span class='ocrx_word' id='word_1_546' title='bbox 3326 1283 3521 1345; x_wconf 78' lang='lat' dir='ltr'><strong>Oportet</strong></span> <span class='ocrx_word' id='word_1_547' title='bbox 3545 1279 3732 1351; x_wconf 77' lang='lat' dir='ltr'><strong>facere,</strong></span> 
     </span>
    </p>
   </div>
   <div class='ocr_carea' id='block_1_73' title="bbox 2150 1367 3736 1442">
    <p class='ocr_par' dir='ltr' id='par_1_73' title="bbox 2150 1367 3736 1442">
     <span class='ocr_line' id='line_1_73' title="bbox 2150 1367 3736 1442; baseline -0.004 -19"><span class='ocrx_word' id='word_1_548' title='bbox 2150 1379 2206 1423; x_wconf 86' lang='lat' dir='ltr'><strong>ut</strong></span> <span class='ocrx_word' id='word_1_549' title='bbox 2230 1371 2397 1425; x_wconf 81' lang='lat' dir='ltr'><strong>salvus</strong></span> <span class='ocrx_word' id='word_1_550' title='bbox 2423 1372 2545 1439; x_wconf 74' lang='lat' dir='ltr'><strong>[iam</strong></span> <span class='ocrx_word' id='word_1_551' title='bbox 2575 1370 2713 1442; x_wconf 83' lang='lat' dir='ltr'><strong>(Act.</strong></span> <span class='ocrx_word' id='word_1_552' title='bbox 2744 1370 2830 1427; x_wconf 86' lang='grc'><strong>16.</strong></span> <span class='ocrx_word' id='word_1_553' title='bbox 2863 1368 2992 1440; x_wconf 85' lang='lat'><strong>&#39;50)?</strong></span> <span class='ocrx_word' id='word_1_554' title='bbox 3013 1368 3091 1423; x_wconf 85' lang='lat' dir='ltr'><strong>Tu</strong></span> <span class='ocrx_word' id='word_1_555' title='bbox 3120 1368 3352 1430; x_wconf 85' lang='lat' dir='ltr'><strong>vinxisti,</strong></span> <span class='ocrx_word' id='word_1_556' title='bbox 3376 1377 3428 1422; x_wconf 91' lang='lat' dir='ltr'><strong>et</strong></span> <span class='ocrx_word' id='word_1_557' title='bbox 3455 1373 3509 1420; x_wconf 88' lang='lat' dir='ltr'><strong>tu</strong></span> <span class='ocrx_word' id='word_1_558' title='bbox 3535 1367 3586 1423; x_wconf 91' lang='lat' dir='ltr'><strong>in</strong></span> <span class='ocrx_word' id='word_1_559' title='bbox 3606 1380 3736 1420; x_wconf 89' lang='lat' dir='ltr'><strong>cou-</strong></span> 
     </span>
    </p>
   </div>
   <div class='ocr_carea' id='block_1_74' title="bbox 2150 1458 3735 1533">
    <p class='ocr_par' dir='ltr' id='par_1_74' title="bbox 2150 1458 3735 1533">
     <span class='ocr_line' id='line_1_74' title="bbox 2150 1458 3735 1533; baseline -0.006 -13"><span class='ocrx_word' id='word_1_560' title='bbox 2150 1464 2253 1520; x_wconf 89' lang='lat' dir='ltr'><strong>silii</strong></span> <span class='ocrx_word' id='word_1_561' title='bbox 2283 1463 2461 1533; x_wconf 84' lang='lat' dir='ltr'><strong>inopia</strong></span> <span class='ocrx_word' id='word_1_562' title='bbox 2488 1463 2755 1519; x_wconf 77' lang='lat' dir='ltr'><strong>versaris?</strong></span> <span class='ocrx_word' id='word_1_563' title='bbox 2786 1472 2838 1515; x_wconf 91' lang='lat' dir='ltr'><strong>tu</strong></span> <span class='ocrx_word' id='word_1_564' title='bbox 2866 1462 3062 1533; x_wconf 86' lang='lat' dir='ltr'><strong>lignum</strong></span> <span class='ocrx_word' id='word_1_565' title='bbox 3094 1458 3387 1522; x_wconf 70' lang='lat' dir='ltr'><strong>firmavisti,</strong></span> <span class='ocrx_word' id='word_1_566' title='bbox 3418 1467 3473 1513; x_wconf 85' lang='lat' dir='ltr'><strong>et</strong></span> <span class='ocrx_word' id='word_1_567' title='bbox 3500 1466 3556 1512; x_wconf 91' lang='lat' dir='ltr'><strong>tu</strong></span> <span class='ocrx_word' id='word_1_568' title='bbox 3583 1472 3735 1531; x_wconf 68' lang='lat' dir='ltr'><strong>quae-</strong></span> 
     </span>
    </p>
   </div>
   <div class='ocr_carea' id='block_1_75' title="bbox 2149 1548 3737 1627">
    <p class='ocr_par' dir='ltr' id='par_1_75' title="bbox 2149 1548 3737 1627">
     <span class='ocr_line' id='line_1_75' title="bbox 2149 1548 3737 1627; baseline -0.008 -15"><span class='ocrx_word' id='word_1_569' title='bbox 2149 1557 2224 1612; x_wconf 88' lang='lat' dir='ltr'><strong>ris</strong></span> <span class='ocrx_word' id='word_1_570' title='bbox 2255 1556 2578 1627; x_wconf 63' lang='lat' dir='ltr'><strong>pmnilentim</strong></span> <span class='ocrx_word' id='word_1_571' title='bbox 2617 1565 2672 1611; x_wconf 90' lang='lat' dir='ltr'><strong>et</strong></span> <span class='ocrx_word' id='word_1_572' title='bbox 2701 1554 2887 1610; x_wconf 89' lang='lat' dir='ltr'><strong>salutis</strong></span> <span class='ocrx_word' id='word_1_573' title='bbox 2919 1553 3167 1608; x_wconf 85' lang='lat' dir='ltr'><strong>modum?</strong></span> <span class='ocrx_word' id='word_1_574' title='bbox 3195 1550 3385 1609; x_wconf 81' lang='lat' dir='ltr'><strong>Vidisti</strong></span> <span class='ocrx_word' id='word_1_575' title='bbox 3426 1548 3737 1604; x_wconf 86' lang='lat' dir='ltr'><strong>fervorem?</strong></span> 
     </span>
    </p>
   </div>
   <div class='ocr_carea' id='block_1_76' title="bbox 2149 1643 3733 1714">
    <p class='ocr_par' dir='ltr' id='par_1_76' title="bbox 2149 1643 3733 1714">
     <span class='ocr_line' id='line_1_76' title="bbox 2149 1643 3733 1714; baseline -0.006 -10"><span class='ocrx_word' id='word_1_576' title='bbox 2149 1650 2325 1705; x_wconf 86' lang='lat' dir='ltr'><strong>vidisti</strong></span> <span class='ocrx_word' id='word_1_577' title='bbox 2348 1649 2753 1705; x_wconf 83' lang='lat' dir='ltr'><strong>sollicitudinem</strong></span> <span class='ocrx_word' id='word_1_578' title='bbox 2774 1649 2798 1702; x_wconf 92' lang='lat'><strong>?</strong></span> <span class='ocrx_word' id='word_1_579' title='bbox 2817 1647 2935 1703; x_wconf 86' lang='lat' dir='ltr'><strong>Non</strong></span> <span class='ocrx_word' id='word_1_580' title='bbox 2960 1645 3184 1711; x_wconf 86' lang='lat' dir='ltr'><strong>distulit,</strong></span> <span class='ocrx_word' id='word_1_581' title='bbox 3212 1643 3307 1699; x_wconf 88' lang='lat' dir='ltr'><strong>sed</strong></span> <span class='ocrx_word' id='word_1_582' title='bbox 3330 1644 3453 1714; x_wconf 90' lang='lat' dir='ltr'><strong>quia</strong></span> <span class='ocrx_word' id='word_1_583' title='bbox 3475 1652 3615 1697; x_wconf 88' lang='lat' dir='ltr'><strong>metu</strong></span> <span class='ocrx_word' id='word_1_584' title='bbox 3644 1655 3733 1696; x_wconf 82' lang='lat' dir='ltr'><strong>so—</strong></span> 
     </span>
    </p>
   </div>
   <div class='ocr_carea' id='block_1_77' title="bbox 2149 1733 3729 1808">
    <p class='ocr_par' dir='ltr' id='par_1_77' title="bbox 2149 1733 3729 1808">
     <span class='ocr_line' id='line_1_77' title="bbox 2149 1733 3729 1808; baseline -0.009 -10"><span class='ocrx_word' id='word_1_585' title='bbox 2149 1744 2290 1799; x_wconf 89' lang='lat' dir='ltr'><strong>lutus</strong></span> <span class='ocrx_word' id='word_1_586' title='bbox 2321 1752 2456 1808; x_wconf 89' lang='lat' dir='ltr'><strong>erat,</strong></span> <span class='ocrx_word' id='word_1_587' title='bbox 2482 1759 2585 1797; x_wconf 88' lang='lat' dir='ltr'><strong>non</strong></span> <span class='ocrx_word' id='word_1_588' title='bbox 2616 1743 2736 1798; x_wconf 92' lang='lat' dir='ltr'><strong>ideo</strong></span> <span class='ocrx_word' id='word_1_589' title='bbox 2762 1742 2965 1797; x_wconf 90' lang='lat' dir='ltr'><strong>solutus</strong></span> <span class='ocrx_word' id='word_1_590' title='bbox 2990 1749 3073 1796; x_wconf 91' lang='lat' dir='ltr'><strong>est</strong></span> <span class='ocrx_word' id='word_1_591' title='bbox 3098 1740 3236 1795; x_wconf 90' lang='lat' dir='ltr'><strong>circa</strong></span> <span class='ocrx_word' id='word_1_592' title='bbox 3266 1734 3607 1801; x_wconf 85' lang='lat' dir='ltr'><strong>beneﬁcium,</strong></span> <span class='ocrx_word' id='word_1_593' title='bbox 3635 1733 3729 1791; x_wconf 86' lang='lat' dir='ltr'><strong>sed</strong></span> 
     </span>
    </p>
   </div>
   <div class='ocr_carea' id='block_1_78' title="bbox 2149 1825 3735 1892">
    <p class='ocr_par' dir='ltr' id='par_1_78' title="bbox 2149 1825 3735 1892">
     <span class='ocr_line' id='line_1_78' title="bbox 2149 1825 3735 1892; baseline -0.006 0"><span class='ocrx_word' id='word_1_594' title='bbox 2149 1837 2327 1892; x_wconf 46' lang='lat' dir='ltr'><strong>statim</strong></span> <span class='ocrx_word' id='word_1_595' title='bbox 2356 1837 2423 1891; x_wconf 91' lang='lat' dir='ltr'><strong>ad</strong></span> <span class='ocrx_word' id='word_1_596' title='bbox 2466 1825 2695 1892; x_wconf 84' lang='lat' dir='ltr'><strong>salutem</strong></span> <span class='ocrx_word' id='word_1_597' title='bbox 2733 1837 2964 1892; x_wconf 89' lang='lat' dir='ltr'><strong>accurrit</strong></span> <span class='ocrx_word' id='word_1_598' title='bbox 2989 1833 3181 1891; x_wconf 85' lang='lat' dir='ltr'><strong>animae</strong></span> <span class='ocrx_word' id='word_1_599' title='bbox 3219 1847 3350 1889; x_wconf 83' lang='lat' dir='ltr'><strong>suae.</strong></span> <span class='ocrx_word' id='word_1_600' title='bbox 3373 1830 3487 1886; x_wconf 82' lang='lat' dir='ltr'><strong>Nox</strong></span> <span class='ocrx_word' id='word_1_601' title='bbox 3515 1838 3647 1891; x_wconf 84' lang='lat' dir='ltr'><strong>erat,</strong></span> <span class='ocrx_word' id='word_1_602' title='bbox 3677 1837 3735 1884; x_wconf 87' lang='lat' dir='ltr'><strong>et</strong></span> 
     </span>
    </p>
   </div>
   <div class='ocr_carea' id='block_1_79' title="bbox 2149 1922 3731 1998">
    <p class='ocr_par' dir='ltr' id='par_1_79' title="bbox 2149 1922 3731 1998">
     <span class='ocr_line' id='line_1_79' title="bbox 2149 1922 3731 1998; baseline -0.008 -13"><span class='ocrx_word' id='word_1_603' title='bbox 2149 1929 2322 1986; x_wconf 88' lang='lat' dir='ltr'><strong>media</strong></span> <span class='ocrx_word' id='word_1_604' title='bbox 2365 1945 2492 1986; x_wconf 89' lang='lat' dir='ltr'><strong>nox.</strong></span> <span class='ocrx_word' id='word_1_605' title='bbox 2522 1929 2637 1984; x_wconf 84' lang='lat' dir='ltr'><strong>Non</strong></span> <span class='ocrx_word' id='word_1_606' title='bbox 2682 1928 2835 1993; x_wconf 84' lang='lat' dir='ltr'><strong>dixit,</strong></span> <span class='ocrx_word' id='word_1_607' title='bbox 2881 1926 3267 1998; x_wconf 82' lang='lat' dir='ltr'><strong>Deliberemus,</strong></span> <span class='ocrx_word' id='word_1_608' title='bbox 3312 1923 3426 1980; x_wconf 90' lang='lat' dir='ltr'><strong>dies</strong></span> <span class='ocrx_word' id='word_1_609' title='bbox 3463 1922 3731 1987; x_wconf 87' lang='lat' dir='ltr'><strong>adveniat,</strong></span> 
     </span>
    </p>
   </div>
   <div class='ocr_carea' id='block_1_80' title="bbox 2151 2012 3729 2086">
    <p class='ocr_par' dir='ltr' id='par_1_80' title="bbox 2151 2012 3729 2086">
     <span class='ocr_line' id='line_1_80' title="bbox 2151 2012 3729 2086; baseline -0.008 -6"><span class='ocrx_word' id='word_1_610' title='bbox 2151 2024 2247 2080; x_wconf 88' lang='lat' dir='ltr'><strong>sed</strong></span> <span class='ocrx_word' id='word_1_611' title='bbox 2277 2025 2456 2079; x_wconf 88' lang='lat' dir='ltr'><strong>statim</strong></span> <span class='ocrx_word' id='word_1_612' title='bbox 2484 2022 2551 2079; x_wconf 89' lang='lat' dir='ltr'><strong>ad</strong></span> <span class='ocrx_word' id='word_1_613' title='bbox 2589 2022 2812 2077; x_wconf 86' lang='lat' dir='ltr'><strong>salutem</strong></span> <span class='ocrx_word' id='word_1_614' title='bbox 2842 2018 3137 2075; x_wconf 68' lang='lat' dir='ltr'><strong>cucurrit’.</strong></span> <span class='ocrx_word' id='word_1_615' title='bbox 3169 2016 3387 2086; x_wconf 81' lang='lat' dir='ltr'><strong>Magnus</strong></span> <span class='ocrx_word' id='word_1_616' title='bbox 3411 2021 3495 2070; x_wconf 91' lang='lat' dir='ltr'><strong>est</strong></span> <span class='ocrx_word' id='word_1_617' title='bbox 3519 2012 3603 2067; x_wconf 87' lang='lat' dir='ltr'><strong>hic</strong></span> <span class='ocrx_word' id='word_1_618' title='bbox 3628 2028 3729 2075; x_wconf 66' lang='grc' dir='ltr'><strong>νιν.</strong></span> 
     </span>
    </p>
   </div>
   <div class='ocr_carea' id='block_1_81' title="bbox 2149 2103 3734 2186">
    <p class='ocr_par' dir='ltr' id='par_1_81' title="bbox 2149 2103 3734 2186">
     <span class='ocr_line' id='line_1_81' title="bbox 2149 2103 3734 2186; baseline -0.008 -15"><span class='ocrx_word' id='word_1_619' title='bbox 2149 2117 2357 2186; x_wconf 83' lang='lat' dir='ltr'><strong>inquit,</strong></span> <span class='ocrx_word' id='word_1_620' title='bbox 2409 2114 2692 2171; x_wconf 88' lang='lat' dir='ltr'><strong>humanam</strong></span> <span class='ocrx_word' id='word_1_621' title='bbox 2743 2110 3071 2167; x_wconf 87' lang='lat' dir='ltr'><strong>transcendit</strong></span> <span class='ocrx_word' id='word_1_622' title='bbox 3121 2116 3385 2163; x_wconf 85' lang='lat' dir='ltr'><strong>naturam.</strong></span> <span class='ocrx_word' id='word_1_623' title='bbox 3433 2103 3554 2160; x_wconf 87' lang='lat' dir='ltr'><strong>Vidi</strong></span> <span class='ocrx_word' id='word_1_624' title='bbox 3595 2104 3734 2158; x_wconf 85' lang='lat' dir='ltr'><strong>illius</strong></span> 
     </span>
    </p>
   </div>
   <div class='ocr_carea' id='block_1_82' title="bbox 2149 2192 3731 2276">
    <p class='ocr_par' dir='ltr' id='par_1_82' title="bbox 2149 2192 3731 2276">
     <span class='ocr_line' id='line_1_82' title="bbox 2149 2192 3731 2276; baseline -0.01 -14"><span class='ocrx_word' id='word_1_625' title='bbox 2149 2208 2341 2262; x_wconf 88' lang='lat' dir='ltr'><strong>miram</strong></span> <span class='ocrx_word' id='word_1_626' title='bbox 2371 2204 2684 2276; x_wconf 88' lang='lat' dir='ltr'><strong>potentiam,</strong></span> <span class='ocrx_word' id='word_1_627' title='bbox 2714 2204 2937 2259; x_wconf 87' lang='lat' dir='ltr'><strong>miratus</strong></span> <span class='ocrx_word' id='word_1_628' title='bbox 2973 2216 3092 2257; x_wconf 86' lang='lat' dir='ltr'><strong>sum</strong></span> <span class='ocrx_word' id='word_1_629' title='bbox 3131 2197 3539 2254; x_wconf 83' lang='lat' dir='ltr'><strong>humanitatem.</strong></span> <span class='ocrx_word' id='word_1_630' title='bbox 3568 2192 3731 2249; x_wconf 76' lang='lat' dir='ltr'><strong>lunu-</strong></span> 
     </span>
    </p>
   </div>
   <div class='ocr_carea' id='block_1_83' title="bbox 2148 2289 3736 2369">
    <p class='ocr_par' dir='ltr' id='par_1_83' title="bbox 2148 2289 3736 2369">
     <span class='ocr_line' id='line_1_83' title="bbox 2148 2289 3736 2369; baseline -0.01 -11"><span class='ocrx_word' id='word_1_631' title='bbox 2148 2315 2293 2358; x_wconf 81' lang='lat' dir='ltr'><strong>tncra</strong></span> <span class='ocrx_word' id='word_1_632' title='bbox 2320 2316 2352 2355; x_wconf 77' lang='grc' dir='ltr'><strong>ιι</strong></span> <span class='ocrx_word' id='word_1_633' title='bbox 2390 2314 2475 2354; x_wconf 88' lang='lat' dir='ltr'><strong>me</strong></span> <span class='ocrx_word' id='word_1_634' title='bbox 2517 2311 2705 2369; x_wconf 87' lang='lat' dir='ltr'><strong>passus</strong></span> <span class='ocrx_word' id='word_1_635' title='bbox 2746 2296 2903 2357; x_wconf 86' lang='lat' dir='ltr'><strong>mala,</strong></span> <span class='ocrx_word' id='word_1_636' title='bbox 2944 2310 3064 2349; x_wconf 89' lang='lat' dir='ltr'><strong>cum</strong></span> <span class='ocrx_word' id='word_1_637' title='bbox 3091 2294 3142 2347; x_wconf 91' lang='lat' dir='ltr'><strong>in</strong></span> <span class='ocrx_word' id='word_1_638' title='bbox 3173 2289 3426 2347; x_wconf 86' lang='lat' dir='ltr'><strong>extremis</strong></span> <span class='ocrx_word' id='word_1_639' title='bbox 3453 2296 3614 2351; x_wconf 83' lang='lat' dir='ltr'><strong>esset,</strong></span> <span class='ocrx_word' id='word_1_640' title='bbox 3645 2301 3736 2342; x_wconf 84' lang='lat' dir='ltr'><strong>me</strong></span> 
     </span>
    </p>
   </div>
   <div class='ocr_carea' id='block_1_84' title="bbox 2149 2387 3732 2463">
    <p class='ocr_par' dir='ltr' id='par_1_84' title="bbox 2149 2387 3732 2463">
     <span class='ocr_line' id='line_1_84' title="bbox 2149 2387 3732 2463; baseline -0.009 -16"><span class='ocrx_word' id='word_1_641' title='bbox 2149 2390 2238 2461; x_wconf 90' lang='lat' dir='ltr'><strong>qui</strong></span> <span class='ocrx_word' id='word_1_642' title='bbox 2260 2393 2547 2463; x_wconf 87' lang='lat' dir='ltr'><strong>ligaveram</strong></span> <span class='ocrx_word' id='word_1_643' title='bbox 2569 2390 2622 2443; x_wconf 89' lang='lat' dir='ltr'><strong>in</strong></span> <span class='ocrx_word' id='word_1_644' title='bbox 2648 2402 2836 2443; x_wconf 89' lang='lat' dir='ltr'><strong>manus</strong></span> <span class='ocrx_word' id='word_1_645' title='bbox 2860 2387 3145 2458; x_wconf 88' lang='lat' dir='ltr'><strong>accipiens,</strong></span> <span class='ocrx_word' id='word_1_646' title='bbox 3168 2398 3287 2437; x_wconf 90' lang='lat' dir='ltr'><strong>cum</strong></span> <span class='ocrx_word' id='word_1_647' title='bbox 3317 2395 3509 2436; x_wconf 82' lang='lat' dir='ltr'><strong>necare</strong></span> <span class='ocrx_word' id='word_1_648' title='bbox 3530 2387 3732 2449; x_wconf 74' lang='lat' dir='ltr'><strong>posset,</strong></span> 
     </span>
    </p>
   </div>
   <div class='ocr_carea' id='block_1_85' title="bbox 2149 2472 3732 2546">
    <p class='ocr_par' dir='ltr' id='par_1_85' title="bbox 2149 2472 3732 2546">
     <span class='ocr_line' id='line_1_85' title="bbox 2149 2472 3732 2546; baseline -0.012 -3"><span class='ocrx_word' id='word_1_649' title='bbox 2149 2498 2260 2543; x_wconf 84' lang='lat' dir='ltr'><strong>non</strong></span> <span class='ocrx_word' id='word_1_650' title='bbox 2292 2483 2455 2539; x_wconf 91' lang='lat' dir='ltr'><strong>modo</strong></span> <span class='ocrx_word' id='word_1_651' title='bbox 2477 2482 2608 2538; x_wconf 91' lang='lat' dir='ltr'><strong>nihil</strong></span> <span class='ocrx_word' id='word_1_652' title='bbox 2636 2481 2781 2546; x_wconf 88' lang='lat' dir='ltr'><strong>facit,</strong></span> <span class='ocrx_word' id='word_1_653' title='bbox 2808 2478 2902 2535; x_wconf 86' lang='lat' dir='ltr'><strong>sed</strong></span> <span class='ocrx_word' id='word_1_654' title='bbox 2927 2495 3047 2535; x_wconf 90' lang='lat' dir='ltr'><strong>cum</strong></span> <span class='ocrx_word' id='word_1_655' title='bbox 3076 2494 3159 2532; x_wconf 88' lang='lat' dir='ltr'><strong>tne</strong></span> <span class='ocrx_word' id='word_1_656' title='bbox 3190 2475 3510 2539; x_wconf 78' lang='lat' dir='ltr'><strong>interﬁcere,</strong></span> <span class='ocrx_word' id='word_1_657' title='bbox 3543 2480 3597 2528; x_wconf 88' lang='lat' dir='ltr'><strong>et</strong></span> <span class='ocrx_word' id='word_1_658' title='bbox 3616 2472 3732 2543; x_wconf 76' lang='lat' dir='ltr'><strong>gla-</strong></span> 
     </span>
    </p>
   </div>
   <div class='ocr_carea' id='block_1_86' title="bbox 2148 2562 3732 2645">
    <p class='ocr_par' dir='ltr' id='par_1_86' title="bbox 2148 2562 3732 2645">
     <span class='ocr_line' id='line_1_86' title="bbox 2148 2562 3732 2645; baseline -0.009 -14"><span class='ocrx_word' id='word_1_659' title='bbox 2148 2574 2295 2631; x_wconf 88' lang='lat' dir='ltr'><strong>dium</strong></span> <span class='ocrx_word' id='word_1_660' title='bbox 2325 2575 2378 2629; x_wconf 92' lang='lat' dir='ltr'><strong>in</strong></span> <span class='ocrx_word' id='word_1_661' title='bbox 2401 2572 2642 2645; x_wconf 89' lang='lat' dir='ltr'><strong>jugulum</strong></span> <span class='ocrx_word' id='word_1_662' title='bbox 2685 2573 2898 2642; x_wconf 86' lang='lat' dir='ltr'><strong>adigere</strong></span> <span class='ocrx_word' id='word_1_663' title='bbox 2924 2569 3296 2629; x_wconf 65' lang='lat' dir='ltr'><strong>destinassem,</strong></span> <span class='ocrx_word' id='word_1_664' title='bbox 3341 2579 3428 2620; x_wconf 90' lang='lat' dir='ltr'><strong>me</strong></span> <span class='ocrx_word' id='word_1_665' title='bbox 3471 2562 3732 2622; x_wconf 86' lang='lat' dir='ltr'><strong>cohibuit.</strong></span> 
     </span>
    </p>
   </div>
   <div class='ocr_carea' id='block_1_87' title="bbox 2149 2654 3733 2736">
    <p class='ocr_par' dir='ltr' id='par_1_87' title="bbox 2149 2654 3733 2736">
     <span class='ocr_line' id='line_1_87' title="bbox 2149 2654 3733 2736; baseline -0.011 -11"><span class='ocrx_word' id='word_1_666' title='bbox 2149 2668 2277 2726; x_wconf 85' lang='lat' dir='ltr'><strong>Jure</strong></span> <span class='ocrx_word' id='word_1_667' title='bbox 2303 2668 2433 2724; x_wconf 89' lang='lat' dir='ltr'><strong>dicit</strong></span> <span class='ocrx_word' id='word_1_668' title='bbox 2460 2685 2474 2720; x_wconf 86' lang='lat'><strong>:</strong></span> <span class='ocrx_word' id='word_1_669' title='bbox 2502 2665 2730 2730; x_wconf 85' lang='lat' dir='ltr'><strong>Domini,</strong></span> <span class='ocrx_word' id='word_1_670' title='bbox 2763 2665 2886 2736; x_wconf 84' lang='lat' dir='ltr'><strong>quid</strong></span> <span class='ocrx_word' id='word_1_671' title='bbox 2929 2679 3006 2717; x_wconf 86' lang='lat' dir='ltr'><strong>me</strong></span> <span class='ocrx_word' id='word_1_672' title='bbox 3034 2670 3227 2732; x_wconf 83' lang='lat' dir='ltr'><strong>oportet</strong></span> <span class='ocrx_word' id='word_1_673' title='bbox 3268 2664 3452 2731; x_wconf 77' lang='lat' dir='ltr'><strong>facere,</strong></span> <span class='ocrx_word' id='word_1_674' title='bbox 3476 2667 3528 2710; x_wconf 86' lang='lat' dir='ltr'><strong>nt</strong></span> <span class='ocrx_word' id='word_1_675' title='bbox 3564 2654 3733 2711; x_wconf 76' lang='lat' dir='ltr'><strong>saltus</strong></span> 
     </span>
    </p>
   </div>
   <div class='ocr_carea' id='block_1_88' title="bbox 2150 2749 3734 2830">
    <p class='ocr_par' dir='ltr' id='par_1_88' title="bbox 2150 2749 3734 2830">
     <span class='ocr_line' id='line_1_88' title="bbox 2150 2749 3734 2830; baseline -0.011 -14"><span class='ocrx_word' id='word_1_676' title='bbox 2150 2761 2312 2830; x_wconf 74' lang='lat' dir='ltr'><strong>ﬁam?</strong></span> <span class='ocrx_word' id='word_1_677' title='bbox 2334 2759 2449 2815; x_wconf 84' lang='lat' dir='ltr'><strong>Non</strong></span> <span class='ocrx_word' id='word_1_678' title='bbox 2474 2759 2617 2814; x_wconf 86' lang='lat' dir='ltr'><strong>enim</strong></span> <span class='ocrx_word' id='word_1_679' title='bbox 2648 2758 2897 2813; x_wconf 73' lang='lat' dir='ltr'><strong>miracula</strong></span> <span class='ocrx_word' id='word_1_680' title='bbox 2930 2754 3088 2809; x_wconf 86' lang='lat' dir='ltr'><strong>modo</strong></span> <span class='ocrx_word' id='word_1_681' title='bbox 3115 2753 3395 2810; x_wconf 83' lang='lat' dir='ltr'><strong>credentes</strong></span> <span class='ocrx_word' id='word_1_682' title='bbox 3424 2749 3490 2805; x_wconf 90' lang='lat' dir='ltr'><strong>ad</strong></span> <span class='ocrx_word' id='word_1_683' title='bbox 3518 2757 3734 2818; x_wconf 88' lang='lat' dir='ltr'><strong>aposto-</strong></span> 
     </span>
    </p>
   </div>
   <div class='ocr_carea' id='block_1_89' title="bbox 2151 2839 3730 2916">
    <p class='ocr_par' dir='ltr' id='par_1_89' title="bbox 2151 2839 3730 2916">
     <span class='ocr_line' id='line_1_89' title="bbox 2151 2839 3730 2916; baseline -0.009 -9"><span class='ocrx_word' id='word_1_684' title='bbox 2151 2853 2232 2908; x_wconf 88' lang='lat' dir='ltr'><strong>los</strong></span> <span class='ocrx_word' id='word_1_685' title='bbox 2255 2851 2611 2916; x_wconf 88' lang='lat' dir='ltr'><strong>attrahebant,</strong></span> <span class='ocrx_word' id='word_1_686' title='bbox 2641 2850 2735 2905; x_wconf 86' lang='lat' dir='ltr'><strong>sed</strong></span> <span class='ocrx_word' id='word_1_687' title='bbox 2755 2859 2881 2905; x_wconf 86' lang='lat' dir='ltr'><strong>ante</strong></span> <span class='ocrx_word' id='word_1_688' title='bbox 2907 2846 3163 2903; x_wconf 89' lang='lat' dir='ltr'><strong>miracula</strong></span> <span class='ocrx_word' id='word_1_689' title='bbox 3186 2846 3310 2900; x_wconf 89' lang='lat' dir='ltr'><strong>vita.</strong></span> <span class='ocrx_word' id='word_1_690' title='bbox 3339 2842 3459 2899; x_wconf 91' lang='lat' dir='ltr'><strong>ldeo</strong></span> <span class='ocrx_word' id='word_1_691' title='bbox 3483 2842 3557 2898; x_wconf 90' lang='lat' dir='ltr'><strong>ait</strong></span> <span class='ocrx_word' id='word_1_692' title='bbox 3586 2839 3730 2897; x_wconf 70' lang='grc' dir='ltr'>ιιι-</span> 
     </span>
    </p>
   </div>
   <div class='ocr_carea' id='block_1_90' title="bbox 2151 2939 3731 3009">
    <p class='ocr_par' dir='ltr' id='par_1_90' title="bbox 2151 2939 3731 3009">
     <span class='ocr_line' id='line_1_90' title="bbox 2151 2939 3731 3009; baseline -0.011 -5"><span class='ocrx_word' id='word_1_693' title='bbox 2151 2958 2260 3005; x_wconf 73' lang='grc' dir='ltr'><strong>σθαι</strong></span> <span class='ocrx_word' id='word_1_694' title='bbox 2284 2947 2375 3001; x_wconf 79' lang='lat' dir='ltr'><strong>tua:</strong></span> <span class='ocrx_word' id='word_1_695' title='bbox 2410 2955 2573 3000; x_wconf 75' lang='lat' dir='ltr'><strong>vestra</strong></span> <span class='ocrx_word' id='word_1_696' title='bbox 2600 2960 2770 2999; x_wconf 83' lang='lat' dir='ltr'><strong>coram</strong></span> <span class='ocrx_word' id='word_1_697' title='bbox 2807 2941 3112 3009; x_wconf 56' lang='lat' dir='ltr'><strong>hominibus,</strong></span> <span class='ocrx_word' id='word_1_698' title='bbox 3139 2949 3195 2997; x_wconf 76' lang='lat' dir='ltr'><strong>ut</strong></span> <span class='ocrx_word' id='word_1_699' title='bbox 3218 2939 3416 2994; x_wconf 78' lang='lat' dir='ltr'><strong>videant</strong></span> <span class='ocrx_word' id='word_1_700' title='bbox 3460 2951 3615 3005; x_wconf 84' lang='lat' dir='ltr'><strong>opera</strong></span> <span class='ocrx_word' id='word_1_701' title='bbox 3643 2950 3731 2988; x_wconf 70' lang='lat' dir='ltr'><strong>eeo</strong></span> 
     </span>
    </p>
   </div>
   <div class='ocr_carea' id='block_1_91' title="bbox 2150 3028 3733 3109">
    <p class='ocr_par' dir='ltr' id='par_1_91' title="bbox 2150 3028 3733 3109">
     <span class='ocr_line' id='line_1_91' title="bbox 2150 3028 3733 3109; baseline -0.009 -15"><span class='ocrx_word' id='word_1_702' title='bbox 2150 3051 2257 3094; x_wconf 85' lang='lat' dir='ltr'><strong>stra</strong></span> <span class='ocrx_word' id='word_1_703' title='bbox 2285 3038 2436 3101; x_wconf 82' lang='lat' dir='ltr'><strong>bona,</strong></span> <span class='ocrx_word' id='word_1_704' title='bbox 2458 3047 2503 3093; x_wconf 86' lang='lat' dir='ltr'><strong>et</strong></span> <span class='ocrx_word' id='word_1_705' title='bbox 2529 3037 2808 3109; x_wconf 80' lang='lat' dir='ltr'><strong>gloriﬁcent</strong></span> <span class='ocrx_word' id='word_1_706' title='bbox 2835 3035 3038 3089; x_wconf 83' lang='lat' dir='ltr'><strong>Patrem</strong></span> <span class='ocrx_word' id='word_1_707' title='bbox 3061 3042 3298 3097; x_wconf 79' lang='lat' dir='ltr'><strong>vestrwn,</strong></span> <span class='ocrx_word' id='word_1_708' title='bbox 3324 3031 3408 3101; x_wconf 81' lang='lat' dir='ltr'><strong>qui</strong></span> <span class='ocrx_word' id='word_1_709' title='bbox 3432 3030 3486 3084; x_wconf 77' lang='lat' dir='ltr'><strong>in</strong></span> <span class='ocrx_word' id='word_1_710' title='bbox 3505 3028 3638 3082; x_wconf 74' lang='lat' dir='ltr'><strong>aclis</strong></span> <span class='ocrx_word' id='word_1_711' title='bbox 3657 3036 3733 3081; x_wconf 81' lang='lat' dir='ltr'><strong>est</strong></span> 
     </span>
    </p>
   </div>
   <div class='ocr_carea' id='block_1_92' title="bbox 2152 3117 3731 3199">
    <p class='ocr_par' dir='ltr' id='par_1_92' title="bbox 2152 3117 3731 3199">
     <span class='ocr_line' id='line_1_92' title="bbox 2152 3117 3731 3199; baseline -0.009 -15"><span class='ocrx_word' id='word_1_712' title='bbox 2152 3129 2367 3199; x_wconf 71' lang='lat' dir='ltr'><strong>(Matth.</strong></span> <span class='ocrx_word' id='word_1_713' title='bbox 2417 3130 2470 3184; x_wconf 88' lang='lat'><strong>5.</strong></span> <span class='ocrx_word' id='word_1_714' title='bbox 2517 3127 2624 3199; x_wconf 82' lang='grc'><strong>16).</strong></span> <span class='ocrx_word' id='word_1_715' title='bbox 2656 3127 2844 3182; x_wconf 86' lang='lat' dir='ltr'><strong>Vidisti</strong></span> <span class='ocrx_word' id='word_1_716' title='bbox 2894 3127 3157 3181; x_wconf 86' lang='lat' dir='ltr'><strong>fervorem</strong></span> <span class='ocrx_word' id='word_1_717' title='bbox 3183 3121 3419 3179; x_wconf 75' lang='lat' dir='ltr'><strong>enatodis</strong></span> <span class='ocrx_word' id='word_1_718' title='bbox 3460 3117 3731 3175; x_wconf 79' lang='lat' dir='ltr'><strong>carceris?</strong></span> 
     </span>
    </p>
   </div>
   <div class='ocr_carea' id='block_1_93' title="bbox 2151 3209 3731 3285">
    <p class='ocr_par' dir='ltr' id='par_1_93' title="bbox 2151 3209 3731 3285">
     <span class='ocr_line' id='line_1_93' title="bbox 2151 3209 3731 3285; baseline -0.008 -6"><span class='ocrx_word' id='word_1_719' title='bbox 2151 3224 2288 3280; x_wconf 87' lang='lat' dir='ltr'><strong>Vide</strong></span> <span class='ocrx_word' id='word_1_720' title='bbox 2310 3224 2459 3280; x_wconf 84' lang='lat' dir='ltr'><strong>Pauli</strong></span> <span class='ocrx_word' id='word_1_721' title='bbox 2491 3222 2751 3278; x_wconf 89' lang='lat' dir='ltr'><strong>fervorem</strong></span> <span class='ocrx_word' id='word_1_722' title='bbox 2780 3238 2794 3276; x_wconf 91' lang='lat'><strong>:</strong></span> <span class='ocrx_word' id='word_1_723' title='bbox 2828 3235 2933 3275; x_wconf 91' lang='lat' dir='ltr'><strong>non</strong></span> <span class='ocrx_word' id='word_1_724' title='bbox 2960 3218 3180 3279; x_wconf 74' lang='lat' dir='ltr'><strong>distulit,</strong></span> <span class='ocrx_word' id='word_1_725' title='bbox 3211 3232 3314 3270; x_wconf 88' lang='lat' dir='ltr'><strong>non</strong></span> <span class='ocrx_word' id='word_1_726' title='bbox 3347 3214 3573 3285; x_wconf 84' lang='lat' dir='ltr'><strong>neglexit</strong></span> <span class='ocrx_word' id='word_1_727' title='bbox 3598 3229 3616 3267; x_wconf 89' lang='lat'><strong>:</strong></span> <span class='ocrx_word' id='word_1_728' title='bbox 3639 3209 3731 3266; x_wconf 78' lang='lat' dir='ltr'><strong>sed</strong></span> 
     </span>
    </p>
   </div>
   <div class='ocr_carea' id='block_1_94' title="bbox 2153 3303 3737 3380">
    <p class='ocr_par' dir='ltr' id='par_1_94' title="bbox 2153 3303 3737 3380">
     <span class='ocr_line' id='line_1_94' title="bbox 2153 3303 3737 3380; baseline -0.011 -8"><span class='ocrx_word' id='word_1_729' title='bbox 2153 3317 2207 3372; x_wconf 91' lang='lat' dir='ltr'><strong>in</strong></span> <span class='ocrx_word' id='word_1_730' title='bbox 2251 3315 2474 3371; x_wconf 88' lang='lat' dir='ltr'><strong>vinculis</strong></span> <span class='ocrx_word' id='word_1_731' title='bbox 2502 3331 2621 3370; x_wconf 87' lang='lat' dir='ltr'><strong>cum</strong></span> <span class='ocrx_word' id='word_1_732' title='bbox 2662 3322 2825 3376; x_wconf 90' lang='lat' dir='ltr'><strong>esset,</strong></span> <span class='ocrx_word' id='word_1_733' title='bbox 2874 3321 2928 3367; x_wconf 89' lang='lat' dir='ltr'><strong>et</strong></span> <span class='ocrx_word' id='word_1_734' title='bbox 2954 3311 3006 3366; x_wconf 90' lang='lat' dir='ltr'><strong>in</strong></span> <span class='ocrx_word' id='word_1_735' title='bbox 3046 3309 3233 3380; x_wconf 86' lang='lat' dir='ltr'><strong>ligneis</strong></span> <span class='ocrx_word' id='word_1_736' title='bbox 3271 3305 3634 3376; x_wconf 88' lang='lat' dir='ltr'><strong>compedibus,</strong></span> <span class='ocrx_word' id='word_1_737' title='bbox 3680 3303 3737 3356; x_wconf 84' lang='lat' dir='ltr'><strong>in</strong></span> 
     </span>
    </p>
   </div>
   <div class='ocr_carea' id='block_1_95' title="bbox 2154 3397 3734 3480">
    <p class='ocr_par' dir='ltr' id='par_1_95' title="bbox 2154 3397 3734 3480">
     <span class='ocr_line' id='line_1_95' title="bbox 2154 3397 3734 3480; baseline -0.01 -17"><span class='ocrx_word' id='word_1_738' title='bbox 2154 3410 2342 3480; x_wconf 89' lang='lat' dir='ltr'><strong>plagis,</strong></span> <span class='ocrx_word' id='word_1_739' title='bbox 2369 3408 2546 3464; x_wconf 88' lang='lat' dir='ltr'><strong>statim</strong></span> <span class='ocrx_word' id='word_1_740' title='bbox 2568 3423 2690 3464; x_wconf 87' lang='lat' dir='ltr'><strong>eum</strong></span> <span class='ocrx_word' id='word_1_741' title='bbox 2718 3405 2983 3477; x_wconf 82' lang='lat' dir='ltr'><strong>mysteriis</strong></span> <span class='ocrx_word' id='word_1_742' title='bbox 3005 3401 3211 3465; x_wconf 88' lang='lat' dir='ltr'><strong>imbuit,</strong></span> <span class='ocrx_word' id='word_1_743' title='bbox 3238 3410 3431 3456; x_wconf 90' lang='lat' dir='ltr'><strong>etcum</strong></span> <span class='ocrx_word' id='word_1_744' title='bbox 3451 3397 3545 3453; x_wconf 89' lang='lat' dir='ltr'><strong>illo</strong></span> <span class='ocrx_word' id='word_1_745' title='bbox 3567 3406 3734 3451; x_wconf 89' lang='lat' dir='ltr'><strong>totam</strong></span> 
     </span>
    </p>
   </div>
   <div class='ocr_carea' id='block_1_96' title="bbox 2154 3489 3737 3570">
    <p class='ocr_par' dir='ltr' id='par_1_96' title="bbox 2154 3489 3737 3570">
     <span class='ocr_line' id='line_1_96' title="bbox 2154 3489 3737 3570; baseline -0.009 -14"><span class='ocrx_word' id='word_1_746' title='bbox 2154 3502 2394 3566; x_wconf 88' lang='lat' dir='ltr'><strong>domum,</strong></span> <span class='ocrx_word' id='word_1_747' title='bbox 2436 3515 2500 3554; x_wconf 88' lang='lat' dir='ltr'><strong>ac</strong></span> <span class='ocrx_word' id='word_1_748' title='bbox 2525 3509 2646 3570; x_wconf 86' lang='lat' dir='ltr'><strong>post</strong></span> <span class='ocrx_word' id='word_1_749' title='bbox 2688 3498 2954 3553; x_wconf 90' lang='lat' dir='ltr'><strong>lavacrum</strong></span> <span class='ocrx_word' id='word_1_750' title='bbox 2983 3494 3289 3566; x_wconf 86' lang='lat' dir='ltr'><strong>spirituale,</strong></span> <span class='ocrx_word' id='word_1_751' title='bbox 3322 3501 3545 3562; x_wconf 84' lang='lat' dir='ltr'><strong>postque</strong></span> <span class='ocrx_word' id='word_1_752' title='bbox 3582 3489 3737 3558; x_wconf 87' lang='lat' dir='ltr'><strong>spiri-</strong></span> 
     </span>
    </p>
   </div>
   <div class='ocr_carea' id='block_1_97' title="bbox 2155 3582 3737 3657">
    <p class='ocr_par' dir='ltr' id='par_1_97' title="bbox 2155 3582 3737 3657">
     <span class='ocr_line' id='line_1_97' title="bbox 2155 3582 3737 3657; baseline -0.009 -8"><span class='ocrx_word' id='word_1_753' title='bbox 2155 3595 2353 3651; x_wconf 87' lang='lat' dir='ltr'><strong>tualem</strong></span> <span class='ocrx_word' id='word_1_754' title='bbox 2397 3609 2658 3657; x_wconf 87' lang='lat' dir='ltr'><strong>mensam,</strong></span> <span class='ocrx_word' id='word_1_755' title='bbox 2706 3591 2976 3647; x_wconf 83' lang='lat' dir='ltr'><strong>carnalem</strong></span> <span class='ocrx_word' id='word_1_756' title='bbox 3015 3588 3175 3644; x_wconf 88' lang='lat' dir='ltr'><strong>etiam</strong></span> <span class='ocrx_word' id='word_1_757' title='bbox 3222 3586 3322 3657; x_wconf 91' lang='lat' dir='ltr'><strong>ipsi</strong></span> <span class='ocrx_word' id='word_1_758' title='bbox 3363 3584 3608 3655; x_wconf 84' lang='lat' dir='ltr'><strong>apposuit</strong></span> <span class='ocrx_word' id='word_1_759' title='bbox 3638 3582 3737 3649; x_wconf 72' lang='grc' dir='ltr'><strong>(α).</strong></span> 
     </span>
    </p>
   </div>
   <div class='ocr_carea' id='block_1_98' title="bbox 2156 3675 3739 3757">
    <p class='ocr_par' dir='ltr' id='par_1_98' title="bbox 2156 3675 3739 3757">
     <span class='ocr_line' id='line_1_98' title="bbox 2156 3675 3739 3757; baseline -0.007 -17"><span class='ocrx_word' id='word_1_760' title='bbox 2156 3688 2353 3741; x_wconf 88' lang='lat' dir='ltr'><strong>Verum</strong></span> <span class='ocrx_word' id='word_1_761' title='bbox 2383 3702 2486 3757; x_wconf 83' lang='lat' dir='ltr'><strong>qua</strong></span> <span class='ocrx_word' id='word_1_762' title='bbox 2512 3685 2582 3741; x_wconf 92' lang='lat' dir='ltr'><strong>de</strong></span> <span class='ocrx_word' id='word_1_763' title='bbox 2609 3700 2769 3741; x_wconf 89' lang='lat' dir='ltr'><strong>causa</strong></span> <span class='ocrx_word' id='word_1_764' title='bbox 2808 3682 3078 3738; x_wconf 89' lang='lat' dir='ltr'><strong>concussit</strong></span> <span class='ocrx_word' id='word_1_765' title='bbox 3103 3678 3414 3735; x_wconf 81' lang='lat' dir='ltr'><strong>carcerem?</strong></span> <span class='ocrx_word' id='word_1_766' title='bbox 3445 3675 3515 3734; x_wconf 91' lang='lat' dir='ltr'><strong>Ut</strong></span> <span class='ocrx_word' id='word_1_767' title='bbox 3537 3675 3739 3730; x_wconf 82' lang='lat' dir='ltr'><strong>excita-</strong></span> 
     </span>
    </p>
   </div>
   <div class='ocr_carea' id='block_1_99' title="bbox 2156 3773 3737 3843">
    <p class='ocr_par' dir='ltr' id='par_1_99' title="bbox 2156 3773 3737 3843">
     <span class='ocr_line' id='line_1_99' title="bbox 2156 3773 3737 3843; baseline -0.01 -6"><span class='ocrx_word' id='word_1_768' title='bbox 2156 3791 2239 3837; x_wconf 90' lang='lat' dir='ltr'><strong>ret</strong></span> <span class='ocrx_word' id='word_1_769' title='bbox 2279 3781 2553 3837; x_wconf 73' lang='lat' dir='ltr'><strong>custodem</strong></span> <span class='ocrx_word' id='word_1_770' title='bbox 2597 3776 2830 3834; x_wconf 87' lang='lat' dir='ltr'><strong>carceris</strong></span> <span class='ocrx_word' id='word_1_771' title='bbox 2871 3776 2935 3831; x_wconf 91' lang='lat' dir='ltr'><strong>ad</strong></span> <span class='ocrx_word' id='word_1_772' title='bbox 2956 3773 3459 3843; x_wconf 86' lang='lat' dir='ltr'><strong>contemplationem</strong></span> <span class='ocrx_word' id='word_1_773' title='bbox 3503 3777 3737 3824; x_wconf 88' lang='lat' dir='ltr'><strong>actarum</strong></span> 
     </span>
    </p>
   </div>
   <div class='ocr_carea' id='block_1_100' title="bbox 2157 3861 3743 3933">
    <p class='ocr_par' dir='ltr' id='par_1_100' title="bbox 2157 3861 3743 3933">
     <span class='ocr_line' id='line_1_100' title="bbox 2157 3861 3743 3933; baseline -0.01 -4"><span class='ocrx_word' id='word_1_774' title='bbox 2157 3888 2356 3933; x_wconf 86' lang='lat' dir='ltr'><strong>rerum.</strong></span> <span class='ocrx_word' id='word_1_775' title='bbox 2386 3871 2557 3929; x_wconf 88' lang='lat' dir='ltr'><strong>Solvit</strong></span> <span class='ocrx_word' id='word_1_776' title='bbox 2577 3869 2794 3925; x_wconf 87' lang='lat' dir='ltr'><strong>sensilia</strong></span> <span class='ocrx_word' id='word_1_777' title='bbox 2824 3867 3035 3927; x_wconf 85' lang='lat' dir='ltr'><strong>vincula</strong></span> <span class='ocrx_word' id='word_1_778' title='bbox 3064 3866 3386 3926; x_wconf 82' lang='lat' dir='ltr'><strong>vinclOrum,</strong></span> <span class='ocrx_word' id='word_1_779' title='bbox 3426 3871 3485 3916; x_wconf 92' lang='lat' dir='ltr'><strong>ut</strong></span> <span class='ocrx_word' id='word_1_780' title='bbox 3512 3861 3743 3916; x_wconf 76' lang='lat' dir='ltr'><strong>solveret</strong></span> 
     </span>
    </p>
   </div>
   <div class='ocr_carea' id='block_1_101' title="bbox 2157 3950 3741 4034">
    <p class='ocr_par' dir='ltr' id='par_1_101' title="bbox 2157 3950 3741 4034">
     <span class='ocr_line' id='line_1_101' title="bbox 2157 3950 3741 4034; baseline -0.009 -16"><span class='ocrx_word' id='word_1_781' title='bbox 2157 3964 2450 4034; x_wconf 88' lang='lat' dir='ltr'><strong>spiritualia</strong></span> <span class='ocrx_word' id='word_1_782' title='bbox 2469 3961 2676 4017; x_wconf 85' lang='lat' dir='ltr'><strong>vincula</strong></span> <span class='ocrx_word' id='word_1_783' title='bbox 2702 3958 2941 4017; x_wconf 84' lang='lat' dir='ltr'><strong>custodis</strong></span> <span class='ocrx_word' id='word_1_784' title='bbox 2959 3956 3209 4013; x_wconf 86' lang='lat' dir='ltr'><strong>carceris.</strong></span> <span class='ocrx_word' id='word_1_785' title='bbox 3234 3953 3568 4010; x_wconf 89' lang='lat' dir='ltr'><strong>Contrarium</strong></span> <span class='ocrx_word' id='word_1_786' title='bbox 3588 3950 3741 4007; x_wconf 82' lang='lat' dir='ltr'><strong>Chri-</strong></span> 
     </span>
    </p>
   </div>
   <div class='ocr_carea' id='block_1_102' title="bbox 2158 4045 3747 4119">
    <p class='ocr_par' dir='ltr' id='par_1_102' title="bbox 2158 4045 3747 4119">
     <span class='ocr_line' id='line_1_102' title="bbox 2158 4045 3747 4119; baseline -0.008 -7"><span class='ocrx_word' id='word_1_787' title='bbox 2158 4067 2274 4113; x_wconf 88' lang='lat' dir='ltr'><strong>stus</strong></span> <span class='ocrx_word' id='word_1_788' title='bbox 2305 4056 2446 4112; x_wconf 87' lang='lat' dir='ltr'><strong>fecit.</strong></span> <span class='ocrx_word' id='word_1_789' title='bbox 2480 4054 2723 4111; x_wconf 85' lang='lat' dir='ltr'><strong>Accessit</strong></span> <span class='ocrx_word' id='word_1_790' title='bbox 2748 4052 2815 4106; x_wconf 88' lang='lat' dir='ltr'><strong>ad</strong></span> <span class='ocrx_word' id='word_1_791' title='bbox 2843 4067 2964 4108; x_wconf 89' lang='lat' dir='ltr'><strong>eum</strong></span> <span class='ocrx_word' id='word_1_792' title='bbox 2995 4050 3157 4105; x_wconf 89' lang='lat' dir='ltr'><strong>homo</strong></span> <span class='ocrx_word' id='word_1_793' title='bbox 3185 4048 3522 4119; x_wconf 80' lang='lat' dir='ltr'><strong>paralyticos,</strong></span> <span class='ocrx_word' id='word_1_794' title='bbox 3545 4045 3747 4116; x_wconf 78' lang='lat' dir='ltr'><strong>duplici</strong></span> 
     </span>
    </p>
   </div>
   <div class='ocr_carea' id='block_1_103' title="bbox 2159 4137 3741 4219">
    <p class='ocr_par' dir='ltr' id='par_1_103' title="bbox 2159 4137 3741 4219">
     <span class='ocr_line' id='line_1_103' title="bbox 2159 4137 3741 4219; baseline -0.011 -11"><span class='ocrx_word' id='word_1_795' title='bbox 2159 4149 2387 4219; x_wconf 83' lang='lat' dir='ltr'><strong>quadam</strong></span> <span class='ocrx_word' id='word_1_796' title='bbox 2410 4147 2638 4219; x_wconf 80' lang='lat' dir='ltr'><strong>paralysi</strong></span> <span class='ocrx_word' id='word_1_797' title='bbox 2665 4144 2915 4209; x_wconf 68' lang='lat' dir='ltr'><strong>affectus;</strong></span> <span class='ocrx_word' id='word_1_798' title='bbox 2948 4143 3107 4198; x_wconf 84' lang='lat' dir='ltr'><strong>aliam</strong></span> <span class='ocrx_word' id='word_1_799' title='bbox 3132 4157 3161 4195; x_wconf 89' lang='lat' dir='ltr'><strong>a</strong></span> <span class='ocrx_word' id='word_1_800' title='bbox 3187 4140 3438 4210; x_wconf 88' lang='lat' dir='ltr'><strong>peccatis,</strong></span> <span class='ocrx_word' id='word_1_801' title='bbox 3461 4137 3679 4193; x_wconf 85' lang='lat' dir='ltr'><strong>alteram</strong></span> <span class='ocrx_word' id='word_1_802' title='bbox 3708 4153 3741 4191; x_wconf 86' lang='lat' dir='ltr'><strong>a</strong></span> 
     </span>
    </p>
   </div>
   <div class='ocr_carea' id='block_1_104' title="bbox 2160 4228 3741 4309">
    <p class='ocr_par' dir='ltr' id='par_1_104' title="bbox 2160 4228 3741 4309">
     <span class='ocr_line' id='line_1_104' title="bbox 2160 4228 3741 4309; baseline -0.009 -14"><span class='ocrx_word' id='word_1_803' title='bbox 2160 4255 2404 4309; x_wconf 87' lang='lat' dir='ltr'><strong>corpore.</strong></span> <span class='ocrx_word' id='word_1_804' title='bbox 2446 4239 2626 4294; x_wconf 85' lang='lat' dir='ltr'><strong>Primo</strong></span> <span class='ocrx_word' id='word_1_805' title='bbox 2652 4236 2916 4307; x_wconf 80' lang='lat' dir='ltr'><strong>paralysin</strong></span> <span class='ocrx_word' id='word_1_806' title='bbox 2947 4241 3282 4304; x_wconf 85' lang='lat' dir='ltr'><strong>peccatorum</strong></span> <span class='ocrx_word' id='word_1_807' title='bbox 3328 4229 3511 4294; x_wconf 81' lang='lat' dir='ltr'><strong>solvit,</strong></span> <span class='ocrx_word' id='word_1_808' title='bbox 3551 4230 3627 4284; x_wconf 88' lang='lat' dir='ltr'><strong>sic</strong></span> <span class='ocrx_word' id='word_1_809' title='bbox 3653 4228 3741 4281; x_wconf 82' lang='lat' dir='ltr'><strong>di-</strong></span> 
     </span>
    </p>
   </div>
   <div class='ocr_carea' id='block_1_105' title="bbox 2160 4319 3747 4394">
    <p class='ocr_par' dir='ltr' id='par_1_105' title="bbox 2160 4319 3747 4394">
     <span class='ocr_line' id='line_1_105' title="bbox 2160 4319 3747 4394; baseline -0.008 -7"><span class='ocrx_word' id='word_1_810' title='bbox 2160 4346 2291 4387; x_wconf 86' lang='lat' dir='ltr'><strong>cens</strong></span> <span class='ocrx_word' id='word_1_811' title='bbox 2332 4350 2346 4384; x_wconf 73' lang='grc' dir='ltr'><strong>ι</strong></span> <span class='ocrx_word' id='word_1_812' title='bbox 2399 4329 2526 4393; x_wconf 85' lang='lat' dir='ltr'><strong>Fili,</strong></span> <span class='ocrx_word' id='word_1_813' title='bbox 2570 4331 2892 4384; x_wconf 78' lang='lat' dir='ltr'><strong>remittuntur</strong></span> <span class='ocrx_word' id='word_1_814' title='bbox 2936 4326 3021 4379; x_wconf 89' lang='lat' dir='ltr'><strong>tibi</strong></span> <span class='ocrx_word' id='word_1_815' title='bbox 3073 4332 3279 4394; x_wconf 72' lang='lat' dir='ltr'><strong>peccata</strong></span> <span class='ocrx_word' id='word_1_816' title='bbox 3328 4319 3606 4387; x_wconf 75' lang='lat' dir='ltr'><strong>(Marc.2.</strong></span> <span class='ocrx_word' id='word_1_817' title='bbox 3646 4320 3747 4389; x_wconf 82' lang='lat'><strong>5).</strong></span> 
     </span>
    </p>
   </div>
   <div class='ocr_carea' id='block_1_106' title="bbox 2164 4406 3743 4494">
    <p class='ocr_par' dir='ltr' id='par_1_106' title="bbox 2164 4406 3743 4494">
     <span class='ocr_line' id='line_1_106' title="bbox 2164 4406 3743 4494; baseline -0.008 -13"><span class='ocrx_word' id='word_1_818' title='bbox 2164 4425 2368 4481; x_wconf 86' lang='lat' dir='ltr'><strong>Deinde</strong></span> <span class='ocrx_word' id='word_1_819' title='bbox 2416 4423 2536 4494; x_wconf 86' lang='lat' dir='ltr'><strong>quia</strong></span> <span class='ocrx_word' id='word_1_820' title='bbox 2581 4421 2658 4476; x_wconf 83' lang='lat' dir='ltr'><strong>illi</strong></span> <span class='ocrx_word' id='word_1_821' title='bbox 2702 4418 3035 4482; x_wconf 88' lang='lat' dir='ltr'><strong>dubitabant,</strong></span> <span class='ocrx_word' id='word_1_822' title='bbox 3085 4406 3544 4485; x_wconf 80' lang='lat' dir='ltr'><strong>blasphemabant,</strong></span> <span class='ocrx_word' id='word_1_823' title='bbox 3595 4411 3743 4469; x_wconf 85' lang='lat' dir='ltr'><strong>dice-</strong></span> 
     </span>
    </p>
   </div>
   <div class='ocr_carea' id='block_1_107' title="bbox 2163 4504 3750 4586">
    <p class='ocr_par' dir='ltr' id='par_1_107' title="bbox 2163 4504 3750 4586">
     <span class='ocr_line' id='line_1_107' title="bbox 2163 4504 3750 4586; baseline -0.008 -13"><span class='ocrx_word' id='word_1_824' title='bbox 2163 4516 2416 4586; x_wconf 82' lang='lat' dir='ltr'><strong>bantque,</strong></span> <span class='ocrx_word' id='word_1_825' title='bbox 2447 4513 2615 4569; x_wconf 84' lang='lat' dir='ltr'><strong>Nemo</strong></span> <span class='ocrx_word' id='word_1_826' title='bbox 2636 4521 2794 4580; x_wconf 73' lang='lat' dir='ltr'><strong>potest</strong></span> <span class='ocrx_word' id='word_1_827' title='bbox 2817 4511 3067 4565; x_wconf 84' lang='lat' dir='ltr'><strong>dimittere</strong></span> <span class='ocrx_word' id='word_1_828' title='bbox 3089 4516 3310 4573; x_wconf 85' lang='lat' dir='ltr'><strong>peccata,</strong></span> <span class='ocrx_word' id='word_1_829' title='bbox 3334 4507 3433 4561; x_wconf 82' lang='lat' dir='ltr'><strong>nisi</strong></span> <span class='ocrx_word' id='word_1_830' title='bbox 3452 4507 3593 4561; x_wconf 79' lang='lat' dir='ltr'><strong>solus</strong></span> <span class='ocrx_word' id='word_1_831' title='bbox 3608 4504 3750 4561; x_wconf 80' lang='lat' dir='ltr'><strong>Deus</strong></span> 
     </span>
    </p>
   </div>
   <div class='ocr_carea' id='block_1_108' title="bbox 2166 4598 3750 4681">
    <p class='ocr_par' dir='ltr' id='par_1_108' title="bbox 2166 4598 3750 4681">
     <span class='ocr_line' id='line_1_108' title="bbox 2166 4598 3750 4681; baseline -0.006 -19"><span class='ocrx_word' id='word_1_832' title='bbox 2166 4609 2327 4681; x_wconf 75' lang='lat' dir='ltr'><strong>(Ibid.</strong></span> <span class='ocrx_word' id='word_1_833' title='bbox 2367 4625 2417 4662; x_wconf 78' lang='grc' dir='ltr'><strong>υ.</strong></span> <span class='ocrx_word' id='word_1_834' title='bbox 2458 4608 2541 4674; x_wconf 81' lang='grc'><strong>7),</strong></span> <span class='ocrx_word' id='word_1_835' title='bbox 2570 4605 2754 4659; x_wconf 86' lang='lat' dir='ltr'><strong>volens</strong></span> <span class='ocrx_word' id='word_1_836' title='bbox 2805 4604 2935 4673; x_wconf 88' lang='lat' dir='ltr'><strong>ipsis</strong></span> <span class='ocrx_word' id='word_1_837' title='bbox 2981 4599 3264 4661; x_wconf 87' lang='lat' dir='ltr'><strong>ostendere</strong></span> <span class='ocrx_word' id='word_1_838' title='bbox 3308 4613 3368 4655; x_wconf 83' lang='lat' dir='ltr'><strong>se</strong></span> <span class='ocrx_word' id='word_1_839' title='bbox 3410 4613 3538 4654; x_wconf 86' lang='lat' dir='ltr'><strong>vere</strong></span> <span class='ocrx_word' id='word_1_840' title='bbox 3582 4598 3750 4653; x_wconf 79' lang='lat' dir='ltr'><strong>Deum</strong></span> 
     </span>
    </p>
   </div>
   <div class='ocr_carea' id='block_1_109' title="bbox 2167 4689 3759 4767">
    <p class='ocr_par' dir='ltr' id='par_1_109' title="bbox 2167 4689 3759 4767">
     <span class='ocr_line' id='line_1_109' title="bbox 2167 4689 3759 4767; baseline -0.009 -10"><span class='ocrx_word' id='word_1_841' title='bbox 2167 4716 2321 4767; x_wconf 88' lang='lat' dir='ltr'><strong>esse,</strong></span> <span class='ocrx_word' id='word_1_842' title='bbox 2372 4702 2556 4755; x_wconf 82' lang='lat' dir='ltr'><strong>volens</strong></span> <span class='ocrx_word' id='word_1_843' title='bbox 2611 4699 2753 4765; x_wconf 84' lang='lat' dir='ltr'><strong>ipsos</strong></span> <span class='ocrx_word' id='word_1_844' title='bbox 2801 4710 2868 4749; x_wconf 86' lang='lat' dir='ltr'><strong>ex</strong></span> <span class='ocrx_word' id='word_1_845' title='bbox 2922 4708 3017 4748; x_wconf 79' lang='lat' dir='ltr'><strong>ore</strong></span> <span class='ocrx_word' id='word_1_846' title='bbox 3072 4693 3309 4760; x_wconf 86' lang='lat' dir='ltr'><strong>ipsorum</strong></span> <span class='ocrx_word' id='word_1_847' title='bbox 3361 4689 3635 4759; x_wconf 86' lang='lat' dir='ltr'><strong>judicare,</strong></span> <span class='ocrx_word' id='word_1_848' title='bbox 3691 4699 3759 4742; x_wconf 69' lang='lat' dir='ltr'><strong>ua</strong></span> 
     </span>
    </p>
   </div>
   <div class='ocr_carea' id='block_1_110' title="bbox 2168 4780 3755 4862">
    <p class='ocr_par' dir='ltr' id='par_1_110' title="bbox 2168 4780 3755 4862">
     <span class='ocr_line' id='line_1_110' title="bbox 2168 4780 3755 4862; baseline -0.009 -11"><span class='ocrx_word' id='word_1_849' title='bbox 2168 4794 2346 4855; x_wconf 82' lang='lat' dir='ltr'><strong>dicere</strong></span> <span class='ocrx_word' id='word_1_850' title='bbox 2390 4799 2589 4862; x_wconf 81' lang='lat' dir='ltr'><strong>posset,</strong></span> <span class='ocrx_word' id='word_1_851' title='bbox 2621 4789 2703 4845; x_wconf 71' lang='lat' dir='ltr'><strong>Ex</strong></span> <span class='ocrx_word' id='word_1_852' title='bbox 2754 4804 2840 4845; x_wconf 89' lang='lat' dir='ltr'><strong>ore</strong></span> <span class='ocrx_word' id='word_1_853' title='bbox 2887 4797 2970 4843; x_wconf 85' lang='lat' dir='ltr'><strong>tuo</strong></span> <span class='ocrx_word' id='word_1_854' title='bbox 3011 4795 3058 4839; x_wconf 84' lang='lat' dir='ltr'><strong>te</strong></span> <span class='ocrx_word' id='word_1_855' title='bbox 3095 4784 3275 4857; x_wconf 69' lang='lat' dir='ltr'><strong>judico</strong></span> <span class='ocrx_word' id='word_1_856' title='bbox 3305 4785 3455 4852; x_wconf 83' lang='lat' dir='ltr'><strong>(an.</strong></span> <span class='ocrx_word' id='word_1_857' title='bbox 3502 4781 3589 4841; x_wconf 77' lang='lat' dir='ltr'><strong>i9.</strong></span> <span class='ocrx_word' id='word_1_858' title='bbox 3618 4780 3755 4850; x_wconf 71' lang='lat'><strong>22):</strong></span> 
     </span>
    </p>
   </div>
   <div class='ocr_carea' id='block_1_111' title="bbox 2173 4875 3758 4951">
    <p class='ocr_par' dir='ltr' id='par_1_111' title="bbox 2173 4875 3758 4951">
     <span class='ocr_line' id='line_1_111' title="bbox 2173 4875 3758 4951; baseline -0.009 -9"><span class='ocrx_word' id='word_1_859' title='bbox 2173 4897 2231 4942; x_wconf 88' lang='lat' dir='ltr'><strong>tu</strong></span> <span class='ocrx_word' id='word_1_860' title='bbox 2252 4885 2430 4940; x_wconf 84' lang='lat' dir='ltr'><strong>dixisti</strong></span> <span class='ocrx_word' id='word_1_861' title='bbox 2461 4882 2735 4940; x_wconf 86' lang='lat' dir='ltr'><strong>neminem</strong></span> <span class='ocrx_word' id='word_1_862' title='bbox 2759 4895 2915 4951; x_wconf 86' lang='lat' dir='ltr'><strong>posse</strong></span> <span class='ocrx_word' id='word_1_863' title='bbox 2953 4878 3222 4935; x_wconf 77' lang='lat' dir='ltr'><strong>dunittere</strong></span> <span class='ocrx_word' id='word_1_864' title='bbox 3263 4886 3477 4946; x_wconf 86' lang='lat' dir='ltr'><strong>peccata</strong></span> <span class='ocrx_word' id='word_1_865' title='bbox 3524 4875 3624 4935; x_wconf 86' lang='lat' dir='ltr'><strong>nisi</strong></span> <span class='ocrx_word' id='word_1_866' title='bbox 3663 4888 3758 4929; x_wconf 80' lang='lat' dir='ltr'><strong>so-</strong></span> 
     </span>
    </p>
   </div>
   <div class='ocr_carea' id='block_1_112' title="bbox 2171 4966 3761 5039">
    <p class='ocr_par' dir='ltr' id='par_1_112' title="bbox 2171 4966 3761 5039">
     <span class='ocr_line' id='line_1_112' title="bbox 2171 4966 3761 5039; baseline -0.006 -8"><span class='ocrx_word' id='word_1_867' title='bbox 2171 4976 2277 5031; x_wconf 88' lang='lat' dir='ltr'><strong>lum</strong></span> <span class='ocrx_word' id='word_1_868' title='bbox 2306 4975 2469 5030; x_wconf 90' lang='lat' dir='ltr'><strong>Deum</strong></span> <span class='ocrx_word' id='word_1_869' title='bbox 2500 4991 2513 5028; x_wconf 88' lang='lat'>:</span> <span class='ocrx_word' id='word_1_870' title='bbox 2536 4987 2663 5028; x_wconf 86' lang='lat' dir='ltr'><strong>ecce</strong></span> <span class='ocrx_word' id='word_1_871' title='bbox 2686 4971 2917 5037; x_wconf 86' lang='lat' dir='ltr'><strong>dimitto,</strong></span> <span class='ocrx_word' id='word_1_872' title='bbox 2944 4970 3130 5039; x_wconf 86' lang='lat' dir='ltr'><strong>inquit,</strong></span> <span class='ocrx_word' id='word_1_873' title='bbox 3156 4978 3395 5038; x_wconf 86' lang='lat' dir='ltr'><strong>peccata,</strong></span> <span class='ocrx_word' id='word_1_874' title='bbox 3420 4976 3475 5022; x_wconf 90' lang='lat' dir='ltr'><strong>et</strong></span> <span class='ocrx_word' id='word_1_875' title='bbox 3498 4966 3761 5022; x_wconf 79' lang='lat' dir='ltr'><strong>conﬁtere</strong></span> 
     </span>
    </p>
   </div>
   <div class='ocr_carea' id='block_1_113' title="bbox 2172 5054 3759 5131">
    <p class='ocr_par' dir='ltr' id='par_1_113' title="bbox 2172 5054 3759 5131">
     <span class='ocr_line' id='line_1_113' title="bbox 2172 5054 3759 5131; baseline -0.006 -7"><span class='ocrx_word' id='word_1_876' title='bbox 2172 5067 2510 5124; x_wconf 85' lang='lat' dir='ltr'><strong>divinitatem</strong></span> <span class='ocrx_word' id='word_1_877' title='bbox 2532 5078 2703 5119; x_wconf 88' lang='lat' dir='ltr'><strong>meam</strong></span> <span class='ocrx_word' id='word_1_878' title='bbox 2729 5080 2749 5119; x_wconf 83' lang='lat'><strong>:</strong></span> <span class='ocrx_word' id='word_1_879' title='bbox 2771 5077 2838 5117; x_wconf 89' lang='lat' dir='ltr'><strong>ex</strong></span> <span class='ocrx_word' id='word_1_880' title='bbox 2863 5069 2959 5117; x_wconf 88' lang='lat' dir='ltr'><strong>tuo.</strong></span> <span class='ocrx_word' id='word_1_881' title='bbox 2976 5060 3176 5131; x_wconf 89' lang='lat' dir='ltr'><strong>judicio</strong></span> <span class='ocrx_word' id='word_1_882' title='bbox 3199 5059 3461 5114; x_wconf 82' lang='lat' dir='ltr'><strong>calculum</strong></span> <span class='ocrx_word' id='word_1_883' title='bbox 3488 5059 3620 5114; x_wconf 89' lang='lat' dir='ltr'><strong>fero.</strong></span> <span class='ocrx_word' id='word_1_884' title='bbox 3650 5054 3759 5115; x_wconf 75' lang='lat' dir='ltr'><strong>Sed</strong></span> 
     </span>
    </p>
   </div>
   <div class='ocr_carea' id='block_1_114' title="bbox 2174 5149 3761 5229">
    <p class='ocr_par' dir='ltr' id='par_1_114' title="bbox 2174 5149 3761 5229">
     <span class='ocr_line' id='line_1_114' title="bbox 2174 5149 3761 5229; baseline -0.008 -14"><span class='ocrx_word' id='word_1_885' title='bbox 2174 5160 2282 5215; x_wconf 92' lang='lat' dir='ltr'><strong>illic</strong></span> <span class='ocrx_word' id='word_1_886' title='bbox 2326 5157 2471 5229; x_wconf 90' lang='lat' dir='ltr'><strong>prior</strong></span> <span class='ocrx_word' id='word_1_887' title='bbox 2499 5154 2809 5225; x_wconf 81' lang='lat' dir='ltr'><strong>spiritualis,</strong></span> <span class='ocrx_word' id='word_1_888' title='bbox 2846 5152 3114 5224; x_wconf 82' lang='lat' dir='ltr'><strong>posterior</strong></span> <span class='ocrx_word' id='word_1_889' title='bbox 3143 5151 3389 5216; x_wconf 90' lang='lat' dir='ltr'><strong>sensilis;</strong></span> <span class='ocrx_word' id='word_1_890' title='bbox 3418 5149 3506 5205; x_wconf 84' lang='lat' dir='ltr'><strong>hic</strong></span> <span class='ocrx_word' id='word_1_891' title='bbox 3547 5154 3761 5215; x_wconf 78' lang='lat' dir='ltr'><strong>contra,</strong></span> 
     </span>
    </p>
   </div>
   <div class='ocr_carea' id='block_1_115' title="bbox 2175 5238 3763 5322">
    <p class='ocr_par' dir='ltr' id='par_1_115' title="bbox 2175 5238 3763 5322">
     <span class='ocr_line' id='line_1_115' title="bbox 2175 5238 3763 5322; baseline -0.008 -17"><span class='ocrx_word' id='word_1_892' title='bbox 2175 5251 2348 5322; x_wconf 90' lang='lat' dir='ltr'><strong>primo</strong></span> <span class='ocrx_word' id='word_1_893' title='bbox 2370 5247 2585 5303; x_wconf 86' lang='lat' dir='ltr'><strong>sensilia</strong></span> <span class='ocrx_word' id='word_1_894' title='bbox 2608 5245 2840 5311; x_wconf 83' lang='lat' dir='ltr'><strong>vincula,</strong></span> <span class='ocrx_word' id='word_1_895' title='bbox 2857 5242 3049 5298; x_wconf 87' lang='lat' dir='ltr'><strong>deinde</strong></span> <span class='ocrx_word' id='word_1_896' title='bbox 3072 5241 3362 5311; x_wconf 84' lang='lat' dir='ltr'><strong>spiritualia</strong></span> <span class='ocrx_word' id='word_1_897' title='bbox 3389 5238 3594 5295; x_wconf 80' lang='lat' dir='ltr'><strong>sublata</strong></span> <span class='ocrx_word' id='word_1_898' title='bbox 3614 5248 3763 5292; x_wconf 77' lang='lat' dir='ltr'><strong>sunt.</strong></span> 
     </span>
    </p>
   </div>
   <div class='ocr_carea' id='block_1_116' title="bbox 2238 5326 3773 5408">
    <p class='ocr_par' dir='ltr' id='par_1_116' title="bbox 2238 5326 3773 5408">
     <span class='ocr_line' id='line_1_116' title="bbox 2238 5326 3773 5408; baseline -0.01 -12"><span class='ocrx_word' id='word_1_899' title='bbox 2238 5340 2496 5396; x_wconf 87' lang='lat' dir='ltr'><strong>Orationis</strong></span> <span class='ocrx_word' id='word_1_900' title='bbox 2510 5339 2582 5393; x_wconf 82' lang='lat' dir='ltr'><strong>vis</strong></span> <span class='ocrx_word' id='word_1_901' title='bbox 2598 5352 2784 5408; x_wconf 86' lang='lat' dir='ltr'><strong>magna</strong></span> <span class='ocrx_word' id='word_1_902' title='bbox 2796 5350 3008 5404; x_wconf 84' lang='lat' dir='ltr'><strong>semper,</strong></span> <span class='ocrx_word' id='word_1_903' title='bbox 3023 5333 3110 5387; x_wconf 84' lang='lat' dir='ltr'><strong>sed</strong></span> <span class='ocrx_word' id='word_1_904' title='bbox 3118 5348 3233 5387; x_wconf 81' lang='lat' dir='ltr'><strong>cum</strong></span> <span class='ocrx_word' id='word_1_905' title='bbox 3235 5332 3431 5402; x_wconf 82' lang='lat' dir='ltr'><strong>jejunio</strong></span> <span class='ocrx_word' id='word_1_906' title='bbox 3448 5326 3773 5402; x_wconf 75' lang='lat' dir='ltr'><strong>major.0m-</strong></span> 
     </span>
    </p>
   </div>
   <div class='ocr_carea' id='block_1_117' title="bbox 2177 5422 3773 5504">
    <p class='ocr_par' dir='ltr' id='par_1_117' title="bbox 2177 5422 3773 5504">
     <span class='ocr_line' id='line_1_117' title="bbox 2177 5422 3773 5504; baseline -0.008 -16"><span class='ocrx_word' id='word_1_907' title='bbox 2177 5437 2247 5490; x_wconf 82' lang='lat' dir='ltr'><strong>tio</strong></span> <span class='ocrx_word' id='word_1_908' title='bbox 2272 5433 2522 5504; x_wconf 85' lang='lat' dir='ltr'><strong>quomodo</strong></span> <span class='ocrx_word' id='word_1_909' title='bbox 2548 5441 2695 5503; x_wconf 86' lang='lat' dir='ltr'><strong>grata</strong></span> <span class='ocrx_word' id='word_1_910' title='bbox 2723 5429 2982 5500; x_wconf 53' lang='lat' dir='ltr'><strong>ejiciatur.</strong></span> <span class='ocrx_word' id='word_1_911' title='bbox 3007 5456 3079 5467; x_wconf 91' lang='lat'>—</span> <span class='ocrx_word' id='word_1_912' title='bbox 3098 5424 3344 5481; x_wconf 84' lang='lat' dir='ltr'><strong>Vidistin‘</strong></span> <span class='ocrx_word' id='word_1_913' title='bbox 3368 5431 3566 5494; x_wconf 87' lang='lat' dir='ltr'><strong>quanta</strong></span> <span class='ocrx_word' id='word_1_914' title='bbox 3592 5422 3773 5504; x_wconf 88' lang='lat' dir='ltr'><strong>sit</strong></span> 
     </span>
    </p>
   </div>
   <div class='ocr_carea' id='block_1_118' title="bbox 2180 5500 3775 5599">
    <p class='ocr_par' dir='ltr' id='par_1_118' title="bbox 2180 5500 3775 5599">
     <span class='ocr_line' id='line_1_118' title="bbox 2180 5500 3775 5599; baseline -0.009 -17"><span class='ocrx_word' id='word_1_915' title='bbox 2180 5500 2815 5599; x_wconf 52' lang='lat' dir='ltr'><strong>hymnorumiquantum</strong></span> <span class='ocrx_word' id='word_1_916' title='bbox 2843 5521 2958 5574; x_wconf 88' lang='lat' dir='ltr'><strong>laus</strong></span> <span class='ocrx_word' id='word_1_917' title='bbox 2977 5517 3190 5573; x_wconf 85' lang='lat' dir='ltr'><strong>valeat?</strong></span> <span class='ocrx_word' id='word_1_918' title='bbox 3212 5525 3467 5586; x_wconf 78' lang='lat' dir='ltr'><strong>quantum</strong></span> <span class='ocrx_word' id='word_1_919' title='bbox 3489 5500 3775 5585; x_wconf 78' lang='lat' dir='ltr'><strong>precatio?</strong></span> 
     </span>
    </p>
   </div>
   <div class='ocr_carea' id='block_1_119' title="bbox 2247 5651 3236 5717">
    <p class='ocr_par' dir='ltr' id='par_1_119' title="bbox 2247 5651 3236 5717">
     <span class='ocr_line' id='line_1_119' title="bbox 2247 5651 3236 5717; baseline -0.009 -7"><span class='ocrx_word' id='word_1_920' title='bbox 2247 5664 2263 5693; x_wconf 79' lang='grc' dir='ltr'>ι</span> <span class='ocrx_word' id='word_1_921' title='bbox 2300 5668 2402 5717; x_wconf 84' lang='lat' dir='ltr'><strong>Duo</strong></span> <span class='ocrx_word' id='word_1_922' title='bbox 2424 5668 2551 5713; x_wconf 73' lang='lat' dir='ltr'><strong>M55..</strong></span> <span class='ocrx_word' id='word_1_923' title='bbox 2575 5658 2640 5713; x_wconf 84' lang='lat' dir='ltr'><strong>ad</strong></span> <span class='ocrx_word' id='word_1_924' title='bbox 2999 5651 3236 5705; x_wconf 76' lang='lat' dir='ltr'><strong>cucurrit.</strong></span> 
     </span>
    </p>
   </div>
   <div class='ocr_carea' id='block_1_120' title="bbox 2245 5711 3781 5789">
    <p class='ocr_par' dir='ltr' id='par_1_120' title="bbox 2245 5711 3781 5789">
     <span class='ocr_line' id='line_1_120' title="bbox 2245 5711 3781 5789; baseline -0.009 -16"><span class='ocrx_word' id='word_1_925' title='bbox 2245 5724 2319 5789; x_wconf 72' lang='grc' dir='ltr'>(ιι)</span> <span class='ocrx_word' id='word_1_926' title='bbox 2366 5712 2467 5772; x_wconf 58' lang='lat' dir='ltr'><strong>non</strong></span> <span class='ocrx_word' id='word_1_927' title='bbox 2494 5711 2678 5777; x_wconf 76' lang='lat' dir='ltr'><strong>Paulus</strong></span> <span class='ocrx_word' id='word_1_928' title='bbox 2710 5718 2898 5789; x_wconf 67' lang='lat' dir='ltr'><strong>custodi</strong></span> <span class='ocrx_word' id='word_1_929' title='bbox 2934 5717 3183 5779; x_wconf 77' lang='lat' dir='ltr'><strong>carceris,</strong></span> <span class='ocrx_word' id='word_1_930' title='bbox 3220 5711 3313 5765; x_wconf 84' lang='lat' dir='ltr'><strong>sed</strong></span> <span class='ocrx_word' id='word_1_931' title='bbox 3351 5717 3518 5764; x_wconf 70' lang='lat' dir='ltr'><strong>custos</strong></span> <span class='ocrx_word' id='word_1_932' title='bbox 3556 5712 3781 5765; x_wconf 64' lang='lat' dir='ltr'><strong>arcet-is</strong></span> 
     </span>
    </p>
   </div>
   <div class='ocr_carea' id='block_1_121' title="bbox 2188 5787 2824 5845">
    <p class='ocr_par' dir='ltr' id='par_1_121' title="bbox 2188 5787 2824 5845">
     <span class='ocr_line' id='line_1_121' title="bbox 2188 5787 2824 5845; baseline -0.003 -10"><span class='ocrx_word' id='word_1_933' title='bbox 2188 5787 2329 5835; x_wconf 85' lang='lat' dir='ltr'><strong>Paulo</strong></span> <span class='ocrx_word' id='word_1_934' title='bbox 2352 5797 2567 5835; x_wconf 60' lang='lat' dir='ltr'><strong>metretam</strong></span> <span class='ocrx_word' id='word_1_935' title='bbox 2589 5787 2824 5845; x_wconf 53' lang='lat' dir='ltr'><strong>apposui.</strong></span> 
     </span>
    </p>
   </div>
  </div>
