4084 6346
318 387 423 446 595

316 522 512 576 ναμις;
552 503 882 576 ’Υμνοῦντες
919 507 969 559 οί
1015 510 1159 578 τρεῖς
1203 506 1421 570 παῖδες,
1464 504 1606 559 οὕτω
1642 506 1740 578 τὴν
1783 507 1886 559 κά·

319 604 469 658 μινον
508 588 732 641 ἔσϐεσαν
761 589 858 659 τὴν
893 589 1234 642 Βαϐυλωνίαν
1253 606 1265 618 ·
1299 588 1496 660 μᾶλλον
1529 589 1588 642 δέ
1609 589 1709 642 οὐκ
1740 589 1893 642 ἔσϐε-

319 689 443 731 σαν,
472 671 584 723 ἀλλ’
613 671 642 724 ὅ
671 671 847 742 πολλῷ
892 673 1326 742 θαυμαστότερον
1361 668 1449 743 ἦν,
1474 673 1768 743 καιομένην
1794 672 1893 741 τὴν

321 754 514 821 φλόγα,
557 754 686 808 ῶσεὶ⁵
719 755 908 826 πηλὸν,
946 754 1326 824 κατεπάτησαν
1379 758 1486 817 τοῖς
1519 755 1696 808 ποσίν.
1729 751 1895 818 Οὗτος

325 841 354 890 6
388 838 554 907 ὕμνος
603 841 681 902 είς
718 838 1087 908 δεσμωτήριον
1125 837 1380 892 εἰσελθὼν
1417 841 1509 891 ἐπὶ
1556 838 1647 890 τοῦ
1686 839 1892 891 Παύλου

319 920 385 972 τὰ
415 919 589 990 δεσμὰ
616 920 791 986 ἔλυσε,
817 921 914 986 τάς
945 921 1112 992 θύρας
1139 921 1340 990 ἀνέῳξε
1363 920 1455 973 τοῦ
1494 920 1892 992 δεσμωτηρίου,

318 1005 385 1057 τὰ
416 1005 638 1074 θεμέλια
664 1006 909 1069 διέσεισε,
947 1007 1280 1078 καταπλήξει
1313 1005 1477 1076 πολλῇ
1509 1007 1598 1060 τὸν
1629 1006 1897 1076 δεσμοφύ-

317 1087 456 1142 λακα
472 1089 637 1160 ἐφόϐη
646 1105 724 1144 σε.
738 1089 891 1142 Κατά
912 1089 1092 1160 γὰρτὸ
1113 1089 1456 1160 μεσονύκτιον
1477 1089 1694 1159 ὕμνουν,
1712 1090 1894 1161 φησὶν,

317 1171 346 1223 6
380 1170 592 1234 Παῦλος
635 1173 729 1226 καὶ
763 1175 791 1224 6
819 1173 998 1234 Σίλας.
1041 1169 1173 1225 Εἶτα
1203 1171 1256 1224 τί
1287 1172 1507 1240 γέγονε;
1550 1173 1647 1237 Τί;
1678 1173 1750 1224 T6
1779 1189 1898 1224 και-

317 1257 408 1306 νὸν
435 1254 530 1308 καὶ
565 1254 862 1324 παράδοξον
893 1255 1141 1319 πάντωςο
1171 1253 1243 1308 16
1273 1254 1445 1325 δεσμά
1492 1254 1674 1325 ἐλύθη,
1711 1255 1759 1306 οί
1812 1256 1897 1306 δε-

316 1337 530 1409 δεμένοι
573 1339 700 1399 τοὺς
747 1338 1071 1409 λελυμένους
1119 1338 1349 1408 ἔδησαν·
1397 1338 1491 1391 καὶ
1533 1338 1638 1408 μὴν
1681 1338 1895 1406 δεσμῶν

312 1423 478 1491 φύσις
509 1422 644 1486 ἐστὶ,
671 1423 731 1476 16
760 1422 1038 1492 δεδεμένον
1077 1424 1134 1474 ἐν
1155 1421 1409 1492 ἀκριϐείᾳ
1444 1421 1608 1490 πολλῇ
1639 1423 1898 1491 κατέχειν

319 1506 415 1560 καὶ
458 1505 765 1576 ὑποχείριον
812 1508 1011 1558 ποιεῖν·
1060 1506 1176 1558 νυνὶ
1219 1506 1275 1559 δέ
1307 1509 1334 1559 6
1362 1505 1704 1574 δεσμοφύλαξ
1749 1505 1899 1558 λελυ-

324 1589 480 1659 μένος
527 1589 662 1658 πρὸς
689 1589 815 1651 τοὺς
843 1588 1010 1651 πόδας
1047 1584 1175 1658 ἦλθε
1211 1588 1304 1640 τοῦ
1338 1587 1622 1658 δεδεμένου
1660 1588 1894 1641 Παύλου.

320 1671 544 1741 Δεσμῶν
577 1671 674 1740 μὲν
705 1671 813 1742 γὰρ
849 1671 957 1723 τῶν
985 1670 1256 1741 αἰσθητῶν
1283 1670 1444 1738 φύσις
1477 1671 1616 1734 ἐστὶ,
1648 1671 1901 1740 κατέχειν

318 1754 410 1807 τὸν
432 1753 739 1824 δεδεμένον·
772 1753 984 1823 δεσμῶν
1009 1753 1066 1806 δέ
1102 1755 1209 1806 τῶν
1233 1753 1321 1806 διὰ
1346 1754 1577 1824 Χριστὸν
1609 1765 1635 1793 ι
1666 1753 1901 1824 τοσαύτη

319 1838 354 1906 ἠ
399 1837 660 1907 δύναμις,
707 1835 846 1890 ὥστε
887 1838 1013 1899 τοὺς
1063 1835 1385 1905 λελυμένους
1431 1839 1544 1898 τοῖς
1594 1835 1900 1906 δεδεμένοις

321 1920 668 1991 ὑποχειρίους
701 1922 893 1973 ποιεῖν.
925 1921 1016 1982 Εἰς
1061 1920 1158 1987 τὴν
1203 1919 1477 1988 ἐσωτέραν
1516 1919 1710 1980 αὐτοὺς
1743 1919 1902 1971 ἔϐαλε

322 2002 586 2072 φυλακὴν,
602 2004 695 2056 καὶ
713 2002 856 2055 ἔνδον
875 2002 1026 2065 ὅντες
1049 2003 1144 2064 τὰς
1159 2001 1264 2067 ἔξω
1287 2001 1454 2070 θύρας
1477 2001 1735 2071 ἀνέῳξαν.
1766 2000 1902 2064 Τοὺς

323 2084 489 2147 πόδας
513 2085 690 2138 αὐτῶν
728 2083 1066 2154 ἠσφαλίσατο
1085 2083 1164 2154 τῷ
1210 2083 1368 2152 ξύλῳ,
1415 2085 1504 2136 καὶ
1529 2086 1576 2136 οί
1606 2084 1764 2146 πόδες
1809 2085 1904 2135 αύ-

319 2172 429 2224 τῶν
470 2172 516 2223 οἱ
556 2170 949 2240 ἡσφαλισμένοι
997 2168 1106 2222 τῶν
1165 2169 1332 2222 ἄλλων
1389 2168 1486 2232 16;
1552 2171 1737 2239 χεῖρας
1782 2168 1903 2220 ἔλυ-

328 2271 447 2307 σαν.
495 2249 630 2307 Εἶτα
664 2254 998 2324 προσέπεσεν
1041 2252 1212 2324 αὐτῷ,
1245 2253 1428 2323 φησὶν,
1469 2255 1498 2304 6
1532 2250 1902 2321 δεσμοφύλαξ,

318 2337 603 2401 δεδοικὼς,
649 2337 888 2407 τρέμων,
943 2335 1163 2396 στένων,
1207 2335 1474 2404 ἀγωνιῶν,
1510 2335 1779 2406 δακρύων.
1834 2335 1899 2388 Τί

322 2436 452 2472 ποτε
489 2419 745 2487 γέγονεν;
791 2420 852 2472 οὑ
904 2420 967 2472 σὺ
1023 2417 1256 2488 ἔδησας;
1301 2419 1362 2470 οὐ
1416 2419 1480 2470 σὺ
1527 2420 1583 2470 ἐν
1632 2417 1906 2488 ἀσφαλείᾳ

321 2501 614 2572 κατέσχεςς
648 2503 756 2554 Καὶ
783 2503 834 2554 τί
860 2501 1178 2572 θαυμάζεις,
1205 2501 1480 2571 ἄνθρωπε,
1510 2503 1558 2552 εί
1588 2499 1647 2552 16
1679 2501 1895 2571 δεσμω-

321 2580 507 2654 τήριον
547 2582 800 2654 ἀνέῳξεν,
829 2585 961 2636 ὅπου
991 2601 1055 2652 γε
1086 2585 1179 2637 καὶ
1208 2585 1333 2645 τοὺς
1362 2584 1624 2654 οὐρανοὺς
1663 2582 1903 2650 ἀνοίγειν

323 2668 514 2720 ἔλαϐεν
542 2667 810 2732 ἐξουσίαν.
841 2667 991 2720 Ὅσα
1034 2665 1111 2720 ἂν
1141 2666 1390 2734 δήσητε,
1437 2668 1621 2736 φησιν,
1656 2665 1752 2718 ἐπὶ
1798 2665 1908 2732 τῆς

323 2750 460 2818 τῆς,
507 2750 681 2804 ἕσται
726 2749 1013 2813 δεδεμένα
1043 2751 1114 2802 ἐν
1154 2749 1278 2816 τοῖς
1309 2748 1585 2816 οὐρανοῖς
1606 2765 1619 2778 ·
1653 2749 1749 2800 καὶ
1795 2749 1912 2800 ὅσα

325 2832 403 2886 ἂν
432 2833 664 2900 λύσητε
691 2833 789 2886 ἐπὶ
823 2831 931 2900 τῆς
971 2831 1106 2903 γῆς,
1141 2834 1313 2887 ἔσται
1349 2831 1650 2900 λελυμένα
1682 2833 1752 2884 ἐν
1788 2830 1912 2896 τοῖς

330 2916 631 2984 οὐρανοῖς.
674 2917 1112 2988 Ἀμαρτημάτων
1155 2915 1310 2967 ἔλυσε
1355 2914 1561 2983 δεσμά*
1597 2914 1650 2965 τί
1697 2913 1910 2984 θαυμά-

326 2998 461 3066 ζεις,
493 3001 542 3053 εί
574 2984 793 3071 σιδήρου
820 2984 938 3051 λύει
969 2998 1176 3069 δεσμά;
1218 2999 1498 3068 Δαιμόνων
1528 2995 1684 3048 ἔλυσε
1715 2995 1909 3066 δεσμὰ,

323 3079 504 3150 ψυχὰς
532 3078 824 3150 δεδεμένας
869 3078 960 3131 ὑπ’
989 3078 1176 3139 αὐτοῖς
1219 3073 1523 3145 ἀπήλλαξε·
1558 3077 1652 3128 καὶ
1688 3075 1739 3126 τί
1773 3075 1909 3128 θαυ-

321 3161 560 3228 μάζεις,
602 3160 651 3212 εί
688 3159 785 3220 τὰς
827 3158 935 3210 τῶν
967 3156 1258 3226 δεσμωτῶν
1295 3155 1513 3218 ἁλύσεις
1547 3156 1750 3226 ἁνῆκε;
1804 3154 1914 3207 Καὶ

326 3239 429 3308 ὅρα
471 3237 692 3292 διπλοῦν
722 3237 784 3289 16
813 3235 1030 3305 θαῦμαο
1082 3234 1237 3286 ἔλυσε
1281 3234 1464 3298 πάλιν,
1511 3233 1604 3286 καὶ
1652 3233 1838 3302 ἔδησεν
1861 3233 1910 3287 δ.

331 3319 528 3372 Ἕλυσε
563 3318 661 3388 μὲν
691 3316 800 3388 γὰρ
838 3315 908 3368 16
938 3315 1132 3384 δεσμὰ,
1161 3313 1316 3384 ἔδησε
1348 3312 1405 3366 δὲ
1435 3311 1612 3365 αὐτῶν
1648 3311 1748 3381 τὴν
1781 3328 1916 3382 καρ-

327 3399 468 3453 δίαν.
496 3399 618 3452 Ὅτι
649 3398 755 3469 γὰρ
785 3395 1067 3466 λελυμένοι
1091 3390 1251 3462 ἦσαν,
1281 3394 1380 3448 οὐκ
1411 3392 1646 3464 ᾔδεισαν.
1687 3391 1914 3460 Ἀνέῳξε

327 3476 423 3531 καὶ
452 3475 690 3529 ἔκλεισεν
709 3492 724 3506 ο
754 3473 958 3545 ἀνέῳξε
999 3473 1097 3544 μὲν
1129 3471 1240 3544 γάρ
1267 3471 1366 3536 16;
1404 3471 1498 3526 τοῦ
1536 3471 1912 3541 δεσμωτηρίου

327 3555 518 3626 θύρας,
567 3553 778 3606 ἔκλεισε
811 3553 868 3605 δέ
913 3553 1037 3614 τοὺς
1082 3551 1394 3622 ὀφθαλμοὺς
1425 3551 1524 3620 τῆς
1559 3550 1788 3618 καρδίας
1824 3549 1912 3601 δε-

329 3635 582 3705 σμωτῶν,
625 3634 764 3688 ὥστε
800 3633 873 3704 μὴ
920 3631 1270 3684 αἰσθάνεσθαι
1319 3629 1427 3683 τῶν
1469 3628 1650 3695 θυρῶν
1691 3628 1915 3680 ἐκείνων

328 3714 710 3784 ἀνεῳγμένων,
763 3713 849 3766 ἵνα
895 3711 969 3782 μὴ
1008 3712 1102 3762 καὶ
1139 3711 1215 3784 τῇ,
1265 3708 1418 3779 ἀδείᾳ
1474 3707 1914 3778 ἀποχρησάμενοι

328 3795 407 3856 είς
443 3783 628 3864 φυγὴν
675 3793 1119 3863 ἀποπηδήσωσιν.
1164 3783 1318 3851 Εἶδες
1349 3789 1442 3842 καὶ
1482 3788 1782 3859 δεσμοῦντα
1822 3788 1915 3840 καὶ

336 3874 551 3939 λύοντα,
579 3874 674 3928 καὶ
710 3873 994 3941 ἀνοίγοντα
1023 3871 1116 3924 καὶ
1151 3868 1420 3932 κλείοντα;

398 3954 458 4008 6'.
484 3953 582 4006 Διά
618 3953 774 4006 τοῦτο
801 3954 858 4005 ἐν
881 3951 1035 4005 νυκτὶ
1060 3949 1230 4002 ταῦτα
1265 3947 1494 4016 ἐγίνετο,
1522 3947 1609 3998 ἵνα
1634 3943 1914 4014 ἀθορύϐως

325 4033 387 4086 16
417 4035 646 4104 πρᾶγμα
679 4033 902 4102 γένηται
927 4031 1018 4083 καὶ
1048 4029 1213 4099 χωρὶς
1239 4027 1482 4097 ταραχῆς
1512 4028 1712 4094 πάσης.
1734 4023 1914 4104 ,Ούδέν

326 4113 436 4183 γὰρ
464 4103 601 4184 πρὸς
631 4111 888 4176 ἐπίδειξιν
930 4109 1049 4161 ούδέ
1085 4107 1395 4176 φιλοτιμίαν
1439 4105 1654 4184 ἐποίουν
1696 4103 1746 4155 οἱ
1772 4103 1914 4184 ἀπό·

328 4181 523 4245 στολοι.
568 4189 718 4264 [550]
767 4189 1109 4261 Προσέπεσεν
1155 4185 1302 4254 αύτῷ
1338 4187 1366 4237 6
1411 4181 1911 4264 ἀρχιδεσμρφύλαξ.

329 4272 394 4325 Τί
424 4267 515 4324 οὖν
554 4257 589 4324 6
613 4257 854 4333 116610;;
893 4266 1042 4329 Εἶδες
1073 4264 1236 4318 αὐτοῦ
1281 4265 1341 4316 16
1379 4264 1600 4332 θαῦμα;
1650 4257 1788 4324 εἶδες
1821 4261 1914 4312 αύ-

327 4350 420 4403 τοῦ
455 4350 524 4402 16
565 4349 843 4420 παράδοξα
875 4347 1048 4418 ἔργας
1085 4346 1288 4398 Θέασαι
1319 4342 1484 4396 αὑτοῦ
1532 4342 1625 4395 καὶ
1669 4340 1764 4410 τὴν
1791 4355 1942 4420 ᾼκη-,

329 4427 612 4498 δεμονίαν,
649 4418 857 4479 θέασαι
917 4424 1080 4479 αὑτοῦ
1134 4425 1232 4494 τὴν
1301 4420 1728 4490 φιλανθρωπίαν.
1789 4418 1914 4470 Ἀν-

329 4495 567 4574 εϐόησε,
628 4507 782 4577 φησὶ,
824 4505 920 4558 καὶ
956 4501 1114 4558 εἷπε’
1150 4503 1354 4570 Μηδὲν
1390 4499 1653 4566 ποιήσῃς·
1683 4495 1916 4577 σεαυτῷ

333 4588 553 4640 κακόνοι
592 4575 854 4650 ἅπαντες
881 4583 991 4653 γάρ
1031 4583 1218 4651 ἐσμεν
1265 4577 1496 4633 ἐνθάδε.
1542 4577 1646 4628 Τὸν
1677 4575 1916 4644 δήσαντα

337 4668 549 4736 πικρῶς
576 4667 676 4718 οὐκ
714 4665 926 4734 ἀφῆκεν
967 4663 1256 4716 ἀποθανεῖν
1286 4658 1518 4728 πικρῶς,
1557 4657 1657 4736 ούκ
1685 4656 1916 4736 ἐμνησις-

337 4733 566 4816 κάκησε.
602 4733 833 4807 Πάντες
860 4743 970 4811 γάρ
994 4743 1182 4810 ἐσμεν
1208 4737 1441 4816 ἐνθάδε,
1476 4734 1832 4816 φησίνβορα
1857 4733 1919 4786 16

337 4811 558 4890 ἄτυφον.
588 4823 702 4875 Οὐκ
730 4819 872 4882 εἷπε,
911 4819 1094 4872 Ταῦτα
1119 4818 1188 4871 τὰ
1217 4815 1492 4887 παράδοξα
1519 4811 1628 4882 ἐγὼ
1659 4813 1911 4882 ἐποίησα,

334 4901 470 4954 ἀλλά
514 4901 602 4963 τίς
647 4899 876 4964 Πάντες
930 4898 1042 4968 γάρ
1086 4898 1274 4966 ἐσμεν
1319 4893 1552 4948 ἐνθάδε.
1603 4891 1760 4946 Μετὰ
1809 4891 1918 4944 τῶν

331 4979 624 5048 δεσμωτῶν
695 4977 887 5032 ἐαυτὸν
942 4967 1246 5048 ἠρίθμησεν
1296 4977 1324 5028 ὁ
1381 4972 1611 5034 Παῦλος.
1663 4967 1808 5048 Ἰδὼν
1859 4968 1918 5048 δέ

333 5045 538 5121 ἐκείνος
576 5056 851 5126 ἐθαύμασε
879 5057 942 5109 16
970 5045 1219 5124 γεγονὸς,
1251 5052 1522 5123 ἐξεπλάγη
1557 5049 1650 5102 ἐπὶ
1681 5047 1760 5118 τῷ
1787 5045 1917 5100 θαύ-

335 5153 484 5207 ματι,
505 5137 872 5208 ηὑχαρίστησε
887 5135 966 5205 τῷ
981 5135 1118 5205 Θεῷ.
1138 5135 1320 5200 ’Ἄξιος
1341 5135 1508 5195 ὅντως
1539 5128 1737 5198 πολλῆς
1766 5126 1922 5198 κηδεο

334 5217 524 5286 μονίας
553 5215 646 5269 καὶ
685 5215 1090 5286 φιλανθρωπίας
1119 5217 1148 5267 6
1186 5209 1694 5286 65¢po¢61a€°pbx
1735 5208 1919 5286 ἐνόμι-

335 5284 428 5349 σεν
448 5291 587 5349 εἶναι
613 5284 866 5366 γοητείαν
884 5284 957 5346 16
975 5293 1336 5364 γεγενημένα.
1354 5291 1509 5354 Τίνος
1531 5284 1625 5342 οὖν
1640 5287 1802 5340 ἔνεκα
1820 5285 1921 5366 ούκ

334 5377 584 5446 ἐνόμισεν
628 5365 766 5427 εἶναι
807 5373 1060 5444 γοητείαν
1089 5372 1156 5426 τὰ
1194 5371 1485 5442 γινόμενα;
1519 5369 1788 5421 Ἤκουσεν
1824 5365 1920 5446 αύ-

334 5444 446 5508 τῶν
473 5453 781 5526 ὑμνούντων
811 5453 901 5504 τὸν
922 5451 1054 5506 Θεόν
1073 5471 1086 5484 ο
1118 5453 1250 5523 γόης
1285 5451 1340 5504 δέ
1365 5449 1616 5504 οὐδέποτε
1645 5447 1805 5526 ύμνεϊ
1818 5444 1921 5526 _16v

333 5537 491 5588 θεόν.
511 5519 756 5595 ’Πολλοὺς
785 5532 985 5601 γόητας
1019 5519 1251 5595 ἐδέξατο,
1281 5531 1402 5584 ἐπεὶ
1441 5525 1784 5598 δεσμοφύλαξ
1815 5519 1883 5594 ἧν
1902 5540 1918 5553 ο

331 5621 447 5673 ἀλλ’
469 5615 723 5670 οὐδέποτε
753 5615 973 5670 ἐκείνων
1001 5615 1174 5676 οὐδεὶς
1211 5611 1447 5665 τοιοῦτον
1487 5605 1798 5670 ἐπεδείξατο
1831 5604 1922 5675 ἔρ-

332 5717 448 5768 γον,
504 5701 604 5753 ούκ
655 5699 812 5752 ἔλυσε
863 5695 1057 5765 δεσμὰ,
1091 5694 1192 5746 οὐκ
1234 5689 1544 5756 ἐπεδείξατο
1593 5685 1920 5758 κηδεμονίαν

400 5795 423 5853 9
448 5794 540 5841 Τὸν
561 5792 821 5853 δεδεμένον.
847 5784 1322 5853 Τῶν-δεδεμένων,δή
1349 5782 1427 5853 διρι
1448 5782 1668 5844 Χριστὸν.
1695 5775 1776 5829 Sic
1797 5777 1913 5828 duo.

349 5857 351 5860 ‘
399 5852 427 5895 Ia
448 5855 554 5904 Duo
577 5845 689 5903 mss'.
719 5853 880 5906 έλυσεν
914 5850 1070 5909 αὐτὸς,
1092 5845 1170 5896 καὶ
1195 5847 1332 5894 πάλιν
1361 5845 1522 5899 εδησε.

1606 372 1673 426 IN
1714 374 2046 434 PSALMUM
2085 375 2293 432 CXLV.

3463 369 3564 439 52%

1993 505 2266 574 τοιαύτην.
2297 501 2406 556 Καὶ
2432 501 2542 573 γάρ
2579 503 2749 556 εἵλετο
2779 501 3020 555 δεδέσθαι
3043 503 3071 554 6
3105 499 3336 562 Παῦλος,
3369 501 3462 554 καὶ
3495 500 3571 572 μὴ

1991 591 2203 655 φυγεῖν.
2247 586 2387 639 ῶστε
2417 587 2623 638 ἐκεῖνον
2654 585 2958 651 ἀπαλλάξαι
2991 586 3090 655 τῆς
3127 585 3399 654 τελευτῆς.
3445 586 3572 638 Εἰσ-

1991 671 2228 740 επήδησε
2259 670 2386 740 γὰρ,
2412 669 2564 738 ξίφος
2589 669 2726 738 ἔχων
2748 670 2805 721 ἐν
2830 671 2952 731 ταῖς
2982 668 3135 738 χερσὶ
3165 669 3258 721 καὶ
3281 667 3567 739 λαμπάδα·

1991 757 2085 808 καὶ
2129 755 2236 822 γὰρ
2274 753 2523 806 ἐϐούλετο
2567 756 2595 807 6
2629 753 2870 816 διάϐολος
2913 752 3000 805 διὰ
3033 753 3130 819 τῆς
3175 753 3390 820 σφαγῆς
3439 771 3573 822 προ-

1992 838 2298 908 εξαρπάσαι
2354 836 2516 888 αὑτὸν
2564 835 2664 904 τῆς
2706 837 3025 904 μετανοίας,
3074 835 3185 886 ἀλλ’
3240 836 3576 906 εύτονωτέρᾳ

1993 923 2142 990 φωνῇ
2187 921 2283 989 τὴν
2313 918 2581 988 σωτηρίαν
2624 919 2788 972 αὑτοῦ
2814 918 2912 986 τῆς
2944 918 3118 987 ψυχῆς
3142 917 3392 987 ὀξύτερον
3419 917 3576 988 ὲκέρυ

1991 1003 2146 1055 δανεν
2201 1006 2227 1056 6
2270 1003 2496 1066 Παῦλος.
2550 1002 2624 1053 Ού
2662 1002 2769 1072 γὰρ
2818 1001 3000 1062 ἁπλῶς
3031 1000 3275 1071 ἐϐόησεν,
3306 1000 3441 1054 ἀλλά
3481 1019 3578 1070 με·

1993 1087 2134 1158 γάλῃ
2167 1090 2338 1156 φωνῇ,
2371 1086 2571 1153 λέγων·
2604 1087 2832 1148 Πάντες
2876 1083 3064 1151 ἐσμὲν
3112 1083 3343 1138 ἐνθάδε.
3393 1083 3578 1137 Ἐθαύ-

1999 1186 2136 1240 μασε
2184 1172 2282 1242 τὴν
2323 1168 2645 1239 κηδεμονίαν
2675 1168 2703 1218 6
2750 1166 3111 1236 δεσμοφύλαξ,
3147 1166 3452 1235 προσέπεσε
3498 1166 3578 1236 τῷ

1995 1256 2257 1325 δεδεμένῳ
2283 1257 2310 1307 6
2349 1255 2660 1324 λελυμένος,
2695 1253 2789 1305 καὶ
2831 1253 2883 1304 τί
2931 1269 3126 1321 φησιν;
3171 1253 3390 1318 Κύριοι,
3423 1253 3480 1304 τί
3502 1269 3580 1320 με

1995 1339 2088 1392 δεῖ
2118 1338 2327 1398 ποιεῖν,
2359 1339 2457 1391 ἵνα
2496 1336 2696 1398 σωθῶ;
2735 1337 2805 1388 Σὺ
2841 1335 3056 1404 ἔδησας,
3092 1333 3185 1386 καὶ
3231 1335 3294 1386 σὺ
3345 1334 3402 1385 ἐν
3443 1335 3580 1386 ἀπο-

2000 1423 2090 1493 ρίᾳ
2111 1419 2189 1486 εἷ;
2222 1423 2284 1474 σὺ
2310 1421 2592 1491 ἠσφαλίσω
2615 1418 2693 1487 τῷ
2724 1416 2884 1486 ξύλῳ,
2912 1419 3004 1470 καὶ
3034 1419 3098 1470 σὺ
3129 1416 3308 1486 ζητεῖς
3335 1416 3532 1488 τρόπον
3551 1428 3574 1456 c

2003 1505 2287 1575 μετανοίας
2330 1505 2423 1555 καὶ
2475 1503 2788 1572 σωτηρία;;
2839 1497 2991 1562 Εἶδες
3045 1501 3388 1571 θερμότητας
3443 1496 3580 1562 εἶδες

2001 1588 2266 1658 σπουδήν;
2315 1588 2428 1638 Οὐκ
2460 1585 2772 1645 ἀνεϐάλετο,
2819 1584 2932 1636 ἀλλ’
2976 1583 3163 1654 ἐπειδὴ
3195 1581 3437 1652 ἀπελύθη
3485 1582 3582 1636 τοῦ

2000 1670 2189 1740 φόϐου,
2237 1669 2337 1721 οὐκ
2373 1667 2616 1733 ἀπελύθη
2665 1668 2764 1737 τῆς
2797 1667 3152 1738 εὐεργεσίας,
3203 1665 3340 1718 ἀλλά
3381 1664 3585 1726 εὐθέως

1998 1755 2090 1807 ἐπὶ
2129 1755 2226 1824 τὴν
2269 1752 2540 1824 σωτηρίαν
2571 1752 2670 1820 τῆς
2700 1752 2878 1821 ψυχῆς
2905 1753 3052 1821 ὁρμᾷ
3082 1751 3179 1820 τῆς
3217 1749 3434 1804 ἑαυτοῦ.
3463 1751 3587 1814 Νὺξ

1997 1833 2086 1908 ἦν,
2118 1837 2210 1890 καὶ
2245 1836 2384 1906 μέση
2412 1835 2525 1901 νύξ.
2555 1836 2666 1887 Ούκ
2699 1830 2819 1886 εἷπε
2844 1850 2856 1861 ·
2893 1832 3252 1903 Σκεψώμεθα.
3282 1834 3463 1904 ἡμέρα
3495 1850 3587 1903 γε-

1999 1921 2209 1974 νέσθω·
2263 1920 2378 1973 ἀλλ’
2433 1918 2634 1980 εὐθέως
2689 1919 2780 1970 ἐπί
2828 1917 2925 1987 τὴν
2991 1918 3316 1989 σωτηρίανεπ1
3359 1917 3582 1988 ἔδραμε.

2000 2005 2190 2071 Μέγας
2237 2003 2319 2066 τίς
2365 2004 2510 2054 ἐστιν
2557 1995 2710 2063 οὗτος
2742 2002 2770 2052 6
2811 2001 2987 2070 ἀνὴρ,
3037 2001 3221 2071 φησὶν,
3270 2001 3584 2071 ὑπερϐαίνει

1999 2086 2098 2156 τὴν
2131 2085 2288 2154 φύσιν
2317 2084 2414 2156 τὴν
2455 2083 2818 2156 ἀνθρωπίνην.
2872 2079 3024 2136 Εἶδον
3057 2083 3220 2136 αὑτοῦ
3265 2083 3326 2136 16
3373 2082 3582 2154 θαῦμα,

2001 2167 2287 2238 ἐθαύμασα
2313 2170 2410 2237 τὴν
2443 2166 2872 2237 φιλανθρωπίαν.
2913 2168 3100 2238 Μυρία
3136 2166 3282 2219 κακὰ
3327 2166 3418 2220 ὑπ’
3450 2167 3585 2237 ἐμοῦ

2004 2252 2210 2318 παθὼν,
2256 2254 2312 2305 ἐν
2353 2256 2464 2316 τοῖς
2509 2252 2758 2323 ἐσχάτοις
2796 2252 2891 2314 ὢν,
2941 2251 3040 2321 ἐμὲ
3089 2251 3178 2303 τὸν
3222 2251 3458 2321 δήσαντα
3507 2251 3588 2314 είς

2003 2341 2189 2409 χεῖρας
2233 2335 2432 2397 λαϐὼν,
2474 2335 2768 2405 δυνάμενος
2817 2332 3280 2405 διαχειρίσασθαι,
3323 2333 3384 2385 ού
3428 2333 3588 2402 μόνον

2003 2423 2154 2474 οὐδὲν
2187 2420 2460 2490 ἐποίησεν,
2489 2419 2625 2471 ἀλλὰ
2658 2420 2752 2471 καὶ
2783 2418 3043 2488 μέλλοντα
3087 2417 3342 2486 σφάττειν
3375 2415 3586 2478 ἑαυτὸν,

2005 2507 2098 2557 καὶ
2143 2505 2204 2556 16
2255 2503 2407 2571 ξίφος
2454 2501 2614 2553 ὠθεῖν
2651 2501 2740 2554 διά
2783 2500 2876 2553 τοῦ
2911 2500 3124 2570 λαιμοῦ,
3171 2499 3458 2552 ἐκώλυσεν.
3494 2498 3588 2552 El-

2005 2590 2177 2650 κότως
2208 2589 2358 2656 φησί’
2406 2588 2628 2655 Κύριοι,
2667 2587 2724 2639 τί
2765 2602 2842 2655 με
2884 2584 2978 2637 δεῖ
3019 2583 3212 2636 ποιεῖν
3246 2583 3346 2636 ἵνα
3383 2579 3584 2648 σωθῶ,

2007 2675 2080 2725 (ὶὺ
2127 2673 2232 2745 γὰρ
2273 2673 2337 2744 δὴ
2388 2673 2455 2725 16
2501 2672 2750 2741 θαύματα
2805 2670 2961 2740 μόνον
3009 2669 3101 2722 ἐπὶ
3131 2669 3239 2721 τῶν
3275 2667 3589 2722 ἀποστόλων

2007 2757 2356 2810 ἐπεσπάσατο
2387 2758 2512 2818 τοὺς
2550 2755 2924 2816 πιστεύοντας,
2975 2753 3112 2806 ἀλλά
3160 2753 3268 2824 πρὸ
3311 2753 3420 2806 τῶν
3461 2751 3590 2805 θαυ-

2009 2841 2194 2911 μάτων
2224 2843 2253 2893 6
2290 2839 2421 2910 βίος.
2452 2839 2551 2892 Διά
2591 2837 2749 2891 τοῦτό
2799 2852 2960 2906 φησι·
3005 2835 3308 2905 Λαμψάτω
3357 2835 3422 2888 τὸ
3464 2833 3592 2903 φῶς

2007 2923 2175 2992 ὑμῶν
2216 2923 2557 2992 ἔμπροσθεν
2592 2919 2710 2973 τῶν
2745 2917 3087 2988 ἀνθρώπων,
3119 2919 3280 2984 ὅπως
3305 2917 3476 2971 ιδωσι
3517 2917 3590 2970 τὰ

2007 3007 2166 3062 καλὰ
2188 3008 2330 3077 ἔργα
2360 3004 2546 3075 ὑμῶν,
2569 3003 2666 3057 καὶ
2691 3003 2999 3068 δοξάσωσι
3025 3003 3135 3056 τὸν
3158 3000 3389 3068 Πατέρα
3423 2999 3595 3070 ὑμῶν

2008 3093 2116 3146 τὸν
2141 3092 2212 3144 ἐν
2248 3091 2371 3156 τοῖς
2401 3087 2696 3156 οὐρανοῖς.
2738 3082 2892 3149 Εἶδες
2925 3085 3231 3158 θερμότητα
3267 3083 3360 3138 τοῦ
3398 3084 3592 3154 δεσμο-

2011 3175 2280 3245 φύλακος;
2335 3171 2508 3225 Βλέπε
2559 3172 2654 3225 καὶ
2701 3170 2795 3224 τοῦ
2836 3169 3047 3224 Παύλου
3101 3168 3429 3242 θερμότητα.
3477 3168 3594 3222 υὺκ

2011 3258 2351 3318 ἀνεϐάλλετο,
2375 3257 2472 3324 οὐχ
2501 3254 2776 3324 ὑπερεῖδεν
2801 3265 2824 3292 θ
2841 3269 2854 3283 ·
2879 3252 2991 3306 ἀλλ’
3017 3255 3074 3304 ἐν
3105 3255 3216 3315 τοῖς
3243 3251 3463 3322 δεσμοῖς
3492 3249 3593 3317 ὢν,

2011 3345 2068 3393 ἐν
2099 3341 2176 3411 τῷ
2210 3339 2352 3411 ξύλῳ
2382 3337 2476 3402 ῶν,
2507 3339 2564 3390 ἐν
2597 3339 2717 3398 ταῖς
2757 3336 3005 3406 πληγαῖς,
3034 3335 3234 3397 εὐθέως
3267 3335 3430 3388 αὐτὸν
3457 3335 3601 3405 ἐμυ-

2012 3423 2353 3494 σταγῶγησε,
2384 3423 2478 3476 καὶ
2510 3421 2625 3491 μετ’
2649 3419 2866 3472 ἐκείνου
2895 3421 2994 3491 τὴν
3025 3418 3201 3471 οἰκίαν
3230 3419 3469 3484 ἅπασαν,
3499 3419 3596 3472 καὶ

2012 3509 2152 3580 μετά
2193 3508 2255 3562 16
2310 3505 2675 3577 πνευματικὸν
2707 3504 2949 3572 λουτρὸν,
2985 3503 3079 3556 καὶ
3126 3501 3265 3573 μετά
3305 3503 3404 3573 τὴν
3439 3501 3593 3577 [55η

2008 3593 2288 3664 τράπεζαν
2334 3592 2433 3662 τὴν
2498 3590 2894 3660 πνευματικὴν,
2948 3586 3259 3659 παρέθηκεν
3307 3587 3454 3658 αὐτῷ
3500 3589 3600 3642 καὶ

2009 3679 2108 3749 τὴν
2142 3678 2430 3748 σαρκικήν.
2469 3675 2628 3728 Ἀλλά
2666 3675 2809 3737 τίνος
2848 3673 3032 3726 ἕνεκεν
3078 3672 3255 3724 ἔσεισε
3283 3671 3342 3724 16
3380 3671 3598 3743 δεσμω-

2009 3764 2232 3833 τήριονς
2271 3763 2539 3830 Διεγετραι
2577 3759 2669 3810 τὸν
2726 3757 3114 3827 δεσμοφύλακα
3161 3755 3412 3808 ἐϐούλετο
3457 3756 3594 3826 πρὸς

2008 3850 2108 3920 τὴν
2155 3848 2281 3900 θέαν
2323 3845 2431 3898 τῶν
2473 3844 2803 3913 γινομένων·
2841 3841 2994 3893 ἔλυσε
3041 3839 3110 3892 τὰ
3156 3839 3386 3908 αἰσθητὰ
3421 3838 3602 3908 δεσμὰ.

2005 3933 2119 3984 ’τῶν
2173 3928 2582 3998 συνδεσμωτῶν,
2633 3926 2721 3978 ἵνα
2768 3924 2902 3994 λύσῃ
2948 3922 3016 3974 16
3063 3921 3229 3993 νοητά
3277 3921 3449 3992 δεσμά
3498 3921 3601 3974 τοῦ

2010 4014 2436 4086 δεσμοφύλακος.
2477 4008 2828 4070 Ἀπεναντίας
2867 4006 3071 4060 τούτων
3105 4006 3359 4076 ἐποίησεν
3400 4007 3428 4057 6
3459 4007 3599 4076 Χρι-

2014 4100 2156 4160 στός.
2192 4094 2502 4166 Προσῆλθεν
2533 4089 2682 4162 αύτῷ
2728 4089 3168 4160 παραλελυμένος
3204 4087 3487 4158 ἄνθρωπος
3519 4087 3596 4140 δι-

2012 4182 2150 4252 πλῆν
2184 4197 2303 4233 τινα
2337 4178 2568 4248 πάρεσιν
2598 4174 2756 4245 ἔχων,
2786 4173 2883 4244 τὴν
2919 4173 3016 4242 μὲν
3048 4172 3156 4224 ἀπὸ
3197 4171 3303 4224 τῶν
3349 4172 3596 4242 ἁμαρτη-

2017 4266 2222 4335 μάτων,
2249 4263 2346 4333 τὴν
2377 4263 2433 4315 δέ
2461 4259 2572 4335 ,ἀπὸ
2599 4257 2699 4335 τοῦ.
2737 4256 3002 4335 σώματρς.
3045 4255 3316 4335 Πρότερον
3355 4255 3454 4335 τὴν
3487 4255 3602 4335 ἀπὸ

2012 4323 2122 4388 τῶν
2176 4323 2596 4403 ἁμαρτημάτων-
2631 4323 2865 4403 πάρεσίν
2912 4323 3124 4403 ἔλυσεν,
3169 4323 3340 4403 οὕτως
3385 4323 3590 4403 εἰπὼν-ο

2020 4391 2256 4464 Τέκνον),
2299 4391 2597 4470 αφὲωνταί
2645 4391 2762 4470 σου
2805 4399 2871 4470 αί
2909 4397 3203 4470 ἁμαρτίαι.
3242 4391 3374 4448 Εἶτα
3389 4395 3598 4470 ἐπειδὴ

2015 4463 2362 4544 ἀμφέϐαλλον
2395 4473 2614 4534 ἐκεῖνοι,
2657 4469 2752 4521 καὶ
2797 4463 3202 4536 ἐϐλασφήμουν,
3252 4471 3344 4519 καὶ
3386 4463 3594 4534 ἔλεγον,

2019 4558 2226 4624 Οὐδεὶς
2263 4557 2512 4610 δύναται
2541 4552 2773 4623 ἀφιέναι
2803 4552 3110 4619 ἁμαρτίας,
3143 4552 3196 4602 εί
3226 4552 3312 4618 μὴ
3346 4552 3534 4618 μόνος
3562 4552 3604 4602 ὁ

2018 4641 2183 4707 Θεὸς,
2241 4640 2561 4712 βουλόμενος
2625 4637 2808 4698 αὐτοῖς
2875 4633 3076 4698 δεῖξαι,
3130 4633 3211 4686 ὅτι
3262 4633 3395 4696 Θεός
3447 4634 3601 4686 ἐστιν

2015 4725 2252 4794 ἀληθῶς,
2285 4723 2606 4794 βουλόμενος
2647 4721 2842 4782 αὐτοὺς
2876 4720 3054 4790 κρῖναι
3095 4719 3160 4770 ἐκ
3198 4715 3292 4770 τοῦ
3333 4716 3599 4787 στόματος

2016 4809 2216 4871 αὐτῶν,
2247 4808 2336 4860 ἵνα
2390 4806 2558 4878 μέλλῃ
2605 4803 2804 4872 λέγειν,
2844 4803 2939 4854 Ἐκ
2989 4799 3098 4854 τοῦ
3140 4799 3435 4868 στόματός
3477 4813 3605 4853 σου

2017 4891 2200 4961 κρινῶ
2240 4907 2348 4945 σε⁹
2393 4891 2456 4943 σὺ
2513 4886 2704 4950 εἶπας,
2751 4887 2834 4938 ὅτι
2885 4884 3058 4946 οὐδεὶς
3100 4882 3321 4936 δύναται
3379 4881 3598 4951 ἀφιέναι

2019 4978 2310 5049 ἁμαρτίας,
2339 4976 2387 5028 εί
2425 4973 2499 5044 μὴ
2544 4973 2702 5043 μόνος
2729 4973 2756 5024 6
2787 4970 2951 5033 856;°
2997 4969 3105 5021 ίδοὺ
3141 4967 3373 5036 ἀφίημι,
3409 4965 3594 5036 φησὶν,

2020 5061 2310 5133 ἁμαρτίας,
2339 5058 2434 5112 καὶ
2457 5055 2785 5128 ὁμολόγησόν
2817 5071 2918 5122 μου
2947 5053 3046 5123 τὴν
3072 5049 3300 5121 θεότητα
3318 5066 3332 5079 ο
3363 5049 3470 5102 ἀπὸ
3499 5051 3605 5117 τῆς

2022 5149 2120 5217 σῆς
2145 5145 2377 5215 κρίσεως
2412 5141 2628 5211 ἐκφέρω
2653 5141 2752 5209 τὴν
2779 5139 2978 5207 ψῆφον.
3013 5134 3153 5187 Ἀλλ’
3182 5135 3298 5186 ἐκεῖ
3332 5133 3429 5217 μὲν
3461 5148 3600 5217 προς

2017 5213 2154 5300 τέ’ρα
2185 5213 2227 5299 δή
2255 5227 2440 5296 νοητὴ,
2484 5223 2686 5294 ὑστέρα
2721 5221 2778 5273 δέ
2811 5221 2844 5290 ὴ
2884 5217 3148 5300 αἰσθητήξ
3184 5216 3415 5300 ἐνταῦθα
3453 5215 3510 5268 δέ
3537 5213 3602 5300 16

2019 5295 2283 5372 ἐναντίον,
2329 5295 2592 5380 πρότερον
2633 5304 2702 5358 16
2731 5302 2964 5373 αἰσθητά
2991 5298 3187 5372 δεσμὰ,
3237 5300 3331 5352 καὶ
3358 5298 3480 5351 τότε
3529 5295 3601 5351 16

2020 5395 2188 5466 νοητά
2212 5393 2468 5464 ἀνῄρητο.

2092 5463 2243 5542 Εἶδες
2273 5463 2412 5548 πόση
2447 5475 2556 5528 τῶν
2605 5473 2787 5546 ὓμνων
2830 5475 2864 5544 ἡ
2911 5471 3170 5542 δύναμις;
3225 5467 3389 5520 πόσον
3424 5463 3599 5536 ἰσχύει

2021 5562 2198 5628 αἶνος;
2230 5562 2394 5616 πόσον
2423 5559 2598 5631 ἰσχύει
2625 5560 2792 5631 εύχή;
2859 5557 2970 5611 Ἀεὶ
3002 5557 3099 5628 μὲν
3132 5550 3223 5607 οὖν
3260 5550 3468 5624 μεγάλη
3498 5549 3603 5619 τῆς

2087 5647 2270 5696 °Unus
2290 5643 2699 5703 ζητεῖςτρόπαιον.
2748 5704 2755 5706 _
2874 5703 2893 5706 _
2939 5703 2954 5706 _
3223 5699 3266 5706 η
3384 5695 3397 5706 _
3462 5692 3486 5703 η
3551 5693 3562 5706 ‘

2085 5708 2110 5748 δ
2141 5695 2246 5758 ῧυο
2267 5695 2344 5756 έίτῖ
2364 5695 2449 5763 τήν
2481 5695 2830 5766 μυσταγωγίαν.
2873 5703 3000 5753 Infra
3025 5701 3172 5751 ﬁdem
3202 5699 3324 5748 εἶδον
3344 5695 3492 5746 αὐτοῦ
3512 5695 3603 5750 τήν

2023 5772 2232 5840 δύναμιν,
2255 5768 2500 5840 ἐθαύμασα
2527 5768 2612 5840 τῂν
2636 5767 2841 5828 φιλανθρ.

2093 5835 2118 5864 ⁸
2143 5831 2277 5882 Unus
2309 5831 2399 5892 ούχ
2424 5830 2686 5891 ὑπερέθετο.
