4064 6340
540 342 652 401 5‘15

540 460 708 532 εὐχῆς
749 460 783 529 ἡ
822 459 1047 531 δύναμις
1067 479 1080 492 ·
1114 461 1177 514 τὺ
1201 460 1258 516 δὲ
1296 461 1434 532 μετά
1469 460 1723 532 νηστείας
1764 455 1902 514 εἶναι
1929 458 2116 531 εὐχὴν,

538 543 914 614 δυνατωτέραν
952 545 1094 596 ποιεί
1133 544 1232 614 τὴν
1268 545 1465 616 ψυχήν.
1511 544 1626 596 Νῦν
1671 542 1990 614 σωφροσύνη
2029 541 2120 594 λο-

541 624 755 696 γισμῶν
795 625 923 695 παρ’
954 625 1109 697 ἡμῶν
1159 626 1351 696 πολλὴ,
1393 624 1490 679 νῦν
1529 624 1856 696 διεγείρεται
1887 624 2116 689 διάνοια,

540 709 636 761 καὶ
660 708 729 761 τά
755 708 867 762 ἀνω
897 708 1211 779 περιϐλέπει
1242 710 1417 763 πάντα
1456 710 1489 778 ή
1518 708 1683 780 ψυχή.
1720 707 1818 760 Διά
1848 706 2006 760 τοῦτο
2033 708 2121 761 ἀεὶ

538 793 605 862 τῇ
631 790 851 862 νηστείᾳ
881 791 979 861 τὴν
1014 792 1318 863 προσευχὴν
1350 790 1661 856 συνέζευξεν
1693 794 1726 861 ἡ
1753 790 1964 861 Γραφή.
1992 790 2119 852 Πῶς

539 878 635 928 καί¹
684 875 849 939 πότε;
898 874 995 942 Μὴ
1043 877 1271 929 ὰποστε
1309 875 1426 928 εἴτε
1469 873 1802 941 ἀλλήλους,
1840 874 2026 944 φησὶν,
2063 875 2119 927 εἰ

531 957 619 1027 μή
664 974 721 1012 τι
765 957 842 1012 ἂν
884 958 953 1012 ἐκ
997 958 1344 1027 συμφώνου,
1387 959 1488 1013 ἵνα
1526 954 1859 1025 σχολάζητε
1906 954 1979 1023 τῇ
2018 973 2119 1024 νη-

536 1044 711 1111 στείᾳ
749 1043 847 1095 καὶ
891 1041 963 1111 τῇ
1007 1043 1336 1113 προσευχῇ.
1383 1044 1493 1097 Καὶ
1543 1041 1703 1095 πάλιν
1739 1040 1992 1110 ἀλλαχοῦ,
2042 1039 2113 1094 Τὸ

534 1126 712 1195 γένος
747 1125 925 1181 τοῦτο
960 1128 1071 1180 οὐκ
1112 1126 1434 1196 ἐξέρχεται,
1479 1128 1527 1178 εἰ
1568 1124 1653 1193 μὴ
1697 1124 1767 1178 ὲν
1801 1120 2115 1192 προσευκῇ

535 1209 636 1262 καί
675 1208 924 1277 νηστείᾳ
996 1209 1160 1263 Πάλιν
1189 1210 1247 1263 δὲ
1286 1208 1540 1276 ἀλλαχοῦ,
1596 1205 2110 1274 Προσωξάμενοι,

537 1293 705 1362 φησί,
754 1291 853 1345 καί
900 1294 1380 1359 νηστεύσαντες,
1413 1288 1716 1358 ἐπέθηκαν
1760 1288 1963 1355 αὐτοῖς
2006 1291 2111 1354 τὰς

536 1393 755 1445 κείρας.

604 1467 669 1515 ε’.
703 1461 867 1531 Ὁρᾷς
883 1457 1159 1529 πανταχοῦ
1188 1456 1327 1528 μετὰ
1356 1457 1455 1525 τῆς
1480 1456 1732 1528 νηστείας
1760 1455 1859 1526 τὴν
1879 1472 2111 1526 προσευ-

530 1546 668 1616 χήν;
699 1544 832 1597 Τότε
875 1543 982 1613 γάρ
1018 1542 1112 1594 καί
1143 1541 1474 1613 τερπνοτέρα
1503 1541 1596 1593 καὶ
1636 1539 1975 1609 δοκιμωτέρα
2003 1539 2112 1592 ἀπὸ

530 1628 631 1698 τῆς
660 1626 824 1697 λύρας
856 1625 1235 1694 ἀναπέμπεται
1269 1623 1519 1692 μελῳδία.
1553 1624 1666 1675 Οὐκ
1690 1623 1796 1674 εἰσί
1836 1620 2109 1693 διάϐροχοι

530 1710 589 1763 αἰ
616 1710 827 1780 νευραί,
860 1711 926 1779 τῇ
959 1706 1241 1777 πλεονεξίᾳ.
1272 1706 1369 1776 τῆς
1404 1706 1571 1776 μέθης
1609 1704 1961 1768 διαλυθεῖσαι,
1994 1704 2109 1757 ἀλλ’

529 1792 742 1855 εὔτονος
772 1794 801 1844 6
830 1791 1114 1860 λογισμδς,
1154 1788 1572 1859 διεγηγερμένος
1608 1791 1637 1841 6
1672 1787 1832 1852 νοῦς,
1868 1789 2110 1857 νήφουσα

529 1879 563 1947 ἠ
593 1878 757 1946 ψυχή.
800 1873 1284 1944 Οῦτω,προσιέναι
1323 1871 1400 1941 τῷ
1452 1870 1570 1941 Θεῷ
1620 1873 1714 1925 καὶ
1762 1869 2106 1938 διαλέγεσθαι

528 1960 634 2031 χρὴ
670 1960 828 2029 μόνον
856 1959 992 2029 πρὸς
1032 1957 1208 2029 μόνον·
1244 1957 1306 2008 Εἰ
1340 1954 1449 2026 γὰρ
1497 1954 1631 2024 πρὸς
1680 1954 1865 2022 φίλους
1894 1954 2109 2024 ἔχοντές

525 2060 579 2096 τι
617 2042 726 2096 τῶν
761 2039 1070 2110 ἀναγκαίων
1100 2041 1294 2101 εἰπεῖν,
1328 2039 1639 2107 καταμόνας
1669 2039 1864 2101 αὐτοὺς
1896 2038 2108 2108 λαμϐά-

522 2144 729 2190 νοντες,
772 2125 914 2178 οὕτω
951 2120 1350 2192 διαλεγόμεθαυ
1377 2136 1390 2150 ⁸
1423 2118 1601 2190 πολλῷ
1644 2119 1841 2191 μᾶλλον
1877 2121 1968 2174 ἐπὶ
2010 2120 2104 2174 τοῦ

526 2210 662 2262 Θεοῦ
713 2208 868 2261 τοῦτο
902 2208 1073 2260 ποιεῖν
1112 2206 1244 2277 χρὴ,
1278 2203 1613 2267 εἰσελθόντας
1655 2205 1732 2265 εἰς
1761 2202 1821 2256 τὸ
1863 2206 2105 2273 ταμιεῖον

529 2292 648 2363 μεθ’
697 2277 923 2360 ἡσυχίας
980 2288 1210 2356 πολλῆς·
1263 2287 1358 2339 καὶ
1432 2286 1649 2349 πάντως
1716 2286 2107 2356 ἐπιτευξόμεθα

527 2378 766 2439 πάντων,
801 2374 865 2427 ἂν
908 2372 1296 2441 συμφερόντως
1339 2373 1436 2440 τὴν
1483 2370 1697 2439 αἴτησιν
1728 2368 2101 2440 ποιησώμεθα.

516 2459 636 2512 Καὶ
666 2458 775 2528 γάρ
822 2456 964 2528 μέγα
1003 2454 1204 2523 ἀγαθὸν
1243 2452 1398 2522 εὐχὴ,
1428 2452 1555 2505 ὅταν
1584 2451 1722 2521 μετά
1752 2451 1986 2514 διανοίας
2017 2454 2106 2505 εὐ-

524 2540 785 2612 χαρίστου
826 2539 1041 2608 γίνηται
1068 2536 1163 2590 καὶ
1192 2534 1467 2605 νηφούσης
1485 2548 1499 2561 ’
1533 2532 1649 2595 πῶς
1677 2532 1736 2586 δὲ
1765 2534 1859 2587 καὶ
1887 2534 2106 2605 εὐχάρι-

528 2640 649 2686 ato;
696 2623 884 2688 ἔσται;
924 2624 1023 2675 Ἂν
1070 2618 1449 2688 παιδεύσωμεν
1490 2617 1751 2680 ἑαυτοὺς,
1809 2617 1885 2689 μὴ
1945 2619 2105 2688 μόνον

522 2707 919 2779 λαμϐάνοντας,
949 2704 1087 2759 ἀλλὰ
1114 2703 1211 2758 καὶ
1250 2701 1724 2771 ἀποτυγχάνοντας
1764 2702 2103 2773 εὐχαριστεῖν

520 2792 602 2863 τῷ
632 2789 769 2861 Θεῷ.
817 2790 925 2843 Καὶ
957 2788 1067 2859 γὰρ
1095 2786 1224 2840 ποτὲ
1257 2785 1354 2857 μὲν
1386 2783 1600 2838 δίδωσιν
1630 2784 1660 2837 6
1686 2783 1839 2847 Θεὸς,
1874 2784 2001 2837 ποτὲ
2048 2784 2105 2836 δὲ

522 2876 585 2928 οὐ
611 2874 823 2927 δίδωσιν
843 2891 855 2903 ·
887 2872 1174 2943 ἀμφότερα
1201 2869 1258 2921 ἑὲ
1289 2868 1572 2940 χρησίμως
1602 2868 1779 2920 ποιεῖ·
1807 2865 1971 2931 ὥστε,
2000 2866 2105 2921 κᾶν

521 2958 713 3031 λάϐῃς,
746 2958 850 3011 κᾶν
895 2959 969 3028 μὴ
1009 2954 1212 3026 λάϐῃς,
1257 2952 1446 3015 ἔλαϐες
1492 2951 1570 3023 τῷ
1617 2951 1694 3022 μὴ
1739 2949 1956 3003 λαϐεῖν’
2002 2950 2104 3005 κᾶν

521 3041 806 3111 ἐπιτύχῃς,
834 3039 935 3093 κᾶν
972 3038 1047 3110 μὴ
1077 3035 1357 3107 ἐπιτύχῃς,
1387 3034 1650 3105 ἐπέτυχες
1681 3036 1740 3088 ἐν
1768 3033 1846 3106 τῷ
1879 3035 1953 3104 μὴ
1993 3038 2103 3088 ἐπι-

519 3127 723 3194 τυχεῖν.
757 3124 911 3175 Ἐστι
950 3123 1060 3193 γὰρ
1101 3120 1189 3174 ὅτε
1223 3120 1283 3172 τὸ
1321 3118 1395 3189 μὴ
1426 3116 1613 3171 λαϐεῖν
1654 3118 1792 3189 ὅπερ
1820 3117 2100 3186 αἰτοῦμεν,

520 3206 616 3259 τοῦ
656 3205 840 3259 λαϐεῖν
868 3203 1304 3273 λυσιτελέστερον
1337 3201 1572 3271 γίνεται.
1602 3202 1663 3254 Εἰ
1705 3202 1814 3271 γάρ
1845 3200 1921 3272 μὴ
1951 3199 2101 3273 [552]

524 3290 802 3361 συμφέρον
845 3291 978 3358 ἡμῖν
1028 3287 1286 3350 πολλάκις
1325 3281 1391 3357 ἦν
1428 3286 1490 3338 τὸ
1532 3285 1607 3357 μὴ
1647 3284 1853 3349 λαϐεῖν,
1885 3286 2104 3349 πάντως

523 3373 589 3427 ἂν
618 3373 815 3426 ἔδωκεν
847 3371 960 3425 ἀεί’
989 3370 1051 3424 τὸ
1078 3370 1134 3423 δὲ
1187 3369 1575 3439 συμφερόντως
1622 3368 1934 3439 ἀποτυχεῖν,
1983 3370 2104 3421 ἐπι-

520 3444 704 3526 τυχεῖν
731 3457 867 3508 ἐστι.
896 3455 997 3508 Διά
1037 3453 1197 3506 τοῦτο
1230 3452 1322 3505 καὶ
1353 3450 1712 3506 ἀναϐάλλεται
1750 3450 1849 3521 τὴν
1888 3450 2102 3523 αἴτησιν

522 3538 681 3610 ἡμῶν
716 3538 1003 3601 πολλάκις,
1051 3536 1112 3590 οὐ
1165 3534 1485 3606 βουλόμενος
1534 3534 1681 3604 ἡμᾶς
1731 3533 2100 3604 παρελκύσαι,

522 3622 661 3675 ἀλλά
702 3624 768 3692 τῇ
819 3621 1073 3692 μελλήσει
1118 3618 1217 3688 τῆς
1268 3619 1465 3681 δόσεως
1515 3617 1611 3688 τὴν
1662 3616 1884 3688 διηνεκῆ
1936 3636 2102 3690 προσ-

521 3706 731 3770 εδρείαν
760 3706 786 3744 b
839 3702 1208 3773 σοφιζόμενος.
1248 3700 1465 3771 Ἐπειδὴ
1518 3700 1625 3770 γὰρ
1672 3698 1922 3764 λαϐόντες
1975 3703 2102 3755 πολ-

522 3788 678 3851 λάκις
719 3789 855 3859 ὅπερ
884 3785 1161 3856 αἰτοῦμεν,
1197 3783 1334 3854 μετά
1375 3783 1437 3836 τὸ
1485 3782 1671 3836 λαϐεῖν
1708 3782 1804 3855 τὴν
1845 3786 1971 3856 περί
2002 3785 2103 3849 τάς

522 3873 687 3944 εὐχάς
716 3872 1057 3941 καταλύομεν
1085 3868 1338 3939 σπουδὴν,
1369 3866 1687 3936 βουλόμενος
1711 3869 1975 3921 ἐπιτεῖναι
2004 3868 2101 3941 τὴν

525 3957 584 4008 ἐν
629 3957 746 4018 ταῖς
802 3953 1101 4023 ἱκετηρίαις
1146 3951 1300 4023 ἡμῶν
1354 3950 1683 4021 ἀγρυπνίαν,
1717 3949 1975 4020 παρέλκει
2004 3952 2101 4023 τὴν

520 4040 683 4093 δόσιν.
728 4037 884 4092 Οὕτω
932 4039 1024 4090 καὶ
1061 4036 1403 4106 φιλόστοργοι
1463 4034 1697 4106 πατέρες
1756 4034 1996 4088 ποιοῦσι·
2033 4036 2103 4089 τὰ

523 4123 744 4192 ῥᾴθυμα
787 4121 894 4173 τῶν
927 4119 1150 4182 παίδων,
1196 4119 1290 4172 καὶ
1330 4118 1465 4190 πρὸς
1493 4117 1561 4170 τά
1611 4116 1834 4171 παιδικά
1874 4118 2102 4186 παίγνια

521 4206 937 4276 κατατρέχοντα,
984 4203 1240 4266 πολλάκις
1286 4201 1574 4271 ὑποσχέσει
1617 4199 1790 4271 δώρου
1842 4203 2099 4271 μεγίστου

520 4290 808 4358 κατέχουσι
845 4287 975 4357 παρ’
1017 4288 1231 4348 ἑαυτοῖς
1259 4296 1283 4322 θ
1311 4298 1325 4313 ⁸
1358 4284 1450 4338 διά
1482 4282 1641 4336 τοῦτο
1680 4285 1809 4336 ποτὲ
1844 4284 1943 4353 μὲν
1972 4286 2102 4338 ἀνα-

522 4373 825 4433 ϐάλλονται,
859 4371 989 4424 ποτέ
1029 4370 1086 4422 δὲ
1127 4369 1189 4422 οὐ
1227 4367 1480 4421 διδόασιν.
1515 4367 1669 4420 Ἔστι
1710 4368 1818 4438 γὰρ
1859 4368 1949 4420 ὅτε
1982 4367 2103 4437 βλα-

519 4457 685 4525 ϐεράν
725 4454 983 4524 αἰτοῦμεν
1025 4455 1271 4520 αἴτησιν
1301 4453 1330 4504 6
1370 4451 1426 4503 δὲ
1469 4449 1539 4502 τά
1582 4450 1929 4521 συμφέροντα
1968 4451 2098 4520 ἡμῖν

522 4539 718 4611 μᾶλλον
758 4537 932 4601 εἰδὼς,
973 4539 1001 4589 ὁ
1040 4536 1173 4597 Θεὸς
1219 4536 1320 4587 οὐκ
1363 4531 1604 4586 ἐπινεύει
1636 4535 1757 4597 ταῖς
1806 4533 2099 4604 ἡμετέραις

520 4624 707 4693 εὐχαῖς
727 4621 776 4685 ἀ,
824 4620 884 4674 τὸ
916 4620 1188 4683 λυσιτελὲς
1242 4621 1372 4689 ἡμῖν
1418 4618 1512 4671 καὶ
1557 4617 1891 4686 ἀγνοούντων
1940 4618 2098 4689 ἡμῶν

518 4705 833 4774 οἰκονομῶν.
883 4703 990 4757 Καὶ
1021 4703 1072 4756 τί
1105 4700 1438 4772 θαυμαστὸν,
1472 4700 1523 4753 εἰ
1560 4701 1718 4770 ἡμεῖς
1757 4700 1857 4753 οὐκ
1904 4700 2099 4753 ἀκουό-

522 4788 682 4858 μεθα,
718 4789 851 4841 ὅπου
882 4803 945 4854 γε
979 4788 1072 4840 καὶ
1127 4785 1219 4838 ἐπὶ
1264 4783 1474 4837 Παύλου
1516 4784 1672 4836 τοῦτο
1711 4783 1935 4852 γέγονε;
1989 4785 2096 4837 Καὶ

518 4872 629 4943 γὰρ
652 4874 853 4933 ἐκεῖνος
878 4871 1133 4933 πολλάκις
1164 4870 1395 4939 αἰτήσας
1423 4868 1662 4938 ἀπέτυχε
1681 4884 1699 4899 ·
1728 4870 1820 4920 καὶ
1844 4869 1904 4922 οὐ
1937 4869 2095 4939 μόνον

517 4956 616 5009 οὐκ
651 4956 906 5027 ήλγησεν,
936 4954 1071 5008 ἀλλά
1099 4955 1194 5008 καί
1231 4955 1601 5025 ηὐχαρίστησε
1628 4951 1706 5023 τῷ
1735 4954 1855 5024 Θεῷ
1874 4970 1887 4984 ·
1927 4953 2095 5023 ’Υπὲρ

515 5040 731 5093 τούτου
765 5038 894 5108 γάρ,
934 5036 1087 5109 φησὶ,
1121 5037 1228 5090 τὸν
1261 5038 1481 5106 Κύριον
1515 5037 1642 5105 τρὶς
1678 5038 2091 5104 παρεκάλεσα·

513 5122 579 5175 τὸ
614 5122 700 5183 δὲ,
748 5120 903 5191 Τρίς,
948 5121 1010 5174 τὸ
1059 5120 1319 5183 πολλάκις
1365 5119 1638 5191 σημαίνει.
1681 5121 1837 5172 Εἰδέ
1883 5120 2094 5183 Παῦλος

515 5206 774 5269 πολλάκις
825 5207 1054 5276 αἰτήσας
1102 5206 1199 5257 οὐκ
1249 5203 1498 5273 ἐπέτυχε,
1544 5203 1723 5275 πολλῷ
1767 5200 1857 5257 οὖν
1896 5203 2093 5272 μᾶλλον

510 5292 661 5362 ἡμᾶς
690 5291 985 5358 ἐπιμένειν·
1005 5289 1131 5359 χρή.
1173 5286 1309 5339 Ἀλλ’
1339 5286 1534 5356 ἴδωμεν
1566 5286 1701 5350 πῶς,
1734 5285 1920 5356 ἐπειδὴ
1966 5285 2093 5339 πολ-

513 5373 670 5436 λάκις
692 5373 918 5442 αἰτήσας
941 5372 1041 5424 οὐκ
1070 5369 1249 5433 ἔλαϐε,
1279 5369 1490 5439 διετέθη
1523 5370 1657 5440 πρὸς
1686 5369 1747 5422 τὸ
1783 5369 1857 5440 μὴ
1885 5368 2088 5422 λαϐεῖν.

511 5457 589 5509 οὐ
644 5457 755 5526 γάρ
804 5456 964 5526 μόνον
1012 5455 1114 5508 οὐκ
1165 5453 1420 5525 ήλγησεν,
1471 5452 1606 5506 ἀλλά
1641 5453 1735 5507 καὶ
1788 5453 2059 5522 καυχᾶται

577 5604 604 5669 _‘
627 5604 763 5669 linus
781 5606 907 5654 οὕτω
925 5604 1306 5669 παρακαλοῦμεν.

574 5666 605 5743 ξ
628 5664 885 5743 ρυο-ωεε.
918 5664 1224 5743 προσεδρείαν
1244 5668 1396 5729 ἡμῶν.

574 5730 598 5786 ἕ
628 5726 763 5776 Unus
785 5728 899 5786 πρὸς
917 5726 1102 5786 αὐτούς

572 5785 604 5827 ἆ
629 5787 765 5838 Unus
784 5785 1008 5837 αἰνέσεσι.

1316 343 1374 401 S.
1414 340 1702 400 JOANNIS
1736 338 2232 399 CHRYSOSTOIII
2268 340 2589 399 ARCIIIEP.
2631 341 3183 400 CONSTANTINOP.

3692 347 3815 404 εεε

2228 458 2415 531 ἐπειδὴ
2446 460 2520 532 μὴ
2540 458 2756 515 ἐλαϐεν,
2773 459 2955 514 Εἰπὼν
2978 459 3108 533 γάρ,
3132 461 3214 514 ὅτι
3243 458 3409 528 Ὑπὲρ
3436 460 3644 515 τούτου
3671 461 3813 528 τρῖς

2225 543 2334 597 τὸν
2362 546 2582 612 Κύριον
2607 544 3011 613 παρεκάλεσαο
3035 543 3135 597 καί
3154 544 3284 597 εἰπέ
3300 560 3417 613 μοι’
3446 544 3628 611 Ἀρκεῖ
3642 562 3749 598 σοι
3768 547 3810 612 ἠ

2226 627 2400 697 χάρις
2421 646 2543 699 μου
2559 646 2574 663 ·
2598 630 2638 699 ἠ
2662 629 2773 700 γὰρ
2798 628 3054 697 δύναμίς
3075 645 3196 698 μου
3220 627 3287 679 ἐγ
3310 626 3592 694 ἀσθενείᾳ
3615 630 3815 681 τελει-

2225 711 2416 765 οῦταιο
2450 714 2747 785 ἐπήγαγεν,
2781 713 2863 767 ὅτι
2896 711 3143 769 Ἥδιστα
3177 706 3292 767 οὖν
3327 709 3706 781 καυχήσομαι
3733 712 3813 765 ἐν

2226 794 2355 859 ταῖς
2383 797 2723 862 ἀσθενείαις
2749 813 2891 866 μου.

2291 888 2367 948 ς’.
2396 877 2548 943 Εἶδες
2572 879 2994 953 εὐγνωμοσύνην
3017 880 3265 948 οἰκέτου;
3292 883 3500 954 ᾝτησε
3518 885 3615 956 τῆς
3631 886 3809 939 ἀσθε-

2218 967 2367 1029 νείας
2394 964 2796 1035 ἀπαλλαγῆναι,
2814 964 2911 1018 καὶ
2932 964 3036 1018 οὐκ
3061 964 3352 1020 ἐπένευσεν
3373 968 3402 1020 6
3427 968 3578 1032 Θεόςο
3603 971 3703 1023 καὶ
3733 973 3802 1024 οὐ

2223 1048 2381 1119 μόνον
2402 1047 2507 1101 οὐκ
2538 1046 2776 1118 ἡλγησεν
2798 1048 2827 1101 6
2851 1046 3087 1114 Παῦλος,
3112 1048 3251 1103 ἀλλά
3277 1050 3375 1106 καί⁵
3401 1054 3675 1123 καυχᾶται
3699 1054 3805 1107 ἐπὶ

2223 1132 2290 1202 τῇ
2340 1130 2613 1203 ἀσθενείᾳ.
2648 1132 2804 1186 Οὕτω
2834 1133 2929 1185 καί
2962 1134 3120 1202 ἡμεῖς
3158 1136 3665 1205 παρασκευάσωμεν
3697 1136 3806 1201 τὰς

2222 1212 2431 1267 ἑαυτῶν
2455 1214 2653 1284 ψυχάς,
2689 1214 2792 1269 κᾶν
2818 1215 2894 1285 δῷ
2914 1216 3108 1280 όΘεὸς,
3135 1216 3239 1270 κᾶν
3273 1216 3348 1289 μὴ
3368 1217 3443 1288 δῷ
3462 1219 3632 1272 ταῦτα
3647 1220 3805 1290 άπερ

2220 1298 2502 1369 αἰτοῦμεν,
2547 1300 2706 1369 ἡμεῖς
2752 1299 2892 1370 ὑπὲρ
2940 1300 3262 1370 ἀμφοτέρων
3313 1302 3804 1373 εὐχαριστὴσωμεν

2219 1380 2299 1451 τῷ
2347 1381 2481 1453 Θεῷ.
2548 1381 2859 1454 Ἀμφότερα
2902 1380 3013 1453 γὰρ
3049 1384 3180 1452 ἡμῖν
3214 1384 3597 1456 συμφερόντως
3626 1389 3799 1439 ποιεῖ.

2221 1464 2285 1519 Εἰ
2312 1465 2407 1518 τοῦ
2438 1466 2621 1519 δοῦναι
2650 1465 2837 1536 κύριός
2864 1469 3001 1526 ἐστι.
3032 1465 3226 1519 οὐκοῦν
3253 1467 3349 1520 καὶ
3371 1466 3465 1520 τοῦ
3504 1468 3632 1521 πότε
3667 1469 3803 1523 δοῦ-

2218 1567 2332 1613 ναι,
2361 1551 2454 1604 καὶ
2480 1549 2575 1604 τοῦ
2603 1550 2656 1603 τί
2681 1550 2884 1612 δοῦναι,
2918 1551 3012 1603 καὶ
3039 1549 3132 1603 τοῦ
3171 1551 3244 1622 μὴ
3274 1550 3475 1606 δοῦναι.
3507 1554 3621 1606 Οὐκ
3644 1550 3803 1618 οἶδας

2220 1631 2285 1684 σὺ
2313 1630 2382 1683 τὰ
2415 1628 2782 1701 συμφέροντα,
2819 1630 2894 1693 ὼς
2932 1629 3094 1693 αὐτὸς
3128 1624 3237 1683 οἶδε
3282 1630 3485 1700 σαφῶς.
3525 1632 3801 1698 Πολλάκις

2219 1708 2390 1773 αἰτεῖς
2416 1708 2684 1780 ἐπιϐλαϐἧ
2709 1709 2804 1762 καὶ
2835 1709 3106 1781 σφαλερά·
3131 1710 3158 1761 6
3180 1709 3237 1763 δὲ
3274 1709 3472 1781 μᾶλλον
3499 1711 3798 1783 κηδόμενός

2219 1809 2313 1846 σου
2343 1794 2442 1865 τῆς
2462 1792 2757 1864 σωτηρίας,
2785 1793 2847 1846 οὐ
2873 1795 2939 1864 τῇ
2969 1793 3181 1865 αἰτήσει
3203 1793 3480 1865 προσέχει,
3507 1794 3644 1848 ἀλλά
3688 1798 3798 1869 πρδ

2215 1876 2420 1948 ταύτης
2448 1876 2512 1930 τὸ
2539 1877 2818 1947 συμφέρον
2849 1892 2929 1928 σοι
2957 1875 3232 1947 πανταχοῦ
3263 1880 3475 1930 σκοπεῖ.
3506 1874 3570 1932 Εἰ
3599 1878 3708 1950 γάρ
3740 1881 3797 1933 οἰ

2218 1960 2359 2014 κατὰ
2384 1960 2564 2031 σάρκα
2597 1961 2834 2032 πατέρες
2875 1959 2937 2011 οὐ
2969 1958 3147 2013 πάντα
3173 1959 3384 2013 αἰτοῦσι
3413 1962 3524 2023 τοῖς
3558 1961 3796 2025 παιδίοις

2217 2040 2567 2112 παρέχουσιν,
2616 2040 2717 2094 οὐκ
2750 2039 2937 2110 ἐπειδὴ
2977 2038 3407 2110 καταφρονοῦσιν
3438 2039 3635 2102 αὐτῶν,
3671 2040 3794 2095 ἀλλ’

2216 2124 2405 2195 ἐπειδὴ
2459 2122 2694 2193 μάλιστα
2745 2122 2999 2194 κήδονται
3043 2121 3251 2176 αὐτῶν
3300 2122 3480 2191 πολλῷ
3536 2122 3740 2192 μᾶλλον
3762 2126 3794 2177 6

2216 2207 2373 2272 Θεὸς,
2410 2205 2505 2262 καί
2540 2205 2742 2277 μᾶλλον
2775 2205 2965 2276 φιλῶν,
2992 2206 3087 2259 καὶ
3120 2204 3283 2259 πλέον
3321 2207 3572 2260 ἀπάντων
3606 2208 3703 2261 καὶ
3730 2208 3791 2261 τὸ

2219 2289 2498 2361 συμφέρον
2530 2288 2709 2353 εἰδὼς,
2737 2288 2897 2342 τοῦτο
2941 2291 3103 2342 ποιεῖ.
3150 2288 3506 2360 Σχολάσωμεν
3534 2285 3627 2343 οὖν
3666 2293 3794 2355 ταῖς

2214 2374 2403 2443 εὐχαῖς
2422 2372 2703 2442 διηνεκῶς,
2745 2372 2821 2443 μὴ
2853 2372 3013 2443 μόνον
3049 2371 3116 2425 δι’
3148 2374 3181 2443 ἡ
3191 2372 3386 2443 μέρας,
3417 2372 3552 2427 ἀλλά
3577 2375 3671 2427 καὶ
3701 2375 3792 2429 διὰ

2215 2455 2427 2518 νυκτός.
2469 2455 2734 2508 ’Ἄκουσον
2763 2455 2873 2526 γὰρ
2901 2456 2953 2508 τί
2996 2471 3160 2526 φησιν
3196 2454 3360 2517 αὐτὸς
3394 2457 3424 2509 6
3471 2460 3795 2527 προφήτης*

2214 2542 2627 2595 Μεσονύκτιον
2684 2538 3076 2608 ἐξηγειρόμην
3134 2538 3241 2593 τοῦ
3298 2538 3791 2609 ἐξομολογεῖσθαι

2215 2622 2369 2695 1555]
2410 2638 2509 2678 σοι
2540 2623 2639 2675 ἐπὶ
2680 2622 2754 2675 τὰ
2788 2622 3043 2691 κρίματα
3068 2620 3179 2689 τῆς
3220 2621 3613 2689 δικαιοσύνης
3642 2638 3785 2677 σου.

2218 2707 2351 2760 Ἂνθ
2358 2724 2539 2778 ρωπος
2558 2705 2808 2776 βασιλεὺς
2828 2706 2887 2760 ἐν
2915 2704 3160 2776 φροντίσι
3176 2704 3466 2771 τοσαύταις
3482 2704 3579 2771 ὢν,
3595 2706 3787 2776 δήμων

2214 2790 2310 2844 καί
2330 2789 2536 2842 πόλεων
2563 2789 2657 2843 καὶ
2680 2788 2848 2842 ἐθνῶν
2874 2787 3047 2858 ἀρχὴν
3067 2798 3090 2827 ο
3115 2789 3605 2859 ἐγκεχειρισμένος,
3630 2791 3787 2860 εἰρή-

2214 2890 2313 2944 νης
2338 2872 2661 2943 φροντίζων,
2685 2871 2953 2941 πολέμους
2973 2872 3277 2936 καταλύων,
3292 2873 3629 2944 πραγμάτων
3644 2873 3787 2943 ἄφαρ

2213 2973 2308 3011 τον
2340 2955 2498 3026 ὄχλον
2524 2955 2667 3024 ὁρῶν
2701 2956 2828 3026 περὶ
2851 2956 3014 3009 αὐτὸν
3040 2955 3127 3010 ἀεὶ
3159 2955 3517 3027 περιεστῶτα,
3545 2956 3666 3009 οὐδὲ
3698 2975 3786 3026 μιμ-

2214 3040 2344 3111 κρὸν
2383 3038 2720 3093 ἀναπνεῦσαι
2758 3038 2919 3109 ἔχων,
2965 3040 3026 3093 οὐ
3063 3039 3221 3109 μόνον
3254 3037 3353 3102 τάς
3380 3038 3615 3109 ἡμέρας,
3648 3040 3785 3094 ἀλλά

2212 3122 2309 3177 καὶ
2333 3120 2432 3186 τάς
2460 3120 2661 3185 νύκτας
2683 3120 2989 3193 προσετίθει
3012 3124 3132 3184 ταῖς
3164 3121 3373 3192 εὐχαῖς.
3404 3121 3468 3174 Εἰ
3497 3121 3554 3176 δέ
3572 3124 3603 3176 6
3633 3122 3786 3193 βασι-

2212 3205 2339 3270 λεὺς
2369 3208 2399 3260 6
2430 3208 2489 3260 ἐν
2515 3202 2752 3276 τοσαύτῃ
2772 3206 2951 3275 τρυφῇ
2973 3203 3102 3268 ζῶν,
3126 3206 3154 3257 6
3173 3203 3439 3267 τοσαύτας
3460 3204 3599 3276 ἔχων
3622 3223 3785 3276 φρον-

2211 3290 2379 3355 τίδας,
2414 3292 2444 3344 6
2469 3289 2742 3351 τοσούτοις
2780 3289 3068 3359 πράγμασι
3102 3286 3621 3359 περικυκλούμενος,
3660 3289 3783 3342 οὐδὲ

2212 3374 2311 3446 τὴν
2339 3373 2512 3428 νύκτα
2535 3370 2757 3443 ἠρέμει,
2787 3370 2925 3425 ἀλλά
2947 3370 3056 3424 τῶν
3076 3372 3135 3423 ἐν
3166 3370 3316 3442 δρεσι
3334 3371 3661 3441 καθημένων
3688 3389 3781 3443 μο-

2211 3456 2394 3526 ναχῶν
2426 3454 2815 3527 ἀκριϐέστερον
2855 3454 2955 3509 τάς
2990 3455 3156 3524 εὐχάς
3188 3452 3510 3524 ποιούμενος
3535 3454 3781 3516 διετέλει,

2212 3538 2526 3601 ποίας,εἰπέ
2558 3553 2668 3608 μοι,
2689 3536 2987 3607 τευξόμεθα
3004 3535 3528 3607 ωγγνώμηςὴμεῖς,
3556 3539 3617 3589 ἐν
3629 3537 3785 3608 ἀδείᾳ

2215 3623 2315 3694 μὲν
2345 3620 2546 3687 ζῶντες
2572 3619 2766 3691 πολλῇ,
2792 3621 2888 3673 καὶ
2917 3619 3007 3672 τὸν
3041 3619 3310 3694 ἰδιωτικὸν
3336 3621 3429 3673 καὶ
3452 3619 3782 3690 ἀπράγμονα

2211 3688 2616 3775 ἐπανῃρημένοι
2663 3688 2799 3772 βίον,
2837 3702 2898 3755 οὐ
2944 3702 3102 3773 μόνον
3134 3702 3190 3754 δὲ
3221 3688 3331 3765 τὰς’
3349 3688 3551 3764 νύκτας
3586 3688 3784 3756 uos-5-

2210 3788 2391 3851 δοντες
2413 3789 2653 3853 ἁπάσας,
2672 3787 2787 3841 ἀλλ’
2816 3786 2939 3840 οὐδέ
2964 3787 3022 3840 ἐν
3043 3789 3110 3859 τῇ
3136 3786 3322 3858 ἡμέρᾳ.
3344 3786 3481 3857 μετά
3502 3789 3602 3857 τῆς
3621 3803 3786 3859 προσ-

2210 3871 2450 3943 ηκούσης
2500 3870 2806 3943 ἀγρυπνίας
2852 3870 2953 3934 τάς
2995 3870 3386 3940 νενομισμένας
3411 3869 3786 3935 ἐπιτελοῦντες

2211 3955 2402 4025 εὐχάς;
2439 3953 2596 4021 Μέγα
2633 3952 2795 4007 ὅπλον
2828 3954 3123 4025 προσευχὴ.
3180 3952 3353 4023 μέγας
3381 3952 3583 4023 κόσμος
3624 3954 3779 4022 εὐχὴ,

2211 4040 2305 4092 καὶ
2340 4038 2610 4107 ἀσφάλεια
2649 4039 2742 4092 καὶ
2769 4037 2953 4109 λιμὴν,
2984 4039 3078 4092 καὶ
3109 4037 3379 4109 θησαυρὸς
3410 4036 3653 4106 ἀγαθῶν,
3687 4039 3780 4092 καῖ

2211 4121 2408 4186 ἄσυλος
2442 4121 2689 4185 πλοῦτος.
2730 4121 3058 4193 Ἀνθρώπων
3102 4122 3201 4192 μὲν
3231 4117 3324 4175 οὖν
3372 4120 3637 4194 δεόμενοι,
3687 4123 3782 4176 καὶ

2208 4205 2453 4277 δαπάνης
2499 4205 2797 4276 χρημάτων
2835 4203 3087 4275 δεόμεθα,
3137 4203 3232 4258 καὶ
3269 4203 3556 4269 κολακείας
3600 4206 3783 4258 δουλο-

2209 4286 2477 4359 πρεποῦς,
2506 4287 2599 4339 καὶ
2624 4286 2827 4355 πολλῆς
2860 4286 3107 4356 περιόδου
3141 4287 3235 4339 καὶ
3271 4287 3672 4357 πραγματείας.
3700 4288 3777 4340 Οὐ

2207 4372 2318 4440 γὰρ
2341 4369 2401 4434 ἐξ
2429 4369 2646 4433 εὐθείας
2684 4369 2866 4431 αὐτοῖς
2894 4372 3004 4432 τοῖς
3048 4369 3259 4440 κυρίοις
3285 4368 3468 4423 δοῦναι
3495 4369 3593 4440 τὴν
3619 4370 3777 4441 χάριν

2208 4454 2289 4508 ἔνι
2316 4452 2660 4523 διαλεχθῆναι
2687 4452 2962 4517 πολλάκις,
2992 4452 3107 4507 ἀλλ’
3130 4453 3344 4522 ἀνάγκη
3369 4453 3632 4524 πρότερον
3657 4453 3776 4505 δια-

2209 4537 2400 4600 κόνους
2434 4537 2530 4589 καί⁵
2558 4535 2876 4605 οἰκονόμους
2913 4535 3113 4598 αὐτῶν,
3159 4535 3255 4587 καὶ
3288 4536 3637 4605 ἐπιτρόπους,
3682 4535 3777 4588 καὶ

2208 4620 2480 4691 χρήμασι,
2508 4618 2603 4670 καὶ
2631 4619 2861 4689 ῥήμασι,
2892 4618 2986 4670 καὶ
3015 4617 3178 4670 παντὶ
3212 4616 3546 4687 θεραπεῦσαι
3567 4618 3779 4688 τρόπῳ,

2207 4705 2303 4759 καὶ
2332 4704 2454 4756 τότε
2486 4703 2554 4756 δι’
2598 4702 2819 4756 ἐκείνων
2863 4701 3155 4771 δυνηθῆναι
3182 4702 3281 4773 τὴν
3319 4702 3534 4771 αἴτησιν
3562 4701 3769 4754 λαϐεῖν·

2205 4787 2300 4842 ἐπὶ
2324 4787 2382 4840 δέ
2407 4786 2501 4839 τοῦ
2525 4785 2659 4838 θεοῦ
2685 4786 2785 4839 οὐκ
2807 4785 2952 4837 ἐστιν
2982 4784 3150 4848 οὕτως
3166 4799 3187 4816 ο
3213 4784 3330 4838 οὐδὲ
3359 4783 3502 4837 οῦτω
3525 4784 3545 4823 τ
3570 4785 3638 4837 δι’
3660 4785 3775 4838 ἐτέ-

2207 4888 2316 4943 ρων
2345 4869 2845 4942 παρακαλούμενος,
2874 4869 2949 4931 ὡς
2978 4868 3044 4921 δι’
3080 4870 3113 4938 ἡ
3123 4867 3239 4938 μῶν
3275 4867 3453 4922 αὐτῶν
3483 4867 3782 4937 δεομένων,

2207 4953 2446 5007 ἐπινεύει
2472 4957 2537 5025 τῇ
2571 4954 2771 5025 χάριτι.
2796 4952 2905 5006 Καὶ
2926 4951 3156 5004 ἐνταῦθα
3184 4951 3283 5021 μὲν
3304 4951 3397 5003 καὶ
3410 4950 3770 5021 λαμϐάνοντα,

2206 5037 2298 5092 καί
2337 5038 2414 5108 μὴ
2444 5036 2789 5107 λαμϐάνοντα
2820 5034 2935 5089 ἔστι
2964 5034 3296 5107 κερδαίνεινο
3331 5035 3425 5087 ἐπὶ
3451 5035 3507 5088 δὲ
3541 5034 3653 5087 τῶν
3676 5035 3775 5087 ἀνι

2205 5120 2438 5192 θρώπων
2483 5121 2539 5172 ἐν
2567 5121 2814 5190 ἐκατέρῳ
2852 5118 3109 5181 πολλάκις
3132 5117 3462 5187 ἐϐλάϐημεν.
3503 5117 3654 5170 Ἐπεὶ
3679 5112 3772 5169 οὖν

2206 5202 2389 5272 μεῖζον
2423 5202 2484 5254 τὸ
2517 5202 2707 5273 κέρδος
2731 5203 2824 5256 καὶ
2865 5201 3064 5272 μείζων
3087 5203 3121 5272 ἡ
3158 5200 3378 5254 εὐκολία
3402 5201 3514 5262 τοῖς
3547 5200 3628 5269 τῷ
3651 5198 3772 5269 Θεῷ

2202 5284 2510 5356 προσιοῦσι,
2557 5285 2631 5356 μὴ
2678 5284 3104 5355 καταφρονῶμεν
3143 5283 3329 5354 εὐχῆς.
3364 5283 3500 5336 Τότε
3541 5285 3652 5354 γάρ
3686 5299 3770 5336 σοι

2204 5367 2404 5435 μάλλον
2449 5367 2918 5438 καταλλαγήσεται
2953 5369 2999 5433 8,
3055 5367 3177 5420 τότε
3218 5383 3300 5419 σοι
3329 5365 3530 5435 μᾶλλον
3559 5365 3771 5419 δίδωσιν

2199 5452 2335 5522 ὅπερ
2364 5454 2552 5516 αἰτεῖς,
2597 5452 2726 5506 ὅταν
2764 5453 2827 5505 σύ
2862 5450 2952 5504 διὰ
2984 5448 3208 5504 σεαυτοῦ
3260 5448 3604 5520 παρακαλῇς,
3644 5449 3769 5501 ὅταν

2265 5554 2289 5606 εξ
2314 5544 2420 5606 1)υο
2444 5557 2558 5592 mss.
2582 5543 2849 5606 ἠγεμονίαν,

2267 5602 2289 5641 ί
2313 5605 2418 5667 Οὐκ
2443 5607 2569 5652 ἔστιν
2588 5600 2755 5667 οὕτως.
2786 5605 2857 5667 Οὐ
2883 5605 2972 5667 γὰρ
2990 5604 3139 5667 δεῖται
3158 5605 3364 5665 μεσιτῶν
3383 5603 3460 5651 έπί
3476 5604 3571 5651 τῶν
3588 5600 3772 5657 ἀξιούν-

2194 5665 3211 5739 τωξνρῦδὲοῦται·εἰσβιυίίέαιηεεβκνίιι.
3328 5723 3360 5739 ..
3412 5738 3419 5739 ί
3483 5724 3494 5739 ,

2260 5724 2301 5767 εἰ
2322 5728 2472 5777 Savil.
2517 5728 2600 5776 καὶ
2631 5724 2805 5776 πλείῶν
2836 5731 2868 5785 ἠ
2894 5727 3101 5775 εὐκολία.
3129 5725 3258 5775 Infra
3296 5724 3424 5775 alius
3442 5724 3552 5773 τότε
3564 5724 3659 5795 γάρ
3688 5739 3767 5771 σοι

2243 5789 2355 5838 ἓλλει
2375 5789 2790 5843 καταλλάττεσθαι.
2835 5794 2889 5839 εἰ
2920 5801 3035 5839 mox
3057 5789 3169 5837 ὅταν
3193 5787 3251 5836 σὺ
3275 5787 3355 5836 διά
3389 5802 3592 5836 σεαυτοῦ
3617 5786 3769 5843 alii;

2197 5805 2355 5852 μέλλει
2375 5805 2790 5853 καταλλάττεσθαι,
2835 5805 2889 5839 ει
2920 5805 3035 5839 mox
3057 5805 3169 5837 οταν
