4084 6346
355 421 462 481 5‘15

356 538 580 604 Semper
609 532 790 605 utique
821 546 1008 600 magna
1055 528 1133 582 vis
1157 524 1428 580 orationis.
1459 542 1471 577 :
1504 519 1717 592 quando
1759 527 1935 572 autem

353 642 476 682 cum
498 625 704 696 jejunio
746 624 1004 678 emittitur
1052 619 1306 690 precatio,
1362 614 1714 684 potentiorem
1767 609 1940 664 reddit

353 722 608 774 animam.
637 717 788 773 Nune
814 713 1157 783 temperantia
1183 708 1558 779 cogitationum
1590 719 1775 773 magna
1802 690 1938 770 apud

355 826 455 865 nos
484 823 568 864 est
597 828 608 862 :
641 823 781 862 nunc
808 822 958 860 mens
987 804 1268 866 excitatur,
1299 811 1634 867 supernaque
1655 796 1830 848 oinnia
1861 793 1940 846 vi-

355 903 447 955 det
465 901 662 954 anima.
685 899 974 967 Propterea
996 911 1206 964 semper
1229 893 1497 961 Scriptura
1517 885 1720 958 jejunio
1747 884 1943 938 oratio-

359 1008 482 1047 nem
510 991 771 1058 adjunxit.
799 986 1078 1056 Quomodo
1108 997 1162 1039 et
1187 981 1564 1054 quandonam?
1590 978 1669 1032 Ne
1701 977 1944 1048 fraudetis

357 1084 588 1148 invicem,
615 1083 803 1151 inquit,
828 1082 922 1134 nisi
945 1080 1068 1149 quid
1091 1094 1153 1132 ea:
1177 1092 1451 1139 consensu;
1479 1085 1530 1126 ut
1555 1073 1734 1127 vacetis
1746 1069 1945 1141 jejunio

358 1185 405 1230 et
432 1175 646 1229 orationi
667 1172 742 1244 (ἱ.
773 1171 891 1226 Cor.
927 1172 976 1224 7.
1001 1169 1076 1240 5).
1110 1169 1444 1236 Rursumque
1472 1163 1620 1230 alibi,
1652 1161 1763 1216 Hoc
1792 1177 1948 1231 genus

360 1269 726 1322 dtemoniorunt
751 1282 851 1318 non
881 1264 1151 1335 egreditur,
1191 1261 1288 1314 nisi
1331 1260 1382 1313 in
1411 1258 1637 1312 oratione
1673 1268 1717 1309 et
1745 1255 1946 1325 jejunio

366 1360 573 1432 (Matth.
598 1359 682 1412 17.
701 1356 815 1428 20).
837 1352 1291 1424 Iterumquealibi,
1315 1350 1588 1417 Postquam
1605 1355 1847 1409 orassent,
1868 1345 1948 1398 in—

361 1455 498 1525 quit,
513 1463 558 1506 et
568 1453 902 1520 jejunassent,
917 1450 1260 1518 imposuerunt
1273 1444 1375 1498 illis
1386 1459 1560 1496 manus
1579 1439 1714 1513 (Act.
1745 1441 1794 1493 l.
1830 1438 1944 1505 55).

434 1548 488 1603 5.
539 1545 727 1598 Viden‘
763 1542 959 1612 ubique
1006 1556 1125 1595 cum
1168 1536 1371 1608 jejunio
1417 1532 1753 1590 orationem?
1801 1531 1949 1584 Tunc

361 1639 507 1694 enim
531 1635 819 1704 jucundior
843 1643 897 1689 et
924 1633 1193 1703 probatior
1216 1646 1246 1683 a
1275 1629 1386 1700 lyra
1407 1626 1669 1682 emittitur
1696 1622 1946 1678 melodia.

365 1731 480 1786 Non
509 1741 632 1783 sunt
657 1727 874 1783 chordis
901 1725 1130 1779 humida:
1169 1720 1442 1777 ebrietatis
1485 1732 1708 1774 excessu
1738 1716 1946 1778 solutae,

365 1821 460 1876 sed
506 1822 646 1890 viget
685 1817 955 1888 cogitatio,
999 1817 1226 1870 excitata
1255 1821 1338 1867 est
1378 1825 1552 1873 meus,
1581 1808 1702 1877 vigil
1751 1806 1948 1859 anima.

367 1913 458 1968 Sic
487 1911 744 1967 accedere.
780 1911 846 1964 ad
874 1910 1036 1962 Deum
1061 1916 1117 1962 et
1151 1921 1273 1960 eum
1303 1903 1497 1972 alloqui
1543 1907 1752 1971 oportet
1779 1899 1952 1953 solum

367 2020 486 2060 eum
531 2005 666 2058 solo.
709 2001 840 2056 Nam
867 2001 911 2056 si
957 1999 1168 2070 quando
1212 1997 1396 2051 amicis
1443 2011 1553 2049 rem
1597 1991 1952 2047 necessariam

367 2101 597 2170 aliquam
625 2098 802 2153 dicere
833 2111 966 2164 Opus
996 2104 1098 2159 est,
1139 2093 1361 2147 seorsim
1399 2089 1694 2142 abstractos
1722 2086 1950 2154 alloqui-

368 2208 489 2247 mur
519 2212 532 2246 :
561 2199 760 2260 quanto
791 2188 958 2260 magis
983 2202 1106 2257 erga
1140 2186 1306 2240 Deum
1336 2183 1438 2237 hoc
1463 2179 1819 2252 priestandum
1849 2188 1948 2242 est,

369 2286 638 2356 ingressos
667 2284 868 2338 scilicet
895 2283 945 2335 in
974 2278 1270 2335 cubiculum
1303 2292 1422 2330 eum
1454 2275 1614 2328 multa
1647 2275 1823 2343 quiete
1856 2288 1869 2323 :
1900 2281 1954 2326 et

368 2392 588 2448 prorsus
614 2375 794 2430 omnia
837 2386 1246 2440 consequemur,
1275 2370 1318 2424 si
1360 2368 1504 2422 utilia
1553 2377 1812 2436 petamus.
1863 2364 1953 2417 Et-

369 2469 514 2521 enim
545 2470 731 2535 ingens
777 2464 974 2520 bonum
999 2472 1082 2516 est
1117 2464 1286 2515 oratio
1305 2499 1318 2524 ,
1343 2457 1555 2529 quando
1579 2471 1697 2511 cum
1728 2463 1871 2518 grata
1901 2463 1954 2506 et

369 2560 516 2630 vigili
545 2559 719 2613 anima
748 2556 1044 2620 emittitur;
1077 2551 1346 2623 quomodo
1372 2558 1550 2604 autem
1576 2559 1724 2617 grata
1755 2545 1952 2599 fuerit?

369 2651 424 2705 Si
453 2665 550 2703 nos
592 2649 661 2702 ita
695 2648 1048 2704 instituamus.
1081 2651 1266 2698 utnon
1309 2640 1466 2694 modo
1491 2653 1614 2694 cum
1640 2635 1949 2705 accipimus,

369 2742 462 2797 sed
491 2741 648 2795 etiam
681 2738 893 2808 quando
918 2753 1021 2791 non
1046 2735 1208 2788 auditi
1241 2733 1584 2794 discedimus,
1613 2729 1808 2799 gratias
1831 2742 1954 2796 aga-

369 2847 488 2888 mus
532 2831 662 2884 Deo.
693 2830 826 2884 Nam
870 2827 1154 2898 aliquando
1196 2823 1440 2880 concedit
1479 2823 1636 2886 Deus,
1669 2818 1954 2890 aliquando

369 2927 621 2987 minime;
673 2934 954 2992 utrumque
992 2931 1168 2974 autem
1203 2917 1399 2971 utiliter
1445 2915 1589 2984 agit:
1622 2915 1691 2968 ita
1742 2920 1798 2966 ut
1841 2911 1953 2967 sive

370 3017 660 3087 acceperis,
686 3015 797 3068 sive
820 3030 946 3078 non,
976 3013 1134 3066 etiam
1163 3011 1214 3064 in
1245 3024 1348 3062 non
1368 3005 1678 3075 accipiendo
1700 3003 1952 3073 accipias;

370 3111 482 3166 sive
508 3111 617 3164 voti
656 3121 877 3176 compos
917 3106 1010 3167 sis,
1061 3105 1172 3157 sive
1223 3118 1350 3166 non,
1379 3099 1485 3153 voti
1531 3107 1706 3151 tamen
1737 3109 1955 3163 compos

370 3204 487 3259 ﬁas.
521 3205 613 3258 Est
650 3201 795 3257 enim
835 3196 1123 3268 aliquando
1156 3195 1337 3248 utilius
1383 3208 1492 3246 non
1519 3189 1770 3258 consequi
1813 3186 1953 3258 quod

372 3298 622 3369 petimus,
664 3309 822 3364 quam
866 3289 1141 3359 consequi.
1169 3286 1300 3342 Nam
1331 3285 1432 3340 nisi
1477 3283 1629 3338 nobis
1662 3281 1788 3336 utile
1813 3294 1955 3349 saepe

371 3397 516 3445 esset
545 3402 647 3441 non
677 3386 941 3457 accipere,
972 3397 1183 3451 semper
1213 3381 1325 3449 ipse
1350 3379 1501 3432 daret
1532 3394 1546 3430 :
1579 3392 1684 3430 non
1712 3389 1832 3430 esse
1858 3389 1955 3428 au-

373 3495 479 3541 tem
505 3482 612 3536 voti
639 3489 942 3550 compotem
972 3477 1204 3539 utiliter,
1233 3473 1362 3528 illud
1399 3479 1482 3527 est
1516 3486 1636 3526 esse
1663 3470 1770 3523 voti
1804 3482 1956 3522 com-

370 3585 572 3647 potem.
595 3573 825 3642 Ideoque
870 3569 1048 3625 differt
1087 3582 1229 3636 saepe
1271 3567 1429 3635 petita
1470 3561 1800 3624 concedere,
1851 3574 1957 3612 non

379 3679 439 3724 ut
485 3669 644 3724 nobis
695 3679 874 3721 moras
922 3663 1144 3726 afferat;
1209 3661 1303 3715 sed
1362 3667 1419 3712 ut
1481 3653 1959 3727 procrastinatione

374 3760 500 3815 doni
541 3758 607 3813 ad
650 3757 912 3813 assiduam
952 3763 1007 3809 et
1046 3767 1330 3823 perennem
1375 3747 1810 3818 supplicationem
1868 3759 1958 3797 sa-

378 3853 585 3922 pienter
626 3850 856 3904 inducat.
886 3847 1017 3914 Quia
1047 3846 1187 3899 enim
1235 3858 1376 3912 smpe
1421 3851 1698 3910 pOslqttatIt
1747 3835 1958 3905 accepi-

378 3959 498 3997 mus
535 3958 595 3997 ea
633 3957 751 4011 qum
798 3940 1062 4009 petiimns,
1110 3934 1356 4006 precandi
1383 3947 1562 3985 curam
1604 3930 1869 3998 ponimus,
1901 3935 1961 3981 ut

378 4044 615 4090 nostram
634 4033 686 4086 in
710 4028 1098 4102 precationibus
1120 4024 1440 4096 vigilantiam
1457 4021 1732 4090 adaugent,
1756 4017 1956 4072 donum

379 4128 578 4185 diﬂ'ert.
623 4125 712 4180 Sic
757 4132 812 4178 et
863 4122 1026 4192 prolis
1078 4127 1319 4172 amantes
1373 4124 1551 4184 patres
1594 4111 1812 4175 faciunt,
1870 4108 1960 4179 qui

380 4220 626 4292 segnitiei
652 4217 862 4274 deditos
905 4227 1097 4284 pueros
1140 4226 1284 4275 suos,
1314 4209 1403 4278 qui
1447 4206 1514 4261 ad
1544 4205 1773 4274 pueriles
1810 4202 1961 4256 lusus

380 4322 686 4380 accurrunt,
737 4325 879 4381 sirpe
903 4306 1117 4363 maximi
1161 4304 1286 4359 doni
1330 4300 1710 4371 pollicitatione
1733 4295 1870 4365 apud
1903 4308 1965 4348 se

381 4408 614 4464 retinent
657 4424 670 4458 :
715 4404 941 4474 ideoque
991 4397 1274 4469 aliquando
1326 4393 1615 4458 dilierunt,
1679 4389 1964 4458 aliquando

384 4501 593 4572 penitus
616 4512 720 4553 non
741 4497 891 4551 dant.
914 4491 1274 4549 Aeciditenim
1304 4499 1700 4556 nonnumquam
1723 4493 1778 4535 ut
1809 4481 1970 4537 noxia

383 4603 658 4664 petamus;
689 4590 777 4660 qui
800 4603 928 4642 vero
957 4601 1075 4656 qua:
1098 4584 1250 4639 nobis
1273 4581 1419 4637 utilia
1451 4588 1578 4633 sunt
1607 4578 1774 4645 magis
1800 4588 1962 4643 quam

387 4663 485 4740 nos
513 4683 760 4753 eognovit
782 4663 944 4741 Deus,
973 4693 1078 4731 non
1105 4675 1289 4729 annuit
1312 4670 1641 4727 orationibus
1667 4668 1883 4731 nostris,
1912 4665 1964 4720 id

385 4775 528 4846 quod
558 4777 609 4827 in
655 4783 891 4826 nostram
918 4767 1077 4822 vertit
1095 4766 1401 4828 utilitatem,
1434 4764 1593 4817 etiam
1621 4759 1774 4814 nobis
1818 4757 1968 4826 igno-

386 4868 648 4928 raptibus,
670 4877 980 4934 procurans.
1003 4861 1070 4915 Et
1088 4859 1213 4929 quid
1238 4859 1449 4921 mirum,
1472 4855 1514 4909 si
1540 4869 1638 4908 nos
1660 4867 1764 4906 non
1781 4850 1967 4905 audia-

387 4977 508 5016 mur
530 5003 544 5023 ,
572 4957 783 5028 quando
810 4955 934 5010 illud
955 4953 1113 5009 etiam
1141 4951 1302 5006 Paulo
1337 4947 1573 5003 accidit?
1604 4945 1814 5000 Etenim
1856 4945 1969 5012 ipse

387 5067 532 5121 smpe
555 5064 677 5106 cum
707 5046 963 5118 petiisset,
996 5046 1103 5098 voti
1133 5057 1350 5109 compos
1391 5042 1557 5094 lactus
1603 5053 1708 5091 non
1749 5045 1832 5090 est
1862 5055 1875 5089 :
1907 5049 1970 5089 ac

387 5161 494 5202 non
523 5143 682 5198 modo
705 5157 810 5196 non
838 5153 1069 5195 maerore
1093 5135 1314 5190 allectus
1335 5143 1437 5198 est,
1465 5131 1555 5186 sed
1583 5131 1741 5184 etiam
1772 5127 1971 5198 gratias

388 5238 502 5293 Deo
527 5234 742 5290 retulit:
774 5231 994 5300 Propter
1031 5227 1186 5300 quod,
1230 5225 1419 5295 inquit,
1453 5234 1526 5278 ter
1554 5222 1773 5276 Domino
1799 5220 1972 5291 ragavi

388 5333 468 5401 (2.
497 5330 614 5382 (.‘or.
667 5327 754 5382 12.
802 5325 902 5394 8):
954 5322 1081 5378 illud
1129 5336 1280 5387 vero,
1327 5318 1446 5384 Ter,
1498 5331 1641 5387 saepe
1684 5314 1967 5386 signiﬁcat.

388 5421 541 5490 Quod
563 5420 607 5475 si
635 5419 830 5474 Paulus
853 5426 1129 5485 postquam
1157 5427 1298 5481 saepe
1321 5410 1562 5480 petierat,
1589 5424 1693 5462 non
1718 5409 1972 5476 impetra-

389 5517 485 5581 vit,
516 5512 686 5567 multo
726 5510 895 5580 magis
945 5507 1098 5562 nobis
1139 5503 1581 5576 perseverandum
1627 5509 1729 5555 est.
1752 5499 1858 5554 Sed
1889 5499 1970 5550 vi-

389 5605 649 5668 deamus,
674 5602 799 5673 quia
841 5609 1119 5670 postquam
1157 5611 1302 5666 stepe
1348 5595 1574 5666 petierat
1603 5607 1707 5645 non
1746 5589 1972 5658 accepit,

390 5695 660 5768 quomodo
681 5694 903 5751 allectus
933 5700 1066 5754 erat,
1091 5689 1234 5760 quod
1261 5691 1367 5742 voti
1404 5699 1626 5756 compos
1661 5684 1829 5738 factus
1867 5696 1974 5737 non

390 5799 554 5844 esset.
602 5786 719 5843 Non
749 5784 908 5842 modo
945 5797 1051 5838 non
1077 5780 1267 5846 doluit,
1311 5779 1406 5836 sed
1433 5776 1592 5834 etiam
1625 5773 1976 5847 gloriabatur,

389 5880 532 5951 quod
575 5894 682 5938 non
732 5877 1045 5950 accepisset.
1101 5873 1232 5930 Cum
1277 5872 1496 5928 dixisset
1547 5868 1708 5936 enim,
1754 5866 1974 5938 Propter

1657 413 1659 415 ’
1703 403 1765 458 ΙΝ
1797 399 2117 457 ΡΞΑιΜυΜ
2154 401 2360 458 CXLV.

3530 398 3635 454 526

2044 520 2179 588 quod
2223 528 2296 571 ter
2330 519 2599 572 Dominum
2628 509 2800 590 rogtivi
2829 535 2847 573 :
2874 528 2919 573 et
2960 519 3085 573 dixit
3115 516 3258 583 mihi,
3305 516 3502 587 Sufﬁcit
3546 517 3634 570 tibi

2045 612 2210 681 gratia
2256 628 2402 676 mea;
2444 630 2561 666 nam
2605 615 2760 667 virtus
2805 630 2916 666 mea
2943 615 2996 666 in
3033 613 3328 681 inﬁrmitate
3377 611 3637 681 perﬁcitur

2047 705 2124 772 (2.
2143 703 2353 763 (Σοί-,19η
2373 705 2447 774 9),
2471 705 2548 758 sic
2574 708 2742 775 pergit
2765 723 2777 758 :
2803 704 3033 758 Libenter
3050 705 3203 776 igitur
3219 703 3473 774 gloriabor
3488 705 3538 756 in
3556 704 3636 757 in-

2048 797 2370 864 ﬁrmitatibus
2400 798 2538 849 meis.

2119 886 2170 941 6.
2203 885 2311 939 Deo
2343 890 2518 958 gratia:
2547 887 2757 958 agentur
2792 889 2938 940 etiam
2973 904 3085 941 cum
3112 905 3210 941 non
3240 888 3483 953 exaudit;
3510 904 3632 940 ora-

2050 977 2199 1030 tionis
2225 976 2420 1031 laudes.
2443 1007 2513 1020 -—-
2539 977 2784 1032 Vidistin’
2803 989 3010 1047 gratum
3043 978 3220 1032 famuli
3249 979 3521 1032 animum?
3546 980 3636 1034 Pc-
3703 979 3706 982 ⁴

2053 1069 2134 1122 tiit
2159 1070 2225 1124 ab
2250 1068 2641 1123 infirmitatibus
2671 1069 2903 1132 liberari,
2934 1076 2988 1122 et
3023 1085 3126 1122 non
3155 1071 3338 1123 annuit
3369 1069 3544 1124 Deus:
3578 1085 3641 1124 ac

2053 1177 2156 1214 non
2202 1162 2361 1215 modo
2392 1178 2498 1216 non
2527 1162 2695 1216 doluit
2738 1162 2952 1224 Paulus,
2991 1162 3084 1216 sed
3113 1163 3270 1216 etiam
3297 1162 3554 1232 gloriatur
3584 1164 3636 1216 in

2055 1254 2360 1308 infirmitate
2415 1255 2612 1310 Eodem
2655 1271 2866 1324 quoque
2895 1254 3054 1309 modo
3085 1265 3138 1308 et
3172 1270 3268 1309 nos
3307 1256 3512 1308 animas
3540 1270 3640 1308 no-

2053 1357 2192 1401 stras
2217 1349 2582 1416 disponamus,
2610 1348 2721 1401 sive
2747 1347 2950 1401 dederit
2982 1347 3140 1408 Deus,
3170 1346 3281 1400 sive
3306 1362 3407 1400 non
3433 1345 3637 1400 dederit

2055 1454 2116 1492 ea
2162 1454 2280 1508 qua:
2331 1438 2583 1507 petimus,
2619 1454 2711 1506 pro
2755 1449 2978 1508 utroque
3023 1438 3218 1507 gratias
3249 1452 3465 1506 agamus
3509 1437 3637 1492 Deo.

2057 1529 2350 1598 Utrumque
2379 1531 2518 1582 enim
2551 1529 2615 1583 ad
2645 1539 2878 1583 nostram
2913 1530 3186 1582 utilitatem
3216 1528 3359 1582 facit.
3393 1530 3446 1582 Si
3475 1528 3634 1583 dandi

2059 1630 2372 1690 potestatein
2405 1621 2583 1686 habet,
2610 1621 2766 1690 igitur
2793 1621 2952 1674 habet
2975 1629 3029 1672 et
3054 1619 3234 1685 dandi,
3266 1619 3477 1688 quando
3506 1619 3639 1682 vult,

2056 1711 2270 1781 etquod
2291 1713 2424 1777 vult,
2454 1722 2613 1783 atque
2638 1714 2797 1768 etiam
2828 1728 2930 1766 non
2962 1711 3139 1766 dandi.
3173 1711 3251 1766 Tu
3278 1728 3381 1766 non
3414 1713 3549 1765 nosti
3581 1727 3641 1766 ea

2055 1820 2175 1874 quae
2207 1804 2298 1858 tibi
2331 1813 2572 1872 prosunt,
2604 1813 2662 1860 ut
2700 1805 2789 1859 ille
2816 1805 2957 1860 clare
3001 1805 3163 1858 novit.
3208 1803 3365 1874 Saepe
3409 1804 3643 1876 postulas

2056 1894 2215 1949 noxia
2230 1904 2286 1950 et
2307 1894 2562 1949 damnosa
2589 1914 2602 1950 :
2629 1896 2717 1950 ille
2739 1911 2870 1950 vero
2891 1896 3112 1950 salutem
3135 1905 3274 1950 tuam
3301 1897 3467 1964 magis
3487 1911 3642 1964 quam

2055 1994 2113 2043 tu
2167 2003 2380 2054 curans,
2433 2004 2538 2043 non
2569 1988 2792 2042 attendit
2845 1988 3121 2058 petitioni;
3169 1988 3260 2042 sed
3309 1989 3467 2043 etiam
3494 1997 3645 2042 ante-

2057 2097 2214 2151 quam
2263 2082 2517 2151 preceris,
2561 2081 2684 2151 quid
2729 2082 2821 2135 tibi
2852 2081 3116 2136 conducat
3142 2081 3335 2151 ubique
3367 2081 3637 2150 prOSpicit.

2059 2174 2116 2229 Si
2159 2175 2300 2228 enim
2343 2173 2586 2228 carnales
2630 2184 2804 2242 patres
2838 2174 3023 2242 puellis
3060 2174 3170 2228 suis
3211 2175 3506 2241 petentibus
3537 2188 3643 2227 non

2057 2268 2233 2322 omnia
2266 2269 2576 2337 largiuntur,
2602 2283 2705 2320 non
2736 2267 2875 2336 quod
2908 2268 3028 2321 illos
3057 2266 3372 2335 despiciant,
3400 2267 3491 2320 sed
3521 2267 3642 2335 quia

2059 2361 2343 2413 maximam
2373 2375 2556 2413 eorum
2586 2374 2769 2412 curam
2808 2369 2998 2428 gerunt
3031 2371 3044 2410 :
3079 2358 3248 2412 multo
3277 2361 3442 2428 magis
3474 2359 3639 2424 Deus,

2058 2451 2146 2519 qui
2177 2450 2290 2518 plus
2319 2461 2480 2513 amat,
2510 2459 2564 2504 et
2592 2450 2713 2519 plus
2742 2465 2899 2519 quam
2932 2466 3118 2504 omnes
3145 2449 3268 2518 quid
3298 2451 3366 2503 sit
3395 2450 3522 2503 utile
3547 2465 3643 2503 uo-

2058 2544 2153 2605 vit,
2187 2544 2414 2614 idipsum
2446 2553 2678 2613 praestat.
2714 2543 2965 2598 Precibus
2991 2558 3117 2612 ergo
3142 2558 3389 2597 vacemus
3410 2542 3642 2610 assidue,

2060 2650 2164 2688 non
2193 2634 2280 2689 die
2308 2635 2501 2699 solum,
2534 2634 2627 2689 sed
2653 2635 2810 2688 etiam
2850 2643 3027 2687 noctu.
3061 2633 3193 2687 Audi
3221 2634 3361 2687 enim
3402 2633 3525 2702 quid
3553 2632 3638 2686 di-

2066 2735 2153 2781 cat
2193 2728 2305 2796 ipse
2335 2726 2590 2797 pr0pheta
2624 2743 2637 2780 :
2668 2726 2840 2780 Media
2864 2738 3006 2780 nocte
3031 2727 3294 2795 surgebam
3320 2726 3388 2779 ad
3412 2728 3649 2794 conﬁten-

2061 2820 2181 2873 dum
2198 2819 2284 2873 tibi
2307 2836 2460 2889 super
2475 2820 2675 2889 judicia
2690 2819 2904 2888 justitiar
2928 2828 3026 2872 tute
3046 2819 3061 2888 (
3077 2817 3214 2872 Psat.
3245 2818 3361 2873 118.
3387 2818 3497 2888 69.).
3533 2819 3644 2872 liex

2061 2925 2140 2971 tot
2161 2917 2406 2970 detentus
2423 2915 2581 2980 curis,
2607 2912 2942 2985 pupillorum,
2966 2912 3197 2979 urbium,
3220 2913 3451 2979 gentium
3481 2913 3648 2981 impe-

2060 3009 2141 3062 rio
2167 3010 2380 3077 potitus,
2409 3019 2593 3075 pacem
2616 3020 2839 3067 curans,
2866 3003 3016 3058 bellis
3051 3001 3378 3071 perfunctus,
3405 3003 3645 3073 negotio-

2061 3117 2177 3156 rum
2201 3101 2510 3155 immensam
2539 3097 2732 3151 molem
2759 3095 2860 3150 sibi
2886 3096 3180 3149 adstantem
3203 3109 3417 3162 semper
3440 3093 3645 3159 videns,

2061 3193 2151 3264 qui
2181 3209 2247 3247 ne
2271 3191 2528 3246 tantillum
2559 3188 2770 3259 quidem
2800 3188 3066 3258 respirare
3095 3197 3296 3257 poterat
3323 3227 3338 3252 ,
3373 3202 3478 3240 non
3526 3201 3643 3241 mo-

2062 3292 2131 3345 do
2184 3289 2320 3353 dies,
2367 3286 2459 3341 sed
2506 3286 2664 3340 etiam
2712 3293 2892 3337 noctes
2950 3282 3276 3336 orationibus
3330 3279 3648 3334 insumebat.

2064 3379 2213 3446 Quod
2239 3379 2283 3432 si
2302 3394 2388 3432 rex
2418 3376 2507 3447 qui
2540 3377 2590 3430 iu
2624 3375 2783 3428 tantis
2811 3373 3014 3427 deliciis
3057 3372 3284 3436 vivebat,
3319 3380 3397 3424 tot
3430 3370 3649 3424 allectus

2063 3472 2226 3532 curis,
2261 3479 2337 3523 tot
2363 3468 2588 3537 negotiis
2615 3463 3115 3528 circumstantibus,
3148 3478 3215 3516 ne
3243 3470 3403 3516 noctu
3433 3461 3647 3527 quidem

2063 3563 2411 3636 quiescebat,
2453 3560 2544 3614 sed
2599 3558 2901 3628 diligentius
2945 3570 3102 3625 quam
3153 3555 3252 3623 ipsi
3301 3553 3545 3608 monachi
3595 3556 3648 3606 in

2066 3655 2332 3711 montibus
2379 3652 2634 3723 degentes
2671 3663 2856 3719 preces
2894 3646 3108 3703 assidue
3134 3645 3422 3700 fundebat:
3450 3659 3644 3714 quam,

2065 3763 2267 3820 quteso,
2297 3746 2506 3800 veniam
2537 3758 2634 3799 nos
2662 3756 3069 3811 consequemur,
3100 3739 3187 3808 qui
3217 3739 3269 3792 in
3297 3737 3460 3792 multa
3492 3737 3643 3790 libera

2069 3850 2176 3895 tate
2205 3839 2450 3900 vivimus,
2492 3851 2554 3890 ac
2584 3836 2840 3905 privatam
2879 3831 3208 3901 negoziisque
3248 3845 3464 3884 vacuam
3493 3829 3656 3886 vitam

2066 3933 2346 4003 elegimus,
2373 3931 2568 4001 quique
2595 3945 2698 3982 non
2730 3927 2886 3979 modo
2926 3934 3034 3978 tota
3075 3933 3228 3977 nocte
3256 3936 3442 3975 somno
3467 3921 3648 3974 obrui-

2066 4039 2205 4086 mur,
2234 4022 2327 4077 sed
2357 4037 2422 4076 ne
2444 4020 2495 4074 in
2524 4019 2609 4073 die
2638 4017 2849 4088 quidem
2879 4031 2999 4068 eum
3027 4014 3200 4067 debita
3226 4011 3494 4081 vigilantia
3523 4026 3652 4064 con-

2067 4127 2248 4172 8uetas
2275 4114 2545 4169 orationes
2575 4108 2965 4180 persolvimus?
2993 4105 3235 4176 Magnum
3267 4106 3425 4158 telum
3458 4102 3648 4161 oratio.

2069 4221 2291 4276 magnus
2331 4215 2551 4258 ornatus
2591 4199 2842 4270 precatio,
2898 4197 3079 4261 tutela,
3127 4204 3328 4265 portus,
3376 4193 3652 4254 thesaurus

2069 4298 2353 4360 bonorum,
2376 4309 2438 4347 ac
2462 4293 2656 4346 divitiae
2681 4291 2800 4360 qua:
2822 4288 2988 4356 abripi
3005 4293 3290 4354 nequeant.
3314 4283 3534 4351 Quando
3558 4283 3654 4337 bo-

2069 4391 2240 4446 mines
2267 4400 2562 4455 precamur,
2588 4391 2798 4450 smnptu
2839 4379 3180 4449 pecuniarum
3207 4391 3340 4446 Opus
3375 4374 3652 4439 habemus,

2070 4481 2372 4538 adulatione
2401 4475 2602 4542 servili,
2632 4476 2811 4528 multis
2838 4471 3238 4528 circuitionibus
3265 4477 3320 4524 et
3345 4469 3656 4538 negotiatio-

2071 4574 2250 4629 nibus.
2297 4571 2452 4639 Sazpe
2481 4568 2621 4622 enim
2674 4580 2778 4619 non
2829 4564 2970 4630 ipsos
3018 4563 3261 4615 dominos
3291 4569 3432 4614 recta
3479 4558 3649 4621 adire,

2072 4663 2140 4717 ab
2193 4664 2360 4731 iisque
2423 4658 2646 4729 gratiam
2704 4665 2885 4724 petere
2948 4652 3108 4717 licet;
3158 4649 3250 4704 sed
3302 4663 3523 4705 necesse
3575 4659 3656 4704 est

2074 4757 2223 4827 prius
2275 4751 2552 4808 ministros
2599 4758 2653 4803 et
2696 4748 3110 4816 dispensatores,
3137 4743 3657 4813 curatoresqueillo-

2075 4862 2214 4908 rum,
2248 4843 2507 4914 pecuniis,
2550 4840 2747 4903 verbis,
2795 4837 3046 4906 omnique
3095 4836 3253 4890 modo
3303 4835 3549 4898 delinire,
3603 4843 3662 4889 ut

2077 4939 2287 4994 illorum
2317 4950 2476 5006 opera
2511 4931 2770 5002 postulata
2803 4930 3028 4998 recipias
3055 4946 3066 4979 :
3100 4927 3237 4995 apud
3291 4927 3453 4980 Deum
3480 4934 3657 4979 autem

2077 5046 2181 5084 non
2211 5030 2280 5082 ita
2313 5041 2399 5080 res
2425 5040 2484 5079 se
2511 5024 2670 5076 habet
2698 5040 2710 5075 :
2754 5035 2924 5089 neque
2947 5029 3051 5072 tam
3095 5017 3248 5072 facile
3276 5018 3291 5048 ¹
3322 5017 3389 5070 ab
3410 5015 3526 5071 aliis
3568 5032 3661 5070 ro-

2076 5132 2428 5192 gatus,quam
2470 5132 2500 5171 a
2533 5115 2684 5168 nobis
2711 5113 2860 5181 ipsis.
2900 5111 3122 5181 gratiam
3175 5108 3437 5163 concedit.
3481 5107 3547 5161 Et
3577 5106 3664 5161 hic

2077 5213 2315 5284 quidem,
2362 5220 2464 5263 tam
2507 5222 2627 5263 eum
2675 5204 2764 5275 qui
2818 5204 3026 5271 accipit,
3077 5215 3234 5270 quam
3283 5214 3404 5254 eum
3434 5198 3522 5267 qui
3554 5212 3663 5251 non

2079 5304 2271 5373 accipit
2323 5301 2512 5356 lucrari
2566 5295 2863 5366 contingit:
2905 5291 3044 5363 apud
3092 5291 3334 5345 homines
3381 5297 3558 5343 autem
3609 5288 3663 5342 in

2080 5408 2306 5466 utroque
2329 5394 2638 5465 plerumque
2689 5387 2953 5442 laedimur.
2997 5383 3259 5451 Quoniam
3312 5381 3468 5450 igitur
3494 5379 3664 5447 majus

2081 5489 2284 5543 lucrum
2312 5497 2364 5540 et
2392 5484 2560 5552 major
2590 5479 2813 5535 facilitas
2831 5476 2984 5531 adest
3008 5475 3072 5528 iis
3095 5473 3184 5543 qui
3205 5471 3270 5525 ad
3303 5471 3467 5524 Deum
3507 5484 3662 5524 acce-

2081 5582 2214 5640 dunt
2231 5598 2246 5649 ;
2269 5596 2334 5636 ne
2349 5579 2640 5634 orationem
2661 5571 3036 5642 despiciamus.
3058 5567 3208 5622 Tunc
3223 5564 3365 5620 enim
3386 5563 3477 5618 tibi
3500 5558 3668 5631 magis

2147 5744 2167 5777 ί
2201 5737 2395 5800 Quidam
2420 5728 2814 5800 θεεπίι---οςποη
2837 5712 3672 5800 ίια,ῖ9ξ,ξεέιέξοξ¹.ί.²ξίζξεέἓξή.ίξξ.¹ξξ

2082 5813 2154 5859 est
2173 5778 2644 5872 mediator“
2666 5778 2756 5856 pro
2776 5781 3149 5850 supplicantibus
3181 5778 3499 5838 itaet-cedth,
3521 5789 3673 5840 neque
