4084 6346
484 378 588 435 827
1232 372 1290 428 S.
1321 371 1601 428 JOANNIS
1635 366 2108 426 CHRYSOSTOMI
2160 367 2478 426 ARCHIEP.
2518 371 3061 430 CONSTANTINOP.
3659 376 3774 435 598

483 489 874 555 conciliabitur,
903 496 1027 542 tunc
1049 486 1215 558 magis
1244 486 1407 557 petita
1433 484 1714 548 concedet.
1745 499 1866 539 cum
1896 493 1951 538 tu
1979 497 2073 553 per

484 584 712 651 teipsum
739 579 1033 650 rogaveris,
1063 593 1183 631 cum
1215 593 1402 647 puram
1456 576 1763 632 adhibueris
1810 586 2068 640 mentem,

481 689 602 727 cum
624 671 834 742 vigilem
863 669 1145 734 rationem,
1163 683 1282 722 cum
1310 683 1416 722 non
1436 667 1789 738 perfunctorie
1813 664 2070 731 oraveris,

483 763 622 832 σιηυά
645 771 804 831 agunt
830 761 1000 826 multi,
1023 774 1248 828 quorum
1276 759 1452 829 lingua
1477 758 1732 812 orationis
1760 757 1922 812 verba
1951 772 2074 826 pro-

485 855 606 920 fert,
637 869 787 909 mens
813 862 989 908 autem
1017 867 1157 921 saepe
1187 851 1240 905 in
1262 851 1442 916 domo,
1480 851 1532 904 in
1565 850 1700 914 foro,
1731 850 1784 904 in
1822 850 1919 904 viis
1955 864 2074 918 per—

482 955 720 1015 vagatur.
753 945 864 998 lloc
885 958 1014 998 vero
1041 952 1207 997 totum
1236 952 1320 997 est
1338 943 1530 997 diaboli
1559 942 2068 998 machinamentum.

479 1037 612 1105 Quia
642 1037 782 1091 enim
813 1036 956 1091 novit
984 1050 1079 1089 nos
1106 1035 1199 1090 illo
1232 1045 1468 1105 tempore
1499 1049 1654 1104 posse
1701 1034 1910 1089 veniam
1947 1050 2074 1104 pec-

483 1140 723 1186 catorum
750 1130 1002 1201 consequi
1033 1132 1072 1193 ¹,
1123 1130 1308 1184 volens
1354 1129 1506 1184 nobis
1552 1128 1809 1183 orationis
1860 1137 2068 1197 portum

480 1223 784 1289 obstruere,
815 1224 908 1278 illo
958 1232 1196 1292 tempore
1235 1223 1476 1293 insurgit,
1531 1232 1764 1277 mentem
1812 1237 1843 1275 a
1895 1221 2072 1277 verbis

484 1313 757 1384 depellens
797 1325 851 1370 et
895 1329 1172 1379 amovens,
1217 1323 1274 1368 ut
1300 1313 1552 1368 damnum
1583 1313 1757 1383 potius
1783 1327 1942 1382 quam
1993 1312 2075 1366 lu-

481 1421 632 1460 crum
689 1405 982 1461 referentes
1034 1406 1310 1460 abeamus.
1343 1405 1468 1460 llaec
1522 1405 1700 1475 itaque
1726 1420 1846 1460 cum
1891 1404 2070 1470 scias,

487 1495 668 1562 homo,
697 1513 816 1552 cum
847 1497 914 1552 ad
945 1497 1108 1552 Deum
1137 1497 1451 1562 accesseris,
1482 1497 1654 1567 cogita
1678 1495 1746 1551 ad
1793 1511 1952 1566 quem
1980 1512 2072 1550 ae-

481 1587 682 1644 cedas:
714 1588 1014 1658 sufficitque
1060 1589 1153 1642 tibi
1198 1588 1266 1642 ad
1308 1589 1653 1658 vigilantiam,
1719 1587 1850 1644 ﬁdes
1886 1588 2003 1659 ejus
2043 1604 2073 1642 a

482 1694 588 1748 quo
614 1680 837 1749 gratiam
878 1690 1179 1748 exspectas.
1210 1680 1435 1749 ReSpice
1479 1681 1530 1734 in
1556 1679 1748 1734 cazlum
1772 1721 1789 1746 ,
1821 1688 1874 1734 et
1901 1679 2074 1750 cogita

486 1784 643 1838 quem
680 1770 985 1840 alloquaris.
1016 1770 1070 1826 Si
1099 1769 1239 1824 enim
1289 1771 1410 1840 quis
1461 1770 1731 1825 hominem
1775 1771 2069 1840 alloquens,

488 1859 731 1915 humanis
811 1860 1104 1917 honoribus
1169 1862 1429 1916 tantillum
1495 1862 1812 1927 sublimem,
1862 1863 2072 1917 etiamsi

482 1955 718 2008 omnium
747 1953 1228 2026 negligentissimus
1265 1957 1360 2022 sit,
1395 1956 1612 2010 omnino
1635 1964 1812 2011 tamen
1840 1956 2073 2025 seipsum

483 2045 702 2111 oscitat,
749 2054 804 2100 et
847 2055 1082 2100 mentem
1127 2046 1344 2115 vigilare
1381 2046 1534 2117 jubet
1561 2063 1575 2100 :
1602 2047 1772 2102 multo
1816 2047 1986 2117 magis
2027 2047 2072 2102 si

480 2135 777 2205 cogitemus
803 2151 900 2191 nos
926 2151 1044 2190 cum
1071 2135 1378 2206 angelorum
1413 2137 1635 2191 Domino
1661 2137 1911 2207 colloqui,
1942 2136 2068 2193 hinc

487 2225 738 2281 idoneum
783 2226 1093 2282 attentionis
1124 2237 1491 2298 argumentum
1516 2243 1811 2284 sumemus.
1833 2228 1986 2297 Quod
2026 2229 2071 2284 si

550 2358 570 2391 ι
603 2357 697 2432 Alii
723 2373 738 2409 :
761 2359 880 2430 Quid
901 2358 1029 2411 enim
1049 2360 1174 2432 novit
1190 2359 1275 2411 illo
1295 2365 1504 2432 tempore
1542 2375 1654 2413 cum
1675 2372 1775 2414 Deo
1797 2363 2073 2416 conversari

480 2431 615 2482 posse
633 2426 680 2471 et
700 2426 887 2472 tertiam
914 2429 1219 2486 peccatorum
1238 2426 1479 2488 consequi.

2177 491 2232 538 et
2268 484 2368 538 alia
2395 485 2680 542 methodus
2711 487 2999 558 aperienda
3028 489 3117 555 sit,
3147 503 3251 560 qua
3287 490 3580 560 poterimus
3633 492 3777 550 hanc

2177 576 2457 647 segnitiem
2505 577 2809 648 depellere,
2858 579 2961 636 hoc
3011 581 3259 636 dixerim.
3314 582 3471 652 Saepe
3507 585 3783 655 completa

2175 669 2435 736 oratione,
2465 685 2562 726 nec
2594 671 2788 727 auditis
2811 673 2876 728 iis
2909 689 3028 743 qua:
3055 673 3384 740 dicebamus,
3404 675 3775 735 discessimus.

2176 756 2232 814 Si
2259 774 2386 828 ergo
2412 759 2543 814 illud
2588 761 2902 832 cogitemus,
2953 763 3134 818 statim
3184 765 3481 821 orationem
3531 782 3780 822 resuma-

2176 853 2408 917 mus;si
2436 851 2566 907 illud
2597 853 2771 924 ipsum
2814 856 3006 910 iterum
3051 858 3344 928 contingat,
3397 859 3560 913 etiam
3591 869 3671 915 ter
3719 871 3778 915 et

2176 953 2366 1014 quater
2408 946 2576 1016 ipsam
2620 959 2952 1017 repetamus,
3003 965 3176 1021 neque
3225 952 3373 1021 prius
3416 952 3484 1008 ab
3529 959 3780 1009 oratione

2178 1037 2536 1106 discedamus,
2570 1040 2743 1096 donec
2766 1041 2909 1096 illam
2939 1051 3102 1098 totam
3129 1043 3271 1115 vigili
3289 1055 3466 1100 mente
3488 1048 3779 1116 protuleri-

2177 1142 2317 1183 mus.
2339 1127 2394 1183 Si
2419 1127 2523 1186 hoc
2543 1131 2770 1186 senserit
2805 1132 3048 1189 diabolus
3068 1175 3083 1199 ,
3132 1150 3326 1205 nempe
3356 1151 3453 1192 nos
3482 1153 3588 1193 non
3625 1139 3779 1208 prius

2178 1217 2481 1287 discedere,
2500 1236 2658 1291 quam
2675 1222 2816 1276 illam
2845 1224 3081 1280 studiose
3101 1234 3156 1280 et
3173 1226 3314 1296 vigili
3334 1229 3512 1283 animo
3533 1230 3778 1299 protule-

2177 1311 2365 1377 rimus,
2387 1313 2456 1368 ab
2489 1313 2699 1370 insidiis
2731 1314 2946 1371 demum
2975 1317 3260 1386 abscedet;
3289 1321 3464 1376 sciens
3501 1322 3601 1376 sibi
3641 1322 3780 1377 nihil

2176 1403 2404 1472 amplius
2426 1419 2521 1474 per
2548 1405 2768 1463 insidias
2783 1422 2908 1463 suas
2927 1409 3284 1479 profuturum,
3318 1427 3478 1482 quam
3507 1414 3648 1484 quod
3671 1428 3783 1469 nos

2177 1505 2334 1568 cogat
2352 1513 2494 1568 saepe
2508 1500 2750 1556 eamdem
2763 1503 3058 1558 orationem
3073 1513 3337 1574 repetere.
3361 1505 3540 1569 Multa,
3565 1506 3775 1572 dilecti,

2176 1591 2412 1662 quotidie
2429 1595 2650 1650 vulnera
2671 1596 2962 1666 accipimus
2981 1612 3011 1652 a
3038 1597 3366 1662 domesticis,
3390 1599 3458 1653 ab
3477 1601 3768 1664 extraneis,

2177 1682 2232 1736 in
2272 1681 2409 1751 foro,
2452 1683 2619 1752 domi,
2651 1701 2682 1741 a
2709 1686 2936 1757 publicis
2960 1689 3210 1758 negotiis,
3249 1705 3279 1744 a
3306 1690 3552 1760 privatis,
3581 1706 3610 1745 a
3634 1692 3770 1745 vici-

2178 1775 2297 1840 nis,
2327 1775 2396 1830 ab
2460 1777 2668 1832 amicis.
2716 1776 2975 1834 Omnibus
3020 1779 3129 1835 illis
3173 1781 3482 1836 vulneribus
3537 1782 3772 1837 remedia

2176 1865 2522 1923 adhibeamus
2571 1868 2830 1925 orationis
2864 1879 3124 1942 tempore.
3182 1871 3366 1927 Potest
3415 1872 3557 1927 enim
3602 1873 3767 1940 Deus,

2177 1958 2221 2012 si
2242 1958 2387 2029 vigili
2413 1968 2611 2024 mente,
2641 1960 2849 2016 ardenti
2878 1964 3079 2031 animo,
3111 1962 3447 2034 ferventique
3489 1965 3768 2020 conscien‘

2179 2051 2250 2106 tia
2267 2053 2672 2122 accesserimus,
2703 2064 2758 2111 et
2782 2055 2990 2110 veniam
3029 2055 3360 2125 petierimus,
3403 2058 3642 2111 omnium
3665 2072 3766 2111 no—

2176 2142 2260 2197 bis
2304 2142 2619 2200 delictorum
2680 2145 2894 2201 veniam
2948 2145 3246 2202 concedere
3293 2164 3309 2201 :
3351 2162 3510 2217 quam
3567 2147 3770 2202 utinam

2175 2247 2364 2288 omnes
2410 2249 2820 2305 consequamur,
2873 2237 3041 2307 gratia
3097 2246 3151 2292 et
3196 2237 3522 2306 benignitate
3558 2237 3770 2294 Domini

2175 2326 2343 2380 nostri
2366 2325 2492 2382 Jesu
2511 2326 2729 2396 Christi,
2779 2329 2992 2400 quicum
3022 2330 3168 2386 Patri
3212 2330 3382 2402 gloria
3419 2345 3540 2388 cum
3581 2341 3773 2387 sancto

2174 2418 2396 2491 Spiritu,
2427 2420 2482 2476 in
2502 2422 2695 2478 sarcula
2717 2422 3055 2479 saeculorum.
3083 2423 3277 2480 Amen.

485 2678 3708 2716 Η

1367 2904 1845 3034 DUBIA
1974 2898 2838 3033 OPUSCULA.

1972 3189 2231 3201 ————_

1903 3387 2282 3451 MONITUM

555 3600 706 3659 Hanc
724 3602 999 3659 bomiliam
1038 3603 1242 3675 primus
1264 3603 1433 3659 edidit
1460 3602 1697 3659 Joannes
1725 3601 1962 3673 Baptista
1988 3601 2292 3656 Cotelerius
2319 3616 2463 3655 anno
2492 3600 2648 3668 1661,
2681 3599 2736 3653 in
2769 3599 2844 3665 4⁸,
2879 3615 2933 3670 p.
2962 3599 3051 3667 41,
3082 3608 3272 3670 estque
3296 3596 3384 3652 illa
3411 3595 3571 3668 paulo
3600 3611 3720 3652 me-

486 3733 635 3791 lioris
658 3745 818 3802 notae,
843 3750 1006 3807 quam
1038 3735 1140 3790 alia
1165 3735 1220 3789 in
1250 3735 1522 3790 Psalmum
1571 3744 1782 3791 sextum
1821 3749 1983 3805 quam
2018 3733 2250 3804 primam
2300 3733 2473 3788 edidit
2523 3733 2643 3804 ipse
2681 3731 3004 3789 Cotelerius.
3037 3731 3140 3786 Vix
3184 3742 3367 3790 tamen
3396 3735 3725 3791 crediderim.

485 3893 607 3936 esse
628 3892 816 3934 verum
839 3875 1207 3948 Chrysostomi
1238 3877 1405 3932 fetum
1439 3892 1451 3928 :
1494 3892 1619 3930 nam
1640 3878 1875 3947 scriptor
1903 3877 2006 3932 iste
2033 3877 2198 3932 nimis
2236 3883 2320 3932 est
2342 3875 2563 3947 jejunus
2606 3891 2620 3928 :
2660 3873 3142 3930 exclamationibus
3177 3884 3361 3929 tamen
3395 3883 3452 3931 et
3487 3874 3718 3930 interm-

487 4013 790 4084 gationibus
814 4013 1119 4079 abundans,
1177 4029 1241 4068 ac
1286 4012 1472 4068 nescio
1508 4014 1637 4084 quid
1687 4016 1800 4070 olet
1851 4015 2216 4086 peregrinum.
2279 4013 2678 4082 Tillemontius,
2735 4013 3096 4069 subdubitans
3151 4021 3353 4078 tamen,
3395 4013 3538 4068 illam
3574 4013 3720 4066 inter

491 4219 3758 4249 ______________________.___________..__.__._________

1930 4311 2412 4386 EJUSDEM

487 4490 554 4536 IN
597 4490 890 4534 DAVIDEM
931 4489 1172 4542 REGEM,
1218 4488 1300 4530 ET
1341 4485 1598 4529 PAULUM
1641 4483 2034 4538 APOSTOLUM,
2079 4482 2164 4525 DE
2221 4480 2643 4525 POENITENTIA

2089 4583 2167 4625 ET
2208 4583 2378 4636 QUOD
2421 4583 2547 4627 NON
2589 4582 2884 4626 DEBEMUS
2934 4568 3301 4624 DESPERARE
3353 4582 3464 4623 .DE
3526 4581 3767 4624 ελιιῖτκ

571 4592 724 4647 ΒΤΕ,
769 4591 912 4645 ΩΠΕ
954 4591 1038 4634 ΔΙ)
1080 4587 1333 4633 CHRISTI
1374 4586 1576 4628 FINEM
1621 4583 1979 4626 PERTINENT
2025 4584 2040 4624 ἓ

567 4695 812 4740 nosrna
842 4682 948 4758 (a).

556 4819 713 4876 Modo
738 4817 980 4873 audiistis
1000 4815 1316 4888 hymnorum
1344 4813 1657 4882 scriptorem
1686 4809 1940 4865 Davidem
1962 4808 2068 4864 cla-

489 4919 724 4970 mantem
748 4926 763 4965 :
788 4908 844 4963 2.
877 4907 1119 4962 Miserere
1145 4906 1272 4970 mei,
1306 4903 1444 4958 Deus
1469 4944 1482 4964 .
1524 4901 1801 4956 secundum
1831 4916 2068 4972 magnam

488 4999 886 5058 misericordiam
907 5010 1046 5052 tuam
1084 5007 1174 5052 :et
1203 4996 1479 5052 secundum
1519 4993 1890 5048 multitudinem
1918 4993 2069 5047 mise-

486 5094 742 5149 rationum
763 5101 962 5144 tuarum
993 5089 1103 5142 dele
1127 5088 1440 5158 iniquitatem
1470 5101 1632 5138 uisam
1658 5082 1827 5155 (Psal.
1858 5081 1970 5153 50).
2003 5083 2070 5138 Ει

486 5186 700 5250 iterum,
731 5182 819 5238 12.
837 5181 936 5236 Cor
962 5179 1206 5234 mundum
1234 5195 1348 5232 crea
1368 5178 1421 5230 in
1449 5193 1547 5242 me,
1571 5175 1728 5239 Deus,
1758 5186 1804 5227 et
1833 5175 2068 5244 spiritum

484 5284 677 5330 rectum
699 5276 882 5327 innova
907 5273 963 5326 in
986 5269 1255 5325 uisceribus
1279 5269 1422 5334 meis,
1459 5266 1620 5320 David
1649 5266 1861 5319 clamat.
1892 5264 2068 5330 Quare

487 5375 664 5421 autem
696 5363 955 5436 pr0pheta
983 5361 1146 5426 dicit,
1175 5359 1417 5414 Miserere
1442 5359 1572 5421 mei,
1604 5357 1763 5419 Deus,
1793 5355 2068 5410 secundum

485 5476 725 5533 maguum
747 5456 1142 5512 misericordiam
1179 5454 1357 5508 tuam?
1401 5452 1532 5520 Quia
1561 5451 1648 5505 ubi
1679 5447 2066 5512 misericordia,

485 5553 562 5610 ibi
584 5553 731 5609 salus
767 5559 852 5607 est
873 5564 1077 5621 expers
1100 5545 1487 5618 disquisitionis
1517 5562 1529 5599 :
1559 5543 1647 5599 ubi
1676 5541 2070 5606 misericordia,

545 5710 617 5771 (α)
644 5711 826 5762 Collata
849 5719 961 5771 cum
990 5707 1309 5760 Ottoboniano
1329 5703 1501 5755 Codice
1537 5709 1585 5752 li.
1635 5701 1723 5753 Ill.
1761 5701 1841 5762 28,
1877 5712 1961 5760 qui
1995 5705 2071 5749 cst

481 5769 731 5826 undecimi
748 5769 929 5822 saeculi.

2700 4483 2717 4521 ε
2770 4480 2851 4522 ΕΤ
2891 4481 2956 4523 IN
3003 4481 3192 4523 VARIA
3255 4481 3441 4523 DICTA
3495 4481 3755 4524 ΡεΑωιι-

2171 4810 2430 4881 judicium
2470 4827 2576 4866 non
2621 4811 2772 4868 sedet
2803 4829 2818 4866 :
2845 4811 2936 4867 ubi
2960 4810 3349 4877 misericordia,
3392 4811 3630 4867 rationes
3653 4827 3764 4868 non

2173 4912 2546 4972 reposcuntur.
2593 4903 2771 4959 Semel
2813 4902 3233 4958 misericordiam
3261 4903 3517 4972 consequi
3554 4903 3713 4974 cupio
3747 4922 3764 4959 :

2172 4997 2241 5050 ab
2270 4995 2577 5052 infirmitate
2615 5012 2702 5052 me
2747 4996 2936 5051 libera.
2986 4996 3052 5051 Et
3087 5010 3186 5051 cur
3210 4995 3374 5050 David
3402 4995 3631 5062 clamat,
3661 4994 3768 5051 Coo

2174 5089 2418 5142 mundum
2443 5105 2560 5142 crea
2585 5088 2640 5143 in
2670 5105 2768 5153 me,
2799 5086 2982 5144 Deus?
3003 5088 3104 5155 Qui
3132 5095 3211 5143 tot
3238 5086 3496 5158 prmclm
3523 5087 3769 5144 facinora

2173 5187 2434 5251 gesserat,
2465 5180 2552 5250 qui
2580 5189 2779 5251 tropaea
2807 5188 3091 5248 erexerat,
3134 5180 3224 5251 qui
3250 5179 3554 5236 Goliathum
3596 5178 3769 5233 inter-

2175 5276 2393 5338 fecerat,
2421 5284 2475 5330 et
2492 5275 2701 5329 leonem
2724 5273 3094 5341 suﬂ‘ocaverat,
3119 5272 3208 5343 qui
3230 5280 3286 5327 et
3305 5281 3507 5327 tantam
3531 5270 3770 5328 habebat

2177 5367 2474 5422 libertatem
2507 5365 2736 5436 Spiritus
2780 5366 2985 5430 sancti,
3035 5364 3126 5418 ille
3167 5363 3295 5418 dicit
3323 5379 3340 5419 :
3368 5361 3764 5430 Miseret-elui,

2175 5461 2313 5515 Deus
2330 5501 2345 5527 ,
2390 5460 2664 5514 secundum
2693 5475 2931 5530 magnam
2967 5456 3363 5512 misericordiam
3403 5465 3542 5510 tuam
3566 5471 3586 5510 :
3613 5463 3658 5508 et
3676 5471 3767 5507 se-

2174 5553 2396 5608 cundum
2423 5551 2795 5607 multitudinem
2814 5551 3191 5604 miserationum
3217 5556 3422 5602 (unum
3445 5545 3557 5602 dele
3577 5545 3770 5616 iniqui-

2175 5657 2327 5702 tatem
2348 5661 2530 5700 meam.
2576 5645 2710 5699 Cum
2735 5657 2911 5699 essem
2953 5641 3116 5697 homo
3157 5638 3389 5710 agricola
3407 5677 3424 5704 ,
3464 5652 3642 5708 regem
3675 5651 3769 5690 ine

2175 5743 2350 5800 fecisti
2383 5754 2604 5812 :regem
2656 5736 2892 5808 factum,
2946 5733 3259 5808 propincum
3307 5731 3675 5790 constituisti:
3706 5728 3766 5784 in
