4084 6346
497 462 617 511 ως,
640 442 734 497 τὸν
762 440 953 495 Γολιὰθ
978 437 1352 494 καταϐαλόντα
1370 439 1430 493 ού
1451 438 1611 505 φύσει
1633 437 1904 508 σώματος,
1929 435 2067 489 ἀλλὰ

492 524 717 595 δυνάμει
754 524 1025 587 πίστεως·
1062 522 1367 593 πορφυρίδα
1405 520 1729 592 περιέϐαλές
1773 535 1873 590 με·
1909 520 2067 573 ἄλλον

494 607 767 674 ἐξέϐαλες,
794 606 887 660 καὶ
907 607 1006 677 ἐμὲ
1024 606 1390 673 ἐπεισήγαγες
1407 620 1421 634 ·
1447 602 1675 656 πλοῦτόν
1700 619 1790 672 μοι
1806 602 2064 663 δέδωκας.

495 692 695 757 ὀπως
715 689 792 744 ἂν
817 687 1112 756 διωσθῇς
1130 688 1204 741 ἐν
1226 686 1351 752 τοῖς
1374 688 1576 755 λόγοις
1604 702 1739 748 σου,
1776 685 1873 737 καί
1900 684 2068 749 νική-

493 788 610 843 σῃς
632 776 702 827 ἐν
721 772 800 837 τῷ
825 772 1135 840 κρίνεσθαί
1156 786 1250 825 σε.
1295 771 1361 822 ’Δ
1379 769 1718 822 ἐπαλαίωσεν
1742 768 1775 838 ή
1801 767 2064 838 ἁμαρτία,

495 855 830 910 ἐνεκαίνισεν
854 858 887 925 ἡ
923 855 1101 925 χάρις.
1135 853 1247 907 Kal
1275 854 1327 907 τί
1364 852 1488 923 δῷς,
1523 852 1675 924 [556]
1703 846 1748 905 ὦ
1777 851 2064 922 προφῆτα;

493 939 717 1002 Διδάεω
752 939 1016 1008 ἀνόμους
1046 938 1154 1004 τὰς
1181 937 1363 1003 ὁδούς
1396 954 1534 1002 σου,
1571 937 1668 989 καί
1697 936 1936 1002 ἀσεϐεῖς
1967 936 2069 990 ἐπί

493 1022 569 1077 σέ
590 1023 1084 1091 ἐπιστρέφουσιν.
1120 1022 1302 1090 ’Λφεὶς
1329 1024 1504 1075 εἰπεῖν
1525 1021 1624 1090 τὴν
1653 1020 1954 1091 βασιλείαν.
1978 1022 2069 1076 λέ-

493 1121 579 1173 γει
606 1107 706 1173 τὴν
727 1105 1082 1177 προφητείαν.
1114 1104 1271 1159 Οὕτω
1302 1122 1369 1176 με
1394 1105 1681 1176 ἐτίμησας.
1706 1106 1796 1160 τὸν
1821 1106 1949 1160 Υίόν
1974 1123 2066 1160 σου

492 1188 852 1257 ἀπεκάλυψάς
890 1205 980 1259 μοι
1010 1189 1103 1242 καὶ
1124 1189 1248 1259 ἐμοὶ
1267 1188 1542 1259 γνώριμον
1573 1190 1854 1260 ἐποίησας.
1894 1191 2069 1262 Ἐμα-

490 1271 585 1325 θον
601 1272 682 1324 ὃτι
700 1272 826 1324 Υίὸν
849 1272 991 1341 ἔχεις
1009 1272 1419 1344 άνθρωπογενῆ.
1445 1274 1656 1341 ’Ἑγνων
1679 1275 1761 1327 ὃτι
1780 1275 2068 1346 σύνθρονον

494 1356 658 1424 ἔχεις.
682 1355 1136 1426 Εύηγγελισάμην
1171 1359 1235 1427 τῇ
1265 1359 1559 1431 οἰκουμένῃ
1580 1358 1671 1413 τὸν
1697 1361 1949 1433 σταυρὸν,
1976 1361 2068 1416 τὸν

491 1441 684 1509 τάφον,
723 1439 820 1508 τὴν
857 1440 1180 1505 κατάϐασιν,
1211 1441 1310 1511 τὴν
1340 1442 1657 1497 ἀνάστασιν.
1703 1440 1871 1498 Εἶπον
1900 1445 2067 1499 αὐτοῦ

491 1525 552 1577 τὸ
566 1525 915 1594 δικαστήριον
934 1541 950 1554 ·
970 1519 1124 1577 εἷπον
1143 1526 1241 1596 τὴν
1266 1525 1538 1596 σωτηρίαν
1554 1526 1662 1580 τῶν
1687 1526 1858 1581 ἐθνῶν
1873 1545 1885 1556 ·
1914 1522 2068 1583 εἷπον

491 1608 599 1662 τῶν
626 1607 938 1660 ἀποστόλων
961 1608 1060 1678 τὴν
1080 1608 1329 1679 ἐκλογὴν,
1354 1604 1505 1662 εἷπον
1532 1610 1641 1662 τῶν
1676 1610 1948 1663 Ἰουδαίων
1968 1612 2068 1683 τὴν

493 1689 740 1759 ἐκϐολὴν,
777 1687 927 1743 εἷπον
970 1692 1068 1759 τῆς
1125 1691 1451 1760 Ἐκκλησίας
1490 1692 1588 1762 τὴν
1641 1692 1867 1762 κλῆσιν·
1911 1689 2068 1747 εἷπον

491 1774 601 1827 τῶν
636 1775 916 1846 παρθένων
944 1776 1034 1827 τὸν
1069 1776 1249 1846 χορὸν.
1282 1772 1436 1830 εἷπον
1477 1777 1577 1847 τὴν
1614 1780 1678 1830 ἐκ
1703 1777 1894 1843 δεξιῶν
1929 1778 2066 1831 καθ-

491 1858 671 1930 έδραν.
689 1858 833 1912 Ἰδοὺ
849 1858 958 1928 γὰρ
972 1859 1043 1912 τὰ
1054 1858 1250 1925 ἄδηλα
1273 1860 1367 1912 καί
1387 1860 1458 1913 τὰ
1478 1862 1701 1929 κρύφια
1719 1861 1827 1930 τῆς
1843 1863 2067 1931 σοφίας

489 1957 608 1997 σου
634 1941 951 2008 έδήλωσάς
961 1960 1083 2013 μοι.
1107 1941 1215 1995 Kal
1239 1941 1342 1996 ποῦ
1373 1942 1547 1997 ταῦτα
1579 1944 1842 2015 ἐδήλωσε;
1867 1947 2066 1999 Ἀκου-

492 2042 581 2079 σον
629 2023 794 2079 αὑτοῦ
839 2026 934 2079 τοῦ
988 2027 1269 2097 προφήτου
1300 2027 1553 2095 λέγοντος
1592 2028 1693 2099 τὴν
1724 2028 1785 2092 ἐξ
1836 2026 2065 2100 ούρανοῦ

490 2110 795 2165 κατάϐασιν
825 2109 1021 2163 αὐτοῦ·
1058 2110 1169 2165 Kal
1208 2111 1609 2176 καταϐήσεται
1641 2112 1722 2177 ώς
1752 2112 1926 2179 ὑετὸς
1966 2112 2065 2167 ἐπὶ

489 2194 702 2247 πόκον.
741 2193 961 2265 Ἐπειδὴ
1001 2194 1446 2265 παραγενόμενος
1473 2197 1502 2247 6
1534 2195 1661 2259 Υίὸς
1688 2195 1783 2249 τοῦ
1808 2195 1944 2249 Θεοῦ
1966 2197 2067 2251 οὐκ

488 2274 621 2349 ἦλθε
655 2277 814 2331 σείων
855 2278 955 2349 τήν
999 2278 1342 2349 οἰκουμένην,
1390 2278 1513 2333 οὐδὲ
1561 2278 1851 2352 ἀστραπάς
1882 2280 2064 2348 ἀφεὶς,

489 2361 611 2414 ούδέ
649 2361 945 2433 κεραυνοὺς
975 2361 1298 2432 ἐκπέμπων,
1338 2362 1459 2415 ούδέ
1501 2366 1683 2435 γυμνῇ
1730 2366 1797 2435 τῇ
1829 2364 2063 2434 θεότητι.

492 2444 554 2497 El
585 2442 694 2514 7&9
725 2443 939 2514 γυμνὴν
975 2446 1203 2515 παρεῖχε
1228 2444 1326 2515 τὴν
1352 2444 1602 2516 θεότητα,
1636 2447 1736 2500 οὐκ
1770 2448 1837 2500 ἂν
1864 2446 1935 2499 τὰ
1962 2447 2066 2519 δρη

489 2528 759 2598 ἥνεγκαν·
794 2526 945 2598 ἦλιος
971 2526 1037 2580 ἂν
1078 2526 1331 2597 ἐσϐέσθη.
1374 2528 1437 2581 El
1474 2529 1692 2600 γυμνὴν
1728 2528 1827 2600 τὴν
1876 2530 2068 2584 οὐσίαν

490 2609 792 2676 ὑπέδειξεν,
825 2612 859 2682 ή
888 2610 1086 2681 σελήνη
1119 2610 1187 2665 ἂν
1210 2610 1510 2683 ἠφανίσθη,
1543 2614 1576 2681 ή
1602 2613 1671 2682 γῆ
1703 2612 1770 2666 ἂν
1797 2612 2064 2680 ἀπώλετο,

489 2696 523 2763 ἡ
556 2693 718 2764 φύσις
735 2693 893 2765 ἡμῶν
917 2694 1136 2747 πάντων
1164 2693 1510 2765 ἐμαραίνετο.
1540 2694 1638 2748 Διὰ
1660 2694 1818 2749 τοῦτο
1838 2697 2021 2768 ἡρέμα
2039 2709 2065 2737 ι

489 2779 583 2829 καὶ⁵
610 2776 850 2847 ἀψοφητὶ
882 2776 1198 2847 ἐρχόμενος,
1244 2776 1457 2841 οὐδενὸς
1490 2779 1884 2848 ἐπισταμένου,
1929 2779 2068 2834 ἀλλὰ

486 2860 668 2931 ἠρέμα
716 2855 870 2930 ἦλθε,
917 2860 1013 2913 καὶ
1066 2860 1282 2931 μήτραν
1325 2859 1658 2931 παρθενικήν
1706 2860 1942 2933 ᾤκησεν.
2003 2864 2067 2917 Ὢ

487 2943 692 2997 καινῶν
709 2944 805 2997 καὶ
823 2941 1145 3013 παραδόξων
1169 2943 1509 3013 πραγμάτων
1529 2945 1543 2997 ί
1577 2942 1635 2998 ’0
1659 2944 1805 3009 λίθος
1820 2949 2064 3016 τήκεται,

488 3026 582 3078 καὶ
615 3026 796 3096 μήτρα
820 3025 882 3077 οὐ
924 3025 1171 3095 τήκεται.
1207 3025 1287 3077 Τὰ
1316 3026 1416 3097 δρη
1458 3026 1879 3096 διαφθείρονται,
1908 3028 2001 3081 καὶ
2027 3030 2063 3099 ἡ

494 3110 678 3181 μήτρα
709 3108 843 3162 Θεὸν
888 3107 1207 3171 ἐϐάσταζεν.
1250 3108 1375 3173 Πῶς
1413 3109 1770 3180 ἐρμηνεύσως
1804 3110 1925 3174 πῶς
1967 3128 2068 3165 πα-

492 3193 778 3263 ραστήσω;
821 3192 885 3244 Ὢ
919 3191 1150 3245 ἀπόνοια
1180 3190 1273 3244 τοῦ
1308 3192 1627 3263 βλασφήμου
1654 3194 1667 3245 ί
1691 3193 1816 3258 Πῶς
1841 3195 1874 3265 ἡ
1903 3193 2063 3267 δούλη

487 3274 581 3328 τὸν
626 3274 759 3328 Θεὸν
808 3274 1139 3341 ἐϐάσταξενς
1180 3276 1239 3328 '0
1274 3275 1541 3341 ἐξετάζων
1567 3276 1635 3330 τὰ
1673 3276 1806 3342 ἄνω,
1848 3279 1969 3331 είπέ
1994 3278 2065 3333 τά

489 3359 661 3411 κάτω.
700 3357 758 3412 Ὀ
784 3356 1060 3427 πανταχοῦ
1086 3357 1300 3429 παρὼν.
1331 3358 1448 3423 πῶς
1473 3360 1531 3412 ἐν
1564 3360 1747 3433 μήτρᾳ
1765 3356 1853 3432 ἦν,
1881 3363 1976 3417 καὶ
2004 3362 2064 3417 ἐν

488 3438 702 3511 οὐρανῷ
745 3435 856 3512 ἦν;
910 3439 1049 3492 Ἀλλ’
1093 3440 1203 3509 ἐγὼ
1247 3440 1379 3510 μὲν,
1426 3441 1509 3495 ὃτι
1545 3442 1639 3496 καὶ
1680 3443 1739 3497 ἐν
1779 3445 1857 3516 τῷ
1890 3444 2065 3518 θρόνῳ

490 3521 805 3585 ἐκαθέζετο,
834 3523 931 3575 καὶ⁵
959 3523 1017 3576 ἐν
1045 3525 1112 3594 τῇ
1143 3525 1328 3594 μήτρᾳ
1353 3523 1453 3593 τῆς
1494 3524 1762 3595 παρθένου
1800 3526 2061 3599 κατῴκει,

488 3601 634 3659 οἴδα·
664 3605 725 3658 τὸ
764 3604 821 3658 δέ
853 3604 992 3673 πῶς,
1021 3606 1123 3660 οὐκ
1164 3603 1300 3659 οίδα.
1344 3607 1532 3661 Πίστει
1561 3608 1809 3680 δέχομαι,
1852 3612 1913 3665 οὐ
1963 3628 2063 3665 πε-

494 3688 856 3760 ριεργάζομαι
885 3686 963 3758 τῷ
995 3687 1168 3759 λόγῳ·
1192 3689 1312 3743 ἀλλ’
1334 3691 1418 3744 ὅτι
1438 3689 1618 3763 ὤφθη,
1643 3692 1760 3746 ἀλλ’
1777 3695 1857 3749 ὅτι
1882 3695 2063 3767 μέλλει

492 3769 907 3841 παραγίνεσθαι,
931 3772 993 3825 οὐ
1016 3772 1329 3843 ταράσσων,
1342 3773 1464 3827 οὐδέ
1488 3774 1751 3844 θορυϐῶν,
1775 3778 1876 3831 οὐκ
1896 3777 2052 3831 άπολ-

488 3853 651 3919 λύων,
683 3852 803 3907 οὐδὲ
839 3852 1100 3924 λυόμενος
1130 3854 1179 3909 δ.
1212 3855 1320 3909 Καί
1350 3855 1746 3923 καταϐήσεται
1781 3860 1863 3927 ὡς
1885 3861 2064 3928 ὑετὸς

487 3936 586 3990 ἐπὶ
618 3938 828 3990 πόκον.
857 3930 1025 3999 Εἷπες
1045 3936 1146 4007 τὴν
1168 3936 1465 4007 βασιλείαν,
1486 3934 1639 4005 εἶπες
1662 3941 1828 3995 αὐτοῦ
1853 3945 1945 3996 καὶ
1963 3942 2062 4016 τὴν

491 4018 781 4088 προδοσίαν
803 4034 819 4048 ·
868 4019 921 4071 '0
950 4019 1171 4073 έσθίων
1191 4019 1410 4090 άρτους
1429 4039 1550 4092 μου
1572 4024 1942 4094 ἐμεγάλυνεν
1966 4027 2062 4080 ἐπ’

488 4100 594 4170 ἐμὲ
636 4103 1022 4170 πτερνισμόν.
1057 4102 1193 4155 Είπέ
1232 4102 1396 4157 αὐτοῦ
1431 4106 1525 4159 καὶ
1575 4107 1634 4159 τὸ
1677 4107 2057 4182 δικαστήριον·

491 4185 624 4240 Ἵνα
670 4185 727 4238 τί
778 4184 1086 4254 ἐφρύαξαν
1128 4185 1305 4255 ἔθνη.
1355 4188 1452 4242 καὶ
1497 4191 1634 4245 λαοὶ
1690 4192 2063 4262 ἐμελέτησαν

488 4265 672 4330 κενά;
698 4266 838 4335 Λέγε
869 4269 964 4321 καὶ
995 4267 1087 4321 τὸν
1124 4269 1384 4341 σταυρόν·
1425 4272 1690 4341 Ὠρυξαν
1718 4275 1921 4345 χεῖράς
1941 4295 2061 4347 μου

487 4351 586 4403 καί
614 4349 805 4416 πόδας
824 4368 966 4419 μου,
987 4350 1401 4421 ἐξηρίθμησαν
1427 4354 1624 4411 πάντα
1650 4357 1723 4411 τὰ
1742 4359 1893 4414 ὀστᾶ
1916 4378 2055 4429 μου.

486 4433 623 4487 Είπέ
653 4434 817 4487 αὑτοῦ
852 4436 946 4488 καί
981 4435 1079 4506 τὴν
1114 4436 1308 4507 χολήν·
1340 4438 1606 4493 Ἕδωκαν
1635 4443 1723 4507 είς
1758 4442 1824 4495 τὸ
1842 4443 2061 4513 βρῶμά

482 4535 602 4585 μου
636 4517 850 4586 χολὴν,
890 4519 989 4572 καὶ
1021 4521 1109 4585 εις
1135 4517 1252 4588 τὴν
1282 4520 1472 4590 δίψαν
1502 4540 1622 4591 μου
1659 4525 1951 4579 ἐπότισάν
1981 4544 2060 4596 με

489 4601 649 4667 ὅξος.
694 4602 829 4656 Εἰπὲ
874 4603 1038 4657 αὐτοῦ
1085 4604 1179 4657 καὶ
1223 4603 1285 4657 τὸ
1325 4607 1563 4677 χρῖσμα·
1621 4607 1947 4676 Ἐλίπανας
1988 4611 2061 4666 ἐν

486 4685 668 4752 ἐλαίῳ
693 4686 809 4752 τὴν
839 4687 1114 4756 κεφαλήν
1156 4706 1299 4758 μου.
1331 4690 1466 4743 Εἰπὲ
1510 4690 1676 4745 αὐτοῦ
1714 4692 1810 4746 καὶ
1849 4694 1911 4748 τὸ
1958 4693 2058 4764 βά-

487 4783 700 4839 πτισμα
718 4785 733 4800 ·
779 4769 912 4822 Ἐπί
946 4768 1165 4835 ὕδατος
1210 4772 1608 4848 ἀναπαύσεως
1635 4774 1922 4844 ἐξέθρεψέ
1958 4794 2055 4846 με.

487 4848 625 4904 Είπέ
653 4850 820 4904 αὑτοῦ
849 4852 944 4905 καὶ
979 4853 1047 4905 τὰ
1076 4855 1383 4925 μυστήρια·
1421 4856 1773 4925 Ἠτοιμασας
1802 4858 2059 4915 ἐνώπιόν

479 4950 600 5003 μου
619 4933 911 5002 τράπεζαν
929 4934 999 5000 ἐξ
1021 4935 1300 5004 ἐναντίας
1323 4938 1441 4992 τῶν
1460 4942 1788 4996 θλιϐόντων
1801 4960 1898 5011 με.
1920 4945 2057 5000 Εἰπὲ

483 5016 648 5071 αὐτοῦ
677 5017 772 5071 καὶ
789 5021 850 5071 τὸ
884 5021 1141 5090 ποτήριον
1159 5034 1171 5047 ·
1208 5021 1277 5074 Τὸ
1307 5022 1594 5091 ποτήριόν
1616 5038 1731 5079 σου
1748 5029 2058 5095 μεθύσκον

475 5115 575 5169 με,
617 5100 760 5155 ὡσεί
811 5100 1152 5169 κράτιστον.
1198 5104 1335 5158 Εἱπέ
1378 5106 1473 5159 καὶ
1522 5106 1619 5178 τὴν
1662 5108 1889 5180 ἐκϐολὴν
1945 5112 2055 5166 τῶν

494 5183 759 5237 Ἰουδαίων
784 5202 796 5215 ·
827 5188 910 5239 Οὐ
939 5184 1182 5256 δέξομαι
1200 5188 1270 5242 ἐκ
1290 5189 1396 5243 τοῦ
1422 5190 1593 5245 οἴκου
1618 5207 1735 5246 σου
1755 5195 2055 5263 μόσχους,

480 5265 622 5319 οὐδὲ
653 5267 721 5321 ἐκ
761 5267 880 5321 τῶν
910 5270 1200 5337 ποιμνίων
1233 5288 1350 5325 σου
1377 5272 1683 5343 χιμάρους.
1714 5277 1853 5345 Λέγε
1886 5280 2052 5334 αὑτοῦ

480 5349 576 5402 xal
618 5349 715 5413 τὰς
747 5351 896 5423 παρὰ
960 5352 1227 5407 Ἰουδαίων
1273 5354 1538 5428 λοιδορίας
1558 5375 1570 5388 ·
1612 5360 1912 5416 Ἦλπισεν
1953 5363 2053 5418 ἐπὶ

477 5433 717 5500 Κύριον,
741 5434 1034 5502 ῥυσάσθω
1054 5437 1260 5502 αὑτὸν,
1290 5440 1543 5495 σωσάτω
1564 5442 1771 5507 αὐτόν,
1786 5445 1875 5500 ὅτι
1894 5444 2051 5503 θέλει

476 5516 682 5570 αὐτόν.
700 5517 835 5570 Εἰπὲ
860 5517 1010 5591 [537]
1032 5521 1124 5574 καὶ
1143 5520 1240 5594 τήν
1259 5522 1366 5578 τῶν
1383 5523 1552 5579 ἐθνῶν
1581 5530 2050 5602 σωτηρίαν-Αῑτη-

535 5694 563 5771 ξ
693 5696 835 5771 τοῦτο
854 5701 1158 5771 περιεϐάλετο
1178 5704 1349 5771 ἡμέρα.
1374 5704 1458 5756 Sic
1476 5704 1709 5760 Ottobon.

535 5716 563 5724 -
587 5716 677 5746 ma
693 5716 835 5747 τουτο
945 5716 1158 5752 ιεσαλετο
1178 5716 1349 5771 ἣμερα.
1374 5716 1458 5756 διε
1476 5716 1709 5760 uuam.

535 5754 565 5795 ι
590 5757 707 5820 Leg.
730 5716 1079 5824 humum.
1710 5802 1715 5812 .

1259 317 1318 375 S.
1359 316 1643 374 .IOANNIS
1679 313 2173 373 CIIRYSOSTOMI
2210 313 2533 373 ARCHIEP.
2574 314 3125 375 CONSTANTINOP.

3636 325 3773 385 559:

2167 451 2270 490 σαι
2284 439 2421 504 παρ’
2435 437 2603 507 ἐμοῦ,
2624 438 2721 492 καί
2735 436 2907 492 δώσω
2923 451 3025 494 σοι
3038 439 3184 509 ἔθνη
3203 440 3320 510 τὴν
3343 445 3759 516 κληρονομίαν·

2166 535 2304 573 σου.
2325 520 2459 575 Είπέ
2478 520 2642 575 αὐτοῦ
2662 522 2757 575 καὶ
2777 521 2870 574 τὸν
2883 522 3055 592 τάφον
3069 541 3085 556 ·
3102 523 3235 579 Ὀτι
3251 528 3364 580 οὐκ
3398 528 3754 597 ἐγκαταλει-

2168 604 2301 669 φεις
2330 604 2446 671 τὴν
2475 600 2688 672 ψυὶήν
2718 623 2838 673 μου
2878 609 2967 673 εις
2996 606 3173 674 ᾅδην,
3194 609 3338 665 οὐδέ
3381 611 3597 679 δώσεις
3633 618 3754 670 τὸν

2166 683 2342 769 ὅσιόν
2365 703 2483 769 σου
2516 686 2677 769 ιδεῖνῗ
2693 688 3041 769 διαφθοράν.
3072 692 3206 745 Είπὲ
3228 693 3393 747 αὑτοῦ
3423 697 3516 749 καὶ
3547 696 3644 769 τὴν
3660 700 3754 762 είς

2171 765 2437 836 οὐρανοὺς
2479 767 2770 839 ἀνάληψιν·
2823 768 3021 839 Ἀνέϐη
3048 774 3082 826 ό
3122 773 3267 839 Θεὸς
3298 774 3368 827 ἐν
3393 765 3749 848 ἀλαλαγμῷ,

2168 850 2385 917 Κύριος
2403 851 2472 905 ἐν
2496 851 2667 921 φωνῇ
2698 853 3056 923 σάλπιγγος.
3082 856 3219 909 Είπέ
3243 858 3340 911 καὶ
3377 859 3484 913 τῶν
3515 862 3753 916 ἀποστό-

2166 931 2273 986 λων
2294 934 2394 1005 τὴν
2421 934 2649 1007 ἐκλογήν
2666 952 2681 967 ·
2731 936 2881 991 Ἆντί
2899 936 3018 991 τῶν
3045 939 3316 1008 πατέρων
3338 957 3454 997 σου
3467 943 3753 1013 «Errat-nﬁ-

2167 1015 2367 1099 θησάν
2394 1033 2495 1073 σοι
2521 1019 2668 1074 υἱοί.
2702 1020 2839 1073 Είπέ
2862 1023 2956 1075 καὶ
2985 1022 3077 1076 τὸν
3100 1024 3261 1095 χορὸν
3289 1025 3396 1077 τῶν
3424 1027 3708 1099 παρθένων
3728 1046 3746 1060 ·

2179 1098 2720 1170 Ἀπενεχθήσονται
2778 1102 2858 1169 τῷ
2912 1105 3167 1169 ,βασιλεῖ
3215 1098 3517 1176 παρθένοι
3553 1113 3754 1167 ὀπίσω

2165 1183 2369 1237 αὐτοῦ.
2404 1185 2542 1239 Είπέ
2585 1186 2678 1240 καὶ
2706 1188 2806 1258 τῆς
2854 1188 3181 1260 Ἑκκλησίας
3210 1191 3306 1262 τήν
3345 1193 3564 1263 κλῆσιν·
3592 1199 3754 1263 Παρ-

2164 1265 2312 1334 έστη
2362 1269 2400 1337 ὴ
2430 1269 2778 1333 ,ϐασίλισσα
2801 1272 2870 1325 ἐκ
2914 1272 3131 1338 δεξιῶν
3166 1289 3303 1340 σου,
3344 1278 3413 1330 ὲν
3451 1279 3752 1348 Ιματισμῷ

2166 1349 2474 1419 διαχρύσῳ
2520 1356 3033 1425 περιϐεϐλημένη,
3097 1362 3545 1429 πεποικιλμένη.
3607 1363 3752 1416 Εἰπὲ

2166 1434 2333 1489 αὑτοῦ
2367 1438 2464 1491 καὶ
2487 1436 2586 1508 τὴν
2614 1440 2680 1492 ἐκ
2702 1438 2894 1504 δεξιῶν
2925 1441 3197 1520 καθέδραν
3217 1458 3230 1472 ·
3258 1438 3448 1498 Εἶπεν
3467 1448 3499 1498 ό
3532 1446 3752 1513 Κύριος

2164 1517 2246 1583 τῷ
2270 1520 2465 1586 Κυρίῳ
2481 1538 2604 1590 μου
2625 1538 2640 1553 ·
2670 1521 2868 1577 Κάθου
2900 1517 3207 1589 ἐκδεξώ
3228 1543 3371 1594 μου,
3408 1527 3520 1593 ἕως
3557 1527 3635 1583 ἂν
3660 1530 3752 1584 θῶ

2165 1601 2308 1666 τοὺς
2333 1602 2587 1671 ἐχθρούς
2618 1619 2736 1659 σου
2771 1606 3109 1662 ὑποπόδιον
3126 1606 3245 1661 τῶν
3271 1608 3473 1664 ποδῶν
3506 1626 3642 1665 σου.
3671 1607 3751 1664 Ὦ

2165 1683 2350 1750 Δαυῒδ,
2399 1688 2581 1741 πᾶσαν
2622 1687 2722 1761 τήν
2765 1691 3099 1762 προφητείαν
3149 1692 3510 1762 ἀπήγγειλας,
3552 1695 3645 1749 καὶ
3685 1695 3748 1749 τί

2167 1767 2326 1841 βοᾷς·
2368 1771 2630 1836 Καρδίαν
2669 1773 2938 1842 καθαρὰν
2965 1774 3181 1829 κτίσον
3215 1776 3286 1830 ὲν
3313 1776 3460 1847 ἐμοὶ.
3512 1781 3545 1833 d
3574 1782 3746 1845 Θεὸς,

2166 1852 2265 1905 καί
2309 1853 2545 1921 πνεῦμα
2591 1853 2765 1920 εὺθές
2810 1855 3159 1923 έτιιαίνισον
3197 1860 3269 1913 ὲν
3314 1860 3439 1926 τοῖς
3472 1862 3745 1932 ἐγκάτοις

2159 1951 2311 2003 μου;
2340 1935 2607 2019 βασιλεὺς
2639 1932 2708 1996 εί.
2740 1937 3029 2011 διαδήματι
3060 1942 3389 2014 περίκεισαι,
3436 1947 3746 2019 πορφυρίδα

2165 2017 2542 2089 περιεϐάλλου.
2585 2019 2746 2074 Ἀλλά
2768 2020 2914 2091 λέγει
2932 2039 2947 2055 ·
2978 2023 3156 2079 Φύλλα
3175 2026 3366 2092 ταῦτα,
3393 2029 3487 2081 καὶ
3510 2017 3630 2095 νὺξ,
3646 2030 3746 2083 καὶ

2164 2101 2319 2183 δναρ.
2359 2102 2433 2155 Τὸ
2458 2103 2654 2168 κάλλος
2686 2107 2861 2159 ἐκεῖνο
2884 2106 3051 2179 ζητῶ.
3077 2110 3177 2173 Δός
3216 2127 3306 2180 μοι
3341 2110 3400 2164 τὸ
3428 2111 3652 2183 Πνεῦμα
3678 2112 3747 2167 τὺ

2165 2182 2342 2250 άγιον,
2389 2185 2478 2240 ῐνα
2516 2186 2679 2240 πάλιν
2722 2187 2960 2261 λαλήσῃς
3011 2209 3123 2262 μοι,
3179 2190 3333 2261 κάγὼ
3373 2182 3588 2266 λαλήσω
3632 2214 3741 2251 σοι.

2177 2268 2412 2351 ξΛπέστη
2438 2269 2546 2340 7&9
2564 2271 2658 2324 ἀπ’
2677 2271 2812 2343 ἐμοῦ
2828 2273 2889 2326 τὸ
2913 2273 3160 2346 Πνεῦμα,
3180 2276 3430 2347 καθάπερ
3446 2280 3747 2351 περιστερὰ

2168 2349 2424 2423 βόρϐορον
2449 2353 2740 2423 βλέπουσα.
2767 2356 3038 2428 Βούλομαι
3058 2358 3229 2432 αὐτὴν
3253 2349 3588 2417 ἐπανελθεῖν.
3606 2349 3744 2417 τότε

2163 2434 2279 2505 ἥξω
2312 2436 2406 2489 καὶ
2445 2436 2752 2510 ὀφθήσομαι
2779 2440 2860 2510 τῷ
2902 2441 3178 2514 προσώπῳ
3214 2460 3330 2498 σου.
3382 2446 3456 2500 Ού
3505 2446 3742 2516 δύναμαι

2166 2517 2509 2601 ὑπενεγκεῖν,
2557 2520 2745 2593 ἐπειδὴ
2782 2523 2879 2594 τὴν
2914 2525 3225 2595 παρρησίαν
3254 2526 3529 2582 ἀπώλεσα.
3576 2530 3741 2601 Ὁρᾷς

2164 2600 2258 2653 τὸν
2289 2601 2454 2656 Δαυῒδ
2501 2603 2988 2677 ἐξομολογούμενοι
3032 2607 3110 2678 τῷ
3153 2608 3291 2680 Θεῷ.
3343 2612 3517 2664 Βλέπε
3574 2600 3739 2666 πόσον

2166 2684 2335 2737 κακὸν
2380 2687 2413 2755 ή
2450 2686 2713 2757 ἁμαρτία.
2745 2689 2856 2742 Kal
2905 2690 3032 2743 ποία
3068 2692 3338 2762 άμαρτία;
3371 2693 3594 2764 Μοιχεία
3641 2697 3739 2749 καὶ

2167 2764 2327 2832 φόνος
2372 2765 2467 2819 καὶ
2504 2766 2671 2836 νόμου
2706 2769 3035 2838 παράϐασις,
3082 2771 3334 2841 ἀθέτησις
3361 2772 3532 2842 λόγων
3574 2775 3730 2829 Θεοῦ.

2166 2846 2277 2928 Kal
2308 2846 2479 2902 ταῦτα
2522 2848 2696 2918 λέγων
2723 2852 2785 2904 οὐ
2816 2852 3103 2925 κατηγορῶ
3133 2854 3226 2908 τοῦ
3262 2856 3558 2928 προφήτου,
3597 2857 3738 2913 ἀλλὰ

2164 2927 2262 3014 τὴν
2284 2932 2694 3014 ταχείανῗαύτοῦ
2729 2935 3016 3004 μετάνοιαν
3041 2936 3389 3006 ἀπαγγέλλω.
3438 2940 3596 2994 Ἀλλὰ
3626 2944 3739 3014 7&9

2167 3009 2409 3095 ἔπρεπεν
2452 3013 2530 3084 τῷ
2585 3018 2839 3088 προφήτῃ
2884 3015 3168 3088 πληρῶσαι
3206 3020 3268 3074 τὸ
3314 3009 3734 3095 γεγραμμένον-ο

2166 3093 2319 3162 Λέγε
2348 3094 2429 3149 σὺ
2464 3097 2695 3165 πρῶτος
2722 3101 2831 3163 τὰς
2861 3100 3150 3169 ἁμαρτίας
3191 3119 3329 3170 σου,
3375 3093 3476 3161 ἵνα
3500 3093 3739 3162 δικαιωο

2165 3173 2277 3260 θῇς
2303 3194 2318 3207 ·
2366 3177 2525 3231 τοῦτο
2555 3179 2662 3252 7&9
2704 3182 2866 3235 αὑτὸν
2903 3183 2997 3236 καὶ
3026 3184 3361 3254 ἐδικαίωσεν,
3411 3189 3738 3260 Ἡμάρτηκα

2163 3256 2245 3324 τῷ
2282 3262 2498 3342 κυρίῳ,
2530 3261 2722 3332 λέγων.
2767 3265 2911 3319 Ἀλλ’
2948 3262 3111 3338 ἦλθεν
3144 3270 3174 3322 6
3217 3256 3499 3342 προφήτης
3524 3256 3735 3337 Madv,

2163 3343 2259 3396 καὶ
2300 3340 2452 3399 εἶπεν
2471 3362 2485 3374 ·
2527 3348 2638 3400 Καί
2673 3349 2886 3417 Κύριος
2915 3351 3125 3419 ἀφεῖλε
3157 3355 3225 3407 τὸ
3253 3340 3565 3424 ἁμάρτημά
3593 3372 3736 3412 σου.

2164 3424 2436 3509 Σύντομος
2469 3430 2504 3499 ή
2537 3430 2800 3503 ἁμαρτία,
2836 3435 3220 3508 συντομωτέρα
3250 3440 3282 3509 ή
3324 3438 3733 3509 ἐξομολόγησις.

2175 3508 2392 3594 Ἐπειδὴ
2421 3510 2531 3584 γὰρ
2563 3511 2812 3588 ἥμαρτεν
2845 3516 2981 3589 πρὸς
3009 3517 3106 3589 τὴν
3135 3519 3228 3573 τοῦ
3258 3508 3454 3594 Οὐρίου
3479 3525 3736 3592 γυναῖκα,

2160 3592 2361 3675 ήττάτο
2387 3594 2603 3666 ὑπὸτῆς
2624 3598 2915 3670 ἁμαρτίας,
2938 3602 3033 3655 καὶ
3053 3603 3268 3674 γράψας
3286 3592 3521 3675 ψαλμὸν,
3547 3595 3699 3659 εἶπεν
3716 3622 3734 3640 ·

2175 3673 2469 3743 Ἐλέησόν
2491 3694 2589 3747 με,
2623 3682 2656 3735 ό
2694 3681 2857 3748 Θεὸς,
2900 3683 3053 3738 κατὰ
3084 3673 3150 3738 τὸ
3189 3685 3343 3755 μέγα
3388 3673 3563 3753 ἔλεός
3593 3704 3734 3744 σου.

2162 3757 2273 3812 Kal
2304 3758 2394 3813 διὰ
2453 3762 2635 3834 πάσης
2686 3764 2790 3836 τῆς
2833 3766 3272 3838 ἐξομολογήσεως
3318 3768 3471 3822 λύσιν
3517 3771 3737 3839 ἐδέξατο

2165 3840 2345 3926 πάσης
2393 3844 2685 3916 ἁμαρτίας.
2739 3848 2897 3902 Ἀλλὰ
2942 3850 3033 3904 καί⁵
3073 3849 3283 3916 Παῦλος
3332 3853 3451 3917 πῶς
3503 3854 3734 3926 ἐλεήθη;

2162 3924 2384 4010 Σαοὺλ,
2440 3927 2662 3993 Σαοὺλ,
2716 3931 2775 3984 τί
2823 3948 2900 4002 με
2934 3931 3161 3999 διώκεις
3172 3951 3192 3998 ;
3238 3935 3305 3987 Ὦ
3358 3924 3736 4010 φιλανθρωπία

2160 4008 2466 4063 Δεσπότουί
2528 4011 2823 4086 Ἀνθρώπῳ
2854 4015 3038 4086 λέγει·
3093 4018 3155 4071 Τί
3198 4034 3276 4089 με
3319 4008 3584 4088 διώκειςς
3627 4023 3734 4075 Τὸν

2161 4095 2391 4177 Πατέρα
2430 4095 2519 4148 τὸν
2557 4096 2750 4150 ἑαυτοῦ
2786 4102 3054 4170 μιμεῖται.
3101 4102 3214 4156 Kal
3249 4104 3358 4174 7&9
3405 4107 3611 4170 ἐκεῖνος
3649 4106 3731 4177 τῷ

2159 4176 2316 4256 δήμῳ
2327 4176 2403 4248 τῷ
2430 4177 2701 4249 Ἐϐραῖκῷ
2713 4180 3046 4250 διαλέγεται·
3065 4186 3224 4251 Λαός
3236 4203 3374 4254 μου.
3396 4188 3455 4241 τί
3465 4176 3733 4256 ἠδίκησά

2160 4252 2258 4321 σεξ
2289 4260 2327 4328 ἢ
2356 4261 2413 4313 τί
2441 4261 2894 4332 παρηνώχλησά
2914 4281 3054 4330 σοι;
3091 4252 3458 4337 Ἀποκρίθητί
3472 4252 3594 4341 μοι.
3624 4252 3731 4327 Καὶ

2158 4345 2188 4396 ό
2218 4343 2344 4422 Υἱὸς
2366 4344 2527 4397 αὐτοῦ
2558 4345 2740 4415 ἐλεγε-
2780 4348 2999 4414 Σαοὺλ,
3030 4351 3251 4415 Σαοὺλ,
3274 4353 3332 4405 τί
3355 4370 3433 4422 με
3461 4354 3728 4421 διώκεις;

2160 4425 2228 4478 Τί
2275 4421 2368 4479 οὖν
2408 4426 2653 4494 Παῦλος;
2703 4430 2798 4496 Τίς
2836 4427 2912 4495 εἴ,
2948 4434 3141 4502 Κύριε,
3178 4438 3211 4489 ὁ
3253 4421 3461 4490 λαλῶν
3494 4455 3632 4507 μοι;
3661 4440 3727 4492 Ὠ

2158 4508 2500 4593 εὐγνώμρνος
2518 4511 2756 4593 λδούλουί
2790 4513 3007 4579 Εὐθέως
3044 4516 3143 4588 τὴν
3173 4518 3485 4575 δεσποτείαν
3523 4521 3728 4593 ώμολό-

2161 4606 2323 4660 γησε,
2359 4591 2459 4659 Τίς
2483 4589 2556 4654 εἴ.
2594 4597 2805 4664 Κύριε;
2834 4597 3018 4653 εἰπών.
3062 4600 3122 4652 '0
3154 4600 3210 4653 δὲ
3242 4602 3443 4674 Κύριος
3467 4589 3603 4675 πρὸς
3629 4606 3727 4659 αὑ.

2159 4675 2252 4729 τόν
2273 4690 2286 4703 ·
2327 4677 2474 4745 Ἐγώ
2509 4682 2626 4747 ειμι
2667 4682 2904 4748 Ἰησοῦς
2944 4687 2977 4737 ό
3007 4683 3349 4752 Ναζαραῖος,
3384 4687 3457 4741 ὃν
3484 4688 3564 4743 σὺ
3597 4689 3728 4743 διώ-

2157 4774 2284 4823 κεις
2305 4772 2319 4787 ·
2344 4759 2505 4813 ἀλλὰ
2532 4763 2802 4828 ἀναστὰς
2820 4764 3060 4820 είσελθε
3077 4770 3166 4832 εὶς
3188 4769 3525 4837 Δαμασκόν,
3557 4771 3733 4827 κάκεῖ

2124 4874 2129 4877 -
2154 4857 2257 4895 σοι
2272 4842 2683 4912 λαληθήσεται
2705 4847 2760 4899 τί
2780 4861 2855 4900 σε
2875 4847 2967 4901 δεῖ
2978 4849 3190 4905 ποιεῖν.
3213 4851 3321 4905 Καὶ
3344 4853 3373 4906 6
3393 4869 3523 4907 ποτε
3542 4854 3722 4920 λύκος,

2156 4923 2252 4978 νῦν
2287 4925 2556 5008 πρόϐατον
2574 4941 2587 4956 ⁸
2620 4929 2651 4981 δ
2680 4947 2809 4984 ποτε
2832 4931 3089 5004 διώκτης.
3113 4934 3209 4988 νῦν
3240 4936 3632 5008 εὐαγγελιστής
3650 4954 3667 4970 ·
3694 4941 3725 4994 ὃ

2157 5023 2287 5060 ποτε
2314 5007 2574 5074 ζιζάνιον,
2604 5010 2701 5064 νῦν
2734 5015 2907 5077 σῖτος·
2937 5016 2968 5069 ὅ
2995 5033 3126 5070 ποτε
3155 5019 3418 5090 πειρατὴς
3447 5007 3600 5093 [558]
3631 5022 3725 5075 καὶ

2156 5093 2612 5162 καταποντιστὴς,
2633 5095 2730 5149 νῦν
2756 5096 3093 5169 κυϐερνήτης
3114 5099 3246 5154 λαοῦ
3265 5116 3279 5132 ·
3307 5102 3336 5155 ὃ
3354 5118 3483 5156 ποτε
3508 5104 3724 5174 πορθῶν

2153 5173 2253 5245 τὴν
2305 5175 2651 5248 Ἐκκλησίαν,
2700 5179 2795 5233 νῦν
2824 5183 3211 5253 πιστευόμενος
3255 5186 3464 5257 αὐτήν·
3519 5188 3548 5240 ὅ
3582 5173 3722 5242 ποτε

2152 5257 2251 5320 τὰς
2282 5257 2560 5329 ἀμπέλους
2585 5261 2889 5328 ἐκκόπτων,
2921 5264 3015 5318 νῦν
3061 5269 3363 5338 φυτουργὸς
3401 5269 3717 5340 γενόμενος·

2153 5340 2183 5393 6
2208 5356 2341 5394 ποτε
2379 5342 2658 5413 μόλυϐδος,
2681 5345 2776 5400 νῦν
2796 5347 2996 5417 χρυσὸς
3024 5348 3338 5419 γενόμενος.
3367 5353 3477 5406 Καὶ
3504 5355 3567 5406 σὺ
3597 5352 3724 5424 βόη-

2153 5440 2266 5486 σον,
2309 5427 2581 5498 άγαπητὲ,
2614 5429 2697 5483 ὃτι
2735 5431 2909 5500 μέγας
2940 5432 2969 5484 6
3001 5432 3226 5503 θόρυϐος
3255 5433 3365 5488 τῶν
3390 5435 3723 5508 ἁμαρτημά-

2147 5524 2278 5573 των,
2302 5510 2396 5562 καὶ
2420 5511 2620 5575 εὐθέως
2643 5512 2884 5577 ἀκούεις·
2911 5514 3074 5569 Ἀλλὰ
3098 5516 3262 5588 πολλὴ
3282 5519 3316 5588 ή
3338 5517 3432 5572 τοῦ
3450 5520 3720 5573 Δεσπότου

2148 5590 2548 5664 φιλανθρωπία.
2593 5593 2840 5663 Ἐγένετο
2856 5597 2967 5668 7&9
2985 5597 3116 5661 Θεὸς
3139 5598 3447 5671 ἄνθρωπος,
3486 5603 3579 5656 καὶ
3604 5603 3717 5657 τίσ-

2148 5671 2313 5742 ῆλθεν
2355 5676 2438 5739 εἰς
2485 5677 2700 5749 μήτραν
2766 5679 3119 5750 παρθενικὴν,
3167 5683 3261 5736 καὶ
3319 5683 3560 5755 ᾤκησεν.
3608 5686 3720 5739 Καὶ

2151 5755 2305 5820 τίνας
2333 5757 2624 5828 ἐκάλεσεν;
2667 5760 2909 5830 Μάγους.
2938 5762 3072 5817 Μετ’
3096 5765 3355 5834 ἐκείνους,
3383 5769 3535 5833 τίνα;
3570 5768 3716 5842 Πόρ-
