4084 6346
253 365 362 422 ’699

262 480 403 536 bello
428 487 490 532 ut
516 473 781 531 vincerem
809 467 1052 535 effecisti,
1079 480 1201 523 cum
1226 461 1532 520 Goliatbnm
1559 475 1662 513 non
1690 465 1846 512 natu-

265 572 360 627 rali
390 568 630 638 corporis
653 566 743 629 vi,
765 563 868 618 sed
895 563 1090 615 virtute
1120 557 1239 612 fidei
1271 554 1531 625 prostravi
1565 569 1578 606 :
1609 562 1845 622 purpura

265 661 546 718 amicivisti
572 674 656 713 me
681 676 692 711 :
723 656 882 710 alium
911 669 941 707 e
967 665 1132 720 regno
1155 648 1394 717 ejecisti,
1420 655 1475 699 et
1504 659 1591 697 me
1622 643 1673 694 iu
1706 641 1848 694 illius

266 754 442 807 locum
466 747 780 806 substituisti
815 761 829 798 :
862 743 988 796 mihi
1017 755 1145 809 epes
1169 736 1378 792 dedisti.
1415 735 1467 788 6.
1503 731 1569 786 Ut
1589 730 1847 802 justi/ice-

266 846 338 897 ris
363 844 412 895 in
442 839 750 896 sermonibus
789 835 918 896 tuis,
965 841 1012 885 et
1051 832 1222 883 vincas
1251 843 1365 880 cum
1396 822 1669 895 judicaris.
1719 819 1849 886 Quae

268 946 447 990 vetera
495 932 694 986 fecerat
734 935 1007 998 peccatum
1032 963 1047 987 ,
1099 919 1382 975 renovavit
1415 915 1602 986 gratia.
1634 909 1848 980 thuid

269 1041 367 1096 pro
397 1025 478 1078 his
507 1021 717 1077 dederis
735 1061 751 1079 .
778 1034 811 1073 ο
839 1014 1134 1086 propheta?
1181 1012 1268 1067 15.
1302 1009 1496 1063 Docebo
1519 1007 1717 1075 iniquos
1743 1004 1849 1056 uias

273 1131 416 1185 tuas,
457 1127 504 1171 et
536 1115 679 1184 impii
710 1114 778 1167 ad
808 1122 854 1166 te
880 1116 1246 1164 convertentur.
1286 1102 1494 1158 Omittit
1517 1112 1853 1154 commemo-

271 1228 390 1266 rare
417 1222 639 1279 regnum
664 1248 678 1269 ,
720 1214 774 1259 et
811 1200 1140 1272 prophetiam
1165 1195 1312 1250 dicit.
1352 1192 1434 1247 Me
1469 1199 1614 1244 tanto
1653 1189 1854 1241 honore

273 1304 530 1367 aﬂ‘ecisti,
579 1308 638 1354 ut
682 1297 869 1352 Filium
919 1302 1066 1348 tuum
1115 1288 1242 1344 mihi
1285 1283 1540 1342 revelaris
1565 1295 1629 1336 ac
1672 1288 1853 1334 notum

277 1393 486 1448 feceris.
544 1389 712 1444 Didici
747 1396 796 1441 te
839 1384 1036 1440 habere
1078 1381 1268 1435 Filium
1309 1385 1490 1431 natum
1519 1373 1585 1428 de
1612 1370 1852 1424 muliere.

276 1481 512 1554 Cognovi
540 1491 591 1536 te
619 1480 814 1533 habere
840 1475 928 1544 qui
943 1484 1122 1536 tecum
1150 1471 1201 1524 in
1223 1467 1410 1524 eodem
1441 1466 1632 1519 throno
1653 1461 1855 1517 sedeat.

276 1579 403 1634 Orbi
433 1587 691 1631 terrarum
719 1569 952 1626 nuutiavi
980 1579 1214 1626 crucem,
1241 1560 1568 1630 sepulturam
1587 1598 1603 1620 ,
1637 1555 1861 1610 descen-

279 1684 420 1735 sum,
448 1663 912 1722 resurrectionem.
939 1658 1051 1712 Dixi
1070 1653 1306 1725 ejusdem
1331 1651 1449 1704 Filii
1481 1649 1554 1703 tui
1586 1643 1817 1701 tribunal
1842 1660 1855 1697 :

280 1761 387 1814 dixi
427 1758 662 1828 gentium
706 1753 929 1807 salutem
961 1769 975 1805 :
1006 1747 1116 1802 dixi
1165 1744 1532 1814 apostolorum
1570 1738 1858 1801 delectum,

280 1851 388 1904 dixi
432 1848 736 1903 Iudaeorum
766 1842 1152 1912 dejectionem,
1201 1836 1308 1890 dixi
1341 1832 1595 1888 Ecclesia:
1623 1827 1861 1883 vocatio-

282 1959 402 1997 nem
437 1956 450 1993 :
481 1941 590 1994 dixi
616 1937 874 2007 virginum
917 1934 1139 1989 chorum
1165 1971 1180 1994 ,
1218 1928 1325 1982 dixi
1364 1926 1545 1980 sedem
1575 1939 1602 1975 a
1634 1920 1855 1976 dextris.

283 2036 336 2091 8.
377 2032 508 2087 Ecce
546 2032 679 2085 enim
717 2029 910 2081 incerta
941 2033 989 2077 et
1021 2022 1215 2076 occulta
1249 2016 1510 2089 sapientia:
1551 2024 1651 2068 tua:
1696 2011 1863 2066 mani-

285 2127 477 2197 festasti
503 2123 644 2176 mihi.
693 2121 759 2175 Et
785 2118 872 2173 ubi
902 2117 1020 2171 hinc
1044 2109 1438 2168 manifestavit?
1469 2107 1605 2162 Audi
1632 2105 1864 2176 prophe-

285 2229 392 2273 tam
431 2214 678 2269 eumdem
726 2211 1030 2280 loquentem
1075 2205 1143 2259 de
1183 2201 1381 2258 Christi
1408 2215 1439 2254 e
1463 2199 1597 2253 caelo
1637 2197 1864 2251 descen-

285 2326 347 2364 su
378 2327 392 2362 :
426 2308 492 2362 Et
521 2303 781 2360 descendet
819 2303 949 2356 sicut
979 2297 1148 2368 pluuia
1175 2297 1229 2348 in
1268 2293 1426 2347 vellus
1457 2289 1626 2361 (Psal.
1659 2289 1748 2342 71.
1782 2286 1862 2357 6).

285 2405 419 2472 Quia
463 2402 668 2455 advenit
713 2396 880 2451 Filius
922 2392 1047 2458 Dei,
1093 2405 1197 2444 non
1245 2389 1314 2442 ita
1351 2385 1529 2450 venit,
1572 2391 1628 2435 ut
1673 2388 1866 2450 quate-

285 2470 370 2551 ret
397 2493 603 2555 orbem,
649 2504 749 2544 nec
781 2495 839 2541 ut
866 2485 1067 2553 fulgura
1094 2481 1392 2542 emitteret,
1421 2489 1520 2530 uec
1549 2481 1606 2527 ut
1645 2470 1864 2526 fulmina

287 2585 677 2657 ejacularetur,
737 2592 834 2632 nec
876 2591 996 2631 cum
1053 2571 1193 2627 nuda
1254 2569 1532 2624 divinitate
1585 2563 1751 2619 venit.
1810 2561 1866 2616 Si

289 2679 429 2732 enim
463 2674 656 2730 nudam
680 2669 1008 2726 exhibuisset
1033 2664 1282 2719 deitatem
1309 2702 1323 2727 ,
1367 2676 1472 2714 non
1509 2657 1688 2727 utique
1712 2669 1867 2709 mon-

290 2782 372 2826 tes
396 2768 771 2824 sustinuissent
803 2778 816 2814 :
853 2759 934 2816 sol
954 2767 1099 2814 certe
1130 2755 1314 2809 fuisset
1337 2753 1647 2807 exstinctus.
1679 2748 1735 2802 Si
1765 2763 1872 2801 nu-

288 2864 410 2916 dam
440 2856 785 2915 substantiam
825 2865 974 2906 suam
1002 2853 1383 2909 monstrasset,
1429 2844 1549 2896 luna
1593 2856 1658 2894 ex
1700 2837 1870 2893 oculis

291 2954 497 3009 sublata
520 2949 727 3009 fuisset,
777 2954 913 3000 terra
947 2941 1214 3013 periisset,
1248 2945 1487 2992 nostrum
1515 2932 1750 2986 ornuium
1777 2945 1872 2984 na-

291 3054 406 3099 tura
427 3041 790 3098 emarcuisset.
821 3036 1043 3103 Propter
1067 3031 1170 3084 hoc
1188 3029 1370 3083 sedate
1390 3042 1452 3081 ac
1474 3027 1590 3080 sine
1613 3022 1869 3093 strepitu‘

290 3132 643 3195 descendens,
676 3127 889 3184 nemine
916 3123 1118 3178 sciente
1163 3130 1218 3174 et
1242 3117 1439 3173 sensim
1469 3115 1723 3178 accessit,
1757 3122 1872 3168 ute-

291 3241 515 3294 rumque
544 3201 1154 3290 virgineum‘habitavit.
1181 3209 1227 3266 Ο
1270 3224 1434 3264 novas
1479 3218 1535 3262 et
1574 3205 1872 3275 inopinatas

294 3319 413 3372 res!
440 3315 598 3383 Lapis
629 3309 906 3381 liquescit,
937 3316 991 3360 et
1034 3314 1217 3359 uterus
1261 3317 1366 3355 non
1405 3297 1626 3368 liqueiit.
1670 3295 1874 3350 Montes

294 3409 712 3468 laiebactantur,
743 3410 796 3456 et
839 3410 1022 3454 uterus
1066 3396 1230 3450 Deum
1272 3399 1464 3461 portat.
1492 3387 1771 3457 Quomodo
1821 3384 1875 3440 id

295 3494 650 3569 interpreter?
676 3489 945 3563 quomodo
973 3484 1293 3542 exhibeam?
1322 3483 1366 3536 0
1392 3479 1682 3549 blasphemi
1706 3477 1875 3531 homi-

295 3591 454 3648 minis
486 3584 820 3643 vecordiam!
867 3579 1143 3650 Quomodo
1167 3575 1356 3629 ancilla
1384 3573 1547 3626 Deum
1573 3570 1798 3641 gestavit
1825 3568 1876 3622 in

298 3681 490 3739 utero?
528 3678 627 3746 Qui
652 3689 840 3746 supera
867 3671 1164 3733 examinas,
1198 3667 1449 3734 eloquere
1481 3660 1748 3716 inferiora.
1778 3658 1878 3726 Qui

298 3777 494 3846 ubique
538 3782 771 3843 praesens
799 3777 912 3830 est,
961 3760 1229 3834 quomodo
1272 3762 1388 3813 erat
1437 3757 1487 3810 iu
1521 3765 1672 3809 utero
1728 3762 1783 3808 et
1826 3753 1877 3806 in

300 3867 470 3924 caelo?
529 3866 596 3918 At
643 3877 745 3932 ego
803 3857 1015 3929 quidem
1063 3851 1202 3924 quod
1230 3850 1365 3905 etin
1404 3849 1539 3903 solio
1569 3846 1800 3911 sederet,
1827 3855 1882 3901 et

303 3961 356 4016 in
406 3968 558 4012 utero
582 3953 802 4024 virginis
822 3950 1106 4013 habitaret,
1139 3945 1251 3999 scio
1276 3960 1290 4008 ;
1344 3957 1449 4012 quo
1477 3950 1654 3994 autem
1682 3939 1841 3993 modo
1861 3980 1877 4004 ,

303 4053 356 4108 id
385 4050 587 4107 nescio.
631 4047 763 4102 Fide
807 4042 1028 4111 accipio,
1080 4047 1259 4093 mente
1301 4051 1364 4089 ac
1409 4033 1729 4103 cogitatione
1774 4046 1880 4086 non

305 4146 516 4218 inquiro
546 4161 561 4199 :
594 4139 687 4196 sed
714 4139 825 4194 scio
853 4135 992 4206 quod
1017 4133 1162 4187 visus
1183 4130 1271 4192 sit,
1305 4127 1549 4198 quodque
1577 4126 1646 4179 sit
1689 4135 1881 4179 ventu-

304 4256 414 4305 rus,
465 4252 572 4292 non
601 4233 783 4289 turbas
820 4230 968 4284 ciens
1009 4239 1180 4295 neque
1217 4221 1490 4282 tumultus,
1520 4234 1624 4273 non
1658 4218 1884 4302 perdcns

308 4347 482 4404 neque
509 4337 742 4383 vastans.
777 4323 838 4378 Et
865 4319 1126 4376 descendet
1154 4319 1282 4372 sicut
1313 4315 1481 4386 pluvia
1501 4315 1554 4367 in
1583 4313 1760 4367 celius.
1793 4311 1884 4365 Di-

308 4403 451 4491 xisti,
481 4439 514 4478 ο
553 4419 744 4484 David,
787 4429 1008 4486 regnum
1049 4409 1266 4474 Christi,
1298 4407 1478 4462 dixisti
1523 4414 1576 4460 et
1629 4403 1887 4473 perditio-

310 4533 470 4573 nem:
503 4513 602 4580 Qui
643 4510 818 4565 edebat
864 4521 1016 4576 panes
1048 4517 1183 4556 meos
1226 4497 1568 4570 magniﬁcavit
1612 4511 1765 4563 super
1809 4511 1890 4548 me

311 4605 772 4681 supplantationem
793 4599 814 4674 (
833 4599 978 4654 Psal.
1006 4595 1095 4650 40.
1123 4593 1233 4663 10).
1259 4591 1351 4644 Dic
1371 4598 1425 4644 et
1444 4587 1699 4658 judicium
1725 4585 1884 4639 illius:

315 4675 485 4766 Quare
505 4698 813 4767 fremuerunt
835 4698 1023 4761 gentes,
1047 4695 1095 4741 et
1127 4681 1302 4754 populi
1326 4678 1553 4734 meditati
1577 4687 1691 4731 sunt
1717 4675 1890 4728 inania

311 4793 486 4868 (Psal.
503 4792 558 4846 2.
580 4789 630 4852 1)
649 4789 671 4841 ?
695 4787 787 4840 Dic
809 4785 966 4839 etiam
988 4793 1200 4834 crucem
1227 4792 1240 4829 :
1267 4773 1317 4828 F
1318 4774 1532 4828 oderunt
1558 4786 1735 4824 manus
1756 4784 1892 4822 meas

312 4897 362 4942 et
383 4884 534 4955 pedes
568 4897 722 4945 meos,
760 4877 1194 4930 dinumeraverunt
1232 4867 1402 4922 omnia
1427 4880 1540 4918 ossa
1581 4877 1693 4915 mea
1720 4859 1889 4930 (Psal.

312 4954 403 5034 2i.
431 4973 649 5046 17.18).
676 4972 770 5028 Dic
793 4981 1002 5040 quoque
1028 4964 1093 5019 fel
1115 4961 1282 5033 ipsius
1317 4977 1332 5013 :
1360 4957 1618 5012 Dederunt
1650 4954 1701 5006 in
1730 4968 1894 5006 escam

315 5083 475 5124 meam
497 5064 586 5136 fel,
608 5043 656 5117 et
677 5063 728 5115 in
752 5061 833 5113 siti
858 5073 966 5110 mea
994 5059 1280 5124 potauerunt
1307 5064 1386 5101 me
1419 5057 1559 5100 aceto
1582 5048 1597 5113 (
1629 5043 1774 5098 Psal.
1802 5043 1894 5098 68.

314 5160 432 5230 εξ).
458 5133 554 5212 Die
574 5156 737 5224 ipsius
761 5160 815 5205 et
836 5146 1135 5203 unctionem
1169 5158 1184 5195 :
1216 5137 1555 5209 Impinguasti
1579 5137 1630 5190 in
1664 5133 1775 5190 oleo
1805 5149 1895 5186 ca-

320 5227 410 5326 put
437 5265 599 5303 meum
625 5243 794 5317 (Psal.
816 5241 907 5294 se.
930 5239 1006 5309 5).
1033 5237 1126 5292 Dic
1155 5233 1321 5304 ipsius
1346 5240 1400 5286 et
1425 5229 1703 5299 baptisma.
1729 5227 1899 5296 Super

317 5319 502 5414 aquam
529 5336 812 5410 refectionis
840 5330 1066 5386 educavit
1094 5343 1173 5380 me
1203 5323 1380 5396 (Ibid.
1413 5337 1461 5376 υ.
1487 5321 1524 5375 2
1540 5323 1578 5391 ).
1610 5321 1704 5375 Dic
1731 5319 1899 5389 ipsius

319 5447 374 5493 et
397 5432 648 5505 mysteria
681 5447 694 5480 :
728 5425 931 5480 Parasti
953 5425 1005 5476 in
1030 5428 1299 5490 conspectu
1318 5434 1426 5471 meo
1449 5430 1696 5479 mensam,
1725 5411 1901 5465 adver—

321 5543 408 5582 sus
439 5541 520 5580 eos
539 5522 626 5586 qui
655 5517 892 5574 tribulant
912 5531 989 5568 me
1015 5511 1174 5583 (Ibid.
1199 5525 1246 5564 υ.
1289 5511 1368 5580 5).
1403 5508 1496 5563 Dic
1520 5505 1686 5577 ipsius
1719 5513 1773 5558 et
1809 5517 1903 5556 ca-

322 5619 478 5674 licem
504 5631 518 5668 :
549 5611 696 5670 Calia:
734 5620 848 5664 tuus
874 5604 1126 5660 inebrians
1153 5617 1252 5665 me,
1273 5614 1426 5670 quam
1468 5595 1747 5670 praeclarus
1773 5590 1904 5662 (Ibi-

387 5729 406 5759 ί
440 5731 489 5792 In
511 5723 734 5792 ottobon.
757 5719 829 5789 sic
851 5716 1081 5792 legitur“:
1127 5715 1326 5792 Παρία
1348 5707 1438 5759 hoc
1471 5710 1766 5757 mansuetam
1799 5703 1902 5766 fore

321 5802 452 5840 mam
472 5783 643 5847 induit,
669 5794 728 5834 ac
749 5781 850 5832 sine
870 5780 1088 5841 strepitu,
1121 5780 1219 5824 etc.

1602 343 1670 399 ΙΝ
1695 340 2018 399 PSALMUM
2055 339 2121 396 L.

3434 337 3542 396 536

1951 476 2107 551 dem).
2143 478 2235 534 Dic
2259 487 2312 533 et
2330 476 2633 534 Iudaeorum
2664 478 2979 549 ejectionem
3011 495 3025 531 :
3055 475 3178 532 Non
3205 478 3448 549 accipiant
3470 479 3538 532 de

1951 571 2102 625 domo
2132 580 2218 624 tua
2241 571 2445 637 vitulos,
2476 587 2633 640 neque
2654 571 2716 624 de
2751 571 2982 641 gregibus
3021 571 3120 622 tuis
3168 569 3335 624 hircos
3359 567 3532 642 (Psal.

1951 664 2044 720 49.
2069 663 2149 736 9).
2182 664 2274 718 Dic
2295 663 2453 718 etiam
2481 664 2716 718 Convicia
2744 679 2860 734 qua:
2881 679 2908 716 a
2936 663 3134 718 Judteis
3157 662 3323 717 audiit
3355 679 3372 718 :
3404 663 3538 732 Spe-

1953 759 2082 812 ravit
2111 759 2164 810 in
2198 756 2466 810 Dominum
2492 797 2505 820 ,
2556 757 2734 827 eripiat
2773 773 2922 822 eum,
2965 754 3160 810 salvum
3204 755 3356 822 faciat
3398 772 3535 816 eum.

1956 851 2074 917 quia
2094 848 2198 902 vult
2219 865 2328 902 eum
2352 846 2522 918 (Psal.
2553 847 2643 901 2i.
2673 843 2750 918 9).
2785 847 2878 899 Dic
2904 862 3110 916 quoque
3135 847 3368 913 gentium
3395 845 3538 898 salu-

1957 948 2100 992 tem:
2126 937 2341 992 Postulo
2379 955 2412 990 a
2459 953 2567 1003 me,
2612 947 2658 990 et
2686 938 2814 990 dabo
2865 937 2951 990 tibi
3000 946 3168 1008 gentes
3215 937 3538 991 hereditatem

1957 1040 2094 1085 tuam
2119 1030 2286 1101 (Psal.
2311 1031 2365 1085 2.
2395 1031 2470 1100 8).
2497 1031 2588 1084 Dic
2617 1030 2781 1098 ipsius
2800 1039 2852 1084 et
2877 1029 3202 1099 sepulturam
3234 1048 3250 1086 :
3287 1029 3539 1097 Quoniam

1957 1139 2059 1176 non
2098 1122 2408 1191 derelinques
2446 1121 2667 1174 animam
2697 1137 2857 1174 meam
2902 1121 2956 1173 in
2997 1121 3196 1190 inferno
3220 1163 3233 1182 ,
3271 1137 3361 1173 nec
3399 1121 3542 1174 dabis

1958 1222 2188 1268 sanctum
2211 1224 2350 1267 tuum
2374 1213 2539 1266 videre
2558 1213 2928 1281 corruptionem
2954 1211 2971 1284 (
3009 1211 3150 1265 Psal.
3182 1213 3262 1267 15.
3295 1213 3362 1267 10
3389 1215 3424 1280 ).
3449 1215 3540 1268 Dic

1960 1306 2103 1362 illius
2141 1314 2196 1360 et
2240 1306 2292 1358 in
2338 1305 2498 1359 caelos
2539 1304 2958 1372 assumptiouem
2993 1323 3004 1356 :
3038 1305 3275 1358 Ascendit
3316 1305 3450 1360 Deus
3488 1309 3542 1360 in

1959 1397 2142 1466 iubilo,
2169 1395 2419 1450 Dominus
2442 1397 2493 1449 in
2518 1411 2634 1449 voce
2663 1398 2792 1449 tuba
2816 1395 2984 1466 (Psal.
3002 1397 3089 1452 46.
3113 1395 3190 1468 6).
3217 1397 3308 1452 Dic
3337 1406 3390 1453 et
3416 1413 3549 1469 apo-

1963 1488 2219 1543 stolorum
2269 1487 2530 1541 delectqu
2562 1504 2579 1540 :
2608 1485 2712 1540 Pro
2761 1488 2983 1555 patribus
3021 1489 3118 1541 tuis
3155 1490 3260 1541 nati
3297 1499 3414 1542 sunt
3457 1490 3546 1543 tibi

1964 1580 2061 1649 ﬁlii
2085 1576 2255 1652 (Psal.
2287 1578 2376 1632 44.
2413 1578 2524 1648 17).
2547 1577 2640 1631 Dic
2667 1578 2824 1631 etiam
2855 1577 3076 1632 chorum
3109 1578 3369 1648 virginum
3400 1578 3544 1632 :Ad-

1965 1673 2209 1726 ducentur
2252 1673 2358 1744 regi
2385 1672 2596 1742 virgines
2621 1681 2732 1742 post
2760 1688 2874 1724 eum
2899 1670 3063 1738 (Ibid.
3085 1687 3132 1725 υ.
3153 1672 3260 1741 15).
3292 1672 3387 1726 Dic
3413 1672 3542 1728 item

1967 1764 2220 1818 Ecclesia:
2263 1764 2637 1818 vocationem:
2667 1763 2834 1816 Astitit
2878 1763 3051 1832 regina
3086 1779 3119 1816 a
3158 1763 3374 1818 dexteris
3421 1764 3540 1828 tuis,

1962 1857 2019 1910 in
2047 1859 2218 1910 vestitu
2234 1858 2476 1909 deaurato
2501 1856 2893 1920 circummnicta,
2913 1855 3150 1908 varietate
3164 1866 3343 1908 ornata
3365 1853 3542 1923 (Psal.

1966 1949 2056 2004 44.
2091 1949 2199 2020 10).
2238 1949 2328 2003 Dic
2370 1948 2486 2017 ejus
2513 1948 2805 2000 sessionem
2847 1963 2875 2000 a
2903 1946 3104 2000 dextris
3133 1964 3148 1999 :
3178 1945 3318 2000 Dixit
3357 1945 3543 2000 Domi-

1967 2056 2062 2094 nus
2093 2039 2306 2092 Domino
2348 2054 2457 2091 meo
2485 2054 2503 2092 :
2533 2037 2667 2092 Sede
2695 2055 2725 2090 a
2755 2037 2945 2091 dextris
2973 2038 3095 2090 meis
3113 2077 3129 2101 ,
3156 2036 3316 2090 donec
3360 2051 3552 2106 ponam

1967 2133 2196 2186 inimicos
2217 2143 2326 2185 tuos
2351 2130 2621 2185 scabellum
2655 2130 2836 2198 pedum
2873 2139 3072 2182 tuorum
3103 2125 3122 2197 (
3149 2126 3286 2184 Psal.
3325 2127 3544 2197 109.1).

1968 2224 2014 2280 Ο
2069 2225 2272 2287 David,
2344 2224 2642 2278 universam
2693 2221 3022 2290 prOphetiam
3079 2218 3442 2282 aunuutiasti,
3499 2228 3556 2274 et

1970 2332 2138 2386 quare
2182 2315 2489 2369 vociferaris
2521 2329 2534 2365 :
2565 2311 2664 2366 Cor
2690 2311 2933 2364 mundum
2964 2326 3079 2363 crea
3099 2310 3151 2361 in
3177 2325 3274 2373 me,
3311 2308 3465 2373 Deus,
3501 2318 3549 2360 et

1968 2409 2202 2479 spiritum
2226 2417 2419 2460 rectum
2444 2406 2627 2458 innova
2642 2405 2694 2456 in
2711 2400 2974 2456 visceribus
2995 2400 3161 2454 meis?
3188 2399 3305 2454 Rex
3331 2413 3410 2464 es,
3437 2398 3552 2452 dia—

1970 2502 2181 2556 demate
2204 2499 2480 2554 redimitus
2509 2513 2586 2561 es,
2623 2509 2852 2564 purpura
2882 2494 3130 2547 amictus.
3157 2491 3262 2546 Sed
3295 2491 3371 2544 ait
3397 2507 3410 2542 :
3443 2489 3547 2543 Fo-

1975 2591 2043 2645 lia
2091 2599 2214 2644 sunt
2259 2589 2392 2652 haec,
2433 2599 2486 2642 et
2516 2602 2618 2641 nox
2641 2628 2654 2652 ,
2684 2594 2738 2639 et
2767 2585 3051 2638 somnium.
3098 2579 3550 2636 Pulcltritudiucm

1974 2683 2118 2736 illaut
2146 2696 2324 2735 veram
2363 2693 2569 2749 qum-ro.
2625 2681 2696 2731 Da
2726 2675 2852 2729 mihi
2884 2673 3139 2743 Spiritum
3180 2681 3420 2726 sanctum
3448 2712 3462 2735 ,
3494 2677 3556 2726 ut

1974 2777 2165 2831 iterum
2191 2774 2478 2841 ulloquaris
2509 2786 2614 2836 me,
2647 2780 2700 2824 et
2724 2784 2822 2839 ego
2853 2777 3025 2822 tecum
3055 2766 3260 2836 loquar.
3285 2764 3526 2831 Abscestg:
3555 2795 3559 2798 -

1975 2873 2119 2927 enim
2161 2886 2189 2924 a
2219 2885 2304 2924 me
2325 2868 2552 2937 Spiritus
2573 2908 2588 2932 ,
2629 2861 3076 2936 quemadmodum
3105 2859 3350 2915 columba
3389 2859 3558 2913 lutun-

1975 2960 2258 3032 aspicieus.
2281 2959 2450 3028 Cupio
2471 2959 2641 3029 ipsam
2669 2955 2862 3011 reverti
2879 2998 2887 3005 .
2906 2954 3056 3008 Tunc
3071 2952 3302 3019 veniam,
3333 2960 3553 3005 etcom-

1977 3053 2174 3123 parebo
2200 3062 2324 3106 ante
2348 3051 2532 3105 faciem
2562 3058 2724 3102 tuam.
2751 3046 2866 3101 Non
2898 3046 3046 3099 valeo
3073 3042 3356 3108 sustinere,
3387 3056 3558 3112 quan-

1975 3142 2262 3215 doquidem
2304 3141 2550 3196 fiduciam
2599 3138 2774 3193 amisi.
2811 3137 2971 3190 Vides
3017 3133 3270 3190 Davidem
3313 3131 3558 3188 confiteri

1979 3238 2110 3294 Deo.
2137 3236 2311 3292 Cerne
2339 3243 2592 3305 quantum
2634 3233 2826 3286 malum
2859 3235 3129 3300 peccatum
3159 3228 3250 3283 sit.
3294 3226 3362 3282 Et
3403 3226 3560 3296 quale

1978 3327 2298 3400 peccatum?
2324 3325 2655 3380 Adulterium
2684 3330 2740 3377 et
2779 3319 3120 3376 homicidium
3143 3327 3199 3375 et
3227 3317 3359 3388 legis
3381 3326 3561 3371 trans-

1981 3419 2222 3491 gressio,
2297 3430 2606 3473 sermonum
2659 3413 2754 3468 Dei
2805 3418 3161 3480 contemptus.
3217 3411 3390 3478 Atque
3432 3408 3559 3460 dum

1983 3513 2097 3567 lucc
2124 3511 2245 3566 dico
2265 3551 2278 3575 ,
2312 3507 2626 3580 prophetam
2653 3521 2757 3559 non
2783 3517 3012 3557 accuso:
3043 3509 3099 3555 at
3140 3500 3372 3554 celerem
3419 3498 3562 3552 illius

1984 3603 2348 3676 pmnitenliam
2392 3600 2670 3655 annuntio.
2700 3595 2949 3652 Sedeuim
2977 3593 3198 3648 decebat
3245 3589 3558 3660 prophetam

1985 3695 2278 3765 adimplere
2303 3690 2444 3762 quod
2466 3691 2718 3758 scriptum
2747 3697 2829 3741 est
2858 3704 2870 3739 :
2899 3685 2991 3738 Dic
3033 3694 3086 3737 tu
3125 3683 3317 3752 primus
3361 3690 3563 3751 peccata

1987 3799 2092 3851 tua,
2123 3797 2175 3840 ut
2195 3783 2498 3856 justiﬁceris
2519 3780 2670 3846 (lsai.
2703 3780 2792 3833 45.
2822 3777 2935 3846 26).
2971 3775 3026 3829 Id
3057 3775 3197 3829 enim
3229 3773 3378 3827 illum
3402 3772 3562 3825 etiam

1982 3878 2312 3950 justiﬁcavit,
2353 3876 2478 3931 dum
2531 3873 2659 3927 dicit
2688 3889 2701 3926 :
2735 3868 2943 3923 Peccavi
2987 3865 3222 3919 Domino.
3253 3863 3406 3918 Venit
3435 3875 3563 3916 vero

1989 3974 2244 4043 propheta
2271 3969 2497 4030 Nalhan,
2522 3982 2583 4019 ac
2631 3964 2770 4017 dixit
2800 3980 2813 4014 :
2846 3961 2909 4014 Et
2939 3958 3187 4012 Dominus
3223 3956 3423 4008 abstulit
3449 3969 3565 4024 pec-

1987 4080 2153 4124 culum
2177 4077 2315 4120 tuum
2344 4064 2419 4131 (2.
2458 4063 2584 4131 Reg.
2604 4059 2692 4114 i2.
2713 4054 2825 4126 15).
2847 4056 3017 4109 Breve
3039 4061 3334 4122 peccatum,
3354 4048 3566 4105 brevior

1988 4159 2273 4216 Confessio.
2306 4156 2381 4210 Ex
2407 4167 2513 4224 quo
2554 4151 2693 4205 enim
2723 4152 3031 4217 peccaverat
3055 4157 3174 4197 cum
3208 4153 3372 4194 uxore
3401 4136 3564 4203 Urim,

1991 4251 2342 4321 superabatur
2370 4260 2400 4298 a
2432 4250 2671 4312 peccato,
2703 4242 3093 4317 atquegscrtpto
3123 4230 3334 4285 Psalmo
3385 4225 3518 4281 dixit
3548 4243 3563 4281 :

1995 4346 2234 4401 Miserere
2260 4339 2376 4402 mei,
2397 4336 2536 4390 Deus
2555 4375 2569 4398 ,
2595 4313 2883 4388 secundum~
2908 4341 3144 4397 magnam
3171 4320 3568 4376 misericordiam

1994 4449 2152 4493 tuam.
2185 4435 2251 4490 Et
2279 4448 2376 4505 per
2402 4425 2760 4485 omnimodam
2807 4419 3194 4476 confessionem
3241 4413 3445 4483 accepit
3477 4427 3570 4465 so-

1993 4533 2249 4587 lutionem
2274 4524 2448 4582 omnis
2475 4519 2696 4593 peccati.
2726 4515 2830 4571 Sed
2859 4523 2914 4568 et
2951 4512 3145 4567 Paulus
3170 4507 3436 4580 quomodo
3466 4506 3572 4560 mi-

1997 4620 2340 4678 sericordiam
2371 4622 2731 4682 consequutus
2779 4607 2895 4662 est?
2923 4603 3102 4668 Saule,
3134 4600 3316 4666 Saule,
3354 4596 3474 4669 quid
3495 4613 3573 4650 me

1999 4709 2304 4788 persequeris
2339 4706 2471 4778 (Act.
2500 4702 2551 4758 9.
2586 4701 2682 4771 4)?
2710 4698 2752 4753 Ο
2784 4695 2991 4752 Domini
3038 4690 3411 4747 clementiam!
3464 4687 3576 4742 llo-

1998 4779 2126 4862 inini
2152 4779 2280 4858 dicit
2311 4817 2326 4854 :
2358 4796 2492 4865 Quid
2517 4811 2595 4872 me
2609 4786 2960 4861 persequeris?
2981 4785 3190 4840 Patrem
3213 4796 3366 4836 suum
3399 4779 3576 4834 imita-

2000 4909 2102 4954 tur.
2146 4894 2194 4950 is
2221 4893 2415 4948 etenim
2461 4885 2655 4958 populo
2700 4877 2958 4935 llebraico
2983 4876 3103 4930 ait:
3140 4873 3366 4943 Populus
3412 4885 3573 4935 nteus,

1999 4989 2121 5060 quid
2140 4985 2340 5057 injuria:
2365 4980 2452 5036 tibi
2471 4979 2585 5046 reci,
2621 4985 2709 5029 aut
2754 4974 2807 5026 in
2828 4987 2925 5042 quo
2950 4968 3188 5022 molestus
3217 4965 3294 5037 [ui
3317 4962 3405 5018 tibi
3426 4961 3450 5016 i’
3474 4960 3575 5014 Re-

2002 5057 2193 5150 sponde
2217 5077 2340 5130 mihi
2371 5073 2554 5145 (Mich.
2587 5071 2638 5126 6.
2664 5067 2740 5142 5).
2771 5066 2894 5121 Pari
2920 5063 3079 5119 modo
3106 5061 3272 5117 Filius
3301 5058 3396 5114 Dei
3436 5057 3580 5112 dieeo

2004 5149 2136 5229 bat:
2168 5169 2362 5233 Saule,
2392 5163 2571 5226 Saule,
2610 5160 2732 5232 quid
2775 5175 2853 5212 me
2890 5153 3232 5227 persequeris?
3272 5149 3408 5216 Quid
3455 5162 3583 5218 ergo

2004 5265 2202 5322 Paulus
2229 5261 2295 5316 ad
2340 5256 2491 5312 hmo?
2521 5255 2646 5323 Quis
2678 5270 2752 5318 es,
2798 5251 3036 5316 Domine,
3081 5249 3166 5317 qui
3203 5246 3418 5315 loqueris
3457 5241 3584 5295 mihi

2009 5359 2144 5432 (Act.
2174 5354 2226 5409 9.
2251 5355 2349 5423 5)?
2375 5351 2419 5406 0
2442 5346 2726 5404 candidum
2766 5343 3008 5400 servum!
3039 5339 3227 5396 Statim
3255 5335 3585 5392 doluinatum

2006 5452 2282 5510 confessus
2310 5455 2414 5510 est,
2440 5459 2562 5499 cum
2591 5442 2723 5497 dixit
2751 5458 2766 5494 :
2798 5439 2920 5506 Quis
2949 5454 3020 5500 es,
3048 5431 3301 5486 Domine?
3331 5427 3588 5484 Dominus

2007 5551 2190 5600 autem
2215 5537 2282 5594 ad
2312 5537 2481 5602 illum,
2522 5534 2634 5605 Ego
2657 5548 2772 5586 sum
2793 5570 2810 5597 ,
2847 5529 3054 5598 inquit,
3084 5524 3233 5578 Jesus
3265 5519 3588 5583 Nasarenus.

2009 5650 2150 5706 quen.
2193 5649 2228 5686 u
2248 5628 2557 5699 persequeris
2585 5641 2605 5679 :
2633 5626 2720 5680 sed
2739 5637 2885 5693 surge
2898 5635 2960 5673 ac
2978 5616 3234 5688 ingredere
3253 5613 3592 5667 Damascum:

2013 5704 2061 5782 et
2085 5725 2150 5780 ibi
2177 5723 2368 5778 dicetur
2394 5721 2481 5776 tibi
2500 5718 2621 5792 quid
2646 5726 2692 5771 te
2719 5722 2944 5788 oporteat
2973 5713 3138 5775 lace"
3163 5706 3325 5780 (Ibid.
3353 5721 3401 5761 υ.
3425 5704 3503 5775 7).
3527 5704 3596 5760 Et
