4084 6346
468 335 566 392 531

468 457 560 529 qul
599 453 728 510 olim
771 453 929 524 lupus
955 459 1092 514 erat,
1125 464 1268 505 nunc
1315 448 1431 502 ovis
1484 454 1600 502 est:
1632 444 1724 516 qui
1771 443 2054 514 aliquando

469 555 857 622 persequutor,
908 560 1051 600 nunc
1096 542 1414 612 prmdieator
1454 555 1518 594 ac
1559 537 1884 608 evangelista
1919 553 1930 589 :
1965 537 2053 605 qui

467 640 630 695 modo
657 638 864 701 lolium,
917 650 1060 691 nunc
1103 635 1337 689 triticum
1366 650 1379 686 :
1426 631 1516 702 qui
1543 646 1713 701 nuper
1740 630 1909 699 pirata
1939 637 2056 683 erat

467 742 522 788 et
553 745 715 786 naves
753 730 808 784 in
838 738 1054 798 pontum
1102 724 1466 795 dcmergebat,
1493 737 1634 776 nunc
1655 721 1834 793 p0puli
1863 719 2056 790 guber-

469 837 624 879 nator
647 831 731 878 est
758 839 771 875 :
804 822 895 891 qui
925 829 1080 875 antea
1111 817 1352 872 vastabat
1379 817 1667 870 Ecclesiam
1689 855 1704 878 ,
1746 827 1886 868 nunc
1909 813 2051 867 illam

469 915 521 970 in
555 913 711 969 [idem
736 928 885 968 suam
905 911 1130 980 accipit:
1157 910 1246 978 qui
1273 907 1588 978 quandoque
1613 906 1746 960 vites
1779 903 2053 959 exscinde-

471 1007 582 1072 bat,
610 1019 752 1061 nunc
794 1004 992 1058 vinitor
1019 1011 1103 1057 est
1123 1000 1293 1054 factus
1327 1017 1340 1054 :
1370 1000 1456 1067 qui
1486 997 1753 1068 quondam
1777 995 2050 1066 plumbum

472 1107 608 1162 erat,
635 1097 686 1150 in
717 1109 906 1150 aurum
949 1101 1183 1148 mutatus
1211 1102 1315 1146 est.
1365 1091 1443 1143 'l’u
1481 1104 1690 1159 quoque
1718 1089 1910 1150 clama,
1963 1102 2051 1140 ca-

470 1192 702 1255 rissime,
735 1189 858 1258 quia
881 1201 1104 1256 magnus
1147 1194 1231 1241 est
1275 1185 1532 1252 strepitus
1577 1190 1918 1252 peccatorum
1951 1198 1964 1232 :
1999 1188 2053 1233 et

471 1285 615 1338 illico
635 1281 853 1346 audies;
883 1279 977 1335 sed
997 1278 1193 1333 multus
1214 1277 1424 1332 Domini
1449 1290 1572 1344 erga
1599 1274 1840 1328 homines
1859 1287 2010 1325 arnor
2033 1289 2046 1324 :

472 1378 614 1432 Deus
638 1375 779 1430 enim
811 1388 871 1428 se
897 1371 1166 1427 hominem
1214 1369 1375 1432 fecit,
1407 1377 1460 1420 et
1499 1367 1733 1420 introivit
1759 1366 1810 1419 in
1840 1374 2048 1419 uterum

468 1468 788 1538 virgineum,
835 1473 993 1532 atque
1023 1463 1075 1517 in
1107 1477 1174 1517 eo
1203 1460 1479 1515 habitavit.
1507 1459 1573 1514 Et
1601 1472 1862 1528 quosnam
1891 1471 2049 1512 voca-

467 1561 583 1614 vit?
627 1559 826 1628 Magos.
871 1556 1001 1610 Post
1051 1555 1170 1609 illos
1208 1563 1408 1618 autem,
1453 1551 1652 1622 quem?
1694 1549 2044 1606 Meretricem.

467 1651 595 1706 Pust
621 1651 784 1706 illam.
803 1645 996 1718 quem?
1027 1645 1339 1699 Latronem.
1355 1641 1669 1702 Postillum.
1687 1641 1883 1709 quem?
1905 1639 2054 1694 Blas-

466 1739 749 1808 phemum.
785 1737 830 1793 0
871 1747 1036 1788 novas
1065 1747 1152 1787 res
1177 1742 1339 1802 atque
1385 1731 1752 1786 incredibiles!
1794 1729 2046 1784 Primitiae

463 1827 755 1882 vocationis
783 1825 1021 1897 tyrannis
1059 1825 1302 1894 peccati,
1348 1823 1468 1894 quia
1515 1823 1652 1877 male
1681 1837 1740 1878 se
1781 1821 2046 1883 habebant

455 1922 608 1975 orbis
652 1929 911 1974 terrarum
937 1919 1168 1989 negotia,
1203 1917 1445 1972 homines
1469 1931 1660 1972 sumno
1703 1916 1904 1985 peccati
1945 1917 2044 1970 de-

464 2013 596 2080 diti,
624 2013 934 2077 Judaismo,
967 2027 1032 2067 ac
1080 2011 1454 2081 desperatione
1483 2011 1644 2064 multa
1683 2009 2039 2066 detinebatur.

461 2106 688 2176 PrOpter
712 2105 814 2160 hoc
845 2105 1022 2175 itaque
1049 2119 1172 2159 cum
1212 2103 1446 2157 venisset
1482 2102 1757 2165 Dominus,
1804 2102 1872 2156 ab
1915 2103 2043 2171 ipsis

461 2198 696 2252 exordiis
724 2213 788 2251 ex
819 2195 1192 2266 peccatoribus
1226 2194 1488 2264 primitias
1528 2194 1780 2248 Eaclesin:
1811 2194 2037 2260 vocavit,

463 2297 521 2343 ut
555 2305 623 2344 ne
651 2289 771 2360 quis
799 2299 920 2359 post
945 2288 1062 2344 hmc
1087 2288 1338 2357 desperet
1369 2285 1438 2341 de
1481 2285 1656 2340 salute
1694 2300 1810 2340 sua.
1845 2285 2041 2355 Impius

461 2383 555 2439 es?
590 2381 773 2452 Cogita
805 2382 1088 2437 latronem.
1131 2381 1376 2451 lmpurus
1407 2379 1501 2435 es?
1545 2380 1770 2450 Respice
1799 2381 2042 2435 meretri-

461 2490 596 2530 cem.
628 2473 977 2543 Blasphemus
1003 2474 1101 2529 es?
1142 2473 1347 2544 Reputa
1373 2471 1618 2536 Paulum,
1670 2471 2037 2540 blasphemum

459 2565 629 2621 illum.
673 2563 905 2620 lnlidelis
939 2565 1038 2620 es?
1088 2564 1379 2620 Considera
1418 2578 1623 2634 magos.
1665 2562 1797 2617 Novi
1847 2574 1902 2618 et
1940 2577 2038 2632 ego

459 2657 630 2726 qualis
655 2657 725 2710 sit
750 2654 1051 2725 deSperatio
1071 2671 1138 2709 ex
1167 2664 1403 2726 peccato.
1436 2658 1589 2708 AStat
1609 2655 1820 2724 quidem
1852 2653 2038 2708 diabo-

459 2748 542 2801 lus
570 2746 802 2817 gladium
853 2761 1048 2802 acuens
1071 2786 1088 2812 ,
1121 2756 1175 2801 et
1221 2755 1274 2801 te
1311 2747 1394 2800 his
1438 2747 1616 2800 verbis
1655 2745 1987 2815 compellans
2021 2763 2035 2799 :

1181 331 1238 385 S.
1277 327 1556 386 JOANNIS
1591 322 2071 382 CIIRYSOSTOMI
2106 323 2427 379 ARCIHEP.
2469 324 3002 384 CONSTANTINOP.

3646 338 3756 394 53!

2164 439 2268 494 Per
2312 450 2478 495 totam
2525 452 2666 496 tuam
2707 443 2870 498 vitam
2909 443 3159 500 babitasti
3187 460 3308 501 cum
3352 449 3746 516 meretricibus,

2161 541 2423 601 praeterea
2454 535 2707 602 pejerasti
2727 575 2743 600 ,
2794 534 3104 591 adulterasti
3134 551 3292 607 supra
3319 550 3541 597 cunctos
3587 542 3747 612 hujus

2158 627 2339 680 saeculi
2372 626 2634 682 homines.
2661 627 2789 683 Haec
2822 628 3018 683 diaboli
3049 629 3210 684 verba
3235 641 3378 686 sunt.
3417 635 3484 687 At
3524 644 3577 688 tu
3605 637 3746 689 aude

2159 718 2425 770 contraria
2453 718 2517 770 iis
2543 734 2661 788 quae
2681 719 2915 789 gessisti.
2936 719 3184 774 Cecidisti
3202 721 3225 774 ?
3241 723 3310 776 At
3330 738 3569 794 resurge.
3588 725 3746 780 Scor-

2161 817 2300 861 tatus
2325 807 2420 862 es?
2451 808 2826 864 Paenitentiam
2851 825 2968 880 age.
2996 810 3290 867 Mmohatus
3315 815 3416 869 es?
3448 815 3740 885 Resipisco.

2160 900 2328 954 Parva
2356 902 2568 971 quidem
2595 911 2677 958 est
2702 904 3017 972 poenitentia
3047 915 3167 970 tua;
3205 909 3297 962 sed
3329 923 3516 978 magna
3560 909 3741 963 Domi-

2160 991 2213 1045 ni
2245 993 2548 1046 clementia.
2599 994 2732 1048 Dum
2765 996 2998 1064 respiras
3024 996 3232 1064 adhuc,
3283 1005 3338 1052 et
3377 999 3429 1052 in
3461 1000 3577 1068 ipso
3604 1001 3742 1055 lecto

2157 1086 2456 1146 decumbis.
2480 1088 2843 1156 pcenitentiam
2872 1105 2968 1158 age
2993 1107 3006 1141 :
3041 1091 3294 1159 temporis
3318 1094 3558 1161 angustia
3591 1093 3741 1148 beni-

2154 1177 2409 1246 gnitatem
2453 1178 2550 1232 Dei
2575 1179 2812 1233 adducit.
2846 1179 2940 1234 llis
2975 1181 3378 1238 medicamentis
3408 1183 3604 1254 inunge
3650 1195 3737 1251 te;

2156 1281 2210 1322 et
2249 1269 2720 1326 inﬂammationem
2738 1274 3084 1341 represseris.
3106 1274 3236 1329 Novi
3258 1279 3422 1342 enim,
3443 1279 3734 1341 carissime,

2156 1362 2323 1415 multa
2350 1377 2473 1416 esse
2509 1364 2704 1418 animae
2746 1365 2969 1420 vulnera
3001 1383 3014 1418 :
3050 1365 3144 1420 sed
3172 1369 3587 1438 unumquodque
3620 1371 3738 1422 vul~

2156 1468 2256 1506 nus
2287 1455 2558 1524 proprium
2589 1471 2653 1510 ae
2693 1457 3017 1512 conveniens
3055 1458 3348 1512 remedium
3395 1460 3551 1514 habet
3581 1476 3740 1528 para-

2155 1553 2286 1599 tum.
2321 1547 2494 1602 llabes
2525 1547 2817 1602 Ecclesiam
2847 1565 2967 1619 quae
2988 1549 3273 1604 adventum
3300 1550 3530 1619 Spiritus
3555 1553 3737 1607 eflicit.

2153 1637 2327 1694 Habes
2357 1651 2648 1712 martyrum
2674 1652 2892 1708 emtum,
2939 1652 2992 1696 et
3030 1642 3134 1695 alia
3185 1643 3350 1696 multa
3391 1659 3508 1712 qua:
3535 1654 3586 1698 te
3619 1660 3712 1713 pos

2152 1739 2275 1783 sunt
2299 1747 2327 1782 a
2358 1743 2577 1800 peccato
2605 1733 2671 1787 ad
2695 1733 2956 1803 justitiam
3003 1749 3277 1788 revocare.
3309 1735 3565 1789 AUdiisliS
3592 1737 3726 1790 levia

2151 1831 2367 1890 peccata
2405 1823 2670 1893 justorum
2702 1842 2714 1878 :
2743 1826 2917 1880 videte
2940 1827 3270 1880 erleritatem
3297 1827 3618 1895 pmnitcntiaa
3643 1844 3734 1896 per

2149 1913 2312 1968 verba
2339 1929 2402 1969 ac
2443 1915 2710 1987 lacrymas
2743 1929 2990 1986 peracue.
3031 1918 3243 1973 Etenim
3272 1919 3386 1988 ipse
3436 1920 3596 1973 David
3628 1922 3735 1974 cla-

2150 2019 2260 2062 mat
2302 2008 2528 2063 dicens:
2563 2009 2631 2063 In
2657 2011 2894 2081 lacrymis
2932 2012 3053 2064 meis
3100 2021 3314 2064 uratum
3354 2029 3517 2065 meum
3562 2013 3734 2084 rigabo

2149 2102 2318 2173 (Psal.
2340 2103 2395 2158 6.
2417 2104 2492 2172 7).
2530 2103 2596 2157 Et
2631 2103 2822 2158 Paulus
2868 2103 3081 2158 dicebat
3141 2124 3153 2159 :
3190 2103 3298 2158 Sed
3341 2105 3732 2158 misericordiam

2153 2205 2490 2263 consequutus
2519 2211 2648 2259 sum,
2689 2195 2809 2266 quia
2843 2195 3086 2265 ignaram
3126 2195 3453 2263 persequebar
3483 2195 3731 2248 Christum

2151 2287 2242 2357 (2.
2271 2287 2407 2341 Tim.
2441 2289 2491 2342 1.
2525 2288 2634 2356 15).
2668 2287 2830 2358 Igitur
2855 2297 2909 2341 et
2938 2304 3036 2341 nos
3066 2303 3175 2342 non
3196 2287 3539 2357 desperemus
3557 2288 3623 2344 de
3647 2304 3729 2342 sa-

2147 2379 2258 2434 lute
2282 2389 2486 2446 nostra,
2513 2396 2720 2442 eorum,
2751 2380 2842 2450 qui
2881 2395 3001 2434 cum
3045 2379 3192 2449 prius
3221 2382 3617 2449 peccavissent,
3649 2391 3728 2434 ta-

2147 2486 2269 2526 men
2295 2486 2460 2541 regno
2484 2471 2736 2525 caelorum
2775 2471 2976 2541 dignati
3004 2479 3148 2537 sunt,
3180 2472 3489 2526 memoriam
3530 2471 3731 2525 haben-

2145 2573 2247 2627 tes,
2275 2561 2442 2630 gratia
2472 2571 2524 2614 et
2549 2560 2879 2614 humanitate
2907 2561 3118 2615 Domini
3141 2560 3309 2614 nostri
3339 2560 3466 2615 Jesu
3495 2559 3721 2625 Christi,

2144 2653 2266 2721 quia
2299 2652 2398 2720 ipsi
2428 2651 2594 2723 gloria
2621 2661 2676 2706 et
2700 2652 2980 2721 imperium
3005 2690 3020 2714 ,
3051 2665 3154 2705 una
3181 2665 3304 2705 cum
3349 2651 3502 2705 Patre
3530 2661 3584 2706 et
3606 2667 3720 2704 sau-

2144 2755 2232 2798 cto
2257 2744 2480 2814 Spiritu,
2521 2744 2575 2798 in
2605 2744 2799 2798 saecula
2828 2744 3165 2798 saeculorum.
3198 2745 3390 2796 Amen.

489 2900 3688 2930 ΞΜ

1900 3159 2277 3220 MONITUM

559 3366 709 3440 [559]
735 3364 884 3422 Hane
903 3366 1240 3439 προθεωριαν
1266 3366 1632 3439 Chrysostomi
1661 3382 1783 3423 esse
1802 3383 1912 3422 non
1939 3367 2298 3433 crediderim;
2322 3381 2426 3422 nec
2446 3367 2650 3434 credet,
2685 3377 2746 3423 ut
2764 3377 2915 3440 puto,
2959 3367 3206 3436 quisquis
3231 3383 3342 3422 non
3368 3367 3472 3421 erit
3497 3368 3552 3421 in
3585 3385 3713 3439 ope—

489 3503 640 3559 ribus
666 3505 784 3575 ejus
816 3505 1034 3576 hospes.
1067 3506 1176 3562 Sed
1202 3507 1450 3577 quaedam
1477 3517 1657 3564 tamen
1697 3509 2074 3579 complectitur
2119 3524 2230 3564 non
2272 3511 2496 3565 omnino
2547 3509 2851 3581 spernenda
2881 3509 3022 3563 circa
3049 3509 3246 3563 choros
3290 3507 3695 3577 prophetarum,

489 3637 581 3709 qui
617 3654 740 3693 cum
764 3640 963 3696 Davide
987 3642 1223 3712 psalmos
1243 3643 1528 3698 canebant.
1559 3644 1756 3701 Notatu
1774 3659 1936 3716 porro
1963 3645 2185 3718 dignum
2209 3654 2312 3711 est,
2337 3646 2482 3716 quod
2514 3645 2662 3700 circa
2684 3644 2852 3698 tinem
2891 3643 3106 3709 dicitur,
3135 3657 3331 3712 nempe
3356 3657 3481 3697 cum
3511 3641 3713 3698 Davide

489 3796 546 3834 in
579 3780 682 3836 hoc
715 3795 879 3848 opere
906 3781 1150 3852 depictos
1180 3782 1348 3837 fuisse
1396 3783 1783 3854 prophetarum
1833 3786 2050 3840 choros.
2101 3784 2156 3839 Id
2205 3800 2336 3839 vero
2385 3785 2622 3854 pertinet
2649 3784 2716 3838 ad
2741 3790 2986 3838 veterum
3019 3781 3446 3837 Christianorum
3485 3795 3717 3842 morem,

487 3915 579 3984 qui
604 3914 658 3970 in
680 3915 1061 3988 manuscriptis
1094 3916 1332 3986 picturas
1375 3918 1737 3990 adjiciebant;
1789 3928 1847 3975 ut
1901 3920 2085 3975 videre
2131 3927 2216 3976 est
2258 3919 2317 3973 in
2374 3919 2463 3973 illa
2493 3926 2646 3988 parte
2673 3915 3050 3987 antiquissima
3079 3915 3205 3970 libri
3229 3913 3504 3969 Geneseos
3530 3915 3584 3968 in
3619 3912 3707 3966 Bi-

1909 4266 2310 4370 VERSI’JS

893 4473 956 4516 IN
992 4474 1262 4518 MAGNO)!
1305 4473 1492 4516 ILLUD
1535 4473 1862 4519 LUMINARE
1906 4471 1986 4516 ET
2028 4469 2370 4516 DOCTOBEM
2413 4467 2727 4512 ECCLESIE
2770 4459 3299 4515 CHRYSOSTOMUM.

589 4609 627 4650 ο
641 4600 882 4650 sermonis
905 4599 1111 4663 pelagus
1133 4600 1438 4657 immensum,

593 4664 878 4724 Pertingens
890 4659 950 4710 ad
969 4659 1154 4724 vaStam
1172 4675 1329 4724 usque
1351 4663 1604 4724 scripture:
1627 4659 1952 4724 latitudinem,

589 4730 642 4773 Et
655 4722 780 4786 nunc
795 4735 950 4786 usque
969 4725 1026 4772 ad
1045 4722 1329 4786 profundum
1349 4722 1636 4786 Psalmorum
1655 4723 1953 4780 demersum,

593 4782 801 4846 [inpleas
821 4782 980 4834 omnia
1001 4782 1159 4846 usque
1182 4786 1239 4846 ad
1264 4787 1456 4834 intimos
1477 4785 1628 4834 sinus.

585 4841 644 4894 Ei
662 4841 834 4896 arcana
851 4841 1196 4910 speeulationis
1217 4845 1321 4897 loca

2274 4590 2404 4639 Clara
2425 4589 2639 4654 reddens
2659 4590 2708 4654 in_
2733 4587 2986 4654 profundo,
3020 4598 3085 4654 etg
3098 4592 3396 4654 margaritas,

2278 4662 2367 4701 Per
2390 4653 2585 4700 nitidam
2611 4652 2762 4700 verbo
2778 4651 2948 4700 factam
2975 4651 3364 4714 explicationem.

2277 4716 2461 4761 Ltinam
2486 4713 2664 4764 bibam.
2691 4725 2890 4769 ornare,
2914 4713 3105 4762 dulcem
3130 4717 3323 4765 ﬂuctum
3349 4722 3503 4764 tuum.

2280 4778 2374 4824 Etsi
2398 4775 2607 4837 fervens,
2629 4775 2732 4822 sitis
2753 4788 2846 4822 non
2875 4777 3200 4837 exstinguitur

2276 4839 2324 4884 Ei
2348 4838 2432 4900 qui
2452 4836 2592 4884 ardet
2613 4838 2897 4898 scriptorum
2916 4836 3106 4884 tuorum
3127 4838 3389 4887 desiderio.

1907 4972 2323 5027 εεκοοιοοθθκῑν

851 5105 1183 5162 PROOEMIA
1225 5107 1290 5162 IN
1328 5107 1452 5163 PSA
1463 5104 1659 5162 LMOS.

531 5259 658 5315 Post
692 5260 924 5333 bloysem
972 5260 1196 5331 ejusque
1235 5276 1599 5316 successorem
1643 5261 1825 5317 Jesum
1873 5261 2040 5316 ﬁlium

461 5351 627 5416 Nave,
657 5361 711 5408 et
753 5367 848 5407 eos
890 5367 1026 5422 quos
1050 5362 1243 5407 vocant
1263 5352 1468 5423 judices
1494 5353 1549 5408 in
1578 5353 1760 5422 Israel,
1800 5369 1920 5408 cum
1950 5370 2039 5409 re-

459 5460 620 5515 gnum
647 5444 900 5515 deinceps
924 5446 1250 5516 suseepisset
1277 5447 1427 5511 Saﬁl,
1457 5461 1511 5501 et
1534 5448 1848 5517 reprobatus
1873 5459 2038 5514 esset,

459 5539 734 5593 suscitavit
762 5539 865 5594 illis
893 5539 1034 5595 Deus
1054 5555 1237 5612 regem
1260 5541 1455 5598 virtute
1482 5543 1786 5611 praeditum,
1813 5543 2036 5613 justum,

458 5639 516 5684 et
540 5631 874 5701 prophetam,
902 5635 992 5706 qui
1018 5634 1321 5706 composuit
1356 5635 1550 5692 librum
1578 5637 1910 5692 Psalmorum
1930 5637 2038 5706 CL,

457 5734 490 5775 a
533 5721 733 5791 Spiritu
773 5737 961 5781 sancto
1002 5737 1201 5795 motus,
1228 5727 1450 5785 metrice
1485 5729 1778 5786 secundum
1807 5741 2037 5787 metrum

2152 5093 2345 5163 linguae
2369 5107 2482 5147 suae
2506 5098 2804 5163 proprium,
2828 5093 3078 5165 ipsosque
3093 5096 3316 5152 canebat
3338 5114 3458 5152 cum
3487 5100 3727 5156 modula-

2151 5188 2329 5252 tioiie,
2377 5199 2604 5254 cumque
2642 5185 2913 5257 rhythmo.
2963 5187 3433 5261 instrumentisque
3473 5194 3725 5260 diversis,

2149 5277 2359 5332 choreis
2403 5284 2459 5331 et
2498 5277 2851 5332 cantionibus.
2882 5279 2999 5349 Ipse
3023 5296 3252 5352 namque
3285 5283 3544 5339 citharam
3575 5295 3724 5341 tene-

2149 5367 2258 5430 bat,
2285 5367 2631 5437 diversosque
2656 5368 2872 5438 regebat
2897 5369 3160 5425 minorum
3191 5373 3570 5443 prephetarum
3599 5376 3729 5432 cho-

2148 5473 2237 5513 ros
2266 5476 2279 5512 :
2313 5459 2383 5513 ita
2413 5459 2554 5513 enim
2582 5459 2804 5515 vocabat
2831 5475 2942 5526 eos,
2970 5462 3059 5531 qui
3086 5477 3207 5517 cum
3233 5465 3508 5535 prophetis
3540 5482 3725 5522 versa-

2145 5551 2375 5618 bantur;
2406 5567 2550 5623 saape
2577 5567 2786 5623 quoque
2829 5554 2969 5609 ﬁlios
2995 5556 3374 5626 prophetarum
3413 5560 3724 5626 nominavit,

2147 5643 2236 5712 qui
2278 5642 2488 5698 diversa
2536 5645 2831 5700 tractabant
2856 5646 3205 5702 instrumenta
3236 5667 3249 5701 :
3277 5650 3413 5704 alius
3459 5652 3722 5722 cymbala,

2145 5735 2283 5789 alius
2323 5733 2546 5801 ﬁstulas,
2586 5735 2719 5793 alius
2747 5745 3017 5808 tympana,
3047 5739 3183 5795 alius
3209 5739 3382 5808 tubas,
3417 5743 3552 5799 alius
3580 5746 3722 5815 psal-
