4084 6346
308 364 418 420 553

308 483 497 536 ti-rium
515 488 569 536 et
585 479 865 546 citharam,
881 477 1020 533 alius
1039 476 1192 542 odos,
1216 475 1304 546 qui
1321 472 1514 530 bucolii
1539 469 1899 542 vocantur(a).

308 573 546 642 Singulis
589 587 718 627 vero
761 571 940 626 choris
988 569 1267 639 praefectus
1294 576 1454 622 erat:
1493 578 1724 634 quorum
1765 563 1902 618 alius

309 667 599 721 vocabatur
626 663 827 734 Asaph,
867 663 1001 716 alius
1041 660 1291 724 ldithum,
1337 658 1475 712 alius
1504 657 1595 711 ﬁlii
1633 655 1773 711 Core
1817 655 1901 709 lo-

306 774 430 812 cum
472 757 759 822 tenebant,
805 755 942 809 alius
1006 752 1196 807 Etham
1255 750 1544 812 Israelitce,
1598 747 1733 802 alius
1781 756 1900 801 erat

308 852 504 923 Moysis
528 849 761 905 hominis
803 846 916 902 Dei.
959 845 1093 902 Cum
1122 859 1250 914 ergo
1275 857 1304 895 a
1331 841 1528 911 Spiritu
1553 838 1622 894 ad
1645 853 1898 909 przenun-

310 943 547 998 tiaudum
594 940 927 1002 movebatur,
973 937 1086 992 sive
1110 935 1178 990 de
1205 933 1511 1004 captivitate
1545 930 1744 1000 populi,
1789 929 1900 984 sive

306 1035 375 1090 de
401 1035 514 1105 ejus
540 1032 736 1097 reditu,
764 1032 876 1085 sive
909 1028 976 1084 de
1002 1026 1240 1082 doctrina
1272 1039 1502 1087 morum,
1533 1022 1645 1076 sive
1668 1020 1736 1076 de
1764 1035 1890 1089 pro-

309 1124 562 1190 videntia,
597 1124 716 1178 sive
742 1121 809 1177 de
837 1119 1064 1175 Domino
1104 1117 1338 1182 Christo,
1386 1113 1606 1169 metrica
1635 1112 1897 1183 psalmum

308 1229 579 1287 quemque
620 1213 688 1268 ad
733 1219 1102 1282 argumentum
1125 1223 1279 1263 suum
1308 1212 1639 1276 spectantem
1679 1201 1896 1258 concin-

307 1309 470 1366 nabat
510 1307 676 1378 (ideo
722 1305 864 1360 enim
909 1313 964 1360 et
1007 1303 1153 1373 parvi
1198 1309 1252 1356 et
1289 1298 1464 1370 magni
1491 1296 1679 1368 psalmi
1707 1295 1892 1364 sunt),

304 1412 468 1472 atque
512 1400 685 1471 ipsum
731 1396 820 1452 uni
864 1410 931 1451 ex
973 1393 1155 1449 choris
1203 1391 1365 1447 dabat
1401 1387 1809 1446 concinendum.
1839 1385 1898 1440 Si

305 1502 484 1549 autem
531 1493 582 1546 in
630 1489 808 1546 medio
837 1487 1025 1558 psalmi
1053 1484 1382 1542 existimaret
1415 1481 1674 1551 reliquam
1705 1477 1898 1548 psalmi

310 1595 513 1654 partem
543 1581 697 1636 alteri
724 1594 844 1635 esse
871 1578 1036 1634 choro
1067 1573 1400 1639 tradendam,
1433 1580 1558 1626 tunc
1585 1571 1698 1640 ipsa
1746 1569 1894 1624 chori

308 1675 575 1732 successio
618 1673 669 1727 in
716 1671 921 1742 psalmo
970 1669 1103 1724 facta
1149 1667 1439 1724 vocabatur
1470 1664 1785 1735 Diapsalma.
1822 1660 1898 1717 Ita

309 1781 368 1824 ut
395 1782 516 1822 cum
543 1767 594 1818 in
625 1762 800 1818 medio
828 1759 1018 1832 psalmi
1048 1758 1185 1823 odis,
1219 1765 1277 1811 ut
1303 1763 1513 1818 vocant,
1534 1769 1628 1809 seu
1652 1751 1895 1819 bucoliis,

310 1858 513 1927 reliqua
543 1855 703 1909 vellet
733 1853 961 1917 tradere,
991 1859 1115 1904 tunc
1143 1847 1428 1903 vocabatur
1468 1844 1742 1900 Canticum
1771 1841 1894 1897 Dia-

309 1949 582 2019 psalmatis
632 1963 645 1998 :
700 1943 950 2015 quoniam
1003 1941 1090 1997 odi
1140 1956 1218 2019 ex_
1252 1937 1590 1995 successione
1641 1935 1897 2004 reliquam

307 2013 497 2112 psalmi
524 2013 731 2108 partem
754 2033 1046 2090 canendam
1076 2013 1430 2100 excipiebant.
1461 2027 1518 2082 ld
1547 2041 1676 2081 vero
1703 2025 1897 2094 cuique

307 2132 508 2188 volenti
552 2129 792 2184 ediscere
835 2127 976 2187 licet,
1022 2139 1086 2179 ex
1118 2137 1183 2176 eo
1225 2120 1367 2191 quod
1397 2121 1448 2174 in
1475 2116 1896 2187 Paralipomenis

307 2239 490 2294 regum
516 2221 772 2288 scriptum
799 2216 870 2272 sit
894 2217 976 2270 his
1004 2214 1209 2269 verbis:
1231 2211 1298 2265 Et
1322 2211 1500 2265 cecinit
1528 2208 1623 2262 hoc
1647 2208 1896 2262 canticum

307 2317 361 2368 in
388 2328 541 2366 manu
567 2309 739 2379 Asaph
769 2307 1025 2377 prap/tela:
1068 2304 1142 2373 (Ι.
1180 2300 1358 2356 Paral.
1377 2301 1470 2356 25.
1496 2297 1574 2370 2).
1609 2299 1891 2366 POSanatn

307 2413 489 2459 autem
518 2401 604 2455 hic
635 2399 835 2470 primus
860 2397 1121 2467 psalmum
1148 2393 1421 2457 emiserat,
1462 2390 1716 2459 deinceps
1742 2388 1892 2459 quis-

308 2511 414 2566 que
442 2492 663 2556 chorus,
693 2506 786 2560 per
811 2504 870 2544 se
894 2497 950 2543 et
977 2502 1083 2540 uno
1110 2481 1308 2550 animo,
1339 2497 1460 2537 cum
1487 2479 1817 2551 jucunditate
1840 2487 1897 2533 et

307 2593 592 2648 concentu,
630 2582 720 2636 alii
765 2595 886 2637 cum
918 2579 1020 2643 his,
1066 2577 1152 2630 alii
1195 2591 1316 2630 eum
1345 2573 1463 2627 aliis
1505 2569 1890 2632 inSIrumcntis,

309 2678 460 2750 quasi
506 2674 745 2730 adversis
791 2671 936 2727 sonis
979 2671 1240 2724 canebant
1269 2682 1388 2722 cum
1434 2662 1646 2719 choreis
1675 2660 1740 2715 ad
1771 2660 1888 2730 glo-

374 2809 447 2872 (α)
482 2815 530 2857 ιη
549 2814 727 2864 (ἰΓἝΟΟ,
751 2813 864 2872 ῥδθῖις
894 2815 977 2861 τοὺς
1007 2814 1216 2871 laniatu-1:;
1249 2791 1756 2872 amonem-£99963:
1768 2798 1892 2872 ν

311 2853 819 2936 [πἶᾷεῆὼῆ
838 2853 1105 2936 usurpatur:
1125 2853 1370 2936 etiamque
1393 2859 1458 2936 in‘
1474 2853 1638 2936 Bibliis
1659 2853 1892 2936 habetur,

308 2915 631 2996 amisisti
643 2915 760 2994 licet,
783 2927 942 2996 iidem.
955 2915 1044 2988 ipsi
1067 2927 1165 2974 sint
1186 2915 1314 2974 quod
1339 2930 1535 2975 βψιάλωι,
1553 2955 1567 2976 ,
1589 2915 1637 2964 id
1656 2919 1796 2964 certe
1813 2924 1895 2961 me

312 2988 534 3056 tiusliiam
557 2988 724 3042 videre
747 2988 964 3040 memini.

341 3131 1674 3160 mm

871 3159 1136 3169 _>--—..-_--.
1153 3163 1168 3165 _
1193 3161 1302 3165 ..v.—-_
1329 3161 1350 3165 ..
1371 3161 1380 3163 μ
1414 3158 1425 3163 -
1447 3159 1458 3163 ρ

607 3163 866 3173 .._.._—————-

339 3163 595 3177 -—-.-—

1483 353 1964 414 ARGUMENTUM
2003 356 2438 418 PSALMORUM.

3488 369 3591 427 554i

2008 476 2139 532 riam
2168 487 2222 534 et
2243 479 2453 537 laudem
2486 482 2598 538 Dei.
2632 482 2776 538 Hanc
2803 497 3010 554 quoque
3038 499 3149 538 rem
3179 482 3420 540 ediscere
3445 485 3586 549 licet,

2005 573 2272 642 quomodo
2314 588 2504 645 nempe
2546 576 2660 645 ipse
2703 576 2889 642 David,
2936 586 3146 646 recepta
3175 591 3244 631 ex
3282 577 3591 648 alienigenis

2003 678 2128 718 arca
2172 664 2446 719 saltaverit
2489 675 2612 720 ante
2657 666 2824 733 illam,
2874 675 2930 722 et
2975 668 3315 737 exprobranti
3363 671 3590 738 proprizc

2005 756 2155 809 uxori
2202 755 2412 810 Melcho
2451 758 2787 827 responderit
2819 776 2832 812 :
2859 757 3058 812 Ludam
3101 769 3148 814 et
3191 759 3444 814 irridebor
3467 770 3594 813 ante

2003 845 2280 902 Dominum
2308 847 2328 919 (
2349 849 2399 903 l.
2432 847 2726 908 Paral.15.
2758 849 2890 921 29).
2933 851 3048 906 Non
3093 852 3254 907 modo
3295 852 3437 906 enim
3485 869 3590 906 non

2003 939 2261 1004 cessavit;
2308 941 2402 994 sed
2438 941 2597 995 etiam
2630 956 2687 996 se
2713 957 2826 996 rem
2857 941 2997 996 illam
3030 941 3318 997 ferventius
3344 952 3588 997 acturum

2003 1031 2189 1085 edixit.
2239 1032 2461 1099 Quidam
2512 1048 2636 1087 vero
2675 1049 2780 1088 non
2807 1034 3042 1088 animum
3069 1035 3384 1091 adhibentes
3408 1051 3588 1090 rerum

2001 1124 2175 1180 ardini
2201 1133 2254 1180 et
2282 1126 2626 1192 accurationi,
2657 1141 2829 1197 neque
2854 1127 3094 1182 volentes
3110 1128 3177 1182 ab
3205 1127 3268 1182 iis
3286 1128 3375 1198 qui
3392 1137 3592 1182 norunt

2003 1216 2240 1282 edoceri,
2287 1217 2341 1272 in
2388 1217 2670 1288 allegorias
2715 1218 2857 1274 versi
2907 1228 3051 1286 sunt,
3100 1219 3436 1274 declarantes
3479 1235 3588 1275 non

2001 1325 2190 1366 omnes
2234 1311 2467 1380 psalmos
2496 1327 2616 1369 esse
2646 1312 2888 1378 Davidis;
2917 1313 3011 1367 sed
3039 1327 3225 1368 eorum
3253 1313 3342 1382 qui
3365 1313 3434 1367 ab
3473 1314 3590 1383 ipso

2002 1412 2338 1472 acceperant,
2369 1402 2651 1458 manifesto
2675 1419 2794 1459 esse
2824 1413 3103 1459 asserunt:
3135 1403 3259 1458 licet
3288 1418 3384 1457 nec
3410 1404 3590 1458 Domi-

2004 1507 2104 1546 nus
2142 1507 2242 1547 nec
2283 1493 2556 1562 apostolus
2603 1493 2886 1564 quispiam,
2933 1495 3072 1549 circa
3119 1495 3282 1549 alium
3320 1509 3590 1564 quemque

2005 1587 2262 1654 psalmum
2287 1585 2447 1640 ullius
2471 1585 2689 1641 alterius
2713 1601 2872 1656 quam
2911 1585 3123 1640 Davidis
3152 1588 3475 1641 mentionem
3506 1584 3588 1640 fe-

2001 1678 2190 1732 cerint.
2234 1677 2574 1748 Depingimus
2617 1693 2746 1748 ergo
2791 1678 2938 1732 illum
2987 1677 3280 1742 sedentem,
3313 1685 3368 1732 et
3394 1677 3590 1732 choros

2002 1778 2125 1825 ante.
2153 1769 2302 1825 illum
2345 1769 2412 1824 ad
2451 1769 2722 1824 dexteram
2761 1779 2816 1824 et
2861 1769 2926 1824 ad
2971 1769 3242 1823 sinistram
3274 1769 3495 1836 positos,
3530 1777 3590 1822 ut

2001 1862 2173 1930 quivis
2203 1860 2344 1916 illius
2371 1859 2574 1915 ordinis
2603 1860 2960 1930 spectaculum
2987 1859 3214 1914 noverit.
3243 1859 3429 1914 Postea
3457 1872 3587 1912 vero

2001 1955 2227 2009 dicimus
2251 1969 2385 2025 quos
2410 1953 2644 2023 psalmos
2672 1953 2786 2024 ipse
2812 1953 3056 2023 dignatus
3097 1953 3167 2007 sit
3193 1960 3318 2006 ante
3347 1950 3588 2021 proferre

2001 2048 2067 2101 de
2101 2048 2307 2102 Domini
2333 2047 2747 2117 diSpensatione,
2783 2047 3037 2116 varioque
3063 2045 3466 2114 compositionis
3490 2059 3586 2114 ge-

2003 2155 2152 2206 nere,
2183 2139 2514 2208 diversisque
2541 2138 2722 2209 tiguris
2746 2139 2866 2194 illos
2889 2138 3243 2202 concinnarit,
3290 2137 3433 2191 circa
3464 2150 3586 2206 pas-

2000 2234 2204 2289 sionem
2271 2238 2325 2286 et
2373 2231 2818 2286 resurrectionem
2885 2229 3132 2283 humanae
3191 2235 3394 2282 natum
3445 2225 3584 2294 ejus.

2001 2322 2255 2380 Similiter
2281 2321 2549 2388 edisserit,
2579 2336 2700 2376 eum
2726 2319 3002 2375 divinitate
3030 2333 3151 2374 esse
3173 2317 3581 2386 sempiternum,

2001 2424 2295 2472 creatorem
2318 2413 2572 2476 omnium,
2593 2421 2648 2469 et
2665 2422 3032 2468 renovatorem
3055 2410 3308 2474 universi,
3338 2408 3405 2463 ad
3425 2423 3584 2477 quem

2003 2505 2218 2574 respicit
2259 2514 2400 2559 totus
2442 2518 2634 2573 scopus
2680 2502 2872 2557 divina:
2910 2502 3218 2573 Scripturze.
3245 2498 3454 2556 Chorus
3480 2497 3584 2551 Illi-

2004 2597 2176 2662 thum,
2201 2596 2398 2650 chorus
2425 2593 2652 2648 ﬁliorum
2682 2593 2839 2659 Core,
2870 2591 3066 2647 chorus
3097 2589 3287 2645 Etham
3309 2588 3583 2649 Israelitze,

2000 2687 2197 2742 chorus
2239 2684 2441 2755 Asaph,
2492 2685 2688 2740 chorus
2713 2683 2909 2754 Moysis
2941 2681 3173 2737 hominis
3202 2680 3316 2735 Dei.
3348 2678 3412 2734 Hi
3434 2679 3584 2733 chori

2002 2787 2126 2834 sunt
2168 2777 2544 2847 prophetarum
2581 2776 2674 2846 qui
2704 2775 2803 2830 sub
2843 2775 2959 2845 ipso
2984 2782 3108 2828 sunt
3135 2770 3358 2827 diversis
3383 2770 3583 2825 instru-

2003 2871 2196 2924 mentis
2222 2876 2494 2935 canentes,
2526 2877 2723 2922 etcum
2749 2865 2959 2920 choreis
2988 2862 3073 2918 CL
3105 2861 3343 2918 Psalmos
3367 2874 3436 2916 ex
3459 2859 3581 2929 Spi-

2004 2961 2110 3016 ritu
2138 2969 2324 3016 sancto
2348 2957 2573 3014 emissos
2595 2956 2897 3028 psallentes.

1675 3124 3559 3154 Μ

1770 3157 1905 3163 ,-......--
1933 3153 2344 3162 *~-“.——-
2372 3155 2512 3163 -ῇομ
2547 3158 2716 3164 -*.--

1651 3334 2262 3463 SPURIA.

1404 3877 1485 3938 ΙΝ
1528 3877 1943 3939 HOMILIAM
1984 3875 2492 3949 SEQUENTEM.

341 4087 577 4144 rationes
604 4088 744 4144 bene
763 4089 962 4146 multas
987 4088 1105 4145 istis
1141 4085 1376 4157 ἀδελφὰς
1415 4085 1604 4141 babes.
1662 4083 1772 4140 Sed
1807 4097 1932 4138 cum
1965 4083 2086 4138 hac
2126 4098 2432 4155 ageremus,
2473 4080 2761 4137 consilium
2805 4078 2874 4133 de
2897 4075 3312 4152 apanthismatis
3341 4091 3425 4141 ea,
3464 4090 3571 4145 qua

340 4220 489 4261 nunc
517 4204 902 4275 disponuntur,
931 4203 1143 4259 ratione
1168 4199 1503 4265 ordinandis,
1543 4199 1788 4255 nondum
1825 4205 2052 4254 venerat
2079 4196 2134 4251 in
2164 4205 2423 4252 mentem.
2465 4213 2484 4246 ι

412 4321 538 4377 Haec
563 4318 1040 4392 optime,Savilius.
1065 4317 1190 4382 Sed,
1215 4316 1271 4371 ni
1302 4315 1476 4382 fallor,
1510 4315 1760 4371 consulto
1818 4313 2037 4368 fecisset
2076 4311 2122 4366 si
2161 4311 2326 4365 hasce
2371 4307 2707 4381 quisquilias
2763 4308 2913 4381 (nam
2957 4307 3038 4363 sic
3065 4315 3198 4377 puto
3252 4306 3574 4378 appellanda

341 4456 480 4495 vana
506 4438 1003 4496 consarcinatorum
1033 4434 1400 4491 Graeculorum
1423 4432 1747 4503 commenta)
1788 4446 2014 4503 prorsus
2040 4428 2334 4494 omisisset,
2378 4426 2650 4482 monendo
2688 4432 2924 4491 tantum,
2966 4425 3093 4480 talia
3125 4424 3182 4480 in
3217 4422 3572 4478 Bibliothecis

343 4553 589 4626 reperiri,
621 4552 765 4622 quod
787 4560 843 4607 et
868 4548 1158 4620 aliquando
1187 4547 1335 4602 fecit.
1357 4545 1494 4600 Nam
1524 4561 1649 4600 cum
1687 4545 1805 4601 haec
1832 4542 2017 4599 omnia
2043 4542 2158 4598 suis
2195 4542 2330 4597 locis
2370 4542 2589 4613 plenius
2621 4540 2947 4604 habeantur,
2978 4554 3075 4595 cur
3110 4537 3376 4592 inutiliter
3409 4537 3578 4591 libro-

348 4685 470 4725 rum
495 4668 693 4725 molem
715 4665 982 4737 augeant?
1007 4665 1260 4719 Attamen
1283 4661 1410 4732 quia
1445 4660 1676 4717 Savilius
1703 4659 1892 4724 edidit,
1930 4675 2000 4714 ne
2028 4659 2157 4729 quid
2208 4659 2262 4713 in
2318 4658 2421 4714 hac
2464 4657 2715 4714 Editione
2757 4656 3053 4712 desiderari
3092 4655 3391 4723 videretur,
3441 4656 3586 4711 hanc

346 4783 688 4856 προθεωρίαν
718 4783 914 4839 Latine
948 4796 980 4836 a
1001 4784 1157 4840 nobis
1183 4793 1501 4834 conversam
1524 4777 1705 4832 denuo
1733 4775 2092 4845 publicamus.
2141 4774 2315 4844 Hujus
2357 4783 2419 4830 ut
2445 4774 2584 4830 dixit
2630 4772 2863 4829 Savilius
2895 4788 3141 4844 magnam
3178 4780 3389 4844 partem
3415 4772 3584 4828 habes

347 4903 563 4974 plenius
585 4907 867 4958 tractatam
895 4898 953 4953 in
982 4896 1139 4953 Hom.
1169 4894 1240 4949 28
1275 4894 1332 4949 in
1361 4893 1533 4963 Epist.
1569 4891 1636 4945 ad
1659 4890 1950 4945 Romanos.
1991 4887 2197 4944 Cmtera
2229 4887 2445 4942 aliunde
2468 4901 2684 4942 corrasa
2709 4894 2857 4941 sunt.

1287 5237 3603 5263 MM

1208 5341 1738 5415 ARGUMEN
1741 5337 1975 5411 TUM
2038 5336 2227 5412 PSA
2239 5329 2727 5413 LMORUM.

1807 5491 2123 5545 «om»

398 5634 450 5688 l.
483 5632 770 5703 Scriptura:
809 5644 994 5703 omnes
1034 5638 1228 5703 sancta:
1256 5638 1410 5694 sunt;
1439 5629 1532 5703 sed
1559 5629 1756 5699 aliquid
1789 5643 1904 5703 am-

325 5705 464 5774 plius
489 5701 689 5760 habent
721 5702 950 5774 Psalmi;
981 5701 1211 5774 exempli
1241 5714 1434 5774 causa,
1465 5701 1536 5774 de
1548 5701 1906 5774 temperantia

324 5769 488 5846 agunt
507 5818 521 5839 ,
552 5787 766 5845 praeque
785 5771 1034 5846 omnibus
1063 5769 1114 5825 in
1144 5771 1262 5839 ipso
1291 5772 1479 5846 statim
1506 5771 1625 5825 libri
1655 5769 1904 5846 exordio,

325 5840 392 5904 de
435 5840 649 5904 vitando
681 5840 1057 5916 improborum
1095 5843 1384 5899 consortio.
1428 5841 1552 5900 Ideo
1593 5842 1736 5898 enim
1778 5840 1901 5897 hinc

2016 5628 2222 5684 initium
2247 5625 2402 5682 duxit
2425 5625 2609 5682 beatus
2636 5626 2796 5681 David
2827 5626 3011 5697 dicens
3042 5646 3053 5681 :
3083 5623 3270 5697 Beatus
3295 5627 3368 5680 vir
3387 5627 3476 5697 qui
3501 5640 3602 5680 non

2012 5700 2136 5754 abiit
2165 5701 2216 5752 in
2245 5697 2456 5752 concilio
2484 5697 2757 5766 impiorum
2787 5693 2968 5765 (Paul.
3006 5698 3055 5752 l.
3093 5699 3172 5767 l).
3206 5693 3600 5754 Beatitudinrnt

2011 5785 2140 5824 vero
2181 5783 2303 5824 cum
2339 5767 2498 5830 dicit,
2526 5778 2683 5837 caput
2719 5769 2956 5822 omnium
3007 5769 3268 5827 bonorum
3316 5777 3598 5824 memorat.

2011 5841 2249 5912 Itemque
2277 5841 2385 5911 agit
2421 5838 2491 5896 de
2533 5838 2802 5896 consortio
2841 5839 3131 5910 proborum
3157 5879 3172 5905 ,
3209 5839 3276 5896 de
3304 5837 3598 5895 coercenda
