4084 6346
408 406 513 464 δτι

410 535 487 573 ria
517 532 735 587 cupere.
765 516 913 587 Opus
954 528 1083 585 ergo
1121 512 1380 587 habemus
1423 510 1646 587 cithara
1680 508 1915 575 Davidis,
1946 519 2004 564 ut

406 581 1036 642 auima'divina'cantica
1075 583 1429 645 modulemur,
1456 593 1567 637 tum
1597 581 1740 646 hinc,
1785 588 1895 635 tum
1936 595 2002 635 ex

416 661 568 711 bouis
595 659 847 727 operibus
866 667 1115 724 excepta.
1138 654 1229 710 Sin
1258 654 1486 727 alterum
1514 662 1715 727 tantum
1750 652 2000 706 faciamus

406 739 460 782 et
477 722 741 783 canticum
764 722 1060 789 audientes,
1086 726 1295 780 canenti
1326 740 1418 792 per
1445 722 1997 794 operaadversemur,

414 801 758 866 pharmacum
803 798 929 853 illud
975 796 1129 853 nobis
1158 797 1209 850 in
1246 791 1503 864 judicium
1547 793 1673 866 erit.
1704 802 1759 847 et
1800 791 2000 866 diaboli

410 863 558 923 furor
582 871 758 924 acrior
787 867 993 924 evadet.
1023 863 1323 936 Antequam
1350 866 1491 919 enim
1518 864 1815 936 audiamus,
1849 863 2000 936 timet

410 942 673 1009 malignus
698 940 928 1004 daemon,
952 933 1328 1009 nefandientes
1356 934 1707 991 emcndemur
1736 951 1751 988 :
1786 933 1999 1002 quando

409 1007 586 1065 autem
611 1011 770 1066 etiam
796 1026 917 1064 cum
943 1008 1187 1063 audimus
1214 1007 1370 1062 iidem
1400 1021 1696 1069 manemus,
1728 1013 1856 1060 tunc
1882 1022 1997 1057 me-

414 1090 499 1136 tus
529 1082 669 1137 illitis
696 1082 915 1135 tollitur.
947 1079 1242 1134 Psallamus
1274 1078 1451 1143 itaque
1486 1076 1752 1130 canticum
1780 1091 1846 1129 ex
1872 1090 2000 1143 ope-

414 1154 582 1217 ribus,
613 1160 671 1205 ut
697 1153 911 1222 gravius
935 1162 1192 1218 operante
1213 1147 1425 1222 diabolo
1457 1146 1997 1222 peccatumelimine:

414 1238 551 1284 mus,
570 1214 633 1276 et
653 1214 1119 1291 spiritusgratiam
1148 1214 1497 1291 attrahainius.
1515 1216 1653 1272 Nihil
1675 1217 1839 1291 enim,
1867 1214 1997 1269 nihil

415 1293 486 1347 ita
532 1288 763 1346 animam
812 1288 990 1361 erigit,
1036 1290 1134 1345 alis
1173 1289 1417 1361 inStruit,
1464 1298 1571 1343 eta
1600 1296 1738 1361 terra
1783 1288 1993 1361 liberat,

412 1378 586 1431 exque
629 1364 851 1416 vinculis
891 1356 1130 1431 corporis
1173 1358 1421 1423 abstilvit,
1466 1368 1623 1431 atque
1650 1357 1716 1411 ad
1762 1356 1998 1426 philoso-

413 1429 589 1501 phiam
618 1434 829 1488 deducit
848 1444 901 1487 et
931 1429 1000 1485 ad
1020 1431 1327 1501 deSpectum
1356 1429 1691 1501 smcitlarium
1716 1444 1915 1501 rerum,
1940 1434 1997 1481 ut

415 1498 735 1572 psalliturqu
754 1502 1062 1565 modulatio,
1083 1498 1133 1554 et
1151 1500 1414 1554 canticum
1438 1499 1690 1572 rhythmo
1709 1498 1994 1572 concinna-

414 1569 549 1628 tum.
579 1575 708 1642 Quia
738 1576 880 1629 enim
910 1574 1040 1626 vidit
1072 1572 1211 1642 Deus
1230 1573 1425 1626 multos
1452 1569 1698 1625 homines
1721 1571 1995 1640 segniores

412 1641 649 1709 effcetos,
668 1656 723 1700 et
740 1645 975 1700 laborem
1002 1641 1125 1697 inde
1152 1652 1454 1709 susceptum
1477 1656 1582 1695 non
1605 1652 1793 1706 sponte
1816 1642 1995 1695 feren-

414 1726 514 1781 tes,
556 1726 611 1769 ut
639 1717 924 1786 gratiorem
962 1713 1211 1786 redderet
1241 1713 1497 1786 laborem,
1522 1722 1575 1766 et
1602 1710 1993 1786 defatigaliqnis

410 1801 624 1839 sensum
643 1781 963 1850 succidi-ret,
979 1784 1115 1837 beati
1143 1782 1356 1837 Davidis
1378 1782 1605 1851 linguam
1625 1784 1806 1845 movit,
1827 1781 1993 1836 mbos

413 1856 651 1912 l‘salmos
663 1857 1089 1926 distingueret,et
1106 1852 1396 1926 pr0phetiae
1424 1853 1837 1926 modulationem
1854 1868 1993 1906 com-

411 1927 681 1992 misceret,
710 1938 767 1982 ut
795 1924 1039 1981 nielodize
1078 1925 1329 1995 rhythmo
1357 1924 1580 1978 recreati
1622 1939 1830 1989 oumes,
1865 1939 1989 1995 cum

412 1998 577 2053 multa
608 1998 879 2051 alacritate
919 2010 1101 2050 sacros
1129 1993 1228 2061 ipsi
1270 1995 1497 2065 hymnos
1537 1995 1863 2051 emitterent.
1887 1993 1991 2047 Na-

416 2076 531 2121 tura
565 2070 758 2137 quippe
787 2079 962 2121 nostra
988 2066 1209 2120 canticis
1233 2074 1287 2120 et
1314 2065 1636 2120 carminibus
1666 2065 1735 2119 ita
1758 2065 1990 2137 delecta-

410 2147 518 2203 tur,
548 2136 603 2192 ut
631 2136 887 2193 laetcutes
913 2138 1118 2207 pueruli
1163 2137 1468 2207 vagientes,
1512 2143 1567 2189 et
1604 2137 1887 2204 ejulantes.
1916 2136 1988 2190 ita

412 2208 706 2275 sapiantur.
737 2205 982 2264 Nutrices
1008 2208 1187 2276 igitur,
1219 2207 1357 2261 ulnis
1385 2205 1504 2260 illos
1525 2216 1815 2275 gestantes,
1843 2221 1987 2274 saepe

410 2279 737 2342 incedendo,
768 2289 823 2334 et
864 2278 1106 2349 quaedam
1157 2277 1285 2347 ipsis
1331 2276 1548 2349 puerilia
1591 2277 1878 2349 cantando,
1909 2278 1988 2332 sic

413 2349 623 2404 illorum
653 2347 931 2420 palpebras
959 2349 1266 2403 demulccnt
1293 2358 1348 2402 et
1384 2348 1617 2415 sopiunt.
1652 2347 1776 2403 ideo
1799 2357 1855 2402 et
1880 2348 1988 2420 via:

406 2428 553 2474 tores
592 2418 1053 2490 s:i-’pe'meridiano
1090 2429 1327 2490 tempore
1355 2426 1593 2490 armenta
1647 2428 1907 2490 agentes,
1934 2418 1985 2473 id

408 2489 680 2545 cantando
703 2492 933 2553 faciunt,
966 2489 1170 2544 itineris
1193 2490 1426 2543 laborem
1459 2489 1679 2544 canticis
1706 2490 1811 2544 illis
1839 2489 1986 2544 miti-

404 2568 614 2627 gautes.
648 2562 829 2632 Neque
857 2571 1059 2615 tantum
1093 2561 1347 2632 viatores,
1373 2558 1469 2613 sed
1504 2569 1559 2613 et
1582 2561 1830 2630 agricolae
1859 2560 1985 2615 dum

411 2632 693 2687 toreularia
720 2630 956 2692 calcant.
987 2639 1043 2684 et
1072 2630 1418 2689 vindemiant.
1452 2632 1738 2700 vineasque
1776 2632 1981 2695 colunt,

406 2710 497 2753 aut
519 2704 660 2757 aliud
689 2704 959 2772 quidpiam
990 2710 1173 2768 agunt,
1199 2716 1339 2771 smpe
1367 2710 1601 2756 emunt:
1634 2702 1983 2772 similiterque

410 2783 585 2826 nauta:
628 2776 751 2829 dum
796 2774 1073 2841 remigant.
1129 2772 1299 2827 Simili
1330 2773 1513 2841 modo
1560 2774 1809 2829 mulieres
1856 2773 1982 2825 dum

406 2852 649 2900 tuentes
682 2840 965 2899 commixta
1007 2842 1090 2897 fila
1122 2842 1270 2897 radio
1308 2840 1644 2910 discernunt,
1685 2858 1829 2913 szepe
1856 2843 1985 2897 solae

405 2918 655 2985 seorsim,
684 2930 828 2985 sa'pe
856 2929 1045 2985 omnes
1072 2929 1176 2967 una
1203 2928 1335 2985 voce
1360 2915 1662 2968 cantionem
1697 2916 1982 2984 quamdam

405 2983 839 3041 uiodulanturild
858 3000 984 3038 vero
1002 2984 1195 3037 faciunt
1214 2983 1483 3046 mulieres,
1499 2983 1768 3054 agricola),
1784 2994 1983 3051 nautm,

405 3064 465 3108 ut
500 3058 723 3112 canticis
764 3056 940 3125 operis
977 3055 1213 3108 laborem
1261 3064 1548 3125 recreeut:
1595 3059 1745 3125 quasi
1790 3068 1984 3121 nempe

405 3133 582 3183 anima
614 3129 658 3182 si
690 3124 972 3181 melbdiam
998 3125 1179 3178 audiat
1202 3132 1257 3178 et
1271 3124 1553 3187 canticum,
1584 3124 1788 3180 facilius
1805 3129 1983 3182 omnia

407 3202 631 3255 intolesta
678 3206 735 3252 et
779 3196 1041 3251 laboriosa
1083 3197 1231 3266 fferre
1279 3198 1467 3262 possit.
1515 3196 1776 3263 Quoniam
1827 3198 1985 3266 igitur

402 3272 581 3325 anima
612 3279 791 3321 nostra
842 3266 909 3319 ad
940 3265 1040 3319 hoc
1065 3265 1439 3319 delectationis
1476 3280 1647 3334 genus
1677 3265 1981 3336 prona’est,

406 3353 463 3395 ut
492 3356 562 3395 ne
587 3338 887 3393 meretricia
926 3337 1132 3390 cantica
1160 3337 1434 3390 da-mones
1467 3336 1779 3391 iuducentes
1804 3341 1983 3393 omnia

402 3414 738 3474 subvertant,
770 3407 1005 3476 psalmos
1042 3407 1172 3473 ipsis
1201 3406 1342 3461 Deus
1376 3410 1661 3476 ,opposuit;
1690 3410 1761 3462 ita
1813 3419 1870 3463 ut
1898 3426 1984 3465 res

405 3484 736 3551 voluptatem
758 3475 914 3551 simul
940 3485 995 3531 et
1012 3478 1289 3531 utilitatem
1304 3475 1517 3551 afferat.
1538 3482 1619 3533 Ab
1636 3488 1982 3551 externorum

404 3547 552 3607 enim
575 3551 818 3615 canticis,
848 3548 1133 3614 damnum,
1167 3547 1431 3616 pernicies
1460 3557 1513 3601 et
1541 3550 1703 3603 multa
1732 3551 1868 3604 mala
1901 3552 1983 3604 in-

402 3625 689 3686 ducuntur,
720 3622 841 3691 quia
871 3619 1049 3673 anima
1090 3618 1173 3672 his
1189 3618 1419 3691 canticis
1462 3619 1711 3691 lascivior
1736 3630 1791 3674 et
1836 3622 1985 3691 pejor

400 3696 666 3756 efficitur,
698 3689 1016 3758 molliorque
1045 3689 1201 3743 simul
1228 3698 1282 3742 et
1310 3689 1571 3744 inlirmior
1597 3708 1610 3744 :
1642 3706 1707 3745 ex
1735 3689 1984 3760 spiritua-

407 3767 543 3820 libus
576 3779 704 3818 vero
742 3760 967 3816 canticis
995 3774 1243 3829 magnum
1288 3760 1519 3825 lucrum,
1563 3762 1762 3816 utilitas
1792 3764 1981 3826 multa,

404 3852 591 3918 magna
632 3832 887 3919 sanctitas
916 3842 969 3884 et
1014 3831 1190 3911 omnis
1220 3830 1568 3919 philosophiae
1613 3843 1981 3919 argumentum

407 3902 677 3967 nascitur;
736 3902 915 3955 verbis
963 3903 1193 3974 animam
1228 3902 1626 3974 purgantibus,
1678 3902 1985 3974 Spirituque

408 3986 596 4032 sancto
624 3976 676 4029 in
700 3974 936 4027 animum
969 3972 1083 4025 haec
1102 3971 1307 4026 cantica
1327 3974 1567 4027 canentis
1598 3971 1885 4029 involante.

476 4046 646 4101 Mente
685 4044 864 4114 ubique
906 4041 1223 4114 psallendum
1260 4052 1351 4114 est.
1391 4073 1463 4084 —
1509 4044 1795 4099 Cantemus
1826 4045 1985 4114 igitur

403 4119 583 4172 animo
612 4111 844 4186 psalmos
874 4111 1205 4186 philosophia
1225 4112 1429 4186 plenos,
1459 4125 1525 4186 ut»
1543 4116 1790 4182 paulatim
1813 4111 1878 4170 ad
1905 4118 1984 4172 al-

404 4190 538 4243 liora
569 4184 902 4241 reducamur.
938 4184 1071 4237 Cum
1118 4184 1259 4238 enim
1314 4184 1366 4237 in
1421 4184 1636 4252 psalmis
1682 4186 1935 4242 didiceris
1964 4230 1979 4253 ,

403 4269 529 4313 tunc
557 4259 717 4313 etiam
750 4254 1136 4328 hymnosscies
1156 4294 1171 4318 ,
1201 4254 1288 4323 qui
1315 4253 1601 4328 diviniores
1623 4264 1765 4309 sunt.
1788 4258 1982 4312 Psalmi

401 4330 597 4399 quippe
624 4324 801 4380 omnia
823 4326 1268 4399 complecumtur,
1294 4333 1347 4377 ct
1378 4324 1558 4399 hymni
1585 4325 1876 4399 humanum
1904 4328 1985 4383 ni-

402 4396 925 4470 liilINam‘superua:
963 4397 1184 4470 virtutes
1212 4412 1315 4449 uou
1344 4396 1607 4470 psalmus,
1636 4396 1729 4451 sed
1759 4399 1985 4470 hymnos

398 4478 633 4525 canunt:
664 4466 783 4537 Non
826 4467 969 4521 enim
997 4506 1011 4529 ,
1041 4466 1211 4536 inquit
1236 4508 1251 4531 ,
1283 4468 1541 4537 speciosus
1577 4466 1879 4537 hymnus'in
1902 4486 1986 4524 ore

443 4540 681 4595 eccatoris
704 4536 887 4608 (Eccli.
914 4538 999 4591 15.
1029 4537 1105 4608 9).
1136 4536 1492 4604 Quamobrem
1522 4536 1714 4608 Paulus
1736 4540 1986 4595 admonet

443 4560 681 4595 εεεαιονιδ
704 4560 887 4608 μισειι.
914 4560 999 4591 Ἰοσ
1029 4560 1105 4608 υ).
1136 4560 1492 4604 ρυἉΙΙΙυυΓΒΙΙΙ
1522 4560 1714 4591 ramus
1736 4560 1982 4595 aunlonel

402 4560 488 4666 {iis
516 4610 694 4665 verbis
720 4626 731 4661 :
758 4609 1026 4662 Cantantes
1054 4609 1105 4660 in
1134 4610 1365 4680 cordibus
1394 4610 1570 4663 vestris
1599 4607 1818 4663 Domino
1848 4610 1982 4680 (Col.

398 4684 453 4739 ὅ.
488 4681 574 4750 l6)
603 4721 619 4748 ,
650 4695 757 4734 non
787 4687 986 4732 tantum
1034 4694 1126 4731 ora
1155 4720 1169 4743 ,
1212 4678 1306 4732 scd
1336 4681 1495 4733 etiam
1520 4693 1640 4735 cum
1667 4678 1980 4737 attentione.

1888 395 2219 455 MONITUM.

2115 515 2227 569 lloc
2256 512 2400 568 enim
2438 520 2522 567 est
2550 510 2662 566 Deo
2681 519 2899 567 cantare
2933 528 2949 575 ;
2993 509 3127 567 illud
3147 509 3292 566 aeri:
3327 524 3447 563 nam
3474 524 3573 563 vox
3604 521 3683 563 lc-

2110 600 2257 640 mere
2286 582 2593 638 effunditur.
2615 581 2730 637 Non
2751 597 2885 651 opus
2912 590 2994 637 est
3018 581 3275 644 loco,non
3298 589 3536 648 tempore
3559 595 3685 647 spe-

2109 656 2264 717 ciali;
2294 653 2389 708 sed
2413 655 2463 707 in
2487 653 2629 708 oumi
2651 652 2789 715 loco,
2822 653 2875 707 in
2899 653 3045 706 omni
3071 661 3311 723 tempore
3338 661 3521 723 mente
3546 651 3691 720 psalo

2108 726 2223 781 lere
2242 728 2384 781 licet.
2420 723 2645 779 Etiamsi
2668 724 2719 776 iu
2751 724 2866 776 foro
2886 724 3125 778 ambules
3156 721 3305 788 ,Vetsi
3335 722 3387 775 in
3412 722 3511 774 viis
3532 762 3545 784 ,
3577 723 3680 775 etsi

2107 813 2228 852 cum
2252 796 2438 852 amicis
2462 794 2668 855 sedeas,
2695 794 2815 849 licet
2833 794 3063 848 animam
3086 793 3339 856 excitare,
3375 792 3495 846 licet
3520 791 3689 845 silen-

2106 868 2176 922 do
2205 868 2456 922 clamare.
2489 864 2579 919 Sic
2606 873 2660 919 et
2677 864 2885 935 Hoyses
2910 863 3169 935 clamabat
3200 904 3229 935 ,ν
3256 872 3310 917 et
3339 862 3478 917 Deus
3499 860 3683 917 audie~

2107 938 2214 994 bat.
2243 937 2391 992 Licet
2410 936 2596 990 artifex
2628 933 2809 998 fueris,
2831 934 2882 988 in
2906 933 3117 989 officina
3144 934 3335 990 sedens
3354 942 3408 987 et
3430 946 3692 1001 operam,

2110 1011 2307 1077 poteris
2336 1006 2759 1077 psallereaLicet
2782 1006 2937 1059 miles
2961 1006 3069 1077 sis,
3087 1006 3287 1077 licetiin
3315 1002 3564 1057 tribunali
3587 1018 3679 1057 as-

2106 1076 2309 1145 Sideus,
2326 1078 2553 1147 idipsum
2581 1076 2758 1131 facere
2775 1076 2993 1145 poteris.
3026 1076 3157 1131 Nam
3180 1076 3297 1131 sine
3324 1088 3453 1147 voce
3471 1088 3682 1147 quoque

2107 1150 2333 1217 psollere
2360 1144 2659 1217 possumus,
2688 1144 2867 1217 mente
2889 1148 3029 1201 intus
3055 1155 3359 1217 resonante.
3390 1144 3503 1198 Non
3535 1144 3679 1217 enim

2104 1214 2305 1277 homini
2334 1214 2606 1289 psallimus
2638 1259 2653 1281 ,
2680 1216 2773 1272 sed
2806 1217 3033 1289 Deoqui
3072 1216 3244 1289 possit
3263 1224 3331 1289 _et
3353 1230 3457 1289 cor
3472 1214 3681 1289 audire,

2103 1303 2158 1347 et
2176 1293 2228 1346 in
2253 1286 2447 1346 arcana
2477 1290 2670 1345 mentis
2694 1298 2887 1342 nostra:
2918 1286 3143 1357 ingredi.
3173 1286 3279 1342 Sed
3299 1286 3547 1357 quoniam
3574 1286 3681 1357 spi-

2104 1363 2326 1417 rituales
2349 1362 2447 1415 viri
2474 1402 2489 1425 ,
2517 1362 2607 1429 qui
2634 1359 2773 1414 dona
2824 1356 3054 1427 Spiritus
3092 1356 3329 1422 habent,
3381 1371 3478 1429 pro
3506 1356 3680 1424 proxi-

2105 1435 2208 1489 mis
2236 1447 2453 1502 semper
2486 1426 2772 1502 precantur
2811 1471 2826 1494 ,
2864 1439 2945 1502 et_
2963 1426 3547 1502 cumhmimpunctione
3584 1440 3677 1495 ge—

2101 1496 2424 1572 mitibusque
2467 1496 2887 1572 supplicationes
2920 1500 3030 1554 Deo
3049 1499 3281 1572 offerunt
3304 1514 3319 1562 ;
3346 1496 3472 1572 illud
3503 1504 3556 1551 et
3580 1510 3681 1550 nos

2102 1567 2359 1630 faciamus
2391 1616 2407 1640 ,
2436 1567 2767 1642 singulisque
2786 1570 2975 1625 diebus
2999 1572 3064 1623 ad
3098 1571 3264 1625 Deum
3292 1567 3562 1642 supplices
3585 1582 3679 1642 ae-

2100 1646 2354 1701 cedamus
2377 1637 2471 1713 pro
2498 1637 2652 1697 n'obis
2681 1637 2734 1696 et
2758 1642 3134 1713 profratribus
3154 1637 3383 1713 nostris;
3398 1637 3680 1713 Quomodo

2099 1709 2389 1785 possumus
2410 1714 2474 1769 ad
2518 1714 2685 1769 Deum
2726 1709 3324 1785 supplicesaccedcre?
3353 1709 3676 1785 Per__boua_m

2098 1777 2260 1842 vitam
2288 1795 2342 1841 et
2360 1786 2739 1841 conscientiam
2760 1777 2967 1853 puram.
3008 1782 3132 1837 H;i-c
3169 1791 3346 1836 autem
3387 1779 3531 1853 nullo
3573 1777 3680 1853 alio

2098 1858 2261 1912 modo
2278 1857 2533 1926 consequi
2562 1847 2863 1926 possuuius,
2891 1869 3048 1926 quam
3079 1854 3247 1926 legem
3284 1852 3488 1926 Domini
3518 1847 3681 1926 medi-

2099 1928 2261 1984 tando
2289 1927 2376 1982 die
2404 1923 2472 1982 ac
2510 1923 2687 1981 nocte.
2732 1924 2841 1979 Nec
2875 1924 3001 1978 mihi
3033 1923 3295 1993 quispiam
3329 1923 3676 1993 dicatrzfAnte

2096 2000 2590 2065 interpretationem
2649 1997 2900 2050 virtutem
2970 1992 3295 2062 psalmorum
3347 1992 3671 2065 nesciebam.

2097 2061 2310 2125 Etenim
2339 2069 2420 2122 vel
2451 2078 2577 2123 ante
2605 2061 3100 2135 interpretationem
3134 2064 3356 2135 cuilibet
3396 2061 3679 2135 attendere

2102 2139 2300 2196 volenti
2328 2138 2525 2193 sufficit
2553 2139 2634 2191 vel
2661 2130 2799 2192 unus
2825 2137 3122 2190 versiculus
3158 2134 3226 2189 ad
3254 2134 3474 2189 multam
3499 2130 3678 2186 infun-

2095 2211 2325 2266 dendam
2363 2209 2751 2279 philosOphiam
2773 2249 2788 2273 ,
2812 2207 2877 2262 ad
2898 2207 3097 2279 dogma
3123 2204 3458 2279 dirigendqu
3480 2211 3581 2279 ,_et
3609 2203 3676 2256 ad

2094 2284 2313 2337 multam
2345 2272 2397 2336 in
2429 2281 2534 2335 vita
2565 2272 2864 2334 utilitatem.
2896 2272 3104 2332 Etenim
3131 2272 3251 2331 cum
3276 2276 3409 2330 dicis
3438 2316 3453 2337 ,
3484 2272 3670 2327 Beatus

2092 2354 2266 2424 virqut'
2286 2350 2707 2424 timetDominum
2726 2348 2896 2418 (Paul.
2923 2349 3043 2403 ill.
3080 2346 3154 2416 ί),
3184 2343 3674 2424 benesaneintellio

2091 2417 2224 2495 gens
2244 2423 2385 2495 quod
2407 2423 2561 2495 dicis,
2590 2434 2696 2475 nou
2725 2417 3016 2495 potentem,
3039 2434 3142 2472 non
3171 2417 3412 2495 divitem,
3436 2430 3541 2495 non
3554 2428 3675 2470 eum

2091 2488 2180 2565 qui
2208 2488 2352 2549 aedes
2375 2493 2529 2547 habet
2559 2490 2882 2565 opendidas,
2905 2505 3010 2544 non
3040 2490 3276 2565 eumqui
3307 2490 3361 2542 in
3391 2488 3676 2565 regia__ver-

2092 2556 2258 2629 satur,
2293 2579 2397 2618 nou
2420 2578 2543 2618 eun.
2574 2577 2745 2631 ipsum
2767 2564 2919 2628 cujus
2944 2570 3103 2630 caput
3127 2556 3430 2614 diademate
3454 2556 3673 2631 redimi:

2092 2647 2203 2690 tum
2227 2627 2347 2701 est,
2382 2650 2486 2689 non
2519 2627 2679 2687 alium
2714 2627 3054 2702 quempiam,
3080 2631 3174 2702 sed
3193 2645 3325 2702 eum
3359 2636 3561 2683 tantum
3582 2627 3671 2694 qui

2092 2709 2145 2762 iu
2174 2707 2368 2775 pietate
2394 2748 2408 2767 ,
2435 2705 2487 2759 in
2523 2701 2902 2775 philosophia,
2951 2703 3002 2756 in
3046 2701 3137 2756 Dei
3151 2701 3356 2775 timore
3388 2705 3633 2775 versatur
3656 2737 3671 2758 ,

2090 2769 2559 2841 aemulaberismoii
2579 2769 2753 2830 solum
2769 2773 2839 2828 ob
2864 2774 3054 2837 futura,
3073 2772 3165 2826 sed
3184 2771 3340 2825 etiam
3356 2769 3429 2841 ob
3449 2783 3674 2841 prmsen-

2092 2850 2182 2902 tia.
2208 2847 2338 2901 Nam
2360 2840 2521 2901 etiam
2550 2847 2636 2899 hic
2682 2847 2784 2900 iste
2812 2845 2906 2898 illo
2932 2844 3201 2902 potentior
3222 2853 3323 2895 est.
3353 2840 3672 2894 Meditemur

2091 2928 2147 2973 et
2175 2932 2275 2972 nos
2296 2916 2565 2987 quomodo
2596 2917 2763 2970 Deum
2792 2909 3058 2987 supplices
3084 2914 3233 2987 adire
3257 2912 3521 2987 possimus
3544 2924 3561 2964 :
3588 2909 3669 2987 di-

2090 2980 2435 3057 scamus-quo
2452 2996 2604 3055 pacto
2618 2987 2688 3042 sit
2713 2980 3002 3057 emittenda
3022 2980 3356 3057 supplicatio.
3386 2980 3502 3034 Non
3526 2980 3669 3033 enim

2090 3051 2406 3129 elegantiam
2448 3051 2639 3129 linguae
2664 3058 2801 3111 Deus
2836 3051 3208 3129 requirit,nnn
3240 3051 3523 3129 verborum
3550 3065 3672 3105 con.

2091 3121 2439 3185 structionem
2463 3172 2477 3195 ,
2503 3121 2597 3183 sed
2623 3129 2816 3183 anima:
2845 3121 3098 3195 speciem.
3131 3126 3207 3195 Ac
3233 3125 3275 3177 si
3307 3122 3396 3195 iila
3427 3121 3672 3195 loquatur

2090 3216 2152 3256 ea
2182 3215 2298 3268 quae
2329 3200 2425 3269 ipsi
2458 3192 2669 3269 placent
2690 3240 2705 3263 ,
2735 3214 2794 3252 re
2824 3192 2959 3253 bene
2985 3206 3134 3269 gesta
3160 3193 3409 3269 discedit.
3441 3192 3509 3269 Si_
3524 3192 3667 3245 enim

2090 3287 2154 3325 ex
2178 3261 2276 3325 viri
2298 3261 2593 3324 admirandi
2618 3261 2888 3323 consortio
2909 3261 3081 3337 quivis
3107 3266 3272 3320 multa
3310 3263 3447 3318 bona
3478 3261 3669 3337 decer-

2093 3342 2168 3411 pit
2191 3381 2206 3404 ,
2236 3342 2406 3395 multo
2434 3341 2633 3408 majora
2679 3341 2723 3393 is
2762 3340 2851 3406 qui
2900 3334 2994 3407 per
3016 3338 3257 3393 assiduas
3286 3348 3473 3411 preces
3502 3334 3669 3411 Deum

2090 3404 2217 3466 adit.
2272 3412 2325 3466 Si
2366 3412 2484 3481 quis
2517 3404 2673 3466 'enim
2707 3452 2722 3476 ,
2749 3404 2874 3465 licet
2901 3404 3167 3473 peccator
3214 3422 3337 3481 cum
3369 3404 3671 3481 humilitate

2095 3492 2366 3554 precetur,
2386 3475 2519 3554 qua:
2543 3492 2625 3535 est
2651 3475 2861 3554 virtutis
2884 3494 3005 3554 pars
3029 3481 3191 3533 multa
3215 3477 3417 3554 lucrari
3447 3475 3667 3546 poterit.

2094 3549 2553 3620 Quemadmodum
2600 3553 2909 3621 publicanus
2952 3550 3040 3604 ille
3082 3550 3227 3605 tenui
3278 3549 3448 3621 verbo
3500 3554 3668 3621 totum

2091 3616 2339 3693 perfecit,
2362 3626 2482 3693 qtlla
2506 3616 2657 3677 mens
2676 3623 2790 3690 ejus
2808 3629 2954 3676 recte
2971 3630 3221 3693 apparata
3244 3629 3377 3673 erat.
3396 3616 3674 3693 Quomodo

2089 3687 2240 3750 recte
2282 3687 2533 3762 apparata
2582 3687 2734 3748 erat?
2760 3687 3020 3760 Seipsum'
3044 3687 3307 3745 miserum
3345 3687 3670 3762 praadicavit,

2091 3775 2278 3835 pectus
2310 3756 2594 3835 percussit,
2625 3778 2797 3834 neque
2814 3756 3106 3835 adczelum
3139 3756 3431 3835 reSpicere‘
3447 3756 3670 3835 ferebai.

2092 3827 2147 3891 Si
2181 3845 2233 3889 tu
2255 3827 2331 3890 sic
2351 3827 2604 3898 oraveris,
2633 3827 2729 3889 ala'
2744 3834 3063 3887 velociorem
3090 3827 3321 3885 animam
3347 3828 3570 3884 efficies.
3592 3827 3675 3898 Sit

2090 3922 2222 3975 ergo
2255 3907 2491 3975 precatio
2518 3906 2711 3969 dulcis,
2741 3904 3055 3975 tranquilla,
3085 3912 3235 3975 grata
3264 3901 3516 3975 suavique
3543 3897 3674 3975 facie

2090 3967 2212 4032 cuin
2236 3967 2663 4042 mansuetudine,
2680 3967 2779 4030 nec
2794 3967 2979 4029 contra
3002 3967 3244 4028 inimicus
3260 3970 3537 4025 offeratur.
3552 3967 3676 4042 Haec

2093 4049 2249 4119 digna
2272 4048 2406 4102 caelo
2430 4039 2666 4119 precatio
2690 4055 2794 4119 est,
2819 4046 2933 4099 hrec
2955 4043 3155 4112 angelis
3175 4043 3336 4119 digna
3358 4042 3558 4119 lingua.
3582 4039 3675 4119 Sic

2092 4109 2234 4174 enim
2268 4134 2366 4186 pro
2399 4109 2551 4172 nobis
2580 4116 2961 4174 exaudiemur.
2991 4109 3111 4169 cum
3143 4109 3511 4186 pro'injuriaiu
3544 4109 3674 4186 infe-

2092 4180 2338 4243 rentibus
2364 4197 2423 4244 et
2450 4188 2761 4243 kedcntibus
2804 4180 3245 4255 supplicationem
3279 4180 3387 4255 Deo
3413 4180 3673 4235 obtuleri-

2092 4275 2232 4314 mus.
2266 4259 2321 4312 Si
2353 4262 2425 4312 ita
2453 4260 2683 4312 animam
2723 4253 3139 4321 concinnemus,
3164 4253 3462 4326 poterimus
3499 4261 3553 4326 et
3579 4266 3678 4306 uos

2092 4346 2213 4385 cum
2245 4329 2435 4383 fiducia
2468 4330 2577 4383 Deo
2603 4330 2782 4384 dicere
2812 4344 2825 4380 :
2859 4326 3096 4380 Miserere
3127 4323 3243 4391 uici,
3269 4334 3313 4378 et
3342 4323 3527 4376 exaudi
3550 4338 3671 4376 ora-

2092 4402 2279 4454 tionem
2304 4417 2465 4454 meam
2500 4400 2672 4469 (Psal.
2704 4400 2759 4453 4.
2783 4398 2841 4467 2)
2877 4414 2891 4461 ;
2930 4396 3192 4467 facileque
3235 4396 3322 4469 ille
3361 4404 3592 4469 antiuet,
3619 4401 3676 4447 cl.

2093 4486 2316 4542 regnum
2348 4464 2601 4525 calorum
2655 4464 3118 4542 nobis—largietur
3138 4486 3151 4522 :
3173 4466 3314 4542 quod
3346 4464 3548 4542 utinam
3578 4478 3679 4542 nos

2092 4535 2280 4596 onines
2311 4557 2702 4609 consumantur
2725 4582 2738 4603 ,
2769 4535 2950 4609 gratia'
2965 4547 3019 4592 et
3040 4537 3400 4609 _beuignitate
3441 4535 3683 4609 Domini.

2095 4614 2187 4668 Dei
2218 4621 2271 4665 et
2316 4606 2615 4668 SchaI—uris
2664 4606 2830 4665 nostri
2861 4609 2988 4665 Jesu
3026 4607 3246 4675 Christi,
3277 4610 3363 4663 cui
3405 4606 3573 4679 gloria
3621 4606 3674 4659 iu

2092 4684 2287 4738 Saecula
2328 4683 2665 4738 saeculorum.
2692 4684 2885 4737 Amen.

400 4865 3680 4931 Μ

1629 5064 2497 5179 MONITUM

1480 5301 1587 5362 AD
1629 5299 2070 5363 SERMONEM
2112 5298 2614 5374 SEQUENTEM.

474 5497 623 5552 ﬂutic
662 5509 963 5549 sermonem
1012 5508 1116 5546 non
1165 5490 1549 5563 Cbrysostomo
1602 5499 1803 5545 tantum
1823 5530 1843 5556 ,
1888 5489 1983 5546 sed
2088 5489 2221 5557 Quia
2248 5498 2426 5545 tamen
2450 5486 2677 5545 Savilius
2705 5484 2907 5553 edidit,
2936 5483 3077 5540 hunc
3100 5497 3224 5540 cum
3248 5482 3456 5539 caeteris
3482 5478 3669 5549 hujus—

394 5590 511 5661 ipsa
543 5602 749 5658 quoque
773 5584 888 5642 lucc
933 5582 1202 5655 indignum
1246 5596 1365 5639 esse
1396 5595 1554 5638 nemo
1592 5596 1697 5637 non
1727 5579 1978 5637 fateatur.

2097 5580 2238 5639 modi
2256 5579 2519 5638 mercibus
2538 5575 2912 5651 publicandam
2926 5574 3251 5635 censuimus.
