4062 6370
469 334 572 388 757

470 448 766 515 conﬁdunt,
794 448 887 505 sed
924 448 1007 502 vel
1038 448 1090 501 in
1122 446 1475 508 formositate,
1510 444 1589 496 vel
1637 444 1689 497 in
1718 442 1939 505 divitiis,
1974 444 2056 497 vel

474 522 525 575 in
579 521 771 576 robore
799 520 1059 588 corporis,
1093 524 1816 588 quaeutpotetemporanea
1867 515 2062 588 nullius

473 593 625 660 pretii
656 602 798 655 sunt,
820 583 1044 660 ideoque
1065 583 1351 660 pronihtlo
1376 583 2062 660 haberidicutrtur._Quam-

473 653 654 715 obrem
682 653 866 715 Daniel
894 653 1403 713 Nabuchodonosori
1430 656 1636 709 dicebat
1662 671 1677 709 :
1707 653 1958 707 Dominus
1989 664 2062 707 est

474 733 749 785 altissimus
778 731 918 801 regni
940 728 1219 801 hominum,
1243 736 1289 801 et
1313 727 1394 780 cui
1431 727 1529 801 ipsi
1551 726 1709 801 visum
1742 726 1890 801 fuerit
1919 725 2057 777 dabit

474 804 625 867 illud,
657 814 702 854 et
723 796 856 871 quod
887 816 976 871 pro
1003 799 1162 871 nihilo
1193 798 1403 871 habetur
1448 796 1707 871 ltontinntn
1730 796 1884 865 eriget
1912 812 2062 864 super

473 874 602 927 illud
655 866 817 943 (Dan.
859 871 910 926 5.
951 869 1067 939 21).
1108 868 1162 923 6.
1214 866 1370 921 Mane
1420 868 1549 943 sicut
1600 866 2061 943 berba_transeat:

476 959 625 997 mane
663 937 850 1007 'ﬂoreat
896 950 944 995 et
987 937 1243 995 transeat:
1269 953 1471 1007 vespere
1515 937 1735 1003 decidat,
1772 937 1973 991 induret
2014 945 2061 990 et

473 1032 523 1067 αι
536 1023 691 1065 rscat.

540 1082 598 1137 2.
643 1083 795 1136 Mane
833 1087 991 1135 vocat
1035 1087 1351 1149 prmsentem
1400 1078 1561 1131 vitam
1595 1092 1741 1132 :non
1769 1091 2055 1146 compara-

475 1154 619 1208 tione
664 1152 854 1219 futuri,
895 1151 990 1205 sed
1018 1151 1139 1220 quia
1166 1159 1409 1220 cessante
1438 1156 1702 1220 praesente
1731 1150 1893 1220 vita_,_
1914 1158 2062 1202 tene-

477 1224 585 1279 bra:
619 1224 807 1278 mortis
836 1217 1114 1277 accedunt.
1146 1221 1330 1289 Itaque
1357 1217 1488 1273 dicit
1509 1218 1770 1289 Jeremias
1796 1236 1810 1273 :
1851 1217 1941 1271 Va:
1969 1235 2062 1269 no-

475 1295 548 1348 bis
569 1334 585 1360 ,
624 1295 740 1364 quia
760 1292 1026 1347 declinavit
1053 1292 1178 1356 dies,
1199 1288 1251 1345 et
1272 1290 1462 1344 umbra:
1475 1288 1717 1364 deficiunt
1746 1288 1876 1364 (.ler.
1894 1289 1947 1343 6.
1967 1289 2055 1364 4):

475 1358 615 1418 diem
636 1358 814 1419 'vocat
851 1372 907 1418 et
948 1364 1060 1431 ipse
1100 1370 1415 1431 prmsentem
1442 1358 1601 1413 vitam
1626 1401 1641 1425 ,
1671 1358 1910 1431 umbram
1940 1361 2061 1413 vita)

476 1435 807 1500 institutum,
846 1430 988 1504 quod
1019 1430 1164 1488 brevi
1186 1432 1366 1504 durat.
1395 1430 1732 1504 Inprazsenti
1757 1431 1933 1504 itaque
1949 1432 2059 1504 vita

473 1516 557 1560 est
605 1500 881 1560 hominum
926 1504 1151 1559 felicitas
1189 1521 1202 1557 :
1250 1503 1336 1557 illa
1379 1501 1591 1571 quidem
1624 1509 1683 1554 ut
1720 1500 1917 1565 herba,
1948 1500 2063 1555 ha-c

474 1592 605 1630 vero
629 1586 686 1629 nt
706 1576 806 1630 llos
833 1576 1096 1644 prteterit,
1127 1573 1176 1628 id
1206 1581 1317 1638 est,
1342 1570 1438 1643 per
1454 1570 1686 1644 medium
1716 1573 1940 1644 transit;
1967 1572 2060 1625 sed

404 1658 411 1721 τ
476 1647 591 1721 hzcc
616 1641 918 1721 quidem—ut
945 1645 1297 1721 llosdecid‘it,
1329 1641 1471 1713 quod
1500 1642 1568 1696 sit
1592 1641 1893 1721 brevissimi
1920 1649 2060 1695 tem-

405 1713 412 1772 ὲ
476 1713 662 1786 ρονῖές
694 1719 781 1771 illa
806 1731 936 1770 vero
961 1717 1060 1771 etsi
1090 1716 1318 1784 quodam
1347 1723 1587 1786 tempore
1612 1713 2062 1786 virensﬂperseve-

476 1783 700 1854 raverit,
742 1797 917 1842 tamen
963 1783 1302 1848 obdureseit,
1341 1785 1661 1853 demumque
1688 1784 1919 1854 arefacta
1949 1783 2064 1838 sole

474 1853 693 1927 justitim
733 1858 1056 1918 exsiccatur,
1098 1858 1405 1925 faenumque
1447 1870 1568 1909 esse
1610 1853 2057 1927 deprehenditur,

476 1924 543 1983 ad
581 1930 851 1983 clibanum
877 1937 929 1982 et
952 1928 1375 1982 combustionem
1403 1932 1523 1994 apta
1545 1963 1561 1990 ,
1592 1926 1733 1995 quod
1759 1924 2065 1995 frequenter

404 1993 412 2009 ⁸
477 2001 686 2053 accidit.
725 2000 853 2053 Illud
894 1999 1053 2053 Isaias
1099 1999 1388 2068 propheta,
1425 1993 1584 2063 atque
1607 1993 1838 2068 Jacobus
1861 1993 1950 2068 fad
1983 1996 2065 2048 in-

477 2070 804 2125 stitutionem
848 2064 1112 2123 nostram'
1137 2064 1216 2123 sic
1244 2076 1622 2137 expresserunt
1655 2085 1667 2120 :
1719 2064 1898 2120 Omnis
1943 2081 2063 2120 caro

478 2144 699 2212 (mnum,
734 2151 779 2195 et
804 2140 967 2220 ontnis
992 2141 1169 2220 glorid
1185 2139 1412 2220 hominis
1426 2138 1570 2220 quusi
1592 2138 1688 2220 [ips
1712 2138 1838 2220 [terti
1860 2138 2063 2220 :emsic-

477 2206 645 2265 catum
688 2206 761 2267 est
806 2206 1026 2281 faenum',
1053 2221 1099 2263 et
1123 2206 1219 2281 ﬂos
1244 2213 1354 2281 eius
1379 2208 1562 2281 decidit
1583 2206 1745 2281 “sui.
1766 2207 1861 2281 4i).
1885 2210 1935 2263 6.
1968 2206 2021 2281 7_)
2046 2223 2061 2272 ;

477 2292 524 2336 et
553 2284 701 2336 decor
732 2278 899 2336 vultus
940 2283 1048 2352 ejus
1081 2278 1226 2350 periit
1253 2280 1457 2351 (Iacob.
1486 2281 1538 2333 1.
1573 2278 1687 2352 1i).
1716 2278 1820 2334 Sed
1850 2279 1963 2352 haec
1988 2278 2067 2333 lo-

478 2355 660 2417 quitur
685 2355 944 2424 propheta
959 2349 1542 2424 Vnon’precantis_morc
1560 2389 1576 2412 ,
1598 2349 1690 2424 sed
1715 2350 2067 2424 pronuntian-

480 2426 547 2476 tis
575 2434 628 2477 et
666 2420 990 2493 indignantis
1016 2440 1029 2474 :
1058 2424 1157 2476 etsi
1184 2424 1325 2476 enim
1350 2421 1597 2493 Transeat
1623 2420 1848 2493 dixerit,
1877 2420 1928 2493 ig
1956 2434 2065 2474 non

479 2496 710 2563 optantis
741 2490 823 2547 est
851 2512 862 2546 ε
891 2494 1031 2562 quod
1053 2493 1288 2548 declarat
1308 2492 1626 2559 Theodotio,
1645 2491 1743 2563 qui
1757 2506 1855 2560 pro
1878 2490 2066 2545 Trans-

478 2562 556 2617 eat
576 2605 590 2627 ,
628 2566 781 2617 habet
810 2563 1083 2618 Transivit.
1114 2564 1376 2618 Caeterum
1408 2578 1437 2617 a
1472 2564 1580 2616 Deo
1626 2562 1836 2617 vindice
1864 2571 1919 2617 et
1949 2578 2064 2630 rm-

482 2651 602 2689 nam
626 2651 723 2689 suo
753 2645 989 2702 tempore
1017 2635 1384 2704 peccatoribus
1409 2632 1679 2704 inﬂigente
1698 2673 1712 2696 ,
1747 2643 2064 2701 praesentem

479 2706 727 2760 decorem
759 2705 958 2760 destrui
986 2706 1276 2767 evincitur;
1307 2705 1359 2758 id
1378 2705 1591 2774 quodin
1611 2704 1853 2773 sequenti
1881 2704 2063 2758 decla-

482 2788 628 2829 ratur
672 2794 685 2828 :
725 2777 777 2830 7.
830 2775 963 2840 Quia
999 2777 1267 2843 defecimus
1297 2777 1351 2829 in
1375 2777 1453 2830 ira
1478 2786 1593 2839 tua,
1625 2784 1672 2827 et
1701 2776 1755 2827 in
1782 2778 1954 2845 furore
1978 2785 2068 2828 tuo

479 2848 664 2900 turbati
708 2863 898 2902 sumus.
946 2847 1350 2902 Moderatiorem
1398 2846 1475 2900 ira
1518 2847 1751 2900 furorem
1800 2846 1937 2900 solet
1982 2845 2069 2901 hic

483 2917 738 2985 propheta
787 2918 1086 2987 exprimere
1139 2934 1153 2972 :
1192 2918 1333 2987 quod
1377 2918 1607 2971 maxime
1643 2915 1825 2969 videas
1850 2915 1895 2968 si
1928 2918 2069 2972 hunc

481 3003 692 3043 versum
736 2988 877 3057 legas
925 3005 937 3041 :
990 2988 1231 3052 Domine,
1263 3004 1325 3041 ne
1351 2989 1404 3040 in
1432 2988 1602 3055 furore
1628 2997 1925 3057 tuoarguas
1954 3003 2064 3057 me,

481 3074 636 3126 neque
662 3061 713 3111 in
741 3055 819 3111 ira
844 3068 931 3111 tua
956 3058 1201 3128 corripias
1223 3075 1300 3110 me
1327 3057 1493 3129 (Psal.
1524 3058 1576 3110 6.
1608 3056 1686 3125 2).
1719 3055 1850 3111 Nam
1878 3056 2065 3129 redar-

479 3130 756 3195 gutionem
808 3130 970 3183 furori
996 3170 1012 3195 ,
1054 3127 1447 3197 cert-cptionem
1478 3143 1605 3182 vero
1626 3169 1641 3194 ,
1669 3142 1786 3197 qua:
1816 3127 2069 3194 redargu-

483 3200 679 3253 tionem
725 3202 962 3268 sequitur
981 3241 997 3263 ,
1026 3198 1228 3253 scilicet
1252 3199 1568 3268 supplicium
1592 3240 1605 3259 ,
1641 3199 1733 3251 ira:
1761 3197 2065 3268 adscripsit.

478 3270 833 3336 Quamobrem
863 3284 1003 3324 nunc
1022 3284 1120 3323 nos
1138 3268 1205 3323 ab
1230 3269 1304 3322 ira
1322 3270 1551 3323 deiicere
1575 3268 1724 3334 dicit,
1749 3268 1800 3322 id
1821 3276 1923 3334 est,
1946 3284 2064 3337 per-

480 3340 595 3404 ire;
633 3355 661 3393 a
703 3339 883 3393 furore
931 3349 1107 3395 autem
1147 3341 1345 3393 turbari
1377 3358 1390 3393 :
1420 3340 1507 3408 qui
1537 3354 1664 3394 vero
1694 3340 1937 3394 turbatur
1962 3356 2066 3394 non

479 3412 699 3466 omnino
728 3411 895 3479 perit,
940 3410 1033 3465 sed
1070 3410 1112 3464 si
1141 3411 1417 3481 resipiscat
1437 3420 1489 3464 et
1514 3418 1878 3481 convertatur,
1908 3411 1957 3466 id
1989 3411 2071 3465 lu-

479 3492 660 3536 cratur
700 3494 755 3535 ut
792 3496 889 3535 nec
915 3482 1044 3535 iram
1072 3479 1378 3549 experiatur
1405 3496 1504 3535 nec
1522 3479 1735 3535 deﬁciat
1764 3499 1777 3534 :
1809 3482 2068 3550 quemad-

483 3553 699 3607 tuodtun
741 3554 784 3606 is
819 3552 905 3622 qui
948 3552 1205 3619 arguitur,
1234 3553 1276 3604 si
1307 3561 1541 3606 mutatus
1562 3551 1752 3614 fuerit,
1776 3553 2071 3621 correptio-

482 3640 605 3677 ncm
643 3623 811 3678 vitare
856 3627 1069 3692 poterit.
1116 3625 1168 3678 8.
1221 3622 1445 3675 Posuisti
1471 3624 1758 3691 iniquitates
1788 3632 1986 3676 nostras
2014 3624 2069 3676 in

484 3705 751 3764 conspectu
794 3704 898 3747 tuo.
927 3692 1108 3748 Primo
1135 3693 1347 3763 quidem
1376 3693 1498 3763 quia
1532 3701 1714 3762 utpote
1739 3693 1912 3761 justus
1939 3707 2069 3761 pec-

480 3777 596 3819 cata
642 3765 789 3818 audit
825 3774 879 3819 et
917 3775 1198 3818 aversatur
1231 3781 1245 3826 ;
1284 3764 1475 3817 deinde
1499 3774 1553 3817 ut
1580 3766 1738 3828 jmlex
1769 3778 1877 3831 pra:
1903 3764 2071 3817 oculis

484 3838 640 3891 habet
662 3845 770 3889 tmn
801 3836 933 3889 bona
963 3850 1122 3904 opera
1141 3877 1156 3901 ,
1186 3844 1294 3887 ttun
1319 3835 1531 3889 delicta.
1558 3832 1817 3888 chulum
1845 3843 2071 3888 nostrum

483 3909 532 3961 in
570 3908 932 3960 illuminatione
959 3907 1121 3959 vultus
1147 3905 1236 3958 tui.
1270 3905 1409 3959 Nihil
1434 3906 1631 3976 quippe
1659 3918 1986 3976 eorumnum
2016 3905 2068 3959 itt

486 3980 601 4048 ipso
649 3986 1033 4048 perpetrantur
1060 3976 1223 4031 Deum
1272 3976 1427 4042 latet,
1463 3977 1703 4048 ideoque
1729 3975 1780 4027 in
1809 3975 2072 4048 illumina-

485 4045 683 4101 tionem
733 4048 898 4114 ipsius
925 4088 939 4110 ,
985 4045 1037 4100 id
1080 4058 1190 4112 est,
1221 4048 1398 4101 vultus
1425 4046 1541 4114 ejus
1567 4059 1824 4114 apparere
1850 4045 2065 4099 dicitur.

487 4120 551 4173 Et
578 4120 628 4172 in
664 4118 1101 4171 illuminationem
1131 4127 1210 4171 est
1243 4120 1414 4171 vultus
1444 4114 1573 4183 Dei;
1604 4116 1654 4170 id
1686 4126 1769 4170 est
1787 4114 1982 4170 Christi
2002 4157 2017 4180 ,
2040 4131 2069 4169 a

482 4206 586 4259 quo
610 4189 768 4243 debet
797 4187 1048 4242 sarculum
1081 4187 1464 4259 illttmiuari.’9.
1500 4187 1751 4252 Quoniam
1767 4203 1947 4259 omnes
1966 4187 2071 4241 dies

484 4257 640 4315 nostri
685 4260 989 4328 defectu-unt.
1034 4258 1357 4323 Quomodo?
1397 4258 1472 4312 Ex
1518 4258 1862 4327 sequentibus
1902 4257 2068 4310 disce.

487 4330 549 4383 In
591 4333 669 4383 ira
707 4340 794 4382 tua
835 4329 1128 4397 defecimus.
1170 4329 1302 4382 Cum
1348 4329 1665 4383 irasceretur
1704 4328 1845 4382 enim
1893 4328 2068 4395 Deus,

482 4401 693 4470 quando
724 4400 892 4454 Adam
920 4401 969 4452 in
997 4397 1241 4470 paradiso
1273 4400 1645 4470 prpvaricatus
1671 4408 1787 4470 est,
1821 4412 1919 4453 nos
1936 4414 2069 4466 (μιαι-

483 4468 587 4541 que.
612 4471 954 4541 deiecimus,
998 4468 1062 4524 et
1096 4484 1289 4541 omnes
1326 4468 1440 4524 dies
1474 4468 1649 4541 nostri
1674 4510 1689 4535 ,
1728 4469 1793 4541 id
1808 4478 1891 4523 est
1913 4509 1926 4530 ,
1962 4480 2070 4523 tota

484 4539 589 4596 vita
625 4551 805 4596 nostra
835 4539 1058 4606 defecit,
1086 4539 1266 4610 judice
1296 4553 1394 4594 nos
1420 4539 1486 4594 ad
1513 4548 1738 4594 mortem
1764 4539 2068 4594 damnante.

483 4613 615 4667 Anni
661 4612 821 4665 nostri
859 4611 986 4665 sicut
1024 4628 1212 4664 aranea
1236 4610 1621 4664 meditabantur.
1659 4610 1757 4663 Par
1785 4619 1901 4663 erat
1926 4611 2067 4664 enim

483 4683 799 4753 pruphetam
848 4682 981 4753 talia
1010 4681 1253 4736 meditari
1282 4692 1337 4735 et
1373 4680 1736 4753 philosOphari
1756 4721 1772 4746 ,
1802 4690 1857 4734 et
1888 4680 2071 4753 huma-

488 4750 608 4807 nam
636 4756 797 4807 vitam
835 4752 984 4821 quasi
1015 4767 1266 4806 araneam
1302 4761 1547 4819 reputare
1566 4750 1591 4816 ,'
1611 4750 1832 4820 haacque
1858 4752 2071 4805 assidue

486 4829 538 4879 in
568 4835 749 4880 mente
779 4837 994 4877 versare
1028 4840 1040 4876 :
1070 4822 1191 4875 hinc
1219 4822 1361 4876 enim
1395 4822 1628 4877 futurum
1654 4833 1800 4885 erat,
1826 4830 1880 4873 ut
1905 4823 2071 4875 mute—

484 4908 594 4951 stas
638 4910 726 4948 res
770 4892 1033 4962 patienter
1069 4892 1229 4946 ferret
1250 4933 1264 4957 ,
1299 4902 1352 4945 et
1374 4908 1435 4947 ea
1464 4909 1581 4961 quae
1607 4892 1922 4946 videbantur
1951 4894 2067 4946 tau-

486 4978 563 5021 sta
601 4981 717 5019 esse
747 4964 1066 5032 despiceret,
1092 4972 1271 5032 utpote
1298 4978 1415 5033 qua:
1440 4963 1633 5017 ﬂuxam
1667 4963 1923 5017 haberent
1946 4964 2071 5017 sub-

487 5040 753 5091 stantiam.
781 5036 868 5089 10.
900 5034 1015 5087 Dies
1039 5050 1290 5087 annorum
1328 5044 1613 5088 nostrorum
1632 5035 1685 5086 in
1716 5033 1838 5104 ipsis
1870 5042 2070 5101 septua-

488 5110 629 5189 gintq
656 5107 798 5159 anni.
826 5104 890 5159 In
916 5105 1040 5174 ipsis
1064 5147 1078 5170 ,
1105 5105 1161 5158 id
1192 5114 1275 5158 est
1294 5144 1307 5165 ,
1338 5104 1392 5158 in
1412 5105 1674 5189 aliquibus
1704 5121 1717 5156 :
1740 5104 1907 5189 pauci
1926 5106 2069 5185 enim

492 5173 542 5233 in
575 5180 722 5233 illum
756 5173 1015 5230 annorum
1055 5191 1332 5229 nmnerum
1369 5173 1691 5244 perti'ngunt.
1733 5173 1795 5229 Si
1822 5187 1989 5227 autem
2018 5177 2072 5228 in

488 5250 749 5319 potentiis,
777 5248 1026 5319 octoginta
1047 5248 1186 5319 anni.
1218 5246 1512 5319 Potentiam
1544 5254 1699 5299 vocat
1728 5246 1921 5319 bonam
1938 5260 2060 5319 cor-

492 5313 633 5387 poris
676 5313 1055 5374 habitudinem.
1102 5316 1455 5387 Symmachus
1497 5325 1672 5370 autem
1714 5330 1811 5387 pro
1846 5316 1973 5380 illo,
2002 5313 2072 5369 In

489 5386 726 5458 potentiis
758 5430 774 5452 ,
816 5387 883 5442 ln
920 5386 1258 5457 inexspectato
1318 5386 1485 5458 edidit
1543 5403 1590 5458 :_
1619 5386 1910 5458 ostendens
1939 5402 2068 5458 "non

490 5450 643 5516 l‘acile
683 5450 831 5522 esse,
870 5459 1028 5514 etiam
1065 5450 1293 5526 corpore
1332 5457 1469 5511 bene
1511 5456 1806 5522 valentem,
1844 5455 1911 5511 ad
1938 5450 2068 5511 illud

490 5534 663 5587 aetatis
702 5531 999 5601 pervenire.
1026 5527 1095 5580 Et
1121 5529 1288 5601 major
1317 5543 1434 5596 pars
1463 5543 1633 5601 eorum
1662 5526 1802 5580 labor
1826 5536 1872 5580 et
1900 5528 2066 5601 dolor.

490 5598 755 5657 Araneain
809 5614 936 5670 ergo
991 5608 1144 5653 vocat
1192 5598 1475 5652 humanam
1520 5600 1709 5670 vitam,
1766 5606 1875 5670 tum
1926 5598 2068 5666 quod

491 5674 639 5729 brevi
669 5668 909 5742 tempore
927 5670 1083 5723 duret
1107 5686 1123 5733 ;
1153 5670 1430 5742 inﬁrmitas
1452 5668 1594 5742 enim
1618 5668 1827 5742 propria
1844 5677 1931 5742 est
1949 5682 2068 5723 ara-

492 5761 640 5810 nea};
669 5738 947 5813 tum—quod
974 5743 1206 5794 laborem
1237 5751 1289 5792 et
1318 5738 1557 5813 dolorem
1582 5738 1820 5813 inutilem
1843 5738 2065 5806 habeat;

490 5821 657 5873 multo
692 5809 838 5872 enini
863 5816 1040 5869 lahot'c
1069 5825 1117 5868 ct
1150 5810 1386 5866 molestia
1414 5823 1608 5863 aranea
1637 5809 1707 5864 οι)
1733 5818 1953 5865 texturae
1985 5818 2065 5869 lc—

1746 327 1811 382 IN
1849 326 2172 384 PSALMUM
2216 326 2471 383 LXXXIX
2484 369 2496 382 .

3659 330 3757 382 75a

2176 446 2428 498 unitatem
2474 458 2607 512 opus
2647 441 2853 510 perlicit
2887 460 2898 495 :
2935 442 3133 496 inutilis
3166 442 3321 512 igitur
3347 450 3428 497 est
3457 457 3642 497 eorum
3680 446 3752 497 la-

2170 514 2303 581 bor,
2356 515 2849 581 infructuosumque
2892 514 3051 567 habet
3095 514 3318 568 exitum.
3363 513 3476 568 Hac
3515 528 3645 570 vero
3689 517 3759 571 de

2168 598 2328 639 causa
2364 585 2526 639 vitam
2569 586 2854 638 humanam
2887 584 3216 653 septuaginta
3244 600 3503 638 annorum
3534 601 3759 641 numero

2167 656 2614 723 circumscripsit,
2664 656 2871 708 etiamsi
2916 656 3065 708 multi
3115 654 3182 708 ad
3230 668 3444 709 centum
3485 665 3539 709 et
3579 656 3760 725 plures

2167 738 2337 780 annos
2367 727 2703 796 pertingant,
2734 725 2815 779 vel
2842 734 2987 780 certe
3020 726 3138 787 illos
3163 740 3358 789 annos,
3387 726 3429 780 si
3457 729 3759 796 octuagesi-

2170 812 2312 850 mum
2373 797 2675 868 excedant,
2732 810 2798 849 ne
2842 796 3200 868 numerandos
3250 797 3463 868 quidem
3511 799 3756 868 putavit,

2169 881 2361 935 nempe
2395 866 2543 937 quasi
2572 881 2960 936 supervacuos,
2994 866 3422 935 quandoquidem
3453 866 3757 936 hujusmodi

2169 938 2414 992 homines
2456 938 2507 991 in
2554 947 2851 991 extremum
2891 940 3097 991 senium
3126 938 3363 1003 deducti,
3397 940 3620 994 mortuis
3645 940 3757 995 fere

2167 1008 2368 1062 similes
2409 1018 2555 1063 sunt.
2609 1008 2861 1073 Quoniam
2907 1010 3186 1077 supervenit
3228 1009 3561 1063 mansuetudo
3604 1026 3759 1077 super

2167 1096 2257 1133 nos
2275 1119 2290 1140 ,
2317 1089 2363 1132 et
2389 1079 2739 1149 corripiantur.
2770 1078 3229 1149 Mansuetudinem
3258 1089 3409 1133 vocat
3436 1083 3756 1135 sententiam

2166 1150 2220 1204 in
2254 1164 2353 1204 nos
2378 1165 2406 1203 a
2432 1150 2542 1204 Deo
2568 1150 2819 1203 emissam
2848 1165 2861 1201 :
2899 1148 3058 1202 Terra
3083 1167 3134 1204 es
3152 1192 3166 1215 ,
3198 1151 3321 1203 et'in
3342 1163 3525 1204 terram
3544 1163 3759 1206 reverte-

2164 1222 2236 1275 ris
2276 1219 2424 1293 (Gen.
2470 1222 2524 1275 5.
2570 1219 2677 1291 l9).
2708 1220 3017 1293 Deusenim
3041 1236 3161 1274 cum
3193 1221 3367 1289 priora
3397 1224 3656 1291 supplicia
3689 1224 3759 1276 lc-

2166 1288 2294 1347 nire‘
2315 1292 2475 1345 vellet
2499 1288 2719 1359 (nempe
2746 1289 2871 1343 illud
2892 1331 2907 1351 ,
2939 1288 3002 1344 In
3029 1293 3213 1345 sudore
3240 1292 3405 1346 vultus
3433 1288 3756 1348 tui'comedes

2168 1380 2349 1434 panem
2377 1371 2515 1415 tuum
2546 1359 2730 1434 [Ibid]
2758 1378 2776 1434 ;_
2804 1371 2858 1415 et
2880 1361 3026 1434 illud,
3050 1362 3241 1434 spinas
3260 1364 3538 1434 et_tribulos
3564 1367 3754 1434 genui-

2166 1433 2303 1487 nabit
2341 1434 2427 1487 tibi
2463 1430 2599 1486 terra
2637 1430 2794 1504 [lbid.
2827 1447 2875 1484 v.
2908 1430 3044 1504 18]),
3078 1432 3265 1504 borum
3298 1432 3457 1487 tinem
3488 1430 3754 1504 excogitat

2169 1505 2322 1559 nobis
2352 1515 2581 1559 mortem
2606 1544 2621 1566 ,
2640 1503 2708 1556 ut
2734 1503 3017 1557 admodum
3042 1503 3432 1571 corriperemus
3452 1546 3467 1569 ,
3501 1520 3607 1559 non
3631 1503 3758 1559 um—

2169 1585 2275 1629 tam
2324 1590 2570 1644 ptenam,
2617 1583 2867 1639 quantam
2911 1574 3188 1628 utilitatem
3234 1574 3553 1644 accipientes
3587 1594 3599 1629 :
3630 1592 3753 1630 nam

2167 1662 2262 1714 spe
2307 1647 2494 1701 mortis
2542 1644 2708 1699 multa
2753 1644 2909 1711 hujus
2950 1645 3073 1699 vita:
3111 1644 3247 1697 mala
3277 1644 3625 1700 declinamus.
3659 1650 3748 1701 11.

2170 1718 2295 1782 Quis
2334 1718 2470 1771 novit
2495 1724 2786 1788 potestatem
2812 1716 2904 1769 ira:
2926 1723 3028 1769 tua:
3045 1757 3063 1785 ,
3092 1724 3139 1768 et
3166 1732 3197 1768 a
3222 1716 3398 1769 timore
3421 1729 3505 1772 tuo
3530 1721 3754 1788 furorem

2168 1802 2308 1842 tuum
2336 1788 2656 1842 dinumerare
2670 1786 2696 1840 Σ)

2240 1861 2288 1913 5.
2335 1859 2432 1913 llic
2458 1873 2643 1912 vocem
2675 1855 2800 1929 Quis
2824 1855 3059 1929 adhibet,
3084 1871 3189 1910 non
3219 1855 3359 1925 quod
3390 1871 3502 1929 rem
3549 1858 3755 1929 impos-

2167 1930 2375 1984 sibilem
2431 1939 2600 1997 putet,
2646 1928 2737 1981 sed
2786 1926 2925 1996 quod
2969 1943 3144 1981 raram
3175 1926 3663 1997 :qucmadmodum
3691 1931 3760 1984 il-

2169 2001 2257 2055 lud
2292 2019 2309 2073 ξ
2340 2002 2466 2068 Quis
2494 1998 2727 2073 ascendet
2756 2000 2809 2073 in
2840 2009 3059 2073 montem
3086 1997 3499 2073 Dentiniil’srtl.
3530 2000 3620 2073 ἐξ.
3651 2002 3747 2073 5)?

2168 2082 2241 2135 et,
2277 2072 2404 2139 Quis
2433 2081 2502 2124 est
2526 2070 2674 2123 homo
2694 2071 2779 2134 qui
2810 2069 2912 2121 vult
2932 2070 3082 2121 vitam
3106 2068 3275 2139 (Psal.
3303 2071 3391 2125 53.
3419 2071 3548 2137 51)?
3580 2068 3749 2129 Raros

2168 2144 2311 2197 enim
2351 2141 2658 2211 ltujttsmodi
2687 2142 2851 2205 viros,
2880 2140 3143 2209 simulque
3170 2140 3348 2193 beatos
3376 2140 3755 2211 interrogando

2168 2210 2544 2268 declarat.’Sic
2569 2210 2748 2265 ethoc
2778 2211 2932 2264 loco:
2965 2226 3083 2262 nam
3128 2225 3286 2264 nosse
3317 2210 3629 2279 potestatem
3660 2213 3755 2268 ira:

2170 2284 2285 2349 Dei,
2324 2294 2379 2339 et
2419 2299 2449 2338 a
2490 2283 2679 2335 timore
2725 2280 2862 2348 ejus,
2912 2281 3026 2335 sive
3067 2291 3283 2350 propter
3328 2283 3574 2336 timorem
3610 2283 3751 2351 ejus,

2170 2356 2300 2409 iram
2332 2354 2447 2423 ejus
2492 2354 2852 2416 dinumerare,
2902 2366 2997 2405 seu
3039 2352 3304 2423 curiosius
3336 2353 3655 2422 investigare
3697 2364 3755 2408 et

2117 2452 2125 2459 -
2170 2427 2418 2486 scrutari,
2460 2424 2836 2478 abstinentiam
2868 2436 2896 2474 a
2925 2422 3159 2491 peccatis
3207 2431 3263 2475 et
3307 2423 3516 2477 virtutis
3544 2426 3753 2479 exerci-

2169 2499 2300 2553 tium
2327 2504 2599 2562 operatur.
2624 2494 2712 2547 1'2.
2737 2492 3007 2546 Dexteram
3034 2502 3173 2545 tuam
3200 2495 3272 2546 sic
3299 2503 3469 2547 notam
3492 2494 3575 2562 [ac
3604 2495 3749 2562 mihi,

2170 2578 2216 2623 et
2236 2567 2459 2621 eruditos
2480 2564 2630 2618 corde
2655 2565 2709 2617 in
2746 2564 3013 2632 sapientia.
3045 2564 3322 2617 Dexteram
3360 2565 3449 2618 Dei
3478 2564 3752 2620 Christum

2169 2648 2356 2693 vocat:
2376 2636 2612 2693 eruditos
2640 2633 2802 2689 corde
2824 2634 2878 2688 in
2906 2634 3184 2704 sapientia,
3213 2635 3313 2689 hoc
3338 2643 3438 2704 est,
3467 2636 3519 2689 in
3542 2636 3756 2692 Christo

2197 2710 2427 2764 Christus
2454 2708 2596 2778 enim
2627 2705 2724 2761 Dei
2752 2705 2929 2778 virtus,
2960 2703 3005 2759 et
3033 2704 3133 2758 Dei
3150 2706 3398 2778 sapientia
3422 2703 3443 2778 [
3470 2708 3521 2761 1.
3547 2705 3666 2778 Cor.
3696 2708 3751 2762 1.

2242 2776 2892 2853 ]),apostolos_inl_ellige
2916 2793 2930 2830 :
2955 2790 3134 2853 neque
3170 2777 3311 2853 enim
3356 2776 3509 2843 dixit,
3550 2776 3753 2853 Lingua

2171 2846 2432 2912 eruditos,
2480 2849 2575 2902 sed
2603 2846 2783 2910 Corde,
2828 2847 2970 2915 quod
3014 2846 3269 2915 apostolis
3316 2856 3497 2916 utpote
3538 2846 3754 2904 deiieris

2172 2922 2453 2993 proprium
2473 2927 2575 2993 est,
2606 2918 2706 2993 qui
2726 2929 2959 2993 meptem
2988 2917 3189 2993 Christi
3218 2917 3755 2993 habenttutPaulus

2171 2987 2385 3047 dicebat
2411 2990 2486 3059 (l.
2520 2987 2639 3043 Cor.
2677 2988 2733 3042 2.
2768 2987 2881 3057 16).
2912 2987 3095 3059 Rogat
3124 2988 3282 3057 igitur
3330 2996 3389 3042 ut
3425 2987 3668 3059 Christus
3700 2999 3757 3045 et

2171 3058 2804 3133 apostolicognoscantnr
2832 3075 2845 3111 :
2876 3058 2928 3112 id
2970 3070 3074 3123 est,
3109 3060 3431 3133 revolentur,
3462 3059 3583 3128 quia
3630 3058 3756 3114 hinc

2172 3129 2378 3204 pendet
2451 3140 2708 3204 nostrum‘
2749 3139 3087 3204 peccatorum
3125 3129 3289 3183 salus.
3336 3129 3757 3204 Cteterumcum

2170 3200 2323 3267 dicit,
2353 3203 2443 3259 Sic
2483 3210 2654 3255 notam
2682 3200 2783 3271 fac,
2827 3214 2927 3254 nec
2964 3200 3112 3255 addit
3138 3216 3243 3269 quo
3272 3210 3443 3270 pacto,
3490 3200 3757 3271 signiﬁcat

2173 3290 2232 3332 se
2255 3275 2397 3330 velle
2421 3272 2634 3343 quidem
2665 3271 2864 3343 dicere,
2888 3286 2995 3339 quo
3024 3271 3183 3343 modo
3204 3271 3476 3343 Christum
3509 3271 3758 3343 revelan-

2173 3347 2298 3402 dum
2330 3341 2596 3416 precetur,
2644 3356 2768 3394 num
2810 3341 2863 3394 in
2912 3342 3255 3416 cxaltatione,
3290 3358 3413 3416 num
3458 3342 3511 3396 in
3543 3341 3758 3416 humili-

2174 3412 2612 3481 tatefhaesitare
2658 3425 2787 3466 vero
2824 3427 2983 3480 quem
3025 3413 3242 3466 modum
3300 3412 3500 3481 eligere
3539 3427 3633 3481 par
3662 3413 3755 3467 sit.

2171 3488 2480 3543 Sublimitas
2510 3485 2704 3555 quippe
2731 3483 2849 3551 ejus
2876 3482 3022 3537 illum
3057 3483 3227 3537 reddit
3269 3482 3577 3555 hominibus
3607 3483 3756 3538 inac-

2173 3573 2418 3620 cessum;
2488 3553 2761 3609 humilitas
2823 3568 2952 3625 vero
3017 3553 3342 3625 contemptui
3397 3553 3754 3625 expositum:

2173 3628 2519 3697 quamobrem
2548 3625 2790 3679 Christus
2822 3624 3054 3679 medium
3086 3624 3536 3697 interutrumque
3573 3624 3755 3697 elegit,

2175 3695 2301 3753 cum
2374 3697 2726 3752 lmmilitatcm
2798 3710 3155 3749 :erumnarum
3233 3696 3505 3750 miraculis
3565 3695 3757 3749 erexit.

2176 3773 2263 3826 15.
2294 3768 2611 3830 Convertere,
2642 3764 2877 3827 Domine,
2909 3764 3204 3836 usquequo?
3229 3776 3273 3819 et
3294 3766 3623 3834 deprecabilis
3651 3776 3758 3819 esto

2175 3858 2325 3911 super
2350 3855 2519 3911 servos
2543 3848 2674 3891 tuos.
2704 3836 2820 3911 Non
2852 3837 3023 3911 ipsum
3051 3838 3293 3911 converti
3326 3838 3513 3911 Deum,
3537 3836 3631 3911 sed
3659 3850 3759 3890 nos

2175 3906 2436 3974 converti,
2472 3910 2523 3963 id
2554 3917 2655 3974 est,
2684 3908 2877 3976 corrigi
2920 3918 3187 3976 precatur.
3237 3906 3362 3962 Sive
3400 3908 3562 3961 etiam
3589 3906 3755 3961 Deum

2174 3981 2415 4036 converti
2441 3980 2571 4044 vult,
2612 3989 2672 4033 ut
2705 3991 2994 4032 conversus
3017 3978 3169 4047 quasi
3203 3988 3385 4047 pastor
3410 3993 3537 4033 oves
3574 3993 3759 4033 erran-

2176 4064 2256 4108 tes
2290 4051 2556 4118 respiciat,
2601 4064 2695 4116 pro
2703 4049 2914 4172 (quibus
2951 4062 3072 4101 eum
3099 4049 3491 4118 deprecabilem
3532 4062 3654 4103 esse
3686 4048 3757 4102 ob

2176 4136 2411 4172 errorem
2435 4127 2671 4172 exoutat.
2752 4133 2972 4172 saueauo
2992 4127 3168 4172 autem
3194 4119 3322 4172 dicit
3348 4134 3453 4172 non
3477 4120 3752 4172 incusans.

2174 4136 2411 4177 errorem
2435 4127 2671 4189 exoptat.
2703 4119 2972 4187 Usquequo
2992 4127 3168 4174 autem
3194 4119 3322 4173 dicit
3348 4134 3453 4173 non
3477 4120 3752 4186 incusans,

2176 4193 2268 4247 sed
2298 4191 2446 4261 quasi
2474 4191 2758 4258 deplorans
2791 4190 3317 4261 procrastinationem
3351 4190 3463 4254 Dei,
3497 4200 3556 4245 ut
3572 4202 3761 4261 oaen-

2175 4263 2268 4315 dat
2313 4258 2399 4316 res
2441 4272 2654 4340 nostras
2691 4260 2965 4343 celeritate
3006 4275 3141 4343 op'ns
3178 4260 3394 4341 habere.
3425 4258 3760 4343 14.‘Repleti

2174 4350 2346 4386 sumus
2374 4348 2520 4385 mane
2546 4330 2889 4383 misericordia
2917 4340 3024 4394 tua,
3058 4330 3307 4385 Domine:
3327 4342 3373 4385 et
3398 4330 3761 4386 exsultavimus

2176 4414 2221 4456 et
2265 4403 2422 4457 (tutati
2465 4401 2709 4454 sumusin
2761 4399 2992 4454 omnibus
3038 4402 3211 4457 diebus
3263 4403 3473 4457 nostris.
3510 4401 3757 4457 Nondum

2177 4479 2473 4527 orationem
2516 4472 3135 4544 propheta_contp!evit;
3170 4472 3314 4527 illam
3355 4477 3551 4544 quippe
3584 4488 3761 4542 prose-

2175 4550 2355 4613 quitur
2390 4544 2549 4598 etiam
2578 4542 2629 4613 in
2667 4541 2909 4613 versibus
2933 4544 3279 4612 sequentibus
3313 4541 3760 4613 :attzimenquasi

2176 4611 2233 4669 re
2263 4617 2555 4685 impetrata
2575 4612 2682 4680 jam
2712 4611 2963 4685 loquitur,
3007 4628 3128 4685 cum
3170 4629 3227 4667 se
3260 4614 3519 4685 repletum
3548 4611 3761 4669 miseri-

2176 4683 2355 4739 eordia
2388 4684 2502 4749 Dei,
2546 4684 2648 4737 hoc
2680 4690 2783 4749 est,
2820 4683 3038 4756 largiter
3068 4684 3156 4739 illa
3181 4683 3432 4753 gaudere,
3461 4686 3759 4756 gloriatur;

2177 4757 2641 4825 repletumautem
2670 4768 2727 4807 se
2756 4768 2875 4807 esse
2906 4753 3059 4825 Mane
3081 4756 3224 4817 dicit,
3257 4753 3763 4825 temptis'deuotaus

2176 4824 2585 4897 resurrectionis
2612 4825 2911 4897 Srrvatoris
2940 4824 3131 4896 (Valde
3168 4824 3511 4897 manedhqnit
3552 4826 3763 4880 Marcus

2176 4895 2324 4967 [ϐαρ.
2355 4896 2441 4951 16.
2462 4912 2512 4968 υ.
2610 4935 2625 4962 ,
2654 4894 2755 4949 hoc
2782 4894 2976 4968 factum
3002 4901 3127 4965 est),
3150 4898 3235 4968 vel
3258 4894 3432 4952 etiani
3446 4908 3760 4967 [im-sentem

2178 4965 2338 5021 vitam
2383 4965 2687 5036 signiﬁcans
2715 4980 2816 5035 qua
2848 4966 3216 5022 misericordia
3242 4969 3354 5029 Dei,
3385 4965 3578 5036 nempe
3604 4968 3760 5022 Chri-

2176 5047 2290 5091 stus
2333 5036 2700 5107 peregrinatus
2736 5045 2845 5101 est;
2887 5038 3041 5107 cujus
3090 5039 3241 5092 bonis
3288 5054 3539 5108 perquam
3581 5039 3760 5091 multis

2177 5110 2364 5177 repleti
2410 5122 2596 5161 smnus
2624 5124 2637 5159 :
2664 5108 2731 5162 de
2756 5108 2944 5177 quibus
2972 5109 3356 5163 exsultavimus
3381 5119 3436 5163 et
3471 5109 3631 5162 lentati
3670 5124 3761 5164 su-

2177 5194 2294 5232 mus
2326 5179 2573 5233 omnibus
2598 5178 2816 5232 diebus:
2839 5180 3283 5247 quemadmodum
3300 5179 3499 5235 Judazis
3519 5180 3761 5249 contigit,

2173 5250 2261 5318 qui
2291 5251 2518 5319 quodam
2548 5256 2787 5317 tempore
2807 5249 3134 5303 dominatum
3158 5252 3521 5314 obtinuerunt,
3547 5264 3612 5305 ac
3639 5266 3764 5305 rur-

2178 5334 2271 5373 sus
2314 5320 2807 5391 inimieishsnbacti‘
2839 5329 2982 5384 sunt,
3033 5320 3198 5388 iisque
3246 5322 3583 5375 servierunt:
3615 5321 3762 5391 quod

2176 5391 2229 5443 in
2290 5391 2425 5461 libro
2472 5389 2714 5444 Judicum
2785 5388 3090 5457 frequenter
3139 5393 3376 5445 enarrari
3440 5388 3761 5461 comperies.

2178 5461 2269 5515 15.
2319 5459 2499 5514 La’tati
2544 5476 2721 5515 sumus
2767 5476 2859 5528 pro
2901 5461 3073 5514 diebus
3111 5462 3418 5529 quibus'nos
3460 5459 3761 5529 ltuniiliasti,

2177 5532 2324 5585 annis
2353 5532 2529 5599 quibus
2560 5530 2774 5583 vidimus
2818 5530 2973 5582 mala.
3019 5530 3165 5595 Quos
3193 5534 3309 5587 dies
3338 5533 3485 5596 dicit,
3535 5534 3634 5587 nisi
3670 5549 3764 5589 eos

2176 5603 2367 5675 quibus
2392 5602 2491 5675 sub
2525 5601 2781 5656 servitute
2807 5601 3069 5675 idolorum
3097 5603 3460 5669 versabantur,
3493 5606 3543 5659 in
3570 5605 3765 5675 quibus

2176 5688 2275 5727 nos
2309 5672 2627 5735 hnmiliavit,
2667 5686 2787 5725 cum
2816 5673 3059 5739 permisit
3085 5681 3142 5726 ut
3180 5685 3481 5728 nostrarum
3510 5672 3763 5730 manuum

2176 5744 2427 5812 operibus
2469 5743 2829 5798 serviremus?
2869 5743 3020 5797 Tunc
3064 5743 3229 5798 multa
3272 5754 3326 5799 et
3373 5745 3581 5801 diversa
3624 5748 3763 5799 mala

2180 5815 2423 5881 vidimus,
2453 5831 2555 5869 non
2587 5813 2745 5869 modo
2776 5814 3207 5885 blaSphemantcs
3233 5817 3284 5870 in
3311 5817 3642 5888 Creatorem,
3672 5817 3769 5873 sui
