4094 6368
349 379 450 434 7ὕ9

343 493 505 547 etiam
535 499 736 545 naturae
758 489 876 558 jura
915 487 1220 557 ignorantes
1249 503 1259 539 :
1293 485 1431 540 iilios
1461 486 1664 558 quippe
1706 494 1765 541 et
1794 486 1929 540 tilias

344 574 556 617 nostras
583 557 862 615 daunoniis
889 559 1298 612 immolavimus.
1330 558 1416 611 16.
1449 557 1513 610 Et
1532 573 1722 624 respice
1745 559 1798 610 in
1821 573 1933 611 ser-

344 651 430 687 ros
468 644 581 687 tuos
609 645 653 685 et
679 633 732 684 in
766 646 920 700 Opera
957 641 1064 688 tua.
1108 639 1153 682 et
1182 630 1344 698 dirige
1365 630 1502 692 filios
1529 644 1721 700 eorum,
1745 627 1922 700 _Vides

344 719 554 758 rursum
608 697 876 772 ψιοιιιόιιυ
919 700 1215 754 orationem
1261 697 1582 768 resumpsit?
1623 697 1760 772 Quid
1806 713 1934 772 vero

345 767 639 845 precatur?
664 772 730 828 Ut
758 771 900 826 Deus
931 785 1028 824 nos
1051 781 1104 824 et
1127 784 1288 845 opera
1315 767 1492 823 nostra
1533 769 1802 845 respiciat.
1827 767 1934 824 Re-

343 839 532 914 spiciet
559 853 736 898 autem
766 851 960 914 nos,et
985 851 1043 894 ut
1069 841 1316 911 proprios
1345 853 1530 914 servos
1552 839 1787 914 habebit.
1808 853 1930 914 cum

347 911 466 986 eius
512 915 615 986 legi
647 915 773 984 (hoc
813 913 956 966 enim
999 926 1275 966 servorum
1325 912 1594 980 proprium
1639 911 1743 980 est)
1771 911 1932 964 obse-

343 985 570 1057 quentes
595 985 884 1057 rat-rimus;
916 993 1041 1057 tunc
1083 989 1290 1057 nos‘et
1310 995 1471 1050 opera
1514 989 1717 1044 nostra,
1748 988 1933 1057 utpo_te

344 1049 504 1120 bona,
539 1057 808 1126 respicere
832 1053 1155 1126 dignabitur.
1187 1051 1385 1126 Diriget
1426 1061 1739 1126 autemnos
1777 1049 1830 1106 et
1864 1049 1931 1104 ii-

346 1130 448 1182 lios
482 1122 696 1181 nostros
739 1122 1003 1184 carnales.
1037 1125 1145 1178 imo
1188 1124 1348 1178 etiam
1393 1122 1718 1190 spirituales.
1747 1129 1931 1190 utpote

349 1200 442 1264 qni
492 1214 520 1250 a
571 1196 730 1252 bonis
773 1195 911 1250 bona
949 1194 1255 1259 didicerint,
1284 1192 1473 1246 videns
1503 1207 1605 1264 eos
1636 1190 1765 1264 tiri
1789 1190 1933 1264 dire-

346 1260 526 1323 ctione
550 1268 740 1338 dignos
765 1279 901 1320 esse.
932 1267 1018 1321 i7.
1048 1263 1111 1318 Et
1132 1265 1195 1318 sit
1221 1263 1461 1334 splendor
1491 1260 1701 1338 Domini
1729 1261 1823 1315 Dei
1843 1278 1933 1315 no-

345 1342 439 1395 stri
467 1333 754 1408 super'nos,
769 1347 815 1391 et
835 1353 988 1408 opera
1014 1333 1255 1408 manuum
1282 1333 1756 1408 nostrarunrdirige
1781 1349 1934 1408 super

348 1427 461 1464 nos.
489 1403 545 1465 Si
575 1403 875 1480 splendore
893 1407 1006 1480 Dei,
1048 1404 1400 1460 illustratione
1427 1404 1673 1480 videlicet
1703 1403 1934 1480 Spiritus

347 1481 540 1543 sancti,
569 1471 871 1549 dignemur,
901 1476 1540 1549 cujusconsortcssancti
1573 1490 1726 1549 suum
1747 1471 1802 1528 et
1832 1471 1958 1543 ipsi'

347 1544 687 1619 splendorem
716 1549 949 1603 habuere
966 1544 988 1602 ἐ
1015 1547 1089 1600 ait
1117 1547 1258 1601 enim
1290 1563 1304 1599 :
1336 1544 1402 1619 In
1429 1544 1779 1619 splendoribus
1807 1560 1931 1619 sun-

349 1615 545 1675 ciorum
601 1632 841 1682 tuorum;
901 1635 964 1673 ex
1009 1627 1150 1672 utero
1207 1625 1324 1670 ante
1371 1617 1638 1685 luciferum
1689 1615 1839 1685 genui
1889 1624 1936 1669 te

350 1692 522 1760 (I’sal.
551 1691 676 1746 109.
708 1688 764 1762 5)
791 1707 806 1744 :
842 1688 1010 1762 Opera
1039 1698 1732 1762 manuumnostrarum,seu
1761 1686 1933 1739 actio-

350 1756 468 1831 nes,
509 1778 664 1830 super
692 1756 817 1820 nos,
855 1759 906 1814 id
947 1768 1154 1831 cstpro
1183 1758 1356 1831 nobis,
1401 1772 1446 1831 a
1473 1756 1591 1831 Deo
1610 1756 1930 1831 diriguntur,

352 1835 432 1888 sic
455 1826 762 1886 secundum
794 1831 963 1900 legent
1003 1826 1071 1882 ab
1111 1830 1225 1900 ipso
1251 1828 1742 1900 dispositm,__itaut
1780 1826 1935 1900 nobis

351 1904 558 1958 dicatur
589 1901 640 1956 id
668 1901 808 1968 quod
839 1897 1091 1970 apostolis
1120 1897 1502 1952 dictutn’luit:
1533 1897 1624 1952 Sic
1647 1898 1808 1970 luceat
1847 1899 1937 1950 lux

351 1983 513 2027 vestra
538 1967 708 2025 coram
736 1967 1042 2035 hominibus,
1082 1981 1136 2021 ut
1165 1970 1367 2022 videant
1402 1985 1556 2038 opera
1594 1979 1757 2038 vestra
1781 1967 1933 2031 bona,

350 2055 399 2098 et
427 2044 705 2113 gloriﬁcent
729 2041 936 2095 Patrem
965 2050 1181 2094 uestrum
1201 2040 1286 2110 qui
1313 2037 1526 2113 incedis
1539 2048 1625 2113 _e_st
1642 2037 1853 2113 (Matth.
1878 2038 1934 2093 5.

352 2108 464 2186 165.
497 2108 566 2168 Et
590 2130 718 2186 opus
748 2128 991 2186 manuum
1020 2108 1306 2186 nostrarum
1330 2111 1508 2186 dirige.
1538 2108 1671 2163 Nam
1699 2110 1934 2186 cleemo-

350 2179 539 2258 synam
573 2179 844 2254 psalmista
869 2181 1167 2238 subindicat
1194 2198 1212 2258 ἶ
1237 2183 1353 2258 ipsa
1375 2179 1518 2235 enim
1554 2189 1800 2258 est_o_pus
1824 2179 1938 2258 exi-

353 2249 517 2311 mium
546 2249 796 2310 manuum
828 2262 1130 2307 nostrarum
1154 2267 1170 2316 ;
1201 2249 1428 2321 ideoque
1453 2266 1522 2305 ex
1551 2249 1733 2305 multis
1757 2249 1936 2321 Operi:

354 2327 452 2380 hns
481 2342 600 2396 quae
629 2327 679 2380 in
712 2323 1142 2396 praecedentibus
1157 2319 1402 2396 versibus
1431 2319 1936 2396 memoravit,_’_illud

351 2392 570 2467 delegit,
614 2407 672 2451 ut
698 2392 968 2466 prepriam
1004 2394 1315 2464 dignitatem
1345 2392 1702 2467 eleemosyme
1727 2392 1932 2467 tribue-
1985 2433 1990 2436 .

354 2477 456 2532 ret,
478 2461 646 2538 quam
675 2461 1234 2538 sireierceamu'smnon
1254 2461 1530 2538 modicum
1560 2461 1827 2538 carpimus
1851 2462 1936 2516 ln-

353 2533 528 2607 crum,
559 2536 980 2592 misericordiam
1018 2534 1224 2607 scilicet
1253 2533 1344 2588 Dei
1391 2535 1614 2607 ejusque
1653 2533 1937 2603 indulgen-

354 2611 482 2664 tiam
513 2603 527 2666 Ξ
557 2624 678 2664 nam
705 2607 851 2661 Beati
882 2603 1248 2670 misericordes,
1274 2604 1512 2673 quoniam
1535 2605 1632 2674 ipst
1655 2607 1939 2659 misericor-

346 2681 494 2733 diam
517 2688 881 2748 consequentur
902 2675 1189 2748 (Matthsii.
1219 2674 1297 2748 ti)_.

355 2750 496 2805 Laus
516 2744 698 2806 cantici
727 2744 952 2812 Davidi';
969 2745 1470 2872 slinelinscriptione
1489 2744 1629 2815 apud
1662 2745 1934 2802 llebrtcos.

358 2861 360 2864 μ
1029 2831 1086 2871 sa
1113 2832 1230 2870 mus
1256 2831 1343 2870 xc.

358 2861 360 2864 ν
984 2831 1230 2871 t’satntus
1256 2831 1343 2870 XC.

426 2892 482 2950 1.
521 2891 624 2946 Alii
649 2891 966 2958 interpretes
992 2888 1258 2943 Psalmum
1289 2888 1429 2941 hunc
1457 2886 1572 2942 sine
1595 2886 1942 2958 inscriptione

353 2961 574 3018 habent.
606 2961 870 3016 Cancrum
900 2974 1004 3013 non
1035 2958 1156 3013 ideo
1177 2958 1488 3027 negligenda
1519 2958 1794 3027 inscriptio
1818 2968 1935 3022 est;

356 3049 542 3088 verum
588 3032 664 3088 illi
708 3034 912 3086 haerere
957 3028 1225 3084 convenit.
1269 3028 1368 3083 Est
1411 3028 1552 3083 enim
1593 3027 1939 3099 Septuaginta

356 3105 729 3174 interpretum,
761 3102 851 3174 qui
893 3110 1077 3174 mutuo
1111 3113 1378 3154 consensu
1407 3114 1520 3174 rem
1547 3099 1648 3174 sibi
1678 3115 1708 3152 ει
1738 3099 1939 3167 Spiritu

354 3170 744 3244 suppeditatam
768 3170 1227 3244 _'declaravert_ttit,_
1258 3184 1371 3244 quo
1418 3170 1589 3244 dncti_
1621 3179 1937 3244 praesentem

356 3238 628 3299 l’sahmtm
659 3241 862 3298 laudem
893 3241 1076 3296 cantici
1098 3238 1296 3294 Davidi
1325 3238 1632 3294 necessario
1655 3239 1943 3309 inscripse-

345 3326 501 3370 runt.
527 3316 674 3371 lianc
700 3313 842 3369 enim
871 3312 986 3382 ejus
1016 3311 1301 3366 melodiam
1336 3311 1618 3381 diligenter
1651 3310 1938 3364 admodum

345 3386 699 3442 considerare
725 3393 961 3455 oportet,
991 3390 1177 3455 utpote
1213 3397 1333 3455 qua:
1360 3396 1552 3455 niagna
1579 3390 1656 3455 et_
1675 3382 1937 3455 mirabilia

348 3451 838 3525 ciituplectaturfl.
872 3453 970 3520 Qui
999 3451 1192 3506 habitat
1222 3453 1278 3525 in
1301 3452 1557 3525 adjutorio
1591 3451 1940 3525 Altissimi,_in

346 3522 662 3595 ,protéctione
697 3525 794 3579 Dei
821 3525 930 3579 ειειὶ
957 3523 1361 3595 commorabitur.
1396 3522 1730 3592 Adjulorium
1773 3523 1940 3595 Altis-

352 3593 477 3652 Simi
516 3606 642 3652 sunt
685 3597 802 3665 ejus
850 3596 1013 3665 leges,
1054 3610 1173 3664 qua:
1206 3594 1343 3665 data:
1378 3603 1506 3648 sunt
1529 3595 1602 3665 _in
1643 3593 1937 3665 subsidium

353 3678 600 3723 nostrum
620 3663 804 3722 contra
834 3663 1077 3721 inimicos
1103 3664 1412 3719 invisibiles.
1447 3665 1502 3718 ln
1528 3663 1632 3718 hoc
1662 3665 1820 3735 igitur
1845 3663 1940 3735 ha-

352 3739 512 3808 bitat,
536 3739 622 3808 qui
658 3736 950 3808 secundum
983 3736 1100 3808 ejus
1131 3751 1350 3804 scopum
1379 3735 1537 3808 vitam
1568 3737 1812 3808 instituit.
1843 3734 1938 3788 llic

351 3807 423 3863 In
480 3804 784 3879 protectione
834 3805 1128 3879 Deimcwli
1160 3807 1586 3879 commorabitur;
1647 3807 1700 3879 in
1759 3804 1938 3879 futuro

350 3876 1014 3935 scilicetzcontubcrnalis
1045 3877 1187 3931 enim
1235 3877 1337 3932 erit
1376 3877 1505 3942 Deo,
1551 3885 1606 3930 et
1647 3876 1698 3930 in
1744 3876 1935 3930 eodem

354 3950 657 4006 habitaculo
702 3965 824 4005 cum
859 3948 976 4003 caeli
1010 3946 1209 4017 Opilice
1237 3947 1685 4011 commorabitur;
1723 3947 1834 4017 sive
1871 3947 1938 4000 ab

353 4021 473 4088 ipso
499 4021 628 4086 Deo,
665 4037 770 4075 non
796 4021 863 4075 ab
887 4015 1069 4088 aliquo
1103 4018 1316 4088 epilicio
1345 4027 1667 4086 protegetur.
1705 4017 1760 4072 2.
1791 4015 1938 4071 Dicet

353 4037 369 4076 ι
441 4039 473 4073 o
499 4036 628 4086 uec,
665 4037 770 4075 non
796 4036 863 4075 ab
887 4036 1068 4088 auquo
1103 4036 1316 4088 oputcto
1345 4036 1667 4086 protegetur.
1705 4036 1760 4072 z.
1791 4036 1936 4071 υισει

351 4036 576 4151 gmina
611 4109 631 4146 :
659 4091 934 4160 Susceptor
968 4106 1109 4144 meus
1134 4107 1185 4143 es
1213 4098 1258 4142 et
1289 4088 1542 4159 refugium
1571 4105 1758 4152 meum,
1803 4089 1936 4160 Deus

355 4178 516 4227 meus,
547 4172 594 4216 et
621 4159 831 4232 sperabo
874 4162 929 4214 in
957 4177 1092 4215 euiit.
1137 4160 1326 4214 Merito
1358 4168 1548 4232 certe;
1581 4174 1702 4212 nam
1735 4159 1822 4232 qni
1852 4174 1940 4232 se-

347 4233 585 4287 cundum
622 4230 885 4302 praecepta
913 4232 1004 4286 Dei
1031 4240 1294 4294 versatur,
1337 4230 1426 4283 ille
1456 4239 1516 4283 ut
1540 4244 1762 4302 sperans
1789 4231 1849 4302 in
1869 4230 1937 4282 il-

351 4302 464 4358 lum
492 4300 823 4358 conti—denter
853 4305 981 4372 agit,
1025 4313 1079 4357 et
1110 4310 1462 4370 protectorem
1503 4317 1625 4353 eum
1653 4300 1933 4362 obtinebit,

352 4389 478 4429 cum
516 4376 676 4428 stabit
720 4385 906 4429 contra
949 4374 1254 4442 spirituales
1302 4373 1516 4433 hostes;
1561 4378 1643 4424 sin
1696 4372 1938 4442 inlirtnus

353 4445 533 4508 inierit,
551 4442 603 4496 id
617 4461 720 4499 non
750 4446 929 4499 evenit
952 4441 1092 4514 quod
1114 4445 1204 4497 Dei
1228 4443 1813 4514 protectiorsuperetur,
1828 4441 1936 4514 scd

351 4515 501 4584 quod
521 4518 634 4582 ipse
665 4531 756 4584 per
791 4512 1051 4584 ignaviam
1079 4529 1230 4568 suam
1263 4529 1323 4567 se
1345 4512 1936 4584 debilioremreddide-

357 4582 459 4657 rit.
477 4582 620 4657 Dicet
649 4582 868 4639 Domino
885 4601 914 4657 _:
936 4585 1207 4657 Refugium
1234 4599 1398 4657 meum
1435 4599 1488 4637 es
1529 4593 1607 4657 tu.
1635 4582 1749 4657 Non
1775 4586 1934 4657 aber-

357 4656 516 4718 raris,
539 4656 582 4710 si
611 4657 659 4710 id
678 4657 842 4718 dicas,
864 4655 934 4711 de
961 4653 1277 4726 praecedenti
1305 4654 1413 4708 vita
1437 4653 1692 4726 conlisus.
1713 4654 1766 4708 5.
1799 4655 1937 4726 Quo-

356 4727 498 4780 niam
522 4728 630 4795 ipse
657 4728 883 4781 liberabit
908 4724 987 4780 me
1011 4726 1076 4780 de
1103 4725 1280 4792 laqueo
1307 4724 1614 4789 venantium,
1656 4735 1702 4778 et
1731 4743 1762 4776 a
1789 4725 1935 4780 verba

263 4790 274 4801 ”
354 4790 684 4852 tumultuoso.
715 4797 960 4867 Laqueus
988 4790 1318 4860 venantium,
1355 4796 1481 4867 quin
1511 4795 1670 4867 etiam
1712 4798 1934 4867 verbum

357 4868 763 4934 tumultuosum,
794 4865 876 4924 est
901 4867 1180 4920 consilium
1211 4880 1370 4920 omne
1398 4865 1464 4918 ad
1493 4866 1630 4920 mala
1659 4866 1930 4932 inducens,

353 4947 409 4993 et
433 4938 778 5008 deceptorum
817 4939 1022 4993 animos
1071 4937 1428 5005 voluptatibus
1471 4935 1704 5008 l'tedaus,
1742 4947 1797 4990 et
1833 4938 1936 4994 hoc

355 5009 516 5064 inodo
557 5006 859 5064 instituens.
893 5009 976 5063 Ab
1012 5008 1113 5062 hoc
1149 5008 1371 5062 consilio
1415 5022 1513 5060 nos
1550 5006 1739 5061 liberat
1777 5016 1930 5074 treus,

354 5080 570 5149 quando
589 5081 655 5134 ad
675 5095 796 5136 eum
818 5079 1150 5148 confugimus
1177 5093 1194 5132 :
1225 5086 1348 5132 tunc
1371 5078 1514 5132 enitn
1539 5094 1644 5132 non
1673 5079 1806 5132 ultra
1836 5094 1933 5133 vo-

353 5151 642 5222 luptatibus
688 5151 884 5205 irreliri
923 5165 1237 5222 possumus,
1281 5149 1932 5222 compertumnhabentes

355 5220 624 5276 inundans
664 5222 842 5277 omnia
882 5236 1003 5275 cum
1038 5221 1146 5274 Deo
1184 5228 1511 5290 comparata,
1556 5220 1751 5273 nullius
1775 5222 1932 5290 pretii

353 5307 496 5346 esse.
541 5293 597 5347 4.
637 5292 876 5362 Scapulis
911 5293 1016 5346 suis
1040 5289 1353 5344 obumbrabit
1389 5290 1498 5355 tibi,
1543 5301 1591 5343 et
1631 5289 1934 5360 subpennis

351 5363 463 5432 ejus
490 5363 738 5432 sperabis.
764 5365 872 5416 (Lor
900 5362 1154 5431 propheta
1196 5376 1262 5415 ex
1301 5376 1395 5415 sua
1429 5375 1656 5429 persona
1685 5377 1830 5430 prius
1857 5363 1938 5418 lo-

349 5431 572 5502 quutus,
623 5449 762 5488 nunc
791 5435 1016 5488 alterum
1055 5433 1253 5502 alloqui
1296 5431 1523 5496 videtur,
1557 5433 1654 5486 nisi
1682 5432 1803 5502 quia
1846 5449 1932 5500 ea,

351 5519 474 5573 qua:
505 5519 646 5559 nunc
683 5504 952 5570 dicuntur,
1001 5503 1068 5558 ad
1098 5503 1348 5574 populutn
1387 5502 1663 5574 gentilium
1705 5505 1936 5574 dirigun-

355 5586 463 5641 tur,
495 5591 653 5643 quem
682 5577 908 5629 instituit
929 5591 1035 5645 quo
1065 5573 1219 5645 pacto
1252 5573 1587 5645 tyrannidem
1619 5573 1934 5643 usurpantes

351 5645 629 5702 tia-mones
655 5661 911 5715 superare
949 5644 1161 5700 valeat?
1201 5644 1268 5698 Et
1293 5644 1433 5714 quod
1462 5645 1536 5698 illi
1564 5645 1933 5700 commilitium

356 5715 496 5786 Deus
522 5718 820 5786 promittit?
849 5716 1106 5781 Primum,
1140 5716 1328 5786 inquit,
1350 5731 1380 5768 a
1410 5717 1525 5784 lege
1551 5725 1606 5770 et
1627 5718 1932 5785 prophetis:

354 5785 434 5840 ba:
460 5785 657 5859 quippe
682 5798 806 5842 sunt
834 5789 927 5843 Dei
956 5785 1489 5859 scapulte,qttouiatn
1520 5787 1572 5840 in
1604 5787 1726 5851 illis,
1757 5801 1852 5842 ceu
1879 5789 1931 5840 itt

349 5858 604 5930 scapulis
640 5861 911 5931 propriam
963 5859 1322 5931 cognitionem
1379 5858 1628 5928 deposuit
1664 5872 1680 5912 :
1718 5859 1772 5912 in
1827 5859 1932 5915 illis

1777 329 1784 335 ’
1856 365 2123 425 SPURIA.

3521 378 3625 434 7.80

2042 484 2325 541 obumbrat
2352 500 2474 540 cum
2503 485 2592 554 qui
2622 484 2689 541 ad
2715 501 2776 540 se
2804 484 3027 552 accedit,
3056 503 3164 544 non
3197 489 3380 545 sinens
3405 506 3529 548 eum
3559 503 3626 548 ab

2041 568 2174 632 testu
2201 557 2465 632 diabolieo
2511 558 2683 611 aduri.
2726 558 3086 632 Quamobrem
3119 560 3312 614 Paulus
3350 565 3626 632 apostolus

2041 628 2283 682 umbram
2336 629 2468 689 locis
2508 639 2894 684 commemorat
2939 629 3124 697 (Hebr.
3175 632 3262 687 10.
3308 628 3400 695 tif
3427 633 3624 688 Pennas

2038 699 2457 767 suntEvangelia
2488 716 2501 752 :
2533 715 2654 752 nam
2696 701 2784 768 qui
2825 700 3119 754 secundum
3147 701 3232 755 illa
3268 704 3424 757 vitam
3464 705 3624 758 insti-

2040 769 2339 842 tuit._quasi
2371 770 2544 823 alatus
2581 787 2610 822 a
2642 780 2782 842 terra
2814 771 2866 825 in
2914 772 3104 842 caelum
3146 773 3387 828 sublimis
3425 776 3618 842 agitur.

2038 840 2121 894 Ab
2157 839 2241 893 Itis
2267 840 2443 904 itaque
2469 841 2814 910 sperandum,
2851 855 2945 896 seu
2993 841 3081 896 tali
3129 843 3180 895 i1
3217 843 3382 899 Deum
3420 839 3516 912 spe
3544 846 3628 898 ina

2038 917 2298 964 structum
2330 925 2449 966 esse
2475 919 2703 983 oportet,
2738 923 2792 966 ut
2813 913 3118 982 evangelica
3147 912 3261 983 lege
3283 915 3520 983 iubetur.
3551 916 3622 970 ita

2040 989 2098 1035 ut
2124 995 2229 1034 non
2271 990 2515 1050 speretur
2545 982 2597 1036 itt
2636 982 2744 1036 Deo
2772 993 2826 1036 et
2853 999 3120 1048 mamona,
3150 982 3242 1037 sed
3284 982 3335 1038 in
3369 986 3477 1040 Deo
3507 996 3622 1041 lan-

2038 1058 2148 1123 tum
2173 1050 2320 1123 (Luc.
2349 1050 2437 1106 l6.
2462 1051 2550 1120 l3)
2575 1069 2589 1105 :
2612 1053 2690 1106 sic
2711 1053 2854 1107 enim
2883 1055 3026 1107 nullo
3052 1053 3212 1108 modo
3241 1056 3322 1110 vel
3346 1071 3377 1111 a
3398 1057 3623 1110 sensibi-

2039 1120 2191 1195 iibns'
2226 1122 2310 1177 vel
2358 1138 2387 1195 ξι
2443 1123 2808 1195 spiritualibns
2861 1124 3088 1179 inimicis
3130 1125 3248 1179 la2di
3305 1128 3617 1195 pota-rimus.

2038 1192 2094 1248 5.
2134 1191 2293 1248 Scuto
2327 1191 2654 1266 circumdabit
2681 1205 2728 1248 te
2767 1195 2948 1266 ueritas
2988 1199 3118 1266 ejus.
3145 1191 3363 1252 Scuta-tn
3411 1197 3620 1252 firmum

2039 1279 2144 1318 non
2191 1264 2498 1319 mentientis
2542 1274 2627 1320 est
2673 1264 2870 1322 veritas
2899 1283 2912 1320 :
2941 1264 3140 1320 veritas
3177 1276 3354 1321 autem
3404 1267 3499 1325 Dei
3538 1277 3622 1323 est

2039 1333 2303 1398 Christus,
2333 1343 2390 1389 ut
2432 1350 2576 1404 saepe
2617 1335 2847 1406 diximus
2877 1353 2890 1388 :
2917 1335 3077 1406 hujus
3118 1347 3325 1391 sentum
3355 1349 3440 1393 est
3466 1352 3618 1404 crux,

2038 1420 2142 1472 qua
2189 1407 2583 1460 circummuniti
2624 1405 2803 1463 ntttnia
2835 1407 2971 1461 bella
2994 1405 3348 1462 conﬁdenter
3383 1408 3617 1474 adimus,

2038 1489 2226 1529 omnes
2257 1476 2501 1548 inimicos
2518 1476 2868 1548 proﬂigamus
2899 1493 2914 1530 :
2944 1487 3001 1531 ut
3042 1478 3276 1533 indicant
3303 1494 3368 1533 ea
3392 1494 3509 1548 qua:
3537 1494 3624 1534 se-

2038 1555 2294 1620 quuntur.
2329 1544 2451 1620 Non
2487 1544 2751 1620 timebiea
2781 1551 2960 1602 timore
2987 1558 3256 1620 nocturno,
3283 1549 3338 1603 6.
3369 1544 3619 1620 (sagitta

2037 1617 2239 1696 volante
2273 1617 2326 1696 in
2356 1616 2681 1696 di_c._Tim_or
2708 1628 3000 1696 nocturnus
3027 1628 3113 1696 est
3138 1619 3466 1696 voluptatum
3494 1616 3618 1696 car-

2039 1687 2123 1759 nis
2140 1705 2156 1759 ξ
2191 1689 2244 1742 in
2283 1687 2516 1743 tenebris
2541 1688 2684 1743 enim
2713 1688 2944 1743 maxime
2987 1689 3140 1744 irruit
3167 1707 3182 1744 :
3211 1687 3402 1759 sagitta
3430 1691 3618 1745 volans

2041 1758 2092 1812 in
2122 1757 2231 1824 die,
2260 1766 2342 1812 est
2367 1759 2588 1829 avaritia
2614 1776 2627 1812 :
2660 1759 2763 1814 hoc
2790 1759 2934 1814 enim
2974 1768 3184 1829 tempus
3211 1757 3338 1829 ipsis
3355 1769 3623 1829 opportu-

2040 1844 2166 1883 num
2193 1830 2356 1883 estad
2384 1828 2638 1900 volatum,
2667 1845 2859 1898 nempe
2887 1830 2954 1884 ad
2982 1828 3302 1886 orationem.
3325 1828 3623 1900 Utrumque

2043 1909 2218 1972 tamen
2268 1903 2320 1953 in
2366 1899 2667 1954 da-tnonum
2708 1901 2927 1972 incursu
2972 1901 3235 1971 intelligas
3277 1910 3530 1972 oportet:
3563 1901 3618 1954 hi

2039 1970 2238 2043 quippe
2267 1980 2424 2043 noctu
2450 1984 2546 2043 nos
2572 1979 2776 2043 terrere
2804 1971 2998 2036 solent,
3029 1970 3438 2041 cooperantibus
3465 1980 3622 2026 teneo

2039 2041 2150 2095 bris
2175 2041 2239 2094 ad
2274 2041 2554 2102 terricula;
2584 2056 2680 2110 per
2705 2041 2845 2096 diem
2871 2053 3048 2096 autem
3082 2044 3298 2108 volant;
3325 2050 3452 2096 sunt
3476 2044 3622 2098 enim

2040 2113 2183 2166 aerei
2209 2128 2224 2176 ;
2258 2127 2432 2182 neque
2456 2111 2755 2181 quiescunt,
2785 2112 2880 2166 sed
2923 2113 3090 2168 instar
3114 2114 3424 2180 sagittarum
3453 2114 3624 2167 incatto

2042 2189 2126 2255 ius
2171 2191 2225 2255 et
2265 2183 2430 2255 armis
2453 2182 2699 2255 nudatos
2731 2183 3006 2255 invadunt.
3035 2187 3079 2238 A
3124 2184 3322 2254 negotio
3349 2185 3623 2255 perambu-

2041 2253 2246 2306 lantein
2277 2253 2509 2318 tenebris,
2541 2268 2574 2305 a
2595 2253 2744 2307 ruina
2768 2264 2815 2307 et
2843 2254 3094 2308 diemonio
3120 2253 3423 2308 meridiano.
3460 2255 3620 2309 Vides

2041 2323 2202 2378 etiam
2229 2324 2500 2392 superiora
2528 2323 2594 2378 de
2617 2323 2950 2380 diemonibus
2976 2325 3116 2380 dicta
3157 2326 3358 2379 fuisse?
3382 2327 3618 2390 Quorum

2041 2395 2165 2463 quia
2209 2394 2391 2448 multa:
2422 2403 2548 2448 sunt
2586 2393 2902 2449 differentiae
2938 2397 3143 2462 (multa:
3173 2395 3369 2464 quippe
3398 2395 3621 2449 fallaciae

2039 2464 2638 2537 speciesdiscurrunt),
2685 2466 2729 2518 Α
2771 2467 2991 2537 negotio,
3022 2466 3211 2535 inquit,
3243 2468 3622 2536 perambulante

2041 2536 2094 2590 in
2139 2535 2373 2606 tenebris,
2403 2535 2452 2589 id
2467 2546 2570 2599 εει,
2613 2551 2645 2590 a
2685 2535 3022 2606 quocumque
3067 2539 3119 2590 in
3152 2535 3387 2592 tenebris
3428 2545 3620 2606 agente

2044 2605 2251 2676 iterque
2278 2604 2530 2660 faciente.
2564 2606 2676 2660 lloc
2706 2604 2853 2662 enim
2893 2604 3018 2661 cum
3054 2607 3377 2676 generaliter
3400 2604 3618 2670 diierit,

2042 2677 2378 2732 adversaries
2401 2684 2694 2748 potestates
2716 2687 3122 2742 commemorat,
3154 2693 3273 2746 qua:
3303 2678 3354 2732 in
3387 2676 3622 2734 tenebris

2042 2747 2413 2818 gaudent,get
2447 2747 2518 2802 ob
2559 2747 2852 2818 nequitiam
2893 2749 3096 2802 nullum
3135 2763 3258 2802 cum
3302 2748 3389 2803 die
3425 2748 3624 2802 habent

2041 2817 2422 2900 commercium
2456 2836 2470 2874 :
2492 2817 2820 2900 quapropter
2844 2818 2898 2873 in
2926 2818 3177 2900 tenebras
3201 2821 3499 2900 exteriores
3524 2820 3622 2872 ab-

2041 2889 2301 2945 ducenda:
2329 2901 2485 2944 sunt:
2517 2889 2626 2944 imo
2652 2889 2812 2944 etiam
2838 2904 2936 2958 per
2965 2889 3319 2945 meridianum
3350 2889 3457 2944 diei
3483 2900 3622 2945 tctu-

2043 2975 2144 3030 pus
2171 2960 2380 3030 insequi
2414 2960 2628 3015 solent:
2655 2974 2722 3014 eo
2745 2960 2941 3031 quippe
2985 2971 3225 3030 tempore
3253 2961 3493 3031 plerique
3519 2959 3620 3014 ho-

2044 3031 2246 3085 minum
2290 3031 2568 3098 quiescere
2606 3032 2801 3086 solent.
2829 3034 2961 3086 Cum
3004 3041 3183 3085 autent
3228 3031 3371 3086 fures
3399 3039 3524 3086 sunt
3567 3039 3624 3084 et

2044 3101 2299 3167 latrones,
2322 3099 2711 3171 frequentiores
2740 3100 3018 3156 hominum
3042 3114 3363 3170 conspectus
3389 3100 3618 3172 fugiunt.

2045 3172 2290 3242 imaginis
2331 3183 2528 3226 nostra:
2571 3172 2880 3242 dignitatem
2927 3172 3182 3227 reveriti:
3214 3186 3537 3242 quapropter
3567 3181 3624 3225 ut

2081 3243 2331 3298 lurimum
2365 3244 2506 3297 circa
2545 3251 2912 3310 monumenta,
2966 3252 3022 3297 et
3050 3257 3265 3298 caenosa
3309 3243 3624 3310 desertaque

2063 3329 2157 3368 oca
2187 3322 2487 3368 versantur.
2530 3311 2761 3382 Ideoque
2805 3314 2948 3367 circa
2983 3315 3258 3369 meridiem
3300 3328 3399 3368 nos
3425 3314 3622 3368 adoriri

2041 3395 2096 3440 et
2135 3384 2387 3439 invadere
2425 3391 2650 3438 tentant.
2675 3383 2728 3438 7.
2759 3383 2952 3438 Cadent
2993 3401 3025 3436 a
3054 3385 3210 3438 latere
3251 3395 3334 3437 tuo
3377 3384 3535 3446 mille,
3577 3393 3624 3436 ct

2041 3456 2211 3509 decem
2245 3455 2407 3508 millia
2432 3471 2463 3524 a
2491 3454 2679 3508 dextris
2709 3455 2831 3519 tuis,
2853 3455 2921 3506 ad
2940 3463 2988 3507 te
3021 3464 3189 3508 autem
3213 3472 3311 3507 non
3339 3455 3624 3524 appropin-

2039 3527 2230 3596 quabil.
2259 3526 2418 3579 Arma
2439 3523 2660 3596 justitize
2675 3523 2867 3579 dextra
2889 3535 2942 3596 ct
2962 3526 3173 3579 sinistra
3201 3525 3391 3580 Paulus
3411 3523 3624 3594 aposto-

2042 3595 2126 3652 lus
2163 3610 2262 3650 nos
2298 3596 2517 3648 docuit:
2548 3595 2775 3665 gloriam
2815 3603 2871 3648 et
2903 3595 3311 3665 ignobilitatem,
3352 3596 3621 3665 infamiam

2041 3677 2097 3723 et
2127 3667 2321 3721 bonam
2353 3664 2572 3728 famam,
2603 3676 2659 3720 et
2696 3676 2892 3720 ctetera
2934 3665 3009 3736 (2.
3035 3664 3155 3722 Cor.
3183 3667 3236 3721 6.
3268 3667 3321 3720 7.
3347 3664 3425 3736 8).
3457 3665 3512 3718 In
3541 3665 3623 3719 ιιι.

2041 3737 2362 3792 adversariae
2401 3745 2693 3805 potestates
2719 3735 3001 3791 debellatae
3035 3737 3273 3790 cadunt:
3297 3735 3391 3792 sed
3434 3753 3463 3790 a
3491 3737 3622 3790 sini-

2041 3810 2168 3864 stris
2193 3808 2492 3878 pauciores,
2524 3821 2554 3860 a
2591 3806 2795 3862 dextris
2825 3806 3024 3878 plures.
3052 3808 3428 3874 Quamobrem,
3475 3808 3516 3859 Α
3546 3809 3622 3860 la-

2041 3889 2146 3935 tere
2168 3876 2275 3943 tuo,
2304 3893 2432 3949 quo”
2454 3878 2730 3949 sinistrum
2759 3876 3020 3949 latus_hic
3061 3879 3315 3949 propheta
3345 3878 3612 3944 intelligit,

2041 3966 2147 4020 quo
2178 3960 2335 4020 pacto
2382 3947 2584 4020 illuda
2635 3949 2826 4020 dexiro
2867 3947 3133 4020 distinxit,
3159 3947 3340 4002 'millia
3388 3949 3619 4004 hosﬁum

2041 4018 2232 4076 casura
2263 4020 2427 4084 dicit;
2453 4034 2484 4072 a
2510 4018 2702 4073 dextro
2727 4019 2914 4074 decem
2958 4019 3146 4073 millia.
3181 4019 3258 4074 Ne
3287 4034 3417 4074 vero
3459 4020 3622 4074 inire-

2042 4093 2116 4146 ris
2145 4109 2158 4145 :
2189 4091 2396 4146 initium
2443 4104 2674 4159 namque
2697 4088 3211 4160 dmmonumlapsus
3259 4099 3385 4144 sunt
3421 4099 3623 4144 sancto.

2042 4179 2159 4218 l'llm
2205 4175 2502 4216 aerumnae:
2545 4158 2839 4231 martyrum
2881 4158 3490 4231 videlicetkeorumque
3533 4163 3622 4228 qui

2041 4241 2337 4304 martyrum
2363 4230 2654 4304 certamina
2685 4228 2917 4304 agntulati
2959 4239 3105 4304 sunt.
3139 4228 3420 4304 (Emmera—
3434 4241 3486 4286 et
3511 4247 3625 4304 crn-

2039 4300 2214 4358 ciatus
2243 4317 2272 4357 a
2295 4301 2531 4355 sinistris
2558 4301 2833 4356 constituti
2855 4308 2982 4355 sunt
3008 4317 3022 4354 :
3050 4300 3174 4355 hinc
3200 4317 3295 4356 eos
3319 4302 3408 4372 qui
3438 4318 3469 4356 a
3491 4302 3624 4356 dexo

2041 4375 2139 4430 tris
2164 4373 2474 4429 ceciderunt
2497 4383 2798 4426 enumerat.

2109 4446 2164 4500 Ξ.
2210 4445 2584 4500 Verumtamen
2632 4443 2870 4513 pjurima:
2899 4441 3162 4497 idolorum
3192 4450 3482 4513 potestates
3527 4459 3623 4512 per

2041 4515 2272 4570 honores
2302 4528 2510 4579 eorum,
2531 4515 2618 4582 qui
2645 4510 2843 4569 Christi
2874 4515 3108 4568 cultores
3153 4510 3387 4577 fuerunt,
3419 4510 3624 4568 destru-

2038 4595 2140 4642 cta:
2167 4594 2310 4640 sunt.
2363 4586 2452 4640 Sic
2501 4583 2705 4653 plagam
2751 4595 2804 4638 et
2832 4584 3244 4639 destructionem
3287 4585 3624 4640 inimicorum

2037 4659 2154 4713 sine
2199 4656 2384 4711 labore
2412 4654 2709 4710 confectam
2739 4655 2895 4720 dicit;
2929 4657 3000 4709 ita
3029 4663 3089 4710 ut
3115 4669 3182 4710 ne
3221 4655 3437 4724 quidem
3481 4670 3624 4712 ansa:

2038 4730 2146 4783 sint
2172 4728 2241 4782 ad
2272 4742 2368 4782 nos
2395 4725 2672 4789 accedere,
2703 4735 2760 4779 ut
2789 4726 3067 4782 nobiscum
3092 4726 3309 4780 stataria
3338 4741 3510 4795 pugna
3536 4726 3620 4778 di-

2040 4800 2312 4854 micarent.
2347 4797 2400 4852 8.
2462 4795 2811 4851 Verumtamen
2854 4797 3016 4850 oculis
3059 4797 3158 4850 tuis
3185 4797 3545 4859 considerabis,
3577 4805 3624 4849 et

2038 4869 2415 4923 retributionem
2457 4876 2775 4939 peccatorum
2804 4867 3010 4930 videbis.
3041 4867 3403 4939 _Etsi7procul,
3432 4866 3622 4936 inquit,

2037 4948 2096 4995 et
2140 4935 2477 4994 invisibiliter
2519 4947 2774 5007 pugnent,
2808 4947 2993 5008 utpote
3039 4935 3348 5008 invisibiles,
3388 4935 3623 4991 attamen

2037 5019 2214 5066 erecta
2234 5010 2489 5065 adversus
2515 5023 2610 5064 eos
2641 5019 2837 5078 tropaea
2868 5007 2996 5078 ipsis
3015 5009 3183 5063 oculis
3205 5007 3428 5078 videbis,
3453 5023 3517 5062 ac
3546 5010 3624 5061 vi-

2037 5096 2156 5136 cem
2188 5082 2291 5135 illis
2333 5080 2401 5136 ab
2445 5081 2509 5135 iis
2537 5093 2670 5146 quos
2698 5077 3019 5150 deceperant
3057 5079 3340 5150 redditam.
3370 5077 3502 5133 Nam
3532 5079 3620 5150 qui

2037 5154 2186 5224 prius
2217 5151 2354 5206 idola
2385 5151 2794 5224 fabricabantur,
2825 5149 2967 5205 nunc
3011 5149 3148 5224 idola
3181 5151 3503 5224 destruunt;
3530 5149 3621 5224 qui

2037 5219 2186 5292 prius
2211 5225 2405 5291 templa
2433 5221 2866 5286 exaedilicabant,
2897 5235 3042 5276 nunc
3065 5221 3152 5275 illa
3179 5220 3501 5285 incendunt;
3529 5219 3621 5289 qui

2039 5291 2188 5364 prius
2202 5308 2363 5363 opera
2385 5307 2640 5364 manuum
2657 5306 2872 5364 suarum
2887 5291 3017 5348 deos
3039 5292 3320 5364 iaciebant,
3341 5307 3483 5364 nunc
3497 5307 3622 5364 nia-

2040 5361 2204 5418 iribus'
2223 5361 2335 5419 suis
2375 5364 2493 5418 illos
2522 5363 2796 5430 dejiciunt.
2827 5361 3108 5430 Quomodo
3131 5372 3311 5418 autem
3342 5363 3455 5417 lucc
3483 5362 3618 5416 facta

2039 5437 2146 5490 sint
2173 5435 2324 5500 audi;
2356 5449 2480 5488 nam
2511 5434 2768 5502 prepbeta
2798 5433 3132 5503 respondens
3159 5433 3375 5488 humani
3405 5433 3620 5503 generis

2039 5519 2322 5575 personam
2347 5506 2612 5573 suscepit:
2636 5503 2688 5558 9.
2716 5505 2970 5568 Quoniam
2991 5515 3066 5567 tu,
3092 5502 3330 5568 Domine,
3358 5502 3474 5575 spes
3490 5519 3620 5575 mea.

2039 5574 2188 5631 Grati
2212 5577 2373 5630 animi
2401 5575 2559 5630 simul
2583 5586 2638 5630 et
2667 5575 2871 5629 veritati
2901 5589 3136 5629 consona
3163 5584 3286 5630 sunt
3313 5574 3494 5628 verba.
3534 5574 3624 5628 Et-

2038 5647 2180 5700 enim
2207 5661 2302 5715 per
2327 5662 2476 5716 spem
2505 5647 2557 5700 in
2583 5646 2744 5700 Deum
2768 5646 2963 5701 bellum
2988 5646 3246 5700 adversus
3273 5644 3620 5716 principatus,

2039 5713 2330 5786 potestates
2358 5713 2425 5772 'et
2455 5716 2636 5771 mundi
2666 5725 2904 5771 rectores
2945 5713 3285 5771 tenebrarum
3314 5713 3533 5785 (Epltes.
3564 5716 3619 5768 6.

2040 5788 2130 5857 19)
2163 5800 2308 5842 recte
2347 5789 2634 5857 gessimus,
2675 5801 2850 5856 neque
2893 5787 3004 5840 alio
3044 5787 3204 5842 modo
3247 5788 3620 5857 potuissemus,

2039 5855 2137 5914 nos
2162 5855 2429 5928 carnales,
2454 5855 2800 5928 incorporeas
2825 5857 3057 5915 vincere.
3080 5857 3394 5913 Altissimum
3419 5855 3625 5929 posuisti
