4094 6368
516 334 613 390 761

514 449 763 521 refugium
782 461 940 502 tuum.
974 448 1061 521 10.
1094 446 1212 521 Non
1239 449 1474 521 accedent
1501 449 1570 502 ad
1593 457 1640 503 te
1666 450 1821 510 mala,
1852 460 1898 504 et
1917 450 2100 521 ﬂagel-

515 517 742 574 luui'non
767 517 1190 591 appropinquabit
1210 519 1529 591 tabernaculo
1550 529 1656 574 tuo.
1682 517 1960 575 Pulchram
1979 517 2104 591 pro-

514 593 840 660 sopopmiam
873 589 1129 661 propheta
1177 589 1408 645 inducit:
1431 605 1552 644 cum
1579 591 1898 661 approbaret
1932 589 2098 655 enim,

513 664 655 730 quod
681 663 849 716 vietor
878 661 1037 714 homo
1069 661 1175 714 Deo
1197 661 1432 714 victoria:
1459 677 1674 715 causam
1705 661 2094 730 adscripsisset,

515 748 686 801 ipsum
718 731 801 786 his
821 733 1056 785 animare
1076 731 1254 786 verbis
1281 731 1465 786 voluit.
1487 731 1602 786 Non
1624 732 1765 786 enim
1784 731 1943 787 modo
1963 735 2099 787 mala

516 820 618 857 non
649 805 820 872 ipsum
847 811 1154 871 superatura
1199 803 1294 866 ait,
1325 803 1420 857 sed
1453 818 1519 858 ne
1545 818 1827 859 accessura
1857 804 2096 874 quidem,

516 885 656 928 metu
706 874 1050 945 inbabitantis
1077 882 1132 945 et
1169 875 1509 945 protegentis,
1528 874 1620 928 Dei
1642 893 1655 929 :
1681 890 1837 945 quem
1868 875 1966 929 sibi
2004 875 2101 929 lle-

517 947 729 1013 fugiuiu,
761 945 867 1007 vel,
898 953 956 998 nt
983 944 1070 996 alii
1104 943 1422 1013 interpretes
1443 943 1707 1010 edidere,
1734 943 2099 998 Habitaculum

512 1017 704 1088 posuit.
733 1015 956 1088 :l‘antum
981 1015 1176 1068 bonum
1195 1016 1551 1088 estadDeum
1574 1014 1880 1088 confugere.
1903 1016 2101 1088 Quamf

513 1085 698 1141 obretn
724 1086 987 1157 Jeremias
1007 1103 1220 1156 quoque
1243 1085 1486 1157 dicebat:
1513 1085 1810 1140 Benedictus
1837 1087 1986 1157 Izoino
2011 1087 2099 1157 qui

514 1158 790 1228 ronﬁditin
815 1156 1054 1221 Domino,
1077 1165 1123 1209 et
1152 1157 1245 1228 erit
1267 1156 1517 1210 Dominus
1545 1173 1656 1225 spes
1684 1159 1796 1228 ejus
1836 1156 1890 1228 (.l
1898 1175 1970 1210 er.
2005 1156 2094 1211 17.

514 1177 723 1226 ι-οημαιι
738 1177 790 1212 ιη
815 1177 1054 1221 υοηιυιο,
1077 1177 1123 1209 ει
1152 1177 1245 1210 εΠι
1267 1177 1517 1210 uommus
1545 1177 1656 1225 spes
1684 1177 1710 1211 ε
1737 1177 1796 1212 us
1836 1177 1886 1228 (δ
1898 1177 1970 1210 εν.
2005 1177 2026 1211 ‘l
2049 1177 2093 1210 Ι.

511 1227 587 1294 7).
615 1229 893 1295 Quomodo
919 1229 1060 1281 enim
1093 1243 1198 1282 non
1226 1227 1539 1283 benedictus
1560 1227 1625 1287 is,
1657 1177 1731 1282 ad
1763 1244 1921 1297 quem
1954 1228 2093 1281 mala

513 1315 800 1369 tuunquatn
824 1298 1100 1363 accedent,
1132 1309 1187 1353 et
1216 1298 1485 1367 ﬂagellum
1512 1315 1615 1351 non
1647 1299 2097 1369 appropinquahit

509 1369 624 1438 ejus
673 1369 1043 1438 tabernaculo,
1088 1370 1189 1422 hoc
1234 1379 1336 1432 est,
1380 1369 1628 1438 corpori?
1673 1370 1744 1424 lla
1781 1369 1922 1424 enim
1966 1369 2095 1423 illud

512 1437 706 1495 l‘aulus
728 1441 964 1494 vocavit:
993 1437 1129 1492 Nam
1152 1441 1238 1509 qui
1263 1457 1435 1493 sumus
1453 1437 1502 1493 in
1529 1440 1623 1494 hoc
1646 1441 1991 1503 tabernaculo,
2012 1441 2094 1493 in-

510 1514 824 1581 gemiscimus
853 1511 1069 1581 gravati,
1100 1510 1235 1578 quod
1263 1512 1500 1564 nolumus
1544 1512 1839 1577 exspoliari,
1879 1510 1968 1581 sed
1992 1527 2098 1581 rsu-

548 1584 765 1636 ervestiri
781 1599 800 1636 :
817 1580 866 1634 ut
881 1581 1205 1636 absorbeatur
1218 1581 1356 1652 quod
1374 1583 1584 1635 mortale
1599 1594 1691 1647 est,
1709 1599 1742 1636 a
1760 1583 1856 1635 vita
1879 1580 1953 1651 (2.
1975 1580 2093 1652 Cor.

507 1651 561 1707 5.
603 1655 683 1721 4).
715 1654 826 1712 Cur
854 1663 1029 1706 autem
1063 1666 1167 1705 non
1214 1651 1601 1722 appropinquat
1632 1653 1931 1722 ﬂagellum?
1961 1651 2093 1717 Quia

506 1724 758 1794 ﬂagellari
803 1731 886 1777 est
930 1732 1270 1794 peccatorum
1302 1725 1570 1793 proprium
1605 1743 1618 1778 :
1665 1723 1755 1794 qui
1801 1732 1978 1777 autem
2023 1722 2092 1776 ad

510 1793 676 1849 Deum
702 1794 958 1862 confugit,
989 1793 1126 1848 inter
1151 1803 1455 1862 peccatores
1485 1812 1590 1848 non
1618 1793 1716 1854 est,
1742 1794 1970 1862 iureque
1989 1808 2092 1846 non

507 1866 824 1935 ﬂagellatur.
851 1865 940 1919 11.
971 1864 1223 1932 Quoniam
1241 1865 1436 1935 angelis
1462 1866 1566 1919 suis
1587 1865 1842 1919 urandavit
1869 1865 1932 1916 de
1955 1874 2019 1928 te,
2038 1873 2094 1918 ut

505 1939 790 1990 custodiant
817 1946 862 1989 te
882 1936 933 1988 in
957 1935 1188 1988 omnibus
1211 1935 1301 1988 viis
1331 1937 1451 1989 tuis.
1482 1937 1569 1990 12.
1601 1935 1666 1990 In
1708 1936 1938 1988 manibus
1976 1951 2096 2002 por-

507 2009 679 2062 tabunt
703 2016 778 2072 te,
803 2023 866 2060 ne
894 2011 1022 2076 forte
1046 2004 1276 2077 oﬂ’endas
1304 2007 1372 2058 ad
1387 2006 1609 2075 lapidem
1624 2008 1799 2077 pedem
1821 2017 1983 2058 tuum.
2010 2005 2096 2058 Fi-

508 2079 609 2132 lius
637 2094 764 2146 ergo
797 2075 1330 2145 Dci’deprebenditur
1353 2092 1474 2133 esse
1507 2080 1549 2131 is
1577 2075 1668 2148 qui
1691 2078 1756 2132 ad
1786 2077 1948 2130 Deum
1967 2091 2096 2130 con-

505 2148 669 2217 fugit:
695 2158 838 2203 tanta
881 2149 1079 2219 quippe
1110 2156 1194 2202 est
1221 2163 1363 2202 nunc
1391 2149 1654 2204 dictorum
1681 2149 1929 2219 dignitas,
1971 2163 2092 2219 quae

505 2221 846 2275 adversarius
869 2218 936 2272 de
965 2219 1178 2273 Christo
1204 2220 1430 2288 accepit,
1489 2236 1612 2274 cum
1653 2218 1775 2274 eum
1807 2236 1837 2273 e
1875 2218 2090 2272 sublimi

504 2292 754 2345 deorsum
785 2289 1270 2362 dejiceregconatus
1299 2300 1389 2362 est
1413 2291 1625 2362 (Matth.
1646 2291 1699 2362 4.
1719 2293 1794 2358 6).
1824 2289 1985 2362 Vides
2001 2303 2094 2341 au-

508 2373 613 2417 tem
639 2377 763 2416 eum
809 2376 913 2414 non
946 2359 1034 2414 uni
1060 2360 1273 2430 angelo,
1300 2361 1394 2416 sed
1421 2359 1622 2416 'multis
1671 2361 1872 2423 dicere,
1926 2361 2089 2413 Deum

505 2433 839 2487 mandavisse
868 2431 934 2485 de
963 2431 1026 2485 iis
1053 2433 1142 2500 qui
1169 2431 1236 2486 ad
1268 2432 1438 2500 ipsum
1467 2431 1879 2502 confugiunt,ut
1905 2445 2094 2484 omnes

505 2504 621 2572 ejus
635 2505 748 2557 vias
763 2502 1084 2562 custodiant,
1107 2502 1228 2556 etin
1249 2503 1493 2558 manibus
1511 2505 1714 2563 tollant.
1730 2505 1846 2556 sive
1862 2511 2088 2572 gestent.

507 2575 696 2644 Angeli
722 2588 849 2643 ergo
877 2588 980 2626 non
1009 2573 1169 2644 modo
1199 2573 1314 2644 pios
1339 2574 1665 2638 custodiunt,
1687 2574 1779 2628 sed
1798 2575 1956 2628 etiam
1982 2587 2093 2624 ma—

506 2663 574 2698 nu
600 2642 802 2700 ducunt
830 2660 897 2699 ne
927 2643 1146 2711 pedibus
1194 2642 1492 2707 attendant;
1538 2644 1804 2713 iussitque
1831 2644 1970 2699 Deus
2002 2659 2094 2697 su-

523 2732 697 2770 u-rnas
747 2723 1034 2786 potestates
1078 2714 1275 2786 inlimis
1323 2714 1626 2770 hominibus
1671 2714 1994 2776 ministrare,
2026 2713 2090 2767 ad

523 2732 697 2770 u-rnas
747 2732 1034 2786 petesmtes
1078 2732 1275 2768 nnnnts
1323 2732 1626 2770 nomnuous
1671 2732 1994 2776 mtntsrrare,
2026 2732 2086 2767 au

504 2732 760 2842 lionorem
788 2785 1051 2856 imaginis,
1078 2801 1236 2852 quam
1261 2784 1421 2839 homo
1447 2786 1654 2841 inferne
1670 2785 1872 2856 positus
1894 2794 2086 2856 gestat.

503 2859 582 2913 Tu
609 2873 734 2912 vero
759 2854 960 2926 cogites
986 2855 1204 2925 angelos
1231 2857 1390 2910 etiam
1419 2856 1649 2912 deil'eros
1671 2854 1834 2920 'esse,
1863 2856 1954 2925 qui
1998 2854 2088 2926 Dei

501 2925 862 2999 cognitionem
885 2926 1138 2999 habeant,
1169 2935 1222 2980 et
1249 2927 1499 2999 omnibus
1527 2928 1646 2993 viis,
1681 2927 1731 2981 id
1753 2935 1838 2982 est
1859 2925 2090 2999 vitaiin-

502 2994 703 3055 stiiutis
732 3015 831 3054 nos
855 2997 1155 3052 custodiant
1181 3007 1233 3051 et
1250 3011 1412 3051 manu
1441 2997 1658 3060 ducant,
1687 3014 1754 3052 ne
1785 2999 1836 3051 in
1859 2994 2088 3067 lapidem

505 3071 820 3126 oti'ensionis
858 3077 913 3122 et
952 3068 1003 3120 in
1055 3077 1254 3135 petram
1286 3067 1519 3122 scandali
1561 3065 2090 3134 oll'endamus.‘Quod

502 3153 682 3198 autem
709 3139 927 3208 angelos
958 3137 1110 3192 nobis
1141 3137 1278 3192 Deus
1304 3139 1420 3207 ejus
1445 3139 1720 3194 scientiam
1753 3153 1852 3193 nos
1876 3137 2077 3208 decen:

505 3225 584 3268 les
599 3221 652 3267 et
670 3205 821 3265 nobis
838 3209 1213 3263 ammntiantes
1229 3205 1561 3273 custodierit,
1580 3209 1702 3264 attdi
1719 3208 1995 3263 Malachiel
2013 3205 2089 3278 (η)

502 3285 768 3340 dicentem
799 3299 812 3335 :
848 3279 1006 3334 Labia
1033 3280 1308 3334 sacerdotis
1332 3281 1612 3334 custotlient
1632 3281 1926 3334 scientiam:
1947 3289 1992 3333 et
2015 3279 2088 3332 le-

501 3372 614 3426 gem
644 3352 899 3426 requirent
909 3367 989 3426 Aea;
1012 3366 1098 3426 ore
1120 3352 1254 3426 ejus,
1281 3352 1400 3426 quia
1427 3350 1641 3426 angelus
1685 3350 1889 3426 Domini
1925 3350 2090 3426 omni-

503 3410 721 3495 potentis
749 3433 821 3495 est
844 3421 1100 3495 (Malaclt.
1121 3410 1175 3474 ξ.
1209 3410 1406 3495 7).ᾎᾷ
1434 3410 1872 3495 διῖμενάερίάιιῃι
1891 3431 1934 3475 et
1955 3420 2092 3474 basi-
2152 3473 2154 3477 .

503 3491 683 3550 liscnnt
709 3491 1008 3558 ambulabis,
1059 3501 1106 3546 et
1143 3491 1461 3547 conculcabis
1500 3491 1694 3546 leonem
1721 3502 1766 3546 et
1796 3493 2088 3546 draconem.

504 3567 758 3634 Malignas
807 3571 1095 3633 potestates
1125 3563 1207 3620 bis
1236 3565 1412 3634 verbis
1443 3564 1762 3628 subindicat,
1813 3562 1865 3617 in
1895 3563 2088 3634 quibus

503 3633 720 3692 malitiae
745 3636 911 3701 virus,
936 3635 1082 3690 velut
1104 3634 1155 3688 in
1180 3633 1457 3700 reptilibus
1484 3635 1701 3690 residet.
1731 3633 2087 3701 Quamobrem

506 3709 760 3762 Dominus
790 3705 1033 3762 dicebat:
1058 3705 1190 3759 Ecce
1214 3704 1332 3758 dedi
1356 3707 1493 3760 vobis
1525 3716 1819 3774 potestatem
1857 3702 2090 3757 calcandi

501 3797 655 3846 super
681 3787 938 3846 serpentes
959 3786 1015 3834 .et
1037 3777 1352 3846 scorpiones,
1385 3788 1430 3831 et
1457 3794 1613 3839 super
1638 3793 1832 3831 omnem
1859 3775 2090 3828 virtutem

503 3851 695 3904 inimici
736 3846 883 3917 (Luc.
916 3847 1003 3904 10.
1035 3847 1144 3916 19).
1175 3847 1273 3914 Qui
1313 3863 1440 3918 ergo
1469 3851 1637 3902 calcat
1685 3849 1839 3909 iram,
1876 3846 2087 3918 leonem

500 3922 702 3984 caleat;
734 3915 990 3974 furiosum
1019 3919 1160 3972 enim
1189 3927 1269 3972 est
1295 3915 1512 3972 animal.
1550 3919 1907 3985 Quamobrem
1937 3915 2090 3970 Salo-

501 4008 627 4045 tnon
649 3991 722 4044 ait
740 4009 760 4059 :7
779 3989 1114 4042 Comutinatio
1139 3988 1270 4059 regis
1297 3990 1478 4044 similis
1506 3990 1668 4058 furori
1716 3989 1874 4041 leonis
1901 3985 2084 4059 (Prov.

499 4062 699 4129 20.9.).
741 4058 998 4114 Similiter
1016 4059 1106 4129 qui
1133 4057 1435 4129 voluptates
1478 4057 1532 4114 et
1579 4061 1680 4114 alia
1725 4057 2084 4129 vitiacalcat,

499 4127 736 4200 aspidem
758 4140 812 4186 et
840 4127 1149 4186 basiliseum
1170 4138 1223 4200 et
1243 4127 1745 4200 draconemrcalcat.
1774 4127 2086 4200 Voluptates

500 4196 643 4257 enim
670 4203 875 4266 carnis,
908 4210 961 4255 et
987 4202 1163 4255 omnis
1209 4198 1370 4267 hujus
1408 4203 1531 4254 vita:
1559 4200 1779 4264 malitia,
1810 4196 2088 4267 reptilibus

503 4272 819 4344 repentibus,
838 4287 1001 4340 super
1031 4280 1224 4344 terram
1267 4270 1460 4344 merito
1506 4279 1903 4344 comparantur.
1955 4268 2088 4344 For-

503 4339 644 4402 tasse
674 4339 987 4398 basiliscum.
1010 4341 1221 4409 proprie
1242 4343 1412 4395 calcat
1441 4343 1536 4412 qui
1562 4341 1982 4412 invidiaminter
2010 4339 2089 4412 vi-

503 4418 570 4470 tia
599 4424 908 4486 regnantem
939 4413 1144 4486 calcat:
1176 4421 1324 4467 certe
1351 4410 2007 4486 hoc—animabbasiliscus
2033 4410 2085 4486 i_n

500 4479 960 4541 oculo'venennm
990 4483 1206 4546 habere,
1253 4483 1474 4552 perinde
1514 4492 1673 4551 atque
1700 4481 1933 4543 invidus,
1957 4479 2085 4534 dici-

502 4569 606 4611 tur.
631 4557 718 4612 11.
739 4554 988 4621 Quoniam
1007 4557 1059 4607 in
1078 4571 1155 4607 me
1174 4556 1408 4622 sperauit,
1428 4555 1646 4608 liberabo
1667 4567 1779 4606 eum
1796 4567 1816 4605 :
1831 4560 2086 4621 protegant

499 4645 634 4694 eum,
657 4627 895 4697 quoniam
919 4625 1145 4697 cognovit
1170 4641 1348 4678 nomen
1370 4641 1552 4697 meum.
1575 4623 1839 4692 Quoniam
1871 4635 2082 4690 magna,

500 4714 565 4752 ac
593 4695 728 4767 pene
758 4695 1085 4751 incredibilia
1109 4695 1242 4750 dixit
1271 4696 1565 4767 psallitist:t,
1607 4705 1800 4767 nempe
1821 4701 1936 4767 tam
1975 4707 2088 4767 lna-

502 4761 671 4836 lignas
703 4778 764 4844 _et
785 4768 986 4844 validas
1017 4761 1305 4835 potestates
1331 4781 1450 4844 qua)
1479 4765 1642 4844 leoni,
1687 4761 1877 4844 aspidi,
1907 4761 2088 4844 basili-

499 4835 594 4894 seo
613 4849 668 4894 et
685 4838 933 4904 draconi,
953 4852 1073 4907 qua:
1093 4843 1217 4890 sunt
1234 4835 1470 4890 omnium
1494 4835 1726 4892 ferarum
1749 4835 2082 4907 immaniora,

499 4910 799 4979 comparari
831 4903 1070 4979 poSsent,
1103 4923 1130 4960 a
1172 4909 1325 4961 nobis
1354 4907 1549 4961 calcari
1597 4920 1930 4979 asseverans.
1975 4903 2084 4972 jam

503 4974 669 5035 Deum
696 4980 812 5036 haec
831 4974 1264 5044 conﬁrmantem,
1314 4986 1368 5032 et
1417 4988 1627 5032 scutum
1671 4974 1822 5029 nobis
1851 4974 2088 5042 impene-

503 5052 694 5106 trabile
720 5066 872 5119 spem
900 5055 955 5104 in
984 5065 1109 5104 eum
1152 5063 1274 5104 esse
1303 5049 1676 5103 Ostendentem
1719 5045 1952 5119 inducit;
1983 5061 2086 5119 qua

501 5137 597 5192 spe
624 5115 913 5178 liberamur
937 5120 1004 5175 ab
1033 5119 1288 5184 inimicis,
1307 5119 1358 5192 _si
1387 5119 1484 5188 ipsi
1515 5127 1639 5173 ante
1669 5116 1894 5192 subjecti
1921 5115 2087 5192 fueri-

501 5187 653 5260 mus;
685 5193 1136 5264 protegimurque,
1171 5207 1238 5264 ne
1269 5187 1419 5264 ultra,
1449 5205 1635 5245 eorum
1680 5188 1884 5264 insidiis
1911 5187 2089 5264 eapiaf

500 5280 654 5320 mur:
684 5259 729 5320 si
773 5259 931 5319 modo
963 5259 1155 5318 nomen
1203 5261 1305 5316 Dei
1337 5275 1741 5330 cognoscamus,
1781 5259 1884 5312 hoc
1909 5269 2010 5320 est,
2041 5259 2084 5310 si

503 5335 674 5402 ipsum
702 5345 854 5404 grato
882 5334 1081 5399 animo,
1115 5333 1279 5404 verbo
1308 5341 1363 5386 et
1392 5347 1576 5404 opere,
1606 5331 1780 5400 lingua
1803 5339 1858 5382 et
1883 5340 2083 5392 mente,

502 5403 794 5481 ratiociniis
819 5414 873 5460 et
893 5405 1065 5481 gestis
1091 5403 1396 5481 adoremus.
1422 5403 1620 5471 Regem
1651 5403 1846 5481 quippe
1884 5415 2085 5481 εηειιυτ

500 5477 603 5552 scit
629 5491 733 5552 non
765 5477 812 5532 is
850 5473 940 5547 qui
987 5475 1115 5552 solo_
1148 5475 1329 5529 auditu
1375 5475 1548 5552 ipsum
1585 5474 1840 5552 percepit,
1872 5473 1965 5526 sed
1998 5473 2085 5552 qui

503 5546 601 5613 ipsi
632 5542 882 5608 oll'ertur;
903 5562 970 5601 eo
995 5545 1154 5600 modo
1178 5560 1285 5616 quo
1305 5547 1506 5616 Optimo
1532 5543 1642 5611 regi
1663 5542 1842 5616 oli'erri
1863 5556 1964 5616 par
1983 5550 2084 5616 est.

501 5611 592 5673 1’5.
623 5617 873 5673 (.‘lamabit
901 5618 970 5670 ad
992 5634 1088 5680 me,
1133 5611 1492 5670 eferatidiam
1537 5630 1670 5666 eum.
1700 5613 1834 5679 Quid
1863 5611 2086 5674 beatius.

501 5705 661 5758 quam
693 5691 864 5744 Deum
890 5687 1086 5742 habere
1109 5686 1178 5742 ad
1198 5703 1350 5756 opem
1377 5694 1562 5742 contra
1591 5682 1924 5738 adversarios
1954 5697 2089 5754 pra:-

565 5822 642 5887 (ιι)
673 5823 746 5873 sic
765 5821 880 5874 alibi
903 5821 1174 5874 Malacbiam
1210 5828 1346 5872 vocat
1370 5817 1716 5871 ttalacbiciem.

1865 331 1928 387 3N
1970 329 2288 388 PSALMUM
2330 329 2465 386 XCI.

3701 333 3826 390 76‘}:

2209 448 2454 501 standam
2483 445 2759 516 paratum?
2789 446 2916 501 Cum
2955 450 3064 515 ipso
3093 467 3202 502 sunt
3239 450 3289 504 in
3319 451 3658 515 tribulatione,
3703 455 3800 506 eri»

2211 520 2348 591 piant
2379 535 2491 591 eum
2515 527 2568 591 et
2592 518 2893 591 gloriﬁcabo
2914 536 3046 573 eum.
3074 521 3214 591 Ergo
3245 522 3516 577 tribulatio
3547 540 3652 575 non
3682 539 3801 576 am.

2212 590 2349 662 plius
2370 588 2639 641 tribulatio
2668 597 2772 650 est,
2803 589 2895 642 sed
2928 588 3179 662 gaudium
3209 601 3259 646 et
3283 593 3446 662 gloria
3478 604 3696 662 propter
3716 595 3796 647 in-

2213 661 2540 733 habitantem
2571 667 2952 733 etcousttrtem
2978 661 3226 724 ei‘ticitur,
3258 661 3416 730 atque
3437 661 3794 733 aﬂiigetitilttis

2209 744 2404 798 scapus
2431 731 2480 783 in
2511 729 2837 784 contrarium
2865 732 3108 786 vertitur.
3132 729 3587 799 Quemadmodum
3617 735 3795 788 Nalm-

2207 801 2597 862 chodonosoro,
2649 814 2770 853 eum
2801 815 2992 868 pueros
3023 804 3073 856 in
3101 805 3387 867 eaminum,
3432 813 3490 858 ut
3531 805 3798 860 interiit-c-

2207 881 2309 944 ret,
2340 869 2708 944 injecit_(Dan.
2739 871 2827 944 5):
2853 872 2931 944 illi
2969 889 3097 926 vero
3137 889 3241 928 non
3285 873 3448 928 modo
3483 875 3550 928 ab
3593 876 3799 944 impen-

2206 941 2365 1013 dente
2388 941 2601 996 interitu
2623 941 2812 1013 erepti,
2841 942 2933 997 sed
2956 945 3118 998 etiam
3133 961 3162 997 a
3187 955 3414 1013 tyranno
3438 941 3798 1001 comminante

2205 1011 2409 1097 adorati
2441 1020 2581 1097 sunt.
2618 1011 2704 1066 16.
2727 1010 3073 1096 Longitutline
3095 1010 3290 1097 dierum
3316 1016 3531 1097 replebo
3546 1033 3663 1097 eum
3682 1035 3701 1070 :
3719 1017 3799 1071 lu-

2208 1084 2310 1156 turi
2337 1082 2518 1137 saeculi
2541 1097 2735 1152 nempe
2763 1082 3132 1156 possessione;
3161 1084 3279 1144 ιιωο
3297 1082 3492 1156 quippe
3519 1085 3795 1141 hominum

2204 1153 2337 1225 vita,
2364 1161 2790 1225 quantacumque
2817 1154 2907 1219 sit,
2941 1171 3196 1225 perquam
3225 1153 3444 1211 minima
3474 1164 3556 1211 est
3593 1157 3638 1211 si
3669 1172 3792 1212 cum

2207 1223 2295 1277 illa
2321 1221 2682 1293 comparetur.
2705 1221 2775 1276 Et
2801 1221 3067 1279 ostendam
3083 1225 3164 1279 illi
3187 1227 3414 1282 salutare
3433 1243 3619 1280 meum.
3643 1227 3798 1282 Salu-

2207 1303 2319 1350 tare
2345 1293 2551 1365 dixeris
2563 1309 2700 1365 esse
2711 1293 2964 1365 salutem,
2991 1311 3093 1365 qua
3124 1297 3198 1351 illi
3229 1297 3318 1364 qui
3345 1297 3396 1351 in
3431 1298 3598 1353 Deum
3623 1298 3800 1353 credi-

2204 1365 2418 1430 derunt,
2443 1365 2495 1418 in
2521 1363 2612 1419 illo
2636 1363 2886 1420 tribunali
2909 1363 3208 1422 donantur:
3239 1363 3469 1424 maxime
3493 1383 3618 1422 vero
3647 1368 3797 1424 dicas

2203 1449 2324 1490 esse
2350 1434 2642 1498 Christum,
2684 1438 2774 1504 qui
2814 1444 2897 1508 est
2926 1436 3096 1508 Patris
3123 1437 3390 1508 salutare;
3416 1439 3470 1493 in
3500 1439 3620 1508 ipso
3648 1440 3795 1494 cnim

2202 1520 2370 1574 genus
2399 1480 2642 1560 nostrum
2671 1480 2922 1560 servavit.
2951 1506 3064 1562 Hoc
3094 1509 3246 1562 nobis
3271 1480 3504 1563 saltitare
3525 1480 3590 1563 Ise
3614 1520 3798 1564 osten-

2202 1589 2386 1651 surum
2402 1589 2522 1651 esse
2536 1575 2797 1651 promisit.
2817 1575 3196 1651 Piorumenirn
3207 1594 3267 1633 ea
3285 1589 3527 1651 spesiest,
3545 1589 3602 1633 ut
3621 1580 3815 1651 ipsum«

2205 1645 2340 1701 facie
2364 1645 2434 1702 ad
2451 1645 2652 1702 faciem
2667 1646 2828 1700 visuri
2852 1648 2981 1715 sint,
3008 1648 3146 1704 sicut
3168 1645 3366 1705 Paulus
3395 1645 3685 1706 Corinthiis
3704 1650 3798 1706 de-

2200 1717 2422 1772 claravit
2445 1715 2521 1786 (1.
2551 1716 2670 1773 Cor.
2702 1717 2789 1773 15.
2820 1716 2935 1787 12).

2203 1830 2255 1884 1.
2298 1829 2540 1885 Psalmus
2567 1831 2750 1885 cantici
2779 1829 2968 1886 Davidi
3005 1833 3068 1886 in
3090 1834 3172 1888 die
3208 1847 3326 1888 ante
3355 1833 3654 1890 Sabbatum.
3681 1852 3794 1891 xor.-

2273 1925 2327 1979 1.
2369 1927 2683 1996 Anonymus
2712 1933 2797 1981 est
2824 1925 3089 1996 Psalmus,
3131 1926 3224 1980 sed
3255 1943 3360 1981 non
3402 1937 3549 1981 caret
3595 1929 3791 1982 inscri-

2203 1996 2383 2061 ptione
2412 2010 2427 2068 ξ
2460 1995 2668 2050 malum
2699 1996 2896 2068 quippe
2926 1995 3111 2068 habet,
3133 1997 3228 2067 qui
3262 2007 3635 2068 argumentum
3663 1999 3793 2054 ell'e-

2202 2075 2304 2130 rat,
2336 2065 2429 2120 sed
2458 2081 2652 2120 nomen
2685 2065 3010 2121 modulantis
3037 2065 3230 2123 tace—at.
3265 2065 3394 2134 Quae
3420 2083 3582 2123 causa
3610 2068 3790 2136 fuerit,

2200 2137 2477 2206 inscriptio
2503 2136 2720 2191 indicat.
2755 2137 2888 2204 Quia
2915 2138 3058 2192 enim
3087 2139 3140 2192 in
3171 2137 3258 2194 die
3279 2138 3498 2195 Sabbati
3516 2140 3814 2195 canendus.

2200 2215 2315 2278 erat
2346 2207 2432 2261 hic
2457 2207 2725 2269 Psalmus.
2749 2223 2871 2262 cum
2907 2222 3093 2278 omnes
3120 2207 3290 2278 ipsum
3318 2218 3567 2264 cantores
3597 2211 3790 2265 modu-

2199 2277 2458 2350 larentur,
2487 2278 2607 2342 jure
2634 2292 2809 2348 neque
2837 2277 3048 2350 Davidis
3074 2277 3250 2350 neque
3275 2279 3496 2350 Asaphi,
3528 2295 3701 2350 neque
3723 2280 3786 2335 ﬁ-

2199 2347 2392 2420 liorum
2417 2347 2574 2420 Core,
2595 2347 2790 2420 neque
2814 2349 3035 2404 alterius
3063 2347 3368 2420 cuiuspiam.
3386 2347 3508 2406 esse
3555 2347 3748 2406 dicitur
3771 2369 3790 2418 ;

2201 2429 2258 2472 ιιι
2287 2419 2563 2488 inscriptio
2591 2419 2792 2474 indicat
2822 2437 2834 2472 :
2882 2421 3186 2475 communis
3211 2419 3354 2476 enim
3398 2431 3520 2484 est;
3569 2423 3794 2478 manife-

2199 2499 2448 2562 stumque
2474 2498 2564 2544 est
2587 2491 2925 2562 prophetiam
2957 2489 3041 2544 hic
3065 2500 3123 2545 ut
3147 2491 3201 2545 in
3227 2492 3448 2562 reliquis
3471 2492 3696 2562 Psalmis
3721 2493 3789 2547 ad

2200 2559 2451 2616 Davidem
2480 2559 2768 2629 pertinere.
2799 2561 2854 2615 2.
2887 2559 3087 2615 Bonum
3114 2572 3187 2615 est
3212 2559 3442 2631 confiteri
3468 2561 3710 2628 Domino,
3743 2572 3797 2617 et

2198 2631 2418 2698 psallere
2443 2632 2634 2684 nomini
2661 2641 2767 2698 tuo,
2789 2631 3068 2686 Altissime.
3098 2632 3381 2700 Quomodo
3406 2633 3547 2687 enim
3566 2649 3669 2688 non
3695 2635 3794 2688 bo-

2201 2717 2327 2754 num
2355 2713 2501 2756 esset
2528 2702 2772 2757 confiteri
2803 2702 2945 2756 bono
2974 2701 3071 2764 illi,
3112 2713 3168 2757 et
3212 2703 3593 2759 conﬁtentibus
3620 2704 3784 2759 bene-

2202 2773 2322 2837 tico,
2348 2786 2447 2826 nec
2475 2786 2728 2842 umquam
2758 2787 2851 2827 eos
2878 2773 3159 2842 punienti?
3197 2774 3330 2828 Cum
3379 2774 3521 2829 enim
3563 2775 3697 2829 sciat
3725 2790 3789 2829 ea

2201 2857 2324 2912 qum
2355 2843 2420 2897 ad
2451 2857 2548 2896 nos
2576 2843 2864 2912 pertinent,
2893 2842 3100 2912 placide
3129 2853 3304 2900 tamen
3332 2859 3395 2899 ea
3429 2859 3460 2898 a
3485 2844 3791 2899 conﬁtenti-

2199 2911 2298 2966 bus
2325 2927 2384 2968 se
2402 2911 2585 2983 doceri
2610 2911 2972 2983 permittit,’ut
3014 2913 3244 2969 inimicis
3273 2914 3426 2968 tollat
3450 2915 3788 2971 occasionem

2198 2997 2297 3055 nos
2315 2982 2622 3055 accusandi,
2668 2997 2872 3054 nosque
2923 2999 3019 3053 per
3063 2984 3457 3040 confessionem
3506 2985 3783 3055 justiﬁeet.

2195 3052 2379 3108 Justus
2418 3054 2562 3109 enim
2605 3054 2660 3108 in
2697 3052 2956 3180 Erincipio
3001 3055 3247 3109 sermonis
3288 3052 3552 3110 accusator
3596 3067 3668 3110 est
3709 3059 3791 3112 sui

2197 3125 2215 3180 l
2247 3123 2400 3178 Prov.
2433 3124 2521 3179 18.
2554 3125 2667 3180 17).
2741 3136 2962 3180 teterum
3007 3136 3366 3180 congruenter
3412 3126 3588 3180 primo
3638 3127 3788 3180 iubet

2197 3125 2215 3191 (
2247 3123 2400 3197 Prov.
2424 3124 2521 3197 Δ18.
2554 3125 2667 3197 17).
2697 3123 2962 3197 Caeterum
3007 3136 3366 3196 congruenter
3412 3126 3588 3195 primo
3634 3127 3788 3197 jubet

2196 3193 2455 3266 coniiteri,
2477 3209 2540 3250 ac
2560 3193 2751 3266 deinde
2766 3196 2996 3266 psallere
3023 3211 3038 3250 :
3067 3193 3190 3266 quia
3212 3193 3610 3266 oportet-Deum
3620 3193 3788 3254 corde

2198 3277 2331 3335 puro
2357 3265 2651 3337 celebrare.
2682 3265 2965 3334 Quomodo
2999 3265 3140 3337 enim
3172 3265 3434 3337 quispiam
3475 3283 3517 3322 a-
3553 3269 3786 3336 peccatis

2199 3335 2408 3406 purgari
2431 3335 2628 3406 valeat,
2650 3337 2752 3392 nisi
2783 3351 2879 3405 per
2903 3335 3499 3406 confessionem’TQuid
3529 3335 3628 3393 sibi
3666 3339 3788 3394 vult

2195 3404 2394 3469 autem,
2422 3404 2652 3462 Psallere
2667 3404 2853 3462 bonum
2869 3417 2942 3462 est
2959 3408 2984 3461 ?
3000 3407 3056 3463 ld
3073 3418 3172 3469 est.
3199 3408 3339 3464 Utile
3357 3404 3409 3465 et
3432 3409 3782 3464 fructuosum.

2201 3477 2260 3548 5.
2293 3476 2375 3531 Ad
2395 3479 2802 3532 annuntiandum
2826 3495 2975 3532 mane
2999 3479 3396 3534 misericordiam
3425 3491 3564 3533 tuam
3587 3522 3604 3548 ,
3630 3491 3676 3534 et
3699 3497 3781 3534 ve-

2195 3547 2394 3630 ritatem
2426 3557 2573 3628 tuam
2609 3565 2699 3630 per
2724 3560 2939 3603 noctem.
2989 3549 3383 3630 Die_pocteq_ue
3425 3552 3568 3630 circa
3592 3547 3595 3548 ⁷
3619 3552 3785 3630 Deum

2195 3616 2439 3691 meditari
2464 3616 2706 3688 prtecipit
2721 3635 2751 3686 ξς
2779 3635 2911 3674 nam
2930 3635 3051 3674 cum
3084 3619 3240 3674 Mane
3264 3616 3389 3677 dicit
3412 3663 3426 3686 ,
3450 3621 3589 3676 diem
3615 3623 3782 3691 signi-

2196 3689 2337 3760 ticat.
2371 3687 2570 3742 Verum
2597 3687 2760 3744 noctu
2784 3691 3066 3746 veritatem
3115 3692 3358 3745 meditari
3387 3702 3639 3760 oportere
3666 3687 3781 3746 sta-

2200 3759 2322 3830 tuit,
2357 3771 2556 3814 metum
2583 3760 2735 3815 nobis
2758 3761 2849 3815 illo
2879 3770 3117 3829 tempore
3138 3770 3193 3815 et
3218 3759 3680 3830 compunctionem
3703 3763 3787 3816 at?

2197 3829 2303 3902 fert
2330 3871 2345 3894 ,
2375 3838 2433 3884 ut
2460 3872 2476 3897 ,
2509 3831 2632 3900 quia
2669 3842 2825 3902 nocte
2852 3841 2908 3885 ut
2952 3833 3240 3902 plurimum
3267 3829 3416 3887 multi
3447 3832 3690 3887 homines
3719 3834 3784 3888 ad

2196 3900 2523 3969 voluptatem
2551 3910 2606 3955 et
2629 3901 2694 3955 ad
2719 3900 3200 3956 conciliantuntur
3221 3943 3236 3965 ,
3268 3903 3321 3956 in
3348 3903 3663 3957 memoriam
3691 3920 3782 3957 re-

2193 3981 2446 4026 meantes
2488 3971 2581 4024 Dei
2629 3972 2907 4026 veritatem
2954 3972 3322 4040 peecatoribus
3357 3973 3693 4036 terribilem,
3719 3975 3794 4029 ait

2195 4041 2341 4095 omni
2362 4040 2593 4095 absurdo
2617 4054 2782 4110 Opere
2800 4050 2855 4095 et
2878 4042 3058 4096 illicita
3089 4043 3410 4111 cogitatione
3441 4044 3744 4097 abstineant
3767 4061 3780 4098 :

2193 4111 2239 4164 si
2267 4126 2393 4165 vero
2429 4119 2708 4180 peccatum
2753 4111 3104 4176 admiserint,
3132 4113 3473 4169 illucescente
3500 4116 3782 4178 matutino,

2193 4195 2288 4235 seu
2311 4182 2627 4236 adveniente
2655 4182 2763 4248 die,
2797 4196 2866 4236 ne
2895 4182 3207 4250 desperent,
3236 4185 3329 4238 sed
3359 4185 3452 4238 Dei
3477 4186 3782 4240 misericor—

2193 4251 2335 4305 diam
2368 4253 2706 4325 meditantes,
2725 4253 2790 4307 ad
2809 4253 3176 4322 pcenitentiam
3195 4255 3484 4325 respiciant
3506 4272 3518 4308 :
3543 4271 3642 4324 qua
3669 4257 3782 4310 sola

2197 4332 2506 4390 peccatores
2551 4323 2764 4377 veniam
2809 4325 3065 4393 consequi
3110 4323 3354 4393 possunt.
3404 4323 3607 4380 Deinde
3652 4342 3783 4380 vero

2193 4407 2306 4464 quo
2330 4404 2486 4464 pacto
2513 4393 2741 4464 psallere
2759 4435 2776 4460 ,
2806 4409 2912 4461 quo
2941 4404 3094 4464 pacto
3119 4396 3436 4450 antumtiare
3475 4395 3736 4451 debemus
3760 4400 3786 4450 ‘t

2189 4461 2246 4517 ἱ.
2276 4461 2345 4516 In
2370 4461 2694 4534 decacltordo
2717 4461 2976 4534 psalterio,
3009 4482 3124 4519 cum
3145 4468 3347 4520 cantico.
3369 4467 3422 4519 in
3451 4467 3670 4520 cithara.
3704 4468 3782 4522 Bx

2191 4543 2429 4606 utroque
2471 4533 2816 4590 Testamento
2846 4577 2862 4599 ,
2895 4537 3206 4605 eyangelieo
3249 4537 3475 4593 scilicet
3497 4548 3551 4592 et
3581 4538 3732 4606 legali
3764 4580 3781 4602 ,

2191 4603 2594 4676 meditationem
2627 4607 2903 4676 psallentis
2942 4603 3057 4660 vult
3087 4621 3209 4662 esse
3257 4603 3678 4664 misericordiam
3727 4622 3784 4662 et

2191 4677 2490 4730 veritatem.
2521 4674 2645 4731 Ideo
2671 4677 2978 4746 psalterium
3004 4687 3053 4730 et
3084 4677 3344 4732 citharam
3371 4687 3663 4734 memorat:
3693 4695 3784 4734 ve-

2191 4761 2310 4817 rum
2336 4747 2495 4800 etiam
2533 4761 2656 4801 cum
2707 4747 2792 4800 hic
2839 4748 3146 4817 psalterium
3180 4749 3569 4804 decachordmn
3607 4750 3736 4802 dicit
3762 4790 3782 4816 ,

2191 4816 2361 4886 legale
2401 4817 2799 4871 Testamentum
2837 4816 3194 4872 subindicavit
3223 4837 3237 4874 :
3266 4821 3453 4875 decem
3485 4821 3625 4874 enim
3658 4831 3784 4874 sunt

2192 4895 2456 4958 praecepta
2477 4886 2529 4942 in
2552 4887 2686 4958 lege.
2715 4886 2852 4943 Hinc
2894 4889 3015 4957 quia
3056 4891 3321 4945 canticum
3343 4891 3562 4944 citharae
3582 4889 3785 4944 adscri-

2194 4957 2544 5040 psitLNovum.
2566 4957 2783 5040 prorsus
2800 4959 3054 5040 declarat,
3071 4961 3136 5014 de
3149 4962 3353 5040 quoldc
3375 4961 3486 5040 ipse
3508 4961 3784 5030 psalmista

2194 4977 2541 5040 psrtatvovum
2566 4977 2783 5040 prorsus
2800 4977 3054 5040 aeotarat,
3071 4977 3136 5014 ue
3149 4977 3353 5083 Ἑιοιιιο
3375 4977 3486 5029 Ipse
3508 4977 3782 5030 psalmista

2193 5044 2246 5082 tn
2272 5029 2372 5081 alia
2397 5028 2687 5099 prophetia:
2714 5041 2865 5098 parte
2887 5030 3130 5085 dicebat:
3203 5048 3310 5098 eus,
3326 5032 3576 5084 canticum
3599 5048 3782 5083 novum

2192 5099 2412 5172 cantabo»
2433 5099 2543 5172 tibi,
2557 5101 2610 5154 in
2633 5099 2871 5172 psalterio
2893 5101 3208 5156 decacltordo
3230 5101 3447 5172 psallam
3470 5102 3558 5155 tibi
3583 5101 3601 5172 (
3635 5101 3782 5157 Psal.

2196 5172 2318 5225 H5.
2366 5169 2445 5239 9).
2495 5169 2871 5242 Evangelicum
2903 5187 3034 5242 ergo
3064 5169 3438 5242 testamentum
3467 5169 3771 5226 adumbrat.

2192 5242 2301 5295 (Zur
2327 5252 2504 5296 autem
2529 5241 2832 5310 duplicibus
2860 5241 3229 5297 iusti-umentis
3251 5241 3318 5297 ad
3361 5243 3648 5298 melodiam
3677 5244 3783 5298 uti-

2195 5312 2384 5367 tur?‘5.
2412 5313 2817 5380 Quiadelectasti
2833 5329 2930 5379 me,
2951 5311 3199 5380 Domine,
3220 5314 3275 5368 in
3297 5313 3496 5383 factura
3523 5323 3632 5377 tua,
3661 5329 3708 5367 et
3728 5317 3804 5368 im.

2194 5385 2428 5454 operibus
2454 5399 2696 5437 manuum
2736 5393 2939 5437 tuarum
2971 5383 3557 5453 exsultabo..Duplicia,
3590 5387 3780 5454 inquit,

2191 5454 2330 5509 bona
2377 5453 2578 5520 habeo;
2620 5454 2848 5522 ideoque
2885 5455 3114 5524 duplicia
3160 5455 3225 5508 ad
3265 5456 3640 5510 celebrandam
3668 5453 3791 5511 Dei

2194 5526 2416 5594 gloriam
2445 5526 2797 5580 instrumenta
2826 5525 3015 5580 adesse
3035 5528 3236 5580 curavi.
3266 5527 3533 5582 Laetamur
3560 5528 3702 5581 enim
3728 5529 3788 5580 in-

2196 5597 2400 5650 l'actura
2434 5596 2548 5660 Dei,
2581 5595 2634 5650 in
2667 5596 3061 5664 pulchritudine
3089 5597 3238 5663 cadi,
3279 5601 3331 5652 in
3363 5599 3621 5652 varietate
3655 5601 3796 5652 stel-

2197 5668 2390 5730 larum,
2424 5667 2476 5720 in
2525 5667 2679 5722 bonis
2724 5677 2903 5732 terrae,
2951 5669 3005 5722 in
3037 5669 3396 5737 negotiatione
3440 5671 3624 5723 maris.
3671 5670 3806 5729 Hoc;

2196 5740 2340 5810 enim
2369 5737 2535 5810 verbo
2558 5753 2730 5810 omne
2765 5739 2972 5810 visibile
2999 5739 3278 5810 designare
3322 5741 3462 5794 solet
3508 5741 3811 5808 St-i'iptnra.-.

2198 5808 2373 5864 divina
2402 5825 2415 5863 :
2446 5807 2776 5866 i'l'declarat
2804 5808 3060 5867 Salomon
3099 5807 3166 5866 iis
3199 5812 3519 5867 [iecit-simtu
3551 5807 3803 5867 dices»:-
