4094 6368
548 413 648 468 ’16⁸1

543 531 754 586 nescire
772 529 969 583 scilicet
1004 528 1333 595 temporibus
1351 536 1407 581 et
1423 527 1583 582 rebus
1604 537 1661 581 ut
1682 541 1776 597 par
1793 535 1875 581 est
1896 523 1970 580 uti
1991 540 2006 581 :
2031 543 2130 581 nec

541 618 603 654 ea
650 615 808 654 nosse
835 617 956 670 quze
984 600 1124 668 apud
1151 615 1340 653 omnes
1381 601 1432 651 iu
1473 601 1718 652 confesso
1745 608 1869 652 sunt
1889 638 1904 660 ,
1939 613 2130 670 nempe

545 687 664 738 qua:
709 665 1044 739 sequuntur}
1074 669 1127 723 9.
1162 670 1264 735 Qui
1303 671 1548 740 plantavit
1588 684 1765 740 aurem
1804 685 1903 720 non
1937 665 2126 729 audiet,

543 737 634 793 aut
659 743 744 810 qui
771 737 920 806 finxit
948 743 1148 793 oculum
1171 757 1271 793 non
1297 737 1624 793 considerat?
1653 737 1974 810 Pcrorgaua
2003 754 2128 793 sen-

541 827 635 866 sus
661 809 821 866 etiam
849 812 938 880 qui
970 810 1150 864 insunt
1179 811 1394 867 indicat.
1413 811 1650 864 auditum
1677 809 1880 864 scilicet
1899 820 1953 863 et
1974 824 2128 876 aspc-

541 893 720 943 ctum;
750 881 851 936 hos
879 882 1020 936 enini
1042 896 1232 935 sensus
1255 891 1310 934 et
1333 881 1467 935 alios
1499 881 1608 934 lteo
1627 881 1820 952 opilice
1849 880 2127 934 habemus.

541 953 845 1018 Quomodo,
878 952 1082 1019 inquit,
1108 951 1340 1006 dixerint
1379 953 1547 1006 Deum
1576 951 1723 1005 nullo
1748 952 1887 1005 circa
1915 965 2003 1005 res
2029 965 2128 1003 no-

543 1035 684 1077 stras
724 1037 884 1076 sensu
922 1022 1162 1087 moveri,
1192 1023 1280 1092 qui
1311 1024 1474 1092 etiam
1515 1024 1688 1090 ipsum
1719 1036 1936 1076 sensum
1975 1021 2129 1075 nobis

539 1093 708 1157 dedit,
741 1107 848 1146 non
873 1093 1094 1147 daturus
1123 1087 1225 1146 nisi
1249 1087 1486 1147 novisset
1515 1087 1711 1146 bonum
1742 1107 1864 1146 esse
1895 1092 2130 1146 munus?

539 1164 826 1229 Quodlibet
862 1175 1036 1217 autem
1083 1163 1277 1218 bonum
1322 1163 1494 1232 prium
1537 1162 1725 1216 ordine
1765 1163 1816 1216 in
1862 1163 1976 1231 ipso
2022 1163 2130 1216 Deo

541 1235 838 1297 constituit,
873 1235 1130 1287 bonorum
1161 1235 1401 1288 omnium
1425 1244 1661 1286 auctore.
1686 1233 1772 1288 10.
1803 1233 1899 1300 Qui
1921 1233 2130 1302 corripit

540 1317 740 1376 gentes,
767 1321 867 1358 non
895 1314 1089 1375 arguet,
1119 1306 1205 1372 qui
1234 1304 1377 1358 docet
1406 1305 1660 1376 hominem
1683 1303 1980 1376 scientiam?
2007 1304 2131 1358 rla:c

542 1375 868 1445 interrogat,
898 1391 1002 1428 non
1033 1376 1182 1444 quasi
1225 1377 1385 1428 dubia
1414 1375 1541 1436 sint,
1574 1377 1668 1429 sed
1710 1375 1864 1444 quasi
1909 1375 1960 1428 iu
2001 1388 2131 1445 con-7

533 1445 689 1500 fesso
730 1443 868 1514 apud
916 1443 1104 1499 omnes
1123 1486 1138 1508 ,
1167 1461 1286 1514 qua:
1316 1461 1413 1514 per
1442 1443 1886 1515 interrogationes
1915 1459 2010 1499 eos
2037 1443 2132 1514 qui

542 1517 912 1572 contradicunt
943 1515 1144 1584 pudore
1177 1515 1502 1569 sulfundant.
1545 1515 1674 1569 Nam
1706 1517 1749 1569 si
1777 1515 1974 1569 multas
2000 1530 2132 1584 gen-

544 1599 625 1641 tes
649 1627 664 1648 .
695 1587 744 1641 id
775 1596 856 1641 est
884 1590 1171 1640 humanum
1196 1601 1365 1655 genus
1389 1627 1402 1649 ,
1436 1587 1677 1647 instituit,
1711 1585 1980 1657 quomodo
2008 1600 2132 1654 pec-

541 1667 754 1712 catores
792 1657 1067 1727 Speciatim
1117 1673 1224 1711 non
1277 1657 1588 1727 redarguel?
1630 1657 1910 1725 Quomodo
1952 1667 2129 1727 autem

542 1741 729 1797 gentes
777 1725 1038 1782 instituit?
1084 1728 1375 1782 Seieutiam
1422 1725 1665 1793 docens,
1709 1729 1898 1796 inquit.
1959 1725 2129 1793 Quam

541 1799 856 1854 scientiam?
895 1798 1276 1852 Discretioneut
1306 1799 1425 1852 boui
1455 1808 1510 1854 et
1540 1800 1699 1862 mali,
1731 1814 1910 1852 rerum
1942 1797 2131 1851 noxia.

543 1886 662 1924 rum
704 1880 758 1924 et
795 1869 1023 1923 utilium.
1058 1870 1183 1924 llaec
1211 1869 1406 1938 quippe
1427 1871 1605 1924 omnia
1638 1870 1750 1939 ipse
1779 1885 1884 1922 non
1913 1884 2008 1939 per
2031 1883 2130 1924 cu-

543 1951 768 2004 ratores,
790 1955 894 1994 non
919 1955 1013 2009 per
1032 1939 1302 2003 doctores,
1321 1940 1416 1995 sed
1437 1955 1500 1994 ex
1525 1938 1701 1994 innata
1723 1940 1908 1993 notitia
1929 1938 2129 1994 docuit.

543 2009 773 2084 Ideoque
800 2019 1083 2084 peccantes
1103 2022 1322 2084 arguet,
1357 2011 1410 2064 id
1439 2020 1542 2074 est,
1567 2011 1844 2084 judicabit.
1876 2010 2098 2084 Ignorau
2116 2037 2128 2047 -

541 2083 668 2135 tiam
690 2079 886 2151 quippe
909 2081 1037 2151 justi
1068 2091 1124 2136 et
1142 2079 1321 2150 injusti
1349 2097 1454 2136 non
1483 2079 1778 2152 poterimus
1801 2079 1939 2152 apud
1964 2079 2129 2134 Deum

543 2154 915 2233 prmteudere,
966 2152 1086 2233 quia
1137 2160 1234 2233 per
1273 2151 1794 2233 legetn_;uatural_em
1841 2151 2131 2232 discrimen

541 2222 683 2290 inter
703 2232 984 2292 utruntque
1003 2223 1175 2277 edocti
1206 2237 1411 2278 sumus.
1443 2223 1530 2278 11.
1555 2222 1806 2276 Dominus
1828 2223 1922 2275 scit
1947 2223 2133 2292 cogita-

540 2295 697 2347 tiones
726 2291 1008 2360 hominum,
1037 2295 1274 2361 quoniant
1298 2309 1440 2347 caute
1461 2305 1598 2348 sunt.
1642 2293 1756 2347 Hoc
1790 2308 1895 2346 non
1936 2291 2130 2346 frustra

542 2380 682 2417 nunc
703 2365 856 2420 eli‘ert
884 2365 1156 2432 psalmista
1184 2381 1198 2417 :
1226 2379 1294 2417 ne
1316 2363 1453 2418 forte
1481 2375 1722 2433 putemus
1762 2363 1928 2418 Deum
1958 2363 2132 2416 homi-

543 2448 640 2488 nes
667 2439 926 2504 patienter
945 2433 1107 2500 ferre,
1140 2434 1472 2504 ignorantem
1494 2445 1748 2504 quantum
1778 2433 2133 2502 iu'cogitatio-

543 2506 700 2559 nibus
725 2506 989 2568 labantur,
1021 2514 1076 2558 et
1094 2519 1252 2573 quam
1283 2520 1416 2558 vana
1447 2507 1497 2559 in
1529 2519 1709 2559 mente
1739 2514 1987 2571 versent,
2013 2519 2132 2573 qua:

541 2575 607 2630 ad
637 2575 1018 2645 blasphemiam
1047 2575 1099 2628 in
1125 2575 1399 2631 Christum
1425 2578 1744 2645 pertingant.
1770 2574 1889 2629 Non
1925 2577 2133 2644 ignorat

541 2663 689 2716 ergo.
723 2648 816 2701 sed
847 2661 1064 2717 gnarus,
1093 2661 1278 2700 eorum
1297 2646 1554 2716 judicium
1582 2647 1636 2700 iit
1666 2648 1897 2701 futurum
1924 2657 2131 2715 tempus

540 2729 810 2782 reservat;
846 2732 948 2770 nun
983 2726 1156 2770 tamen
1179 2732 1303 2787 erga
1325 2731 1548 2782 omnes;
1578 2719 1834 2787 quosdam
1857 2717 1997 2771 enim
2016 2719 2128 2784 jam

539 2787 604 2841 ad
639 2789 951 2858 sapientiam
982 2788 1178 2851 erudit,
1212 2789 1280 2842 de
1309 2789 1502 2856 quibus
1536 2789 1590 2842 in
1626 2788 1976 2858 sequentibus
1999 2788 2131 2841 dici-

541 2867 627 2911 tur
659 2875 672 2911 :
704 2860 798 2912 12.
829 2857 1011 2911 Beatus
1036 2859 1186 2911 homo
1211 2875 1357 2928 quem
1381 2868 1438 2912 tu
1458 2857 1721 2926 erudieris,
1745 2857 1980 2924 Domine,
2002 2869 2049 2913 et
2068 2858 2132 2912 de

539 2929 648 3000 lege
676 2941 761 2981 tua
789 2929 1176 3000 docueriseum.

608 3000 664 3052 2.
699 3000 874 3052 Multis
899 2999 1070 3052 modis
1099 2998 1242 3068 quia
1267 2998 1376 3054 Deo
1400 2999 1645 3054 eruditur
1673 2999 1859 3055 beatas
1887 2999 2082 3054 dicitur
2112 3016 2126 3054 :

538 3071 712 3141 primo
736 3071 981 3138 quidem,
1013 3070 1134 3139 quia
1165 3070 1356 3125 melior
1381 3080 1436 3141 ct
1464 3071 1756 3140 sapientior
1780 3070 2040 3136 redditur,
2075 3079 2134 3125 tit

539 3139 646 3195 iiou
688 3142 822 3194 ultra
859 3141 1136 3194 brutorum
1167 3142 1326 3194 vitam
1363 3139 1556 3205 ducat,
1585 3156 1758 3211 neque
1801 3142 2132 3196 rationabilis

537 3220 772 3277 creatus,
802 3213 940 3265 inter
965 3211 1344 3266 irrationabilia
1371 3212 1758 3274 constituatur;
1789 3211 1984 3267 deinde
2004 3215 2128 3281 quia

537 3298 568 3335 a
598 3285 708 3337 Deo
742 3282 1044 3352 institutus,
1071 3282 1222 3350 quasi
1244 3295 1274 3335 a
1300 3291 1451 3352 patre
1484 3281 1796 3337 verberatur
1827 3299 1841 3338 :
1873 3281 2132 3352 quamob-

537 3369 650 3408 rem
679 3368 783 3407 uon
826 3351 1021 3422 puniri,
1048 3353 1143 3406 sed
1168 3351 1364 3407 erudiri
1394 3352 1625 3408 dicitur:
1652 3355 1839 3422 punire
1878 3351 2019 3407 enim
2044 3354 2131 3422 ju-

539 3424 716 3493 dicunt
738 3432 822 3478 est
843 3439 858 3486 ;
881 3423 1093 3478 erudire
1114 3431 1526 3493 praceptorum.
1545 3425 1876 3493 Quapmpter
1904 3423 2129 3492 addidit,

535 3492 616 3550 De
639 3497 748 3564 lege
774 3503 860 3548 tua
885 3494 1114 3547 docueris
1134 3509 1270 3558 eum,
1297 3492 1588 3548 ostendens
1617 3492 1781 3548 Deum
1807 3510 1911 3549 non
1937 3496 2130 3550 iratum

537 3566 769 3629 erudire,
796 3565 889 3619 sed
911 3580 1033 3618 eum
1055 3580 1211 3632 quem
1235 3565 1411 3618 erudit
1432 3565 1483 3617 in
1510 3565 1626 3632 lege
1647 3565 1860 3619 doctum
1881 3566 2128 3621 reddere.

539 3635 862 3705 Ecquamam
885 3635 1127 3690 utilitas?
1151 3633 1238 3688 15.
1270 3634 1337 3689 Ut
1359 3635 1553 3704 muiges
1573 3651 1683 3688 eum
1703 3652 1735 3687 a
1760 3637 1934 3690 diebus
1959 3638 2128 3704 malis,

543 3713 704 3761 donec
729 3707 953 3776 fodiatur
979 3706 1228 3776 percolari
1254 3707 1415 3773 fovea.
1450 3706 1837 3761 Beatitudinem
1861 3723 1982 3762 esse
2011 3723 2128 3762 nia-

537 3793 696 3846 guam
725 3777 855 3831 dicit
883 3775 1142 3847 propheta
1172 3775 1540 3847 liberationem
1569 3791 1598 3830 a
1621 3775 1798 3830 futuro
1825 3779 2086 3847 supplicio
2108 3820 2126 3847 ,

538 3845 660 3903 ideo
697 3850 749 3902 itt
786 3845 897 3902 alio
931 3847 1143 3902 Psaltno
1170 3846 1301 3920 dicit
1311 3864 1336 3920 ξε
1365 3845 1554 3920 Beatus
1578 3848 1682 3920 qui
1712 3845 1948 3920 intelligit
1969 3845 2131 3920 super

537 3935 747 3988 egenum
767 3929 812 3972 et
837 3934 1109 3989 pauperem
1130 3932 1168 3989 ;V
1190 3917 1244 3970 in
1266 3918 1348 3972 die
1372 3919 1509 3972 mala
1551 3917 1776 3972 liberabit
1813 3917 1925 3973 eum
1953 3917 2132 3974 Domi-

538 3987 633 4044 nus
673 3987 855 4072 (.Psal'.
886 3987 976 4044 40.
1012 3987 1109 4072 2).
1155 3988 1340 4072 Itaque
1377 3989 1498 4072 jure
1524 4004 1665 4044 nunc
1690 3990 2128 4072 .etiain_beatum

537 4059 813 4141 constituit
844 4075 966 4141 conm
991 4059 1080 4122 qui
1121 4061 1362 4141 eruditur
1385 4076 1416 4114 a
1440 4059 1548 4141 Deo
1567 4099 1582 4125 ,
1613 4061 1734 4141 quia
1757 4076 1854 4131 per
1883 4061 2019 4141 hanc
2039 4061 2125 4116 in-

538 4133 868 4186 stitutionem
896 4130 1072 4184 futura
1101 4132 1234 4184 vitat
1249 4131 1411 4196 mala,
1439 4139 1496 4186 et
1519 4131 1573 4184 in
1593 4130 1780 4185 diebus
1800 4133 1955 4186 malis
1978 4148 2130 4186 man-

535 4202 817 4256 suetudine
848 4201 1070 4266 fruetur,
1105 4200 1155 4254 id
1185 4213 1290 4266 est,
1320 4201 1386 4255 iis
1413 4202 1760 4272 temporibus,
1787 4205 1979 4271 quibus
2007 4219 2124 4272 pa:-

537 4287 636 4327 nas
660 4275 1004 4341 experiuntur
1026 4273 1058 4325 ii
1082 4272 1170 4340 qui
1198 4273 1487 4343 puniuntur
1509 4310 1526 4336 ,
1566 4271 1761 4343 quibus
1797 4274 1846 4343 ei
1875 4275 1963 4343 qui
2004 4289 2129 4330 vere

536 4340 783 4413 peccatur
820 4353 920 4406 cst,
951 4357 1143 4410 nempe
1169 4342 1402 4404 diabolo.
1429 4340 1499 4396 de
1522 4340 1628 4411 quo
1655 4341 1784 4396 dicit
1809 4340 2025 4410 Paulus,
2060 4344 2128 4399 Ut

535 4415 627 4486 ﬁat
654 4430 810 4486 supra
865 4413 1072 4486 modum
1123 4429 1336 4486 peccans
1380 4423 1642 4486 peccatum
1693 4430 1783 4481 per
1824 4418 2129 4486 mandatum

535 4483 556 4555 ἦ
581 4483 732 4538 Ront.
758 4485 811 4538 7.
840 4485 960 4556 15).
987 4483 1432 4556 foveaell'oditur.
1463 4485 1723 4536 l’arantur
1746 4484 1944 4554 quippe
1969 4487 2019 4540 ei
2046 4489 2128 4540 l'u-

534 4553 653 4627 tura
680 4553 959 4627 supplicia,
985 4569 1106 4623 qua:
1134 4553 1341 4609 foveam
1361 4563 1722 4627 congruenter
1749 4553 1976 4627 vocavit,
1999 4559 2123 4626 quia

532 4640 604 4682 ex
633 4624 764 4694 ipsis
789 4624 1080 4694 numquam
1105 4640 1383 4695 emergere
1406 4625 1602 4693 poterit
1621 4664 1639 4687 .
1671 4624 1766 4679 sed
1796 4628 1847 4679 in
1877 4627 1982 4680 illis
2013 4624 2126 4682 ina-

533 4697 683 4752 nebit
706 4697 857 4766 quasi
884 4697 936 4750 in
963 4695 1118 4750 fovea
1143 4697 1384 4766 obrutus.
1411 4697 1810 4766 Observandum
1841 4710 2018 4752 autem
2043 4707 2124 4753 est

538 4765 799 4823 Davidem
826 4783 932 4821 non
953 4767 1197 4822 eamdem
1225 4765 1366 4821 diem
1388 4765 1582 4820 malam
1600 4766 1800 4832 dicere,
1828 4783 1986 4837 quam
2009 4770 2124 4824 dies

531 4839 702 4893 malas
733 4853 946 4893 rursum
978 4839 1226 4893 vocavit:
1256 4837 1350 4891 sed
1388 4837 1475 4890 illa
1521 4846 1604 4890 est
1632 4837 1685 4890 in
1725 4854 1828 4906 qua
1866 4840 2122 4907 judicium

533 4909 869 4979 proferetur,
909 4919 966 4964 et
987 4924 1089 4978 qua
1129 4907 1530 4979 misericordem
1565 4909 1724 4972 eruit,
1755 4910 2122 4966 omnimodam

531 4977 583 5035 ei
627 4980 924 5035 libertatein
973 4977 1262 5048 praebens:
1297 4977 1433 5048 haec
1456 4992 1590 5032 vero
1630 4989 1752 5048 sunt
1791 4991 2120 5038 cruciatuum

535 5060 798 5120 tempora.
821 5047 1155 5120 Quapropter
1177 5051 1227 5102 iti
1253 5047 1442 5118 plurali
1466 5049 1617 5114 dixit,
1646 5047 1786 5114 Dies,
1815 5067 1920 5105 non
1949 5052 2118 5118 Dlt'lll,

529 5122 725 5191 quibus
744 5121 933 5177 diebus
959 5120 1224 5191 mitigabit
1242 5121 1290 5173 ei
1315 5120 1403 5189 qui
1427 5121 1687 5185 eruditur,
1719 5120 1770 5191 id
1792 5131 1895 5187 est,
1921 5122 2121 5177 leviora

531 5190 721 5248 reddet
747 5192 1003 5263 supplicia
1033 5190 1324 5263 secundum
1369 5191 1583 5244 modum
1627 5190 1962 5263 eruditionis,
1987 5209 2120 5248 con-

532 5261 829 5326 versionis,
858 5261 1015 5335 atque
1036 5261 1432 5335 emendationis
1447 5277 1566 5335 qua:
1590 5277 1654 5314 ex
1681 5262 2014 5335 institutione
2037 5267 2116 5335 gi-

528 5336 728 5402 gnitur.
757 5335 844 5390 14.
878 5330 1013 5402 Quia
1037 5349 1138 5386 non
1161 5333 1368 5401 repellet
1393 5330 1644 5385 Dominus
1667 5331 1859 5401 plebem
1884 5330 2064 5401 suam;
2073 5344 2120 5388 et

529 5405 854 5461 hereditatem
877 5421 1024 5458 suam
1047 5420 1149 5457 non
1174 5404 1503 5472 derelinquat.
1555 5403 1702 5457 lianc
1744 5404 1961 5459 adducit
1997 5421 2122 5461 cau-

529 5492 644 5531 sam
676 5478 944 5544 psahnista
971 5491 1066 5529 cur
1095 5473 1180 5528 hic
1205 5487 1320 5538 eos,
1345 5488 1479 5543 quos
1509 5474 1693 5528 beatos
1712 5476 1861 5543 dicit,
1888 5479 2118 5533 erudiat.

532 5548 836 5619 Cutuenitu
869 5546 1065 5619 populo
1091 5560 1189 5598 suo
1214 5554 1270 5600 et
1295 5544 1575 5619 hereditati
1607 5547 1813 5614 parcit,
1859 5549 2118 5616 quosdam

530 5618 704 5673 erudit
731 5658 750 5682 ,
791 5628 848 5672 ut
872 5615 933 5671 "et
962 5617 1060 5686 ipsi
1082 5616 1326 5670 conversi
1356 5615 2026 5686 salutemconsequantur,
2065 5627 2122 5675 et

531 5691 650 5743 aliis
678 5685 1046 5744 conversionis
1073 5685 1283 5741 occasio
1309 5694 1364 5741 et
1391 5687 1695 5755 exemplum
1723 5685 1848 5742 sint.
1882 5688 1938 5744 Si
1963 5705 2119 5744 nam-

533 5778 636 5827 que
665 5761 821 5814 vellet
862 5759 1111 5828 pupulum
1140 5773 1295 5810 suum
1339 5768 1647 5826 peccantem
1685 5760 1980 5827 repellere,
2029 5769 2122 5816 aut

533 5847 683 5884 suam
727 5830 1076 5885 hereditatem
1111 5830 1472 5899 spiritualibus
1511 5829 1739 5884 inimicis
1783 5833 2114 5900 relinquere,

534 5919 638 5958 non
669 5903 902 5959 crodirct
922 5919 1039 5970 nea,
1064 5903 1191 5956 utin
1214 5915 1364 5971 pejus
1380 5914 1448 5956 ex
1468 5900 1745 5972 iniquitate
1764 5913 2115 5960 verterentur.

2072 409 2342 471 SPURIA.

3730 413 3828 468 768

2238 525 2392 594 Quod
2419 525 2562 580 enim
2590 524 2873 580 derelictio
2916 524 3218 592 huiusmodi
3266 540 3331 579 ex
3378 539 3567 592 magna
3616 526 3828 593 prodeat

2245 601 2343 660 ira.
2375 613 2404 651 a
2431 599 2540 651 lico
2565 597 2742 651 disces
2765 596 2981 650 Judzeos
3010 597 3088 650 sic
3108 596 3453 664 alloquente:
3486 594 3606 648 Non
3625 597 3830 650 visitabo

2237 685 2350 721 cum
2379 667 2638 721 moecham:
2662 669 2847 738 fuerint
2885 681 3086 738 sponsa}
3125 682 3298 720 eorum
3321 706 3337 728 ,
3379 681 3468 738 nec
3495 681 3610 719 cum
3661 669 3824 736 forni-

2237 749 2364 810 cata!
2404 739 2591 810 fuerint
2626 737 2750 805 ﬁlia:
2776 751 2948 791 eorum
2995 737 3162 810 (Osee
3202 738 3271 810 4.
3298 737 3446 810 l5);
3488 747 3543 790 ct
3576 751 3826 792 rursum:

2241 808 2499 876 Dereliqui
2541 809 2746 861 domum
2788 823 2987 871 meam,
3039 808 3211 860 dimisi
3251 808 3574 862 hereditatem
3621 823 3782 862 metm
3811 831 3828 863 :

2237 880 2373 948 facta
2402 890 2474 934 est
2499 881 2749 950 hereditas
2775 895 2885 932 mea
2915 879 3187 950 mihisicut
3210 878 3288 931 leo
3311 879 3366 932 in
3391 877 3532 948 sylva
3559 879 3578 950 (
3593 877 3704 932 Jer.
3738 879 3824 934 12.

2238 951 2290 1004 7.
2321 950 2412 1020 8).
2447 951 2534 1006 15.
2569 949 2910 1019 Quoadusque
2926 949 3129 1018 jttstitt'a
3149 959 3465 1002 convertatur
3484 951 3537 1002 in
3548 950 3824 1020 judicium,

2236 1031 2282 1074 et
2309 1023 2394 1091 qui
2407 1021 2560 1091 juxta
2580 1019 2723 1073 illam
2749 1036 2921 1073 omnes
2943 1020 3029 1090 qui
3054 1027 3192 1091 reeto
3211 1028 3330 1091 sunt
3351 1019 3522 1073 corde.
3545 1019 3661 1074 Non
3683 1021 3825 1090 quod

2237 1101 2518 1216 postquam
2542 1090 2748 1160 justitia
2777 1105 3036 1172 conversa
3067 1090 3223 1144 fuerit
3250 1090 3302 1144 in
3324 1091 3622 1160 judicium,
3655 1107 3826 1174 popu-

2259 1177 2346 1216 uin
2376 1176 2531 1216 suum
2555 1162 2693 1215 Deus
2709 1171 2799 1214 aut
2826 1162 3172 1216 hereditatem
3205 1176 3354 1215 suam
3395 1163 3703 1216 reoulsnrus
3727 1173 3826 1216 su:

2259 1177 2346 1216 uin
2376 1176 2531 1217 suum
2555 1162 2693 1215 Deus
2709 1171 2799 1214 aut
2826 1162 3172 1216 hereditatem
3205 1176 3354 1215 suam
3395 1163 3703 1229 repulsnrus
3727 1164 3826 1225 sit;

2236 1233 2331 1288 sed
2357 1233 2477 1302 quia
2519 1233 2904 1286 institutionem
2952 1231 3099 1286 dedit
3136 1232 3188 1285 in
3226 1243 3634 1302 argumentum,
3679 1234 3822 1300 quod

2239 1317 2390 1356 suam
2413 1302 2759 1358 hereditatem
2792 1318 2896 1356 non
2927 1303 3239 1373 negligeret,
3262 1303 3372 1373 vult
3400 1311 3451 1357 te
3475 1303 3666 1359 docere
3691 1318 3828 1372 quo-

2236 1389 2406 1444 usque
2430 1374 2512 1428 his
2529 1388 2666 1442 opus
2688 1373 2808 1428 erit.
2835 1372 3061 1440 Quando
3081 1372 3230 1427 enim
3256 1372 3498 1427 Christus
3519 1389 3642 1428 vera
3669 1374 3828 1442 justi-

2238 1445 2310 1498 tia
2333 1455 2678 1499 convertetur
2703 1445 2755 1497 in
2781 1445 3059 1513 judicium,
3087 1453 3141 1497 et
3166 1445 3421 1512 patientia
3445 1444 3630 1499 relicta
3659 1444 3726 1499 ad
3745 1445 3832 1514 ju-

2237 1515 2520 1570 dicandum
2552 1525 2810 1582 vertetur,
2834 1525 2890 1570 et
2916 1514 3104 1569 Omnes
3127 1516 3250 1567 recti
3271 1515 3441 1577 corde,
3469 1529 3661 1584 nempe
3674 1516 3826 1584 justi,

2234 1586 2390 1657 juxta
2418 1585 2598 1652 illaut,
2627 1585 2677 1640 id
2705 1595 2824 1651 est,
2851 1600 2963 1657 non
2994 1586 3046 1639 in
3089 1584 3177 1657 illa
3223 1587 3372 1654 quasi
3397 1584 3668 1657 judicandi
3688 1627 3703 1649 .
3734 1587 3827 1641 Sed

2241 1655 2393 1725 Quasi
2424 1657 2646 1711 clientes
2685 1667 2738 1711 et
2772 1656 2965 1727 judicis
2989 1655 3249 1727 satellites
3275 1664 3433 1727 erunt
3470 1655 3627 1720 (ideo
3650 1657 3830 1711 ueteri

2239 1729 2557 1796 interpretes
2577 1767 2591 1790 ,
2623 1727 2742 1782 loco
2768 1725 2905 1782 illius
2923 1767 2940 1792 ,
2967 1726 3126 1780 Juxta
3153 1726 3319 1792 illam,
3351 1725 3475 1780 Post
3498 1742 3613 1780 eum
3641 1727 3823 1782 edide-

2239 1800 2398 1869 runt)
2426 1813 2442 1851 :
2475 1806 2601 1852 tunc
2619 1799 2874 1866 speciales
2899 1811 3086 1852 omnes
3115 1797 3472 1869 institutiones
3504 1797 3824 1869 cessabunt:

2241 1883 2346 1923 non
2375 1867 2516 1923 enim
2541 1869 3006 1932 admonitionem,
3055 1867 3148 1921 sed
3190 1868 3255 1920 ad
3295 1867 3694 1922 retributionem
3733 1868 3826 1922 Dei

2234 1939 2495 2007 judicium
2521 1939 2642 1994 crit.
2675 1939 2971 2010 Diapsalma
2996 1938 3117 1992 ideo
3137 1937 3360 2003 addidit,
3383 1939 3502 2007 quia
3525 1953 3828 1992 sermonem

2241 2010 2387 2064 illum
2416 2025 2755 2064 communem
2801 2012 2852 2064 iit
2894 2011 3164 2082 propriaut
3194 2010 3363 2082 vertit
3394 2024 3695 2077 personam.
3739 2011 3824 2064 16.

2243 2082 2370 2145 Quis
2395 2091 2658 2152 consurget
2684 2081 2807 2134 mihi
2835 2079 3076 2135 adversus
3100 2079 3452 2152 malignantes,
3483 2093 3570 2152 aut
3589 2082 3700 2148 quis
3723 2093 3825 2133 sta~

2245 2153 2315 2223 bit
2341 2167 2537 2206 mecum
2563 2150 2800 2206 adversus
2828 2162 3090 2223 aperantes
3114 2150 3465 2223 iniquitatem?
3506 2151 3706 2223 Bellum
3735 2167 3831 2204 no—

2240 2220 2324 2275 bis
2365 2233 2612 2292 asperum
2659 2235 2714 2276 et
2751 2220 3109 2277 truculentum
3165 2221 3421 2276 adversus
3451 2222 3706 2290 malignas
3738 2224 3831 2291 po-

2243 2301 2465 2348 tcstatcs
2500 2293 2800 2348 subindicat
2831 2293 3121 2363 propheta,
3165 2307 3229 2345 ac
3251 2292 3630 2363 propemodum
3681 2292 3827 2346 Pauli

2239 2364 2401 2418 verba
2441 2365 2675 2433 profert:
2709 2362 2840 2419 Non
2855 2375 2925 2418 est
2951 2365 3092 2418 nobis
3115 2364 3250 2416 lucta
3275 2362 3512 2416 adversus
3536 2363 3831 2432 sanguinem

2239 2445 2288 2489 et
2315 2451 2517 2488 carnent
2537 2476 2550 2498 ,
2587 2434 2676 2489 sed
2719 2435 2960 2489 adversus
2987 2433 3302 2502 principatus
3344 2443 3390 2485 et
3439 2444 3734 2501 potestates,
3783 2446 3831 2487 et

2243 2517 2461 2559 rectores
2489 2507 2665 2558 mundi
2691 2507 3029 2570 tenebrarum,
3056 2504 3296 2558 adversus
3328 2504 3612 2573 spiritualia
3649 2507 3828 2574 nequi-

2239 2576 2324 2630 tla:
2362 2576 2593 2648 (liphes.
2621 2577 2674 2631 6.
2709 2575 2829 2648 12).
2877 2575 3073 2630 Contra
3119 2590 3212 2648 eos
3251 2575 3505 2628 auxnlium
3544 2578 3734 2648 qua-rit
3775 2585 3830 2629 et

2241 2645 2489 2717 postulat.
2513 2648 2643 2715 Quis
2662 2645 2917 2701 adversus
2933 2661 3026 2717 eos
3048 2645 3202 2700 nobis
3221 2659 3550 2714 consurgens
3571 2647 3831 2700 auxilium

2242 2716 2297 2788 et
2326 2733 2480 2788 opem
2509 2719 2653 2774 l'erre
2681 2719 2892 2788 potest?
2920 2716 2996 2771 Ne
3026 2716 3183 2788 igitur
3213 2717 3304 2770 tibi
3335 2717 3546 2787 placeas
3571 2731 3688 2788 cum
3720 2734 3828 2769 ina-

2243 2786 2588 2861 lignantibus,
2616 2786 2790 2860 neque
2809 2787 3092 2861 delecteris
3111 2802 3232 2841 cum
3259 2786 3604 2861 operantibus
3631 2786 3829 2857 iniqui-

2242 2857 2424 2924 tatem,
2454 2857 2771 2930 quibuscum
2803 2860 3057 2930 propheta
3099 2875 3204 2912 non
3249 2857 3409 2912 modo
3465 2858 3662 2930 bellare
3709 2875 3826 2928 pcr-

2240 2938 2410 2998 0ptat,
2455 2928 2548 2985 sed
2585 2931 2742 2985 etiam
2770 2928 3184 2984 commilitonem
3215 2929 3432 2999 quaerit,
3462 2943 3581 2983 eum
3625 2929 3691 2982 dc
3728 2948 3833 2998 quo

2239 3000 2388 3056 dicit.
2418 3002 2506 3056 l7.
2536 2999 2655 3054 Nisi
2689 3001 2807 3069 quia
2834 2999 3083 3055 Dominus
3099 2999 3292 3070 adjuvit
3324 3014 3416 3070 me
3438 3040 3453 3064 ,
3479 3003 3629 3068 paulo
3667 3005 3832 3055 nauus

2240 3069 2510 3125 habitasset
2537 3073 2591 3126 in
2624 3074 2825 3141 inferno
2863 3071 3034 3125 anima
3063 3069 3193 3124 mea.
3225 3069 3402 3141 solius
3444 3069 3572 3134 Dei,
3622 3070 3822 3140 inquit,

2239 3143 2556 3198 commilitio
2585 3140 2720 3213 opus
2740 3140 2999 3213 habemus
3025 3155 3046 3198 t
3075 3141 3196 3213 ipse
3213 3140 3359 3196 Solus
3384 3154 3482 3213 nos
3507 3143 3829 3210 potesttucri

2239 3223 2425 3268 contra
2457 3211 2831 3268 taletn'aciem.
2861 3211 2976 3266 Non
3014 3212 3324 3266 recordatus
3367 3211 3546 3266 delicti
3579 3214 3660 3266 sui
3701 3228 3828 3280 erga

2239 3283 2535 3351 Bersabee,
2584 3287 2698 3338 haec
2724 3283 3024 3337 modulatus
3050 3283 3169 3338 est?
3206 3281 3318 3336 Nisi
3349 3283 3494 3336 enim
3532 3293 3656 3337 tunc
3688 3284 3835 3336 Dens

2241 3356 2407 3409 misso
2432 3354 2675 3409 Nathane
2700 3354 2882 3409 Davidi
2909 3353 3193 3409 auxiliatos
3217 3362 3383 3419 esset,
3411 3368 3506 3421 per
3524 3353 3639 3422 ejus
3665 3355 3828 3407 verba

2239 3425 2413 3494 ipsum
2443 3427 2683 3481 excitans
2707 3425 2773 3479 ad
2817 3424 3183 3494 paenitentiam
3207 3464 3224 3489 ,
3271 3423 3563 3494 periculum
3603 3433 3721 3478 erat
3765 3440 3830 3478 ne

2239 3493 2408 3566 ipsius
2449 3497 2629 3552 anima
2666 3493 2935 3552 habitaret
2979 3495 3034 3549 in
3073 3493 3283 3551 inferno
3305 3534 3321 3560 ,
3361 3493 3474 3550 sive
3513 3496 3566 3551 iu
3608 3508 3832 3563 peccato

2238 3569 2448 3622 mortis.

2310 3637 2364 3693 ὅ.
2393 3636 2543 3706 Quod
2569 3637 2616 3693 si
2637 3637 2812 3708 justus
2830 3653 2950 3691 cum
2979 3637 3168 3708 ignave
3191 3651 3249 3691 se
3273 3635 3431 3706 gerit,
3456 3635 3509 3708 in
3538 3645 3709 3708 morte
3739 3637 3831 3690 ha-

2239 3707 2373 3764 bitat
2393 3705 2806 3778 ,impius'certe
2837 3705 3115 3773 inhabitat,
3149 3717 3203 3761 et
3239 3705 3394 3778 sedes
3423 3707 3534 3778 ligit
3561 3725 3575 3762 :
3606 3705 3730 3778 Non
3756 3718 3830 3761 est

2239 3781 2383 3861 enim
2411 3776 2665 3866 quomodo
2685 3797 2720 3866 ρ
2741 3789 2944 3866 peccato
2979 3787 3197 3866 emergat
3225 3776 3400 3866 (l’sal.
3420 3777 3521 3861 _72.
3551 3777 3663 3866 4),:
3691 3796 3829 3866 quo-

2238 3851 2381 3905 niam
2408 3849 2535 3905 Cum
2559 3849 2790 3905 ceciderit
2814 3890 2828 3912 ,
2877 3858 2934 3904 ut
2961 3851 3036 3903 ait
3069 3849 3320 3903 Salomon
3346 3891 3362 3914 ,
3412 3850 3466 3903 in
3515 3853 3830 3918 profundum

2237 3922 2489 3975 malorum
2512 3963 2524 3986 ,
2563 3923 2837 3975 contemnit
2869 3919 3062 3990 (Prov.
3093 3919 3178 3974 18.
3209 3918 3300 3988 5).
3334 3919 3424 3990 18.
3470 3921 3530 3972 Si
3557 3920 3786 3971 dicebam
3811 3962 3828 3984 ,

2239 3991 2411 4046 Motus
2433 4001 2503 4046 est
2528 4009 2615 4062 pes
2634 4007 2803 4060 meus,
2827 3987 3170 4045 misericordia
3189 3987 3275 4044 tua
3293 4030 3308 4054 ,
3330 3987 3551 4062 Domine
3567 4029 3583 4054 ,
3607 3990 3830 4062 adjuva-

2238 4063 2321 4117 bat
2351 4079 2448 4116 me.
2497 4059 2746 4132 Quisquis
2790 4059 2936 4116 enim
2978 4062 3254 4131 agnoverit
3279 4070 3335 4116 et
3358 4059 3635 4118 confessus
3663 4060 3831 4115 fuerit

2237 4143 2514 4204 peccatum
2545 4148 2720 4199 suum,
2752 4141 2807 4188 et
2831 4147 3121 4188 concussus
3147 4145 3251 4185 non
3280 4132 3554 4204 iguavese
3573 4134 3831 4204 gesserit,

2237 4201 2411 4274 neque
2434 4204 2819 4275 desperaverit,
2847 4204 2941 4258 sed
2967 4205 3017 4257 in
3038 4217 3261 4275 sensum
3291 4201 3490 4275 peccati
3521 4202 3752 4275 venerit,
3781 4201 3828 4256 is

2241 4273 2335 4330 Dei
2364 4273 2616 4328 auxilium
2645 4286 2699 4330 et
2739 4274 3155 4330 miscricordiam
3194 4273 3373 4327 statim
3406 4273 3603 4327 sentiet
3647 4274 3828 4341 cpitu-

2236 4344 2456 4400 lantem.
2491 4347 2578 4401 19.
2609 4345 2900 4400 Secundum
2929 4345 3299 4398 multitudinem
3323 4342 3558 4397 doloraut
3596 4358 3828 4396 nieorum

2235 4417 2291 4470 in
2319 4418 2469 4470 corde
2498 4433 2605 4470 meo
2624 4458 2639 4481 ,
2670 4417 3037 4471 consolationes
3061 4427 3163 4468 tua:
3187 4415 3571 4483 ltetiﬁcaverunt
3597 4415 3828 4466 animam

2235 4503 2418 4540 meum.
2468 4487 2595 4540 lllttd
2644 4489 2804 4543 etiam
2847 4496 2932 4541 est
2977 4485 3168 4540 medici
3205 4486 3424 4540 scientis
3472 4485 3824 4554 congruentia

2233 4559 2544 4612 vulneribus
2564 4558 2847 4613 admovere
2868 4557 3124 4612 remedia.
3150 4557 3369 4611 Dolores
3387 4563 3565 4610 autem
3585 4573 3636 4608 Ill
3655 4559 3825 4610 corde

2234 4637 2390 4682 vocat
2416 4628 2530 4684 sive
2557 4629 2795 4683 dolorem
2820 4628 2888 4682 de
2918 4627 3149 4696 peccatis
3186 4641 3279 4696 per
3314 4627 3726 4680 conversionem
3771 4635 3825 4681 et

2233 4701 2694 4769 cinnpunctionem
2729 4699 3042 4763 inductum;
3069 4697 3182 4753 sive
3205 4698 3446 4752 dolorem
3477 4698 3823 4769 depectant-

2233 4768 2547 4826 rutnrebus
2574 4771 2879 4840 prosperis;
2925 4770 3037 4824 sive
3075 4783 3393 4823 nocumenta
3440 4768 3592 4822 nobis
3622 4768 3824 4837 injuste

2233 4841 2377 4895 illata
2400 4857 2416 4906 ;
2446 4841 2528 4895 his
2553 4841 2799 4896 omnibus
2831 4840 2970 4896 Deus
2994 4850 3373 4910 congruentem
3395 4840 3549 4893 allert
3567 4840 3821 4893 consola-

2235 4913 2456 4967 tionem.
2488 4911 2620 4966 Nam
2651 4912 2686 4965 ii
2713 4912 2903 4982 quibus
2933 4911 3126 4981 injuste
3148 4909 3356 4965 insidiae
3387 4919 3686 4982 parantur,
3721 4927 3820 4963 uo-

2230 4997 2354 5037 vam
2373 4980 2790 5038 consolationem
2812 4983 2950 5036 hanc
2963 4981 3159 5036 Christi
3179 4980 3556 5036 beatitudinem
3579 4980 3785 5034 habent
3807 4999 3820 5031 :

2230 5053 2377 5108 Beati
2400 5055 2487 5124 qui
2526 5054 2955 5124 persequutiouem
2996 5054 3257 5123 patiuntur
3299 5061 3503 5124 propter
3519 5052 3784 5124 justitiam
3805 5093 3822 5116 ,

2229 5121 2467 5194 quoniam
2494 5121 2720 5194 ipsorum
2738 5134 2807 5179 est
2829 5121 3034 5194 regnum
3067 5126 3316 5194 caelorum
3347 5122 3572 5194 (Matth.
3601 5121 3657 5176 5.
3691 5124 3764 5176 10
3779 5127 3818 5189 ).

2229 5193 2328 5262 Qui
2359 5210 2487 5250 vero
2515 5193 2583 5250 de
2609 5197 2841 5266 peccatis
2865 5193 2976 5266 suis
2998 5204 3216 5264 gemunt
3229 5203 3288 5249 et
3301 5193 3689 5266 lamentantur,
3713 5208 3820 5246 ma-

2229 5281 2333 5335 gna
2371 5273 2427 5320 et
2466 5267 2562 5335 ipsi
2594 5263 2918 5321 beatitudine
2948 5263 3216 5319 donantur
3247 5281 3261 5316 :
3291 5263 3443 5335 Beati
3472 5265 3558 5335 qui
3603 5265 3818 5335 lugent,

2228 5333 2468 5408 quoniam
2488 5333 2601 5406 ipsi
2639 5338 3029 5392 consolationem
3065 5336 3321 5408 accipient,
3350 5333 3578 5408 (Matth.
3621 5333 3677 5408 5;
3720 5333 3815 5407 5).

2229 5407 2499 5478 Quotquot
2524 5409 2683 5463 etiam
2712 5409 2779 5464 de
2798 5408 2958 5463 rebus
3000 5408 3269 5478 prosperis
3312 5407 3610 5476 iniquorum
3662 5407 3816 5475 inge-

2228 5477 2416 5550 muut’,
2447 5493 2569 5532 cum
2617 5479 2746 5550 ipsis
2786 5478 3051 5550 pernicies
3087 5477 3323 5544 advenit,
3370 5485 3495 5532 tunc
3531 5491 3684 5550 suam
3709 5478 3813 5550 ipsi

2228 5549 2450 5620 gloriam
2472 5547 2707 5620 sentiunt
2733 5566 2748 5603 :
2781 5547 3070 5620 laetabitur
3083 5552 3224 5620 enim
3271 5550 3438 5616 iustus
3471 5564 3586 5601 cum
3615 5547 3816 5620 _vi_derit

2228 5617 2501 5674 uindictam
2528 5619 2714 5689 (Psal.
2746 5620 2839 5676 57.
2880 5622 3004 5690 10).
3052 5619 3146 5674 Sin
3187 5635 3315 5674 vero
3355 5620 3554 5690 dixeris
3594 5617 3816 5673 dolores

2229 5692 2422 5745 anima:
2449 5705 2569 5746 esse
2597 5702 2834 5762 peccata.
2861 5689 3044 5760 utpOte
3071 5705 3256 5760 parias
3282 5700 3338 5745 et
3359 5689 3576 5744 vulnera
3599 5705 3623 5754 ;
3641 5690 3813 5762 anilia

2229 5777 2441 5831 quoque
2460 5758 2621 5832 super
2645 5762 2728 5818 his
2745 5778 2776 5816 a
2799 5758 3008 5817 Christo
3037 5758 3332 5816 coiisolatio
3351 5762 3603 5816 all'ertur:
3641 5758 3812 5813 Venite

2229 5836 2296 5885 ad
2320 5849 2399 5887 me
2419 5873 2434 5895 ,
2466 5849 2636 5887 omnes
2660 5834 2745 5902 qui
2775 5835 3015 5888 laboratis
3039 5843 3084 5886 et
3113 5835 3308 5888 onerati
3345 5835 3462 5886 estis
3481 5871 3497 5902 ,
3532 5842 3576 5884 ct
3604 5847 3693 5900 ego
3723 5847 3809 5881 rc-

2229 5905 2406 5960 creato
2432 5921 2522 5960 vos
2550 5901 2781 5977 (Matth.
2805 5905 2890 5961 11.
2913 5903 2984 5958 28
3009 5910 3060 5962 i:
3089 5920 3153 5960 ac
3178 5918 3388 5960 rursum
3407 5943 3427 5970 ,
3466 5901 3584 5957 Non
3621 5905 3809 5954 beatust
