4094 6368
332 352 446 407 769

340 468 573 520 lidicem
597 465 860 527 mundum,
893 464 979 515 sed
999 472 1053 514 ut
1076 464 1267 516 salttum
1297 461 1484 529 [ariam
1507 461 1750 514 mundum
1771 462 1948 527 (Joan.

364 538 426 592 2.
463 538 541 590 47
563 538 602 604 ).
632 536 722 591 ‘20.
756 535 837 588 Ne
862 536 1117 587 tul/iwrent
1165 534 1251 585 tibi
1287 534 1496 585 thronus
1523 532 1836 604 iniquitatis,
1860 534 1953 604 qui

324 610 503 733 {iugis
536 603 758 661 laborem
790 608 841 657 in
870 616 1141 675 praecepto.
1174 604 1423 656 'l'hronus
1444 603 1737 671 iniquitatis
1765 603 1951 655 diaho.

352 697 423 732 ns
463 680 587 733 iure
616 687 872 733 vocatur:
902 678 1015 729 sive
1041 675 1184 728 enim
1216 674 1469 727 thronum
1498 674 1699 727 dixeris
1725 687 1845 727 esse
1868 689 1951 727 re-

352 674 435 732 ns
454 680 587 747 jure
616 687 872 739 vocatur;
902 678 1015 729 sive
1040 674 1184 728 enim
1216 674 1469 747 thronum
1498 674 1953 747 dixerisessere-

324 743 513 816 gruum
539 788 555 812 ,
583 749 694 801 sive
722 749 963 816 requiem
982 786 999 809 ,
1036 747 1149 799 sive
1174 747 1353 816 sedem
1385 743 1616 816 aliquam
1635 783 1667 816 ,ξ
1697 743 1950 816 iniquitas

328 814 386 873 in
420 819 653 873 diabolo
677 814 863 885 regnat
890 826 944 870 et
971 816 1215 884 quiescit.
1254 814 1424 885 Jndex
1463 814 1623 869 etiam
1657 814 1949 881 iniquitatis

325 902 577 945 voratus
606 898 708 951 est,
741 884 846 941 non
876 887 1236 957 quodjudicet
1262 884 1593 957 iniquitatem
1619 925 1635 946 .
1680 885 1774 939 sed
1805 885 1944 957 quod

327 964 549 1030 injuste
573 960 791 1030 judicet.
825 955 919 1011 llic
952 958 1100 1030 lingit
1140 955 1456 1030 laborenrin
1491 956 1947 1030 pra‘cepto,_scili-

322 1025 422 1087 cet
462 1025 589 1086 Dei:
616 1029 810 1098 Legem
837 1025 1042 1099 quippe
1066 1028 1157 1099 Dei
1194 1028 1346 1080 nobis
1380 1026 1703 1099 iaboriosam
1743 1025 1941 1099 eflicit,

327 1105 679 1170 Voluptatem
699 1096 753 1153 et
782 1096 1043 1170 ignaviam
1076 1097 1353 1170 inducens.
1378 1096 1718 1170 DeusAautem
1750 1097 1798 1150 id
1826 1111 1945 1170 per-

327 1162 533 1237 mittit,
556 1184 611 1226 ut
634 1162 933 1224 mercedem
957 1183 1141 1222 eorum
1164 1170 1251 1237 qui
1278 1169 1446 1236 legem
1473 1162 1756 1220 oh'servant
1779 1162 1943 1219 adau-

325 1255 464 1311 geat
507 1261 521 1296 :
565 1241 813 1311 quoniam
854 1238 1206 1307 Unusquisque
1229 1255 1394 1311 suam;
1414 1238 1943 1311 nwr_cedem__accipiet

325 1306 629 1367 secundum
670 1328 930 1380 proprium
971 1306 1189 1362 laborem
1232 1306 1473 1380 (1.7C0r.
1586 1307 1802 1380 8).llic,
1830 1324 1937 1362 non

329 1384 644 1438 adhaerebit
671 1378 810 1446 Deo,
842 1382 891 1434 id
913 1390 1015 1439 est.
1041 1394 1144 1433 non
1172 1378 1400 1433 adstabit
1423 1379 1496 1431 illi
1528 1378 1582 1431 in
1602 1378 1689 1432 die
1712 1378 1894 1445 judicii
1920 1396 1935 1443 ;

327 1457 527 1525 angeli
576 1455 771 1525 quippe
817 1453 925 1525 Deo
960 1450 1246 1525 adstabant
1283 1449 1585 1525 judicanti;
1630 1448 1717 1525 hic
1762 1460 1938 1525 autem

332 1519 937 1595 nontiqiuun'adstahit
969 1538 983 1575 :
1014 1522 1230 1595 etiamsi
1251 1520 1393 1574 enim
1440 1520 1790 1595 substantiam
1825 1519 1937 1595 ha:

332 1597 472 1651 beat
494 1590 633 1659 {sed
671 1593 925 1662 dignitate
952 1592 1167 1645 excidit.
1194 1592 1299 1645 Cur
1323 1600 1641 1662 autemnon
1669 1590 1940 1662 adstahit?

327 1668 482 1732 Quia
500 1658 657 1724 Deus
671 1658 915 1733 judicans
935 1665 1229 1717 clementer
1251 1661 1486 1729 judicat;
1518 1659 1809 1733 hicautem
1838 1658 1937 1733 ho-

332 1731 527 1792 mines
550 1731 835 1789 admodum
866 1735 997 1798 odit,
1030 1743 1085 1786 ut
1112 1733 1344 1785 indicant
1384 1731 1657 1800 sequentia
1689 1747 1703 1783 :
1732 1731 1800 1786 de
1847 1731 1939 1785 illo

331 1823 582 1875 namque
612 1806 782 1874 deque
809 1805 871 1858 iis
891 1805 1121 1873 quicum
1155 1804 1246 1875 illo
1274 1804 1544 1875 sedentet
1577 1802 1824 1875 militant,
1854 1801 1938 1855 di-

328 1873 530 1932 citur:
566 1879 657 1930 21.
701 1873 989 1945 Captabunt
1018 1876 1072 1927 in
1105 1874 1327 1926 animam
1363 1873 1526 1945 justi,
1555 1881 1603 1925 et
1641 1873 1936 1945 sanguinem

328 1951 661 2002 innocentem
700 1944 1121 1999 condemnabam.
1160 1945 1385 1998 Causam
1428 1944 1572 1996 clare
1613 1946 1823 2005 attulit,
1865 1944 1936 1998 ob

330 2036 509 2089 quam
540 2033 643 2072 non
671 2017 899 2071 adstabit
932 2015 1132 2089 judicio
1163 2016 1339 2070 loturo
1367 2014 1523 2089 {quia
1548 2013 1778 2067 animam
1804 2012 1936 2081 justi

333 2085 533 2145 retiari
579 2104 683 2141 non
730 2088 994 2157 negligent
1050 2087 1163 2151 illi,
1210 2085 1559 2157 occasionem
1597 2095 1871 2157 sumentes
1903 2099 1934 2138 a

332 2160 585 2229 peccatis
611 2153 913 2227 ignoranter
939 2165 996 2211 et
1019 2168 1214 2226 printer
1242 2165 1470 2229 mentem
1496 2153 1744 2229 admissis
1766 2170 1788 2229 ;_
1827 2154 1935 2208 imo

329 2224 507 2285 etiam
559 2224 873 2297 Sanguinem
912 2224 1222 2297 innocentem
1259 2224 1695 2297 condemnabam,
1745 2224 1789 2277 si
1830 2241 1933 2294 qua

334 2302 479 2369 ipsis
521 2295 687 2355 fuerit
720 2298 1108 2353 condemnandi
1146 2296 1399 2353 facultas.
1422 2295 1779 2369 Quamobrem
1827 2310 1933 2350 non

333 2365 477 2441 ipsis
507 2371 765 2440 permittit
788 2372 925 2441 Deus
948 2378 1005 2421 ut
1028 2377 1279 2441 accusent
1304 2376 1393 2419 aut
1416 2365 1780 2441 testimonium
1806 2380 1936 2441 con-

335 2435 423 2497 tra
463 2435 658 2504 lerant,
693 2439 904 2510 quando
928 2442 996 2493 de
1023 2438 1230 2492 delictis
1262 2438 1458 2491 nostris
1483 2435 1704 2510 jndtcat,
1731 2436 1822 2489 sed
1843 2450 1935 2490 co-

329 2514 626 2583 gitationes
650 2507 856 2583 nostras
876 2512 1247 2583 accusatrices,
1269 2517 1322 2583 et
1343 2507 1720 2583 conscientiam
1744 2513 1934 2562 testem

330 2577 587 2638 advocat.
619 2584 705 2636 Ait
724 2581 864 2635 enim
892 2581 1120 2634 Paulus:
1155 2578 1510 2631 Testimonium
1547 2577 1784 2631 reddente
1800 2594 1933 2631 con-

330 2656 553 2710 scientia
579 2664 751 2707 nostra
774 2692 788 2715 ,
817 2661 863 2703 et
882 2654 1011 2703 inter
1045 2666 1099 2703 se
1121 2650 1331 2703 invicem
1358 2648 1741 2718 cogitationibus
1770 2664 1932 2701 accu-

334 2726 573 2779 santibus
594 2764 608 2787 ,
649 2734 738 2776 aut
766 2723 916 2775 etiam
956 2722 1333 2789 defendentibus
1364 2719 1575 2791 (Rome
1813 2738 1825 2773 :
1852 2719 1933 2774 sic

334 2799 486 2850 enim
514 2794 892 2863 jutlicabnntur
911 2808 939 2846 a
970 2788 1076 2845 lico
1096 2791 1300 2845 occulta
1326 2788 1525 2863 mistra.
1552 2788 1740 2863 92.1.3?
1762 2794 1929 2863 factus

332 2878 413 2920 est
440 2860 564 2918 mihi
591 2865 836 2918 Dominus
867 2864 918 2915 in
944 2863 1193 2932 refugium
1213 2904 1227 2925 ,
1254 2872 1300 2914 et
1330 2860 1470 2914 Deus
1491 2877 1629 2913 meus
1649 2861 1700 2911 in
1726 2861 1929 2930 adjuto-

333 2954 450 2991 rem
477 2937 584 3005 spei
613 2949 755 2989 mete.
802 2934 933 3000 Quis
975 2933 1143 2987 factus
1170 2933 1309 3005 est?
1336 2932 1528 3005 Cgeteri
1574 2932 1924 3005 interpretes,

336 3006 472 3061 Esto
494 3000 518 3066 ,’
543 3006 857 3069 ediderunt;
890 3006 958 3057 ita
986 3014 1044 3057 ut
1076 3005 1143 3057 de
1170 3001 1434 3070 Unigeniti
1463 3000 1692 3056 adventu
1726 3004 1825 3055 hoc
1849 3002 1931 3055 di-

334 3089 488 3132 ctum
510 3076 875 3146 accipiendum
903 3077 973 3128 sit
1002 3093 1016 3128 :
1047 3074 1160 3146 ipse
1184 3075 1325 3127 enim
1339 3072 1608 3146 refugium
1632 3071 1783 3146 nobis
1809 3070 1926 3146 (ait,

335 3142 784 3219 persequentibus
810 3145 1157 3219 nosinimicis
1187 3142 1382 3219 nostris
1407 3160 1420 3197 :
1452 3142 1565 3210 ipse
1585 3142 1928 3219 etiatnadju-

338 3214 460 3283 tor,
490 3214 583 3286 spe
605 3219 712 3286 jam
747 3216 1077 3285 periclitante
1104 3232 1118 3267 :
1150 3215 1350 3286 obvim
1379 3214 1928 3286 namqueimpietatis

338 3292 394 3344 in
427 3283 815 3359 desperatione
837 3283 1425 3359 versabimur.ferum
1463 3284 1549 3359 ille
1575 3284 1930 3359 _tIt:Sp0l’:tIl0-

338 3377 467 3414 nem
494 3353 734 3412 dissolvit
768 3358 982 3410 dicens:
1028 3354 1168 3407 Venit
1202 3353 1367 3407 Filius
1396 3353 1609 3407 hominis
1635 3370 1858 3423 quaerere
1882 3365 1928 3407 et

336 3432 536 3484 salvum
565 3431 729 3498 tacere
751 3428 885 3497 quod
906 3427 1119 3496 perierat
1142 3434 1157 3494 (
1178 3425 1300 3477 Luc.
1327 3425 1413 3478 19.
1448 3426 1569 3498 11)).
1607 3425 1697 3478 ‘25.
1728 3425 1929 3498 Etred-

333 3502 425 3555 det
465 3495 573 3555 illis
614 3495 922 3568 iniquitatem
950 3499 1217 3568 ipsorum;
1261 3506 1334 3568 et!
1348 3495 1629 3568 secundum
1657 3496 1929 3568 nequitiam

337 3576 569 3642 ipsorum
595 3564 842 3642 disperde!
884 3564 999 3642 illos
1028 3567 1272 3642 Dominus
1300 3564 1456 3642 Deus.
1486 3565 1633 3642 illud
1676 3576 1763 3642 est
1799 3567 1926 3634 justi

336 3636 555 3714 jiulicis,
580 3636 803 3714 reddere
826 3638 1153 3709 iniquitatem
1186 3637 1250 3690 iis
1274 3676 1289 3702 ,
1335 3638 1424 3714 qui
1485 3638 1648 3714 ipsius
1676 3636 1727 3714 in
1768 3652 1924 3714 causa

340 3707 577 3767 l'uerunl.
608 3707 937 3780 Iniquitatcm
968 3724 1097 3763 vero
1124 3725 1243 3761 cum
1264 3708 1447 3780 pandis,
1476 3707 1806 3780 supplicium
1825 3707 1925 3776 ipsi

340 3792 584 3853 paratum
611 3776 859 3853 intellige.
884 3783 1220 3848 Quapropter
1239 3778 1447 3853 Quinta!
1470 3786 1525 3853 et
1543 3784 1718 3831 eexta:
1742 3776 1929 3853 editio-

340 3848 426 3908 iiis
470 3854 603 3906 liber
640 3848 853 3906 Dolores
887 3867 1060 3903 eorum
1080 3853 1227 3905 dicit.
1280 3850 1389 3903 lloe
1414 3850 1609 3918 quippe
1638 3848 1925 3902 maximum

343 3925 543 3993 iniquis
573 3925 886 3993 supplicium
920 3931 1076 3984 tunc,
1116 3936 1238 3975 cum
1268 3935 1298 3972 e
1322 3921 1497 3993 medio
1527 3920 1762 3993 ipsorum
1783 3930 1837 3993 et
1859 3921 1928 3974 ab

347 3990 479 4064 ipsis
509 3990 735 4047 sumitur
764 4012 777 4048 :
809 4006 928 4064 cum
961 4007 1065 4064 non
1107 3994 1247 4064 ultra
1292 3992 1504 4064 aluntur
1542 4005 1611 4064 et:
1646 3990 1924 4064 hominum

338 4060 713 4134 discrepantiis
751 4074 804 4118 et
840 4062 1241 4134 otfensionihus.
1286 4060 1549 4134 Disperdet
1590 4061 1746 4134 igitur
1774 4060 1923 4126 illos,

340 4152 449 4191 non
475 4131 658 4189 eorum
681 4134 1029 4188 substantiam
1056 4133 1270 4191 delens;
1294 4133 1405 4183 vult
1426 4132 1621 4201 quippe
1644 4131 1765 4184 illos
1787 4145 1927 4185 sem-

342 4224 442 4277 per
464 4221 681 4260 manere
700 4203 1012 4277 cruciandns
1041 4219 1053 4256 :
1082 4204 1199 4277 ideo
1222 4212 1434 4277 paratus
1459 4203 1585 4270 ipsis
1612 4202 1747 4277 ignis
1767 4212 1925 4255 aeter-

342 4273 442 4331 ims
474 4296 487 4330 :
516 4279 609 4331 sed
634 4275 906 4345 diSperdet
929 4273 997 4327 de
1038 4274 1214 4326 medio
1265 4273 1466 4342 pellens
1487 4312 1505 4336 ,
1544 4281 1601 4345 et
1629 4274 1926 4345 destruens

342 4351 552 4403 illorum
582 4343 867 4417 potentiam
889 4384 904 4409 ,
934 4358 1035 4417 nec
1063 4348 1197 4417 ultra
1229 4345 1433 4411 patiens
1459 4352 1516 4396 ut
1542 4343 1640 4413 ipsi
1667 4344 1718 4395 in
1748 4343 1927 4397 medio

344 4414 595 4473 nestrum'
610 4428 907 4472 versentur.
931 4414 1080 4467 Nunc
1100 4415 1242 4467 enim
1267 4418 1388 4483 quia
1408 4424 1675 4467 certamus
1697 4424 1752 4466 ut
1771 4428 1926 4467 coro-

347 4506 471 4543 nam
502 4489 859 4558 accipiamus,
887 4485 1178 4558 adversarii
1200 4488 1367 4537 vicem
1397 4485 1538 4553 agit;
1573 4483 1799 4558 ideoque
1825 4483 1925 4553 ipsi

342 4556 653 4614 conceditur
680 4568 738 4614 ut
756 4567 1005 4627 operetur
1034 4564 1135 4627 :at
1166 4557 1395 4608 loturam
1431 4556 1685 4609 szeculum
1713 4569 1818 4608 non
1845 4566 1929 4609 est

340 4632 649 4686 ceruuninis
671 4672 686 4695 ,
729 4626 822 4683 sed
865 4626 1125 4681 mercedis
1150 4642 1165 4686 ;
1209 4642 1315 4679 non
1344 4627 1497 4680 lucta:
1517 4667 1532 4691 ,
1566 4626 1659 4679 sed
1686 4640 1927 4680 coronze.

339 4700 697 4769 Quamobrem
740 4699 934 4754 Paulus
971 4697 1038 4751 de
1070 4698 1316 4766 praesenti
1363 4696 1468 4769 vita
1515 4697 1645 4769 dicit
1677 4713 1690 4749 :
1725 4696 1924 4769 Bonum

338 4767 592 4826 certamen
620 4771 803 4825 certari
824 4810 839 4836 ,
882 4784 1083 4821 cursum
1124 4768 1463 4821 consummavi
1487 4808 1503 4833 ,
1540 4767 1694 4835 ﬁdem
1735 4767 1925 4820 servavi

342 4840 438 4915 (‘2.
482 4842 617 4896 Tim.
639 4842 693 4896 4.
719 4842 784 4912 7)
809 4856 825 4906 ;
856 4840 932 4915 de
950 4838 1127 4915 futuro
1155 4849 1341 4915 autem
1358 4855 1377 4915 :_
1404 4836 1470 4890 In
1496 4840 1688 4915 reliquo
1706 4840 1925 4915 reposita

338 4908 415 4984 est
438 4916 560 4966 mihi
597 4908 783 4966 corona
803 4911 1426 4984 justitite,rquam.reddet
1453 4909 1576 4984 mihi
1604 4908 1851 4984 Dominus
1872 4910 1924 4962 in

338 4983 436 5037 illa
460 4985 561 5046 die,
581 4984 750 5054 justus
766 4977 933 5052 judex
952 4987 969 5049 (
991 4977 1124 5054 Ibid.
1158 4995 1203 5032 υ.
1228 4978 1319 5049 8).
1350 4977 1528 5054 Itaque
1556 4980 1774 5054 inimici,
1802 4995 1922 5036 ces-

336 5063 496 5109 sante
522 5051 736 5120 errore,
769 5051 856 5123 qui
886 5053 1023 5121 apud
1051 5054 1195 5120 ipsos
1223 5058 1339 5104 erat
1362 5051 1762 5119 disperdnntur.

384 5166 523 5221 Laus
551 5166 733 5219 cantici
771 5164 991 5229 Doridi;
1030 5163 1146 5216 sine
1190 5161 1533 5230 inscriptione
1583 5161 1723 5233 apud
1761 5161 1870 5218 He-

807 5236 999 5289 brmos.
1043 5234 1283 5288 l’sahnus
1311 5248 1453 5287 scrv.

418 5331 472 5385 1.
502 5328 722 5384 Etiamsi
751 5326 847 5380 hic'
868 5327 1107 5379 Psalmus
1133 5324 1270 5393 apud
1301 5324 1554 5381 Hebraeos
1580 5324 1923 5393 inscriptione

341 5410 553 5463 careat.
587 5401 726 5469 quod
758 5401 873 5466 ejus
914 5407 1281 5465 argumenttnn
1321 5411 1617 5469 commune
1658 5398 1758 5461 sit,
1790 5410 1922 5449 con-

343 5468 621 5543 gruentem
655 5482 834 5523 tamen
883 5470 1091 5543 titulum
1119 5471 1166 5519 ei
1200 5470 1555 5543 ⁸ξεριιιειςςιιιιει
1608 5468 1922 5543 interpretes

350 5538 571 5613 perimit,
602 5543 805 5594 laudem
834 5540 1022 5592 cantici
1051 5540 1425 5613 inscribentes.
1459 5538 1922 5613 quiaglormeatto

349 5609 1054 5687 propnetiaradinista_r5t:
1086 5609 1276 5687 Pszduii
1305 5618 1482 5687 autem
1513 5610 1815 5687 huiusmodi
1840 5610 1923 5687 sic

347 5678 561 5740 inscribi
589 5683 778 5735 solent.
814 5684 861 5734 I.
906 5678 1075 5733 Venite
1105 5680 1412 5731 exsultemus
1453 5681 1710 5739 Domino;
1734 5681 1923 5745 jubile-

347 5774 461 5810 inus
484 5754 593 5807 Deo
614 5753 827 5805 salutari
848 5762 1035 5804 nostro.
1055 5749 1246 5813 Venite,
1268 5765 1399 5819 quos
1425 5751 1744 5820 alloquitur?
1770 5754 1793 5801 ι
1810 5752 1922 5805 ides

346 5844 467 5883 eum
500 5842 605 5880 non
655 5826 886 5879 indicare
916 5839 929 5876 :
958 5824 1050 5877 sed
1092 5821 1285 5875 nullam
1330 5835 1612 5891 personam
1643 5822 1919 5891 speciatim

1672 346 1737 401 IN
1778 344 2093 403 PS.\I..\IU)I
2138 346 2318 404 XCIV.

3545 358 3650 415 770

2063 462 2341 525 vocando,
2388 462 2636 517 omnibus
2678 466 2991 527 permittere
3037 476 3095 521 ut
3142 468 3401 526 accedant
3448 477 3643 529 vocati.

2061 534 2191 599 Qua:
2216 534 2282 585 sit
2308 541 2486 611 autent
2534 534 2619 611 iila
2639 538 2857 611 intentio
2884 548 2938 590 et
2963 538 3028 591 :ul
3071 539 3197 611 quid
3231 545 3520 611 pertineat,
3549 546 3647 599 do-

2059 612 2181 678 cent
2207 605 2505 678 sequentia.
2537 605 2590 659 2.
2630 605 3049 678 Prwoccupemus
3090 605 3274 678 faciem
3300 616 3409 677 eius
3432 615 3484 668 in
3507 605 3645 670 ’ροη-

2057 675 2301 746 fessione,
2330 684 2376 727 et
2420 675 2472 728 in
2535 677 2744 743 psalmis
2780 675 3059 746 jub'ilemus
3091 675 3161 733 ei.
3205 675 3364 737 Vides
3404 700 3526 739 eum
3559 701 3645 741 re-

2057 743 2418 812 demptionem
2467 743 2807 813 peccatorum
2853 750 3207 806 annuntiare?
3241 752 3293 807 Id
3321 755 3463 809 enim
3498 757 3644 813 clare

2058 813 2571 890 indicatconfessio.
2602 817 2879 872 Exsultare
2910 820 3069 889 igitur
3107 831 3158 874 et
3182 821 3410 890 jubilare
3436 825 3505 880 de
3551 825 3637 882 illa

2048 882 2238 966 jubet.
2269 885 2800 966 idhest,.tr_iumphali
2834 882 2976 966 foe};
3006 882 3259 959 clamare,
3296 905 3352 947 ut
3382 897 3637 964 spiritua-

2054 954 2194 1009 libus
2217 954 2511 1024 proﬂigatis
2540 954 2799 1012 hostibus.
2826 958 3062 1016 Juhilare
3083 954 3258 1017 autem
3290 975 3342 1018 et
3370 954 3640 1024 eisultaro

2052 1025 2162 1106 Deo
2188 1043 2200 1077 :
2228 1026 2369 1080 illius
2394 1028 2535 1081 enim
2563 1044 2698 1097 opus
2722 1030 3399 1106 est_cladesAinimicorum,
3430 1046 3482 1090 et
3511 1054 3635 1106 pec-

2048 1105 2288 1171 catorum
2346 1109 2648 1171 nostrorum
2684 1100 2953 1171 remissio.
2999 1100 3332 1171 Quapropter
3359 1100 3633 1163 accessum

2047 1167 2112 1218 ad
2147 1182 2425 1243 personam
2448 1168 2642 1223 Christi
2665 1170 2858 1225 dill'ert.
2890 1167 3186 1227 Iltec‘enim
3212 1167 3433 1243 persona
3464 1178 3637 1234 Patris

2046 1247 2290 1312 estqtne
2318 1239 2561 1291 hortatur
2611 1250 2669 1294 ut
2711 1243 3030 1296 accedamus
3082 1259 3178 1312 per
3212 1239 3632 1305 confessionem.

2045 1308 2177 1372 Quia
2226 1307 2292 1361 ad
2329 1320 2670 1383 conspectum
2716 1312 2911 1383 iudicis
2942 1307 3123 1367 venire
3168 1331 3264 1368 nos
3318 1330 3629 1383 peccatores

2046 1392 2154 1432 non
2189 1393 2497 1447 possumus,
2530 1382 2627 1433 nisi
2662 1382 2807 1450 prius
2828 1383 3019 1435 delicta
3054 1395 3234 1438 nostra
3257 1382 3487 1441 confessi
3516 1389 3631 1445 foe.

2046 1449 2214 1530 riotus
2236 1450 2516 1530 ,'_ait.cni_m
2538 1450 2773 1530 iAD‘icﬂtu
2803 1454 2993 1523 primus
3020 1465 3222 1530 pecculn
3264 1469 3429 1530 luant
3464 1461 3625 1530 justi-

2044 1518 2384 1595 ]icerisUsai.
2416 1520 2507 1595 43.
2536 1520 2606 1575 26
2627 1518 2817 1593 ).Cuni
2866 1518 3042 1577 autem
3082 1524 3312 1581 coofessi
3347 1518 3620 1595 fuerimus,

2046 1599 2172 1661 tunc
2220 1594 2269 1642 in
2320 1591 2540 1661 psalmis
2564 1591 2793 1657 juinlare
2825 1596 3135 1661 poterimus.
3179 1598 3453 1653 Canticum
3481 1591 3622 1654 enim

2045 1660 2386 1740 triumphale,
2413 1669 2477 1740 nt
2500 1671 2584 1717 est
2603 1660 2867 1731 jubilatio.
2900 1681 2965 1740 ex
3005 1665 3441 1740 corde‘sordibus
3469 1672 3629 1740 pleno

2042 1741 2096 1783 et
2146 1733 2361 1799 profana
2412 1732 2722 1810 linguanou
2770 1735 3032 1789 concinne
3062 1732 3627 1810 proferturzutfoque

2040 1811 2220 1874 autem
2249 1817 2343 1874 per
2383 1805 2776 1858 confessionem
2821 1817 3077 1874 purgato,
3110 1810 3371 1861 canticum
3420 1805 3627 1865 sacrili-

2041 1872 2466 1950 ciuniel‘ticitnr,
2491 1882 2544 1927 et
2570 1877 2801 1950 psalnios
2822 1872 2984 1928 nobis
3008 1877 3256 1950 jubilatio
3282 1894 3401 1933 esse
3430 1881 3622 1950 depre-

2045 1942 2312 1996 henditur.
2343 1944 2397 1998 5.
2427 1943 2680 2009 Quoniam
2715 1944 2849 1999 Deus
2887 1942 3100 2015 magnus
3143 1947 3412 2015 Dominus,
3440 1961 3486 2004 et
3502 1942 3626 2007 'liea:

2040 2029 2271 2089 magnus
2285 2030 2435 2089 super
2475 2032 2672 2068 omnem
2716 2026 2920 2089 terram.
2947 2016 3023 2071 Ne
3054 2016 3179 2089 tibi,
3213 2020 3383 2089 inquit
3405 2062 3419 2083 ,
3454 2021 3620 2075 victo-

2045 2084 2179 2161 riam
2210 2085 2479 2161 adscrtbas
2502 2126 2537 2161 ,_
2568 2101 2740 2161 neque
2783 2086 3017 2161 jqbilans
3042 2084 3317 2161 glorieris,
3346 2105 3408 2144 ac
3438 2092 3480 2144 Si
3511 2095 3623 2161 ipse

2038 2153 2464 2225 adversariorum
2492 2153 2697 2209 cladem
2732 2153 3348 2225 perleceriszuomodo
3375 2153 3542 2215 enim'
3560 2175 3615 2217 tu

2040 2223 2176 2279 infra
2213 2226 2432 2293 positus,
2461 2240 2555 2279 eos
2582 2227 2670 2295 qui
2698 2223 2742 2279 e'
2764 2227 2973 2280 sublimi
3000 2229 3302 2295 pugnabant
3326 2231 3623 2285 deviceris?

2037 2296 2306 2372 quomodo
2346 2297 2575 2372 carnalis
2602 2297 3001 2372 incorporeas?
3045 2298 3223 2354 Vicisti
3268 2312 3461 2367 tamen,
3493 2304 3615 2372 quin

2043 2365 2181 2440 Dens
2207 2366 2295 2435 qui
2344 2381 2443 2420 nos
2485 2365 3001 2440 sub'prmsidiohsuo
3044 2372 3255 2439 posuit,
3287 2365 3618 2440 magmis'es't

2043 2437 2400 2513 Donninns._et
2424 2452 2645 2506 magnus
2688 2437 2819 2492 Rex.
2854 2437 3169 2513 Utmagnus
3199 2437 3471 2509 Dominus,
3504 2446 3623 2513 pol-

2036 2506 2167 2559 cbre
2210 2507 2450 2579 subditos
2494 2523 2621 2561 suos
2670 2524 2777 2562 non
2826 2512 2984 2564 modo
3025 2506 3269 2565 libertate
3295 2506 3478 2579 donat,
3504 2506 3618 2569 -sed

2037 2579 2197 2655 etiam
2230 2578 2291 2655 in_
2313 2577 2653 2646 adeptionem
2683 2588 2835 2633 vocat
2860 2595 2875 2644 ;
2901 2592 2956 2634 ut
2991 2580 3103 2635 Rex
3126 2596 3375 2655 magnus,
3408 2577 3500 2638 eos
3526 2588 3615 2655 qui

2040 2648 2180 2721 bono
2209 2650 2387 2721 animo
2416 2658 2716 2721 pugnarunt
2746 2666 2849 2703 nou
2902 2656 3061 2721 modo
3106 2648 3271 2707 duces
3311 2648 3617 2721 constituit,

2036 2720 2129 2771 sed
2157 2719 2500 2793 etiamregni
2524 2720 2606 2774 soi
2646 2732 2937 2793 Constirtes
2967 2720 3151 2776 efﬁcit.
3185 2724 3355 2790 Super
3379 2743 3512 2793 quos
3533 2719 3617 2781 est

2037 2791 2293 2856 magnus?
2321 2789 2489 2857 Super
2516 2806 2687 2843 omnes
2716 2792 2856 2855 deos,
2890 2790 2940 2845 id
2971 2802 3073 2858 est,
3100 2789 3291 2857 justus.
3321 2789 3449 2848 Nam
3498 2813 3615 2850 nta-

2033 2859 2256 2934 gnitmio
2286 2860 2376 2914 Dei
2406 2861 2474 2934 ab
2501 2860 2676 2934 impiis
2699 2861 2987 2934 ignoratur,
3029 2864 3123 2934 sed
3153 2883 3179 2915 a
3211 2880 3308 2931 pus
3338 2869 3616 2934 Cogtlowi-

2040 2940 2144 3003 tur.
2177 2930 2358 3000 Neque
2378 2931 2522 3003 enini
2546 2932 2669 3000 quia
2690 2932 2813 2985 eieci
2845 2931 3019 2986 lucem
3048 2930 3313 3003 ignorant,
3341 2930 3469 2992 Soiis
3493 2937 3617 2992 ideo

2035 3002 2289 3077 splendor
2316 3001 2609 3066 minuitur;
2659 3016 2832 3077 neque
2870 3004 3029 3077 etiam
3074 3001 3193 3072 quia
3224 3006 3368 3073 impii
3399 3008 3489 3060 Dei
3515 3023 3613 3077 po-

2036 3072 2254 3125 tentiam
2284 3081 2667 3136 contemnunt,
2699 3074 2820 3127 ideo
2846 3074 2958 3141 pios
2990 3090 3084 3142 par
3108 3084 3191 3127 est
3220 3072 3377 3144 parva
3426 3077 3495 3133 de
3515 3072 3614 3133 illa

2036 3152 2300 3217 potestate
2324 3147 2561 3217 cogitare
2604 3161 2617 3174 ·
2650 3160 2786 3212 quos
2806 3158 2955 3217 sane
2983 3146 3115 3199 deos
3142 3156 3315 3217 vocat,
3343 3150 3464 3216 quia
3486 3148 3616 3217 justi

2036 3214 2318 3283 impiorum
2346 3214 2417 3266 dii
2444 3228 2474 3265 a
2508 3214 2616 3267 Deo
2646 3215 2920 3268 Constituti
2964 3225 3110 3269 sunt.
3142 3214 3501 3283 Quamobrem
3544 3218 3613 3276 ad

2035 3282 2270 3358 Moysen;
2290 3283 2423 3358 dixit
2446 3302 2459 3336 :
2486 3283 2733 3358 Constitui
2763 3296 2810 3338 te
2829 3286 2980 3338 deum
3021 3282 3307 3339 Pharaonis
3341 3288 3531 3358 (Exod.
3558 3292 3611 3345 7.

2035 3355 2111 3419 1).
2142 3354 2194 3406 4.
2232 3356 2363 3421 Quia
2379 3355 2429 3407 in
2453 3372 2607 3407 manu
2628 3357 2735 3477 Ἰρις
2774 3369 2890 3408 sunt
2919 3372 3090 3410 omnes
3116 3359 3241 3424 lines
3260 3354 3424 3420 terras,
3459 3369 3505 3417 et
3529 3362 3612 3414 al-

2035 3425 2272 3477 titudines
2322 3429 2563 3477 montium
2603 3427 2742 3477 ilius
2772 3434 2905 3477 sunt.
2953 3428 3083 3477 Ouia
3130 3442 3377 3477 magnum
3408 3434 3612 3477 vocavit

2034 3425 2272 3497 titudines
2322 3429 2563 3497 montium
2603 3425 2742 3478 illius
2772 3434 2905 3480 sunt.
2953 3428 3083 3494 Quia
3130 3442 3377 3497 magnum
3408 3434 3616 3495 vocavit

2038 3497 2220 3572 Deum,
2247 3496 2368 3572 jure
2396 3496 2535 3549 illius
2563 3497 2974 3572 magnitudinem
3002 3496 3263 3572 enarrat;
3288 3514 3392 3572 non
3417 3513 3611 3572 quanta

2036 3566 2126 3640 illa
2150 3576 2253 3640 est,
2281 3566 2372 3620 sed
2400 3583 2651 3640 quantam
2679 3582 2743 3619 ex
2776 3568 2933 3620 rebus
2960 3569 3153 3622 creatis
3176 3570 3276 3624 sub
3304 3566 3611 3640 adspeetum

2032 3636 2344 3710 cadentibus
2360 3653 2457 3710 nos
2480 3638 2619 3690 illam
2643 3654 2834 3704 capere
2854 3653 3134 3710 possumus
3157 3654 3171 3691 '.
3196 3652 3355 3710 atque
3375 3636 3610 3698 consona

2035 3708 2327 3775 prophetiae
2360 3706 2505 3761 Isaia:
2532 3718 2791 3762 enuntiat.
2824 3709 2910 3761 Ait
2939 3709 3134 3777 quippe
3165 3711 3252 3764 ille
3270 3706 3298 3764 ξ
3353 3711 3453 3778 Qui
3478 3732 3603 3766 con-

2032 3780 2153 3851 tinet
2202 3794 2382 3847 gyrum
2426 3789 2573 3851 terra:
2616 3781 2786 3847 palma
2834 3778 2983 3851 (lsai.
3014 3782 3105 3833 40.
3136 3778 3266 3850 22);
3307 3793 3358 3834 et
3394 3799 3611 3851 rursus,

2036 3847 2466 3925 Quisﬂeonstttuit
2496 3864 2685 3925 montes
2715 3847 2933 3925 pondere
2961 3860 3005 3903 et
3043 3847 3411 3925 saltusstatera
3446 3847 3606 3925 (Ibid.

2033 3934 2082 3972 υ.
2114 3917 2201 3989 1⁸2)
2225 3918 2247 3971 ?
2276 3920 2328 3973 5.
2356 3919 2606 3984 Quoniam
2636 3921 2792 3987 ipsius
2822 3930 2891 3972 est
2919 3937 3077 3984 mare,
3112 3932 3155 3973 et
3176 3924 3283 3988 ipse
3309 3922 3423 3990 fecit
3453 3917 3609 3989 illud,

2031 3999 2078 4042 et
2098 3990 2297 4043 aridam
2321 3997 2659 4058 [armaverunt
2684 4007 2860 4043 manus
2880 3993 3009 4061 ejus.
3035 3991 3315 4059 Postquam
3343 3996 3609 4048 elementa

2031 4063 2519 4134 tnetnoravitaqua:
2551 4062 2601 4114 in
2631 4061 2911 4115 elementis
2940 4072 3061 4134 sunt
3089 4075 3447 4134 congruenter
3483 4082 3609 4134 pro-

2031 4132 2291 4200 sequitur.
2350 4133 2473 4185 Sive
2530 4146 2659 4200 ergo
2711 4146 2860 4184 mare
2931 4132 3286 4200 trajieiamut,
3334 4135 3446 4187 sive
3484 4132 3612 4189 ter-

2032 4216 2145 4255 ram
2176 4201 2434 4264 colamus,
2483 4203 2634 4269 gnari
2681 4203 2958 4267 cujusnam
3006 4202 3087 4254 ha,-
3132 4205 3519 4257 sintcreaturm
3546 4221 3610 4259 ac

2033 4273 2402 4341 possessiones
2426 4312 2442 4337 ,
2473 4271 2667 4342 gratias
2698 4271 2789 4342 illi
2812 4287 3033 4342 agamus
3058 4275 3197 4341 quod
3226 4290 3310 4327 res
3340 4286 3513 4329 tantas
3541 4277 3607 4330 ad

2032 4340 2457 4412 nostrumusum
2511 4340 2818 4410 produxerit
2841 4340 2867 4407 ,⁷
2888 4358 3058 4412 neque
3077 4340 3375 4398 verborum
3428 4357 3604 4411 tenus,

2029 4414 2124 4468 sed
2152 4411 2403 4481 operibus
2432 4412 2561 4481 ipsis
2588 4413 2635 4465 ei
2660 4411 3097 4481 glorilicationem
3124 4414 3428 4470 offeramus.
3465 4421 3606 4482 Qua-

2032 4484 2174 4537 lem?
2218 4483 2273 4537 6.
2314 4482 2486 4536 Venite
2524 4482 2819 4547 adoremus,
2852 4492 2900 4537 et
2947 4485 3267 4551 procidamus
3305 4496 3423 4541 ante
3448 4504 3559 4540 eum
3588 4504 3608 4543 .°

2031 4555 2284 4624 ploremus
2312 4568 2484 4606 coram
2513 4551 2731 4606 Domino
2750 4593 2766 4618 ,
2793 4556 2877 4621 qui
2905 4556 3020 4623 fecit
3064 4572 3173 4609 nos.
3225 4558 3522 4613 Adon-emus
3552 4570 3611 4614 ut

2030 4625 2208 4690 servi;
2238 4625 2602 4695 procidamus,
2636 4632 2819 4693 utpote
2849 4640 2936 4697 qm
2964 4626 3079 4697 ejus
3105 4628 3305 4681 auxilio
3332 4643 3607 4697 egeamus;

2032 4696 2305 4764 ploremus
2330 4705 2386 4749 ut
2414 4704 2743 4763 peccatores,
2774 4705 2827 4748 ct
2849 4696 2937 4765 qui
2965 4696 3082 4765 ejus
3111 4696 3459 4765 patrocinium
3502 4717 3606 4755 non

2027 4767 2213 4831 aliter,
2247 4779 2405 4839 quam
2450 4780 2514 4819 ex
2560 4765 2673 4834 ejus
2699 4767 3165 4839 commiseratione
3208 4769 3440 4823 ItalIClsCI
3466 4781 3607 4839 pote-

2029 4839 2213 4908 riums.
2244 4834 2384 4890 Nihil
2410 4844 2588 4890 autem
2616 4850 2685 4890 ex
2717 4850 2877 4906 supra
2921 4837 3076 4891 dictis
3122 4853 3219 4891 nos
3266 4834 3563 4908 pudel'aciet
3592 4861 3605 4896 :

2030 4907 2080 4961 id
2112 4908 2254 4960 enim
2285 4916 2601 4981 praestamus
2624 4922 2805 4960 coram
2836 4922 2901 4981 eo
2929 4909 3016 4977 qui
3050 4909 3177 4963 fecit
3206 4907 3303 4963 nos
3327 4952 3342 4976 ,
3372 4914 3483 4965 sive
3509 4915 3599 4981 qui

2027 4994 2094 5031 ex
2122 4992 2226 5031 non
2248 4978 2585 5049 exstantibus
2618 4993 2716 5031 nos
2766 4979 3030 5046 produxit;
3061 4980 3151 5049 qui
3184 4991 3363 5035 autem
3407 4998 3470 5035 es
3504 4978 3610 5036 non

2027 5048 2362 5104 exstantibus
2394 5064 2492 5101 nos
2520 5049 2786 5117 produxit,
2818 5048 2991 5103 otnnis
3019 5048 3258 5104 henelicii
3286 5061 3367 5106 est
3393 5065 3605 5107 auctor.

2097 5118 2152 5173 2.
2193 5119 2323 5185 Quis
2346 5133 2474 5186 ergo
2498 5134 2619 5173 eum
2643 5120 2731 5188 qui
2771 5120 2853 5173 vel
2895 5120 3158 5174 modicmn
3193 5122 3432 5175 henelicii
3477 5139 3613 5177 con-

2029 5189 2224 5263 tulerit.
2275 5190 2467 5243 nedum
2517 5198 2659 5263 tanta
2707 5191 3031 5259 praestiterit,
3063 5191 3309 5250 mturare.
3341 5194 3435 5259 ipsi
3483 5209 3610 5263 pro-

2026 5260 2277 5313 cumberc
2318 5269 2371 5313 et
2409 5261 2757 5334 supplicando
2783 5262 3016 5334 plorare
3064 5265 3338 5317 erubuth
3363 5263 3385 5301 ’
3436 5260 3613 5334 Itaque

2026 5340 2381 5404 congruenter
2423 5332 2704 5404 admodum
2750 5332 2826 5384 sic
2857 5334 3214 5399 prosequitur.
3249 5335 3300 5386 7.
3332 5334 3463 5400 Ωιιίη
3506 5332 3614 5404 ipse

2028 5371 2126 5385 νυ..
2170 5371 2369 5384 ...νων
2750 5371 2825 5384 ...υ
2874 5371 3025 5385 ..νυν
3258 5371 3300 5386 ..
3382 5371 3463 5387 ...η
3506 5371 3518 5386 .
3547 5371 3611 5388 ι..

2025 5413 2097 5453 est
2129 5371 2374 5453 Dominus
2423 5400 2558 5453 Deus
2607 5411 2787 5474 noster,
2823 5371 2912 5453 niis
2939 5371 3102 5453 auttim
3149 5371 3373 5472 populi:
3414 5371 3614 5474 pascitis

2027 5474 2155 5542 ejus,
2187 5480 2231 5523 et
2275 5486 2387 5523 oves
2430 5488 2610 5524 manus
2640 5473 2768 5542 ejus.
2813 5473 3029 5525 Etiamsi
3081 5474 3217 5527 Deus
3265 5473 3478 5529 creator
3519 5492 3607 5539 Sll,

2026 5552 2257 5595 attamen
2284 5557 2378 5611 pro
2400 5557 2491 5595 sua
2514 5557 2762 5616 ergaiuos
2783 5558 2906 5616 cura
2929 5555 2980 5596 et
3012 5544 3359 5611 prmidentia,
3386 5545 3611 5616 Populus

2026 5627 2566 5685 sninuspascuorum
2614 5614 2744 5678 eius,
2793 5613 2893 5665 hoc
2941 5626 3041 5677 est,
3092 5618 3205 5685 ipso
3246 5613 3528 5685 ιιειδυιιιιιιιι,
3560 5630 3614 5673 et

2029 5686 2200 5758 ipsum
2226 5684 2483 5758 habemus
2503 5683 2698 5758 cibum.
2719 5685 2911 5758 Sumus
2932 5686 3089 5737 etiam
3111 5683 3449 5741 chs‘manus
3468 5689 3613 5758 ejus:

2028 5756 2151 5824 quia
2180 5754 2354 5823 gregis
2385 5754 2837 5826 humanigeneris
2857 5757 2992 5808 hens
3020 5765 3197 5824 pastor
3216 5768 3316 5811 est.
3337 5754 3614 5826 Quomodo

2033 5836 2209 5880 autem
2240 5840 2337 5879 nos
2371 5824 2575 5895 pascit?
2602 5824 2754 5878 Manu
2782 5841 2897 5892 sua,
2930 5827 2982 5880 id
3016 5835 3119 5895 est,
3153 5824 3379 5884 humana
3406 5845 3614 5884 natura.
