4094 6368
475 318 572 374 771

475 436 530 489 In
579 435 664 492 illa
713 435 879 498 enim,
911 434 1050 505 quod
1102 434 1327 504 pastoris
1373 445 1455 491 est
1503 436 1795 506 proprium.
1825 435 2057 490 animam

473 521 626 561 suam
660 523 754 576 pro
780 522 938 575 grege
967 507 1131 560 dedit.
1155 510 1489 576 Quapropter
1515 507 1678 562 Isaias
1714 506 1844 561 dicit
1868 523 1880 558 :
1913 507 2062 560 Sicut

473 587 647 648 pastor
673 594 871 648 gregem
915 594 1061 631 suum
1093 589 1287 648 pascat.
1320 589 1367 631 et
1395 578 1598 631 brachio
1621 593 1713 630 suo
1738 577 2060 648 congregabit

472 647 630 718 agnos
660 647 814 714 (Isai.
843 648 931 703 40.
963 647 1078 717 11).
1102 648 1155 702 8.
1184 647 1349 702 Hodie
1371 649 1416 701 si
1441 663 1608 703 vocem
1637 649 1748 718 ejus
1772 647 2055 706 audieritis.

472 717 628 772 nolite
656 719 908 772 obdurare
942 720 1099 773 corda
1137 729 1318 785 vestra,
1359 717 1413 773 9.
1455 719 1582 772 sicut
1604 717 2059 772 inea‘acerbatione

472 791 746 844 secundum
791 790 924 842 diem
963 790 1250 843 tentationis
1290 791 1342 842 in
1371 791 1585 852 deserto,
1629 788 1714 841 ubi
1747 798 2058 841 tentaverunt

471 877 552 913 me
586 871 753 928 patres
790 861 958 914 vestri.
1004 859 1156 925 Illud,
1206 859 1388 925 Hodie,
1423 874 1521 914 nec
1548 875 1706 914 unam
1743 858 1905 912 diem.
1957 873 2058 913 nec

496 945 711 986 ll'lllsells
761 931 1016 986 Saeculum
1061 931 1361 1000 signiﬁcare
1409 945 1508 984 nos
1549 929 1706 984 docet
1747 929 1944 984 Paulus
1987 932 2053 982 ad

519 1001 723 1055 ebrzeos
748 1003 1016 1067 scribens;
1046 1002 1121 1055 ait
1149 1001 1324 1055 enim:
1354 1000 1708 1054 Adhortamiui
1728 1000 2054 1069 vosmetipsos

473 1089 563 1140 per
603 1072 850 1153 singulos.
873 1073 998 1138 dies,
1026 1072 1183 1124 donec
1217 1070 1384 1126 Hodie
1429 1071 1830 1153 cognominatur,
1857 1080 1912 1124 ut
1955 1087 2056 1152 non

470 1143 743 1196 obduretur
765 1159 876 1207 quis
901 1158 966 1196 ea:
983 1142 1120 1196 vobis
1143 1142 1350 1209 fallacia
1375 1153 1565 1211 peccati
1587 1140 1768 1210 (Hebr.
1792 1141 1844 1194 5.
1867 1141 1977 1207 15).
1997 1139 2055 1194 St

474 1214 487 1266 i
529 1214 632 1266 itur
653 1228 836 1268 vocem
877 1214 993 1283 ejus
1027 1214 1078 1267 in
1111 1213 1358 1280 prtesenti
1389 1213 1586 1267 sarculo
1613 1213 1911 1265 audivimus
1935 1213 2052 1280 (au-

471 1229 702 1337 ti’ivimus
735 1284 875 1337 enim
911 1301 922 1336 :
958 1282 1086 1337 Oves
1133 1299 1258 1336 mea:
1305 1299 1471 1337 vocem
1518 1299 1680 1335 meam
1725 1283 1961 1337 audiunt.
2005 1289 2052 1334 et

513 1285 702 1338 ivimns
735 1284 875 1338 enim
911 1282 922 1336 ἐ
958 1282 1086 1338 Oves
1133 1299 1258 1336 mea:
1305 1299 1471 1337 vocem
1518 1299 1680 1335 meam
1725 1283 1961 1344 audiunt,
2005 1289 2055 1334 et

469 1365 744 1425 sequuntur
770 1371 848 1409 me
877 1352 1053 1426 [Joan.
1087 1354 1172 1408 10.
1201 1351 1294 1425 9.7]
1320 1355 1378 1426 ),_
1404 1368 1472 1408 ne
1519 1353 1863 1426 obduremns
1893 1352 2053 1407 corda

473 1421 674 1489 nostra,
694 1421 1206 1494 neque—namulemur
1230 1421 1506 1479 Iudaicum
1539 1425 1810 1493 populum,
1833 1421 2052 1494 domum

467 1493 878 1550 exacerbantem
906 1505 961 1550 et
1000 1495 1248 1563 populum
1293 1495 1456 1549 corde
1482 1493 1672 1547 durum
1718 1509 1746 1546 a
1778 1493 2050 1562 prophetis

467 1565 788 1633 appellatum
820 1583 834 1616 :
866 1567 954 1634 qui
996 1579 1237 1634 persaepe
1269 1565 1433 1620 Deum
1474 1565 1528 1619 in
1555 1563 1769 1618 deserto
1808 1566 2044 1629 tentavit,

473 1635 823 1700 exacerbavit,
847 1635 1109 1706 praecipue
1137 1645 1314 1706 autem
1340 1649 1460 1690 cum
1489 1634 1700 1689 devicto
1721 1634 2042 1706 Chanauaio,

468 1707 682 1774 quando
711 1703 992 1775 oportebat
1012 1703 1210 1776 gratias
1238 1720 1412 1775 agere.
1439 1715 1623 1760 contra
1654 1706 1817 1776 Deum
1848 1703 2049 1773 loquuti

467 1786 614 1842 ειιιιι,
638 1775 1087 1845 reprehendentes
1113 1776 1250 1846 quod
1293 1791 1352 1831 se
1378 1791 1442 1831 ex
1483 1777 1712 1846 Aigypto
1743 1775 2046 1846 etluxissot:

466 1847 680 1916 quando
709 1847 925 1901 immisit
965 1848 1019 1902 in
1045 1845 1140 1902 eos
1183 1858 1462 1917 serpentes
1498 1845 1599 1917 qui
1626 1845 1854 1917 mortem
1883 1845 2046 1899 infer-

467 1926 623 1980 rent;
671 1917 847 1986 itaque
894 1918 1088 1972 Paulus
1116 1917 1291 1972 dicit:
1327 1916 1412 1970 Ne
1457 1916 1700 1971 tentemus
1751 1916 2045 1981 Dominum,

467 1987 903 2060 quemadmodum
935 1998 980 2042 et
1023 1989 1230 2060 quidam
1281 2004 1344 2042 ea:
1379 1989 1509 2060 ipsis
1550 1997 1894 2060 tentaverunt,
1925 1996 1971 2040 et
2016 2005 2049 2039 a

465 2060 775 2128 serpentibus
799 2057 1051 2128 perierunt
1081 2060 1156 2126 (1.
1182 2058 1300 2114 Cor.
1334 2059 1419 2114 10.
1449 2060 1528 2127 9).
1561 2059 1819 2126 Pnecepit
1847 2057 2044 2126 itaque,

467 2141 526 2181 ut
556 2138 833 2210 pqstquam
857 2130 1145 2210 spiritualis
1172 2129 1353 2210 hostis
1368 2132 1574 2210 fugatus
1597 2138 1702 2193 est,
1725 2129 1922 2210 Deique
1943 2142 2046 2181 vox

470 2215 567 2269 per
609 2199 1191 2270 Unigeniti’adventum
1234 2200 1409 2271 audita
1430 2199 1521 2254 est
1549 2199 2045 2271 (tuncenimhpro-

465 2268 645 2341 pheta,
688 2268 792 2344 non
822 2272 1135 2344 simpliciter
1179 2270 1458 2344 propheta,
1491 2268 1590 2325 nec
1622 2268 2046 2344 legisAmediator

463 2339 598 2403 erat,
626 2342 718 2395 sed
753 2341 866 2411 ipse
893 2343 1029 2396 Deus
1060 2339 1334 2412 loquens),
1368 2357 1435 2397 ne
1458 2352 1641 2396 contra
1673 2355 1734 2394 ea
1766 2339 2046 2412 loquamur

466 2427 562 2480 pro
584 2410 1084 2481 quihusgratiarum
1115 2410 1351 2466 actiones
1369 2412 1588 2481 agenda:
1621 2421 1745 2466 sunt
1770 2410 1908 2480 quod
1948 2410 2043 2464 Ju-

463 2482 564 2536 d-.ci
602 2481 840 2537 iecerunt
878 2482 1214 2552 seductorem
1245 2482 1394 2536 illum
1432 2493 1487 2538 et
1529 2483 1658 2552 legis
1689 2491 2048 2552 transgressae

462 2567 574 2606 rem
626 2563 876 2608 vocantes
929 2551 1138 2620 (Matth.
1182 2553 1271 2608 27.
1304 2553 1372 2608 56
1401 2554 1460 2623 ):
1501 2551 1825 2623 quapropter
1872 2551 2043 2623 ii_qui

461 2623 821 2696 obloquuntur
846 2639 875 2678 a
896 2625 1229 2696 serpentibus
1249 2621 1885 2696 spiritualibus,pereunt.
1909 2621 2042 2696 Pro-

462 2695 703 2767 barcrunt
734 2711 813 2749 me
845 2704 890 2748 et
920 2693 1149 2748 viderunt
1174 2693 1328 2765 opera
1355 2712 1466 2767 mea
1493 2693 1848 2767 quadraginta
1871 2695 2040 2767 anuis.

464 2765 559 2818 llic
600 2765 911 2835 interpunge
938 2773 992 2820 et
1019 2777 1137 2834 pOst
1178 2762 1452 2836 sequentia
1484 2762 1797 2836 modula're:
1828 2763 1915 2836 10.
1947 2762 2044 2835 ΟῙο

459 2841 632 2958 {ausus
653 2836 727 2906 fui
752 2837 1061 2906 generatioui
1089 2836 1165 2890 illi
1188 2852 1208 2901 ;
1236 2835 1358 2907 quia
1387 2837 1462 2891 sic
1491 2835 1822 2906 interpuuxit
1845 2835 2042 2888 Paulus

481 2923 562 2958 ioc
589 2905 779 2958 Psahni
811 2906 1169 2958 testiinonium
1212 2922 1485 2958 exnonens
1513 2925 1526 2958 :
1552 2905 1899 2958 Probavcrunt
1937 2921 2041 2958 me.

481 2923 562 2960 ioc
589 2905 779 2960 Paulini
811 2906 1169 2960 testitn0nium
1212 2905 1485 2976 eiponens
1513 2925 1526 2961 :
1552 2905 1899 2960 PrObavcrunt
1937 2921 2041 2973 me,

457 2987 503 3031 et
531 2977 757 3049 viderunt
795 2993 948 3049 Opera
984 2979 1476 3049 mea,quadraginta
1511 2977 1658 3031 annis
1677 2976 1956 3049 Δ(Ηειηλὸ.
1983 2978 2038 3032 9.

459 3049 545 3130 10..
582 3048 645 3100 At
674 3045 844 3130 epulo.
864 3045 1389 3130 i7).;_.suhjunxitqtie
1420 3059 1636 3130 postea:
1667 3045 2042 3130 Idaeo/[easta

455 3117 534 3188 fui
569 3117 881 3188 generationi
926 3117 1041 3182 illi;
1087 3117 1385 3174 necessaria
1415 3126 1470 3173 et
1496 3118 1807 3188 congruenti
1852 3118 2041 3173 diSIitl-

455 3189 633 3259 ctione
672 3202 824 3259 usus.
852 3190 1103 3258 quoniam
1132 3189 1475 3259 quadraginta
1517 3189 1673 3243 annis
1723 3189 1774 3243 in
1820 3189 2038 3243 deserto

460 3257 598 3313 Deus
629 3257 952 3328 probabatur
990 3259 1058 3314 ab
1088 3257 1234 3328 ipsis.
1267 3257 1596 3315 Pi-oliabatur
1622 3273 1814 3330 nempe
1855 3259 2036 3327 signo-

456 3343 572 3382 rum
622 3331 962 3397 ostensione,
1003 3346 1123 3385 cum
1164 3330 1412 3386 dicebant
1446 3346 1458 3384 :
1495 3330 1748 3395 Quoniam
1794 3331 2038 3399 percussit

454 3409 652 3467 petram
674 3411 720 3453 et
763 3400 1020 3470 ﬂuxerunt
1065 3417 1228 3470 aqum,
1258 3402 1500 3470 numquid
1545 3411 1594 3454 et
1624 3415 1805 3471 partem
1854 3401 2038 3471 poterit

453 3471 595 3543 dare,
627 3481 714 3524 aut
763 3487 945 3543 parare
995 3488 1219 3543 mensam
1262 3472 1451 3543 populo
1489 3489 1582 3526 suo
1629 3470 1747 3542 (Ps.
1785 3470 1873 3525 77.
1902 3470 2036 3543 9.0)?

452 3539 571 3608 Ipse
599 3537 778 3596 autent
818 3537 959 3595 Pluit
1002 3541 1106 3596 illis
1151 3537 1341 3596 manna
1386 3542 1454 3596 ad
1507 3537 1937 3597 manducandum.
1974 3537 2037 3594 Et

451 3612 582 3680 pluit
609 3628 763 3680 super
786 3628 868 3666 eos
897 3615 1026 3665 sicut
1051 3613 1304 3681 pulverem
1343 3629 1541 3678 carnes,
1569 3622 1616 3665 et
1659 3613 1786 3666 sicut
1829 3628 2036 3667 arenam

451 3683 605 3736 maris
635 3683 859 3754 volatilia
888 3695 1108 3754 pennata
1130 3682 1295 3754 (Ibid.
1323 3699 1371 3736 v.
1396 3684 1484 3754 21.
1509 3684 1622 3751 27).
1654 3683 1778 3736 Ila-c
1812 3685 1952 3736 enim
1981 3684 2032 3737 in

453 3753 850 3825 septuagesimo
871 3753 1096 3825 septimo
1125 3753 1334 3825 I’salmo
1350 3753 1579 3822 Spiritus
1608 3754 1910 3807 modulatus
1930 3763 2030 3808 est.

453 3824 527 3878 lia
557 3837 716 3893 porro
741 3823 809 3878 de
834 3823 993 3879 Causa
1023 3824 1350 3894 generationi
1383 3825 1480 3888 illi,
1511 3841 1630 3894 qua:
1656 3835 1776 3895 post
1807 3834 1884 3878 tot
1910 3835 2030 3877 tan-

451 3907 611 3964 taque
636 3895 784 3966 signa
808 3895 1009 3964 ingrata
1043 3895 1419 3966 incredulaque
1445 3896 1657 3966 mansit,
1679 3910 1784 3948 non
1804 3895 1869 3948 ad
1899 3905 2036 3949 tem-

450 3979 582 4034 pus,
613 3965 708 4036 sed
738 3975 996 4036 perpetuo
1023 3965 1263 4020 infensus
1292 3965 1408 4020 fuit.
1438 3965 1794 4036 Quamobrem
1826 3974 2034 4034 tempus

451 4033 556 4108 non
605 4033 1135 4108 addiditi‘Cteterotn
1168 4051 1264 4106 pro
1311 4037 1420 4108 illo,
1455 4035 1699 4108 Offensus
1726 4037 1818 4108 fui,
1853 4033 2032 4090 czeteri

450 4107 789 4177 interpretes,
821 4103 962 4160 Male
1001 4103 1212 4174 affectus
1241 4108 1338 4177 fui.
1367 4106 1468 4161 hoc
1505 4103 1608 4170 est,
1644 4103 1881 4177 Viriquec
1929 4109 2035 4160 ullo

450 4175 613 4231 modo
640 4176 933 4232 delectatus
976 4177 1068 4247 iui,
1095 4175 1396 4232 ediderunt.
1447 4177 1512 4231 Et
1553 4177 1660 4231 dixi
1689 4191 1707 4230 :
1739 4176 1953 4247 Semper
1982 4178 2034 4231 lii

448 4256 628 4319 errant
645 4247 814 4300 corde.
843 4247 930 4302 11.
975 4245 1083 4319 Ipsi
1108 4263 1223 4302 vero
1249 4264 1349 4319 non
1378 4257 1716 4319 cognoverunt
1743 4249 1849 4302 vias
1866 4245 2030 4301 nicas.

447 4315 578 4372 lure
605 4317 744 4372 Deus
770 4319 965 4388 populo
983 4315 1208 4374 Iudaico
1234 4315 1472 4373 infensus
1503 4319 1698 4373 mansit
1727 4335 1741 4373 :
1781 4321 1904 4388 quia
1932 4319 2030 4388 ipsi

450 4397 783 4458 perpetuum,
808 4404 912 4442 non
936 4403 1066 4444 vero
1088 4396 1487 4458 temporaneum
1510 4403 1747 4444 errorem
1773 4391 2028 4443 retinent.

448 4459 548 4524 Qui
589 4468 768 4514 autem
799 4467 1058 4528 perpetuo
1084 4469 1249 4525 errat,
1279 4459 1616 4529 quandonam
1655 4460 2032 4514 convertetur?

447 4529 698 4600 Alioquin
734 4544 866 4585 vero
892 4546 996 4585 non
1037 4529 1234 4596 lingua.
1263 4529 1356 4585 sed
1385 4530 1548 4586 corde
1584 4540 1785 4593 errant,
1813 4529 1866 4584 id
1893 4529 2032 4598 quod

443 4610 533 4656 est
551 4601 716 4671 longe
749 4601 962 4671 gravius
990 4617 1005 4655 :
1037 4600 1130 4654 illo
1158 4601 1300 4655 enim
1329 4600 1574 4670 decepto,
1623 4600 1841 4671 morbus
1876 4600 2029 4671 ineu-

449 4670 629 4742 rabilis
657 4669 774 4726 est;
786 4669 1129 4742 Quapropter
1144 4671 1274 4742 illos
1294 4686 1388 4742 per
1417 4669 1568 4728 Isaia:
1594 4670 1926 4742 prophetiam
1953 4670 2035 4724 in-

447 4741 703 4811 crepabat
728 4759 744 4796 :
773 4737 1109 4811 Populus—[tie
1133 4741 1279 4795 labiis
1296 4737 1390 4796 ‘me
1413 4737 1648 4808 honorat,
1676 4737 1827 4795 corde
1864 4750 2034 4795 autent

450 4810 598 4884 longe
619 4811 798 4867 absunt
823 4827 857 4864 a
876 4827 954 4864 me
969 4810 1138 4884 ,(lsat'.
1167 4811 1396 4884 29.15).
1425 4812 1626 4882 Ecquid
1650 4826 2035 4884 erroremcor-

449 4882 838 4951 dis'opcratutn
867 4882 988 4936 est?
1017 4882 1318 4951 Ignorantia
1344 4884 1548 4938 viarum
1580 4883 1808 4947 Domini,
1831 4882 2035 4937 scilicet

451 4954 856 5008 mandatorum:
887 4967 1008 5020 qua:
1028 4967 1133 5008 non
1159 4961 1364 5008 tantum
1393 4963 1724 5024 cognoscunt
1750 4954 1784 5007 ii
1808 4954 1895 5022 qui
1923 4970 2035 5007 me-

451 5024 707 5085 ditantur.
729 5031 987 5094 quantum
1015 5024 1048 5078 ii
1061 5024 1159 5094 _qui
1182 5023 1492 5092 Operantur.
1524 5023 1877 5094 Ignominiam
1905 5038 2032 5092 ergo

447 5103 606 5149 Vocat
645 5091 1021 5150 cessationem.
1046 5091 1291 5164 cognitio
1331 5095 1473 5148 enim
1501 5091 1592 5149 illa
1637 5110 1758 5149 vera
1803 5104 1886 5149 est
1913 5091 2033 5163 quae

450 5180 545 5235 per
565 5179 729 5234 opera
759 5165 985 5219 habetur
1013 5181 1029 5221 :
1059 5165 1490 5235 quandoquidem
1528 5180 1675 5219 mare
1707 5175 1793 5218 aut
1835 5179 1902 5218 ex
1931 5181 2030 5218 au-

447 5234 561 5289 ditu
587 5243 680 5289 aut
694 5251 761 5290 ex
787 5234 1385 5305 reinotiore’conspectu
1411 5250 1599 5290 (nitnes
1625 5237 2029 5306 cognoscimus:

448 5320 632 5360 veram
660 5316 837 5360 autem
867 5307 984 5374 ejus
1026 5307 1386 5376 cognitionem
1417 5307 1657 5360 obtinent
1683 5307 1716 5360 ii
1744 5307 1834 5375 qui
1863 5306 1913 5358 in
1946 5306 2034 5360 ιΙιο

442 5385 763 5446 operantur.
795 5377 942 5447 Sicut
954 5377 1127 5447 juravi
1151 5377 1205 5430 in
1241 5377 1319 5430 ira
1347 5393 1479 5442 mea,
1502 5378 1544 5430 si
1571 5377 1927 5430 introibuut'in
1951 5393 2033 5430 re-

447 5447 613 5516 quiem
643 5463 823 5518 meam.
859 5446 1005 5518 Sicut
1030 5447 1133 5502 hoc
1158 5448 1274 5502 loco
1301 5463 1404 5501 non
1433 5447 1833 5518 similitudinem
1872 5453 2034 5518 signi-

451 5523 594 5582 ticat,
621 5516 714 5572 sed
743 5517 1010 5572 sermonis
1045 5519 1529 5574 conﬁrmationem.
1555 5517 1610 5572 Id
1647 5528 1750 5583 est,
1782 5516 1937 5571 Vere
1950 5521 2036 5586 ju-

448 5589 582 5643 ravi.
606 5587 1062 5654 Quemadmodum
1095 5588 1181 5642 ubi
1209 5589 1338 5644 dicit
1365 5607 1379 5643 :
1416 5588 1484 5644 Ut
1513 5587 1674 5643 bonus
1707 5588 1845 5642 Deus
1873 5587 2035 5642 Israel

447 5661 596 5713 rectis
617 5660 766 5712 corde
807 5657 977 5730 (Pint.
1005 5658 1094 5713 72.
1124 5657 1214 5730 t);
1245 5673 1306 5714 ac
1349 5675 1583 5724 rursum,
1617 5659 1683 5714 Ut
1711 5662 2037 5730 magni/irata

447 5740 565 5803 sum
591 5745 744 5803 opera
760 5741 875 5803 _tua.
895 5728 1127 5792 Domine,
1141 5728 1310 5784 omnia
1334 5731 1386 5784 in
1410 5734 1657 5796 sapientia
1679 5728 1837 5803 fecisti
1863 5729 2031 5795 (Psal.

451 5800 573 5856 105.
601 5801 716 5865 24).
750 5799 1116 5856 Juramentuut
1147 5817 1276 5856 vero
1297 5799 1767 5858 εοιιιιιιὶιιειιιοιιὸιιι
1804 5802 1893 5857 Det
1929 5819 2032 5856 nu-

1956 318 2227 378 SPURIA.

3649 331 3752 388 τη

2171 436 2480 516 mutabilem
2509 435 2792 516 intelligas.
2829 438 3289 516 Quemadmodum
3325 442 3467 498 enim
3496 444 3647 500 nobis
3665 449 3748 516 ju-

2167 511 2302 563 ratis
2324 519 2530 564 mutare
2558 513 2876 564 sententiam
2907 527 3012 564 non
3039 512 3200 566 licet:
3232 513 3310 566 sic
3335 524 3390 566 et
3412 516 3551 569 Deus
3573 511 3744 572 omnia

2165 581 2392 654 qu:e_vel
2419 583 2660 654 promisit
2699 583 2779 654 vel
2807 583 3161 654 contini-fatus
3183 595 3284 654 est,
3317 600 3602 654 numquam
3635 605 3746 642 mu-

2166 658 2261 726 tat.
2291 651 2415 726 ll_:vc
2433 652 2643 726 jurandi
2665 653 2829 726 verbo
2866 652 3148 726 significat.
3191 653 3326 726 Quid
3357 651 3486 724 ergo
3511 656 3745 726 juravit?

2166 719 2282 774 Non
2321 721 2656 775 introituriun
2669 723 2944 776 .Iudaicum
2965 719 3289 792 populum—in
3309 719 3546 792 requiem
3564 742 3710 784 suam
3728 769 3742 783 .

2166 742 2282 774 “(Ill
2321 742 2944 776 ιιιιγυιιιιιἸιιη«ιιιιιειιοιηη
2965 742 3218 792 νομιιιιιηι
3238 742 3289 778 tn
3309 742 3369 780 re
3408 742 3546 780 ΙΙΙΘΙΙΙ
3564 742 3710 784 suam
3728 769 3742 783 .

2163 791 2306 860 quod
2337 792 2536 863 exitum
2561 792 2742 846 habuit
2772 795 2824 847 in
2863 793 2948 854 iis,
2979 794 3068 861 qui
3091 792 3263 863 ipsum
3291 795 3343 848 in
3369 742 3586 850 iieserto
3625 799 3746 855 irri-

2166 870 2425 916 iuverant.
2475 862 2530 916 In
2573 863 2788 917 deserto
2832 863 2974 917 enim
3027 862 3159 932 lapsi
3207 866 3539 921 sortitionem
3594 880 3744 924 terra:

2168 933 2450 1000 promissae
2477 948 2582 1015 non
2611 943 2950 1015 acceperunt.
2986 934 3106 1002 Quo
3132 935 3278 991 dicto
3298 937 3561 1015 propheta
3588 938 3742 1015 futuit

2159 1016 2374 1126 quoque
2402 1003 2583 1057 smculi
2615 1005 2852 1074 requiem
2897 1003 3355 1061 commemoravit.
3383 1003 3564 1078 Neque
3603 1011 3743 1065 enim

2199 1087 2230 1126 e
2260 1072 2345 1126 illa
2385 1087 2708 1126 sermonem.
2736 1075 2824 1126 ulti
2855 1075 2957 1126 iam
3002 1075 3160 1126 linem
3203 1088 3502 1126 acet-uerat-
3533 1096 3738 1126 meum.

2199 1087 2238 1154 θ’
2260 1072 2345 1126 illa
2385 1072 2824 1154 serunoiteiii,_qqi
2848 1075 2957 1154 jam
3002 1075 3160 1154 linem
3203 1072 3503 1154 acceperat,
3533 1096 3738 1136 resum-

2161 1144 2386 1212 psisset,
2419 1144 2542 1210 nisi,
2573 1144 2640 1198 nt'
2672 1148 2747 1198 ait
2790 1146 3002 1208 Paulus,
3032 1148 3191 1201 aliain
3240 1144 3476 1214 requiem
3505 1165 3742 1206 enmine-

2162 1223 2399 1269 litoraret
2437 1216 2500 1269 iis
2539 1216 2777 1270 relictam
2805 1217 2894 1282 qui
2929 1217 3284 1286 obsequentes
3321 1219 3478 1273 futuri
3518 1231 3660 1285 sunt,
3692 1224 3742 1277 iit

2158 1299 2262 1361 qua
2275 1286 2423 1361 Deus
2442 1286 2510 1361 ali
2524 1286 2772 1361 omnibus
2791 1286 2855 1341 iis
2871 1301 2993 1356 qua:
3013 1297 3138 1342 tunc
3157 1299 3428 1358 operatur,
3449 1293 3745 1361 requiescet

2159 1353 2344 1426 (Hebr.
2367 1356 2420 1410 5.
2447 1357 2537 1411 10.
2567 1357 2681 1428 11).

2157 1467 2212 1523 1.
2242 1466 2380 1551 Laus
2407 1470 2592 1551 cantici
2632 1467 2846 1551 Davidi,
2885 1469 3092 1551 quando
3126 1471 3307 1551 domus
3347 1474 3602 1551 mitiﬁcato
3647 1479 3744 1546 fuit

2226 1549 2346 1666 postl
2367 1541 2742 1608 captivitatem;
2771 1541 2887 1596 sine
2914 1541 3261 1612 inscriptione
3289 1548 3428 1613 apud
3458 1541 3734 1601 uelim-os.

2269 1627 2325 1663 sa
2353 1626 2470 1664 mus
2494 1627 2616 1666 xcv.

2226 1703 2281 1777 1.
2311 1702 2493 1777 Neque
2521 1705 2872 1777 hiePsalmus
2899 1704 3039 1774 apud
3069 1704 3324 1777 Hebraeos
3344 1707 3740 1777 inscriptionem

2157 1775 2338 1850 habet,
2371 1774 2464 1850 sed
2492 1775 2636 1850 apud
2659 1775 3007 1850 Septuaginta
3027 1775 3197 1850 solum
3227 1774 3542 1846 interpretes
3565 1797 3578 1833 ε
3601 1795 3738 1850 quo-

2154 1859 2272 1919 rum
2302 1845 2511 1919 titulum
2539 1845 2754 1919 Iuda-us
2775 1846 2896 1916 jure
2923 1846 3153 1919 abjecit:
3178 1856 3235 1902 ut
3262 1845 3504 1917 arguitur
3526 1850 3594 1904 ab
3619 1845 3736 1919 ipso

2155 1915 2339 1978 titulo;
2372 1915 2613 1970 Psalmus
2637 1915 2830 1985 quippe
2856 1918 3001 1972 clare
3033 1918 3083 1970 in
3113 1915 3362 1986 populum
3391 1915 3696 1973 inscribitur
3721 1941 3733 1975 :

2152 1995 2314 2055 atque
2347 1987 2530 2052 David,
2554 1987 2708 2054 cujus
2725 1996 2809 2042 est
2831 1987 3090 2050 Psalmus.
3113 1989 3292 2042 multis
3307 1991 3738 2056 generationibus

2151 2057 2510 2128 captivitatem
2536 2057 2808 2126 praecedit,
2837 2068 3115 2128 postquam
3139 2058 3194 2114 in
3223 2059 3375 2115 titulo
3395 2060 3588 2116 dicitur
3609 2065 3739 2114 aedi-

2153 2125 2364 2199 ticatam
2394 2125 2556 2199 tuisse
2583 2128 2820 2182 domum.
2838 2125 3221 2199 Captivitatem
3249 2131 3406 2198 igitur
3427 2128 3566 2185 illam
3586 2130 3735 2196 dicit.

2149 2196 2219 2253 de
2242 2213 2343 2267 qua
2372 2198 2451 2252 sic
2481 2198 2678 2254 Paulus
2705 2196 2970 2268 loquitur:
2989 2196 3350 2254 Ascendeuiin
3380 2202 3536 2256 altum
3567 2205 3734 2268 capti-

2150 2269 2435 2342 vamdugit
2446 2271 2816 2342 captivitatem,
2837 2269 2974 2324 dedit
2993 2271 3127 2324 dona
3145 2271 3198 2324 in
3220 2271 3503 2326 hominibus
3519 2272 3733 2342 (Ep/tes.

2148 2341 2206 2411 ρ.
2227 2339 2306 2411 8).
2334 2339 2761 2395 Edilicationem
2783 2340 2976 2396 domus
3003 2350 3156 2395 vocat
3178 2343 3268 2397 Dei
3295 2339 3732 2398 incarnationem.

2149 2407 2272 2479 Ipse
2296 2411 2437 2465 enim
2463 2411 2532 2465 de
2559 2411 2774 2480 propria
2802 2425 2966 2466 carne
2993 2411 3104 2465 ait:
3130 2411 3321 2466 Solvite
3347 2415 3588 2477 templum
3613 2415 3726 2479 hoc,

2149 2491 2196 2554 _et
2219 2481 2274 2534 in
2305 2481 2462 2554 tribus
2484 2482 2660 2554 diebus
2686 2483 2948 2550 aediﬁcabo
2973 2483 3104 2536 illud
3135 2483 3307 2551 (Joan.
3337 2484 3391 2537 2.
3419 2484 3533 2554 19).
3567 2486 3731 2553 Ilujus

2149 2551 2330 2622 itaque
2353 2552 2543 2623 domus
2582 2552 2862 2606 a-diticatio
2902 2561 3020 2620 post
3049 2553 3407 2622 captivitatem
3454 2551 3688 2610 nostrain
3711 2598 3729 2623 ,

2148 2636 2178 2674 a
2208 2621 2424 2676 diabolo
2451 2621 2741 2680 inductam.
2774 2632 2983 2691 peracta
3011 2621 3126 2678 est.
3149 2623 3294 2680 [Iane
3319 2625 3460 2679 enim
3490 2621 3733 2681 Chrisms

2149 2692 2634 2766 libertatedonare
2668 2693 2880 2760 volens,
2928 2694 3370 2766 incarnatusest.
3405 2696 3479 2749 De
3507 2713 3609 2766 qua
3646 2698 3733 2753 hic

2149 2763 2263 2836 ipse
2293 2763 2463 2836 David
2488 2765 2538 2817 in
2568 2763 2669 2836 alia
2699 2766 2992 2833 prophetiae
3019 2776 3170 2836 parte
3209 2765 3289 2820 sic
3332 2763 3582 2836 loquutus
3609 2779 3730 2823 est:

2148 2833 2436 2908 ἐκρηάὶερ
2447 2835 2501 2888 in
2527 2835 2706 2908 altum,
2733 2836 2910 2908 cepisti
2933 2834 3270 2905 captivitatem
3296 2833 3464 2906 (Paul.
3494 2839 3582 2908 b7.
3615 2837 3728 2908 19).

2145 2904 2359 2960 Caritate
2398 2905 2617 2958 Domino
2658 2905 2910 2958 canticum
2965 2904 3180 2968 novum,
3235 2904 3435 2960 cantate
3485 2904 3728 2974 Domino,

2145 2979 2311 3050 omnis
2328 2985 2483 3030 terra.
2511 2976 2566 3029 2.
2591 2974 2799 3050 Cantale
2821 2974 3060 3039 Domino.
3085 2975 3355 3030 benedicite
3383 2978 3576 3031 nomini
3595 2979 3727 3050 ejus.

2145 3048 2256 3112 Qua
2279 3045 2347 3100 de
2367 3059 2524 3100 causa
2547 3046 2809 3100 canticum
2835 3062 3030 3100 novum
3045 3062 3257 3102 omnem
3273 3059 3489 3102 caiitare
3510 3045 3729 3114 terram,

2145 3131 2243 3171 nec
2269 3116 2506 3172 Indicam
2537 3126 2739 3170 tantum
2763 3118 3020 3185 praecipit,
3046 3116 3147 3187 nisi
3170 3128 3386 3187 propter
3404 3133 3538 3171 nova
3564 3120 3724 3174 mira-

2142 3189 2296 3242 cola?
2323 3188 2400 3242 Ac
2419 3188 2798 3258 propemodum
2817 3187 2976 3241 David
2993 3186 3178 3242 eadem
3201 3186 3319 3258 qua:
3337 3188 3533 3243 Paulus
3546 3188 3729 3246 dicere

2145 3267 2521 3326 praeoccupat:
2548 3257 2609 3312 Si
2636 3274 2735 3326 qua
2771 3257 2822 3310 in
2853 3257 3054 3312 Clu-isto
3091 3257 3232 3312 novat
3254 3269 3517 3323 creatura,
3566 3271 3729 3315 vetera

2142 3330 2481 3401 transierunt;
2504 3344 2617 3382 ecce
2638 3331 2774 3401 facta
2798 3340 2914 3401 sunt
2939 3329 3109 3382 omnia
3134 3346 3263 3383 nova
3287 3328 3362 3399 (9..
3386 3327 3506 3384 Cor.
3531 3331 3584 3385 5.
3612 3332 3724 3401 I7).

2140 3398 2276 3466 Quid
2303 3410 2481 3453 autem
2524 3397 2648 3460 est,
2667 3397 2930 3453 Canticum
2958 3415 3178 3466 novum,
3215 3397 3306 3454 aut
3347 3415 3455 3469 quo
3485 3397 3728 3457 tradente

2141 3470 2270 3542 illud
2296 3469 2904 3542 cognoscemus‘lllulta
2943 3470 3138 3538 quippe
3179 3470 3337 3524 nobis
3361 3472 3564 3542 cantica
3598 3487 3726 3540 pro-

2141 3541 2302 3610 pheta
2331 3538 2517 3605 edidit,
2545 3540 2659 3604 sed,
2692 3538 2894 3593 Novum
2914 3542 3188 3606 canticum,
3212 3542 3320 3608 jam
3347 3540 3552 3606 dicens,
3580 3538 3720 3597 aliud

2139 3613 2208 3665 ab
2237 3613 2365 3682 ipsis
2391 3612 2661 3666 diversum
2689 3625 2883 3664 novum
2911 3613 3175 3682 canticum
3196 3611 3515 3666 subindicnt.
3543 3613 3717 3666 Cati“-

2139 3679 2270 3738 cuni
2291 3682 2485 3736 cecinit
2512 3683 2672 3736 etiam
2705 3682 2864 3735 Isaias
2895 3698 2909 3733 :
2947 3679 3193 3744 Cantabo,
3237 3682 3424 3750 inquit.
3471 3683 3722 3737 canticum

2140 3753 2342 3816 dilecto,
2368 3754 2550 3806 dilecto
2577 3767 2707 3818 meo,
2738 3753 2893 3805 vinea:
2917 3767 3060 3821 meae.
3100 3749 3256 3804 Vinea
3281 3749 3419 3821 facta
3446 3764 3517 3806 est
3542 3753 3720 3808 dilecto

2139 3823 2193 3876 in
2221 3840 2406 3889 cornu,
2450 3824 2504 3876 in
2547 3824 2660 3876 loco
2705 3823 2879 3892 pingui
2909 3819 3062 3891 (Isai.
3091 3821 3144 3876 Β.
3174 3822 3228 3893 1)
3248 3819 3289 3886 ,⁷
3313 3832 3421 3877 etc.
3447 3892 3452 3893 ν
3475 3823 3576 3893 Sed
3606 3823 3722 3878 haec

2140 3896 2444 3949 universam
2475 3905 2669 3948 terram
2698 3906 2917 3947 cantare
2959 3907 3056 3962 par
3085 3909 3189 3947 non
3210 3892 3334 3954 est,
3363 3892 3458 3947 sed
3483 3892 3720 3947 Judwam

2140 3972 2342 4019 tantum
2369 4003 2385 4030 ,
2429 3965 2482 4018 in
2507 3979 2666 4032 quam
2692 3963 3010 4018 mutandum
3036 3977 3158 4018 esse
3183 3963 3392 4018 dicitur.
3427 3963 3550 4016 Ila-c
3576 3974 3725 4018 certe

2140 4035 2432 4105 respiciunt
2455 4035 2521 4088 ad
2547 4035 2852 4103 angelorum
2873 4035 3135 4105 canticum
3159 4049 3190 4089 a
3211 4033 3350 4088 Luca
3369 4033 3718 4105 descriptum.

2138 4103 2268 4159 Illud
2299 4107 2494 4177 quippe
2521 4120 2714 4158 novmn
2739 4113 2874 4177 erat.
2897 4103 3207 4177 Universum
3234 4113 3431 4177 terrain
3465 4104 3722 4177 propheta

2139 4175 2453 4242 advocavit,
2495 4177 2744 4244 quoniatn
2775 4175 2860 4228 hic
2882 4176 3202 4240 evangelista
3232 4175 3346 4228 lucc
3371 4176 3574 4244 angelis
3598 4190 3724 4228 nio-

2139 4245 2451 4302 dulantibus
2501 4254 2711 4301 cantata
2765 4245 2929 4300 fuisse
2982 4253 3411 4300 commemorat:
3446 4245 3622 4298 Gloria
3667 4245 3724 4298 in

2138 4318 2397 4372 altissimis
2439 4315 2544 4371 Deo
2569 4357 2584 4381 ,
2631 4325 2676 4370 et
2718 4316 2773 4370 in
2801 4326 2935 4369 terra
2955 4331 3078 4386 pax,
3105 4315 3158 4369 in
3184 4315 3466 4369 hominibus
3485 4315 3725 4383 benepla-

2137 4389 2291 4458 citum
2315 4387 2471 4458 (Luc.
2491 4388 2545 4442 2.
2570 4387 2680 4458 14).
2706 4386 2832 4441 Hauc
2849 4385 3028 4458 autem
3048 4386 3384 4458 quandonam
3402 4385 3539 4458 dicta
3563 4387 3722 4439 sunt?

2137 4456 2363 4526 Quando
2388 4459 2579 4513 domus
2602 4457 2860 4511 azditicata
2885 4465 2988 4520 est,
3017 4456 3067 4509 id
3093 4466 3196 4518 est.
3223 4472 3345 4510 cum
3369 4456 3610 4526 Christus
3638 4462 3722 4508 in-

2137 4525 2388 4584 carnatus
2413 4537 2515 4583 est.
2565 4527 2700 4583 Nato
2742 4527 2934 4596 quippe
2973 4526 3122 4596 illo,_
3149 4527 3320 4596 angeli
3363 4526 3417 4580 in
3449 4525 3720 4580 Bethleem

2137 4598 2360 4654 choreas
2385 4608 2605 4668 agentes
2641 4593 2895 4652 motl'ulati
2925 4607 3068 4668 sunt.
3096 4593 3243 4651 Cum‘
3257 4596 3409 4666 jubet
3431 4606 3606 4650 autem
3639 4607 3724 4652 ter

2139 4682 2377 4736 cantare,
2406 4667 2488 4725 ter
2513 4668 2795 4724 Dominum
2827 4667 3082 4733 nominat,
3113 4669 3296 4722 volens
3327 4667 3635 4720 Trinitatem
3667 4669 3722 4722 iu

2137 4741 2352 4794 Christo
2377 4739 2683 4812 gloriﬁcari.
2708 4740 2810 4812 I’er
2835 4737 3005 4812 ipsum
3032 4737 3173 4812 enim
3203 4747 3257 4790 et
3283 4736 3499 4812 Patrem
3523 4746 3577 4812 et
3600 4739 3724 4807 Spi—

2140 4812 2301 4865 ritum
2330 4804 2572 4866 sahctum
2603 4804 2870 4864 novimus:
2893 4807 3018 4863 Ideo
3043 4804 3395 4878 congruenter
3419 4804 3719 4878 sultjungit:

2137 4880 2424 4936 Benedicite
2446 4879 2635 4934 nomini
2660 4880 2802 4950 ejus;
2832 4879 2949 4934 sive
2973 4879 3143 4950 Patris
3159 4877 3396 4950 dixeris,
3427 4877 3717 4950 siveilt‘ilii,

2138 4953 2253 5007 sive
2283 4952 2512 5019 Spiritus
2549 4949 2719 5006 sancti
2743 4968 2756 5005 :
2781 4964 2975 5005 nomen
3019 4949 3212 5020 quippe
3245 4949 3509 5013 Trinitati,
3541 4949 3680 5004 Deus
3707 4967 3721 5003 :

2137 5023 2279 5092 quod
2309 5022 2694 5078 benedixerunt
2713 5020 2905 5090 angeli,
2933 5021 3022 5090 qui
3051 5035 3242 5092 novum
3269 5021 3534 5073 canticum
3561 5035 3724 5073 reve-

2139 5091 2336 5160 larunt,
2354 5095 2467 5162 ipso
2486 5092 2635 5146 initio
2657 5092 2707 5145 in
2723 5092 2996 5145 altissimis
3029 5092 3135 5144 Deo
3156 5091 3378 5162 gloriam
3409 5091 3721 5162 referentes,

2137 5159 2449 5217 Annuntiate
2470 5163 2532 5216 de
2560 5163 2643 5216 die
2669 5163 2721 5215 in
2747 5161 2880 5215 diem
2918 5162 3140 5215 salutare
3168 5159 3274 5214 ’Det'
3307 5161 3485 5215 nostri.
3520 5161 3723 5216 Proce-

2139 5235 2299 5306 dente
2314 5234 2512 5306 quippe
2530 5244 2790 5300 tempore,
2813 5234 3056 5306 procedit
3067 5227 3436 5306 Evangelium:
3451 5240 3506 5285 et
3522 5231 3722 5306 Christi

2140 5301 2376 5372 cognitio
2398 5301 2621 5359 dilatato
2644 5301 2883 5371 tempore
2903 5308 3173 5364 dilatatur,
3204 5302 3256 5356 id
3278 5301 3422 5372 quod
3445 5304 3719 5368 sequentia

2141 5372 2398 5431 indicant.
2439 5376 2492 5430 5.
2535 5375 2841 5429 Annuntiate
2876 5373 2928 5425 in
2969 5372 3199 5443 gentibus
3239 5373 3454 5443 gloriam
3492 5373 3636 5436 eius.
3669 5389 3724 5427 ut

2139 5448 2369 5500 omnibus
2393 5446 2592 5514 populis
2611 5443 2860 5498 mirabilia
2879 5441 3007 5512 ejus.
3032 5442 3165 5496 Num
3189 5441 3302 5514 base
3324 5442 3425 5496 sibi
3449 5443 3722 5498 vindicare

2143 5527 2316 5587 potest
2371 5513 2596 5587 populus
2645 5513 2940 5571 Judaicus'!
2982 5513 3287 5587 Quomodo
3319 5515 3462 5568 enim
3519 5530 3731 5587 annun-

2145 5583 2296 5644 tiabit
2341 5583 2392 5642 in
2431 5583 2675 5657 gentibus
2712 5587 2933 5657 gloriam
2979 5585 3070 5638 Dei
3099 5583 3166 5648 is,
3207 5585 3526 5657 cuinneqne,
3551 5586 3725 5657 legem

2141 5670 2295 5715 extra
2352 5654 2598 5728 proprios
2638 5654 2833 5711 limites
2886 5656 3062 5728 legere
3113 5654 3451 5728 conceditur?
3505 5655 3727 5728 De__h.uc

2147 5733 2289 5785 enim
2330 5723 2388 5784 re
2427 5723 2570 5800 ipsos
2598 5723 3024 5794 reprchemh-bat
3051 5729 3214 5780 Amos
3260 5723 3722 5800 prophetazEtle-

2151 5812 2326 5874 gerunt
2369 5797 2492 5871 [oris
2525 5797 2765 5868 legent,e.
2787 5805 3164 5856 (invocaverunt
3182 5799 3545 5871 confessiones.
3569 5801 3736 5854 Amos
