4094 6368
456 388 581 448 ³175

480 512 656 578 neque
682 508 841 576 lignis
871 517 1107 573 tantum,
1137 507 1232 564 sed
1262 509 1421 563 etiam
1454 506 1608 577 lignis
1627 505 1830 578 sylvas,
1862 505 1912 560 id
1940 515 2023 562 est
2044 549 2060 573 ,

482 576 847 635 infructuosis.
880 580 1096 633 Certum
1151 580 1294 634 enim
1324 588 1409 635 est
1455 576 1562 632 non
1619 576 1949 632 fructuosum
1997 578 2065 632 li-

474 664 659 719 gnum,
690 650 787 704 sed
839 649 1224 707 infructuosum
1264 651 1331 705 ad
1378 664 1592 705 crucem
1637 647 1928 717 parandam
1956 662 2065 703 cae-

478 735 597 775 sum
628 721 812 775 fuisse.
847 720 901 775 ln
950 731 1155 793 partem
1186 730 1370 793 tamen,
1388 721 1566 790 gaudii
1599 729 1861 775 venerunt
1886 719 2065 793 omtiia

477 806 599 861 quae
630 793 686 845 in‘
712 799 853 846 terra
883 790 1054 858 erant,
1078 800 1138 845 ut
1165 792 1476 860 prmcedens
1496 805 1684 845 versus
1710 791 1962 845 narravit.
1985 790 2065 845 Tu

477 876 611 917 vero
633 862 773 933 ligna
802 862 987 933 sylvas,
1020 873 1205 933 utpgte
1228 862 1577 933 infruetuosa,
1608 870 1917 933 peccatores
1941 876 2064 933 esse

480 930 764 1004 intelligo:
797 930 865 988 de
893 930 1095 1004 quibus
1116 931 1280 1004 isaias
1312 950 1324 986 :
1361 932 1446 986 Ne
1486 933 1621 1004 dicat
1647 931 1907 1004 eunuchus
1927 972 1940 993 ,
1970 930 2062 984 Li-

475 1001 864 1088 gnumﬂaridunt
892 1001 983 1088 ego
1009 1021 1125 1088 sum
1146 1002 1295 1088 (Isai.
1325 1004 1416 1088 56_.
1448 1001 1526 1074 5),
1547 1002 1606 1088 id
1630 1011 1736 1088 _est
1758 1003 2068 1088 inniti-etnot-

478 1072 825 1129 SumNerum
863 1072 1024 1129 etiam
1049 1072 1161 1130 illis
1184 1084 1245 1130 ut
1270 1072 1838 1144 gauderentadventus
1864 1072 2065 1129 Christi

479 1144 1009 1215 praestititﬂuoniam
1029 1146 1179 1207 venit,
1198 1147 1435 1213 quoniam
1457 1146 1588 1198 venit
1599 1144 1837 1214 judicare
1855 1154 2061 1210 terram,

466 1216 708 1288 judicare
717 1215 886 1288 orbem
898 1225 1043 1288 terra:
1059 1218 1111 1270 in
1119 1217 1392 1288 jus_t_itia,et
1400 1216 1636 1288 papulae
1648 1216 1699 1269 iu
1722 1216 1930 1288 veritate
1947 1232 2061 1268 sua.

478 1288 593 1342 Non
611 1286 806 1342 fruStra
836 1287 992 1342 iterat
1014 1284 1162 1352 illud,
1194 1284 1358 1341 Venit.
1386 1284 1517 1341 Cum
1541 1286 1664 1341 velit
1690 1286 1831 1340 enim
1863 1297 2067 1340 utrum-

479 1372 584 1440 qee
607 1358 898 1440 adventum
925 1373 1078 1440 situm
1095 1357 1546 1440 _i_ndicare,'_s_upra
1576 1355 2061 1440 quidemhprinium

478 1425 766 1483 adventum
813 1429 1154 1499 signiﬁcavit,
1189 1443 1311 1483 cum
1366 1425 1512 1483 illum
1557 1425 1674 1499 sine
1705 1427 1925 1499 judicio_
1950 1425 2065 1483 fore

477 1499 741 1555 scriberet
773 1517 787 1554 :
814 1497 925 1553 nan
956 1501 1101 1555 enim
1143 1508 1273 1555 tunc
1307 1500 1452 1553 venit
1490 1498 1730 1568 judicare
1766 1497 2021 1552 mundum
2044 1539 2060 1564 ,

478 1570 571 1622 sed
589 1571 798 1642 salvare
816 1569 992 1642 (Joan.
1016 1572 1073 1625 2.
1096 1570 1188 1642 47)
1216 1584 1231 1623 :
1256 1571 1491 1642 hicevero
1517 1569 1809 1642 secundum
1840 1569 2058 1642 indicat,

483 1643 531 1693 in
557 1656 664 1709 quo
685 1638 944 1710 iudicabit
974 1638 1177 1696 terram
1204 1648 1260 1697 et
1284 1640 1508 1705 orbem;
1552 1640 1604 1695 id
1643 1650 1758 1702 est,
1790 1638 2061 1696 hominem

474 1711 595 1778 jure
643 1713 721 1766 sic
762 1711 1088 1781 appellatum
1111 1754 1124 1775 ,
1157 1720 1344 1837 utpote
1369 1725 1434 1765 ex
1462 1718 1603 1765 terra
1632 1721 1807 1764 ortum
1829 1750 1851 1793 ι
1874 1711 2061 1766 orbem

474 1793 685 1837 autem.
716 1791 903 1837 utpote
950 1784 1040 1837 aui
1082 1784 1174 1837 Dei
1250 1780 1570 1837 abitaculum
1608 1781 1778 1836 factus
1807 1792 1897 1835 su.
1928 1781 2060 1837 Nam

474 1793 685 1853 autem,
716 1780 903 1852 utpote
950 1784 1040 1853 qui
1082 1784 1174 1837 Dei
1213 1780 1570 1853 habitaculum
1608 1781 1778 1836 factus
1807 1781 2060 1853 sitsNam

483 1849 846 1924 Yerbumicaro
875 1849 1065 1924 factum
1094 1862 1168 1907 est
1190 1897 1204 1920 ,
1234 1864 1285 1908 et
1325 1852 1568 1906 habitauit
1617 1853 1670 1905 in
1715 1854 1857 1924 nobis
1874 1852 2060 1924 (Joan.

474 1922 527 1976 I.
558 1924 669 1993 14).
698 1923 815 1978 Non
842 1922 1004 1979 modo
1030 1935 1207 1979 autem
1236 1923 1385 1978 illum
1432 1932 1627 1977 terram
1656 1932 1710 1978 et
1737 1922 1922 1978 orbem
1964 1938 2061 1978 vo-

463 1993 652 2065 eavit,
703 1994 1016 2065 sedetiam
1058 1993 1324 2065 Populos,
1366 2010 1475 2065 non
1522 1995 1792 2063 populum,
1841 2004 2063 2063 propter

468 2062 1160 2147 linguarumdiﬂ'erentiam
1190 2072 1247 2121 et
1272 2062 1571 2147 eiviiatum,
1748 2062 2062 2147 societatem

471 2134 752 2201 dirimunt,
786 2144 898 2190 tum
924 2136 977 2190 in
1005 2135 1328 2192 celebranda
1357 2135 1449 2190 Dei
1474 2136 1640 2205 gloria
1662 2176 1676 2200 ,
1708 2144 1816 2190 tum
1843 2139 1893 2189 iu
1938 2136 2061 2191 aliis

466 2207 633 2260 etiam
677 2206 1020 2261 necessariis.
1068 2207 1121 2263 Si
1156 2222 1286 2262 vero
1321 2206 1517 2261 dicitur
1540 2220 1662 2261 eum
1696 2206 2058 2276 judicaturum

471 2276 809 2349 esse‘Orbem
831 2287 988 2333 teme
1012 2278 1070 2331 in
1096 2278 1332 2349 justitia,
1362 2276 1579 2349 additur
1605 2278 1800 2349 etiam,
1832 2277 2061 2348 Populos

469 2348 524 2401 in
548 2348 774 2419 veritate,
807 2350 959 2419 quasi
988 2345 1265 2404 non'aliud
1290 2348 1359 2404 sit
1379 2346 1526 2403 orbis
1553 2345 1876 2419 habitabilis,
1900 2345 2059 2418 quam

471 2418 673 2486 populi.
705 2416 761 2473 Si
789 2416 932 2473 enim
964 2419 1144 2487 populi
1169 2432 1271 2473 non
1295 2426 1493 2482 essent,
1512 2432 1543 2473 a
1570 2432 1677 2487 quo
1695 2416 2060 2475 ltabitaretur?

471 2489 548 2544 ita
580 2503 690 2543 non
726 2498 810 2543 est
849 2487 1055 2560 justitia
1094 2489 1213 2546 sine
1238 2490 1687 2545 veritate:unum
1728 2492 1873 2546 enim
1910 2489 2058 2545 aliud

470 2560 869 2629 complectitur.
900 2560 1083 2631 Neque
1106 2560 1310 2631 justitia
1338 2568 1424 2614 est
1453 2561 1571 2615 sine
1603 2560 1856 2629 veritate,
1885 2569 2060 2631 neque

468 2632 667 2688 veritas
685 2632 803 2687 sine
825 2630 1030 2702 justitia
1053 2649 1067 2697 ;
1099 2632 1220 2687 ideo
1242 2630 1488 2686 Christus
1512 2641 1796 2701 utrumque
1819 2648 1940 2690 esse
1962 2630 2061 2687 di—

469 2702 641 2757 citur-

469 2775 522 2827 1.
540 2772 727 2828 Davidi
742 2815 757 2842 ,
778 2773 980 2846 quando
993 2782 1133 2846 terra
1148 2771 1425 2846 censtiiuta
1442 2782 1538 2838 est,
1565 2771 1685 2827 sine
1711 2773 2057 2846 inscriptione

800 2844 941 2914 apud
988 2845 1263 2900 Hebraeos.
1297 2841 1539 2914 Rsalmus
1566 2857 1713 2898 xc".

539 2916 593 2971 l.
628 2914 727 2973 Hic
773 2912 1019 2970 Psalmus
1068 2916 1207 2985 apud
1246 2912 1501 2969 Hebraeos
1538 2922 1791 2969 censetur
1818 2930 1940 2971 cum
1989 2917 2057 2974 iis

466 2988 559 3055 qui
589 2987 938 3056 inscriptione
966 2997 1151 3041 carent
1171 3006 1183 3042 :
1201 2985 1708 3057 Septuagintavero
1734 2985 2056 3057 interpretes

469 3059 685 3114 titulum
718 3055 817 3127 ipsi
850 3058 1307 3127 excogitaverunt,
1329 3055 1625 3127 prOplietiae
1648 3055 2052 3127 congruentem.

467 3128 601 3197 Quia
629 3126 773 3184 enim
799 3128 869 3199 de
906 3126 1071 3199 regno
1097 3128 1291 3199 Christi
1314 3166 1331 3191 ,
1352 3126 1528 3199 deque
1571 3126 1842 3199 praeclaris
1884 3129 1940 3185 in
1986 3146 2056 3187 eo

466 3202 633 3269 gestis
662 3201 777 3255 haec
804 3197 1084 3269 ptiOph‘ette
1106 3198 1400 3254 modulatio
1423 3197 1713 3252 constituta
1736 3210 1837 3263 est,
1867 3216 2055 3257 neces-

468 3273 611 3326 sario
641 3271 767 3325 illud
794 3271 1059 3340 spirituali
1089 3270 1272 3326 Davidi
1294 3276 1595 3340 consecrat,
1613 3269 1812 3339 aitque,
1835 3270 2054 3339 Quando

467 3351 601 3395 terra
628 3342 728 3411 ipsi
753 3339 1023 3395 constituta
1051 3354 1124 3396 est
1149 3384 1162 3406 ,
1197 3341 1249 3396 id
1288 3348 1390 3404 est,
1420 3339 1638 3410 quando
1684 3340 1913 3397 humana
1956 3360 2055 3399 nae

467 3422 584 3466 tura
628 3413 681 3466 in
710 3413 925 3482 proprio
953 3422 1093 3467 statu
1122 3414 1291 3482 posita
1319 3421 1403 3466 est
1433 3429 1448 3466 :
1480 3412 1627 3481 prius
1667 3414 1814 3467 enim
1855 3429 1884 3467 a
1923 3429 2053 3471 sana

465 3492 645 3538 mente
665 3482 953 3555 defecerat.
982 3484 1226 3538 Dominus
1245 3486 1510 3555 regnauit;
1534 3482 1749 3537 exsultet
1776 3493 1931 3550 terra,
1960 3488 2053 3541 la:-

466 3562 633 3607 tentur
657 3554 841 3608 insula:
886 3554 1075 3608 multis.
1124 3556 1262 3609 Deus
1292 3554 1508 3623 semper
1549 3557 1827 3625 regnavit,
1869 3566 2055 3625 utpote

465 3626 731 3679 universa:
762 3633 920 3679 terra:
950 3626 1126 3693 opifex
1152 3634 1206 3680 et
1250 3626 1535 3690 dominus;
1564 3623 1658 3677 sed
1698 3626 1819 3692 quia
1864 3623 2050 3681 hu‘ma-

467 3711 593 3767 num
630 3711 797 3765 genus
839 3696 1070 3764 quodam
1099 3699 1665 3767 temporeaversatus,
1696 3695 1867 3765 ipsum
1894 3700 2053 3767 Spiri-

466 3766 684 3819 tualium
727 3767 1065 3839 inimicorum
1113 3766 1381 3839 tyrannidi
1428 3767 1726 3839 subjectum
1793 3766 2045 3839 reliquit,

465 3852 607 3891 nunc
648 3848 828 3893 autem
872 3836 970 3891 hos
996 3836 1254 3908 subjecit,
1298 3838 1447 3893 illum
1490 3836 2044 3907 liberavit,jure'ait,

471 3908 715 3964 Dominus
756 3910 1001 3980 regnavit,
1032 3925 1252 3980 regnum
1276 3910 1371 3965 Dei
1398 3921 1597 3964 vocans
1618 3909 1817 3980 erroris
1838 3909 2049 3966 destru-

463 3982 720 4045 ctionem,
748 3976 1117 4037 et'idolorum'
1132 3982 1343 4036 ruinam
1365 4020 1380 4047 ,
1409 3980 1478 4035 de
1505 3994 1610 4050 qua
1641 3976 1853 4035 laetatur
1882 3990 2044 4049 terra,

470 4067 528 4107 se
575 4050 644 4105 ab
692 4053 759 4108 iis
805 4052 1083 4107 liberatam
1109 4051 1301 4108 videns
1328 4052 1396 4122 de
1425 4052 1619 4120 quibus
1663 4062 1793 4122 cum
1830 4050 2049 4122 reliquis

462 4124 726 4178 creaturis
779 4126 926 4192 prius
979 4124 1279 4195 ingemebat
1325 4121 1499 4195 (Rom.
1532 4122 1587 4179 8.
1614 4122 1731 4189 22).
1778 4120 2050 4195 Lzetatitur

464 4202 642 4248 autem
670 4195 858 4249 insula:
884 4192 1087 4257 multae,
1120 4210 1317 4263 nempe
1336 4192 1577 4264 gentium
1606 4192 1857 4264 Ecclesia?
1882 4212 1895 4249 :
1922 4209 2047 4249 nam

466 4266 667 4319 erroris
708 4265 1003 4321 destructio
1043 4265 1176 4334 ipsis
1206 4262 1506 4336 ingressum
1550 4268 1771 4333 paravit.
1804 4262 1910 4319 Sed
1950 4281 2048 4321 cur

470 4336 741 4391 Ecclesias
767 4336 973 4392 insulas
998 4347 1175 4401 vocat,
1207 4338 1306 4391 nisi
1352 4350 1573 4405 prorsus
1614 4339 1738 4407 quia
1785 4336 1923 4389 sicut
1956 4337 2043 4393 in-

462 4407 594 4460 sulae
624 4408 676 4461 in
709 4409 888 4462 medio
913 4423 1170 4474 aquarum
1216 4407 1523 4462 habitantur
1543 4447 1557 4471 ,
1586 4408 1668 4465 sic
1693 4418 1749 4463 et
1791 4407 2045 4462 Ecclesiae

466 4478 519 4531 in
567 4479 921 4547 baptismate?
950 4478 1124 4535 Probe
1151 4488 1330 4534 autem
1357 4478 1490 4533 dixit
1514 4480 1707 4534 multas
1733 4477 1931 4533 insulas
1961 4476 2046 4533 lie-

462 4551 599 4615 tari,
628 4565 738 4604 non
768 4560 944 4605 autem
970 4565 1179 4617 omnes,
1200 4550 1486 4605 ostendens
1510 4550 1643 4604 alias
1671 4564 1793 4606 esse
1818 4548 2042 4617 insulas,

464 4635 658 4689 nempe
683 4621 1055 4676 hmreticorum
1081 4640 1095 4677 :
1124 4637 1242 4690 quae
1262 4620 1477 4690 quidem
1503 4619 1758 4676 Ecclesiae
1778 4620 1847 4674 de
1868 4619 2045 4689 bapti-

461 4700 632 4746 smate
656 4706 872 4763 quoque
899 4692 1227 4763 gloriantur;
1257 4692 1352 4763 sed
1379 4706 1470 4745 eas
1492 4706 1596 4745 non
1626 4707 1719 4761 par
1740 4700 1823 4747 cst
1852 4690 2041 4763 lauari,

462 4764 585 4830 quia
618 4762 687 4816 ob
712 4778 863 4817 suam
892 4777 1016 4832 erga
1044 4762 1251 4832 Numen
1294 4762 1622 4830 impietatem
1649 4763 1835 4832 gratiae
1866 4762 2044 4831 bapti-

461 4835 650 4886 smatis
676 4831 1038 4903 derogant.’9..
1068 4831 1243 4887 Nubes
1276 4843 1322 4887 et
1356 4834 1518 4903 caligo
1546 4834 1598 4885 in
1635 4834 1849 4887 circuitu
1893 4833 2043 4902 ejus;

465 4906 739 4973 regnantis
764 4904 1035 4959 videlicet.
1081 4904 1221 4958 Dicit
1245 4904 1385 4959 enim
1408 4903 1702 4969 Christum,
1730 4903 1886 4973 cujus
1918 4918 2040 4958 cor-

465 4990 583 5047 pus.
613 4984 801 5047 utpote
840 4974 1037 5047 subtile
1074 4985 1135 5047 et
1179 4975 1557 5047 intemeratum
1580 5015 1597 5039 ,
1631 4974 1799 5047 nubes
1825 4976 2041 5047 dicitur.

463 5044 639 5117 Caligo
664 5044 842 5101 autem
870 5045 1195 5117 adjungitur,
1219 5060 1377 5117 quam
1408 5044 1663 5117 Nebulam
1690 5044 2046 5117 Symmachus

463 5115 863 5187 interpretatur.
893 5116 1030 5171 Caro
1079 5115 1250 5172 enim’
1277 5115 1503 5187 nebulas
1537 5116 1706 5171 instar
1733 5115 2053 5187 multorum

462 5189 645 5243 oculos
670 5189 966 5255 avertebat,
1012 5203 1077 5242 ne
1104 5186 1413 5257 dignitatem
1455 5186 1745 5241 divinitatis
1774 5186 2042 5257 Unigeniti

463 5269 848 5327 agnoscerent:
883 5260 953 5313 ita
983 5269 1040 5312 ut
1078 5256 1204 5312 alibi
1253 5259 1339 5312 hic
1366 5258 1640 5327 psalmista
1666 5257 1863 5312 dixerit
1891 5275 1905 5313 :
1937 5256 2047 5310 Po-

462 5332 567 5410 suit
594 5332 822 5410 tenebras
840 5328 1110 5410 iatibuiujn
1128 5345 1297 5410 suum
1318 5345 1337 5383 :
1355 5330 1655 5410 indcircuitu
1678 5330 1787 5410 ejus
1812 5329 2045 5382 taberna-

464 5401 638 5454 culum
668 5403 779 5470 ejus
806 5400 976 5469 (Psal.
1005 5402 1091 5455 l'l.
1122 5400 1235 5469 12).
1266 5399 1477 5453 Justitia
1513 5409 1563 5453 et
1594 5399 1849 5468 judicium
1874 5415 2044 5470 corrc:

463 5472 562 5545 ctie
590 5468 758 5545 throni
779 5474 909 5545 ejus.
939 5472 1065 5526 Haec
1090 5468 1244 5545 enim
1286 5471 1385 5545 Dei
1429 5484 1653 5545 regnum
1687 5470 1941 5545 perfecit.
1979 5468 2042 5545 id

466 5542 590 5597 inde
612 5539 890 5613 palam'est
912 5584 928 5609 ,
959 5543 1104 5613 quod
1136 5557 1233 5597 nos
1259 5542 1327 5613 ab
1354 5542 1419 5596 iis
1445 5542 1657 5613 quinos
1684 5540 1882 5613 injuste
1910 5539 2042 5613 sub-

460 5610 705 5679 iecerant
750 5610 1207 5678 liberati-simus;
1244 5612 1317 5666 illi
1356 5625 1482 5667 vero
1522 5610 1862 5665 condemnati
1911 5611 2040 5664 sint.

463 5682 727 5740 Caeterum
759 5702 855 5740 nos
883 5699 1091 5756 quoque
1114 5684 1383 5756 justitiam
1410 5692 1465 5737 et
1500 5681 1758 5752 judicium
1788 5695 2043 5756 e_xer_cca_~

464 5770 606 5821 mus,
639 5758 680 5809 si
710 5752 922 5826 quidem
955 5752 1178 5811 velimus
1204 5768 1326 5808 cum
1371 5753 1488 5826 ipso
1536 5768 1777 5826 regnare.
1807 5753 1862 5808 5.
1897 5752 2043 5821 Ignis

465 5826 534 5900 in
554 5824 820 5900 conspectu
851 5826 1265 5900 ejus.priecedet,
1296 5832 1345 5876 et
1368 5824 1703 5900 inﬂammabit
1742 5825 1796 5900 in
1832 5826 2043 5900 eircuilu

459 5894 703 5953 inimicos
722 5894 998 5955 suosfllic'
1023 5898 1167 5954 clare
1195 5904 1457 5953 memorat
1492 5898 1722 5951 futurum
1759 5894 2035 5965 judicium.

1968 386 2237 445 SPURIA.

3657 390 3763 448 7⁸16

2175 501 2337 583 _Ce_rte
2366 500 2590 583 dc_i_gnc_
2614 516 2723 583 n_on_
2753 502 2908 583 dicit,_
2930 505 3187 583 Praecedit
3206 550 3223 574 ,
3245 508 3339 564 sed
3369 507 3647 581 Praecedet,
3672 508 3763 583 qui

2176 572 2526 667 illatili'lfit-EDEE
2556 573 2822 667 rinimieos
2848 577 3013 660 .ejus,
3040 572 3247 634 scilicet
3291 590 3601 667 peccatoree
3631 572 3646 638 Ξ
3666 572 3764 667 qui

2174 655 2297 697 sunt
2323 645 2523 718 inimici
2556 645 2679 710 Dei,
2701 645 2951 718 quoniam
2996 650 3111 718 ipso
3152 645 3379 705 vocante
3406 668 3515 707 non
3543 645 3763 711 obedie-

2174 724 2316 791 riint,
2336 724 2388 768 et
2418 715 2665 770 hortante
2688 715 3274 791 non‘obtemperarunt,
3297 732 3352 775 ut
3372 737 3430 777 se
3456 724 3552 791 ipsi
3576 740 3757 781 recon-

2172 784 2632 872 e‘iliaIrenthanus
2661 784 3326 872 porrigente,'noluerunt._
3360 793 3412 846 Id
3432 784 3758 872 testificatur

2172 854 2582 934 Paulus_diceu_s
2610 872 2625 908 :
2656 854 2766 911 Pro
2791 854 2988 914 Christo
3020 862 3268 934 legatione
3297 865 3594 934 fungimur,
3627 877 3758 920 tam-

2168 940 2320 994 quam
2348 925 2458 1003 ρρο
2482 928 2778 1003 ςεῂοειαηςς
2802 945 2893 1003 per
2914 945 3025 1003 nae.
3063 925 3510 1003 Dbseqramusvpro
3535 925 3756 1003 Christo,

2168 997 2567 1074 reconciliamini
2593 994 2706 1074 Deo
2727 994 2811 1069 (2.⁷
2827 996 2946 1053 Cor.
2966 1001 3022 1056 5.
3047 1001 3161 1074 ea).
3191 994 3541 1074 Inﬂammabi:
3576 1008 3629 1061 in
3656 994 3756 1062 εει-Σ

2169 1068 2310 1121 cuitu
2336 1068 2566 1121 inimicos
2589 1069 2699 1138 ejus
2720 1068 2745 1135 ξ
2766 1084 2955 1124 omnes
2984 1068 3207 1129 scilicet.
3236 1068 3350 1128 Non
3387 1077 3619 1132 cessabit
3654 1084 3759 1133 cir-

2169 1137 2317 1218 euire
2370 1137 2781 1218 et__incui_~rere,
2821 1138 2995 1196 donec
3043 1145 3469 1218 on_mes_noxios
3500 1162 3757 1218 compre-

2169 1206 2394 1288 hepdai.‘
2417 1208 2566 1263 llunc
2611 1208 2783 1279 ignem
2835 1213 3150 1288 memoravit
3183 1214 3350 1288 etiam
3379 1206 3757 1288 Daniel,qiiasi

2168 1277 2518 1355 qui_judicem
2547 1277 2857 1355 praecurrat.
2872 1279 3116 1355 Videbam
3134 1325 3150 1351 ,
3181 1284 3370 1355 inquit,
3399 1288 3560 1341 donec
3574 1277 3755 1345 'tliront‘

2169 1350 2322 1419 positi
2346 1358 2500 1420 sunt,
2533 1358 2579 1403 et
2612 1351 2854 1420 antiquus
2893 1351 3087 1406 dierum
3126 1350 3301 1410 sedit':
3326 1367 3375 1410 et
3414 1359 3756 1413 vestimentum

2167 1420 2277 1489 ejus
2299 1419 2473 1497 elbu_t_n
2499 1421 2628 1473 sicut
2655 1421 2745 1497 nia:
2763 1462 2779 1487 ,
2810 1432 2857 1497 e_t
2878 1423 3095 1497 capillus
3120 1426 3298 1497 capitis
3326 1428 3437 1497 ejus
3460 1430 3607 1493 quasi
3635 1430 3755 1485 luna

2167 1488 2376 1571 munda.
2405 1488 2643 1571 _Tltron'u_s
2671 1491 2782 1571 ejus
2806 1488 3014 1571 [lcruma
3034 1488 3200 1571 ignis,
3219 1507 3265 1550 et
3293 1488 3419 1552 ro'ttz
3439 1488 3619 1571 currus
3644 1503 3755 1569 ejus

2165 1559 2299 1629 ignis
2323 1560 2539 1635 ardens:
2554 1559 2771 1635 Fluvius
2799 1559 3266 1635 igneusejrediens
3293 1570 3528 1623 manabat
3546 1573 3599 1624 in
3627 1559 3755 1624 cou-

2165 1579 2299 1629 sgnts
2323 1579 2526 1614 araens.
2554 1579 2771 1616 ptumus
2806 1579 2823 1614 t
2924 1580 2982 1619 us
3007 1579 3266 1635 egreatens
3293 1579 3528 1623 manabat
3546 1579 3599 1624 in
3627 1588 3755 1624 con-

2164 1640 2338 1710 spectu
2353 1633 2463 1710 ejue
2477 1630 2695 1710 (Dan."l_.
2713 1630 2768 1686 9.
2780 1633 2814 1710 _l
2824 1579 2969 1706 gift.
2986 1633 3271 1710 llugcerunt
3290 1638 3495 1709 fulgura
3516 1642 3626 1710 ejus
3644 1644 3755 1696 orbi

2168 1708 2335 1759 terra.
2358 1701 2587 1770 Fulgura
2611 1701 2923 1780 splendores
2950 1704 3069 1775 ejus
3089 1701 3472 1780 intelligemus,
3500 1701 3616 1780 quas
3645 1728 3752 1767 non

2164 1780 2482 1847 exspectent
2502 1775 2756 1847 steculum
2772 1773 3036 1847 futurum,
3054 1776 3146 1831 sed
3170 1773 3280 1847 jani
3302 1779 3425 1835 hinc
3440 1773 3623 1837 orbem
3641 1782 3751 1837 illu-

2164 1850 2356 1916 strant.
2376 1842 2700 1916 Consideres
2717 1844 2877 1916 igitur
2892 1846 3049 1903 velim
3073 1842 3208 1916 ignis
3228 1848 3599 1905 differentiam.
3620 1854 3747 1909 Nam

2168 1912 2215 1967 is
2246 1914 2336 1993 qui
2367 1912 2483 1983 ejus
2506 1924 2608 1979 est,
2630 1912 2933 1993 illuminat;
2966 1918 3012 1971 is
3036 1912 3212 1973 autem
3237 1921 3328 1993 qui
3352 1934 3461 1993 non
3489 1931 3573 1978 est
3595 1924 3707 1993 ejus
3728 1966 3743 1986 ,

2164 1982 2261 2037 sed
2286 1993 2473 2039 contra
2493 1999 2617 2040 eum
2642 1987 2830 2050 currit,
2855 1982 2963 2042 urit
2994 2004 3007 2041 :
3036 2003 3158 2043 nam
3184 1982 3400 2046 ad'illud
3429 1982 3747 2049 constitutus

2166 2062 2269 2133 est:
2301 2054 2529 2133 Fulgura
2576 2056 2753 2133 itaque
2781 2057 3093 2133 ejus_vo_cat
3127 2062 3397 2130 apostolos
3416 2103 3431 2129 ,
3462 2064 3583 2133 quia
3610 2080 3750 2120 vera:

2164 2122 2301 2204 lecis
2341 2122 2624 2204 paiticipes
2646 2122 2783 2204 ,Vlux
2810 2122 2892 2204 et”
2914 2130 3011 2204 ipsi
3228 2122 3522 2189 vocantur:
3555 2152 3746 2204 quaut-

2163 2194 2351 2250 obrem
2400 2196 2505 2251 illis
2531 2194 2813 2253 ’Dominus
2842 2194 3099 2255 dicebat':
3144 2199 3243 2256 Vos
3283 2206 3398 2257 estis
3440 2205 3529 2258 tua:
3567 2194 3746 2260 mumli

2163 2264 2453 2339 (Muttinis.
2486 2265 2809 2339 M)._Vidit,
2838 2280 2885 2323 et
2909 2281 3159 2325 commota
3198 2281 3271 2326 est
3311 2282 3464 2328 terra.
3512 2275 3576 2330 Ei
3603 2278 3749 2333 enim

2163 2336 2253 2405 qui
2300 2336 2441 2393 male
2475 2336 2719 2394 consistit
2758 2354 2853 2409 par
2875 2351 2958 2395 est
2986 2344 3331 2410 commoveri,
3361 2355 3419 2399 ut
3462 2345 3748 2403 firmiorem

2161 2415 2359 2463 statum
2383 2422 2717 2484 assequatur,
2762 2411 3025 2484 siquidem
3050 2414 3347 2484 architecti,
3378 2431 3512 2484 quos
3539 2418 3750 2473 vitiatus

2163 2490 2285 2554 esse
2329 2480 2562 2548 parietes
2590 2480 3039 2554 deprehendunt},
3070 2482 3191 2539 illos
3219 2480 3563 2554 concutiunt,
3592 2498 3649 2543 ut
3691 2490 3746 2544 in

2162 2549 2443 2605 meliorem
2470 2549 2675 2605 statum
2698 2554 2978 2609 reducant.
3000 2553 3124 2607 Ideo
3146 2565 3306 2622 terra,
3332 2549 3745 2614 scilicet'huma-

2165 2634 2292 2693 num
2336 2635 2507 2693 genus
2548 2622 2679 2678 visis
2729 2624 2987 2693 apostolis
3031 2635 3357 2681 commotum
3411 2639 3529 2693 est,
3577 2631 3647 2684 ita
3690 2638 3748 2684 ut

2163 2688 2780 2767 Thessalonicenseside
2804 2695 2969 2767 Paulo
2996 2704 3049 2749 et
3086 2695 3196 2750 Sila
3226 2697 3465 2754 dicerent
3491 2688 3641 2767 {Qui
3665 2719 3749 2755 οτι

2161 2760 2569 2841 liem_concitun_t
2588 2765 2603 2796 ¹
2642 2764 2725 2818 hic
2775 2766 2967 2841 gdsitnt
3012 2766 3167 2841 (Act.
3199 2768 3287 2823 17.
3312 2768 3421 2841 6);
3461 2760 3653 2841 nenipe
3688 2785 3749 2826 ut

2162 2830 2368 2911 firmioi'
2396 2834 2741 2911 stabiliretitr.
2771 2836 2829 2911 5ζ
2874 2830 3073 2911 Montes
3096 2839 3248 2911 sicut
3285 2830 3681 2911 cera-[luxerunt
3711 2861 3746 2896 η

2158 2902 2291 2979 facie
2316 2901 2545 2967 Domini,
2573 2922 2605 2958 a
2633 2907 2763 2976 facie
2786 2906 2994 2979 Domini
3020 2909 3262 2964 universa
3289 2901 3452 2965 teme.
3478 2911 3745 2979 Quemad-

2160 2974 2378 3053 modum
2421 2974 2641 3053 montes
2658 2988 2781 3031 sunt
2810 2977 3040 3053 altiores
3070 2988 3210 3053 terra
3231 3021 3244 3045 ,
3270 2980 3346 3053 ita
3371 2974 3585 3053 quoque
3623 3000 3743 3052 pro.

2161 3042 2337 3122 phcta;
2383 3045 2602 3122 altiores
2642 3050 2853 3122 czeteris
2898 3048 3204 3122 hominibus
3222 3042 3513 3122 ,ﬁideoque'
3536 3042 3744 3111 montes

2160 3116 2513 3194 appellantur.
2534 3116 2673 3194 iure
2713 3119 2871 3190 igitur
2895 3119 2948 3174 in
2974 3119 3201 3194 adventu
3230 3116 3516 3194 Unigeniti,
3542 3126 3632 3194 qui
3660 3136 3744 3180 est

2159 3184 2943 3267 dominusmniversze'terrie,
2970 3191 3174 3267 seilicet
3227 3184 3442 3249 buuiani
3489 3184 3739 3265 generis,

2158 3257 2311 3328 eujus
2359 3257 2622 3328 primitias
2672 3274 2955 3316 assumens
3005 3261 3257 3317 Dominus
3297 3278 3365 3319 ex
3414 3257 3528 3320 tota
3567 3257 3744 3322 massa

2158 3325 2277 3413 fuit,
2311 3325 2587 3413 pr0pheta:
2613 3340 2881 3413 tamquam
2916 3346 3039 3413 cere
3085 3333 3394 3413 fluxerunt:
3427 3337 3574 3413 prius
3596 3340 3743 3392 enim

2158 3398 2374 3477 illorum
2408 3398 2682 3477 prophetia
2717 3398 2880 3477 litera
2925 3402 3153 3458 obducta
3204 3404 3319 3477 fuit,
3351 3398 3443 3477 ita'
3467 3416 3526 3462 ut
3563 3410 3742 3477 ignota

2155 3466 2986 3550 legentibusessetLAdveniente
3006 3487 3186 3529 autem
3210 3466 3495 3550 Uuigcnito
3512 3466 3737 3543 el'liuxit,

2240 3551 2343 3619 est,
2372 3541 2550 3619 mollis
2574 3542 2878 3619 ellecta_est
2898 3586 2915 3611 ,
2941 3553 3000 3619 et
3037 3560 3227 3601 omnes
3258 3541 3345 3602 illa
3388 3547 3457 3603 ad
3501 3541 3741 3619 mysterii

2160 3612 2428 3682 Unigeniti
2460 3615 2694 3684 speciem
2730 3614 3058 3671 efferendam
3101 3627 3414 3674 uterentur:
3444 3612 3606 3684 atque
3649 3620 3741 3674 illa

2153 3685 2305 3809 guasi
2334 3698 2457 3739 cera
2488 3683 2715 3753 quadam
2748 3685 2871 3756 igne
2908 3686 3111 3768 mollita
3148 3686 3445 3770 dominicas
3483 3683 3739 3762 imagines

2193 3763 2528 3809 emntterent.
2575 3753 2862 3809 Fluxerunt
2884 3798 2901 3809 .
2930 3770 3119 3809 tnuutt.
3148 3775 3181 3809 a
3213 3762 3340 3809 facte
3382 3758 3616 3809 Doniini-
3643 3777 3739 3809 seu

2193 3754 2528 3825 epingerent.
2575 3753 2862 3811 Fluxerimt
2884 3798 2901 3822 ,
2930 3757 3119 3825 inquit,
3148 3775 3181 3810 a
3210 3760 3340 3884 {fcie
3382 3753 3616 3824 Βοηιὲηιζ
3643 3777 3741 3816 seu

2194 3824 2481 3884 perationis
2496 3824 2746 3884 Spiritus.
2776 3827 2910 3884 Oula
2930 3828 3073 3884 enim
3099 3826 3186 3884 hic
3249 3830 3293 3884 is
3319 3831 3524 3884 Domini
3548 3830 3739 3884 laciem

2153 3824 2481 3895 operationis
2496 3824 2746 3896 Spiritus.
2776 3827 2910 3896 Quia
2930 3824 3073 3884 enim
3099 3826 3186 3884 hic
3210 3824 3293 3885 bis
3319 3831 3524 3885 Domini
3548 3830 3739 3887 laciem

2151 3906 2556 3961 commemorat,
2585 3898 2758 3967 palam
2785 3909 2869 3953 est
2910 3914 3032 3954 eum
3074 3900 3247 3955 Patris
3294 3901 3483 3956 faciem
3539 3902 3733 3956 Filium

2152 3967 2357 4033 dicere,
2381 3976 2437 4021 et
2465 3967 2590 4041 Filii
2617 3968 2883 4041 Spiritum
2917 3979 3158 4024 sant-tum
3185 3990 3199 4025 :
3233 3972 3303 4025 ita
3333 3980 3393 4025 ut
3417 3973 3731 4041 prophetica

2152 4051 2430 4111 εει-1177111111
2470 4039 2630 4094 modo
2660 4055 2754 4111 per
2789 4039 3056 4111 Unigeniti
3080 4039 3533 4108 adventum,‘sed
3572 4044 3736 4098 etiam

2151 4122 2249 4183 per
2278 4109 2695 4183 Spiritussancti
2724 4109 2923 4183 donum
2950 4112 3212 4183 solvatur.
3239 4112 3422 4181 Neque
3449 4114 3593 4168 enim
3615 4123 3738 4183 past

2151 4179 2441 4253 adventum
2462 4181 2656 4253 Christi
2683 4181 2990 4252 prophetias
3009 4180 3077 4236 de
3098 4183 3190 4238 illo
3212 4179 3509 4253 intelligere
3530 4179 3739 4252 potuis-

2151 4260 2291 4312 sent,
2324 4250 2424 4307 nisi
2462 4250 2566 4305 illis
2608 4250 2862 4320 Spiritum
2912 4261 3155 4307 sanctum
3206 4250 3477 4309 dedisset:
3508 4250 3562 4309 id
3607 4270 3737 4310 vero

2150 4320 2657 4393 Christusdeclarat
2680 4324 2759 4377 sic
2790 4324 2909 4377 illos
2936 4323 3209 4393 alloquens
3241 4342 3254 4379 :
3291 4323 3336 4378 0
3358 4324 3498 4379 stulti
3523 4333 3571 4379 et
3598 4326 3733 4379 tardi

2150 4394 2301 4466 corde
2348 4392 2413 4444 ad
2442 4392 2851 4466 intelligendum
2876 4394 2927 4466 in
2968 4392 3199 4466 omnibus
3231 4410 3344 4465 qua:
3371 4397 3564 4466 loquuti
3616 4406 3734 4450 sunt

2151 4464 2413 4552 prophetae
2432 4461 2696 4552 (ξιξ-1124.
2726 4464 2820 4552 ξὶὸ)
2834 4464 2856 4552 1
2884 4465 2939 4520 6.
2962 4461 3402 4552 Annuntiaserunt
3421 4461 3551 4552 ῥωιί-
3562 4466 3727 4552 justi-

2153 4534 2275 4608 tiam
2297 4535 2425 4608 ejus,
2441 4543 2487 4586 et
2512 4534 2739 4608 viderunt
2762 4534 2934 4608 omnes
2954 4537 3130 4607 pepuli
3143 4537 3358 4608 gloriam
3384 4538 3511 4606 ejus.
3534 4534 3735 4591 Etiam-

2152 4607 2197 4659 si
2225 4604 2343 4659 caeli
2375 4619 2524 4675 saepe
2546 4605 2811 4675 justitiam
2854 4604 2969 4674 Dei,
2993 4604 3044 4661 id
3069 4604 3160 4663 est
3175 4604 3447 4663 Christum
3470 4647 3488 4673 ,
3525 4623 3734 4661 annon.

2151 4678 2419 4730 tias-erunt
2447 4694 2459 4729 :
2491 4692 2555 4729 cx
2603 4675 2749 4731 ctulis
2799 4678 2941 4732 enim
2982 4676 3156 4732 delata
3196 4687 3279 4732 cst
3316 4692 3418 4733 vox
3457 4697 3471 4733 :
3517 4676 3619 4730 Hic
3659 4687 3733 4731 est

2150 4745 2320 4819 Filius
2350 4764 2487 4799 meus
2512 4748 2723 4802 dilectus
2752 4748 2963 4817 (Matth.
2992 4749 3047 4804 5.
3074 4750 3158 4803 17.
3190 4761 3237 4802 et
3268 4749 3354 4803 l7.
3376 4748 3471 4819 5);
3504 4764 3610 4802 non
3641 4763 3732 4802 so-

2150 4818 2259 4873 lum
2292 4818 2346 4871 in
2374 4819 2718 4887 baptismate,
2738 4820 2831 4873 sud
2858 4821 3017 4873 etiam
3049 4821 3100 4873 in
3128 4819 3397 4873 Thaborio
3418 4818 3637 4873 monte:
3665 4834 3733 4873 ac

2152 4905 2363 4944 rursum
2389 4890 2602 4944 Chrtsm
2628 4890 2695 4943 ad
2734 4889 2946 4943 Patrem
2974 4891 3261 4951 clamante,
3289 4889 3473 4947 Pater.
3499 4890 3727 4957 clariﬁm

2150 4958 2347 5016 Filium
2387 4968 2550 5031 tuum,
2578 4975 2681 5015 vox
2719 4961 2967 5031 quaedam
3005 4961 3077 5015 de
3116 4960 3262 5015 caelis
3288 4958 3632 5031 mouebatur,
3667 4958 3734 5015 Et

2148 5030 2450 5101 gloriﬁcaoi,
2481 5040 2527 5085 et
2559 5030 2763 5084 rursum
2788 5031 3077 5100 clariﬁcabo
3101 5031 3278 5100 (Joan.
3312 5031 3397 5085 12.
3423 5030 3517 5096 38)
3546 5050 3561 5085 :
3592 5040 3733 5083 atta-

2151 5100 2276 5159 men
2325 5100 2442 5154 caeli
2490 5114 2802 5157 euarrantes
2844 5101 3105 5172 justitiam
3161 5101 3277 5165 Dei,
3328 5104 3539 5171 proprie
3602 5111 3734 5155 sunt

2150 5172 2377 5240 apostoli
2408 5190 2421 5225 :
2453 5186 2625 5241 neque
2654 5173 2798 5227 enim
2844 5182 3001 5228 erant
3042 5172 3242 5228 terreni
3265 5213 3280 5237 ,
3309 5172 3403 5226 sed
3449 5172 3694 5227 caelestes
3713 5213 3730 5237 ,

2152 5242 2381 5312 ideoque
2406 5242 2521 5297 casti
2544 5242 2904 5312 appellantur.

2168 5354 2195 5385 .7
2226 5313 2282 5366 2.
2324 5314 2417 5369 llis
2446 5327 2578 5385 vero
2601 5313 3070 5379 annuntiantibus,
3109 5327 3297 5385 omnes
3321 5313 3504 5385 populi
3527 5312 3732 5368 Christi

2186 5384 2376 5439 loriam
2406 5384 2653 5439 viderunt
2680 5403 2694 5439 :
2722 5398 2844 5440 cum
2869 5394 3154 5440 cernerent
3189 5384 3468 5439 illiteratus
3489 5393 3737 5439 oratores

2170 5454 2350 5525 'actos,
2387 5454 2764 5524 daemonasque
2796 5455 3156 5523 apostolorum
3194 5455 3380 5509 umbra
3421 5456 3644 5525 fugatos.
3678 5456 3733 5507 7.

2149 5524 2537 5597 Confundantur
2554 5541 2735 5597 omnes
2749 5526 2835 5596 qui
2857 5526 3074 5579 adorant
3086 5526 3373 5597 isculptilia,
3396 5524 3495 5594 qui
3508 5524 3738 5596 gloriam

2150 5608 2231 5650 tur
2261 5595 2311 5649 in
2337 5596 2485 5651 idolis
2523 5597 2649 5650 suis.
2693 5595 2807 5650 Non
2852 5605 3054 5651 tantum
3082 5596 3116 5649 ii
3143 5596 3233 5664 qui
3275 5596 3444 5665 legem
3479 5595 3733 5665 scriptam

2151 5677 2472 5736 acceperunt
2510 5666 2578 5722 de
2614 5665 2772 5721 idolis
2796 5666 3111 5722 manufactis
3147 5667 3467 5722 erubescere
3495 5666 3691 5721 debent
3713 5705 3732 5731 ,

2150 5739 2244 5793 sed
2275 5740 2443 5808 ctiam
2474 5736 2510 5792 ii
2551 5737 2641 5808 qui
2685 5737 2855 5808 legem
2888 5737 3085 5792 habent
3112 5737 3428 5793 naturalem.
3454 5738 3550 5791 Cui
3589 5737 3733 5790 enim

2152 5826 2256 5864 nou
2281 5807 2617 5864 manifestum
2636 5807 2859 5874 est,’Dei
2882 5809 3047 5863 solius
3066 5822 3186 5862 esse
3210 5808 3350 5877 quod
3373 5808 3566 5863 faciat?
3588 5810 3733 5874 Quo-

2220 5904 2236 5935 ¹
2272 5901 2479 5965 Vulgata
2499 5900 2665 5964 habet,
2690 5898 2773 5965 qui
2795 5899 2968 5952 Urbem
2988 5905 3244 5951 concitant.
