4094 6368
0 502 20 550 τι
35 487 83 536 ia

0 561 24 605 ει
47 559 84 607 ξε-

0 643 83 694 ab

0 740 14 817 ἶ
27 741 81 821 ΣΞ

0 844 81 901 ξέρ

4 1003 79 1047 τες-

0 1041 77 1106 Ξῖὲ·

1 1128 78 1194 ψ

465 329 572 385 ΤΠ
1787 326 1851 384 ΙΝ
1891 327 2032 384 PSAI

2137 328 2206 386 IM
2246 327 2448 387 XCVII.
3657 330 3764 385 1‘75

469 444 629 500 modo
671 459 798 513 ergo
828 441 968 498 Deus
998 453 1216 498 voretur
1263 442 1403 513 quod
1449 443 1515 498 ab
1555 443 1662 498 alio
1689 442 1885 498 factum
1929 443 2054 497 est?

466 518 592 569 Sive
616 530 745 584 ergo
771 515 1031 583 quispiam
1057 513 1280 578 adoret,
1307 514 1418 568 sive
1447 529 1552 568 non
1579 515 1797 578 adoret,
1819 513 1912 568 sed
1941 514 2054 582 glo-

467 587 666 651 rietttr,
699 593 881 652 utpote
917 586 1006 654 qui
1035 584 1220 638 fecerit
1242 600 1303 637 ea
1340 601 1458 653 qua:
1488 587 1556 638 ab
1588 585 1696 638 alio
1719 584 2049 646 adorentur;

468 657 556 709 ille
582 671 792 724 quoque
822 654 1010 723 dignus
1046 656 1134 724 qui
1172 655 1373 724 pudore
1411 654 1675 709 afﬁciatur
1696 696 1711 720 ,
1744 664 1926 724 utpote
1963 657 2050 721 qui

463 741 626 795 grave
669 725 1041 780 oﬁendiculum
1072 727 1122 778 in
1150 727 1310 780 vitam
1355 736 1588 780 nostram
1633 726 1911 780 invexerit.
1941 725 2044 778 Ad-

466 806 608 850 orate
621 812 756 857 eum,
779 812 951 850 omnes
973 797 1139 866 angeli
1162 797 1288 865 ejus.
1303 796 1615 852 Necessario
1641 795 1724 850 hic
1746 796 2050 865 angelorum

463 866 828 921 adorationem
853 866 1076 932 induxit,
1094 876 1150 922 ut
1170 882 1236 920 ne
1255 867 1632 923 erubescamus
1648 868 1813 922 Deum
1829 867 2052 921 adorare

465 953 624 1005 quem
653 935 879 991 adorant
910 938 1082 1007 angeli
1109 977 1124 1001 ,
1165 938 1428 1007 simulque
1461 938 1694 993 sciamus
1715 979 1732 1003 ,
1777 952 1873 991 nos
1899 977 1914 1007 ,
1959 937 2049 1005 qui

470 1009 637 1078 Deum
666 1007 949 1061 adoramus
973 1006 1066 1072 ,iin
1095 1006 1400 1078 angelorum
1438 1008 1680 1062 ordinem
1719 1006 2048 1078 ascendere:

466 1077 531 1130 ad
561 1077 676 1133 haec
703 1078 830 1132 item
853 1117 868 1142 ,
893 1077 1203 1147 angelorum
1232 1093 1352 1133 esse
1389 1081 1613 1134 adorare
1633 1120 1652 1147 ,
1682 1094 1784 1132 non
1811 1077 2043 1132 adorari.

464 1148 578 1202 Non
605 1162 733 1219 ergo
756 1147 1026 1202 daemones
1045 1149 1320 1216 adorandi,
1351 1149 1439 1217 qui
1461 1165 1525 1202 cx
1547 1150 1852 1219 angelorum
1876 1147 2049 1216 digni-

465 1226 572 1272 tate
597 1217 796 1286 delapsi
816 1227 958 1271 sunt.
991 1219 1043 1273 8.
1075 1219 1295 1285 Audiuit,
1321 1229 1365 1273 et
1393 1219 1562 1273 lanata
1579 1217 1652 1274 est
1680 1219 1842 1282 Sion,
1890 1229 1935 1272 et
1956 1234 2041 1270 ea:-

463 1290 776 1360 sttltauerunt
804 1289 928 1357 ﬁlice
951 1287 1150 1344 Judwte
1184 1299 1389 1360 propter
1406 1290 1604 1359 judicia
1632 1300 1717 1343 tua
1739 1330 1756 1355 ,
1803 1288 2035 1360 Domine.

467 1359 644 1430 Filias
669 1357 869 1430 Judazte
905 1373 1092 1430 omnes
1127 1357 1220 1430 per
1260 1357 1442 1425 orbem
1490 1362 1756 1416 Ecclesias
1803 1359 2046 1423 vocavit,

466 1426 894 1499 quandoquidem
911 1426 1176 1485 confessio
1200 1432 1252 1485 in
1279 1431 1382 1486 illis
1407 1433 1576 1499 viget:
1599 1433 1676 1486 sic
1697 1431 1838 1486 enim
1865 1431 2047 1485 Iudaea

461 1499 782 1572 explicatur.
809 1498 913 1572 _S_ed
942 1500 1068 1554 Sion
1099 1502 1386 1569 praemisit,
1424 1498 1606 1572 utpote
1642 1502 2046 1572 primogenitum

466 1567 781 1640 Ecclesiam.
809 1569 953 1634 Haec,
989 1567 1180 1640 inquit,
1207 1572 1406 1626 audivit
1427 1567 1676 1628 et'lmtata
1698 1580 1780 1626 cst
1809 1567 2049 1624 {audivit

464 1638 860 1711 idololatrarum
893 1638 1268 1708 turpitudinem
1289 1683 1303 1703 .
1336 1653 1494 1711 atque
1537 1646 1695 1698 etiam
1735 1641 2044 1711 angelorum

462 1709 828 1764 adorationem
850 1751 865 1775 ,
897 1727 998 1780 qua
1033 1712 1196 1767 Deum
1223 1709 1478 1771 adorant:
1507 1715 1630 1779 jure
1663 1709 1840 1768 autem
1871 1711 2046 1766 hetata

461 1789 546 1852 est
564 1820 578 1841 ,
606 1780 727 1852 quia
750 1780 918 1852 Deum
943 1791 1198 1836 creaturae
1238 1792 1439 1852 patrem
1468 1785 1744 1838 adoratmn
1775 1784 1920 1837 colit.
1950 1782 2044 1837 Fi-

461 1847 651 1918 lizeque
675 1849 873 1922 Iudaea:
897 1892 911 1914 ,
958 1868 1088 1922 quas
1116 1847 1252 1908 esse
1289 1854 1514 1909 dicimus
1560 1854 1856 1917 Ecclesias,
1889 1853 2044 1920 hujus

464 1922 750 1991 participes
791 1921 1020 1985 Itetitiaé,
1046 1922 1164 1991 jure
1208 1925 1624 1979 exsultaverunt.
1674 1925 1877 1980 Iudicia
1912 1939 2044 1978 vero

465 1990 559 2064 Dei
586 1989 700 2045 hwc
719 2001 861 2064 sunt,
883 1993 1024 2049 circa
1048 1989 1168 2064 quae
1191 1995 1440 2064 gaudium
1461 1997 1651 2051 merito
1677 1995 2041 2049 antutntiatur.

460 2061 594 2140 Quia
619 2077 748 2132 ergo
777 2062 828 2140 ii_
853 2064 943 2133 qui
963 2061 1236 2140 sculptilia
1275 2065 1616 2140 adorantLet
1644 2067 1695 2140 i_n
1737 2065 1890 2119 idolis
1930 2067 2046 2140 glo-

460 2133 666 2186 riantur
687 2174 704 2197 ,
734 2148 762 2184 a
794 2133 903 2189 Deo
946 2133 1181 2189 damnati
1229 2135 1429 2203 pudore
1467 2136 1842 2191 sulfunduutur
1865 2177 1880 2198 ,
1930 2135 2043 2189 haec

457 2203 727 2276 quomodo
755 2203 889 2276 facta
911 2205 1036 2276 sint,
1067 2221 1130 2259 ex
1154 2207 1500 2276 sequentibus
1518 2208 1685 2261 disce.
1710 2207 1762 2262 9.
1791 2208 2042 2270 Quoniam

458 2281 512 2324 tu
540 2271 786 2327 Dominus
805 2273 1080 2330 altissimus
1098 2271 1248 2346 super
1267 2292 1465 2331 onmem
1492 2289 1698 2342 terram,
1723 2278 1873 2330 nimis
1901 2279 2043 2330 exal-

456 2351 589 2419 tatus
609 2361 661 2419 es
683 2361 836 2410 super
861 2361 1030 2399 omnes
1051 2347 1188 2400 deos.
1210 2349 1478 2419 Quoniam
1499 2363 1597 2419 per
1615 2363 1836 2419 crucem
1849 2346 2040 2400 factam

451 2411 708 2488 justitiam
740 2426 1142 2488 commemorat,
1171 2411 1391 2472 altitudo
1420 2411 1593 2472 autem
1617 2418 1882 2488 Unigeniti
1902 2432 2039 2488 crux

454 2493 577 2559 est:
610 2487 683 2538 ait
706 2487 872 2559 enim,
906 2485 1041 2559 Cum
1070 2489 1322 2559 eaaltatus
1351 2491 1515 2559 fuero,
1547 2485 1942 2544 omnes'traham
1971 2487 2040 2541 ad

453 2555 699 2621 meipsnm
751 2555 945 2626 (Joan.
983 2557 1070 2610 12.
1099 2558 1168 2612 52
1189 2560 1242 2626 ):
1276 2555 1729 2628 ne'quis'putaret
1768 2560 2037 2613 Christum

452 2639 556 2678 non
580 2635 737 2680 antea
778 2628 1064 2682 exaltatum
1107 2628 1307 2693 fuisse,
1349 2646 1454 2683 non
1496 2629 1656 2684 modo
1695 2630 1858 2683 altum
1884 2670 1900 2694 ,
1943 2628 2038 2683 sed

455 2695 616 2750 etiam
662 2697 976 2751 altissimum
1023 2714 1184 2766 super
1229 2715 1442 2755 omnem
1474 2710 1669 2755 terram
1713 2714 1834 2755 esse
1878 2700 2034 2754 dixit.

449 2766 583 2840 Qum
615 2782 741 2822 vero
772 2776 968 2840 terram
993 2769 1160 2834 dixit,
1187 2787 1252 2824 ex
1282 2781 1430 2840 parte
1459 2780 1627 2826 totum
1659 2785 1834 2826 rerum
1879 2771 2036 2840 opili-

449 2837 589 2891 cium
630 2839 938 2907 complexus
967 2849 1068 2894 est.
1114 2837 1358 2896 Attamen
1386 2842 1808 2910 superexaltatus
1832 2837 2038 2910 est'per

447 2922 661 2962 crucem
685 2917 868 2964 contra
894 2925 1080 2966 omnes
1109 2910 1258 2971 deos.
1287 2912 1490 2967 scilicet
1512 2912 1649 2966 falso
1689 2912 1767 2966 sic
1794 2911 2036 2965 nomina-

448 2987 531 3032 tos
560 2997 574 3033 :
605 2979 727 3049 quia
747 2995 906 3034 cruce
926 2980 1139 3051 dejecti,
1163 2985 1534 3050 experimento
1552 2982 1854 3036 didicerunt
1871 2996 2032 3050 quam

446 3051 690 3106 excelsus
715 3051 784 3105 sit
811 3051 968 3113 Deus,
1002 3052 1070 3104 ita
1101 3062 1155 3105 ut
1183 3067 1275 3119 per
1297 3053 1656 3107 inﬁrmitatem
1678 3093 1692 3114 ,
1721 3061 1779 3104 ut
1803 3051 2036 3121 putaba-

449 3130 555 3182 tur,
581 3135 674 3175 eos
694 3121 782 3190 qui
804 3131 1049 3190 potentes
1067 3122 1526 3186 existimabantur,
1552 3122 1914 3178 debellaverit.
1942 3121 2030 3177 I0.

449 3190 550 3258 Qui
570 3189 776 3262 diligitis
801 3189 1095 3258 Dominum,
1119 3193 1253 3246 odite
1276 3193 1429 3247 mala.
1453 3193 1522 3249 Ut
1543 3208 1728 3262 puram
1758 3193 2034 3248 inveniens

444 3262 785 3335 dilectionem
806 3303 822 3328 ,
851 3272 1116 3335 amatores
1148 3272 1205 3318 ut
1234 3277 1388 3335 vems
1416 3274 1470 3318 et
1503 3264 1766 3335 genuinos
1783 3262 2028 3332 comple-

443 3340 662 3404 ctatur:
696 3331 766 3404 ita
799 3341 853 3404 ut
877 3333 1117 3404 quisquis
1141 3349 1201 3389 se
1220 3333 1348 3387 dicit
1379 3331 1542 3389 Deum
1565 3334 1807 3402 diligere,
1841 3331 2028 3404 nequi.

445 3349 618 3386 ctatur
649 3351 662 3386 :
696 3349 766 3386 ua
799 3349 853 3386 ut
877 3349 1117 3457 qutsguts
1141 3349 1201 3389 se
1220 3349 1348 3387 utcu
1379 3349 1542 3389 ueutn
1565 3349 1807 3402 diligere,
1841 3349 2028 3404 nequi.

445 3402 532 3474 tite
559 3403 717 3474 etiam
756 3403 942 3458 leviter
962 3419 992 3457 a
1033 3403 1236 3469 dictus,
1269 3411 1360 3458 aut
1383 3404 1684 3474 quampiam
1711 3419 1890 3459 rerum
1929 3418 2033 3456 str-

441 3473 703 3527 eularium
746 3488 970 3537 amans,
1027 3475 1260 3543 seipsum
1315 3473 1564 3542 decipiat.
1613 3474 1745 3529 Nam
1803 3474 2034 3529 Amicitia

443 3544 619 3602 mundi
656 3545 806 3614 hujus
834 3545 1096 3600 inimicitia
1130 3546 1184 3598 in
1213 3544 1374 3598 Deum
1414 3556 1508 3608 est,
1545 3546 1621 3599 ait
1649 3544 1900 3600 Iacobus.
1929 3544 2032 3599 Cu-

443 3615 599 3669 stodit
652 3613 900 3669 Dominus
947 3615 1141 3669 animas
1179 3625 1468 3670 sanctorum
1506 3632 1741 3681 suorum,
1781 3615 1843 3669 de
1877 3632 2032 3670 manu

442 3687 720 3753 peccatoris
768 3685 992 3740 liberabit
1033 3686 1169 3742 illas.
1230 3687 1305 3740 En
1359 3687 1571 3756 quantis
1612 3687 1764 3741 bonis
1807 3685 2032 3741 irnimttr

439 3773 504 3810 ex
529 3771 659 3826 pura
688 3756 969 3812 dilecﬁone
998 3772 1119 3826 erga
1144 3758 1327 3810 Deum.
1359 3756 1536 3812 Sancti
1563 3758 1703 3811 cuitn
1734 3756 2027 3820 efﬁcimur,

440 3834 496 3881 et
533 3827 804 3882 custodem
847 3827 1107 3882 habemus
1147 3827 1313 3882 Deum
1357 3829 1602 3881 maxima:
1638 3828 2023 3896 possessionis,

438 3897 632 3951 animze
680 3907 913 3960 nostrm,
965 3906 1022 3952 ut
1063 3914 1166 3952 non
1214 3900 1382 3953 simus
1433 3898 1532 3953 sub
1579 3914 1735 3952 manu
1787 3898 2024 3953 inimici:

441 3969 580 4036 quod
602 3967 646 4022 si
674 3967 808 4023 forte
835 3969 1106 4032 fuerimus,
1133 3985 1235 4022 non
1260 3983 1356 4022 nos
1375 3969 1615 4039 despicit,
1635 3969 1726 4023 sed
1754 3984 1849 4022 nos
1869 3970 2026 4037 eruit,

442 4039 785 4108 interpellans
841 4053 968 4092 vere
1015 4050 1348 4108 peccatorem
1396 4051 1451 4093 et
1487 4039 1720 4093 radicem
1781 4042 2024 4108 pet-cati,

440 4107 713 4163 diabOIum
741 4124 756 4172 ;
787 4109 938 4164 nobis
965 4107 1141 4162 autem
1170 4124 1384 4162 manum
1423 4109 1649 4179 porrigit
1678 4119 1734 4162 ut
1763 4107 2026 4178 fugiamus

439 4195 562 4233 eum
589 4179 676 4259 qui
701 4179 878 4263 inique
903 4179 1340 4263 iri-tios'itisu'rgit:
1371 4177 1458 4233 11.
1490 4177 1608 4263 Lua:
1630 4177 1839 4263 ortaest
1856 4182 2022 4263 justo,

439 4261 484 4303 et
506 4251 652 4304 rectis
680 4249 830 4304 corde
854 4249 1050 4302 laetitia.
1076 4249 1184 4303 Lex
1206 4249 1294 4302 Dei
1319 4249 1531 4303 lucerna
1552 4259 1607 4304 et
1633 4251 1718 4304 lux
1743 4249 1898 4316 justis
1917 4260 2020 4305 est.

438 4322 774 4390 Quapropter
814 4319 936 4374 alibi
983 4318 1110 4373 dicit
1146 4319 1308 4373 David
1341 4337 1354 4371 :
1384 4317 1614 4390 Lucerna
1652 4321 1860 4390 pedibus
1901 4322 2024 4390 meis

439 4388 641 4462 uerbum
659 4388 824 4462 tuum.
845 4399 895 4444 et
925 4390 1092 4462 lumen
1113 4391 1300 4462 semitis
1327 4389 1491 4461 meis.(
1517 4388 1679 4462 Psalle
1695 4391 1716 4444 I
1735 4391 1814 4462 l8.
1849 4391 1952 4462 105
1972 4388 2016 4462 ).

438 4461 488 4515 Is
515 4462 628 4528 ipse
658 4461 818 4517 rectis
846 4461 1005 4517 corde
1027 4501 1042 4525 ,
1074 4460 1320 4516 videlicet
1348 4460 1494 4514 recte
1534 4460 1895 4529 gradientibus
1926 4460 2021 4516 la:-

439 4533 606 4611 titiatn
635 4531 768 4611 indit
790 4547 810 4589 ι
831 4532 969 4585 viam
992 4531 1266 4611 enim_._illis
1285 4572 1299 4594 ,
1329 4545 1489 4611 quam
1516 4539 1724 4611 optant,
1751 4532 1983 4611 ostendit
2001 4573 2018 4598 ,

436 4612 492 4656 et
517 4601 582 4656 ad
613 4603 836 4657 virtutes
860 4644 875 4667 ,
912 4618 1044 4670 quas
1071 4602 1219 4656 adire
1245 4601 1462 4656 student
1483 4640 1499 4665 ,
1549 4601 1749 4656 invitat.
1785 4603 1862 4654 'I‘u
1891 4617 2022 4657 vero

440 4673 622 4728 lucem
653 4675 914 4728 orientem
946 4671 1280 4741 Unigenitum
1324 4686 1445 4741 esse
1489 4672 1718 4739 intellige
1743 4713 1758 4733 .
1805 4671 1872 4726 de
1911 4688 2020 4741 quo

435 4742 670 4798 Joannes
698 4744 1000 4811 'I‘heoIOgus
1037 4740 1289 4810 scripsit:
1325 4740 1512 4796 Omnia
1556 4758 1642 4809 per
1680 4743 1847 4811 ipsum
1887 4740 2021 4812 facta

433 4825 548 4871 sunt
568 4857 583 4878 ,
616 4826 663 4868 et
690 4817 798 4869 sine
821 4817 932 4882 ipso
974 4817 1164 4882 factum
1192 4823 1263 4866 est
1292 4813 1425 4870 nihil
1444 4815 1580 4882 quod
1610 4815 1792 4882 factum
1820 4823 1914 4866 est.
1951 4813 2019 4867 In

433 4885 543 4952 ipso
564 4885 662 4938 uita
682 4899 820 4948 erat,
841 4896 888 4938 et
909 4886 1006 4938 vita
1029 4893 1136 4937 erat
1166 4885 1255 4954 lux
1274 4884 1532 4936 hominum
1553 4883 1731 4952 (Joan.
1765 4885 1816 4937 1.
1846 4884 1900 4937 5.
1923 4892 1956 4938 4
1974 4885 2015 4954 ).

433 4955 768 5025 Quapropter
797 4957 969 5024 ipsum
996 4953 1270 5009 Malachiel
1293 4954 1458 5008 solem
1487 4954 1724 5025 vocavit.
1754 4963 1808 5008 et
1831 4969 2018 5022 quem-

432 5023 718 5080 admodum
747 5023 930 5090 David,
959 5026 1128 5093 ipsutn
1158 5026 1416 5078 oriturum
1446 5039 1564 5078 esse
1584 5023 1746 5093 justis
1775 5025 2016 5079 declara-

432 5099 544 5155 vit;
590 5098 662 5150 ait
687 5098 828 5151 enim
857 5113 872 5148 :
908 5095 1110 5150 Orietur
1144 5095 1278 5148 vobis
1318 5093 1599 5148 timentibus
1635 5093 1907 5147 Dominum
1942 5096 2020 5150 sol

422 5168 658 5236 justitite,
689 5179 735 5220 et
773 5167 968 5220 medela
1003 5167 1056 5219 in
1093 5166 1188 5218 alis
1227 5167 1334 5230 eius
1363 5163 1536 5235 (Mal.
1561 5165 1619 5236 74.
1648 5163 1745 5236 2).
1776 5164 2013 5236 12142·

431 5238 630 5298 tauu'ni,
652 5237 804 5305 justi,
828 5238 878 5289 in
903 5237 1140 5290 Domino.
1172 5236 1316 5289 Beati
1349 5236 1415 5289 ob
1436 5235 1684 5304 gaudium
1717 5245 1838 5288 sunt
1861 5235 2010 5301 justi.

433 5307 488 5362 In
522 5308 672 5362 nullo
695 5310 836 5362 enim
885 5307 1186 5360 mortalium
1218 5307 1589 5374 tluxorumque
1635 5306 1892 5360 bonorum
1921 5305 2013 5360 Ite-

434 5388 646 5442 tantur,
678 5378 770 5432 sed
802 5379 853 5432 in
888 5377 1031 5440 Ileo,
1067 5377 1117 5429 in
1147 5390 1253 5444 quo
1287 5377 1447 5428 Omne
1483 5375 1656 5428 datum
1697 5378 1939 5441 optimum
1966 5387 2015 5431 et

430 5465 576 5502 omne
601 5449 791 5501 donum
817 5447 1099 5519 perfectum
1117 5446 1380 5519 desursum
1399 5454 1490 5508 cst,
1513 5455 1571 5519 u_t
1586 5461 1648 5500 ex
1674 5445 1908 5519 Epistola
1928 5446 2018 5502 Ia-

427 5520 546 5573 cobi
575 5519 728 5588 (Cap.
760 5515 890 5573 1.ὐ.
923 5518 988 5571 17
1011 5516 1300 5588 λιιίιῌοίειὶ.
1333 5515 1398 5569 Et
1433 5515 1738 5584 conﬁtemini
1766 5519 2018 5572 memoria:

427 5586 841 5658 sanctiﬁcationis
853 5589 983 5658 ejus.
1003 5586 1402 5658 Coufessionetn
1420 5588 1532 5658 sive
1551 5589 1837 5658 gratiarum
1859 5589 2019 5643 aetio-

430 5678 547 5714 netn
573 5657 772 5714 dixeris
793 5657 905 5714 sive
925 5658 1238 5714 delictorum
1277 5657 1666 5712 confessionem
1699 5675 1710 5710 :
1741 5660 1854 5712 Inec
1873 5663 2016 5712 enim

427 5736 593 5786 etiam
617 5731 776 5800 justis
804 5729 1091 5800 competit;
1123 5729 1372 5800 quoniam
1401 5728 1576 5800 nullus
1605 5731 1707 5782 erit
1734 5729 1824 5800 qui
1849 5731 2010 5793 vivet,

428 5814 481 5858 ot
511 5799 910 5874 noulpeccabit.
937 5799 1252 5863 Necessario
1279 5808 1454 5854 autem
1495 5799 1570 5862 ad~
1588 5799 2010 5861 recordationem

2164 442 2278 497 sive
2297 443 2858 497 commemorationem
2883 443 3176 498 sanctitatis
3191 441 3282 496 Dei
3306 440 3562 504 procedit.
3587 440 3761 511 Opor-

2163 522 2237 568 tet
2263 514 2404 568 enitn
2433 514 2530 582 ipsi
2561 517 2756 583 gratias
2781 529 2979 582 agere;
3012 514 3150 583 quod
3179 514 3340 567 etiam
3363 513 3606 568 homines
3632 529 3761 566 san-

2157 584 2804 653 ctiﬁcationisparticipes
2829 585 3094 639 olfecerit:
3117 600 3209 652 par
3233 591 3314 637 est
3333 584 3492 637 etiam
3515 583 3757 637 homines

2157 669 2278 708 sese
2303 665 2609 722 peccatores
2627 655 2890 710 conﬁteri.
2907 654 3262 722 .Quantutnvis
3283 654 3424 708 enim
3442 654 3617 722 justus
3639 656 3756 722 quis

2157 723 2334 788 fuerit,
2367 735 2704 793 comparatus
2734 742 2868 778 cum.
2899 726 3318 778 sanctilicatione
3347 724 3434 777 Dei
3454 765 3467 786 ,
3504 735 3752 792 peccator

2154 794 2601 863 deprehenditur;
2624 797 2692 849 ita
2713 807 2768 850 ut
2785 795 2946 850 Isaias
2966 797 3104 850 dicat
3130 814 3143 849 :
3166 795 3344 849 Omnis
3357 795 3561 864 justitia
3583 808 3754 848 nostra

2153 865 2283 920 sicut
2307 882 2508 935 pannus
2531 877 2854 920 menstruam:
2871 867 2924 920 in
2957 876 3226 935 conspectu
3248 875 3333 918 tuo
3355 863 3507 933 (lsai.
3531 864 3621 920 64.
3650 868 3683 920 li
3705 866 3745 934 ).

2429 981 2481 1035 1.
2525 980 2726 1039 Davidi.
2768 980 3008 1036 Alleluia.
3055 979 3292 1035 Psalmus
3331 996 3489 1035 xcvtt.

2228 1073 2280 1127 I.
2316 1072 2432 1127 Non
2463 1074 2579 1129 sine
2607 1088 2766 1127 causa
2789 1072 2976 1126 Davidi
3002 1073 3242 1126 Psalmtts
3273 1072 3582 1126 inscribitur
3606 1091 3620 1126 :
3649 1077 3743 1129 sed

2154 1145 2277 1215 quia
2310 1146 2561 1215 mysteria
2589 1144 2787 1198 Christi
2813 1143 3149 1215 prmnuntiat.
3179 1160 3336 1214 quem
3368 1159 3463 1212 per
3491 1144 3744 1199 Davidcm

2154 1213 2555 1284 intelligendum
2598 1229 2718 1270 esse
2765 1214 3010 1269 Ezechiel
3060 1213 3317 1283 propheta
3345 1256 3360 1280 ,
3411 1215 3520 1268 imo
3572 1218 3746 1282 potius

2151 1282 2636 1357 Spiritus_sanctus
2661 1285 2735 1357 in
2787 1286 2903 1353 ipso
2949 1282 3178 1353 loquens
3215 1287 3358 1340 clare
3399 1285 3596 1339 inditat
3628 1304 3640 1339 :
3675 1289 3743 1357 ait

2151 1355 2295 1426 eaim
2324 1373 2336 1405 :
2365 1353 2435 1408 Et
2459 1356 2710 1408 suscitabo
2730 1357 2867 1408 vobis
2895 1367 3144 1426 pastorem
3169 1372 3364 1408 servum
3394 1372 3557 1408 meum
3579 1354 3746 1420 David

2152 1424 2364 1495 (Επειδὴ.
2395 1427 2483 1480 54.
2506 1426 2621 1494 25).
2648 1427 2806 1494 Atqui
2837 1424 2998 1480 David
3030 1426 3212 1480 multis
3237 1435 3361 1481 ante
3387 1429 3743 1495 gent-rationi,

2150 1493 2250 1550 bus
2276 1507 2518 1550 mortuus
2537 1507 2650 1550 erat
2681 1514 2692 1548 :
2724 1493 2819 1551 Sed
2847 1496 3097 1550 Davidcm
3123 1506 3274 1551 vocat
3299 1496 3565 1550 Christum
3590 1516 3604 1562 ;
3637 1493 3738 1561 nou

2151 1566 2310 1620 tnodo
2337 1575 2393 1618 ut
2417 1583 2481 1621 ex
2513 1567 2708 1621 Davide
2733 1578 2909 1621 ortum
2930 1610 2945 1634 ,
2978 1567 3072 1621 sed
3101 1569 3258 1621 etiam
3293 1576 3348 1620 ut
3375 1583 3586 1632 regem;
3620 1584 3738 1634 εοντ

2148 1650 2273 1690 vum
2303 1647 2478 1690 autem
2501 1678 2513 1696 .
2547 1647 2730 1705 utpote
2757 1639 2847 1706 qui
2874 1638 3011 1691 servi
3043 1637 3269 1692 fomlam
3298 1639 3581 1706 acceperit.
3618 1639 3742 1706 Ideo

2149 1722 2292 1761 nunc
2339 1721 2443 1762 non
2487 1707 2702 1762 Davidis
2747 1708 2988 1763 Psalmus
3037 1708 3377 1772 inscribitur,
3412 1710 3504 1762 sed
3529 1707 3737 1764 Davidi.

2148 1776 2359 1832 Cantate
2379 1777 2598 1832 Domino
2624 1779 2878 1831 canticum
2902 1795 3104 1831 novum.
3133 1778 3345 1845 Quare?
3373 1777 3503 1842 Quia
3529 1781 3736 1845 mirabif

2147 1848 2218 1919 lia
2249 1849 2384 1917 fecit.
2417 1848 2530 1906 Hoc
2553 1859 2634 1903 est
2654 1864 2782 1918 ergo
2809 1850 2928 1903 novi
2955 1839 3566 1919 candebat-gementum,
3593 1839 3736 1919 quod

2150 1916 2690 1990 Dominus‘mirabilia
2721 1916 2897 1984 iaciat,
2927 1921 3008 1974 vel
3039 1918 3395 1990 Prodigiaqu
3421 1916 3736 1990 interpreta-
3769 1916 3776 1924 ’

2150 1997 2236 2061 tus
2281 1998 2366 2044 est
2406 1987 2777 2061 Symmachus.
2823 1990 3079 2055 Qumnam
3122 1989 3246 2061 illa?
3297 1987 3734 2061 saluauiti'ipsum

2144 2058 2350 2131 dcaztera
2378 2058 2486 2131 ejus
2513 2071 2559 2114 et
2600 2061 2856 2114 brachium
2899 2060 3297 2130 sanctumejus.
3348 2060 3550 2129 Ecquid
3588 2058 3760 2130 illud,

2144 2130 2606 2198 miraeulihabet,
2656 2131 2755 2185 nisu
2786 2131 2926 2201 quod
2957 2131 3122 2186 homo
3147 2131 3216 2186 ob
3242 2131 3491 2201 nequitiae
3533 2147 3725 2188 exces-

2142 2214 2260 2271 sum
2309 2202 2459 2271 quasi
2501 2200 2814 2270 desperatus
2841 2202 3026 2257 esset?
3071 2201 3144 2256 Ita
3184 2209 3242 2254 ut
3284 2200 3446 2255 Isaias
3481 2201 3720 2257 diceret:

2147 2269 2309 2325 Omne
2329 2269 2486 2342 eaput
2527 2272 2580 2325 in
2603 2269 2830 2325 laborem
2852 2313 2867 2332 ,
2912 2283 2959 2326 et
3001 2288 3146 2325 omne
3182 2287 3270 2324 cor
3305 2271 3360 2323 in
3398 2272 3642 2327 dolorem.
3680 2276 3727 2328 Λ

2142 2343 2349 2410 pedibus
2376 2359 2534 2411 usque
2568 2343 2636 2395 ad
2661 2353 2815 2411 caput
2843 2359 2944 2396 non
2971 2352 3046 2397 est
3083 2342 3137 2396 in
3175 2358 3232 2394 eo
3257 2342 3447 2396 sanitas
3471 2384 3486 2406 ,
3530 2361 3630 2397 non
3656 2357 3733 2407 est

2141 2413 2352 2484 vulnus,
2384 2430 2486 2467 non
2509 2413 2683 2474 uibex,
2713 2429 2813 2467 non
2849 2414 3004 2484 plaga
3044 2422 3258 2484 tumens.
3292 2411 3413 2466 Non
3439 2423 3599 2484 potest
3625 2432 3725 2467 em-

2177 2481 2390 2554 lastrum
2416 2483 2642 2554 apponi,
2685 2500 2786 2537 non
2830 2481 2995 2537 oleum
3013 2525 3039 2549 μ
3061 2500 3163 2554 non
3205 2481 3447 2553 ligamina
3479 2483 3642 2553 (Isai.
3671 2487 3734 2550 I,

2179 2590 2194 2606 .
2221 2552 2310 2622 6).
2345 2552 2508 2608 David
2534 2569 2663 2610 vero
2691 2555 2768 2608 sic
2795 2573 2810 2609 :
2841 2555 3025 2608 Omnes
3055 2552 3446 2620 declinaverunt,
3475 2552 3624 2610 simul
3650 2557 3726 2610 in-

2139 2624 2286 2678 utiles
2327 2625 2450 2695 facti
2474 2633 2588 2680 sunt
2613 2640 2632 2678 :
2651 2641 2758 2695 non
2786 2634 2858 2679 est
2887 2626 2972 2694 qui
2998 2625 3151 2695 faciat
3178 2625 3448 2678 bonitatem
3470 2666 3486 2690 ,
3529 2643 3628 2680 non
3655 2637 3752 2690 cst...

2138 2710 2296 2765 usque
2328 2693 2406 2765 ad
2447 2693 2659 2765 unum.(
2677 2695 2820 2754 Psal.
2852 2693 2941 2750 15.
2968 2695 3065 2765 5.).
3108 2693 3220 2761 Qua
3255 2697 3304 2749 in
3338 2710 3396 2749 re
3424 2695 3642 2765 dextera
3671 2707 3727 2752 et
3743 2695 3755 2758 ξ’

2137 2763 2357 2820 brachio
2387 2764 2479 2820 Dei
2509 2763 2812 2822 necessario
2837 2780 2971 2834 opus
2999 2763 3124 2829 fuit,
3158 2765 3406 2820 videlicet
3435 2764 3723 2834 Uttigettitu

2137 2834 2274 2906 ejus.
2305 2834 2483 2906 Ipsum
2507 2835 2660 2890 enim
2677 2836 2926 2906 exprimit
2956 2845 3239 2904 utrumque
3259 2835 3456 2889 dictum
3485 2853 3498 2888 :
3527 2834 3594 2891 de
3613 2853 3749 2906 quo,

2137 2904 2297 2961 etiam
2337 2905 2498 2958 Isaias
2523 2906 2652 2961 dicit
2680 2924 2693 2959 :
2723 2905 2866 2960 Sicut
2894 2916 3066 2976 pastor
3087 2907 3330 2976 papulum
3356 2922 3502 2958 suum
3529 2904 3720 2976 pascet.

2135 2986 2183 3048 et
2211 2977 2414 3048 brachio
2441 2993 2546 3048 suo
2572 2976 2891 3048 congregabit
2918 2993 3076 3048 agnos
3104 2977 3121 3046 (
3137 2976 3262 3030 lsai.
3284 2977 3372 3031 40.
3407 2977 3465 3031 ll
3489 2978 3508 3046 )
3534 2995 3546 3029 :
3579 2979 3731 3046 quod,

2135 3045 2407 3101 brachium
2439 3045 2709 3114 psalmista
2739 3045 2844 3101 rion
2883 3047 2999 3102 sine
3024 3045 3182 3104 causa
3215 3057 3456 3102 sanctum
3490 3045 3730 3116 vocavit,

2135 3118 2230 3172 sed
2264 3117 2394 3171 illud
2420 3118 2472 3171 in
2503 3117 2712 3185 propria
2741 3118 2838 3172 sibi
2882 3118 3173 3173 substantia
3201 3116 3484 3172 ostendere
3511 3119 3723 3184 volens,

2134 3187 2266 3242 Illud
2290 3204 2417 3256 ergo
2435 3187 2706 3258 opiﬁcium
2731 3189 2868 3257 quod
2897 3189 3125 3258 perierat
3151 3189 3382 3243 servavit
3406 3207 3418 3240 :
3441 3187 3562 3242 Non
3583 3191 3720 3251 enim.

2135 3261 2264 3330 uenit
2285 3257 2522 3330 judicare
2547 3259 2810 3330 mundum,
2839 3259 2928 3313 sed
2955 3257 3152 3330 saluere
3180 3259 3424 3312 mundum
3444 3258 3627 3330 (Joan.
3653 3263 3715 3316 5.

2135 3329 2264 3400 17).
2296 3329 2448 3397 Quod
2480 3337 2658 3383 autem
2687 3328 2952 3400 Unigeuiti
2977 3329 3269 3400 adventum
3300 3328 3562 3400 propheta
3591 3332 3720 3390 sub-t

2133 3399 2334 3469 indicet
2360 3400 2544 3469 (solus
2587 3401 2732 3454 enim
2769 3403 2886 3469 ejus
2927 3399 3186 3456 adventus
3215 3399 3384 3469 genus
3425 3399 3716 3457 humanum

2131 3468 2383 3536 servat),
2417 3471 2466 3524 id
2518 3471 2680 3524 Isaias
2721 3468 2988 3541 declarat,
3024 3469 3144 3524 Non
3173 3468 3399 3541 legatus,
3447 3471 3722 3541 inquiens,

2132 3557 2234 3596 non
2258 3541 2506 3610 angelus;
2547 3541 2636 3594 sed
2673 3542 2782 3610 ipse
2815 3540 3066 3595 Dominus
3091 3540 3248 3595 veniet
3267 3582 3280 3603 ,
3310 3551 3356 3594 et
3383 3542 3594 3595 salvubit
3622 3561 3712 3599 nos

2177 3611 2307 3665 lsai.
2345 3611 2434 3666 65.
2479 3611 2597 3678 9);
2655 3611 2782 3666 illud
2835 3627 3046 3681 quoque
3089 3612 3366 3681 sequentia
3413 3611 3705 3668 declarant.

2173 3722 2185 3734 .
2210 3681 2264 3736 Ν
2269 3692 2403 3739 otum
2425 3683 2540 3753 fecit
2564 3681 2807 3738 Dominus
2825 3683 3048 3737 salutare
3065 3699 3233 3748 suum,
3259 3693 3376 3736 ante
3395 3694 3712 3753 conspectum

2129 3753 2348 3823 gentium
2393 3752 2628 3807 reuelauit
2668 3755 2912 3819 justitiam
2953 3769 3117 3806 suam.
3165 3753 3408 3807 Salutare
3458 3752 3524 3807 et
3549 3754 3709 3823 justi-

2131 3825 2260 3878 tiam
2281 3838 2424 3893 saepe
2441 3824 2710 3878 Christum
2737 3825 3036 3892 signiﬁcare
3059 3823 3171 3892 jam
3197 3832 3351 3877 antea
3381 3823 3577 3893 dictum
3604 3835 3708 3879 est.

2132 3895 2230 3950 Hic
2259 3892 2386 3949 vero
2427 3895 2854 3964 propheticarutn
2897 3894 3189 3948 dictionum
3218 3895 3486 3964 accuratio
3514 3892 3710 3963 depre-

2129 3963 2722 4034 henditur,iquomodo
2768 3964 2913 4033 prius
2953 3964 3126 4032 ipsum
3153 3974 3336 4019 notum
3360 4004 3375 4028 ,
3407 3963 3708 4034 deindeque

2127 4035 2420 4092 revelatum
2448 4033 2609 4088 fuisse
2636 4033 2862 4088 dicatur.
2893 4035 3072 4089 Primo
3098 4035 3340 4090 notitiam
3369 4035 3560 4089 indidit
3586 4033 3708 4105 pro-

2126 4106 2333 4176 pbetis,
2361 4105 2552 4176 quibus
2579 4105 2721 4176 illius
2762 4105 2994 4176 cognitio
3016 4105 3322 4176 ceneredita
3347 4115 3459 4176 est,
3489 4121 3555 4160 ex
3573 4121 3711 4176 ,spe-

2125 4174 2390 4231 culatione
2412 4174 2672 4245 Spiritus;
2703 4175 2775 4229 ita
2804 4183 2864 4229 ut
2905 4175 3017 4245 ipse
3056 4175 3312 4230 Dominus
3335 4175 3478 4232 dicat
3507 4193 3520 4228 :
3546 4174 3716 4231 Αὕτη..

2126 4248 2245 4300 ham
2274 4255 2415 4316 pater
2452 4255 2620 4300 noster
2647 4245 2909 4316 exsultauit
2945 4255 2998 4316 ut
3040 4245 3239 4316 uideret
3269 4247 3402 4300 diem
3426 4263 3595 4300 meum
3613 4289 3628 4313 ,
3659 4258 3716 4306 et

2123 4315 2282 4383 vidit,
2309 4327 2356 4371 et
2383 4317 2582 4385 gauisus
2621 4325 2695 4370 est
2728 4321 2747 4386 (
2772 4315 2928 4370 Joan.
2957 4315 3010 4371 8.
3041 4315 3111 4371 56
3131 4317 3170 4386 ).
3216 4316 3499 4374 Revelatus
3527 4327 3704 4373 autem

2123 4388 2354 4457 denique
2377 4395 2461 4442 est
2486 4402 2578 4456 per
2603 4401 2840 4457 earnem,
2870 4386 3192 4456 insuperque
3223 4401 3317 4457 per
3340 4388 3702 4456 apostolorum

2123 4457 2399 4524 miracula,
2445 4472 2564 4527 qua:
2611 4456 2879 4527 Uni'geniti
2924 4458 3173 4512 virtutem
3225 4456 3395 4527 palam
3443 4461 3698 4513 fecerunt.

2123 4527 2191 4584 In
2215 4525 2481 4598 conspectu
2508 4525 2761 4599 gentium.
2779 4525 2874 4586 Ba:
2900 4529 3044 4589 enim
3063 4525 3350 4587 credentes
3379 4528 3574 4583 Christi
3605 4530 3703 4583 atl-

2122 4610 2340 4654 ventum
2359 4607 2732 4669 susceperunt.
2761 4599 3010 4668 Alioquin
3038 4613 3188 4666 vero,
3218 4599 3342 4669 quia
3367 4599 3626 4653 adventus
3651 4601 3702 4654 in

2121 4685 2284 4725 carne
2323 4668 2465 4725 clara
2511 4667 2919 4725 demonstratio:
2943 4679 3027 4724 est
3079 4667 3344 4725 idolorum
3385 4670 3714 4733 destructio,

2122 4740 2436 4809 Unigenitus
2477 4739 2616 4794 haud
2655 4739 2817 4796 dubie
2852 4740 3078 4796 revelari
3111 4748 3287 4807 potest
3332 4741 3384 4794 in
3411 4750 3700 4808 conspectu

2121 4812 2376 4881 gentium.
2409 4811 2462 4866 5.
2492 4809 2801 4881 Recordatus
2836 4820 2906 4881 est
2950 4811 3309 4881 misericordia:
3343 4827 3450 4864 suae
3485 4809 3707 4881 Iacobo,

2123 4879 2166 4936 et
2205 4881 2426 4936 ueritatis
2463 4896 2570 4936 suae
2613 4880 2786 4935 domui
2829 4879 3012 4936 Israel.
3053 4880 3162 4936 Cur
3205 4897 3327 4946 nam
3347 4881 3476 4935 satis
3518 4879 3712 4938 habuit

2120 4953 2286 5007 Iacob
2309 4951 2508 5018 dicere,
2536 4951 2632 5006 sed
2659 4950 2878 5006 domum
2903 4952 3060 5007 Israel
3087 4951 3302 5022 adjecit,
3331 4953 3430 5006 nisi
3460 4957 3519 5008 ut
3541 4950 3704 5006 doce-

2122 5031 2223 5091 ret,
2251 5038 2374 5077 eum
2405 5021 2574 5093 ipsum
2605 5022 2694 5092 qui
2724 5037 2794 5093 ea
2835 5039 2954 5092 qua:
2981 5022 3090 5093 jam
3120 5021 3540 5092 prmuuntiantur
3566 5037 3701 5093 ope-—

2120 5106 2268 5149 ratus
2293 5102 2404 5156 est,
2432 5091 2688 5147 Iacobum
2720 5091 2968 5148 Israelem
2986 5091 3507 5163 ’eognominavisse?
3553 5092 3699 5158 Qua-

2119 5174 2334 5235 pr0pter
2359 5178 2480 5235 eum
2507 5163 2597 5217 illo
2636 5163 2966 5228 luctabatur,
2998 5175 3054 5218 ut
3083 5166 3461 5218 incarnationis
3491 5175 3696 5235 myste-

2119 5232 2255 5290 rium
2284 5232 2646 5303 prteﬁguraret
2674 5251 2686 5287 :
2718 5235 2897 5290 carnis
2929 5235 3072 5289 enim
3118 5243 3203 5288 est
3241 5235 3462 5299 luctari,
3501 5232 3563 5289 et
3595 5234 3700 5287 cir-

2121 5305 2424 5375 cumplecti.
2456 5303 2781 5359 Recordatus
2825 5306 3000 5374 itaque
3039 5314 3122 5359 est
3145 5306 3326 5361 Jacobi
3371 5313 3430 5359 et
3463 5304 3704 5367 Israclts,

2121 5387 2177 5432 et
2212 5377 2262 5430 in
2305 5375 2526 5444 gratiam
2558 5375 3044 5446 illiusmysterium
3088 5375 3348 5444 implevit.
3387 5376 3504 5443 Quo
3545 5385 3708 5444 pacto,

2122 5446 2286 5519 illud?
2309 5446 2553 5519 Accessit
2567 5444 2813 5519 videlicet
2835 5446 2900 5519 ad
2923 5461 3050 5519 oves
3070 5461 3188 5519 qua:
3211 5447 3707 5519 perieruntdomus“

2121 5517 2322 5581 Israel,
2374 5531 2478 5570 non
2525 5515 2628 5569 illis
2673 5515 3104 5571 misericordiam
3135 5515 3444 5587 impertiens
3467 5517 3501 5642 Α
3527 5515 3712 5583 neque,

2122 5590 2265 5642 enim
2291 5587 2436 5642 digni
2467 5587 2663 5642 erant).
2691 5585 2783 5640 sed
2807 5586 3026 5642 Iacobo.
3050 5603 3116 5641 ex
3145 5603 3249 5642 auo
3275 5602 3444 5642 genus
3507 5588 3697 5642 uceba:

2122 5590 2265 5644 enim
2291 5587 2436 5656 digni
2453 5587 2663 5658 erant),
2691 5585 2783 5640 sed
2807 5586 3026 5652 Iacobo,
3050 5603 3116 5641 ex
3145 5585 3249 5658 quo
3275 5602 3444 5657 genus
3467 5585 3697 5642 duceba:

2123 5669 2227 5714 tur.
2257 5657 2586 5713 Recordatus
2623 5666 2704 5712 est
2741 5658 2900 5712 etiam
2931 5657 3175 5724 veritatis:
3195 5658 3384 5716 domus
3415 5659 3573 5714 Israel
3602 5658 3707 5712 be-.

2122 5728 2475 5784 nedictionem
2522 5729 2663 5781 illam
2706 5744 2862 5798 quam
2891 5728 3087 5794 Israel,
3120 5738 3177 5782 ut
3201 5729 3548 5793 hereditatem
3579 5728 3711 5787 ﬁliis.

2123 5800 2276 5869 suis,
2303 5798 2368 5862 in,
2401 5799 2596 5863 tribum
2618 5798 2754 5860 Iuda
2799 5799 3447 5876 propltetandocontulit,
3477 5801 3527 5871 in
3567 5810 3712 5872 tum;
