4094 6368
491 310 596 366 779

489 425 798 490 adducens,
835 422 1224 495 veritatemque
1273 422 1474 479 faciens
1512 430 1675 495 :erat
1719 429 1898 495 autem
1943 421 2030 495 illa
2063 438 2078 476 :

491 496 617 552 Non
639 497 837 565 deﬁciet
865 497 1100 566 princeps
1127 492 1189 550 ea:
1207 495 1237 548 J
1246 495 1371 559 uda,
1399 510 1559 564 neque
1585 494 1694 548 dua:
1721 497 1789 566 de
1807 492 2084 562 femoribus

489 569 632 638 ejus,
661 564 820 620 donec
845 564 1010 638 ueniat
1040 564 1117 638 'is_
1138 572 1218 638 cui
1256 566 1531 638 repositum
1557 573 1667 630 est,
1697 571 1743 638 et
1771 564 1879 631 ipse
1903 579 2084 632 exspe-

487 635 644 693 e'tatio
666 639 890 708 gentium
915 635 1068 708 (Gen.
1092 635 1324 708 49.107).
1354 636 1558 701 Quibus
1584 635 2084 708 apprimeconsen-

489 709 631 764 tiunt
653 705 774 776 quae
811 705 1108 776 sequuntur
1139 724 1152 758 :
1189 705 1434 776 Viderunt
1477 722 1648 760 omnes
1694 705 1894 776 termini
1937 713 2088 760 terra!

490 775 719 833 salutare
742 777 838 832 Dei
885 775 1064 832 nostri.
1092 776 1174 832 Ad
1208 775 1426 831 Judteos
1454 776 1595 832 enim
1628 786 1678 829 ut
1711 775 1810 830 sibi
1842 777 2086 845 proprios

492 849 728 904 advenit.
760 848 856 903 llis
880 859 1058 902 autem
1082 848 1267 903 oculos
1291 846 1662 902 claudentibus
1687 847 2085 916 (Ubturaeerunt

491 920 635 974 enim
658 960 673 981 ,
703 919 874 989 inquit
917 918 1081 973 Isaias
1103 960 1118 984 ,
1159 919 1352 989 oculos
1373 934 1490 972 suos
1509 958 1525 982 ,
1558 933 1621 972 ne
1642 915 1897 989 viderent)
1929 915 2080 988 [lsai.

491 991 580 1062 33.
613 989 756 1062 15]),
779 987 970 1062 eorum
1003 989 1132 1062 loco
1149 988 1358 1062 termini
1391 997 1547 1062 terrae
1567 1029 1580 1051 ,
1610 987 1853 1062 videlicet
1874 987 2081 1057 gentes,
2115 1048 2118 1051 ,

496 1058 749 1116 νίἀθτυῑίι
777 1060 1010 1114 salutare
1041 1059 1168 1122 Dei,
1197 1059 1338 1127 quod
1366 1059 1514 1129 prius
1545 1073 1649 1114 non
1678 1058 1938 1115 viderant.

563 1130 622 1184 2.
664 1130 777 1186 Hoc
805 1130 1002 1200 quippe
1039 1138 1124 1184 est
1150 1129 1290 1200 quod
1321 1144 1462 1184 nunc
1491 1129 1803 1200 prophetam
1830 1129 2082 1200 obstupe-

493 1200 652 1265 faeit,
698 1200 768 1256 de
805 1197 914 1270 quo
951 1201 1113 1255 etiam
1153 1197 1398 1255 Christus
1440 1197 1711 1254 admirans
1733 1197 1946 1254 dicebat
1975 1197 2082 1270 :gln

488 1272 740 1344 judicium
765 1269 856 1342 ego
881 1271 993 1344 ueni
1010 1271 1072 1344 in
1102 1271 1347 1344 mundum
1375 1270 1540 1344 hunc,
1569 1271 1765 1344 utrquir
1783 1285 1892 1344 non
1915 1269 2084 1344 vident

493 1339 718 1408 uideant,
748 1339 907 1412 et'qui
936 1341 1103 1395 uident
1130 1341 1250 1412 cruci
1271 1339 1600 1412 ﬁaut_(.loan.
1623 1339 1679 1397 9.
1705 1341 1820 1410 59).
1851 1341 1904 1395 4.
1928 1339 2081 1393 lubi-

494 1413 597 1467 late
615 1412 746 1475 Deo,
772 1410 934 1466 omnis
961 1420 1114 1466 terra.
1145 1410 1274 1466 Jttre
1293 1410 1532 1481 quidem,
1553 1412 1804 1480 quoniam
1833 1425 2079 1466 commu-

493 1485 581 1538 nia
613 1493 736 1538 sunt
760 1483 898 1537 bona
933 1499 947 1535 :
980 1497 1085 1536 non
1111 1481 1254 1536 enim
1293 1481 1448 1538 unius
1486 1481 1740 1552 regionis,
1769 1481 1942 1552 qualis
1967 1489 2084 1552 erat

493 1553 700 1619 Judzca,
728 1568 834 1608 non
859 1554 1034 1622 gentis
1058 1552 1236 1617 unius,
1270 1552 1364 1606 sed
1395 1550 1790 1622 totius'generis
1819 1560 1902 1606 est
1931 1550 2083 1606 insti-

493 1634 670 1696 tutum
689 1621 1030 1696 mysterium,
1053 1623 1122 1678 de
1145 1637 1252 1696 quo
1279 1621 1649 1696 nos_jubilare,
1681 1622 1834 1696 quasi
1861 1622 1913 1676 in
1937 1637 2084 1696 com-

494 1695 640 1748 tuuni
687 1692 824 1748 bello
854 1695 1082 1748 victores
1105 1733 1120 1757 ,
1148 1693 1320 1762 jubet.
1354 1692 1575 1747 Terram
1618 1692 1760 1748 enim
1808 1692 2080 1749 hominem

494 1765 788 1834 generatim
809 1774 1080 1834 sumptum
1100 1763 1333 1827 vocavit,
1359 1774 1415 1817 ut
1441 1764 1492 1817 in
1516 1764 1860 1834 sequentibus
1885 1763 2082 1819 clarius

493 1833 707 1889 dicitur.
737 1833 974 1900 Caritate,
1011 1845 1057 1888 et
1083 1835 1328 1904 exsultate
1347 1875 1364 1899 ,
1392 1844 1441 1887 et
1469 1835 1688 1904 psallite.
1720 1833 1834 1888 Non
1861 1849 1988 1902 ergo
2011 1834 2081 1889 de

493 1906 660 1960 arida:
699 1905 1006 1969 elemento,
1049 1905 1143 1960 sed
1171 1903 1240 1959 de
1285 1903 1588 1959 hominibus
1624 1905 1804 1959 dicere
1834 1905 2078 1960 instituit.

493 1976 832 2045 Quapmpter
859 1990 957 2030 ceu
999 1975 1065 2029 ad
1106 1975 1498 2030 multitudinem
1544 1990 1846 2030 sermonem
1877 1975 2076 2029 habet:

493 2046 748 2117 jnbetque
775 2047 949 2118 primo
976 2060 1169 2100 canere
1188 2088 1204 2112 ,
1228 2046 1441 2118 deinde
1467 2047 1737 2101 exsultare
1755 2088 1772 2112 ,
1803 2056 2080 2118 postremo

496 2118 724 2186 psallere
755 2117 856 2170 {ut
895 2117 1059 2170 divini
1102 2117 1277 2186 gaudii
1325 2117 1532 2170 initium
1577 2126 1737 2186 atque
1781 2118 1939 2170 linem
1988 2117 2081 2172 Dei

493 2185 933 2257 glorificationetn
958 2185 1264 2242 habeamus.
1295 2188 1348 2241 5.
1374 2186 1590 2241 Psallite
1612 2185 1830 2246 Domino
1849 2188 1901 2240 in
1921 2187 2083 2240 cit/za-

495 2275 556 2311 ra
575 2300 590 2322 ,
620 2260 674 2312 in
701 2258 896 2310 cithara
923 2269 969 2311 et
997 2272 1115 2311 voce
1142 2257 1362 2326 psalmi;
1389 2257 1442 2311 6.
1471 2259 1524 2310 in
1553 2259 1684 2311 tubis
1710 2259 2010 2321 ductilibus,
2035 2267 2083 2310 et

493 2343 614 2382 voce
640 2327 769 2382 tubte
796 2343 1010 2398 eorm.
1039 2325 1266 2382 Jubilate
1291 2329 1345 2381 in
1373 2337 1642 2398 conspectu
1670 2328 1825 2398 Regis
1855 2327 2079 2382 Domini.

500 2399 723 2454 Etiamsi
753 2411 959 2467 tetnpus
988 2397 1146 2452 fuerit
1169 2413 1276 2468 quo
1303 2399 1384 2468 his
1415 2397 1780 2452 instrumentis
1815 2399 1881 2454 ad
1917 2399 2081 2452 Deum

497 2469 901 2539 glorilicandum
930 2467 1249 2534 utebantur,
1283 2467 1350 2521 ad
1396 2469 1793 2539 nospcitharam
1826 2469 2082 2524 virtutum

495 2537 836 2593 concordiam
869 2539 1241 2608 intelligamus.
1274 2554 1393 2608 quae
1419 2537 1564 2592 nullo
1592 2540 1750 2593 modo
1783 2549 1957 2608 potest
1983 2539 2080 2593 ob-

499 2612 678 2672 tineri,
711 2611 810 2664 nisi
838 2624 1054 2665 carnem
1077 2608 1482 2679 mortiﬁcemus,
1511 2619 1567 2663 ut
1594 2610 1660 2664 iis
1684 2611 1834 2679 quasi
1862 2609 2080 2665 chordis

497 2683 750 2734 virtutum
792 2691 1106 2735 uincentum
1152 2678 1490 2749 perﬁciamus
1513 2720 1528 2742 ,
1566 2688 1622 2734 et
1659 2678 1849 2748 psalmi
1894 2695 2082 2736 vocem

500 2753 611 2807 Deo
649 2751 942 2820 placentem
976 2751 1027 2804 in
1057 2751 1245 2806 caelum
1289 2751 1616 2808 emittamus.
1659 2750 1922 2820 Quoniam
1951 2765 2084 2806 vero

501 2831 621 2893 post
649 2823 912 2893 cirhararn
938 2821 1120 2877 tubam
1145 2823 1613 2893 commemoravit,
1653 2821 1909 2893 citharam
1935 2830 2084 2878 certe

499 2891 655 2946 vocat
679 2892 847 2946 Vetus
873 2891 1302 2957 Testamentum,
1335 2892 1518 2960 inquo
1558 2891 1887 2960 psallendum
1925 2901 2080 2948 erat:

499 2979 572 3037 ex
597 2963 796 3016 cithara
823 2963 964 3037 enim
994 2962 1342 3037 psalmodiam
1368 2963 1675 3037 cgncinnari
1699 2963 2082 3037 jussutnerat:

501 3035 654 3088 tubas
683 3044 858 3087 autem
886 3032 1200 3102 Evangelia,
1240 3033 1292 3086 in
1319 3033 1512 3102 quibus
1533 3032 1763 3102 jubilare
1789 3035 1982 3088 merito
1999 3035 2086 3102 ju-

499 3106 690 3159 bemur
728 3104 780 3158 in
823 3113 1110 3172 conspectu
1141 3102 1302 3172 Regis
1343 3103 1588 3166 Domini,
1618 3103 1824 3158 scilicet
1862 3103 2081 3170 Christi,

503 3185 688 3244 utpote
736 3175 828 3244 qui
879 3190 973 3243 per
1023 3175 1390 3244 evangelicum
1440 3175 1738 3228 institutum
1783 3175 2084 3243 spirituales

501 3247 787 3300 vicerimus
835 3244 1100 3298 inimicos.
1150 3244 1378 3314 Ideoque
1425 3244 1579 3300 tubas
1621 3245 1879 3314 plurimas
1923 3245 2084 3302 simul

499 3317 940 3371 commemoravit
976 3324 1031 3369 et
1061 3330 1248 3378 unam,
1270 3312 1403 3386 quia
1431 3312 1778 3386 Evangelium
1797 3354 1812 3379 ,
1837 3316 1960 3386 licet
1994 3329 2084 3370 se-

501 3387 737 3441 cundum
768 3387 1016 3440 virtutem
1044 3401 1205 3438 unum
1235 3385 1298 3438 sit
1323 3425 1339 3448 ,
1368 3386 1422 3438 itt
1446 3385 1677 3454 quatuor
1702 3395 1878 3440 tamen
1907 3385 2083 3440 Evan-

500 3457 638 3526 gelia
693 3472 788 3526 per
843 3456 1193 3526 evangelistas
1240 3455 1528 3526 scriptores
1575 3454 1915 3511 distributum
1979 3466 2083 3513 est.

497 3525 881 3583 Animadverte
923 3525 1098 3579 autem
1150 3525 1442 3594 prophetici
1491 3526 1622 3582 dicti
1667 3527 2080 3582 accurationem.

501 3597 634 3654 Nam
664 3599 838 3662 tubas,
863 3612 982 3668 qua:
1015 3597 1287 3668 pluraliter
1311 3608 1622 3668 memorata:
1646 3597 1714 3652 de
1736 3598 2087 3668 evangelista-

501 3685 622 3724 rum
671 3667 914 3738 personis
957 3667 1328 3735 accipiutttur,
1377 3667 1606 3722 ductiles
1646 3677 1833 3732 vocat,
1886 3667 1935 3722 id
1979 3679 2082 3735 est,

502 3755 721 3805 amens;
772 3753 935 3793 tenete
988 3752 1218 3807 namque
1262 3738 1412 3798 factm
1461 3748 1587 3791 sunt
1634 3738 2082 3807 evangelistarum

504 3812 729 3880 linguae,
760 3825 854 3880 per
879 3808 1076 3880 donutn
1107 3806 1334 3880 Spiritus
1361 3809 1553 3862 sancti.
1587 3808 1732 3880 Tuba
1759 3806 1934 3862 autem
1960 3824 2084 3862 cor-

503 3879 602 3936 nea
649 3892 733 3934 est
764 3879 1133 3948 evangelicum
1179 3879 1398 3949 verbum
1452 3879 1869 3949 mysteriumque
1918 3880 1967 3932 in
2018 3893 2086 3934 eo

502 3961 835 4011 contentum,
881 3951 1001 4018 quia
1042 3957 1218 4026 caput.
1244 3948 1404 4026 habet
1445 3948 1868 4026 Cliristtttn,_qui
1914 3965 2087 4005 cornu

501 4029 867 4092 congruenter
901 4031 1122 4074 vocatur
1150 4037 1164 4074 :
1200 4019 1259 4092 in
1277 4020 1408 4092 ipso
1435 4019 1869 4092 enim_inimicos
1896 4035 2086 4089 possu-

504 4089 631 4147 mus
649 4108 814 4146 cornu
858 4091 1116 4161 impetere
1149 4107 1164 4161 ξ
1198 4089 1320 4143 huic
1366 4091 1544 4160 itaque
1573 4089 1858 4159 Evangelio
1897 4106 2085 4150 vocem

507 4162 812 4218 necessario
839 4159 1114 4227 attribuit,
1139 4159 1205 4214 1η
1236 4175 1383 4226 voce,
1412 4159 1684 4230 inquiens,
1715 4161 1844 4215 tuba:
1867 4178 2080 4220 corneae.

504 4235 768 4301 Quoniam
827 4231 1067 4298 plurimis
1125 4231 1400 4287 historiam
1453 4231 1878 4301 exponentibus,
1929 4234 2084 4287 unius

507 4317 684 4358 tamen
701 4303 973 4374 Evangelii
989 4317 1092 4356 vox
1123 4316 1219 4374 per
1246 4316 1434 4374 omnes
1473 4301 1714 4374 guditur,
1744 4303 1830 4370 qui
1855 4317 2084 4362 concor-

504 4374 724 4428 dissimc
765 4371 1075 4443 mysterium
1116 4371 1442 4428 describunt.
1477 4373 1528 4425 7.
1573 4371 1834 4426 Moventur
1871 4389 2010 4429 mare
2037 4383 2088 4429 et

505 4446 762 4524 plenirudo
787 4442 895 4524 ejus
918 4459 936 4496 :
959 4443 1094 4524 orbis
1118 4451 1366 4524 {errarunt
1394 4452 1440 4496 et
1471 4458 1640 4524 omnes
1665 4442 2008 4524 quihabitunr
2029 4447 2085 4500 in

506 4512 590 4582 eo.
619 4512 814 4568 Moveri
842 4529 989 4567 mare
1007 4523 1062 4568 et
1089 4513 1472 4582 plenitudinem
1495 4513 1633 4582 ejus,
1655 4512 1860 4568 scilicet
1880 4517 2083 4570 marina

505 4579 752 4640 animalia
780 4594 836 4637 nt
859 4579 1287 4656 choreas'agnnt,
1314 4585 1422 4656 jam
1445 4579 1608 4656 supra
1633 4584 1884 4656 diximus.
1912 4585 2082 4656 Quin-

505 4657 665 4710 etiam
694 4667 837 4728 metu
864 4654 1244 4728 prodigiorum
1263 4669 1310 4728 a_
1334 4655 1558 4728 Domino
1597 4654 1651 4728 in
1679 4655 1814 4728 arari
1847 4654 2084 4728 patrato-

506 4743 658 4788 rum.
705 4724 881 4794 ipsum
921 4726 1248 4780 commoveri
1289 4724 1411 4794 jure
1449 4725 1669 4780 dixeris.
1718 4724 1902 4794 Neque
1941 4727 2084 4783 enim

505 4795 1161 4859 Dominumsolummodo,
1187 4795 1281 4852 sed
1303 4797 1461 4850 etiam
1488 4795 1700 4851 Petrum
1723 4797 2083 4854 ambulantem

504 4871 714 4938 excepit
755 4870 772 4938 (
800 4867 982 4921 Matth.
1009 4868 1095 4921 14.
1123 4866 1216 4938 25.
1243 4883 1351 4935 sqq.
1379 4869 1398 4937 )
1424 4883 1438 4918 :
1470 4882 1537 4938 ac
1568 4865 1692 4938 Jesu
1725 4869 2082 4937 praecipiente,

507 4937 704 5004 piscem
731 4937 818 5009 qui
845 4947 1097 5009 staterem
1121 4937 1347 4991 habebat
1373 4937 1589 5009 protulit
1610 4937 1825 5009 (Matth.
1852 4940 1937 4994 i7.
1963 4939 2082 5008 26).

505 5007 972 5080 ldipsutn'quomte
995 5008 1063 5063 de
1087 5009 1217 5062 orbe
1243 5019 1505 5080 terrarum
1526 5008 1699 5077 deque
1726 5007 2084 5066 habitantibus

507 5085 557 5135 io
586 5097 650 5134 eo
674 5078 892 5135 dixeris.
911 5081 1082 5149 Ipsum
1101 5081 1242 5140 enim
1267 5078 1553 5150 percellere
1573 5089 1627 5133 et
1645 5094 1982 5136 conuuovere
1999 5097 2087 5150 po-

506 5163 676 5207 terant
703 5151 956 5223 miracula
979 5150 1239 5223 aCl.ri_stu
1262 5160 1317 5204 et
1342 5165 1368 5202 a
1389 5149 1664 5223 pr0ph_etis
1695 5159 1916 5223 patrata.
1949 5149 2080 5221 Ipsis

503 5224 700 5292 quippe
742 5222 1017 5276 orantibus
1059 5221 1223 5275 multa
1263 5221 1772 5292 commovebantur,
1811 5231 1868 5275 ut
1905 5234 2084 5278 narrat

504 5289 676 5348 Lucas
719 5295 737 5361 (
760 5295 872 5346 Act.
899 5294 950 5347 4.
977 5293 1064 5347 8|.
1089 5301 1136 5345 et
1173 5293 1258 5346 16.
1282 5290 1352 5346 26
1375 5292 1414 5356 ).
1463 5291 1516 5346 8.
1558 5289 1800 5344 Flumina
1843 5294 2083 5360 plaudent

503 5381 658 5417 manu
702 5365 873 5419 simul.
921 5363 1164 5418 Flumina
1208 5363 1408 5418 dixeris
1453 5363 1792 5432 Operatioues
1833 5364 2078 5432 Spiritus,

501 5452 623 5504 quae
655 5436 903 5504 plaudere
934 5451 1090 5488 manu
1111 5476 1125 5499 ,
1156 5444 1337 5503 utpote
1364 5434 1415 5487 in
1444 5449 1606 5487 unum
1632 5434 1900 5504 collectre,
1946 5444 2080 5487 tem-

501 5502 632 5575 pore
653 5502 910 5564 adventus
931 5505 1125 5559 Christi
1147 5502 1497 5568 dicebantur;
1526 5504 1595 5558 de
1619 5504 1807 5572 quibus
1831 5502 2042 5575 dicebat
2065 5523 2077 5558 :

503 5574 603 5643 Qui
625 5577 782 5631 credi!
811 5580 862 5631 in
888 5593 982 5641 me,
1016 5578 1142 5628 sicut
1164 5578 1293 5630 dixit
1323 5575 1613 5646 Scriptura,
1637 5575 1850 5646 flumina
1873 5574 1936 5627 de
1961 5592 2079 5628 nen-

499 5659 574 5702 tre
600 5651 708 5714 ejus
733 5650 892 5717 ﬂuent
929 5664 1073 5716 aqua:
1102 5649 1226 5700 vivae
1252 5646 1446 5718 (Joan.
1477 5647 1528 5699 7.
1562 5645 1630 5699 58
1739 5645 1892 5700 Dicas
1917 5646 2078 5718 etiam

498 5721 709 5775 sensilia
759 5720 974 5774 liumina
1023 5719 1280 5785 plausisse
1324 5733 1482 5771 manu
1523 5726 1577 5770 et
1616 5717 1840 5771 choreas
1883 5717 2073 5786 egisse,

503 5789 711 5862 quando
768 5788 1036 5847 Christum
1090 5790 1349 5860 baptisma
1409 5788 1787 5860 suscipientem
1832 5787 2080 5845 Jordauis

1983 303 2252 365 SPURIA.

3667 313 3780 372 780

2195 421 2422 491 excepit.
2450 421 2746 478 Commune
2769 422 3032 494 siquidem
3055 425 3156 481 hoc
3182 435 3297 481 erat
3321 427 3570 492 gaudium
3599 427 3781 485 ﬂorui-

2193 508 2320 568 nutn
2359 503 2414 547 et
2454 507 2741 568 aquarum.
2781 493 3067 568 9::Montes
3107 498 3428 553 exsultabant
3453 515 3485 552 a
3513 499 3644 568 facie
3664 499 3780 556 Do-

2191 564 2603 638 mini,_quoni_am
2633 565 2782 638 uenit.
2812 565 3031 638 Montes
3045 569 3222 621 vocari
3251 564 3535 638 prophetas
3557 570 3627 625 ob
3649 586 3782 626 con-

2195 635 2563 708 templatitmis
2576 636 2951 708 sublimitatem
2969 675 2986 698 ,
3011 636 3122 706 jam
3150 635 3306 708 supra
3331 635 3578 695 diximus.
3620 641 3682 696 lli
3707 641 3783 698 de

2194 703 2475 779 prtesentia
2503 703 2701 779 Christi
2730 707 2920 779 merito
2959 703 3300 762 exsultabant
3321 750 3337 774 ,
3367 711 3491 777 quia
3539 713 3776 779 imorum

2193 774 2468 843 prophetia
2513 776 2564 829 in
2595 791 2729 844 opus
2755 777 2916 831 exivit
2944 795 2957 831 :
2991 794 3113 832 nam
3135 779 3178 831 si
3201 774 3471 835 sensibilia
3499 774 3782 838 intellexe-

2192 846 2286 920 ris,
2307 845 2622 920 jure‘etiam
2649 847 2750 920 hoc
2779 847 2938 920 modo
2963 849 3322 920 exsultabant,
3353 851 3604 920 quoniam
3631 853 3775 908 sole-

2190 915 2279 988 bat
2299 913 2548 988 Judaicus
2579 919 2806 986 populus
2834 917 2989 972 idolis
3025 919 3302 975 inunolare
3337 913 3392 976 in
3423 924 3679 988 excelsis,
3715 933 3778 987 ut

2190 986 2243 1058 i_u
2290 987 2436 1058 libro,
2470 987 2670 1058 Regum
2715 998 3002 1043 narratur:
3037 989 3228 1046 deinde
3271 1007 3400 1046 vero
3442 992 3498 1050 in
3539 986 3776 1050 adventu

2189 1054 2397 1133 Christi
2418 1057 2526 1133 hoc
2551 1054 2820 1133 fcessavit.
2852 1058 3263 1133 Quoniamvenit
3295 1063 3534 1133 judicare
3561 1075 3771 1120 terram.

2187 1125 2447 1214 iudicabit
2484 1129 2658 1214 orbem
2681 1140 2827 1184 terra:
2864 1130 2919 1183 in
2947 1131 3189 1214 justitia,
3219 1125 3511 1214 “papulas.
3536 1135 3587 1188 in
3615 1136 3776 1214 tequi-

2189 1209 2308 1252 tute.
2341 1198 2619 1266 Quomodo
2645 1201 2814 1276 ipsum
2830 1198 3024 1276 venire
3048 1201 3195 1262 dicit.
3229 1198 3484 1276 nisirquia
3515 1198 3776 1276 propheta

2189 1283 2310 1322 cum
2337 1280 2514 1336 esset,
2555 1271 2697 1347 quod
2739 1283 2789 1347 ut
2809 1270 3055 1347 futurum
3087 1270 3593 1347 przenuntiabatfid
3614 1270 3778 1347 quasi

2189 1353 2424 1463 pra-setis
2467 1341 2764 1396 cernebat?
2806 1341 2909 1396 Sed
2957 1345 3126 1410 primo
3153 1344 3220 1398 de
3263 1345 3496 1401 adventu
3525 1347 3577 1401 in
3611 1341 3778 1404 carne

2211 1411 2441 1463 ouuitur.
2473 1413 2564 1463 aui
2607 1414 2751 1463 nrior
2781 1411 2917 1463 fuit:
2958 1413 3192 1463 secundo
3231 1423 3408 1463 autem
3447 1417 3514 1463 de
3539 1419 3778 1463 ser-mdo

2211 1411 2444 1482 oquitur,
2473 1413 2564 1480 qui
2607 1414 2751 1482 prior
2781 1411 2917 1477 fuit;
2958 1413 3192 1468 secundo
3231 1423 3408 1469 autem
3447 1417 3514 1471 de
3539 1419 3778 1474 secundo

2187 1480 2305 1546 ejus
2328 1480 2672 1547 adventu,‘in
2711 1499 2818 1550 quo
2857 1483 3023 1551 judex
3052 1495 3306 1540 venturus
3342 1496 3445 1542 est.
3482 1487 3674 1542 Verum
3717 1489 3776 1543 in

2189 1551 2361 1626 primo
2385 1552 2501 1620 ejus
2523 1552 2758 1626 adventu
2786 1554 2920 1608 bona
2949 1570 3012 1609 ex
3041 1569 3114 1626 eo_
3133 1566 3276 1622 parta
3301 1558 3557 1626 suscipit;
3588 1574 3774 1614 secun-

2185 1623 2310 1698 dum
2337 1633 2513 1698 autem
2541 1623 2827 1698 adventum
2859 1624 3207 1698 tltetu_judicii
3233 1627 3345 1696 jam
3378 1623 3566 1684 adesse
3601 1639 3769 1698 putat.

2189 1690 2334 1767 Utile
2366 1692 2657 1767 admodum,
2683 1703 2766 1749 est
2810 1690 3067 1750 terribilia
3113 1690 3431 1767 prte'oculis
3465 1690 3682 1767 habere,
3716 1711 3774 1756 et

2185 1763 2338 1886 quasi
2367 1762 2694 1819 imminentia
2723 1767 3011 1834 respicere.
3041 1762 3249 1822 utltinc
3275 1780 3487 1837 peccata
3516 1762 3769 1839 prtescin-

2223 1849 2394 1886 atuus.
2426 1833 2557 1886 Oua:
2586 1845 2670 1886 est
2695 1845 2870 1886 autem
2903 1837 3081 1886 indicii
3111 1844 3406 1886 meonomia
3429 1839 3452 1886 7
3476 1839 3684 1886 Justitia
3715 1851 3769 1886 ρι

2223 1849 2394 1888 anuus.
2426 1833 2557 1905 Qua:
2586 1845 2670 1890 est
2695 1833 2870 1891 autem
2898 1837 3081 1905 judicii
3111 1833 3406 1893 oeconomia
3429 1839 3452 1893 7
3476 1833 3687 1896 Justitia
3715 1851 3774 1897 et

2185 1907 2429 1984 a-quitas.
2473 1904 2653 1976 Itaque
2689 1904 3009 1984 _iu_j_usnti_tiam
3052 1907 3316 1984 fugiamus
3339 1951 3355 1975 ,
3382 1918 3434 1964 et
3463 1927 3492 1963 a
3519 1913 3774 1967 tortuosis

2185 1972 2519 2030 declinemus
2545 1972 2650 2032 {ne
2668 1972 2806 2032 dolis
2827 1977 3075 2043 ﬁdamus,
3097 1972 3372 2035 avaritiam
3394 1995 3460 2036 ne
3479 1991 3770 2037 sectemur.

2187 2044 2312 2124 ll:_e_e
2337 2047 2534 2124 quippe
2561 2058 2686 2124 _sun_t
2713 2048 2804 2102 Dei
2825 2049 3028 2124 judicio
3051 2050 3318 2124 coturaria
3339 2092 3355 2116 ,
3379 2059 3438 2106 et
3462 2066 3555 2107 eos
3575 2053 3665 2124 qui
3690 2054 3775 2110 his

2185 2115 2381 2172 addicti
2407 2115 2533 2172 sunt
2562 2117 2614 2172 in
2642 2115 3044 2175 damnationem
3071 2115 3360 2176 deducunt.

2331 2231 2381 2303 l.
2423 2229 2609 2284 Davidi
2625 2246 2646 2296 ;
2674 2231 2789 2303 sine
2815 2231 3157 2302 inscriptione
3185 2233 3324 2303 apud
3353 2233 3628 2292 Hebrreos.

2367 2301 2370 2304 ’
2756 2301 2878 2356 Psul
2883 2319 2994 2359 mus
3031 2318 3216 2358 XCVIII.

2259 2391 2310 2468 με
2352 2391 2456 2446 Alii
2494 2393 2706 2468 quidem
2747 2410 2935 2468 omnes
2967 2397 3082 2468 sine
3120 2396 3466 2468 inscriptione
3503 2399 3775 2462 Psalmum

2186 2461 2467 2517 ediderunt
2494 2461 2855 2540 :'sed_D_avidi_
2883 2467 3268 2540 inscripserunt
3288 2461 3649 2540 'Septuaginta
3692 2474 3774 2526 in-

2187 2541 2472 2611 terpretes,
2498 2535 2762 2611 quasi_de_
2777 2535 3268 2611 spirituali’Davide
3291 2535 3770 2611 Christo'prophe-

2186 2604 2313 2680 tiam
2334 2607 2624 2660 contineat.
2651 2607 2702 2680 l.
2720 2605 2973 2680 Dominus
2997 2611 3239 2680 regnavit,
3267 2604 3551 2665 irascantur
3572 2604 3769 2680 populi.

2183 2672 2490 2750 intimorum
2520 2677 2754 2750 populos
2795 2678 2923 2750 dicit
2959 2695 2974 2731 :
3012 2672 3110 2733 hos
3136 2672 3280 2734 enim
3311 2697 3534 2750 regnum
3567 2672 3772 2740 Christi

2187 2745 2241 2799 in
2271 2745 2403 2799 iram
2431 2754 2486 2800 et
2513 2747 2746 2801 furorem
2776 2749 3082 2812 concitavit,
3113 2750 3182 2804 ita
3211 2761 3268 2804 ut
3299 2745 3470 2806 Pilato
3495 2753 3768 2808 dicerent:

2188 2815 2315 2870 Noli
2342 2817 2672 2893 dicere__quod_
2702 2834 2793 2893 rex
2815 2820 2880 2870 sit
2916 2818 3210 2874 Judteorum
3237 2819 3411 2893 (Joan.
3442 2822 3530 2878 19.
3551 2822 3680 2892 Ξυς
3708 2840 3774 2882 ac

2185 2902 2398 2960 rursum
2429 2904 2460 2960 :_
2489 2885 2611 2960 Non
2634 2888 2892 2960 habemus
2911 2907 3121 2960 Aregem,
3169 2885 3266 2944 nisi
3304 2890 3552 2947 Cursarem
3582 2897 3601 2959 (
3625 2885 3766 2949 ibid.

2186 2974 2236 3030 tr.
2265 2958 2332 3014 15
2348 2959 2388 3028 ).
2424 2958 2525 3025 Qui
2551 2959 2688 3014 sedet
2715 2977 2866 3030 super
2893 2957 3178 3024 Cherubim,
3201 2974 3454 3016 moveatur
3670 2964 3772 3020 Ju-

2187 3027 2357 3084 dzeam
2397 3045 2583 3104 rursus
2621 3027 2938 3104 subiudicat.
2983 3031 3116 3086 Cum
3144 3033 3283 3086 enim
3326 3032 3464 3104 Magi
3483 3047 3548 3085 ea:
3566 3029 3774 3097 Oriente

2188 3110 2427 3170 perierunt
2454 3099 2694 3166 dicentes,
2723 3101 2821 3156 Ubi
2847 3111 2920 3156 est
2944 3104 3026 3170 qui
3052 3113 3200 3155 natus
3223 3113 3294 3156 est
3317 3099 3726 3159 reas'Judazorum
3749 3108 3774 3161 1’

2196 3167 2426 3223 Vidimus
2451 3171 2584 3224 enim
2611 3173 2811 3226 stellam
2838 3167 2964 3240 ejus'
2985 3173 3038 3226 in
3071 3172 3307 3240 Oriente,
3333 3186 3377 3228 et
3421 3176 3645 3230 venimus
3675 3179 3772 3230 ad-

2187 3256 2336 3296 orare
2359 3257 2473 3295 eum
2490 3257 2510 3295 :
2529 3241 2740 3296 audiens
2761 3241 2810 3295 Η
2817 3242 2990 3296 credes
3010 3245 3234 3297 turbatus
3259 3254 3353 3307 est,
3376 3254 3422 3299 et
3444 3247 3606 3300 omnis
3623 3247 3775 3301 λετ-ο-

2189 3311 2391 3384 solyma
2412 3327 2526 3384 cum
2567 3312 2658 3366 illo
2689 3313 2907 3384 (Μαιείι.
2933 3311 2986 3365 2.
3015 3313 3172 3384 1-5).
3214 3314 3352 3381 Quid
3381 3327 3562 3372 autem
3587 3317 3773 3373 fecerit

2190 3380 2585 3456 ille_qui_sedet
2632 3380 2794 3456 super
2833 3380 3154 3450 Cherubim,
3194 3380 3470 3456 sequentia
3519 3387 3769 3442 indicant.

2186 3452 2243 3514 2,
2271 3452 2517 3527 Dominus
2554 3456 2610 3527 in
2653 3453 2793 3527 Sion
2827 3470 3042 3527 magnus
3079 3465 3125 3509 et
3161 3452 3385 3527 excelsus
3425 3474 3576 3527 super
3602 3475 3775 3514 omnes

2187 3524 2421 3596 populos.
2470 3523 2526 3578 ln
2557 3524 2684 3580 Sion
2711 3525 2854 3580 enim
2881 3523 3059 3596 januis
3083 3527 3281 3581 clausis
3309 3523 3578 3596 ingressus
3599 3569 3615 3596 ,
3653 3545 3771 3583 ma-

2187 3595 2519 3666 gnitudinem
2545 3611 2698 3650 suam
2723 3595 2993 3659 ostendit;
3024 3607 3185 3666 atque
3211 3613 3305 3666 per
3331 3595 3429 3653 hoc
3455 3595 3764 3654 miraculum

2187 3664 2332 3737 clare
2372 3663 2778 3737 demonstravit,
2825 3683 2884 3720 se
2926 3681 3046 3722 esse
3093 3663 3242 3721 illum
3285 3683 3444 3737 super
3481 3669 3763 3724 Cherubim

2188 3735 2484 3810 sedentem.
2509 3735 2576 3795 Et
2603 3736 2722 3792 ideo
2741 3752 3098 3810 quaecumque
3109 3737 3234 3792 facit
3253 3735 3615 3810 ille—creatura:
3637 3755 3766 3795 con-

2188 3805 2361 3870 ditor,
2392 3815 2578 3860 natura
2611 3805 2789 3862 nostra
2834 3805 3200 3877 praestantiora
3230 3820 3374 3864 sunt.
3414 3809 3558 3864 Tunc
3586 3821 3766 3865 osten-

2191 3891 2282 3950 sus
2311 3885 2393 3931 est
2417 3877 2665 3950 excelsus
2693 3893 2852 3950 super
2876 3893 3064 3950 omnes
3094 3880 3338 3950 p0pulos,
3363 3894 3486 3950 cum
3509 3882 3768 3950 apostolis

2187 3946 2387 4002 donum
2402 3945 2641 4020 Spiritus
2670 3945 2836 4020 sancti
2877 3945 3211 4020 tribuit,’qui
3239 3945 3352 4017 ejus
3376 3945 3766 4020 celsitudinem,

2189 4019 2412 4089 nonruni
2456 4019 2678 4087 populo,
2719 4019 2815 4074 sed
2843 4019 3094 4074 omnibus
3138 4019 3331 4089 ubique
3371 4019 3766 4076 annuntiarunt.

2189 4087 2242 4141 3.
2268 4087 2618 4161 Conﬁteantur
2655 4091 2844 4161 nomini
2870 4100 2956 4143 tuo
2984 4106 3188 4161 magno,
3218 4087 3457 4160 quoniam
3483 4093 3700 4148 terribile
3721 4104 3770 4147 et

2188 4169 2419 4229 sanctum
2437 4168 2531 4213 est.
2554 4158 2724 4214 Omne
2747 4159 2840 4215 Dei
2867 4158 3331 4229 nomen'maguutn
3356 4172 3442 4217 est
3463 4181 3478 4216 :
3508 4178 3628 4217 nam
3654 4179 3770 4218 mo-

2188 4228 2259 4282 do
2280 4229 2346 4304 ad
2373 4229 2732 4304 ejusgloriam
2755 4228 3484 4304 consentaueointelligenda
3508 4243 3632 4288 sunt
3655 4235 3770 4302 ejus

2189 4299 2423 4374 nomina.
2453 4299 2723 4372 Siquidem
2753 4301 2805 4374 si
2827 4301 3079 4374 Dominus
3107 4299 3339 4374 dicatur,
3363 4318 3468 4358 non
3497 4306 3634 4374 pari,
3664 4299 3766 4374 qua

2188 4372 2328 4441 apud
2355 4387 2470 4437 nos,
2513 4371 2719 4429 ratione
2755 4371 2989 4437 dicitur;
3031 4373 3075 4427 si
3105 4372 3240 4440 Rex,
3268 4374 3480 4430 diverse
3498 4371 3565 4430 in
3592 4390 3658 4430 eo
3682 4371 3767 4432 in-

2189 4442 2443 4512 telligitur
2483 4445 2630 4517 regni
2659 4445 2910 4515 dignitas.
2951 4447 3216 4500 Cteterum
3261 4461 3510 4517 magnum
3555 4457 3639 4501 est
3674 4446 3767 4501 Dei

2191 4529 2410 4587 nomen,
2432 4530 2538 4584 quo
2559 4515 2791 4585 seipsum
2818 4517 3128 4587 nominavit,
3150 4515 3369 4586 quando
3385 4516 3566 4587 Moyse
3587 4517 3767 4572 dieeo-

2191 4593 2242 4639 te
2271 4602 2284 4638 :
2311 4583 2774 4656 Ecge’egoiueniam
2793 4587 2862 4640 ad
2885 4586 3020 4656 ﬁlios
3039 4583 3228 4652 Israel,
3257 4597 3305 4643 et
3329 4583 3498 4642 dicunt
3526 4589 3599 4643 eis
3619 4605 3637 4642 :
3660 4587 3769 4641 Do-

2189 4656 2356 4709 minus
2384 4655 2523 4710 Deus
2546 4655 2875 4711 Hebrreorum
2897 4659 3030 4711 misit
3064 4675 3144 4713 me
3165 4659 3234 4712 ad
3260 4676 3344 4716 vos
3365 4676 3385 4714 :
3410 4669 3458 4714 et
3481 4661 3528 4714 si
3548 4659 3765 4716 interro—

2188 4738 2421 4800 gentme,
2444 4727 2800 4800 Quodnomen
2824 4738 2896 4782 est
2919 4728 3015 4800 ipsi
3034 4745 3054 4784 :
3071 4729 3193 4798 quid
3218 4731 3384 4784 dicam
3407 4732 3479 4786 eis
3502 4731 3527 4784 ?
3557 4749 3768 4800 respon-

2189 4798 2261 4870 dit
2280 4797 2364 4870 ei:
2389 4797 2534 4870 Dices
2555 4798 2677 4870 filiis
2696 4797 2879 4864 Israel,
2904 4797 3005 4866 Qui
3028 4797 3100 4853 est
3119 4802 3255 4854 misit
3275 4817 3354 4854 me
3371 4802 3440 4855 ad
3461 4818 3545 4856 vos
3569 4797 3759 4870 (Ksed.

2190 4867 2358 4924 3.15,
2402 4868 2467 4922 Η
2487 4868 2529 4937 ).
2573 4868 2707 4922 lluic
2745 4870 2965 4924 terribili
3002 4879 3057 4924 et
3091 4881 3275 4925 sancto
3315 4883 3372 4926 ut
3413 4867 3765 4929 conﬁteantur

2191 4938 2445 5014 propheta
2468 4939 2734 5008 przecepit.
2767 4939 2897 4995 Nam
2919 4940 3012 5014 qui
3029 4951 3402 5014 temporaneus
3425 4951 3530 5006 est,
3555 4946 3761 4999 etiamsi

2192 5010 2379 5084 potens
2402 5012 2503 5071 sit.
2535 5024 2638 5068 non
2669 5019 2843 5064 tamen
2868 5010 3150 5084 admodum
3179 5013 3456 5084 terribilis,
3486 5015 3607 5082 quia
3631 5030 3763 5084 quo.

2187 5079 2311 5133 dam
2332 5079 2557 5134 decurso
2584 5090 2821 5149 tempore
2849 5081 2963 5148 ejus
2991 5081 3281 5154 dominatio
3309 5095 3486 5138 cessat
3505 5079 3525 5136 ἐ
3554 5079 3762 5154 qui'au-

2190 5159 2295 5204 tem
2321 5165 2534 5220 semper
2559 5161 2641 5204 est
2670 5160 2725 5206 et
2751 5161 3005 5217 internus,
3033 5151 3152 5220 jure
3178 5154 3430 5208 terribilis
3457 5164 3540 5210 est
3561 5151 3586 5220 ;“
3619 5156 3759 5209 nulla

2187 5221 2382 5289 quippe
2409 5235 2532 5290 spes
2559 5231 2641 5275 est
2667 5224 2836 5290 ipsum
2861 5232 2953 5276 aut
2977 5223 3288 5276 mutandum
3311 5235 3402 5278 aut
3429 5237 3758 5280 cessaturum

2188 5307 2327 5344 esse.
2354 5292 2488 5357 Quia
2517 5307 2648 5346 vero
2673 5301 2916 5357 sanctum
2943 5302 2996 5346 ct
3021 5293 3256 5347 terribile
3294 5294 3395 5348 hoc
3423 5312 3614 5349 nomen
3641 5311 3758 5350 esse

2187 5361 2333 5425 dicit,
2368 5363 2604 5418 terribile
2624 5378 2743 5418 esse
2768 5365 3028 5432 intelligas
3059 5363 3308 5425 inimicis,
3333 5367 3538 5421 scilicet
3557 5366 3756 5420 damno-

2188 5432 2344 5486 uibus
2368 5475 2385 5498 ,
2425 5433 2516 5502 qui
2544 5435 2624 5505 vel
2654 5435 3041 5495 invocationem
3088 5436 3202 5505 ejus
3247 5435 3486 5505 fugiunt;
3518 5450 3756 5491 sanctum

2187 5511 2380 5577 autem
2396 5504 2655 5577 ﬁdelibus,
2679 5506 2766 5577 qui
2797 5520 2901 5559 non
2919 5505 3034 5577 alio
3059 5504 3236 5568 modo,
3261 5504 3419 5576 quam
3447 5523 3541 5577 per
3566 5523 3754 5562 nomen

2185 5573 2384 5649 Christi
2413 5575 2886 5649 sant-tilicationem
2917 5576 3131 5649 habent.
3160 5577 3214 5649 4.
3242 5573 3307 5649 Et
3329 5573 3490 5632 honor
3517 5581 3648 5648 regis
3662 5580 3754 5649 ju-

2187 5644 2374 5717 dicium
2415 5646 2598 5716 diligit.
2639 5645 2790 5712 Quod
2815 5649 2955 5701 enim
2982 5656 3066 5699 est
3087 5648 3271 5716 judicii
3302 5651 3480 5717 opus?
3520 5644 3758 5704 lusoritcs

2187 5716 2484 5787 absolvere,
2513 5717 2697 5771 noxios
2721 5717 2997 5772 declarare
3021 5734 3034 5769 :
3065 5716 3390 5787 quapropter
3411 5720 3665 5787 judicium
3685 5720 3756 5773 di-

2192 5786 2303 5857 ligit
2327 5787 2487 5859 Regis
2510 5788 2698 5854 honor,
2743 5789 2791 5843 id
2831 5799 2934 5856 est,
2961 5786 3246 5862 imperium
3272 5786 3328 5847 et
3357 5786 3759 5858 petentiaJdeu
