4094 6368
463 367 560 426 781

461 481 651 552 reliqui
678 486 996 552 interpretes
1027 475 1357 552 prdhonore,
1388 473 1483 552 alii
1520 472 1910 552 Fortitndiuem,
1956 475 2045 552 alii

463 544 749 624 Imperium
769 544 1071 624 ediderunt.
1101 544 1179 599 Tu
1195 545 1399 624 parasti
1429 545 1742 598 directiones.
1767 547 2048 624 Quomodo

461 617 708 694 paravit?
737 619 1011 694 Praetutissa
1036 619 1170 687 lege,
1195 617 1246 670 in
1270 633 1374 694 qua
1403 626 1662 694 praecepta
1685 631 1779 668 seu
1799 617 2045 694 directio-

463 685 560 748 iies
589 693 878 748 constituit.
915 689 1042 742 Nam
1070 685 1210 741 recta
1234 687 1316 739 via
1342 685 1587 756 progredi
1615 687 1756 745 licet.
1784 687 1827 740 si
1852 702 2044 742 secun-

461 765 585 818 dum
619 765 706 819 illa
748 760 1043 816 inccdatur.
1079 757 1341 810 Iudicium
1375 767 1419 810 et
1437 757 1690 826 justitiam
1721 757 1772 809 in
1804 756 1964 810 Jacob
1992 769 2046 810 tu

465 835 644 905 fecisti.
677 835 810 905 ριιει⁸
827 830 1080 905 ratione?
1113 828 1194 905 _Ea
1225 844 1343 897 quae
1381 827 1657 905 dicta__ﬁtit
1693 828 1896 905 utique:
1933 829 2042 905 μοι(

464 897 608 960 enim
633 897 753 958 daia
781 902 848 956 In
875 901 1037 972 Iacob
1062 898 1384 972 (degenere
1410 897 1619 952 lsraélis
1643 897 1902 972 loquitur)
1930 899 2046 972 haec

455 975 717 1046 judicium
763 969 1126 1046 peccatoribus
1169 969 1360 1046 iutulit,
1405 983 1598 1034 nempe
1637 969 2042 1046 condemnatio-

459 1039 602 1108 iiem,
628 1055 682 1100 et
707 1039 848 1100 recte
869 1042 1167 1097 viventibus
1188 1039 1446 1111 justitiam
1471 1039 2041 1111 ostendit,_secundum

459 1133 615 1183 quam
638 1115 922 1171 vivendum
945 1120 1047 1167 est.
1074 1109 1384 1183 Curgautem
1413 1109 1526 1164 haec
1549 1124 1687 1183 mune
1713 1109 2042 1166 declaravit?

460 1180 528 1242 Ut
555 1187 737 1240 auditu
768 1202 865 1240 nos
894 1183 1150 1239 certiores
1176 1180 1396 1245 faceret,
1430 1191 1483 1234 et
1515 1180 1892 1234 testiﬁcaretur
1919 1198 2040 1236 cum

457 1257 548 1326 qui
567 1258 652 1310 illa
679 1255 1090 1326 patravitipsum
1119 1267 1239 1306 esse
1261 1252 1350 1320 qui
1377 1266 1714 1326 crucemhpt‘g
1738 1251 1888 1326 nobis
1917 1268 2040 1326 sus-

459 1319 616 1382 tinuit
645 1319 742 1382 z'id
791 1341 919 1380 vero
943 1319 1225 1378 'declarant
1266 1319 1559 1389 sequentia.
1586 1321 1638 1376 5.
1667 1319 1905 1375 Exaltate
1929 1321 2041 1375 Do-

459 1401 651 1452 minum
690 1396 856 1452 Deum
900 1405 1160 1457 nostrum,
1207 1402 1252 1446 et
1293 1392 1502 1445 adorate
1544 1391 1814 1445 scabellum
1857 1396 2041 1461 pedum

457 1471 586 1531 eius,
619 1469 857 1536 quoniam
886 1475 1088 1536 sanctus
1117 1473 1212 1536 est.
1241 1462 1419 1536 Ecqua
1445 1463 1512 1517 de
1531 1477 1687 1517 causa
1718 1477 1820 1536 non
1841 1465 2038 1536 solium

459 1539 549 1594 llei
582 1533 758 1610 potius
794 1553 951 1610 quam
986 1535 1272 1610 scabellum
1313 1533 1538 1586 adorare
1577 1533 1858 1610 praieipit?
1885 1534 2038 1610 Quod

455 1600 668 1665 tandem
709 1600 1040 1663 scabellum?
1065 1605 1220 1660 Certe
1261 1613 1454 1658 terram
1484 1621 1498 1656 :
1533 1600 1652 1656 nam
1681 1600 1924 1667 Caelum,
1952 1606 2036 1659 in-

451 1680 599 1748 quit,
632 1680 757 1733 milii
780 1679 962 1748 solium
981 1717 995 1740 ,
1028 1686 1161 1730 terra
1185 1686 1350 1729 autent
1389 1673 1661 1729 scabellum
1687 1674 1870 1742 pedum
1897 1692 2035 1730 meo-

451 1747 564 1803 rum
597 1749 745 1821 (Isai.
774 1749 862 1804 66.
891 1747 974 1821 1).

521 1821 576 1875 2.
604 1813 776 1890 ‘Atqui
803 1834 908 1875 nou
932 1813 1057 1873 licet
1086 1815 1239 1871 nobis
1265 1814 1488 1890 adorare
1513 1814 1796 1890 elementa.
1827 1813 2032 1890 verum

451 1905 574 1945 cum
597 1891 686 1947 ille
707 1885 835 1946 dicit
854 1892 1048 1953 locum,
1071 1903 1228 1956 quem
1251 1901 1347 1955 per
1365 1885 1525 1940 alium
1548 1885 1815 1939 Psalmum
1837 1886 2035 1942 clarius

451 1962 724 2030 exposuit,
754 1961 1051 2025 Adoremus,
1082 1955 1324 2030 inquietis
1352 1956 1407 2030 in
1436 1955 1660 2030 [σεο-μιῇ
1676 1965 1921 2030 διέζωταιιῄ
1941 1974 2033 2026 pe-

449 2025 544 2085 des
567 2033 677 2102 ejus
702 2025 872 2102 (Psal.
903 2030 1026 2086 151.
1057 2031 1123 2102 7)
1145 2025 1167 2081 ε’
1187 2027 1500 2102 Golgotham
1536 2025 1813 2102 dicit._llle_
1836 2025 2034 2098 quippe

450 2096 603 2173 locus
635 2096 870 2173 tempore
897 2101 1159 2173 passionis
1176 2096 1308 2173 sub
1319 2097 1539 2173 pedibus
1562 2096 1882 2173 carnisejus
1907 2096 2032 2173 vero

448 2172 563 2226 luit.
609 2167 786 2242 Quare
814 2167 917 2226 non
945 2172 1073 2226 satis
1104 2169 1507 2242 hahuitdixisse
1530 2167 1871 2242 ,Scabellum
1893 2211 1907 2234 ,
1935 2169 2030 2224 sed

445 2243 539 2308 ait,
570 2239 857 2298 Scabellum
883 2243 1066 2311 pedum
1091 2243 1219 2310 ejus.
1251 2239 1396 2294 Licet
1418 2239 1666 2311 omnibus
1691 2240 2029 2311 manifestum

443 2314 513 2367 sit
536 2356 552 2376 ,
593 2309 892 2369 sedbellumi
923 2327 1040 2366 esse
1069 2309 1358 2366 seabellum
1390 2309 1604 2380 pedum.
1634 2309 1703 2363 At
1748 2310 1832 2363 hic
1863 2311 2028 2378 pedes

441 2383 572 2438 dicit
598 2384 882 2438 humanam
905 2383 1102 2438 Christi
1129 2393 1404 2444 naturam;
1437 2387 1597 2448 caput
1621 2393 1749 2434 vero
1775 2380 2026 2435 divinita-

442 2461 572 2525 tem.
622 2454 912 2525 Golgothas
953 2453 1252 2525 igitur_sub
1293 2450 1512 2525 pedibus
1551 2450 1797 2525 humana:
1824 2459 2026 2508 natura:

441 2523 540 2578 fuit
563 2566 578 2588 ,
609 2526 695 2579 ubi
725 2519 816 2595 qui
849 2519 1067 2586 adorat,
1100 2519 1366 2578 Christum
1393 2521 1612 2578 esaltat.
1646 2519 1764 2595 ipse
1777 2538 2021 2595 namque

439 2604 590 2664 punit
609 2591 986 2651 exaltantioiiein
1003 2595 1119 2664 ejus
1139 2608 1258 2648 esse
1287 2595 1594 2664 passiones:
1620 2607 1712 2662 per
1734 2591 1851 2664 illas
1877 2591 2021 2664 enim

437 2662 666 2721 salutem
690 2676 922 2720 nostram
948 2662 1321 2735 operatusest.
1349 2662 2022 2735 QuamobremNicodemo

435 2735 686 2791 dicebat:
720 2736 864 2792 Sicut
897 2733 1131 2792 exultavit
1163 2734 1363 2805 Moyses
1391 2744 1668 2803 serpentem
1703 2734 1755 2786 in
1779 2733 1978 2805 deserto
2001 2776 2018 2799 ,

435 2807 508 2878 ita
535 2808 750 2861 exaltari
774 2817 966 2878 oportet
993 2807 1182 2861 Filium
1216 2804 1432 2860 hominis
1462 2807 1654 2876 (Joan.
1683 2805 1736 2859 5.
1765 2804 1892 2878 11).
1921 2805 2020 2862 Hic

438 2877 553 2944 iure
595 2876 815 2934 sanctus
853 2888 1110 2942 vocatur,
1158 2887 1357 2930 tantam
1404 2889 1639 2944 przesens
1680 2876 2016 2931 sanctitatem

456 2949 659 3016 labens,
687 2961 743 3002 ut
763 2949 1036 3004 consortio
1061 2963 1158 3002 suo
1185 2956 1489 3016 peccatores
1517 2951 1731 3016 sanctos
1758 2945 2010 3001 elﬁceret.

432 3017 485 3072 6.
508 3014 709 3089 Moyses
735 3029 780 3073 et
805 3019 978 3074 Aaron
1003 3020 1057 3072 in
1080 3014 1416 3089 sacerdotibus
1439 3017 1621 3087 ejus,et
1641 3014 1859 3089 _Samuel
1885 3017 2016 3071 inter

431 3105 516 3142 eos
548 3085 636 3160 qui
659 3091 889 3144 invocant
915 3106 1093 3144 nomen
1122 3089 1247 3160 ejus.
1288 3085 1594 3160 Inuocabant
1629 3085 1940 3160 Dominum,
1967 3097 2013 3141 et

429 3160 538 3228 ipse
561 3157 829 3214 exaudivit
871 3177 978 3214 eos.
1032 3157 1467 3228 Quandoquidem
1515 3168 1570 3212 et
1612 3157 1916 3212 sacerdotes
1957 3167 2012 3213 et

431 3226 739 3298 prophetat,
775 3232 943 3286 sancti
981 3226 1322 3292 dicebantur,
1364 3226 1661 3297 horumque
1700 3237 2006 3284 sanctorum

428 3301 720 3354 scabellqu
747 3316 852 3356 non
878 3311 1088 3370 oportet
1112 3301 1354 3364 adorare,
1387 3299 1671 3353 ostendere
1689 3299 1813 3370 vult
1837 3315 2008 3370 quan-

428 3379 538 3422 tum
577 3372 645 3425 sit
687 3373 822 3442 inter
849 3369 1019 3442 ipsium
1047 3380 1101 3425 et
1128 3371 1259 3424 alios
1297 3379 1508 3442 sanctos
1543 3369 1847 3442 discrimen.
1890 3369 2006 3438 Ipse

426 3443 572 3494 enim
611 3452 728 3495 erat
765 3440 992 3497 Sanctus
1032 3451 1356 3496 sanctorum.
1407 3440 1742 3510 Quapropter
1771 3441 2003 3510 Moysmu

428 3523 486 3564 ut
516 3511 897 3581 legislatorem,
927 3515 1190 3567 Aarouem
1226 3523 1280 3565 ut
1318 3511 1670 3571 sacerdotem,
1704 3511 2002 3565 Samuelem

424 3593 481 3634 ut
506 3583 884 3652 prophetarum
911 3584 1200 3654 principem
1228 3584 1682 3654 commemoravit,
1712 3590 1892 3648 utpote
1912 3583 2002 3650 qui

421 3651 589 3707 sancti
619 3654 833 3708 fuerint.
864 3651 1110 3709 Attamen
1143 3653 1216 3707 illi
1244 3668 1436 3706 nomen
1468 3651 1557 3706 Dei
1587 3652 1920 3715 invocabant,
1949 3663 2003 3707 et

420 3740 539 3790 quae
580 3725 971 3794 operabantur,
1003 3741 1108 3780 non
1139 3739 1234 3778 sua
1258 3764 1272 3787 ,
1304 3721 1398 3776 sed
1426 3722 1538 3794 ejus
1569 3725 1655 3794 qui
1686 3739 1744 3776 se
1783 3725 2001 3777 vocabat

420 3793 1002 3865 virtute'operahantur
1031 3814 1044 3849 :
1077 3803 1134 3848 ut.
1161 3795 1211 3847 in
1241 3793 1584 3865 sequentibus
1612 3793 1805 3865 clarius
1832 3810 2000 3847 enun-

423 3866 540 3918 tiat.
575 3865 627 3919 7.
656 3863 722 3920 [tt
753 3866 989 3920 columna
1015 3865 1160 3920 nubis
1196 3864 1488 3934 loquebatur
1514 3865 1583 3916 ad
1609 3880 1709 3917 eos.
1748 3863 1999 3930 Quoniam

417 3937 759 4007 custodierunt
787 3937 1074 4007 testimonia
1093 3937 1220 4007 ejus,
1246 3945 1291 3989 et
1317 3948 1567 4007 praecepta
1591 3936 1700 4005 ejus
1723 3949 1834 4005 quae
1859 3935 1998 4007 dedit

417 4005 539 4077 illis.
574 4006 660 4074 Hi,
693 4007 898 4076 inquit,
930 4023 995 4062 ex
1030 4004 1221 4061 viriute
1247 4004 1704 4077 profecerunt,’_eo
1730 4004 1874 4077 quod
1899 4023 1996 4060 cu-

417 4075 710 4148 stodieraut
740 4073 908 4148 legem
938 4078 1033 4133 Dei
1077 4073 1444 4148 ac_pr:'ecepta
1473 4091 1592 4148 quae
1622 4073 1753 4148 ipse
1775 4073 1997 4131 dederat

417 4145 714 4216 implerent.
757 4145 890 4203 Cum
929 4159 1106 4202 autem
1146 4146 1238 4202 Dei
1279 4145 1715 4215 visione’dignati
1756 4155 1908 4204 sunt.
1943 4148 1993 4200 iu

414 4221 660 4272 Columna
710 4218 873 4288 Deum
920 4219 1203 4280 viderunt,
1245 4217 1385 4288 quod
1423 4216 1771 4271 substantiam
1813 4216 1994 4272 videre

415 4304 522 4361 uon
555 4299 790 4358 possent.
827 4286 1069 4344 Christus
1096 4286 1276 4361 autem
1313 4304 1418 4341 non
1447 4289 1556 4353 sic;
1599 4289 1691 4361 sed
1728 4288 1780 4339 in
1817 4291 1994 4361 seipse

338 4387 340 4389 >
414 4357 623 4414 Patrem
669 4361 864 4426 habet,
903 4370 958 4414 et
995 4361 1112 4430 ipse
1149 4360 1201 4414 in
1243 4359 1510 4430 Patre_es_t
1538 4376 1550 4412 :
1581 4357 1674 4412 sed
1717 4357 1897 4430 neque:
1926 4375 1992 4413 ex

415 4433 652 4498 proiectu
678 4431 743 4484 ad
779 4427 1088 4498 dignitatem
1113 4429 1371 4485 ascendit.
1407 4427 1540 4484 Vide
1566 4443 1792 4498 namque
1826 4427 1993 4483 l’ilato

415 4499 774 4570 interrogante
798 4518 812 4555 :
839 4498 951 4556 Rea:
969 4518 1021 4555 es
1043 4511 1098 4554 tu
1119 4499 1296 4570 (Joan.
1323 4499 1408 4570 18.
1430 4498 1564 4565 37)?
1588 4513 1814 4568 quonam
1840 4498 1991 4554 illum

411 4587 476 4625 ex
519 4569 930 4640 interrogatione
971 4569 1250 4627 abduxerit
1283 4590 1296 4625 :
1329 4569 1408 4623 Tu
1451 4571 1579 4640 dicis
1622 4570 1856 4634 Quoniam
1902 4586 1992 4624 rex

411 4657 522 4695 sum
545 4657 564 4694 :
583 4659 675 4712 ego
700 4639 751 4696 in
776 4643 870 4696 hoc
892 4653 1040 4696 natus
1065 4657 1212 4706 sum;
1239 4640 1289 4696 id
1319 4649 1421 4707 est,
1452 4639 1692 4712 Regnum
1720 4654 1823 4712 non
1857 4649 1991 4712 tem-

412 4711 726 4782 poraneum,
759 4714 898 4768 sicut
924 4723 979 4767 et
1005 4722 1180 4767 ortum
1209 4712 1398 4766 habeo.
1433 4711 1510 4766 Ad
1545 4711 1683 4782 hunc
1715 4711 1988 4782 psalmista

410 4781 525 4837 siue
550 4785 652 4838 ulla
681 4785 961 4838 verborum
991 4782 1211 4853 ambage
1235 4797 1536 4837 sermonem
1567 4781 1764 4853 dirigit.
1795 4783 1847 4835 8.
1880 4781 1988 4836 Do-

409 4854 540 4908 mine
581 4853 715 4908 Deus
755 4861 920 4908 noster
941 4895 958 4921 ,
998 4863 1052 4907 tu
1089 4851 1390 4907 eahudiebas
1444 4869 1546 4907 eos.
1608 4851 1748 4906 Deus
1783 4863 1988 4908 noster:

409 4926 674 4994 quorum?
717 4925 910 4978 Eorum
940 4925 1030 4994 qui
1059 4938 1155 4992 per
1183 4924 1339 4978 ﬁdem
1382 4925 1478 4992 ipsi
1506 4923 1892 4986 militaverunt,
1932 4933 1989 4978 et

413 4993 574 5048 Deum
603 4995 693 5063 qui
722 5011 883 5061 super
920 4993 1096 5048 omnia
1135 5003 1218 5049 est
1255 4993 1604 5063 possederunt
1634 5003 1692 5048 ut
1729 4993 1826 5047 sibi
1861 5008 1986 5062 pro-

409 5065 580 5137 prium
609 5081 705 5137 per
732 5065 1069 5134 adoptionem
1099 5065 1362 5137 baptismi.
1393 5064 1544 5133 Quod
1560 5077 1740 5137 mitem
1774 5065 1908 5137 Deus
1931 5066 1984 5119 in

410 5135 594 5206 primis
611 5135 824 5191 dicatur
847 5152 1034 5190 eorum
1058 5135 1149 5206 qui
1177 5137 1228 5189 in
1250 5135 1419 5204 ipsum
1445 5135 1801 5198 crediderunt,
1830 5135 1986 5206 docet.

406 5205 642 5260 Thomas
683 5226 696 5260 :
738 5222 859 5260 cum
889 5207 1032 5262 enim
1059 5205 1326 5260 Christum
1353 5215 1691 5261 contrectans
1717 5205 1941 5259 credidit
1963 5246 1978 5268 ,

409 5275 656 5331 Dominus
682 5294 821 5331 meus
843 5287 891 5330 et
917 5276 1055 5330 Deus
1080 5293 1216 5331 meus
1248 5274 1434 5348 (loau.
1465 5275 1556 5330 20.
1584 5273 1686 5348 28)
1716 5275 1824 5340 ait;
1857 5290 1982 5348 pro-

408 5348 579 5415 prium
611 5363 764 5402 suum
794 5348 1135 5417 proclamavit
1166 5346 1329 5400 Deum
1356 5362 1477 5401 eum
1509 5346 1784 5417 quisuper
1805 5347 1982 5400 oumia

409 5420 547 5473 Deus
573 5429 672 5472 est.
708 5416 804 5472 llic
829 5420 1024 5488 itaque,
1053 5419 1104 5472 in
1134 5433 1292 5488 quem
1321 5432 1418 5471 nos
1441 5416 1784 5483 credidimus,
1816 5432 1844 5488 a
1875 5417 1983 5486 pri-

405 5492 510 5542 scis
542 5491 647 5546 illis
668 5487 827 5557 justis
869 5487 975 5542 non
1027 5487 1402 5558 ignorabatur;
1446 5488 1791 5556 quamobrem
1834 5487 1982 5557 ipsos

407 5556 684 5627 precantes
707 5556 1124 5619 exaudiebatfut
1146 5556 1491 5613 testiﬁcantur
1511 5558 1806 5626 sequentia:
1824 5556 1984 5627 Deus,

405 5639 458 5681 tu
483 5628 731 5698 prapitius
756 5630 894 5698 fuisti
921 5632 990 5682 eis
1012 5639 1057 5683 et
1078 5627 1394 5698 ulcisceusin
1423 5643 1590 5682 omnes
1609 5628 1981 5682 adinventiones

405 5715 596 5752 eoriun.
635 5697 794 5754 Vides
821 5715 943 5753 eum
973 5699 1041 5754 de
1069 5699 1280 5754 Christo
1303 5697 1478 5753 dicere
1510 5716 1523 5750 :
1557 5699 1656 5767 ipsi
1686 5699 1825 5752 enim
1861 5714 1980 5766 pro-

408 5773 578 5838 prium
597 5779 699 5833 est,
720 5770 949 5838 peccatis
975 5772 1189 5834 nostris,
1217 5786 1321 5824 non
1347 5784 1486 5824 nunc
1513 5776 1740 5837 tantum,
1760 5769 1851 5822 sed
1876 5770 1980 5838 pri-

405 5842 511 5898 scis
541 5840 871 5914 temporibus
894 5842 1180 5921 prepitium
1207 5855 1329 5904 esse
1351 5859 1363 5896 :
1386 5839 1452 5908 de
1473 5857 1577 5917 quo
1601 5840 1760 5902 etiam
1786 5840 1978 5902 Paulus

1775 357 1840 414 IN
1877 359 2194 416 PSAIMUM
2237 359 2395 417 XCIX

3643 376 3748 434 78!

2158 475 2288 559 dicit
2319 493 2333 530 :
2365 478 2524 560 Quem
2538 480 2828 603 (Imposuit
2867 479 3004 565 Deus
3040 486 3444 554 propitiatorinm
3479 507 3567 560 per
3593 495 3746 561 ﬁdem

2158 563 2206 601 ιη
2237 565 2480 603 sanaume
2505 567 2536 602 α
2600 562 2933 603 ostensionem
2972 556 3181 603 "mliti!!!
3204 558 3314 603 ρῐοιι
3337 561 3514 603 (nam-
3544 563 3579 603 3
3626 565 3718 603 om

2153 551 2206 633 in
2237 551 2572 633 sanguinead
2588 555 2933 633 _ostensione_m
2962 551 3181 624 justitite
3204 558 3314 633 eius
3337 551 3515 626 (Rom.
3544 551 3604 618 5.,
3626 565 3743 633 ‘25).

2158 617 2273 700 Ipse
2297 617 2638 702 ulcisciturin
2661 636 2848 702 omnes
2865 617 3582 702 justorumadiuventiones.
3609 617 3742 702 ριἶίιὲ

2153 690 2294 741 enim
2327 693 2491 766 multa
2523 692 2592 766 illi
2621 693 2686 744 ad
2717 690 2939 749 salutém
2970 699 3182 766 generis
3211 699 3425 754 humani
3453 690 3744 762 adinveiie-

2151 761 2996 839 runt_,__spiritualisqueinimicus
3028 768 3154 839 ipsis
3182 769 3592 839 adversabatur,
3628 761 3738 834 ulta

2154 840 2236 914 est
2262 831 2384 914 illos
2411 848 2563 897 crux,
2596 843 2702 888 tum
2729 834 2990 914 justorum
3016 831 3421 914 adiuventiones
3445 831 3743 914 stabiliens,

2154 908 2262 954 tum
2297 902 2485 975 tollens
2511 919 2622 975 eas,
2654 921 2776 959 cum
2801 906 3063 975 quispiam
3093 909 3305 965 inutiles
3333 913 3542 967 labores
3571 902 3744 972 susci:

2151 981 2318 1039 peret.
2348 974 2422 1027 De
2441 974 3193 1050 quibusclamabatleremias
3221 998 3234 1034 :
3261 981 3362 1035 Hei
3381 985 3524 1050 milii,
3551 998 3741 1044 mater:

2148 1057 2294 1110 quem
2323 1060 2402 1096 me
2422 1045 2672 1115 genuisti,
2696 1047 2754 1120 in
2781 1048 2956 1115 litigiis
2981 1060 3026 1102 et
3055 1045 3577 1120 disceptationibus'in
3603 1060 3743 1114 onmi

2149 1121 2283 1193 terra
2308 1129 2326 1168 :
2351 1131 2508 1193 neque
2535 1118 2725 1193 profui,
2757 1133 2916 1193 neque
2943 1122 3135 1193 profuit
3161 1118 3288 1193 mihi
3307 1124 3568 1193 quisquam
3597 1144 3615 1182 :
3641 1131 3742 1183 vir—

2101 1203 2106 1210 -
2147 1192 2227 1268 t'us
2257 1201 2365 1268 mea
2395 1187 2572 1268 defecit
2597 1187 2650 1240 in
2677 1187 3086 1268 muledicentibus
3114 1207 3192 1244 me
3203 1193 3244 1268 __(
3261 1187 3370 1247 Jcr.
3406 1187 3490 1250 15.
3523 1197 3648 1268 10).
3683 1200 3737 1257 9.

2152 1251 2390 1332 Exultate
2413 1251 2685 1332 Dominum
2721 1257 2883 1332 Deum
2910 1270 3157 1332 nostrum.
3203 1251 3379 1332 Ecqua
3412 1251 3736 1327 exaltatioiie

2145 1337 2281 1400 Opus
2309 1326 2464 1400 habet
2488 1328 2576 1400 qui
2602 1339 2682 1382 est
2705 1329 3032 1382 altissimus?
3056 1326 3322 1400 quomodo
3341 1335 3406 1390 ab
3431 1326 3736 1397 hominibus

2145 1395 2465 1475 cualtabitur
2490 1395 2690 1475 quiest
2728 1401 2776 1450 in
2817 1401 3000 1475 oculis?
3035 1395 3224 1475 Verum
3254 1405 3356 1459 alta
3384 1448 3398 1470 ,
3428 1407 3592 1475 inquit
3621 1453 3636 1475 ,
3667 1395 3735 1465 de

2147 1464 2236 1538 illo
2273 1464 2522 1533 cogitate;
2565 1467 2680 1534 Quo
2709 1471 2904 1538 pacto?
2943 1470 3011 1523 Et
3041 1473 3250 1526 adorata
3283 1476 3334 1528 in
3369 1464 3533 1530 monte
3561 1464 3736 1535 sancto

2143 1536 2272 1605 ejus.
2306 1538 2541 1592 Altitudo
2570 1536 2886 1608 ergo—Verbi
2933 1542 3022 1595 Dei
3063 1555 3147 1596 est
3180 1545 3422 1600 adoratio
3463 1549 3512 1601 in
3553 1563 3735 1607 monte

2143 1617 2348 1691 sancto.
2377 1608 3008 1691 Qllellladlllpdllllll§llllll
3035 1614 3220 1691 gloria
3241 1617 3349 1684 regi
3379 1629 3502 1672 sunt
3532 1628 3733 1691 tropa-a

2142 1677 2196 1757 in
2242 1677 2380 1732 bello
2415 1689 2600 1748 parta;
2647 1681 2724 1734 sic
2751 1692 2807 1757 et
2834 1677 3062 1737 Christo'
3079 1677 3410 1757 cruciatdum
3451 1677 3730 1747 tolerantia

2141 1752 2195 1800 in
2229 1758 2410 1804 monte
2435 1761 2640 1817 sancto,
2673 1752 2760 1820 qui
2789 1766 3000 1806 crucem
3029 1756 3280 1824 suscepit,
3313 1759 3568 1815 exhibita.
3600 1763 3734 1818 San-

2139 1826 2701 1895 etum__autem__vocat
2724 1832 2999 1895 montem,
3032 1839 3136 1878 nou
3172 1842 3237 1880 ex
3281 1829 3495 1895 seipso,
3537 1835 3630 1888 sed
3667 1851 3732 1890 ex

2140 1889 2390 1959 Cruciﬁxi
2422 1892 2473 1944 in
2502 1892 2648 1947 illum
2672 1892 2922 1947 adventu.
2953 1893 3074 1949 Ideo
3099 1895 3276 1950 intulit
3305 1915 3318 1951 :
3343 1889 3590 1959 Quoniam
3611 1889 3732 1959 stth

2138 1967 2249 2013 ctus
2279 1958 2528 2040 Dominus
2555 1962 2902 2040 Dettsmoster.
2936 1964 3148 2040 vero
3174 1958 3411 2034 sanctus,
3439 1958 3732 2040 quodcum-

2138 2045 2244 2099 que
2269 2031 2386 2101 ejus
2414 2031 2648 2088 advcutu
2676 2033 2926 2105 dignatur
2951 2035 3043 2090 ille
3061 2077 3076 2099 ,
3108 2047 3351 2092 sanctum
3380 2031 3629 2098 ellicitur.

2317 2145 2371 2200 1.
2411 2143 2602 2200 Davidi
2620 2147 2689 2201 ad
2711 2148 3092 2215 confessionem.
3141 2148 3377 2207 Psalmus
3405 2168 3546 2210 xcrx.

2208 2237 2518 2312 linonymus
2545 2249 2627 2294 est
2655 2239 2741 2312 hic
2766 2239 3008 2312 Psalmus
3031 2282 3046 2305 ,
3089 2256 3262 2312 neque
3287 2243 3406 2298 ideo
3443 2255 3617 2303 tamen
3643 2261 3728 2308 est

2132 2320 2162 2388 ξι
2207 2307 2420 2388 Davidis
2464 2311 2739 2388 prophetia
2781 2311 2986 2388 alieuus
3017 2328 3032 2365 :
3062 2307 3439 2388 sed't'ortassis
3469 2334 3572 2372 non
3599 2307 3720 2376 eum

2133 2379 2185 2431 in
2229 2379 2428 2456 templo
2456 2379 2672 2456 cithara
2706 2381 2971 2456 pulsavit,
3019 2397 3192 2452 neque
3232 2385 3350 2456 aliis
3396 2388 3720 2456 psalmorum

2131 2449 2440 2529 cantoribus
2482 2449 2723 2529 tradidit:
2751 2451 2986 2529 ludoque
3015 2449 3259 2529 estquod
3290 2449 3410 2529 enni
3441 2460 3719 2529 prophetia

2129 2519 2246 2601 sine
2271 2521 2485 2601 nomine
2513 2523 2717 2576 ellerat.
2769 2519 3034 2601 Caeterum
3068 2519 3153 2580 hic
3181 2519 3571 2601 confessionem
3593 2548 3718 2601 gra-

2130 2591 2321 2666 tiarum
2351 2591 2614 2666 actionem
2641 2607 2763 2666 esse
2792 2594 3148 2664 intelligamus
3177 2607 3406 2666 oportet.
3440 2599 3549 2656 lloc
3573 2591 3716 2658 e'nim

2124 2661 2409 2736 vulthipse
2444 2663 2738 2736 pr0phetia:
2783 2661 3054 2736 sequentis
3095 2661 3305 2736 scopas.
3356 2669 3713 2735 Quamobrem

2123 2731 2346 2807 Aquila,
2381 2731 3040 2807 lnAgratiarumactionem,
3069 2731 3438 2807 Symmachus,
3469 2740 3534 2794 In
3560 2741 3712 2798 bene-

2123 2800 2412 2868 dictionem,
2436 2800 2626 2870 Quinta
2648 2803 2832 2867 editio.
2862 2807 2929 2860 In
2948 2800 3171 2870 tandem,
3201 2800 3500 2864 ediderunt.
3532 2811 3710 2868 2.1u-

2122 2871 2274 2925 bilate
2316 2872 2458 2936 Deo,
2509 2873 2670 2928 omnis
2715 2884 2878 2938 terra,
2933 2878 3111 2930 sei-vite
3152 2877 3372 2932 Domino
3415 2880 3469 2934 in
3511 2884 3707 2939 ltetitia.

2121 2941 2339 3010 Magnus
2361 2959 2500 2998 nunc
2528 2944 2822 3014 prophetia:
2850 2946 2982 3001 ordo
3007 2957 3254 3002 accurate
3285 2949 3430 3004 illam
3457 2955 3706 3010 conside-

2118 3013 2358 3068 rautihus
2396 3013 2832 3084 deprehenditur.
2881 3015 3116 3072 Juhilare
3156 3019 3298 3074 enim
3343 3037 3557 3078 onmem
3601 3035 3708 3082 ter-

2119 3099 2230 3136 ram
2273 3084 2454 3153 juhet,
2489 3086 2638 3154 quasi
2672 3086 2891 3141 victoria
2920 3103 2950 3141 a
2975 3089 3129 3144 nobis
3161 3089 3228 3144 de
3251 3095 3518 3147 communi
3551 3094 3705 3154 hoste

2117 3167 2424 3223 reportata;
2472 3171 2593 3210 cum
2637 3157 2868 3212 sciamus
2906 3167 3081 3212 autem
3115 3161 3281 3215 Deum
3321 3176 3441 3217 esse
3467 3165 3702 3224 victoriae

2114 3233 2396 3304 auctorem
2412 3268 2426 3289 ,
2456 3228 2568 3304 vult
2594 3238 2650 3304 ut
2681 3228 2753 3304 illi
2782 3229 3080 3304 seryjmuus
3106 3231 3159 3284 in
3189 3231 3368 3304 laetitia
3400 3249 3414 3285 :
3442 3239 3699 3304 quemad-

2112 3296 2328 3349 modum
2358 3296 2554 3352 Paulus
2579 3297 2834 3372 dicchatA;
2865 3297 2934 3354 Ut
2969 3316 3141 3372 omnes
3165 3296 3502 3372 gaudeamus,
3536 3308 3700 3363 inces-

2110 3376 2281 3442 santer
2321 3384 2550 3442 oremus,
2593 3370 2648 3442 in
2675 3368 2906 3442 omnibus
2933 3371 3125 3442 gratias
3151 3368 3366 3442 dgantus
3405 3368 3495 3442 (Ι.
3515 3376 3694 3435 Tltess.

2109 3437 2162 3490 5.
2185 3437 2294 3507 l6),
2311 3440 2668 3516 scientescui,
2687 3447 2742 3516 et
2756 3437 2948 3516 quibus
2964 3437 3355 3516 conditionibus
3375 3437 3693 3516 serviamus,

2109 3509 2495 3586 quaservitute
2523 3509 2962 3586 liberati-simus,
3011 3521 3068 3566 et
3105 3512 3173 3568 ad
3215 3530 3374 3583 quam
3419 3509 3692 3586 Vocemur,

2107 3577 2244 3657 quod
2269 3581 2454 3658 jungam
2486 3595 2580 3648 pro
2600 3595 2704 3658 quo
2726 3580 2856 3658 jugo
2875 3577 3334 3658 commutavinius,
3364 3603 3461 3657 pro
3487 3577 3686 3658 gravis-

2106 3649 2249 3729 simo-
2268 3649 2594 3729 leuissimum
2633 3649 2847 3729 adepti._
2877 3649 3473 3729 IntroiteinconspEctu
3488 3649 3610 3729 Ejus
3637 3664 3689 3718 in

2104 3719 2438 3774 exsultatione
2469 3736 2487 3773 :
2521 3721 2570 3774 id
2601 3731 2702 3784 est,
2739 3719 2801 3776 in
2833 3723 3014 3777 laetitia
3040 3741 3054 3788 ;
3098 3719 3336 3780 laetitiam
3360 3745 3484 3783 vero
3506 3719 3689 3787 subin~

2106 3789 2292 3869 telligit
2324 3805 2429 3844 non
2462 3791 2597 3869 hanc
2622 3795 3017 3869 temporariam.
3057 3795 3517 3869 Quemadmodum
3545 3804 3686 3859 enim

2103 3863 2230 3937 viris
2257 3876 2541 3937 puerorum
2573 3863 2752 3937 laetitia
2781 3864 2998 3918 ridicula
3020 3867 3246 3930 videtur,
3274 3872 3524 3937 quoniam
3555 3873 3589 3926 ii
3619 3876 3686 3931 de

2102 3930 2262 4011 rebus
2281 3933 2474 4011 nullius
2505 3934 2933 4011 pretii_l:etautur
2957 3945 3012 3990 et
3032 3930 3324 4011 gloriantur
3357 3958 3370 3995 :
3397 3941 3476 3996 sic
3498 3930 3686 4011 pecua;

2103 4010 2300 4075 torum_
2330 4003 2508 4075 lartitia
2551 4003 2711 4075 justis
2754 4005 2962 4060 videtur
3011 4007 3392 4075 vituperanda;
3441 4003 3687 4072 Iactamur

2099 4071 2241 4126 enim
2259 4072 2338 4151 de
2363 4074 2602 4151 eiecitaw
2629 4074 2801 4151 deque
2825 4075 3032 4151 divitiis
3055 4071 3329 4151 cx'rapina
3359 4071 3544 4151 partis,
3586 4071 3681 4141 de;

2098 4156 2202 4211 que
2226 4143 2343 4220 aliis
2381 4143 2783 4220 hujuscemodi,
2825 4147 2893 4201 de
2925 4147 3121 4220 quibus
3145 4143 3376 4218 gaudere
3400 4167 3506 4206 non
3530 4143 3680 4220 licet,

2097 4214 2524 4288 quandoquidem
2573 4214 3071 4288 ante_tremendum
3103 4214 3336 4288 jddicem
3383 4214 3680 4282 adducendi

2096 4298 2309 4363 sumus;
2358 4284 2453 4339 sed
2497 4285 2764 4363 potius_de
2791 4284 3119 4363 contrariis,
3147 4303 3275 4363 cum,
3313 4292 3449 4363 bona
3497 4307 3680 4353 nostra

2096 4353 2439 4434 diripiuntur,
2463 4353 2584 4410 cum
2605 4356 2884 4434 calumniis
2901 4357 3225 4434 impeti_mur,
3249 4362 3314 4420 de
3330 4361 3685 4434 his,inquam,
3723 4358 3740 4372 ’

2097 4426 2387 4506 poterimus
2426 4426 2626 4506 intrage
2662 4427 2714 4506 in
2743 4426 3033 4506 conspectu
3052 4431 3186 4506 _Dei_
3209 4433 3261 4485 iu
3292 4426 3676 4506 exsultaitone,

2095 4494 2238 4575 quod
2263 4495 2536 4575 declarant
2566 4497 2772 4552 Domini
2808 4494 2965 4575 verba
2994 4517 3009 4553 :
3040 4498 3186 4575 Beati
3213 4503 3338 4575 estis
3353 4519 3469 4557 cum
3487 4494 3678 4575 αρνοί
3719 4534 3723 4543 ·

2096 4566 2343 4638 braoerint
2366 4583 2450 4621 vos
2470 4608 2486 4633 ,
2531 4577 2578 4621 et
2607 4570 2886 4638 persequuti
2927 4571 3156 4638 fuerint;
3200 4582 3245 4625 et
3287 4574 3504 4629 dixerint
3533 4566 3681 4634 omne

2094 4637 2287 4714 malum
2315 4639 2516 4714 verbum
2540 4649 2716 4692 contra
2738 4637 2822 4714 vos
2843 4637 3151 4709 mentientes,
3180 4653 3383 4714 propter
3410 4663 3505 4701 me.
3537 4648 3678 4703 Gau-

2093 4707 2206 4779 dete
2230 4709 2577 4779 etregsultate,
2617 4711 2855 4779 quoniam
2897 4727 3082 4765 merces
3120 4707 3284 4767 uestra
3321 4717 3482 4770 multa
3515 4729 3588 4772 est
3620 4721 3676 4775 in

2091 4777 2230 4854 ctelis
2269 4777 2480 4854 (Matt/1.
2506 4781 2561 4834 5.
2594 4777 2682 4834 11.
2717 4780 2822 4851 12).
2854 4781 3140 4854 ὄγδείιοιε
3159 4785 3397 4854 quoniam
3425 4786 3676 4844 Dominus

2092 4849 2199 4929 ipse
2225 4847 2297 4929 est
2319 4847 2475 4929 ﬂDeus
2515 4861 2715 4916 noster;
2758 4847 2865 4920 ipse
2907 4852 3023 4921 fecit
3062 4847 3184 4929 nos,
3232 4865 3276 4910 et
3303 4874 3405 4929 non
3430 4858 3531 4929 ipsi
3557 4877 3671 4917 nos.

2092 4917 2281 4974 Viden’
2318 4918 2572 4994 Spiritum
2602 4917 2786 4994 contra
2830 4917 3041 4978 omnem
3091 4925 3320 4994 linguam
3367 4917 3670 4985 luereticam

2131 4992 2364 5072 tignare‘l
2391 4991 2527 5072 Quia
2549 4993 2690 5046 enim
2718 4991 3272 5072 quidam'l‘riuitaiem
3303 4998 3550 5072 scindere
3571 5041 3586 5066 ,
3617 5012 3674 5057 et

2144 5061 3053 5138 uigepiti_dignitatem_vitipendcre
3079 5066 3315 5138 volentes
3335 5110 3350 5133 ,
3382 5069 3551 5138 ipsum
3574 5061 3669 5126 ⁷(Ιὶ-

2090 5141 2218 5186 cunt
2250 5133 2316 5205 in
2359 5131 2630 5205 Scriptura
2675 5131 2852 5187 divma
2883 5137 3058 5189 vocari
3089 5131 3416 5205 Dominum,
3455 5139 3669 5198 Patrem

2092 5216 2221 5257 vero
2247 5202 2411 5277 Deum
2437 5218 2500 5258 ac
2522 5202 2874 5277 diﬁ'ereutiam
2917 5207 3058 5260 inter
3087 5206 3368 5262 Dominum
3393 5202 3452 5264 et
3478 5211 3668 5277 Deum,

2088 5287 2208 5341 qua:
2229 5273 2372 5347 nulla
2401 5283 2482 5328 est
2514 5274 2797 5347 inducunt,
2826 5285 2985 5347 atque
3012 5277 3356 5347 apostolicam
3387 5295 3572 5336 vocem
3600 5273 3681 5338 ad

2089 5344 2379 5414 perniciem
2422 5359 2572 5398 suam
2617 5345 2669 5398 in
2719 5344 3105 5414 blasphemiam
3153 5349 3486 5405 detrahunt:
3524 5351 3669 5407 Unus

2090 5412 2238 5488 Deus»
2257 5414 2412 5488 Pater
2431 5455 2446 5478 ,
2488 5431 2691 5488 ecquo
2732 5412 2928 5480 omnia,
2958 5427 3004 5469 et
3033 5433 3124 5470 nos
3146 5420 3196 5471 in
3226 5419 3391 5488 ipsum
3420 5437 3437 5472 :
3464 5433 3510 5474 et
3535 5439 3668 5478 unus

2089 5483 2334 5562 Daumius
2366 5485 2517 5539 Jesus
2543 5485 2772 5562 Christus
2794 5504 2939 5562 ,‘per
2973 5504 3122 5562 quem
3163 5483 3334 5543 omnia
3363 5493 3437 5562 (1.
3469 5494 3585 5562 (Sor.
3609 5493 3664 5549 8.

2088 5554 2143 5626 6)
2177 5572 2190 5608 :
2221 5555 2517 5625 Filiumque
2545 5556 2727 5610 dicunt
2768 5554 3026 5612 minorem
3058 5558 3213 5614 Patre
3243 5571 3301 5614 ut
3345 5554 3664 5618 liominum:

2088 5642 2193 5701 non
2213 5628 2364 5701 enim
2393 5627 2560 5682 Deum
2581 5628 3125 5701 nominari‘ell'utiunt,
3155 5645 3326 5701 neque
3345 5633 3442 5700 ipsi
3467 5633 3668 5690 adscri-

2086 5697 2315 5770 bendum
2343 5712 2462 5753 esse
2499 5713 2693 5752 nomen
2734 5697 2861 5752 illud
2905 5699 3192 5754 secundum
3220 5697 3538 5770 aposiolicas
3568 5721 3664 5760 vo-

2086 5783 2213 5823 ces:
2255 5767 2436 5844 Verum
2462 5786 2562 5844 non
2588 5770 2642 5822 in
2682 5770 2911 5844 omnibus
2947 5772 3154 5824 scientia
3190 5767 3268 5825 est
3291 5772 3453 5841 (Ibid.
3482 5792 3530 5827 υ.
3557 5777 3611 5844 7)
3643 5791 3657 5828 :

2091 5849 2144 5906 ut
2172 5855 2357 5896 eorum
2388 5839 2568 5898 timida
2597 5855 2834 5913 vanaque
2862 5841 3001 5898 dicta
3031 5839 3342 5913 prxsciudait
3380 5839 3668 5919 propheta,
