4178 6420
771 372 4001 429 m

1664 547 2073 638 SANCTI
2172 546 2621 638 PATRIS'
2664 551 3106 644 NOSTRI

1139 746 2010 905 JOANNIS
2155 750 3631 916 CHRYSOSTOMI

1546 1000 2185 1057 ARClllEPlSCOPl
2249 1001 3227 1062 CONSTANTINOPOLITANI

1889 1160 2318 1266 OPERA
2395 1140 2852 1271 OMNIA.

2223 1358 2523 1372 ...ρ’-.-

1170 1520 1256 1576 IN
1301 1521 1656 1602 manauit
1699 1519 1795 1575 ιιι
1826 1521 1925 1592 (a).

736 1612 971 1667 l'udmus
1010 1612 1202 1676 David,
1248 1629 1361 1666 cum
1390 1615 1582 1683 fugeret
1612 1628 1642 1664 a
1663 1613 1795 1683 facie
1822 1610 2065 1665 Absalom
2092 1610 2187 1679 lilii
2220 1611 2316 1663 sui.

804 1704 1035 1772 Domine,
1065 1705 1185 1775 quid
1209 1705 1527 1774 multiplicati
1551 1714 1664 1757 sunt
1687 1703 1773 1771 qui
1800 1702 2040 1757 tribulam
2063 1719 2142 1755 me
2174 1702 2245 1773 (υ.
2270 1704 2317 1755 l.

797 1795 924 1865 2)?
2236 1784 2256 1808 ⁸

800 1908 1032 1961 Ducibus
1092 1907 1370 1962 victoriam
1412 1906 1715 1976 asseqnutis
1765 1921 1918 1976 reges
1973 1904 2320 1973 triumphales

725 2007 931 2066 ponunt
956 2006 1158 2050 statuas
1190 2015 1203 2050 :
1233 1996 1430 2065 aurigis
1458 1982 1584 2050 vero
1611 2006 1665 2050 et
1688 1994 1904 2049 athletis
1928 1996 1944 2025 ²
1979 1994 2238 2063 imagines
2264 2003 2317 2048 et

724 2087 999 2141 columnas
1049 2101 1234 2141 eorum
1261 2087 1497 2140 victoria:
1526 2094 1694 2140 testes
1732 2087 1966 2140 excitant
2009 2084 2273 2154 principes
2298 2126 2313 2149 ,

722 2186 778 2230 et
828 2178 1171 2247 inscriptione
1216 2188 1483 2248 tamquam
1522 2192 1617 2232 ore
1665 2176 1936 2244 efficiunt,
1992 2186 2051 2231 ut
2095 2178 2313 2231 materia

722 2268 995 2323 victoriam
1045 2268 1322 2338 praedicet.
1371 2269 1477 2322 Alii
1520 2283 1706 2323 rursus
1736 2270 1787 2321 in
1828 2267 1987 2322 libris
2018 2276 2073 2321 et
2101 2268 2314 2336 scriptis

722 2363 984 2417 victorum
1015 2363 1224 2423 laudem
1252 2363 1563 2419 describunt
1582 2406 1597 2430 ,
1629 2378 1753 2416 suas
1785 2363 1838 2417 in
1882 2361 2147 2417 laudando
2170 2363 2313 2415 vires

721 2455 819 2521 iis,
846 2457 934 2525 qui
980 2455 1287 2519 laudantur,
1322 2456 1553 2525 majores
1580 2454 1821 2508 volentes
1866 2454 2193 2509 ostendere"
2220 2453 2312 2507 Pi-

719 2560 894 2601 ctor-es
922 2558 1090 2612 certe,
1122 2547 1383 2609 statuarii,
1415 2547 1744 2615 sculptores,
1776 2547 1988 2615 populi,
2022 2545 2309 2616 principes,

719 2637 961 2690 civitates
980 2677 994 2699 ,
1026 2645 1080 2691 et
1107 2638 1225 2707 pagi
1256 2638 1487 2691 victores
1529 2636 1860 2691 admirantur
1889 2655 1902 2691 :
1947 2652 2105 2693 nemo
2133 2647 2309 2690 autem

720 2727 999 2797 fugientis,
1044 2728 1264 2798 ejusque
1292 2728 1382 2797 qui
1430 2744 1533 2782 non
1561 2729 1758 2782 bellum
1800 2728 1997 2798 gessit,
2026 2728 2310 2797 descripsit

717 2816 1020 2887 imaginem,
1045 2829 1100 2870 ut
1124 2832 1263 2871 nunc
1288 2818 1465 2871 David.
1495 2819 1748 2873 Estenim
1778 2822 1824 2872 Ι.
1854 2818 2091 2873 Psalmus
2115 2818 2307 2886 Dauid,

716 2908 836 2961 dum
863 2911 1052 2977 fugeret
1078 2925 1111 2960 a
1140 2908 1268 2976 facie
1295 2907 1557 2961 Absalonis
1586 2910 1684 2976 ﬁlii
1712 2910 1810 2962 sui.
1859 2910 1921 2962 Et
1949 2909 2161 2978 quando
2189 2911 2306 2963 lau-

714 2997 784 3053 de
806 3008 996 3069 dignus
1021 3009 1101 3054 est
1129 3003 1216 3068 qui
1238 2998 1417 3069 fugit?
1480 3002 1692 3068 quando
1735 3001 1925 3070 dignus
1965 3012 2050 3057 est
2097 3002 2309 3057 habitus

714 3100 866 3142 essm
890 3128 905 3153 ,
932 3102 1085 3157 cujus
1115 3103 1309 3142 nomen
1339 3089 1753 3143 inscriberetur?
1795 3090 2069 3159 Fugitivos
2097 3093 2307 3162 scriptis

714 3175 886 3231 literis
921 3185 1339 3246 persequuntur,
1390 3193 1497 3231 non
1544 3178 1806 3232 honorant
1848 3180 2302 3250 inscriptionibus.

714 3264 821 3322 Sed
870 3266 1047 3331 disce,
1076 3282 1109 3320 ο
1164 3265 1361 3333 frater,
1394 3282 1613 3321 causam
1663 3268 2139 3339 inscriptionis,et
2189 3274 2307 3326 ani-

714 3371 853 3410 mam
888 3366 1027 3410 tuam
1054 3357 1105 3409 in
1138 3365 1251 3409 tuto
1275 3358 1473 3411 colloca
1500 3374 1515 3421 ;
1568 3357 1639 3411 sit
1664 3358 1759 3413 tibi
1790 3358 2027 3415 historiae
2069 3352 2306 3417 narratio

713 3446 834 3502 vita:
864 3458 968 3500 tute
1011 3448 1271 3501 correctio
1300 3465 1314 3512 ;
1349 3451 1416 3501 sit
1438 3448 1562 3517 justi
1594 3453 1941 3520 persequutio
1970 3452 2165 3507 mentis
2196 3461 2304 3508 sta-

712 3538 1063 3592 bilimentmn.
1094 3537 1247 3592 Disce
1273 3553 1368 3592 cur
1398 3538 1649 3593 Davidem
1679 3554 2099 3611 persequeretur
2128 3543 2299 3598 Absaa

712 3630 842 3689 lum,
867 3636 1062 3680 utcum
1085 3642 1183 3682 ceu
1209 3630 1285 3683 rei
1303 3629 1719 3701 fundamentum
1753 3637 2021 3694 inveneris
2046 3679 2065 3706 ,
2112 3635 2302 3695 timore

707 3722 918 3778 Domini
940 3723 1242 3778 mdiliceris.
1268 3724 1731 3792 Quemadmodum
1772 3726 1915 3782 enim
1945 3728 2145 3797 absque
2170 3729 2293 3784 fun-

708 3816 963 3867 damento
1010 3814 1243 3868 invalida
1290 3823 1346 3869 et
1384 3817 1648 3872 imbecilla
1691 3828 1777 3873 est
1830 3820 2153 3876 aediﬁcatio:
2193 3824 2297 3888 ita,

648 3958 651 3959 ν
709 3907 808 3961 nisi
839 3908 1052 3963 invento
1078 3922 1241 3976 scopo
1269 3923 1331 3962 ac
1359 3910 1629 3974 instituto,
1672 3910 1944 3981 Scriptura
1969 3922 2051 3967 est
2079 3914 2297 3969 inutilis.

781 3995 1036 4051 Probatur
1060 3999 1213 4051 variis
1240 3998 1523 4068 Scriptura!
1569 4016 1729 4055 sactae
1757 4005 2012 4057 sententiis
2038 4013 2087 4059 et
2128 4021 2299 4060 exem-

708 4091 808 4161 plis
832 4088 992 4143 Deum
1020 4090 1239 4143 dissidiis
1262 4091 1548 4144 domesticis
1566 4132 1584 4158 ,
1615 4093 1885 4148 rebellione
1908 4105 2252 4151 creaturarum
2278 4139 2293 4162 ,

666 4164 755 4236 ~et
788 4182 1017 4235 omnibus
1057 4181 1205 4234 malis
1234 4182 1304 4235 uti
1328 4183 1381 4235 in
1408 4198 1607 4252 poenam
1631 4186 1838 4249 peccati.
1858 4186 2088 4241 -—Beati
2129 4188 2292 4243 David

707 4273 796 4325 hic
822 4286 1013 4341 scapus
1038 4270 1139 4326 fuit
1168 4289 1261 4342 per
1285 4275 1615 4343 propositum
1658 4274 1925 4330 Psalmum
1953 4279 2112 4333 vitam
2141 4280 2296 4334 insti-

710 4374 860 4416 tuere
889 4372 943 4417 et
970 4362 1232 4432 castigare
1255 4405 1270 4430 ,
1301 4374 1359 4419 ut
1383 4364 1512 4420 nihil
1540 4382 1775 4437 unquam
1807 4370 1930 4423 mali
1970 4370 2157 4437 faciat,
2200 4387 2299 4427 nec

706 4451 850 4522 leges
881 4453 972 4507 Dei
997 4444 1337 4523 contemnat,
1372 4470 1470 4511 nec
1498 4459 1764 4526 peccatori
1788 4474 1849 4515 ea
1871 4462 2151 4527 eveniant,
2179 4477 2298 4533 qua:

703 4545 802 4599 sibi
826 4554 1134 4599 evenerunt.
1159 4544 1415 4616 Fugiehat
1443 4548 1607 4602 filium
1633 4566 1789 4605 suum
1816 4551 1983 4607 David
2001 4593 2017 4618 ,
2041 4556 2293 4623 quoniam

704 4638 1001 4692 castitatem
1030 4638 1265 4708 fugerat;
1299 4639 1533 4711 fugiebat
1577 4643 1740 4698 tilium
1762 4687 1777 4707 .
1821 4647 2073 4716 quoniam
2106 4648 2296 4703 matri-

702 4732 938 4784 monium
985 4730 1229 4800 pudicum
1278 4732 1607 4798 violaverat;
1650 4735 1883 4805 fugiebat
1911 4739 2111 4805 ﬁlium,
2157 4757 2293 4810 quo-

704 4824 845 4876 niam
878 4822 1047 4892 legem
1082 4824 1172 4878 Dei
1202 4840 1322 4893 qua:
1352 4824 1505 4892 dicit,
1548 4826 1671 4880 Non
1702 4829 1897 4883 occides
1918 4872 1934 4897 ,
1964 4846 2065 4884 non
2091 4833 2293 4887 adulte-

699 4914 833 4968 rabis
875 4913 1176 4983 (Exod.20.
1213 4916 1301 4970 l5.
1356 4916 1482 4987 14),
1527 4916 1747 4999 fugerat.
1794 4921 1927 4986 Quia
1970 4923 2112 4976 enim
2160 4924 2289 4979 alie-

701 5022 823 5059 nam
881 5021 1069 5075 agnam
1137 5008 1188 5061 in
1262 5008 1479 5062 domum
1544 5024 1696 5063 suam
1774 5012 2169 5081 introduxerat,
2238 5026 2294 5071 et

698 5096 817 5165 ejus
866 5106 1131 5165 pastorem
1180 5097 1548 5165 interfecerat,
1600 5102 1690 5171 qui
1738 5112 1939 5158 eratex
1985 5103 2146 5160 domo
2194 5121 2290 5162 sua

698 5201 866 5256 agnus
885 5228 901 5252 ,
931 5199 1195 5257 pastorem
1218 5203 1384 5243 cornu
1412 5191 1644 5259 petebat.
1670 5193 1873 5249 Aliena:
1890 5194 2068 5249 domui
2091 5196 2288 5253 bellum

700 5278 902 5344 intulit,
939 5288 992 5334 et
1017 5295 1078 5349 ex
1108 5277 1271 5334 domo
1318 5293 1411 5333 sua
1461 5280 1564 5350 ipsi
1610 5282 1807 5339 bellum
1853 5286 2139 5341 excitatum
2184 5298 2284 5343 est.

697 5370 812 5425 Non
861 5379 943 5424 est
988 5380 1169 5425 meum
1230 5372 1545 5441 cogitatum,
1604 5374 1768 5443 ipsius
1815 5376 1908 5433 Dei
1936 5377 2134 5433 dictum
2162 5389 2285 5435 est:

762 5465 777 5539 ξ
812 5460 867 5539 in
888 5460 1417 5539 nﬁgnrrrilitionstprg,
1436 5460 1643 5539 athletis.
1686 5528 1712 5539 η

780 5522 831 5583 a)
864 5522 1025 5571 mllati
1069 5522 1407 5573 Commentarii
1451 5538 1561 5599 eum
1605 5528 1777 5577 Codice
1823 5536 1855 5577 tt
1918 5567 1946 5603 ,ε
1983 5530 2285 5643 1962⁴ἑηιιηε

693 5524 831 5665 Ξίὶλ
852 5584 936 5646 (ι”ί
971 5585 1577 5665 ἯυξίέεὲἓὲωἮξέεὲν
1602 5590 1649 5665 ἓν
1674 5589 1720 5661 δε
1746 5592 1800 5665 7:
1991 5592 2070 5665 *ἓν
2166 5596 2285 5665 χέε»

694 5644 989 5718 47ςςειὶιυιῐι
1009 5644 1283 5718 colbertino
1325 5646 1381 5696 l0
1416 5644 1571 5718 [nunc
1605 5644 1751 5713 Regio
1782 5644 1923 5716 145],
1954 5644 2284 5718 'qui'eosilem

696 5706 904 5833 ῗέἲιιῗὲε
926 5716 1133 5815 quwto
1159 5711 1310 5770 primo
1342 5706 1579 5775 continet,
1616 5706 1698 5762 ac“
1712 5706 1953 5776 praeterea
1980 5706 2059 5778 19,
2107 5719 2179 5779 ιυ,
2206 5719 2281 5782 ll,

782 5803 797 5829 ,
898 5778 946 5819 et
972 5800 975 5803 -
1036 5802 1069 5815 ..

1983 5530 2103 5580 1962
2139 5533 2285 5585 [nunc

2438 1529 2524 1583 ubi
2551 1544 2727 1589 autem
2772 1543 2912 1596 Deus
2936 1554 3018 1600 est
3042 1550 3132 1619 qui
3178 1551 3583 1632 interpretatur,
3633 1581 3791 1625 nemo
3816 1581 3898 1627 est
3937 1578 4027 1647 qui

2433 1626 2779 1723 contradicat.
2826 1632 2977 1700 Quod
3005 1642 3147 1694 enim
3187 1627 3443 1705 adversus
3491 1626 3652 1712 David
3712 1626 4029 1723 tilinsstius

2433 1711 2550 1765 ideo
2581 1718 2963 1793 insurrexerit,
2987 1734 3237 1798 quoniam
3272 1739 3450 1796 Uriam
3476 1746 3777 1820 interfecit,
3809 1768 3865 1810 et
3896 1776 4027 1814 uxo-

2431 1809 2686 1908 i-‘eni.
2715 1817 2950 1885 accepit,
2983 1823 3105 1876 audi
3154 1827 3318 1884 Deum
3347 1849 3441 1901 per
3472 1809 3783 1908 prophetam
3811 1809 4023 1905 Natlian

2426 1892 2609 1951 Davidi
2630 1900 2915 1961 dicentem:
2939 1908 3053 1983 Ego
3076 1918 3207 1970 una-3'
3223 1928 3268 1971 te
3288 1892 3454 1993 regem

2426 1993 2475 2037 te
2491 1987 2556 2041 de
2581 2006 2736 2045 manu
2778 1994 2977 2054 Saulis.
3020 2002 3134 2074 Ego
3166 2008 3283 2062 dedi
3317 1987 3407 2067 tibi
3428 1987 3597 2072 omnia
3625 2038 3739 2091 quae

2420 2358 2706 2423 percussisti
2738 2360 2914 2432 gladio
2932 2408 2948 2434 ,
2976 2379 3024 2422 et
3049 2386 3255 2428 uxorem
3283 2378 3423 2435 illius
3449 2388 3690 2456 accepisti
3725 2391 3778 2443 in
3809 2380 4019 2450 uxorem

2419 2446 2525 2498 tibi.
2562 2447 2626 2501 Et
2660 2467 2795 2507 nunc
2824 2472 2926 2509 non
2953 2462 3151 2516 recedet
3177 2467 3380 2536 gladius
3403 2472 3467 2525 de
3493 2446 3644 2530 domo
3670 2488 3757 2533 tua
3785 2482 3839 2536 in
3868 2496 4020 2539 teter-

2420 2553 2539 2640 nttrn
2572 2540 2665 2642 .(2.
2701 2544 2829 2642 βας.
2868 2550 2949 2604 12.
2985 2554 3157 2626 7-H).
3198 2560 3438 2618 Alienum
3467 2566 3683 2624 domum
3721 2574 3902 2642 gladio
3933 2580 4017 2635 di-

2419 2628 2585 2685 visisti
2620 2650 2633 2685 :
2664 2635 2897 2721 gladium
2928 2643 3187 2703 adversus
3218 2659 3267 2705 te
3298 2652 3600 2715 fabricabor
3628 2664 3681 2717 in
3712 2628 3873 2722 domo
3902 2679 4011 2727 tua.

2416 2715 2549 2774 Ecce
2576 2738 2668 2793 ego
2693 2716 2944 2786 suscitabo
2973 2737 3212 2795 adversus
3242 2752 3290 2797 te
3318 2750 3453 2801 mala
3479 2767 3541 2804 ea:
3565 2753 3715 2809 domo
3745 2766 3834 2811 tua
3862 2776 3879 2812 :
3906 2778 4014 2825 non

2412 2812 2627 2870 aliunde
2650 2857 2666 2881 ,
2706 2834 2805 2875 nec
2845 2822 2975 2878 foris
2997 2869 3013 2893 ,
3044 2831 3139 2885 sed
3174 2833 3253 2888 Ea:
3280 2837 3431 2893 domo
3459 2852 3565 2896 tua.
3600 2845 3751 2903 Unde
3780 2862 3861 2905 est
3893 2853 4016 2910 fons

2415 2907 2638 3012 ρεαδ-ξιξ,
2673 2908 2817 2965 illinc
2844 2925 2925 2969 est
2955 2918 3105 2990 plaga
3136 2928 3401 2996 supplicii.
3432 2935 3563 2998 Quia
3593 2954 3720 3009 ergo
3749 2956 3777 2995 a
3808 2907 4015 3012 pta-ce;

2412 3003 2504 3062 pto
2530 2995 2738 3054 Domini
2769 3002 3015 3074 fugitivus
3040 2995 3297 3086 exsulque
3318 2995 3507 3091 fuerat,
3535 2995 4012 3099 prepvterearlilium

2411 3084 2662 3155 fugiebat.
2692 3092 2941 3152 Psalmus
2980 3098 3150 3159 David
3185 3084 3305 3164 dum
3345 3084 3595 3184 {ngeret'a

2412 3177 2507 3245 ﬁlii
2532 3182 2634 3233 sui.
2667 3183 2797 3238 Belli
2830 3193 3130 3250 narratione
3160 3199 3350 3256 melior
3365 3216 3459 3268 _est
3484 3224 3641 3265 causa
3676 3214 3796 3269 belli
3824 3232 4011 3275 susce-

2412 3270 2507 3337 pti,
2541 3283 2599 3326 ut
2627 3288 2746 3329 cum
2768 3277 2897 3347 justi
2926 3281 3128 3351 lapsum
3161 3290 3471 3362 viderimus,
3499 3316 3781 3359 caveamus
3813 3325 3878 3364 ne
3908 3327 4006 3368 (ἰ-

2408 3361 2616 3429 damus,
2652 3377 2705 3421 et
2734 3371 2996 3439 ejusmodi
3027 3383 3343 3450 supplicimn
3376 3389 3654 3458 fugiamus.
3684 3396 3829 3453 Multi
3852 3406 4010 3460 enim

2408 3452 2487 3505 vel
2517 3454 2569 3507 in
2602 3455 2915 3517 hodiernum
2944 3482 3111 3537 usque
3139 3472 3282 3528 diem
3313 3452 3446 3535 bella
3478 3482 3671 3540 habent
3699 3490 3749 3543 in
3776 3492 4007 3564 :cdibus,

2405 3553 2458 3596 et
2486 3544 2571 3601 hic
2595 3548 2810 3616 quidem
2841 3570 3179 3628 oppugnatur
3204 3566 3271 3619 ab
3303 3584 3486 3639 more,
3517 3574 3603 3630 ille
3631 3594 3758 3632 vero
3783 3544 4009 3641 obside:

2409 3642 2549 3694 tura
2593 3638 2702 3695 filio
2732 3660 2746 3694 :
2775 3644 2908 3701 alius
2949 3659 3127 3706 autem
3157 3670 3185 3707 a
3218 3654 3414 3728 fratre,
3442 3638 3496 3717 et
3532 3668 3665 3724 alius
3694 3670 3947 3731 domatur
3974 3694 4007 3735 ιι

2405 3723 2624 3799 famulo,
2652 3740 2707 3785 et
2736 3739 3098 3811 unusquisque
3124 3747 3335 3816 angitur
3362 3723 3417 3806 et
3445 3754 3748 3828 afﬂictatur,
3780 3779 4003 3836 pugnat,

2404 3818 2602 3877 bellum
2631 3824 2788 3895 gerit.
2818 3835 2872 3883 et
2900 3828 3040 3887 bello
3066 3845 3319 3906 vexatur;
3352 3857 3414 3897 ac
3442 3861 3602 3902 nemo
3631 3818 3887 3911 subduci;
3918 3838 4006 3915 ra-

2405 3911 2548 3967 tione
2572 3918 2712 3984 apud
2738 3935 2797 3975 se
2824 3923 3053 3995 cogitat,
3088 3928 3187 3983 nisi
3217 3945 3434 4000 peccata
3461 3942 3809 4011 seminasset,
3840 3966 4001 4007 nnmo

2402 4018 2560 4074 quam
2589 4008 2703 4066 fore
2733 4023 2787 4067 ut
2816 4015 2867 4070 in
2895 4018 3055 4076 domo
3079 4036 3174 4076 sua
3208 4026 3375 4094 spinae
3398 4041 3452 4084 et
3482 4032 3658 4091 tribuli
3686 4041 4002 4102 orirentur:

2402 4113 2501 4153 nec
2546 4102 2645 4156 nisi
2690 4117 3027 4173 peccatorum
3076 4117 3334 4175 scintillas
3391 4126 3745 4195 occultasset,
3776 4133 4003 4194 domum

2403 4192 2843 4264 conflagratumm
2870 4202 3049 4261 fuisse.
3082 4208 3235 4275 Quod
3258 4213 3402 4270 enim
3430 4192 3765 4284 peccatorum
3794 4226 4003 4287 fructus

2402 4279 2506 4334 sint
2536 4286 2670 4339 mala
2698 4293 2933 4360 propria,
2956 4306 3010 4349 et
3033 4296 3354 4361 domesticos
3379 4307 3595 4365 lictores
3621 4312 3762 4371 Deus
3790 4317 3843 4373 in
3871 4334 4004 4390 pee-

2401 4384 2609 4431 catores
2635 4379 2889 4451 elegerit,
2923 4390 3072 4445 testis
3104 4400 3187 4447 est
3222 4386 3528 4468 Scriptura,
3554 4418 3660 4473 qua
3692 4407 3759 4462 ad
3791 4379 4001 4468 facien-

2400 4464 2521 4520 dam
2550 4467 2706 4524 tidem
2733 4472 2862 4527 nihil
2891 4487 2975 4532 est
3001 4480 3243 4541 validius.
3272 4464 3419 4544 Uxor
3446 4464 3622 4550 tecum
3663 4464 3993 4572 bellum

2398 4558 2489 4623 rit,
2512 4560 2752 4629 ingresso
2769 4573 3037 4636 tamquam
3062 4570 3168 4627 fera
3189 4581 3441 4647 occurrit,
3464 4582 3695 4654 linguam
3722 4558 3998 4661 tamquam

2396 4649 2631 4729 gladium
2655 4656 2835 4710 acuit?
2865 4658 2968 4715 Res
2985 4662 3205 4737 quidem
3245 4669 3399 4724 valde
3433 4649 3656 4730 molesta
3678 4720 3693 4741 ,
3722 4649 3866 4749 quod
3892 4649 3998 4740 an?

2399 4740 2636 4797 xiliatrix'
2653 4746 2957 4803 adversaria
2980 4751 3114 4807 facta
3137 4755 3206 4809 sit
3230 4776 3241 4807 :
3268 4760 3492 4828 teipsum
3524 4778 3696 4823 tamen
3722 4774 3999 4840 examina,

2395 4926 2537 4995 quod
2580 4929 2787 4986 mulieri
2832 4948 2861 4986 a
2903 4943 2955 4990 te
2999 4938 3190 4994 vulnus
3223 4942 3477 5001 indictum
3506 4959 3618 5017 est,
3650 4966 3868 5010 curetur
3902 4974 4003 5027 per

2397 5017 2673 5075 mulierem
2697 5064 2711 5082 .
2755 5032 2811 5077 et
2846 5025 3080 5082 alienum
3117 5031 3269 5087 ulcus
3316 5040 3527 5108 propria
3567 5059 3720 5111 uxor,
3753 5047 3998 5122 chirurgi

2394 5107 2568 5165 ofﬁcio
2587 5111 2829 5184 fungens,
2856 5118 3167 5177 medicetur.
3198 5124 3252 5179 ld
3273 5107 3515 5197 quamvis
3533 5148 3652 5203 quae
3672 5149 3818 5192 secat
3843 5107 4000 5210 ign;-

2394 5210 2508 5267 ret,
2546 5206 2694 5260 novit
2733 5216 2910 5263 tamen
2944 5211 3086 5267 Deus
3120 5215 3378 5273 medicus.
3409 5220 3529 5292 Ipse
3564 5228 3708 5282 enim
3746 5245 3808 5285 ea
3854 5206 3998 5288 tam-

2393 5307 2549 5363 quam
2588 5295 2732 5352 ferro
2770 5298 3024 5357 adversus
3054 5312 3104 5359 te
3133 5321 3259 5362 usus
3286 5318 3369 5364 est
3407 5330 3419 5365 :
3452 5323 3507 5368 et
3538 5320 3996 5385 quemadmodum

2391 5382 2594 5442 ferrum
2632 5389 2803 5444 nescit
2839 5392 2962 5460 quid
2992 5404 3140 5464 agat,
3174 5396 3405 5455 futuram
3442 5382 3617 5461 autem
3665 5426 3757 5479 per
3792 5412 3993 5481 fcrrum

2392 5476 2655 5533 medelam
2685 5482 2831 5536 novit
2859 5484 3097 5541 medicus
3125 5507 3140 5544 :
3166 5491 3235 5543 ita
3264 5494 3429 5549 etiam
3454 5496 3578 5553 licet
3608 5476 3814 5571 ignoret
3856 5521 3998 5562 uxor

2391 5583 2510 5637 qua:
2540 5569 2681 5637 ferit,
2712 5580 2768 5626 et
2795 5575 3015 5630 maritus
3040 5580 3129 5648 qui
3163 5580 3374 5653 feritur,
3407 5569 3809 5661 causam—ictus,
3847 5594 3995 5652 Deus

2392 5667 2569 5716 tamen
2612 5672 2666 5716 ut
2705 5663 2941 5721 medicus
2979 5671 3125 5725 novit
3158 5673 3285 5743 quid
3329 5678 3589 5735 conferat.
3622 5683 3773 5749 Quod
3806 5698 3990 5744 autem

2392 5752 2583 5807 mulier
2608 5755 2744 5808 mala
2774 5756 2842 5810 sit
2869 5770 3207 5828 peccatorum
3232 5767 3512 5842 colaphns,
3546 5776 3694 5829 Iesus
3720 5786 3803 5832 est
3833 5793 3988 5836 sacra
