4178 6422
154 433 206 487 31
1357 404 1718 469 EXPOSITIO
1757 402 1823 461 ΙΝ
1862 399 2194 460 PSALMUM
2234 398 2325 457 lli.
3372 392 3440 446 33

154 545 405 615 Scriptura.
442 536 581 609 Quid
621 535 776 592 enim
819 533 963 591 dicat
992 528 1115 587 audi
1151 546 1165 585 :
1205 526 1396 584 Mulier
1436 523 1574 580 mala
1615 523 1723 578 uiro

155 634 370 709 paraturi
408 633 610 687 dubitur
649 628 758 701 ((ι).
804 624 866 684 Εἰ
905 624 1120 682 dabitur
1167 631 1435 691 tamquam
1481 632 1725 673 amarum

155 726 414 782 antidotum
433 764 448 787 ,
477 720 625 792 quod
656 727 1007 791 peccatorum
1032 713 1202 770 malos
1240 712 1494 767 humores
1524 721 1726 764 consu-

156 826 261 875 mal.
285 816 428 886 Quod
455 824 637 871 autem
666 811 835 869 etiam
860 807 1096 867 obsideri
1128 822 1158 860 s
1192 805 1346 873 filiis,
1374 803 1449 860 sit
1478 810 1727 874 peccato-

158 927 254 969 τω
276 908 580 980 supplicium
603 948 624 974 ,
657 906 817 962 testis
841 911 927 959 est
955 899 1119 961 David
1142 941 1158 967 ,
1186 899 1278 970 qui
1321 905 1539 968 propter
1574 893 1727 950 nefa-

157 1004 269 1058 riam
289 1014 627 1070 congressum
657 1012 689 1051 a
718 1010 823 1067 suo
837 994 950 1049 filio
970 992 1241 1048 AbsaIOue
1262 987 1407 1045 bello
1430 984 1726 1056 impetitur,

158 1104 205 1150 ut
235 1094 462 1163 superius
501 1088 870 1146 ostendimus.
912 1083 1067 1154 Quod
1110 1092 1291 1138 autem
1328 1081 1489 1135 etiam
1534 1076 1731 1133 fratres

159 1187 379 1242 adversus
418 1183 611 1239 fratres
649 1190 879 1253 propter
922 1185 1139 1248 peccata
1187 1173 1383 1229 bellum
1424 1167 1726 1242 gesserint,

160 1280 283 1335 testis
302 1288 379 1333 est
403 1277 538 1332 liber
558 1273 817 1330 iudicum
847 1262 999 1345 (Iud.
1030 1268 1098 1323 19
1123 1276 1169 1322 et
1196 1265 1313 1337 ἑο).
1340 1261 1565 1332 Quando
1585 1259 1731 1318 enim

162 1372 204 1427 in
235 1350 432 1426 viatoris
466 1366 834 1425 concubinam
878 1361 1122 1419 fornicati
1158 1368 1316 1420 sunt,
1343 1356 1434 1427 qui
1468 1360 1626 1407 crant
1664 1365 1729 1407 ex

162 1463 273 1518 tribu
299 1460 565 1530 Benjamin
588 1499 605 1526 ,
640 1458 735 1514 illa
767 1466 944 1511 autem
971 1468 1092 1508 cum
1131 1450 1399 1521 iungentum
1431 1461 1538 1503 non
1569 1444 1736 1501 ferret

162 1555 502 1610 contumeliam
541 1560 765 1607 mortua
802 1557 885 1604 est
924 1562 941 1601 :
974 1543 1222 1601 undecim
1264 1542 1434 1597 tribus
1476 1538 1735 1594 adversus

164 1660 294 1698 uuam
334 1644 523 1697 bellum
564 1648 906 1713 gesserunt:
939 1645 994 1691 et
1033 1634 1160 1706 quia
1204 1632 1451 1688 undecim
1492 1629 1663 1685 tribus
1703 1641 1735 1682 a

166 1738 252 1791 Deo
275 1736 603 1800 defecerant,
632 1742 692 1789 et
730 1732 1007 1787 fornicata:
1034 1727 1244 1782 fuerant
1271 1727 1323 1781 in
1354 1724 1494 1779 idola
1518 1765 1533 1788 ,
1563 1721 1725 1777 unde-

164 1831 248 1884 cim
284 1830 440 1882 tribus
474 1828 545 1881 ab
585 1842 694 1881 una
736 1825 878 1881 tribu
906 1823 1062 1878 vietae
1097 1828 1256 1885 sunt,
1283 1828 1333 1873 ct
1366 1830 1512 1886 smpe
1540 1815 1609 1869 ab
1633 1827 1735 1867 una

165 1922 291 1974 victa:
312 1920 468 1974 senth
498 1918 641 1973 illaut
673 1918 941 1981 vicerunt,
968 1924 1023 1967 ct
1048 1913 1238 1966 fratres
1262 1909 1521 1963 adversus
1544 1905 1739 1960 fratres

164 2011 329 2067 bellum
368 2020 690 2082 gesserunt,
728 2004 1160 2080 quandoquidem
1200 2003 1342 2059 Deus
1369 2009 1586 2072 propter
1611 2012 1738 2070 pec-

164 2112 257 2157 cata
283 2119 457 2159 eorum
500 2100 883 2157 intermedium
927 2098 1132 2170 peccati
1172 2095 1459 2151 maceriam
1498 2091 1739 2147 sustulit.

164 2192 393 2259 Quartum
416 2195 559 2249 enim
592 2207 700 2247 una
734 2191 906 2246 tribus
939 2190 993 2245 in
1021 2188 1299 2243 mulierem
1327 2185 1602 2249 fornicata,
1636 2198 1738 2237 un-

164 2286 310 2341 decim
338 2296 513 2342 autem
544 2285 721 2340 tribus
754 2283 807 2338 in
848 2281 990 2338 idola
1020 2279 1297 2336 fornicatus
1323 2278 1571 2342 fuerant,
1600 2283 1656 2331 et
1685 2273 1740 2329 hi

165 2386 209 2432 et
227 2379 290 2432 illi
308 2394 337 2432 a
358 2379 465 2433 Deo
488 2374 838 2433 cxtenuinati
864 2382 1010 2440 sunt,
1032 2371 1173 2428 sicut
1195 2372 1453 2439 scriptum
1478 2376 1563 2423 est
1587 2384 1602 2421 :
1632 2363 1743 2419 Ea:-

163 2470 410 2525 (σηιξησαί
443 2485 649 2524 omnem
692 2467 784 2538 qui
824 2466 1109 2538 fornicatur
1140 2479 1175 2518 (ι
1208 2473 1255 2518 te
1280 2459 1466 2535 (Psal.
1499 2458 1588 2514 72.
1618 2457 1739 2528 27).

165 2562 352 2617 Fratres
384 2577 512 2633 ergo
550 2560 819 2617 adversus
865 2556 1057 2613 fratres
1096 2565 1315 2627 prapter
1353 2561 1569 2624 peccata
1599 2549 1742 2605 bella

162 2665 425 2724 gesserunt.
451 2654 506 2711 Si
534 2663 589 2709 te
615 2652 814 2709 fratres
833 2657 1162 2721 Oppugnant,
1186 2662 1295 2703 non
1318 2653 1519 2702 tantum
1541 2643 1610 2701 de
1635 2643 1743 2699 illis

166 2746 468 2816 ingemiscas,
492 2753 758 2817 quantum
786 2742 928 2813 apud
961 2742 1189 2812 teipsum
1220 2739 1484 2795 rationem
1514 2737 1663 2793 ineas
1688 2744 1743 2793 et

164 2835 369 2907 inquiras
396 2848 619 2907 propter
650 2849 896 2905 quamam
940 2843 1155 2903 peccata
1187 2831 1380 2887 fratres
1408 2830 1483 2886 tui
1510 2830 1618 2886 sint
1646 2827 1745 2886 ho-

163 2934 274 2981 stes.
296 2925 404 2981 Non
427 2926 571 2996 quod
600 2939 801 2980 ornnes
829 2933 1043 2994 propter
1069 2928 1284 2992 peccata
1309 2938 1339 2975 a
1364 2920 1618 2977 fratribus
1647 2935 1746 2992 op—

165 3026 432 3087 pigueritur
461 3034 475 3071 :
503 3016 717 3086 Joscph
754 3013 899 3070 enim
943 3012 1347 3085 oppugnabatur
1377 3025 1411 3067 a
1448 3011 1741 3077 fratribus;

164 3124 309 3178 salue
332 3126 457 3165 sane
485 3120 713 3181 propter
743 3116 999 3179 peccata:
1026 3114 1081 3163 et
1111 3105 1250 3162 Jobo
1284 3120 1420 3161 uxor
1454 3100 1745 3160 insidiaba-

165 3211 263 3267 tur;
284 3217 380 3255 non
401 3213 628 3273 propter
649 3209 867 3272 peccata
892 3208 1040 3255 certe
1060 3215 1075 3253 :
1099 3196 1196 3254 sed
1216 3196 1358 3269 quod
1383 3198 1539 3268 longe
1560 3197 1744 3267 plures

164 3291 377 3349 homines
398 3304 630 3365 propter
666 3302 881 3362 peccata
916 3290 1057 3347 bella
1094 3289 1389 3346 habeamus
1420 3288 1741 3344 domestica.

162 3379 537 3455 licunumquam
581 3385 750 3440 etiam
788 3383 946 3438 amici
984 3382 1037 3438 in
1066 3381 1313 3438 inimicos
1351 3390 1744 3437 convertuntur

164 3484 351 3544 propter
390 3486 612 3545 peccata
638 3514 657 3541 ,
700 3482 756 3530 et
792 3474 885 3546 qui
926 3473 1055 3529 olim
1096 3473 1378 3542 amabant,
1417 3473 1651 3530 oderunt
1688 3483 1744 3531 et

163 3577 476 3635 aversantur,
506 3567 631 3623 Deo
668 3566 772 3622 tale
809 3565 995 3622 odium
1036 3566 1360 3623 imminente
1402 3576 1621 3638 propter
1648 3579 1744 3623 eas

162 3671 274 3725 quas
304 3660 447 3713 novit
489 3658 753 3714 rationes.
794 3656 871 3713 ita
914 3658 1057 3712 enim
1096 3657 1154 3713 in
1195 3656 1409 3714 Pssimo
1445 3658 1745 3714 centesimo

163 3759 328 3819 Quarto
353 3751 616 3821 scripturn
646 3758 732 3806 est
753 3749 823 3806 de
860 3748 1127 3823 Egyptiis
1159 3768 1175 3806 :
1201 3749 1500 3807 Convertisti
1527 3767 1617 3806 cor
1650 3768 1743 3807 eoo

161 3858 256 3896 rut
276 3855 328 3897 at
350 3846 548 3899 adirent
575 3843 823 3916 populum
850 3845 964 3916 ejus
988 3844 1163 3915 (Psul.
1196 3844 1319 3902 104.
1347 3845 1463 3916 25).
1493 3844 1611 3901 Non
1638 3846 1739 3901 im-

164 3935 356 3991 missum
400 3948 584 3994 autem
621 3946 767 3994 esset
802 3952 833 3992 a
869 3938 984 3995 Deo
1019 3938 1201 3995 odium
1222 3981 1238 4007 ,
1267 3939 1370 3995 nisi
1414 3938 1562 4011 prius
1601 3940 1744 3996 male

162 4042 421 4086 uitiassent.
455 4030 667 4101 Quibus
693 4030 839 4086 enim
865 4031 1099 4087 amicitia
1124 4030 1468 4103 comparabat
1491 4032 1739 4099 exitium,

162 4116 217 4173 iis
237 4122 406 4177 odium
435 4134 556 4179 erat
588 4121 806 4178 occasio
842 4122 1075 4179 virtutis.
1106 4121 1221 4179 lmo
1253 4137 1408 4180 serva
1438 4136 1653 4195 quoque
1687 4130 1745 4179 et

162 4215 345 4271 subdita
373 4231 609 4287 corpora
647 4231 793 4289 sape
832 4224 1057 4288 propter
1080 4223 1358 4287 peccatum
1398 4216 1743 4273 insurrexere

162 4307 206 4360 in
226 4308 511 4366 dominum.
550 4309 682 4367 Vide
708 4312 852 4367 enim
879 4310 1071 4377 Adam,
1097 4327 1221 4367 cum
1250 4312 1484 4367 nondum
1519 4326 1742 4383 peccas-

161 4409 246 4468 οεῑ,
270 4401 461 4461 bestias
490 4416 767 4473 tamquam
806 4418 991 4461 servas
1014 4412 1069 4460 et
1089 4402 1404 4462 obedientes
1430 4404 1738 4472 habentem,

144 4501 204 4545 (et
224 4494 293 4549 eis
321 4507 593 4569 tamquam
625 4496 800 4552 servis
825 4496 1040 4551 nomina
1077 4496 1441 4567 imponentem
1478 4493 1644 4571 (Gen.
1679 4494 1737 4551 2.

166 4582 255 4657 i9).
290 4586 579 4660 Pustqttam
616 4596 793 4643 autem
820 4599 1098 4659 aspectum
1128 4598 1352 4660 peccato
1374 4589 1737 4645 commacula-

164 4677 242 4742 vit,
266 4690 387 4737 tunc
412 4681 603 4737 bestia:
625 4695 747 4736 eum
773 4694 880 4736 non
906 4678 1324 4758 cognoscebant,
1346 4690 1405 4738 et
1426 4697 1546 4752 qure
1570 4696 1741 4739 serva:

163 4776 395 4841 enasci,
420 4776 613 4830 hostes
647 4784 954 4832 evaserunt.
991 4777 1070 4831 Ac
1100 4775 1553 4847 quemadmodum
1590 4776 1741 4831 canis

164 4864 238 4933 qui
262 4866 313 4921 in
337 4866 501 4922 domo
526 4876 628 4929 est.
653 4867 704 4923 ei
729 4867 914 4933 servit,
942 4867 1035 4939 qui
1058 4882 1180 4923 eum
1210 4866 1324 4933 alit,
1353 4875 1409 4924 et
1435 4882 1560 4924 eum
1588 4868 1742 4925 timet

164 4969 215 5009 ac
237 4954 473 5013 formidat
489 4997 509 5025 ,
540 4958 634 5013 sed
657 4961 701 5013 si
728 4974 853 5016 eum
880 4967 1106 5029 repente
1128 4959 1324 5015 viderit
1346 4959 1495 5016 vultu
1521 4960 1739 5033 fuligine

166 5053 312 5103 strato
333 5049 418 5105 vel
445 5058 815 5120 personatum,
844 5049 1153 5123 aggreditur
1181 5059 1451 5124 tamquam
1478 5052 1738 5123 alienum,

164 5144 209 5189 et
241 5152 353 5194 eum
389 5142 690 5197 dilacerare
732 5150 947 5198 tentat:
978 5143 1052 5198 ita
1090 5144 1254 5199 etiam
1281 5142 1535 5215 quamdiu
1563 5144 1737 5201 Adam

170 5243 333 5295 puum
374 5234 610 5290 servavit
648 5235 890 5304 vultum,
932 5234 1131 5293 factum
1173 5236 1241 5294 ad
1282 5238 1569 5311 imaginem
1610 5241 1736 5310 Dei,

168 5319 326 5379 bestia
356 5325 405 5381 ei
439 5334 500 5381 ut
541 5320 710 5383 servat
752 5328 1010 5399 parebant
1040 5345 1058 5383 :
1086 5328 1300 5399 quando
1323 5340 1504 5387 autem
1530 5332 1738 5390 vultum

168 5410 357 5471 Uatit
379 5416 761 5485 inobedientia,
786 5436 891 5475 non
911 5429 1269 5493 agnoscentes
1284 5420 1585 5493 dominum,
1608 5432 1740 5480 tant-

165 5515 303 5573 φοι
335 5508 567 5564 alieuutu
592 5526 716 5567 eum
746 5510 871 5567 odio
907 5510 1199 5570 habebant.
1239 5513 1529 5573 Servorum
1555 5518 1740 5591 itaque

165 5593 363 5653 rebellio
385 5610 469 5656 est
492 5612 829 5671 peccatorum
855 5605 1160 5664 retributio.
1183 5606 1369 5666 Justus
1387 5618 1507 5667 erat
1525 5610 1736 5681 Daniel,

166 5694 213 5778 et
231 5687 404 5745 inanes
423 5691 541 5763 ejus
562 5682 896 5765 agnoverunt
918 5696 1214 5755 dominium
1238 5698 1402 5774 (Dan.
1424 5702 1480 5759 ϐ.
1504 5702 1621 5778 22).
1647 5704 1739 5762 Vi-

168 5775 335 5839 ὐετιιιιι
364 5798 485 5841 eum
516 5802 623 5843 non
649 5798 893 5860 gustasse
920 5802 1195 5863 peccatum
1214 5836 1232 5862 .
1258 5805 1316 5852 et
1337 5810 1462 5853 enm
1487 5775 1736 5871 supplicii

216 5892 1564 5981 mmmm.mumcn.as.s.uq.

1833 525 2111 591 expertem
2139 515 2491 586 reliquerunt.
2520 509 2771 569 Peccavit
2798 509 3061 582 propheta
3087 507 3366 571 mentitus,
3393 518 3449 562 et

1832 610 1922 667 lco
1962 625 2087 666 eum
2126 608 2181 663 in
2222 606 2309 662 via
2342 606 2622 662 inventum
2654 611 2841 660 morte
2864 601 3043 659 affecit
3069 601 3089 671 (
3108 602 3163 656 5.
3195 600 3323 672 Iieg.
3355 599 3444 655 13.

1831 702 1949 774 ει).
1980 700 2114 757 Erat
2141 698 2407 756 mendacii
2438 695 2663 769 fuligine
2694 704 2936 760 atratus,
2968 701 3026 749 et
3066 692 3153 750 leo
3183 708 3307 748 eum
3341 706 3447 747 non

1833 794 2106 867 cognovit.
2138 792 2198 849 Si
2238 790 2556 863 prophetam
2586 790 2842 854 vidisset,
2880 798 2940 844 ut
2984 787 3256 843 Danielem
3278 828 3296 855 ,
3323 802 3451 843 eum

1837 892 2157 945 honorasset
2187 904 2201 942 :
2234 885 2439 943 invenit
2480 883 3045 955 pseudoprophctam,
3080 890 3135 939 et
3177 890 3451 952 tamquam

1836 984 2070 1039 alienum
2101 981 2321 1039 invasit.
2354 980 2613 1035 Dominus
2643 976 2899 1033 mentitus
2923 983 3025 1037 est.
3059 983 3113 1031 et
3139 988 3332 1031 servus
3358 988 3455 1028 ne-

1834 1075 1980 1148 gavit
2003 1073 2325 1131 dominium.
2369 1072 2437 1127 Et
2471 1069 2601 1143 quid
2633 1069 2757 1125 dico
2795 1068 2865 1123 de
2907 1066 3067 1122 tnalis
3103 1063 3453 1128 domesticis,

1836 1166 2054 1241 quando
2081 1168 2255 1239 ipsum
2283 1166 2446 1222 etiam
2483 1174 2727 1220 nostrum
2757 1177 2979 1233 corpus,
3007 1160 3151 1233 quod
3181 1168 3266 1217 est
3296 1160 3454 1217 nobis

1838 1246 2090 1316 omnibus
2118 1257 2433 1314 familiarius
2468 1267 2526 1313 et
2561 1256 2741 1311 carius
2765 1297 2778 1320 ,
2813 1254 3142 1326 quandoque
3172 1252 3454 1309 nobiscum

1839 1350 2189 1423 peccantibus
2224 1349 2423 1405 bellum
2454 1348 2620 1421 gerit.
2651 1363 2749 1418 per
2781 1347 2959 1403 febres
2978 1389 2994 1414 ,
3024 1345 3246 1402 morbos
3274 1353 3331 1401 et
3355 1344 3457 1400 do-

1839 1445 1985 1500 lores
2025 1458 2124 1499 nos
2169 1457 2525 1513 oppugnans,
2573 1457 2637 1497 ac
2684 1455 2902 1496 servum
2946 1454 3145 1509 corpus
3184 1439 3459 1495 dominam

1839 1538 2077 1591 animam
2105 1549 2227 1606 qua:
2255 1533 2508 1607 peccavit
2544 1532 2779 1603 flagellat
2801 1575 2815 1599 ,
2849 1547 2957 1588 non
2988 1532 3132 1601 quod
3164 1531 3269 1587 hoc
3296 1532 3461 1599 velit,

1841 1627 1937 1684 sed
1968 1627 2112 1699 quod
2152 1626 2259 1682 hoc
2293 1626 2548 1697 iubentur
2578 1625 2792 1682 facere?
2824 1625 2994 1696 Hujus
3026 1625 3176 1681 testis
3198 1634 3282 1681 est
3304 1624 3454 1680 Chri-

1840 1729 1978 1785 stus,
2006 1719 2098 1791 qui
2119 1730 2308 1775 curato
2334 1718 2467 1775 dicit
2494 1720 2787 1790 parulytico
2812 1736 2825 1773 :
2854 1717 2986 1773 Ecce
3006 1735 3166 1775 sanus
3190 1722 3359 1791 factus
3385 1734 3460 1783 es,

1843 1811 1949 1865 noli
1992 1811 2216 1881 amplius
2255 1826 2497 1881 peccare,
2540 1827 2605 1865 ne
2644 1810 2769 1882 quid
2809 1810 3033 1866 deterius
3076 1810 3166 1864 tibi
3204 1812 3466 1882 contingat

1844 1901 2023 1973 (Joau.
2054 1903 2109 1961 5.
2142 1902 2256 1974 14).
2285 1903 2421 1957 Cum
2458 1918 2587 1973 ergo
2615 1901 2992 1970 didicerimus,
3026 1904 3237 1966 fratres.
3271 1902 3466 1958 donic-

1842 1995 1999 2059 stica,
2030 1995 2285 2050 intestina
2311 2003 2365 2050 et
2391 1994 2605 2050 servilia
2636 1994 2795 2059 bella,
2820 2005 2879 2050 et
2907 1996 3130 2051 morbos
3155 1996 3318 2051 etiam
3345 2010 3468 2051 cor-

1845 2088 1992 2159 poris
2018 2102 2166 2159 saepe
2190 2088 2441 2143 accidere
2472 2104 2568 2158 per
2600 2098 2879 2158 peccatum
2901 2131 2916 2155 ,
2950 2099 3231 2160 peccatum
3261 2089 3466 2146 fontem

1847 2182 2111 2247 malorum
2140 2181 2500 2253 reprimnmns
2528 2198 2545 2238 :
2574 2191 2629 2238 et
2668 2182 2714 2237 si
2756 2191 3025 2240 torrentes
3054 2184 3221 2239 animi
3254 2194 3469 2255 pertur-

1850 2272 2127 2328 bationum
2154 2286 2263 2329 non
2294 2272 2487 2340 linunt,
2519 2272 2665 2329 ﬂuvii
2696 2283 2877 2330 tamen
2903 2290 3164 2346 aquarum
3200 2276 3293 2333 Dei
3321 2277 3469 2333 oble-

1845 2373 1993 2419 ctant
2020 2364 2260 2423 animum
2280 2366 2320 2419 ί.
2352 2365 2618 2434 Quoniam
2650 2380 2780 2437 ergo
2822 2366 2988 2423 David
3011 2368 3319 2437 mulierem,
3350 2386 3471 2437 quae

1847 2465 1965 2512 erat
2010 2457 2062 2512 in
2105 2456 2284 2512 mariti
2325 2468 2592 2528 potestate
2613 2498 2630 2525 ,
2666 2468 2938 2530 tamquam
2974 2460 3209 2517 alienum
3245 2478 3471 2533 regnum

1850 2560 2212 2623 occupaverat
2241 2550 2495 2625 (cuilibet
2522 2554 2668 2609 enim
2708 2555 2825 2610 viro
2866 2569 3090 2627 regnum
3119 2563 3204 2611 cst
3236 2571 3472 2613 concors

1848 2643 2050 2715 conjux
2071 2685 2087 2713 ,
2118 2653 2173 2701 et
2210 2660 2317 2700 non
2348 2646 2429 2702 sic
2463 2660 2558 2702 rex
2591 2661 2882 2718 purpuram
2912 2658 2967 2703 et
2995 2648 3239 2705 diadema
3258 2690 3276 2717 ,
3306 2660 3365 2704 ut
3393 2651 3476 2705 vir

1849 2751 2074 2793 uxorem
2100 2737 2296 2810 diligit)
2323 2756 2337 2797 :
2367 2749 2653 2810 pr0pterea
2682 2740 2774 2812 qui
2799 2756 2870 2797 ex
2897 2757 3079 2799 uxore
3098 2753 3254 2799 natus
3278 2744 3329 2799 ei
3355 2753 3473 2801 erat

1851 2830 2028 2899 illius,
2063 2832 2355 2888 insurrexit
2394 2841 2654 2904 tyrannus
2678 2875 2693 2900 ,
2736 2834 2925 2890 volens
2964 2836 3205 2906 arripere
3245 2851 3471 2908 regnum

1852 2926 2040 2997 patris.
2074 2925 2137 2981 Vi
2164 2926 2361 2996 rapuit,
2390 2936 2444 2982 et
2469 2926 2578 2981 vim
2608 2940 2798 2996 passus
2820 2937 2906 2983 est
2931 2944 2946 2983 :
2969 2938 3026 2984 et
3046 2928 3136 2997 qui
3163 2926 3467 2984 clanculum

1851 3027 2168 3091 peccaverat
2186 3060 2201 3083 ,
2234 3017 2305 3074 de
2332 3034 2399 3075 eo
2424 3021 2602 3090 palam
2631 3019 2936 3091 triumphus
2968 3030 3121 3077 actus
3148 3031 3235 3081 est
3254 3064 3270 3089 ,
3296 3033 3353 3081 et
3380 3024 3473 3097 qui

1850 3118 1969 3167 erat
2013 3110 2065 3165 in
2104 3110 2320 3165 occulto
2362 3112 2676 3168 vulneratus
2702 3154 2716 3179 ,
2748 3112 2989 3185 chirurgi
3028 3130 3249 3185 manum
3287 3130 3471 3172 coram

1849 3201 2103 3257 omnibus
2136 3216 2327 3272 passus
2356 3215 2438 3257 est
2461 3245 2477 3269 ,
2508 3202 2559 3257 id
2590 3214 2815 3260 curante
2845 3204 2956 3260 Deo
2981 3205 3070 3277 qui
3102 3205 3315 3264 dixerat
3346 3226 3360 3263 ε
3390 3205 3472 3263 ’l‘u

1848 3293 2012 3363 fecisti
2041 3293 2092 3348 in
2120 3294 2419 3349 abscondito
2450 3310 2469 3350 :
2495 3312 2587 3367 ego
2617 3304 2784 3350 autem
2814 3298 3006 3366 faciam
3034 3299 3088 3352 in
3114 3311 3313 3371 aperto,
3344 3311 3394 3356 et
3421 3302 3473 3357 in

1847 3395 2119 3458 conspectu
2157 3388 2280 3442 solis
2315 3388 2474 3459 Imjus
2504 3385 2594 3459 (2.
2625 3386 2757 3459 Reg.
2800 3388 2889 3444 i2.
2925 3389 3049 3462 12).
3080 3392 3368 3450 Absal0uis
3397 3403 3474 3451 ιι-

1848 3492 1975 3534 men
2006 3478 2188 3535 scelus
2215 3494 2321 3535 non
2352 3480 2401 3535 ei
2428 3478 2497 3536 ad
2534 3480 2695 3535 finem
2734 3497 2902 3553 usque
2945 3485 3208 3552 processit
3235 3502 3249 3539 :
3276 3496 3333 3541 et
3360 3504 3473 3544 me-

1849 3574 1975 3637 rito,
2011 3588 2080 3629 ne
2108 3573 2392 3645 parricidm
2424 3573 2527 3630 hoc
2556 3573 2765 3631 facinus
2795 3583 3045 3633 tenerent
3078 3592 3176 3647 pro
3205 3577 3322 3650 lege
3355 3595 3451 3649 par

1848 3662 2045 3721 ricidii.
2079 3663 2213 3720 Cum
2252 3676 2432 3721 autem
2464 3676 2525 3722 ut
2551 3666 2797 3723 carnifex
2825 3667 3210 3735 deserviisset,
3249 3680 3308 3726 ut
3350 3687 3475 3729 reus

1850 3754 2164 3812 interfectus
2192 3767 2277 3813 est
2298 3799 2314 3823 ,
2346 3769 2403 3812 ut
2432 3757 2522 3829 qui
2557 3769 2704 3814 esset
2739 3759 3024 3815 damnatus
3056 3779 3070 3814 :
3098 3770 3153 3817 et
3180 3763 3320 3819 sicut
3343 3780 3463 3837 qua

1848 3845 1902 3900 in
1932 3845 2158 3902 theatris
2185 3847 2510 3903 exhibentur
2540 3848 2705 3917 ferte,
2734 3851 2871 3906 alios
2911 3853 3127 3920 quidem
3174 3855 3467 3922 invadunt,

1847 3936 1917 3992 ab
1943 3936 2065 3994 aliis
2090 3952 2220 3994 vero
2246 3938 2682 3996 interficiuntur:
2711 3940 2783 3997 ita
2822 3942 2988 3998 etiam
3026 3943 3262 4001 Absalon
3306 3946 3470 4002 Davi-

1847 4028 1972 4085 dem
1998 4044 2285 4101 aggressus
2309 4073 2323 4097 ,
2351 4046 2380 4086 a
2408 4030 2547 4088 Joab
2572 4033 2788 4089 occisus
2814 4043 2935 4101 est,
2968 4044 3022 4090 et
3048 4036 3103 4091 in
3130 4035 3348 4093 sublimi
3378 4054 3473 4094 ar-

1848 4118 1980 4176 bore
2007 4136 2304 4192 suspensus
2328 4131 2415 4179 est
2441 4123 2521 4196 (2.
2550 4122 2685 4197 Reg.
2716 4125 2804 4182 l8.
2836 4127 2949 4196 ii),
2978 4128 3070 4198 qtti
3096 4127 3355 4186 adversus
3382 4145 3476 4201 pa-

1852 4224 1990 4271 trem
2036 4215 2386 4287 erigebatur;
2417 4226 2473 4272 et
2506 4232 2539 4273 a
2578 4218 2759 4290 planta
2803 4219 3177 4290 detinebatur,
3212 4224 3303 4294 qui
3347 4238 3472 4280 cum

1847 4307 2029 4365 radice
2056 4308 2323 4380 pugnabat
2353 4310 2603 4367 :vinctus
2625 4317 2745 4367 erat
2768 4325 2798 4367 s
2828 4326 2981 4367 ramo
3007 4327 3211 4379 ramus,
3239 4314 3331 4386 qui
3357 4327 3477 4373 erat

1847 4414 1880 4456 a
1921 4409 2145 4472 paterna
2190 4390 2475 4459 aifectione
2511 4402 2811 4475 abruptus,
2841 4410 2893 4461 et
2931 4405 3108 4474 capite
3147 4407 3472 4477 tenebatur,

1847 4494 1937 4567 qui
1968 4494 2228 4567 genitoris
2256 4506 2419 4566 caput
2445 4496 2660 4553 auferre
2688 4497 3069 4567 contendebat,
3101 4514 3167 4557 ac
3194 4509 3472 4574 tamquam

1846 4585 2055 4646 fructus
2099 4587 2367 4661 pendebat
2406 4589 2477 4646 ab
2518 4590 2752 4657 arbore,
2791 4591 2883 4663 qui
2928 4602 3137 4649 natum
3178 4595 3472 4667 agricolam

1846 4678 2063 4734 volebat
2098 4680 2437 4750 exscindere,
2467 4691 2524 4738 et
2552 4682 2605 4737 in
2634 4681 2799 4739 corde
2834 4683 3018 4755 jaculo
3050 4685 3336 4745 confossus
3364 4696 3471 4755 est,

1847 4769 1958 4828 illic
2001 4772 2233 4841 accisus,
2267 4774 2358 4830 ubi
2383 4775 2588 4832 eadem
2620 4776 2863 4848 parabat.

1919 4864 2194 4922 Absalonis
2544 4897 2622 4909 —
2658 4869 2722 4925 Et
2773 4879 2901 4927 tunc
2950 4869 3137 4929 videre
3188 4882 3304 4930 erat
3345 4889 3474 4947 spe.

1849 4959 2118 5015 ctaculum
2164 4958 2501 5016 admirabile.
2553 4960 2699 5017 Muto
2737 4961 2884 5018 enim
2928 4962 3211 5033 equitans,
3256 4979 3325 5023 ex
3371 4981 3472 5023 ea.

1849 5053 2100 5123 pillorum
2141 5068 2298 5110 coma
2342 5068 2371 5109 a
2414 5070 2569 5111 coma
2612 5054 2823 5113 arboris
2866 5056 3183 5124 tenebatur,
3219 5068 3276 5115 et
3308 5073 3473 5118 coma

1847 5144 2065 5201 tenebat
2092 5158 2247 5201 coma
2289 5156 2575 5217 tyrannum
2598 5188 2616 5215 ,
2657 5146 2767 5203 illic
2806 5162 2930 5204 eum
2968 5149 3344 5217 uitttnttdens,
3380 5152 3472 5208 ubi

1846 5234 2094 5294 diadema
2122 5245 2406 5308 paternum
2432 5248 2646 5310 gestare
2671 5239 3053 5296 contendebat.
3095 5240 3314 5299 Poterat
3338 5257 3472 5317 ergo

1846 5326 2017 5385 videri
2046 5328 2282 5385 Absalon
2306 5343 2603 5400 suspensus
2628 5330 2682 5384 in
2708 5330 2891 5387 medio
2916 5330 3035 5387 celi
3060 5340 3116 5387 et
3144 5340 3323 5390 terrae.
3352 5336 3471 5392 Cre-

1846 5417 1960 5475 lum
1999 5436 2125 5477 eum
2163 5436 2275 5478 nun
2304 5421 2623 5478 admittebat
2652 5440 2667 5478 :
2695 5423 2743 5480 si
2770 5423 2915 5479 enim
2948 5424 3180 5495 primum
3211 5426 3470 5485 rebellem

1846 5514 2009 5585 cjecit
2030 5513 2330 5583 diabolum,
2358 5514 2634 5587 quomodo
2662 5516 2837 5587 ipsum
2872 5517 3132 5573 rebellem
3168 5520 3468 5577 secundum

1848 5606 2196 5665 admisisset?
2224 5607 2393 5665 Terra
2421 5624 2547 5666 eum
2581 5611 2956 5680 aversabatur,
2986 5628 3094 5669 non
3126 5611 3307 5672 ferens
3344 5618 3467 5689 pol-

1912 5790 1930 5824 ‘
1968 5795 2089 5863 tes-
2106 5790 2356 5863 FES‘Vﬁ-o
2379 5798 2439 5863 et.
2466 5796 2724 5863 φηεηιεε.
2748 5790 3173 5863 perturbatam
3370 5807 3468 5847 ηα-

1843 5850 2352 5969 ξῶἕοῗὺ
2384 5854 2660 5908 dirutorum
2706 5850 2944 5908 bonorum
2981 5856 3091 5920 eius
3113 5855 3356 5910 diritatem
3371 5870 3460 5910 seu
