4178 6420
718 395 795 478 ἐς)
1471 413 1527 466 s.
1569 406 1846 466 JO.\N.\‘IS
1882 401 2361 462 cunvsosrout
2401 399 2720 456 ARCHIEP.
2751 398 3291 457 CONSTANTINOP.
3943 401 4018 452 to

723 537 798 593 lui
829 529 1105 604 parricidae
1137 527 1344 598 plantis.
1374 526 1435 597 Si
1460 524 1600 578 enim
1640 519 1845 576 Dathan
1875 517 2187 583 devoravit,
2217 516 2307 586 qui

719 633 906 681 contra
938 623 1116 678 Mosen
1144 629 1258 674 erat
1300 619 1657 687 loquutus,et
1683 629 1743 668 os
1773 627 1925 668 suum
1962 612 2172 681 aperuit
2208 609 2305 663 ad-

719 727 910 770 versus
943 726 1065 766 eum
1104 711 1194 780 qui
1234 723 1294 762 os
1335 707 1576 778 improbe
1614 699 1895 773 aperuerat
1935 701 2134 773 (Nam.
2170 700 2304 771 l6),

720 801 993 879 quomodo
1037 801 1296 871 potuisset
1345 797 1486 854 ferre
1531 796 1693 867 pedes
1733 804 2010 864 currentes
2055 793 2310 847 adversus

640 903 654 916 "
723 893 1060 966 genitorem?
1092 891 1224 946 Cum
1259 903 1389 960 ergo
1417 887 1659 943 sublimis
1697 886 1748 939 in
1787 885 1978 940 arbore
2019 882 2307 954 penderet,

721 1003 844 1042 eum
884 1000 1164 1057 aggressus
1200 992 1284 1038 est
1319 981 1454 1038 Joab
1480 980 1584 1035 dux
1610 979 1878 1035 exercitus
1895 1019 1911 1041 ,
1938 987 1992 1032 et
2019 978 2071 1031 in
2097 991 2192 1030 cor
2213 989 2309 1030 ex-

721 1079 900 1136 cordis
929 1086 1039 1134 tres
1077 1076 1295 1147 sagittas
1321 1074 1511 1136 inllxit,
1542 1073 1650 1126 illic
1675 1087 1796 1126 eum
1833 1069 2049 1133 feriens,
2077 1069 2164 1123 ubi
2195 1077 2311 1123 erat

724 1149 1116 1240 receptaculum
1149 1165 1474 1236 iniquitatis,
1503 1175 1552 1218 et
1590 1177 1711 1218 cum
1748 1163 1798 1214 in
1839 1161 2032 1215 arbore
2069 1160 2310 1214 sublimis

727 1263 1001 1331 penderet,
1031 1259 1308 1328 pulchrum
1328 1255 1652 1328 epitaphium
1675 1255 1722 1307 ei
1749 1253 1909 1307 David
1932 1252 2125 1306 cecinit
2148 1268 2161 1304 :
2197 1249 2312 1305 Vidi

724 1355 937 1423 impium
961 1351 1391 1423 superexaltatum
1411 1359 1458 1402 et
1482 1347 1724 1401 eleuatum
1745 1346 1874 1398 sicut
1894 1347 2070 1398 cedros
2096 1343 2274 1397 Libani
2298 1359 2311 1396 :

721 1457 765 1499 et
794 1446 1001 1499 transivi
1019 1486 1032 1506 ,
1068 1453 1114 1497 et
1158 1458 1270 1496 ecce
1301 1458 1400 1494 non
1436 1440 1583 1509 erat(
1613 1437 1752 1492 Psal.
1791 1437 1881 1492 56.
1912 1436 2041 1505 55).
2074 1433 2313 1488 Psaluu.s

721 1536 909 1597 Dat-id,
937 1534 1138 1604 quando
1160 1532 1379 1603 fugiebat
1409 1547 1440 1584 a
1469 1530 1602 1602 facie
1622 1528 1848 1582 'Absalon
1874 1527 1969 1595 ﬁlii
1993 1525 2092 1580 sui.
2120 1523 2304 1595 Fugie-

724 1627 810 1679 hat
837 1636 1035 1688 autem,
1061 1639 1173 1686 non
1203 1631 1258 1676 ut
1279 1621 1367 1692 qui
1397 1620 1626 1684 timeret,
1651 1620 1742 1672 sed
1771 1627 1828 1672 ut
1851 1616 1938 1687 qui
1967 1615 2131 1670 lilium
2158 1629 2310 1669 cave-

724 1725 807 1770 ret
830 1715 1076 1770 occidere
1101 1733 1114 1765 :
1144 1705 1338 1767 etenim
1367 1710 1617 1779 parcebat
1646 1718 1912 1778 tamquam
1941 1708 2070 1771 lilio,
2099 1704 2192 1759 sed
2223 1705 2310 1774 qui

721 1822 843 1862 eum
871 1822 936 1862 eo
962 1815 1117 1860 erant
1140 1819 1248 1857 non
1276 1809 1623 1872 pepercerunt
1645 1810 1910 1869 tulitquam
1933 1797 2137 1852 rebelli.
2163 1796 2314 1851 Unde

727 1897 912 1960 David,
937 1911 1056 1950 cum
1081 1895 1219 1948 lilius
1237 1909 1357 1948 eum
1381 1900 1806 1962 persequeretur,
1826 1896 1879 1942 et
1899 1896 2115 1957 pr0pter
2140 1887 2311 1956 ipsum

723 1988 898 2042 Semci
926 2002 1047 2041 cum
1091 1984 1384 2039 maledictis
1423 1983 1792 2044 insectaretur,
1823 1981 1936 2048 ipse
1973 1976 2187 2048 quidem
2215 1992 2312 2045 pa-

724 2078 904 2133 tientia
949 2092 1075 2130 usus
1103 2084 1186 2129 est
1212 2075 1229 2143 (
1253 2074 1306 2128 2.
1341 2073 1462 2142 Reg.
1493 2071 1639 2141 l6):
1672 2071 1920 2140 quoniam
1953 2078 2130 2123 autem
2161 2068 2314 2121 multi

725 2170 984 2223 adversus
1008 2182 1128 2222 eum
1156 2164 1580 2226 oll‘endebantur,
1610 2171 1662 2218 ct
1690 2162 1920 2216 maxime
1946 2160 2036 2230 qui
2063 2173 2168 2213 una
2193 2173 2313 2212 cum

728 2259 992 2312 Absalone
1017 2255 1362 2325 iusurgebant
1385 2293 1400 2317 ,
1429 2262 1480 2308 et
1508 2252 1758 2318 deinceps
1782 2250 2040 2304 adversus
2066 2263 2186 2303 eum
2213 2249 2315 2300 eri-

725 2345 986 2419 gebantur
1035 2355 1304 2415 tamquam
1352 2343 1529 2397 divina
1585 2342 1912 2410 providentia
1959 2340 2310 2400 destitutum,

726 2442 963 2497 dicentes
989 2440 1278 2510 :,Desertus
1300 2452 1438 2490 nunc
1470 2435 1629 2488 David
1655 2435 1854 2501 absque
1877 2433 2078 2486 auxilio
2107 2433 2316 2500 penitus

725 2545 837 2596 est,
877 2546 1018 2586 llllllc
1043 2530 1286 2584 disct'ssit
1315 2528 1380 2582 ab
1408 2543 1473 2582 co
1501 2527 1639 2580 Deus
1661 2567 1674 2591 ,
1707 2534 1762 2578 ut
1789 2525 1946 2577 etiam
1975 2523 2260 2592 aliquando
2285 2537 2314 2575 a

726 2625 887 2680 Saule
913 2642 928 2690 ;
955 2621 1400 2693 quemadmodum
1439 2621 1580 2674 enim
1613 2629 1737 2672 tunc
1772 2617 2016 2672 discessit
2048 2632 2076 2669 a
2115 2615 2274 2673 Sat'tle
2299 2659 2312 2678 ,

727 2727 779 2772 et
808 2716 904 2770 fuit
928 2731 1048 2770 cum
1088 2713 1281 2777 David,
1317 2713 1385 2766 ita
1415 2728 1553 2765 nunc
1583 2707 1827 2764 discessit
1859 2724 1889 2763 a
1928 2708 2123 2772 David,
2155 2718 2210 2763 et
2235 2718 2317 2762 cst

729 2825 849 2864 cum
894 2807 1160 2862 Absaloue
1190 2825 1203 2860 :
1235 2807 1569 2875 insurgamus
1595 2845 1608 2867 ,
1647 2803 1957 2858 invadamus
1977 2843 1989 2866 ,
2023 2817 2128 2857 non
2157 2811 2240 2857 est
2265 2804 2312 2857 ei

725 2900 870 2956 salus
900 2901 949 2954 in
978 2900 1086 2954 Deo
1115 2917 1127 2951 :
1156 2899 1403 2968 quoniam
1426 2941 1440 2961 ,
1471 2897 1682 2966 inquam
1705 2938 1720 2962 ,
1747 2897 1862 2952 bzcc
1887 2897 2166 2962 dicebant,
2200 2896 2266 2950 ba
2286 2912 2316 2951 c

732 2993 997 3062 indignius
1022 2989 1201 3046 fet'ens
1228 2988 1411 3050 David,
1446 3005 1602 3057 quam
1633 2989 1722 3041 lilii
1761 2989 2006 3054 insultus,
2035 2980 2202 3044 Deum
2231 2988 2316 3042 in-

728 3094 960 3154 terrogat
984 3101 995 3134 :
1017 3082 1070 3136 2.
1099 3081 1334 3146 Domine,
1357 3081 1478 3150 quid
1499 3081 1817 3150 multiplicati
1836 3091 1952 3134 sunt
1971 3081 2057 3152 qui
2076 3080 2316 3134 tribulant

732 3176 848 3229 me?
871 3173 1266 3242 Circumeeptus
1296 3186 1412 3225 sum
1444 3171 1841 3234 lentationibus,
1872 3171 2176 3225 circumdor
2203 3182 2313 3226 tor-

730 3265 968 3319 rentibus
995 3263 1278 3326 malorum,
1303 3262 1578 3317 descendit
1607 3261 1899 3331 periculosa
1935 3264 2129 3332 pluvia,
2158 3278 2318 3318 vene-

728 3363 854 3410 runt
897 3355 1114 3409 ﬂumina
1155 3355 1422 3420 hostium,
1461 3355 1603 3408 venti
1649 3355 1998 3424 malignorum
2037 3357 2316 3426 spirituum

732 3446 1102 3512 insufﬂarunt,
1133 3447 1184 3501 in
1229 3462 1401 3502 meam
1439 3447 1654 3502 domum
1704 3453 2039 3518 irruperunt,
2083 3453 2318 3506 volentes

729 3540 959 3594 animam
989 3553 1158 3593 meam
1189 3553 1216 3591 a
1247 3549 1297 3594 te
1321 3538 1614 3606 dimovere,
1643 3540 1737 3595 sed
1762 3538 2015 3596 fundatus
2041 3557 2199 3612 supra
2225 3560 2315 3614 pta

730 3644 866 3686 tram
898 3631 1040 3694 lidei,
1069 3648 1173 3686 non
1201 3632 1355 3696 cado,
1387 3631 1478 3686 sed
1511 3633 1820 3701 procumbo,
1852 3643 1908 3688 ut
1934 3635 2135 3690 discam
2166 3653 2178 3689 :
2210 3635 2316 3689 Do-

723 3724 890 3789 mine,
916 3723 1035 3791 quid
1072 3723 1391 3791 multiplicati
1422 3733 1536 3776 sunt
1574 3725 1658 3792 qui
1702 3725 1942 3778 tribulam
1980 3726 2094 3779 me?
2119 3726 2217 3794 Qui
2245 3743 2312 3782 ex

717 3831 814 3871 .me
840 3815 1048 3884 genitus
1073 3825 1174 3879 est,
1199 3822 1383 3869 contra
1413 3832 1496 3868 me
1522 3825 1624 3881 εηι,
1654 3815 1749 3871 sed
1781 3825 1835 3870 tu
1862 3831 1921 3871 es
1946 3833 2041 3886 pro
2067 3833 2171 3872 me.
2201 3817 2315 3872 Mea

643 3975 647 3978 ν
729 3921 936 3961 mecum
982 3908 1186 3961 viscera
1233 3905 1425 3960 bellmn
1468 3917 1656 3976 gerunt
1693 3925 1705 3960 :
1739 3921 1891 3962 meus
1930 3909 2154 3978 populus
2200 3920 2318 3978 post

731 3997 1070 4058 Absalonem,
1103 4011 1253 4051 meus
1277 4005 1459 4051 contra
1485 4013 1570 4051 me
1598 4004 1836 4052 armatur
1863 3987 2150 4056 exercitus.
2176 4003 2313 4056 Oves

726 4104 865 4143 mea:
898 4087 1010 4157 lupi
1054 4086 1177 4142 lacti
1218 4099 1369 4154 sunt,
1401 4096 1457 4142 et
1497 4087 1678 4142 leones
1717 4089 1871 4159 agni,
1901 4099 1954 4144 et
1981 4104 2140 4145 canes
2171 4092 2316 4147 rabie

732 4179 918 4249 perciti
952 4179 1142 4248 agnem
1166 4220 1181 4244 ,
1211 4188 1265 4232 et
1303 4179 1437 4233 tauri
1472 4195 1635 4233 cornu
1677 4188 1916 4248 petentes
1945 4182 2140 4237 arietes
2169 4199 2180 4234 :
2209 4198 2314 4238 non

733 4284 950 4346 propter
986 4273 1246 4344 meipsum
1285 4274 1487 4328 alliciar
1522 4274 1730 4329 tristitia
1753 4317 1768 4342 ,
1797 4275 1890 4330 sed
1923 4275 2134 4331 illorum
2161 4277 2316 4331 doleo

730 4366 952 4422 exitium
977 4366 1017 4418 ¹.

1037 4457 1398 4514 EXPOSITIO
1447 4457 1511 4512 ΙΝ
1568 4457 1887 4514 PSALMUM
1937 4458 2024 4513 IV.

731 4549 855 4604 Cum
873 4550 1177 4615 invocarem,
1193 4550 1445 4603 exaudivit
1464 4565 1543 4603 me
1563 4548 1697 4604 Deus
1712 4551 1930 4621 justitite
1951 4567 2077 4605 mea:
2092 4554 2112 4583 ³
2139 4551 2208 4624 (υ.
2229 4553 2310 4622 2).

803 4643 854 4695 l.
891 4639 1136 4695 Precandi
1165 4655 1308 4694 verus
1349 4640 1548 4694 modus.
1578 4669 1649 4680 -ο
1683 4640 1796 4696 Non
1845 4642 1959 4696 haec
2002 4642 2132 4698 dicit
2183 4644 2311 4714 pro-'-

734 4734 912 4802 pheta,
953 4741 1013 4787 ut
1048 4733 1219 4786 solum
1247 4733 1601 4803 intelligamus
1627 4748 1747 4788 eum
1769 4731 1934 4790 fuisse
1958 4735 2269 4791 exauditum
2296 4754 2307 4788 :

731 4823 824 4879 sed
879 4832 937 4878 ut
986 4823 1254 4880 discamus
1291 4824 1560 4894 quomodo
1584 4824 1685 4893 ipsi
1712 4840 1941 4896 quoque,
1973 4826 2139 4882 Deum
2166 4828 2313 4882 invo-

730 4926 936 4985 cantes,
955 4915 1070 4970 cito
1108 4916 1400 4985 poterimus
1447 4915 1708 4983 exaudiri,
1753 4926 1806 4971 et
1833 4917 2144 4973 ante'ﬁnem
2193 4933 2311 4973 ora-

730 5009 889 5063 tionis
936 5006 1257 5078 postulatum
1300 5007 1572 5076 consequi.
1599 5005 1715 5061 Non
1763 5007 1897 5062 dixit
1924 5007 2114 5063 enim:
2160 5007 2309 5064 Post-

728 5113 888 5167 quam
909 5112 1007 5167 cgo
1025 5097 1286 5165 invocavi,
1311 5099 1709 5162 exaudivitme;
1740 5097 1856 5166 sed,
1872 5099 2307 5154 Cuminvocarem.

728 5188 857 5247 Nam
886 5189 1050 5259 ipsius
1076 5203 1285 5259 quoque
1328 5189 1420 5244 Dei
1448 5199 1531 5246 est
1557 5190 1821 5259 ejusmodi
1868 5191 2154 5262 promissio
2181 5192 2307 5247 dum

725 5280 918 5335 alicubi
940 5281 1064 5334 dicit
1086 5281 1136 5334 ei
1156 5281 1245 5350 qui
1274 5279 1481 5334 invticat
1505 5299 1517 5334 :
1541 5279 1614 5335 Te
1641 5282 1806 5335 adhuc
1843 5283 2075 5354 loquente
2100 5283 2265 5338 dicam
2290 5303 2307 5338 :

737 5373 866 5428 Ecce
893 5373 1071 5428 adsum
1100 5371 1254 5443 (leui.
1290 5372 1380 5430 58.
1418 5373 1499 5443 9).
1527 5373 1642 5428 Non
1683 5375 1820 5430 solet
1867 5377 2010 5432 enim
2046 5377 2155 5432 Deo
2181 5393 2305 5448 per-

790 5487 813 5549 !
845 5492 983 5549 tteg.,
1007 5484 1094 5536 sed
1108 5483 1301 5549 illorum
1317 5486 1482 5549 dolens
1495 5486 1696 5549 exitum,
1712 5486 1938 5540 benedice
1956 5489 2043 5541 tibi
2057 5488 2302 5542 salvatori.

727 5547 846 5608 Quia
868 5547 1263 5657 teZdecet‘glon'a,
1279 5554 1323 5599 et
1348 5547 1759 5620 imperiummimc
1782 5555 1828 5600 et
1849 5564 2055 5616 semper,
2073 5561 2169 5604 etc.
2194 5561 2306 5614 Quae

728 5607 972 5658 conclnsto
991 5608 1050 5657 ha
1139 5607 1288 5659 dubie
1309 5621 1337 5658 a
1361 5609 1555 5660 librario
1575 5610 1734 5661 addita
1750 5621 1843 5663 est.

794 5649 1945 5745 ludar-quasi
1991 5689 2170 5745 sensus
2207 5681 2311 5745 sit:

732 5735 988 5788 exaudivit
1001 5735 1212 5798 justitt'te
1231 5746 1352 5785 mete
1377 5735 1604 5799 (gratia),
1631 5735 1887 5794 εἰσήκοιῐσε
1907 5744 1992 5797 τῆς
2015 5741 2316 5801 δικαιοσύνης

737 5840 832 5886 μου
856 5823 1044 5889 (χάριν).
1078 5823 1226 5874 Hebr.
1254 5824 1388 5902 ῬΠ
1425 5802 1577 5886 νηίυκ.
1606 5825 1731 5878 Deus
1744 5823 1865 5890 just.
1894 5839 2029 5876 metr.

2423 512 2650 570 suadere
2690 512 2973 569 verborum
3027 514 3346 576 multitudo,
3406 513 3498 569 sed
3531 527 3658 583 pura
3701 515 3914 578 anima,
3956 526 4016 568 et

2419 608 2679 662 bonorum
2729 623 2952 678 operum
3001 609 3256 662 ostensio.
3311 606 3402 661 Eis
3443 605 3622 677 itaque
3646 608 3736 678 qui
3771 607 4017 679 improbe

2417 699 2631 768 quidem
2657 700 2882 767 vivunt,
2921 699 3202 754 verborum
3249 708 3427 754 autem
3455 699 3756 768 prolixitate
3781 713 3843 754 se
3886 713 4018 752 eum

2419 791 2634 861 placare
2658 791 2986 856 existimant,
3028 789 3152 846 vide
3195 789 3324 860 quid
3367 789 3545 844 dicat:
3579 790 3796 857 Quando
3842 790 4020 844 multi-

2417 882 2667 952 plicabitis
2688 883 2986 947 cratium,
3015 898 3117 936 non
3145 882 3418 935 exaudiam
3446 896 3551 935 vos.
3588 881 3648 935 Si
3691 879 4022 935 extenderitis

2418 989 2618 1037 manus,
2649 983 2870 1027 avertam
2893 973 3066 1027 oculos
3091 988 3225 1026 meos
3249 987 3280 1023 a
3305 971 3442 1026 uobis
3473 969 3624 1044 (lsai.
3661 971 3714 1026 1.
3739 971 3854 1041 l5).
3874 971 4022 1026 Ante

2416 1066 2519 1118 alia
2542 1067 2716 1135 itaque
2747 1064 2925 1119 omnia
2955 1073 3170 1134 oportet
3215 1078 3338 1118 eum
3383 1064 3473 1132 qui
3531 1073 3776 1134 precatur
3814 1062 4023 1117 habere

2421 1157 2686 1218 liduciam,
2718 1155 3121 1226 etpostulatutn
3143 1154 3362 1208 omnino
3383 1166 3758 1224 consequetur.
3804 1153 3871 1209 Et
3893 1154 4022 1207 ideo

2420 1263 2524 1300 non
2556 1246 2692 1301 dixit
2737 1246 2996 1317 prolnheta
3024 1287 3039 1312 ,
3083 1245 3368 1300 Exaudivit
3420 1261 3526 1310 me,
3570 1246 3698 1312 sed,
3748 1245 4023 1298 Justitiam

2418 1355 2603 1404 meam,
2631 1353 2782 1393 suam
2811 1337 2863 1392 in
2894 1337 3059 1392 Deum
3087 1336 3335 1392 ﬁduciam
3366 1337 3655 1392 ostendens
3679 1377 3694 1401 ,
3722 1347 3777 1391 et
3802 1352 3861 1392 se
3888 1341 4020 1391 eam

2417 1446 2480 1486 ea
2514 1446 2728 1501 semper
2747 1430 2813 1484 ad
2840 1445 2961 1484 eum
2981 1429 3262 1486 accedere.
3286 1429 3395 1484 Nec
3417 1444 3546 1484 vero
3573 1438 3724 1499 putet
3747 1423 4023 1498 quispiam

2417 1541 2540 1580 eum
2568 1526 2693 1580 dum
2723 1525 2836 1580 haec
2877 1525 3004 1602 dicit
3033 1539 3092 1579 se
3113 1517 3338 1593 jactare.
3363 1523 3479 1577 Non
3504 1525 3646 1599 enim
3677 1524 3790 1578 haec
3809 1524 3939 1578 dicit
3960 1531 4027 1578 ut

2418 1632 2478 1670 se
2505 1616 2745 1682 extollat,
2776 1615 2870 1670 sed
2899 1625 2958 1670 ut
2983 1615 3281 1670 doctrinam
3326 1614 3613 1684 quamdam
3662 1625 3718 1670 et
3763 1614 4020 1670 admoni-

2421 1713 2617 1762 tionem
2662 1723 3000 1762 communem
3057 1707 3212 1762 valde
3274 1707 3456 1762 utilem
3497 1706 3705 1761 all’erat.
3755 1706 3834 1761 Ne
3871 1705 4025 1761 dicat

2418 1799 2560 1852 enim
2578 1799 2857 1868 quispiam,
2895 1797 2990 1852 Ille
3019 1797 3118 1852 fuit
3143 1796 3451 1857 exauditus,
3483 1799 3734 1867 quoniam
3756 1805 3876 1852 erat
3913 1797 4023 1850 Da-

2422 1890 2527 1953 vid,
2554 1904 2655 1958 ego
2681 1904 2806 1943 vero
2833 1904 2938 1942 non
2972 1887 3250 1950 exaudiar,
3281 1888 3544 1958 quoniam.
3567 1902 3683 1942 sum
3709 1887 3932 1954 pusillus
3957 1896 4020 1941 ct

2422 1983 2662 2049 abjcctus
2694 2000 2705 2034 :
2737 1981 2967 2034 ostendit
3001 1981 3165 2035 Deum
3198 1995 3301 2035 nec
3329 1981 3478 2034 illum
3507 1981 3694 2034 audire
3715 1979 4022 2049 quomodo-

2422 2088 2684 2140 cumque,
2710 2088 2808 2126 nec
2839 2081 2888 2126 te
2932 2086 3035 2125 non
3075 2071 3262 2126 audire
3301 2081 3504 2126 temere
3532 2081 3585 2126 et
3612 2073 3754 2125 nulla
3795 2072 4024 2125 ductum

2423 2164 2650 2226 ratione,
2683 2164 2774 2216 sed
2808 2177 3020 2232 semper
3049 2177 3135 2217 res
3163 2171 3216 2216 et
3264 2161 3400 2216 facta
3426 2172 3612 2217 exacte
3638 2163 4022 2231 contemplari.

2419 2258 2549 2320 Qua:
2575 2256 2618 2308 si
2646 2255 2916 2320 habueris,
2952 2263 3004 2306 ct
3033 2269 3218 2308 eorum
3247 2255 3418 2324 possis
3440 2254 3512 2308 uti
3547 2255 3865 2323 patrocinio,
3897 2271 4023 2308 om-

2423 2347 2548 2399 nino
2579 2345 2903 2400 exaudieris.
2939 2345 3396 2411 Quemadmodum
3422 2345 3466 2397 si
3495 2361 3599 2399 non
3618 2345 3890 2412 habueris,
3919 2360 4026 2400 nec

2421 2438 2466 2490 si
2514 2437 2675 2490 David
2709 2438 2917 2506 quidem
2974 2435 3171 2499 fueris,
3233 2437 3433 2505 poteris
3469 2436 3632 2489 Deum
3662 2437 3896 2507 placare.
3951 2436 4027 2492 Et

2423 2530 2558 2582 sicut
2598 2530 2742 2582 avari
2789 2544 2887 2582 nec
2930 2529 3241 2598 dignitatem
3272 2570 3286 2592 ,
3327 2543 3425 2582 nec
3454 2529 3651 2598 aliquid
3678 2530 3819 2594 aliud
3842 2530 4024 2597 respi-

2421 2626 2585 2684 ciunt,
2621 2621 2720 2676 nisi
2760 2635 2852 2674 eos
2901 2630 3103 2674 tantum
3146 2621 3233 2688 qui
3290 2620 3487 2673 habent
3515 2621 3825 2688 pecuniam,
3866 2630 3921 2674 et
3950 2621 4024 2674 ad

2421 2729 2535 2777 ta-s,
2565 2723 2830 2782 tamquam
2862 2713 2987 2766 nihil
3015 2729 3120 2767 non
3146 2711 3408 2774 cll‘ecturi,
3429 2714 3720 2768 accedunt:
3753 2714 3824 2767 ita
3855 2715 4025 2767 etiam

2422 2807 2542 2876 quia
2575 2807 2712 2860 Deus
2737 2817 2816 2861 est
2841 2817 3047 2860 amator
3082 2806 3326 2876 justitia',
3355 2809 3678 2878 quicumque
3708 2823 3827 2861 Cttlll
3855 2823 3916 2862 ea
3946 2809 4021 2864 ad

2425 2900 2598 2967 ipsum
2626 2901 2933 2964 accesserit,
2982 2914 3085 2954 non
3116 2898 3334 2953 recedet
3362 2915 3595 2953 vacuus:
3632 2909 3688 2954 ut
3715 2901 3804 2969 qui
3833 2915 3893 2955 ea
3924 2915 4024 2953 ca-

2422 3001 2531 3050 ret,
2563 3000 2618 3043 et
2673 2989 2737 3043 iis
2763 3007 2881 3060 qute
2910 3001 3035 3044 sunt
3064 2991 3139 3044 illi
3184 2992 3451 3044 contraria
3497 2992 3822 3060 inquinatur,
3851 3009 4024 3058 quan-

2423 3081 2616 3134 tumvis
2645 3093 2758 3135 oret
2787 3091 2840 3136 et
2873 3082 3138 3148 obsecret,
3171 3082 3338 3136 nihilo
3361 3083 3476 3150 plus
3502 3084 3716 3149 efﬁciet,
3742 3098 3862 3137 eum
3892 3099 4024 3154 per-

2421 3173 2682 3228 suadendi
2715 3173 2960 3229 facultate
3014 3185 3210 3229 careat.
3249 3176 3373 3230 Ideo
3407 3175 3452 3229 si
3503 3176 3640 3246 apud
3674 3177 3837 3231 Demu
3885 3178 4027 3233 velis

2422 3265 2616 3333 aliquid
2643 3265 2876 3331 uilici-rc,
2912 3281 2983 3320 ea.
3010 3277 3224 3332 accepta
3254 3267 3609 3334 pioticiscere.
3636 3267 3902 3322 Justitiam
3924 3284 4026 3324 au-

2427 3369 2528 3412 tem
2578 3375 2642 3412 ne
2690 3375 2808 3413 esse
2855 3369 3054 3427 partem
3089 3359 3298 3412 virtutis
3321 3359 3594 3414 existimes
3621 3359 3720 3430 (a),
3756 3361 3847 3414 sed
3876 3362 4021 3417 inte-

2419 3467 2568 3522 grain
2594 3461 2646 3504 et
2679 3453 3002 3506 universam.
3038 3451 3109 3504 Ita
3142 3452 3302 3504 etiam
3335 3460 3450 3506 erat
3477 3450 3579 3505 Job
3603 3453 3780 3521 justus
3801 3493 3814 3511 .
3844 3440 3900 3506 ιιι
3929 3456 4022 3523 qui

2425 3548 2708 3599 lnunauam
2735 3562 2946 3600 omnen‘t
2980 3547 3198 3600 haberet
3230 3548 3507 3610 virtutem,
3535 3561 3640 3600 non
3664 3547 3752 3616 qui
3797 3548 3864 3600 ab
3916 3549 4024 3603 hoc

2421 3640 2634 3708 quidem
2665 3641 2805 3693 malo
2831 3640 3140 3696 abstineret.
3166 3639 3293 3691 illud
3318 3653 3444 3693 vero
3467 3639 3741 3693 retineret.
3762 3639 3831 3692 Ita
3853 3640 4022 3695 etiam

2424 3746 2519 3782 nos
2545 3731 2740 3800 justam
2764 3739 3013 3784 stateram
3035 3745 3154 3786 esse
3170 3731 3421 3797 dicimus,
3451 3747 3569 3800 quae
3587 3732 3732 3785 omni
3774 3747 3839 3785 ex
3866 3743 4022 3801 parte

2424 3837 2572 3890 asqua
2605 3831 2689 3877 est
2726 3839 2738 3874 :
2773 3839 2876 3875 non
2905 3823 2946 3876 si
2976 3838 3161 3877 aurum
3193 3823 3407 3893 quidem
3441 3825 3691 3892 possitex
3723 3841 3877 3894 aequo
3903 3837 4021 3880 sta-

2424 3922 2592 3979 tuere,
2620 3929 2775 3969 secus
2804 3926 2981 3969 autem
3016 3914 3311 3984 plumbum,
3335 3915 3428 3970 sed
3455 3932 3574 3986 qua:
3603 3917 3655 3970 in
3685 3917 3868 3986 quavis
3899 3933 4021 3972 ma—

2426 4007 2556 4059 teria
2582 4007 2884 4075 aequitatem
2928 4006 3141 4061 exhibet
3167 4023 3182 4070 ;
3218 4016 3271 4061 et
3302 4023 3486 4061 rursus
3513 4023 3817 4062 mensuram
3840 4049 3853 4071 ,
3895 4024 4021 4079 qua

2423 4107 2505 4151 est
2552 4097 2696 4150 omni
2730 4113 2792 4151 ex
2827 4107 2975 4166 parte
3003 4113 3175 4167 mqua.
3225 4097 3298 4150 Ita
3341 4098 3502 4154 etiam
3530 4109 3645 4154 erat
3670 4087 3771 4153 Job
3795 4099 3970 4169 justus
3999 4141 4016 4165 ,

2423 4204 2606 4258 :rquus
2629 4205 2693 4244 ex
2721 4190 2863 4243 omni
2917 4202 3086 4258 parte.
3119 4191 3298 4260 Neqttc
3330 4192 3472 4244 enim
3498 4193 3551 4245 in
3581 4192 3803 4260 pecunia
3835 4193 4015 4248 solum

2423 4296 2539 4335 eam
2559 4282 2799 4336 serv'abat
2832 4282 3157 4351 aequitatem,
3183 4283 3275 4335 sed
3301 4282 3461 4336 etiam
3487 4282 3539 4337 in
3568 4284 3690 4338 aliis
3716 4285 3972 4338 onmibus
3996 4327 4012 4349 ,

2424 4372 2636 4427 modum
2683 4389 2968 4443 ιιιιιιιίιιιςιιιι
3009 4372 3294 4427 excedens.
3327 4373 3434 4429 Nec
3465 4377 3632 4443 possit
3659 4375 3839 4430 dicere
3865 4377 4016 4445 quis-

2424 4467 2562 4532 piam
2609 4481 2728 4536 eum
2764 4467 2814 4519 in
2867 4465 3086 4534 pecunia
3114 4465 3330 4534 quidem
3383 4467 3686 4536 atquitatem
3713 4466 3974 4522 dilexisse
3999 4512 4012 4532 ,

2421 4559 2474 4613 in
2503 4557 2879 4627 congressione
2927 4566 3105 4611 autem
3138 4568 3188 4611 et
3248 4573 3498 4612 sermone
3546 4574 3666 4612 cum
3701 4559 4018 4629 propinquis

2420 4647 2634 4702 modum
2663 4646 2977 4714 excessisse,
3013 4661 3066 4701 ut
3095 4649 3184 4717 qui
3212 4658 3353 4703 esset
3373 4649 3634 4717 superbus
3656 4659 3708 4704 et
3735 4664 4014 4720 arrogans.

2421 4739 2531 4794 lloc
2559 4741 2699 4793 enim
2729 4754 2937 4794 summo
2965 4739 3143 4792 studio
3169 4738 3420 4806 fugiebat.
3454 4739 3523 4793 Et
3549 4740 3670 4794 ideo
3703 4740 3913 4796 dicebat
3943 4743 3957 4772 ⁸
3997 4761 4009 4794 :

2424 4829 2574 4896 Quod
2600 4845 2641 4883 st
2668 4830 2818 4884 etiam
2839 4831 3118 4900 contempsi
3133 4830 3386 4899 judicium
3407 4832 3534 4885 servi
3562 4833 3658 4885 mei
3683 4834 3759 4885 vel
3783 4834 4008 4899 ancilla;

2419 4937 2530 4973 cum
2563 4919 2816 4990 litigarent
2846 4937 3036 4974 mecum
3070 4936 3088 4973 :
3113 4921 3190 4973 rel
3220 4938 3320 4974 non
3345 4922 3474 4976 sicut
3493 4938 3584 4994 ego
3603 4925 3698 4995 fui,
3726 4926 3933 4996 {uerunt
3961 4938 4010 4979 et

2416 5013 2546 5082 ipsi’
2570 5011 2708 5083 (Job.
2728 5013 2780 5068 5.
2811 5011 2921 5083 l5).
2951 5013 3012 5067 Et
3033 5013 3134 5065 hoc
3155 5028 3282 5083 ergo
3303 5015 3463 5068 etiam
3487 5015 3862 5086 injustitiaest,
3891 5013 4014 5072 esse

2416 5106 2704 5173 superbum
2732 5113 2786 5158 et
2812 5115 3168 5174 arrogantem.

2486 5197 2542 5251 2.
2569 5196 3025 5264 Quemadmodum
3057 5195 3197 5253 enim
3229 5213 3451 5253 avarum
3497 5213 3618 5256 esse
3659 5199 3888 5255 dicimus
3918 5203 4008 5272 qui

2480 5356 2494 5419 ξ
2532 5354 2588 5404 In
2612 5361 2748 5419 Reg,
2775 5353 2884 5405 huic
2908 5355 3034 5404 enim
3051 5354 3246 5419 critnini
3268 5355 3447 5419 diffuse
3469 5356 3698 5419 occurrit,
3727 5357 3914 5409 dicens.

2480 5369 2494 5386 ι
2533 5369 2588 5404 ιιι
2612 5369 2748 5466 ηθῇη
2775 5369 2884 5405 autc
2908 5369 3034 5404 emm
3051 5369 3244 5406 crtmmt
3268 5369 3447 5419 aznuse
3469 5369 3698 5416 occurru,
3727 5369 3914 5409 dicens.

2476 5418 2495 5448 ⁸
2517 5420 2634 5482 _Loci
2657 5419 2675 5482 i
2711 5419 2872 5482 iushex
2899 5419 3016 5467 Jobo
3040 5418 3178 5480 petiti
3198 5425 3581 5482 j-arsipostrema
3615 5417 3763 5482 longe
3786 5419 3881 5469 alio
3903 5435 4008 5470 mo-

2412 5477 2477 5528 do
2510 5478 2642 5540 jacet
2665 5479 2953 5542 ineditioue
2985 5477 3292 5542 septuaginta
3319 5477 3649 5542 interpretum
3681 5477 3902 5538 B'omana,
3924 5485 4007 5532 ubi

2411 5538 2524 5607 post
2532 5554 2691 5599 voces,
2719 5538 2959 5604 litigarcnt
2984 5538 3270 5607 tnécwyi,sie
3293 5538 3512 5607 legitur;
3527 5551 3689 5593 Nonne
3712 5543 3835 5594 sicut
3855 5551 3901 5595 et
3923 5557 4009 5607 ego

2412 5603 2474 5653 de
2491 5611 2651 5653 ventre
2673 5602 2811 5654 natus
2833 5603 3047 5666 sum,,ita
3069 5610 3114 5652 et
3135 5602 3231 5666 ipsi
3250 5602 3473 5662 nati'sunt
3488 5602 3514 5654 .’

2475 5667 2546 5728 (a)
2565 5666 2709 5729 Quod
2732 5665 2811 5716 hic
2831 5665 3305 5729 aittLhrysostOmus,
3333 5667 3572 5729 justitiam
3615 5680 3713 5716 non
3750 5679 3864 5716 esse
3902 5681 4006 5728 jar.

2406 5727 2736 5792 tumvirtutis,
2762 5728 2848 5792 sed
2876 5727 3104 5777 virtutem
3148 5727 3445 5785 universam,
3468 5730 3665 5779 omnino
3703 5727 3911 5792 quadrat
3944 5730 4002 5778 sd

2409 5789 2526 5839 illud
2553 5788 2871 5852 Fmpedoclis:
2897 5804 2932 5838 ιν
2956 5798 2997 5839 δι
3019 5799 3233 5850 δικαιοσύνῃ
3253 5799 3463 5852 συλλήϐδην
3479 5800 3677 5852 «tum:
3693 5788 3816 5849 νέην,
3842 5792 3888 5839 id
3908 5801 4001 5852 est,

2408 5852 2457 5902 in
2473 5851 2664 5912 justitia
2687 5859 2845 5902 autem
2870 5853 3248 5914 (erupre/tenam
3272 5851 3538 5904 continetur
3561 5851 3712 5905 causis
3738 5853 3906 5904 virtus.
