  <div class='ocr_page' id='page_1' title='image "/cluster/home/n/w/nwhite01/storage/ocr_20150623/55/pst.000005712540/034.png"; bbox 0 0 4178 6420; ppageno 0'>
   <div class='ocr_carea' id='block_1_1' title="bbox 177 307 1818 427">
    <p class='ocr_par' dir='ltr' id='par_1_1' title="bbox 177 329 1818 427">
     <span class='ocr_line' id='line_1_1' title="bbox 177 329 1818 427; baseline -0.012 -20"><span class='ocrx_word' id='word_1_1' title='bbox 177 370 230 427; x_wconf 69' lang='grc' dir='ltr'>η</span> <span class='ocrx_word' id='word_1_2' title='bbox 1400 330 1771 399; x_wconf 64' lang='grc' dir='ltr'><strong>εχιιοειτιο</strong></span> <span class='ocrx_word' id='word_1_3' title='bbox 1806 329 1818 388; x_wconf 86' lang='grc' dir='ltr'>ι</span> 
     </span>
    </p>
   </div>
   <div class='ocr_carea' id='block_1_2' title="bbox 1929 307 3521 427">
    <p class='ocr_par' dir='ltr' id='par_1_2' title="bbox 1929 307 3521 389">
     <span class='ocr_line' id='line_1_2' title="bbox 1929 307 3521 389; baseline -0.016 -1"><span class='ocrx_word' id='word_1_4' title='bbox 1929 328 2235 389; x_wconf 69' lang='lat' dir='ltr'><strong>’SALMUM</strong></span> <span class='ocrx_word' id='word_1_5' title='bbox 2276 327 2364 385; x_wconf 83' lang='lat' dir='ltr'><strong>IV.</strong></span> <span class='ocrx_word' id='word_1_6' title='bbox 3454 307 3521 365; x_wconf 69' lang='lat' dir='ltr'><strong>li</strong></span> 
     </span>
    </p>
   </div>
   <div class='ocr_carea' id='block_1_3' title="bbox 179 455 1776 551">
    <p class='ocr_par' dir='ltr' id='par_1_3' title="bbox 179 455 1776 551">
     <span class='ocr_line' id='line_1_3' title="bbox 179 455 1776 551; baseline -0.019 -14"><span class='ocrx_word' id='word_1_7' title='bbox 179 483 341 540; x_wconf 74' lang='lat' dir='ltr'><strong>Willl</strong></span> <span class='ocrx_word' id='word_1_8' title='bbox 368 495 453 548; x_wconf 84' lang='lat' dir='ltr'><strong>ea,</strong></span> <span class='ocrx_word' id='word_1_9' title='bbox 480 492 608 551; x_wconf 71' lang='lat' dir='ltr'><strong>qua:</strong></span> <span class='ocrx_word' id='word_1_10' title='bbox 637 480 777 529; x_wconf 76' lang='lat' dir='ltr'><strong>sunt</strong></span> <span class='ocrx_word' id='word_1_11' title='bbox 820 471 1071 534; x_wconf 86' lang='lat' dir='ltr'><strong>aliorum,</strong></span> <span class='ocrx_word' id='word_1_12' title='bbox 1100 462 1376 530; x_wconf 76' lang='lat' dir='ltr'><strong>invadere,</strong></span> <span class='ocrx_word' id='word_1_13' title='bbox 1420 474 1522 515; x_wconf 87' lang='lat' dir='ltr'><strong>nec</strong></span> <span class='ocrx_word' id='word_1_14' title='bbox 1547 455 1667 513; x_wconf 75' lang='lat' dir='ltr'><strong>suis</strong></span> <span class='ocrx_word' id='word_1_15' title='bbox 1690 460 1776 508; x_wconf 83' lang='lat' dir='ltr'><strong>est</strong></span> 
     </span>
    </p>
   </div>
   <div class='ocr_carea' id='block_1_4' title="bbox 1885 435 3531 515">
    <p class='ocr_par' dir='ltr' id='par_1_4' title="bbox 1885 435 3531 515">
     <span class='ocr_line' id='line_1_4' title="bbox 1885 435 3531 515; baseline -0.005 -13"><span class='ocrx_word' id='word_1_16' title='bbox 1885 454 2043 502; x_wconf 84' lang='lat' dir='ltr'><strong>vatus</strong></span> <span class='ocrx_word' id='word_1_17' title='bbox 2091 444 2137 500; x_wconf 91' lang='lat' dir='ltr'><strong>si</strong></span> <span class='ocrx_word' id='word_1_18' title='bbox 2163 442 2433 500; x_wconf 87' lang='lat' dir='ltr'><strong>indoctus.</strong></span> <span class='ocrx_word' id='word_1_19' title='bbox 2478 440 2596 496; x_wconf 82' lang='lat' dir='ltr'><strong>Non</strong></span> <span class='ocrx_word' id='word_1_20' title='bbox 2626 438 2824 515; x_wconf 65' lang='lat' dir='ltr'><strong>quaerit</strong></span> <span class='ocrx_word' id='word_1_21' title='bbox 2849 438 2997 496; x_wconf 89' lang='lat' dir='ltr'><strong>enim</strong></span> <span class='ocrx_word' id='word_1_22' title='bbox 3020 436 3164 494; x_wconf 87' lang='lat' dir='ltr'><strong>Deus</strong></span> <span class='ocrx_word' id='word_1_23' title='bbox 3181 435 3377 511; x_wconf 66' lang='lat' dir='ltr'><strong>lingua</strong></span> <span class='ocrx_word' id='word_1_24' title='bbox 3391 435 3531 495; x_wconf 77' lang='lat' dir='ltr'><strong>eiu--</strong></span> 
     </span>
    </p>
   </div>
   <div class='ocr_carea' id='block_1_5' title="bbox 180 527 3517 634">
    <p class='ocr_par' dir='ltr' id='par_1_5' title="bbox 180 527 3517 634">
     <span class='ocr_line' id='line_1_5' title="bbox 180 527 3517 634; baseline 0.004 -2"><span class='ocrx_word' id='word_1_25' title='bbox 180 527 773 633; x_wconf 46' lang='grc' dir='ltr'><strong>εζιῖωἶέεἶᾷ-υιὶεῷ</strong></span> <span class='ocrx_word' id='word_1_26' title='bbox 796 527 1084 634; x_wconf 80' lang='lat' dir='ltr'><strong>superbum</strong></span> <span class='ocrx_word' id='word_1_27' title='bbox 1105 566 1159 615; x_wconf 89' lang='lat' dir='ltr'><strong>et</strong></span> <span class='ocrx_word' id='word_1_28' title='bbox 1177 527 1777 627; x_wconf 57' lang='grc' dir='ltr'><strong>εντηεὰηιρηινηυδηάο</strong></span> <span class='ocrx_word' id='word_1_29' title='bbox 1883 547 2148 611; x_wconf 61' lang='grc' dir='ltr'><strong>ῧ³¹¹¹³²ω’</strong></span> <span class='ocrx_word' id='word_1_30' title='bbox 2180 551 2292 628; x_wconf 66' lang='lat' dir='ltr'><strong>nec.</strong></span> <span class='ocrx_word' id='word_1_31' title='bbox 2327 532 2624 592; x_wconf 58' lang='lat' dir='ltr'><strong>verborum</strong></span> <span class='ocrx_word' id='word_1_32' title='bbox 2664 530 3122 604; x_wconf 51' lang='lat' dir='ltr'><strong>compositionem</strong></span> <span class='ocrx_word' id='word_1_33' title='bbox 3148 571 3166 597; x_wconf 87' lang='grc'><strong>’</strong></span> <span class='ocrx_word' id='word_1_34' title='bbox 3195 527 3291 586; x_wconf 53' lang='grc' dir='ltr'><strong>κύ</strong></span> <span class='ocrx_word' id='word_1_35' title='bbox 3316 529 3517 585; x_wconf 55' lang='lat' dir='ltr'><strong>“iam</strong></span> 
     </span>
    </p>
   </div>
   <div class='ocr_carea' id='block_1_6' title="bbox 187 643 1777 741">
    <p class='ocr_par' dir='ltr' id='par_1_6' title="bbox 187 643 1777 741">
     <span class='ocr_line' id='line_1_6' title="bbox 187 643 1777 741; baseline -0.025 -12"><span class='ocrx_word' id='word_1_36' title='bbox 187 669 289 741; x_wconf 62' lang='lat' dir='ltr'><strong>plus</strong></span> <span class='ocrx_word' id='word_1_37' title='bbox 338 664 501 736; x_wconf 68' lang='lat' dir='ltr'><strong>exigit</strong></span> <span class='ocrx_word' id='word_1_38' title='bbox 543 675 713 732; x_wconf 85' lang='lat' dir='ltr'><strong>quam</strong></span> <span class='ocrx_word' id='word_1_39' title='bbox 788 654 932 729; x_wconf 87' lang='lat' dir='ltr'><strong>quod</strong></span> <span class='ocrx_word' id='word_1_40' title='bbox 972 652 1074 709; x_wconf 83' lang='lat' dir='ltr'><strong>sibi</strong></span> <span class='ocrx_word' id='word_1_41' title='bbox 1127 649 1431 741; x_wconf 27' lang='lat' dir='ltr'><strong>debeturAa</strong></span> <span class='ocrx_word' id='word_1_42' title='bbox 1485 643 1777 741; x_wconf 72' lang='lat' dir='ltr'><strong>proximo;</strong></span> 
     </span>
    </p>
   </div>
   <div class='ocr_carea' id='block_1_7' title="bbox 186 731 1783 834">
    <p class='ocr_par' dir='ltr' id='par_1_7' title="bbox 186 731 1783 834">
     <span class='ocr_line' id='line_1_7' title="bbox 186 731 1783 834; baseline -0.02 -18"><span class='ocrx_word' id='word_1_43' title='bbox 186 731 377 834; x_wconf 72' lang='lat' dir='ltr'><strong>quando</strong></span> <span class='ocrx_word' id='word_1_44' title='bbox 404 731 526 826; x_wconf 72' lang='lat' dir='ltr'><strong>quis</strong></span> <span class='ocrx_word' id='word_1_45' title='bbox 544 753 795 823; x_wconf 85' lang='lat' dir='ltr'><strong>seipsum</strong></span> <span class='ocrx_word' id='word_1_46' title='bbox 821 744 1043 819; x_wconf 82' lang='lat' dir='ltr'><strong>quidem</strong></span> <span class='ocrx_word' id='word_1_47' title='bbox 1074 744 1128 798; x_wconf 90' lang='lat' dir='ltr'><strong>in</strong></span> <span class='ocrx_word' id='word_1_48' title='bbox 1172 739 1320 796; x_wconf 75' lang='lat' dir='ltr'><strong>nuntii</strong></span> <span class='ocrx_word' id='word_1_49' title='bbox 1373 736 1581 797; x_wconf 84' lang='lat' dir='ltr'><strong>honore</strong></span> <span class='ocrx_word' id='word_1_50' title='bbox 1610 731 1783 789; x_wconf 58' lang='lat' dir='ltr'><strong>collo.</strong></span> 
     </span>
    </p>
   </div>
   <div class='ocr_carea' id='block_1_8' title="bbox 186 831 1782 917">
    <p class='ocr_par' dir='ltr' id='par_1_8' title="bbox 186 831 1782 917">
     <span class='ocr_line' id='line_1_8' title="bbox 186 831 1782 917; baseline -0.018 -11"><span class='ocrx_word' id='word_1_51' title='bbox 186 831 281 917; x_wconf 70' lang='lat' dir='ltr'><strong>en,</strong></span> <span class='ocrx_word' id='word_1_52' title='bbox 330 847 491 903; x_wconf 83' lang='lat' dir='ltr'><strong>alium</strong></span> <span class='ocrx_word' id='word_1_53' title='bbox 536 858 677 899; x_wconf 81' lang='lat' dir='ltr'><strong>vero</strong></span> <span class='ocrx_word' id='word_1_54' title='bbox 729 840 893 897; x_wconf 80' lang='lat' dir='ltr'><strong>habet</strong></span> <span class='ocrx_word' id='word_1_55' title='bbox 933 835 1233 907; x_wconf 80' lang='lat' dir='ltr'><strong>despectui.</strong></span> <span class='ocrx_word' id='word_1_56' title='bbox 1286 831 1400 887; x_wconf 91' lang='lat' dir='ltr'><strong>lloc</strong></span> <span class='ocrx_word' id='word_1_57' title='bbox 1440 837 1621 884; x_wconf 86' lang='lat' dir='ltr'><strong>autem</strong></span> <span class='ocrx_word' id='word_1_58' title='bbox 1672 839 1782 917; x_wconf 86' lang='lat' dir='ltr'><strong>non</strong></span> 
     </span>
    </p>
   </div>
   <div class='ocr_carea' id='block_1_9' title="bbox 189 914 1787 1006">
    <p class='ocr_par' dir='ltr' id='par_1_9' title="bbox 189 914 1787 1006">
     <span class='ocr_line' id='line_1_9' title="bbox 189 914 1787 1006; baseline -0.019 -6"><span class='ocrx_word' id='word_1_59' title='bbox 189 914 384 1000; x_wconf 72' lang='lat' dir='ltr'><strong>aliunde</strong></span> <span class='ocrx_word' id='word_1_60' title='bbox 421 938 621 1003; x_wconf 66' lang='lat' dir='ltr'><strong>alitur,</strong></span> <span class='ocrx_word' id='word_1_61' title='bbox 681 949 850 1006; x_wconf 86' lang='lat' dir='ltr'><strong>quam</strong></span> <span class='ocrx_word' id='word_1_62' title='bbox 878 947 945 988; x_wconf 78' lang='lat' dir='ltr'><strong>ex</strong></span> <span class='ocrx_word' id='word_1_63' title='bbox 979 926 1259 999; x_wconf 74' lang='lat' dir='ltr'><strong>iniustitia.</strong></span> <span class='ocrx_word' id='word_1_64' title='bbox 1300 920 1459 991; x_wconf 83' lang='lat' dir='ltr'><strong>Quod</strong></span> <span class='ocrx_word' id='word_1_65' title='bbox 1484 919 1630 975; x_wconf 78' lang='lat' dir='ltr'><strong>enim</strong></span> <span class='ocrx_word' id='word_1_66' title='bbox 1680 914 1787 970; x_wconf 89' lang='lat' dir='ltr'><strong>hoc</strong></span> 
     </span>
    </p>
   </div>
   <div class='ocr_carea' id='block_1_10' title="bbox 189 1007 1789 1103">
    <p class='ocr_par' dir='ltr' id='par_1_10' title="bbox 189 1007 1789 1103">
     <span class='ocr_line' id='line_1_10' title="bbox 189 1007 1789 1103; baseline -0.019 -11"><span class='ocrx_word' id='word_1_67' title='bbox 189 1035 251 1093; x_wconf 85' lang='lat' dir='ltr'><strong>sit</strong></span> <span class='ocrx_word' id='word_1_68' title='bbox 270 1031 537 1103; x_wconf 68' lang='lat' dir='ltr'><strong>iniustitia,</strong></span> <span class='ocrx_word' id='word_1_69' title='bbox 581 1043 653 1085; x_wconf 76' lang='lat' dir='ltr'><strong>ex</strong></span> <span class='ocrx_word' id='word_1_70' title='bbox 704 1026 811 1081; x_wconf 86' lang='lat' dir='ltr'><strong>hoc</strong></span> <span class='ocrx_word' id='word_1_71' title='bbox 838 1020 1148 1080; x_wconf 75' lang='lat' dir='ltr'><strong>considera.</strong></span> <span class='ocrx_word' id='word_1_72' title='bbox 1179 1018 1248 1073; x_wconf 83' lang='lat' dir='ltr'><strong>Et</strong></span> <span class='ocrx_word' id='word_1_73' title='bbox 1292 1025 1348 1071; x_wconf 85' lang='lat' dir='ltr'><strong>te</strong></span> <span class='ocrx_word' id='word_1_74' title='bbox 1394 1021 1450 1068; x_wconf 92' lang='lat' dir='ltr'><strong>et</strong></span> <span class='ocrx_word' id='word_1_75' title='bbox 1479 1011 1629 1067; x_wconf 86' lang='lat' dir='ltr'><strong>illum</strong></span> <span class='ocrx_word' id='word_1_76' title='bbox 1661 1007 1789 1064; x_wconf 87' lang='lat' dir='ltr'><strong>fecit</strong></span> 
     </span>
    </p>
   </div>
   <div class='ocr_carea' id='block_1_11' title="bbox 191 1103 1790 1192">
    <p class='ocr_par' dir='ltr' id='par_1_11' title="bbox 191 1103 1790 1192">
     <span class='ocr_line' id='line_1_11' title="bbox 191 1103 1790 1192; baseline -0.019 -8"><span class='ocrx_word' id='word_1_77' title='bbox 191 1122 407 1192; x_wconf 55' lang='lat' dir='ltr'><strong>bene!</strong></span> <span class='ocrx_word' id='word_1_78' title='bbox 430 1121 524 1178; x_wconf 85' lang='lat' dir='ltr'><strong>tibi</strong></span> <span class='ocrx_word' id='word_1_79' title='bbox 546 1119 738 1174; x_wconf 75' lang='lat' dir='ltr'><strong>omnia</strong></span> <span class='ocrx_word' id='word_1_80' title='bbox 769 1114 917 1172; x_wconf 86' lang='lat' dir='ltr'><strong>dedit</strong></span> <span class='ocrx_word' id='word_1_81' title='bbox 944 1127 1067 1169; x_wconf 89' lang='lat' dir='ltr'><strong>cum</strong></span> <span class='ocrx_word' id='word_1_82' title='bbox 1119 1109 1214 1165; x_wconf 90' lang='lat' dir='ltr'><strong>illo</strong></span> <span class='ocrx_word' id='word_1_83' title='bbox 1256 1103 1566 1164; x_wconf 85' lang='lat' dir='ltr'><strong>communia</strong></span> <span class='ocrx_word' id='word_1_84' title='bbox 1611 1109 1670 1157; x_wconf 86' lang='lat' dir='ltr'><strong>et</strong></span> <span class='ocrx_word' id='word_1_85' title='bbox 1718 1113 1790 1155; x_wconf 76' lang='lat' dir='ltr'><strong>ex</strong></span> 
     </span>
    </p>
   </div>
   <div class='ocr_carea' id='block_1_12' title="bbox 191 1193 1792 1288">
    <p class='ocr_par' dir='ltr' id='par_1_12' title="bbox 191 1193 1792 1288">
     <span class='ocr_line' id='line_1_12' title="bbox 191 1193 1792 1288; baseline -0.018 -14"><span class='ocrx_word' id='word_1_86' title='bbox 191 1230 346 1288; x_wconf 61' lang='lat' dir='ltr'><strong>uno.</strong></span> <span class='ocrx_word' id='word_1_87' title='bbox 370 1210 658 1283; x_wconf 81' lang='lat' dir='ltr'><strong>Quomodo</strong></span> <span class='ocrx_word' id='word_1_88' title='bbox 681 1223 814 1281; x_wconf 71' lang='lat' dir='ltr'><strong>ergo</strong></span> <span class='ocrx_word' id='word_1_89' title='bbox 844 1221 967 1279; x_wconf 84' lang='lat' dir='ltr'><strong>eum</strong></span> <span class='ocrx_word' id='word_1_90' title='bbox 997 1202 1253 1275; x_wconf 76' lang='lat' dir='ltr'><strong>expellis,</strong></span> <span class='ocrx_word' id='word_1_91' title='bbox 1280 1209 1336 1254; x_wconf 93' lang='lat' dir='ltr'><strong>et</strong></span> <span class='ocrx_word' id='word_1_92' title='bbox 1361 1196 1562 1268; x_wconf 80' lang='lat' dir='ltr'><strong>spolias</strong></span> <span class='ocrx_word' id='word_1_93' title='bbox 1584 1193 1792 1288; x_wconf 73' lang='lat' dir='ltr'><strong>honore</strong></span> 
     </span>
    </p>
   </div>
   <div class='ocr_carea' id='block_1_13' title="bbox 192 1283 1791 1384">
    <p class='ocr_par' dir='ltr' id='par_1_13' title="bbox 192 1283 1791 1384">
     <span class='ocr_line' id='line_1_13' title="bbox 192 1283 1791 1384; baseline -0.019 -15"><span class='ocrx_word' id='word_1_94' title='bbox 192 1283 335 1384; x_wconf 62' lang='lat' dir='ltr'><strong>gaet-</strong></span> <span class='ocrx_word' id='word_1_95' title='bbox 362 1307 505 1365; x_wconf 83' lang='lat' dir='ltr'><strong>Deus</strong></span> <span class='ocrx_word' id='word_1_96' title='bbox 527 1304 708 1370; x_wconf 88' lang='lat' dir='ltr'><strong>dedit,</strong></span> <span class='ocrx_word' id='word_1_97' title='bbox 740 1311 795 1357; x_wconf 91' lang='lat' dir='ltr'><strong>et</strong></span> <span class='ocrx_word' id='word_1_98' title='bbox 817 1299 885 1357; x_wconf 85' lang='lat' dir='ltr'><strong>ad</strong></span> <span class='ocrx_word' id='word_1_99' title='bbox 928 1298 1245 1355; x_wconf 88' lang='lat' dir='ltr'><strong>societatem</strong></span> <span class='ocrx_word' id='word_1_100' title='bbox 1275 1297 1395 1348; x_wconf 85' lang='lat' dir='ltr'><strong>non-</strong></span> <span class='ocrx_word' id='word_1_101' title='bbox 1408 1288 1669 1384; x_wconf 77' lang='lat' dir='ltr'><strong>admittis,</strong></span> <span class='ocrx_word' id='word_1_102' title='bbox 1689 1283 1791 1384; x_wconf 77' lang='lat' dir='ltr'><strong>sed</strong></span> 
     </span>
    </p>
   </div>
   <div class='ocr_carea' id='block_1_14' title="bbox 194 1376 1794 1460">
    <p class='ocr_par' dir='ltr' id='par_1_14' title="bbox 194 1376 1794 1460">
     <span class='ocr_line' id='line_1_14' title="bbox 194 1376 1794 1460; baseline -0.019 0"><span class='ocrx_word' id='word_1_103' title='bbox 194 1376 355 1459; x_wconf 62' lang='lat' dir='ltr'><strong>omnia</strong></span> <span class='ocrx_word' id='word_1_104' title='bbox 378 1399 469 1455; x_wconf 83' lang='lat' dir='ltr'><strong>tibi</strong></span> <span class='ocrx_word' id='word_1_105' title='bbox 499 1395 795 1460; x_wconf 77' lang='lat' dir='ltr'><strong>tribuis,rt</strong></span> <span class='ocrx_word' id='word_1_106' title='bbox 822 1408 928 1448; x_wconf 90' lang='lat' dir='ltr'><strong>non</strong></span> <span class='ocrx_word' id='word_1_107' title='bbox 946 1389 1120 1446; x_wconf 88' lang='lat' dir='ltr'><strong>solum</strong></span> <span class='ocrx_word' id='word_1_108' title='bbox 1150 1386 1205 1444; x_wconf 88' lang='lat' dir='ltr'><strong>in</strong></span> <span class='ocrx_word' id='word_1_109' title='bbox 1234 1381 1482 1456; x_wconf 76' lang='lat' dir='ltr'><strong>pecunia,</strong></span> <span class='ocrx_word' id='word_1_110' title='bbox 1504 1378 1601 1434; x_wconf 89' lang='lat' dir='ltr'><strong>sed</strong></span> <span class='ocrx_word' id='word_1_111' title='bbox 1628 1376 1794 1433; x_wconf 86' lang='lat' dir='ltr'><strong>etiam</strong></span> 
     </span>
    </p>
   </div>
   <div class='ocr_carea' id='block_1_15' title="bbox 198 1472 1794 1554">
    <p class='ocr_par' dir='ltr' id='par_1_15' title="bbox 198 1472 1794 1554">
     <span class='ocr_line' id='line_1_15' title="bbox 198 1472 1794 1554; baseline -0.018 -4"><span class='ocrx_word' id='word_1_112' title='bbox 198 1494 246 1550; x_wconf 81' lang='lat' dir='ltr'><strong>in</strong></span> <span class='ocrx_word' id='word_1_113' title='bbox 283 1491 480 1548; x_wconf 81' lang='lat' dir='ltr'><strong>honore</strong></span> <span class='ocrx_word' id='word_1_114' title='bbox 540 1502 674 1544; x_wconf 87' lang='lat' dir='ltr'><strong>eum</strong></span> <span class='ocrx_word' id='word_1_115' title='bbox 729 1483 862 1541; x_wconf 84' lang='lat' dir='ltr'><strong>facis</strong></span> <span class='ocrx_word' id='word_1_116' title='bbox 887 1477 1225 1554; x_wconf 78' lang='lat' dir='ltr'><strong>pauperem?</strong></span> <span class='ocrx_word' id='word_1_117' title='bbox 1263 1476 1408 1532; x_wconf 86' lang='lat' dir='ltr'><strong>Deus</strong></span> <span class='ocrx_word' id='word_1_118' title='bbox 1436 1472 1583 1529; x_wconf 84' lang='lat' dir='ltr'><strong>dedit</strong></span> <span class='ocrx_word' id='word_1_119' title='bbox 1629 1484 1794 1525; x_wconf 87' lang='lat' dir='ltr'><strong>unam</strong></span> 
     </span>
    </p>
   </div>
   <div class='ocr_carea' id='block_1_16' title="bbox 198 1565 1799 1656">
    <p class='ocr_par' dir='ltr' id='par_1_16' title="bbox 198 1565 1799 1656">
     <span class='ocr_line' id='line_1_16' title="bbox 198 1565 1799 1656; baseline -0.017 -12"><span class='ocrx_word' id='word_1_120' title='bbox 198 1586 386 1656; x_wconf 68' lang='lat' dir='ltr'><strong>sitiente</strong></span> <span class='ocrx_word' id='word_1_121' title='bbox 410 1581 713 1640; x_wconf 83' lang='lat' dir='ltr'><strong>essentiam</strong></span> <span class='ocrx_word' id='word_1_122' title='bbox 763 1596 779 1634; x_wconf 91' lang='lat'><strong>:</strong></span> <span class='ocrx_word' id='word_1_123' title='bbox 820 1574 1017 1648; x_wconf 77' lang='lat' dir='ltr'><strong>aquali</strong></span> <span class='ocrx_word' id='word_1_124' title='bbox 1056 1571 1383 1645; x_wconf 74' lang='lat' dir='ltr'><strong>principatu,</strong></span> <span class='ocrx_word' id='word_1_125' title='bbox 1426 1565 1619 1638; x_wconf 71' lang='lat' dir='ltr'><strong>a~qnali</strong></span> <span class='ocrx_word' id='word_1_126' title='bbox 1644 1576 1799 1618; x_wconf 87' lang='lat' dir='ltr'><strong>crea-</strong></span> 
     </span>
    </p>
   </div>
   <div class='ocr_carea' id='block_1_17' title="bbox 200 1656 1800 1745">
    <p class='ocr_par' dir='ltr' id='par_1_17' title="bbox 200 1656 1800 1745">
     <span class='ocr_line' id='line_1_17' title="bbox 200 1656 1800 1745; baseline -0.018 -9"><span class='ocrx_word' id='word_1_127' title='bbox 200 1678 342 1735; x_wconf 79' lang='lat' dir='ltr'><strong>n’ouis</strong></span> <span class='ocrx_word' id='word_1_128' title='bbox 363 1677 566 1732; x_wconf 75' lang='lat' dir='ltr'><strong>honore</strong></span> <span class='ocrx_word' id='word_1_129' title='bbox 590 1672 851 1745; x_wconf 70' lang='lat' dir='ltr'><strong>dignatus</strong></span> <span class='ocrx_word' id='word_1_130' title='bbox 875 1677 979 1725; x_wconf 90' lang='lat' dir='ltr'><strong>est.</strong></span> <span class='ocrx_word' id='word_1_131' title='bbox 1036 1664 1170 1721; x_wconf 91' lang='lat' dir='ltr'><strong>Illud</strong></span> <span class='ocrx_word' id='word_1_132' title='bbox 1198 1663 1344 1719; x_wconf 87' lang='lat' dir='ltr'><strong>enim</strong></span> <span class='ocrx_word' id='word_1_133' title='bbox 1395 1658 1677 1715; x_wconf 70' lang='lat' dir='ltr'><strong>Faciamus</strong></span> <span class='ocrx_word' id='word_1_134' title='bbox 1706 1656 1800 1709; x_wconf 75' lang='lat' dir='ltr'><strong>ha-</strong></span> 
     </span>
    </p>
   </div>
   <div class='ocr_carea' id='block_1_18' title="bbox 202 1746 1795 1839">
    <p class='ocr_par' dir='ltr' id='par_1_18' title="bbox 202 1746 1795 1839">
     <span class='ocr_line' id='line_1_18' title="bbox 202 1746 1795 1839; baseline -0.017 -13"><span class='ocrx_word' id='word_1_135' title='bbox 202 1770 369 1825; x_wconf 76' lang='lat' dir='ltr'><strong>aa&#39;ttent</strong></span> <span class='ocrx_word' id='word_1_136' title='bbox 396 1764 552 1839; x_wconf 72' lang='lat' dir='ltr'><strong>(Gott.</strong></span> <span class='ocrx_word' id='word_1_137' title='bbox 586 1765 642 1820; x_wconf 75' lang='lat' dir='ltr'><strong>i.</strong></span> <span class='ocrx_word' id='word_1_138' title='bbox 675 1761 803 1833; x_wconf 67' lang='grc' dir='ltr'><strong>εδ),</strong></span> <span class='ocrx_word' id='word_1_139' title='bbox 847 1768 931 1815; x_wconf 84' lang='lat' dir='ltr'><strong>est</strong></span> <span class='ocrx_word' id='word_1_140' title='bbox 949 1768 1238 1814; x_wconf 86' lang='lat' dir='ltr'><strong>commune</strong></span> <span class='ocrx_word' id='word_1_141' title='bbox 1279 1753 1534 1825; x_wconf 83' lang='lat' dir='ltr'><strong>universo</strong></span> <span class='ocrx_word' id='word_1_142' title='bbox 1586 1746 1795 1820; x_wconf 70' lang='lat' dir='ltr'><strong>generi.</strong></span> 
     </span>
    </p>
   </div>
   <div class='ocr_carea' id='block_1_19' title="bbox 201 1841 1802 1935">
    <p class='ocr_par' dir='ltr' id='par_1_19' title="bbox 201 1841 1802 1935">
     <span class='ocr_line' id='line_1_19' title="bbox 201 1841 1802 1935; baseline -0.016 -15"><span class='ocrx_word' id='word_1_143' title='bbox 201 1861 460 1935; x_wconf 76' lang='lat' dir='ltr'><strong>Quomodo</strong></span> <span class='ocrx_word' id='word_1_144' title='bbox 492 1873 627 1931; x_wconf 72' lang='lat' dir='ltr'><strong>ergo</strong></span> <span class='ocrx_word' id='word_1_145' title='bbox 676 1872 803 1912; x_wconf 87' lang='lat' dir='ltr'><strong>eum</strong></span> <span class='ocrx_word' id='word_1_146' title='bbox 844 1851 1159 1923; x_wconf 78' lang='lat' dir='ltr'><strong>exturbasa</strong></span> <span class='ocrx_word' id='word_1_147' title='bbox 1207 1849 1368 1905; x_wconf 87' lang='lat' dir='ltr'><strong>bonis</strong></span> <span class='ocrx_word' id='word_1_148' title='bbox 1412 1844 1684 1917; x_wconf 79' lang='lat' dir='ltr'><strong>paternis,</strong></span> <span class='ocrx_word' id='word_1_149' title='bbox 1731 1841 1802 1897; x_wconf 88' lang='lat' dir='ltr'><strong>ad</strong></span> 
     </span>
    </p>
   </div>
   <div class='ocr_carea' id='block_1_20' title="bbox 205 1939 1801 2015">
    <p class='ocr_par' dir='ltr' id='par_1_20' title="bbox 205 1939 1801 2015">
     <span class='ocr_line' id='line_1_20' title="bbox 205 1939 1801 2015; baseline -0.014 -3"><span class='ocrx_word' id='word_1_150' title='bbox 205 1966 449 2011; x_wconf 81' lang='lat' dir='ltr'><strong>summam</strong></span> <span class='ocrx_word' id='word_1_151' title='bbox 476 1949 843 2005; x_wconf 87' lang='lat' dir='ltr'><strong>humilitatem</strong></span> <span class='ocrx_word' id='word_1_152' title='bbox 863 1945 1131 2015; x_wconf 73' lang='lat' dir='ltr'><strong>redigens.</strong></span> <span class='ocrx_word' id='word_1_153' title='bbox 1155 1951 1213 1998; x_wconf 90' lang='lat' dir='ltr'><strong>et</strong></span> <span class='ocrx_word' id='word_1_154' title='bbox 1230 1939 1373 2012; x_wconf 86' lang='lat' dir='ltr'><strong>quod</strong></span> <span class='ocrx_word' id='word_1_155' title='bbox 1391 1946 1471 1995; x_wconf 83' lang='lat' dir='ltr'><strong>est</strong></span> <span class='ocrx_word' id='word_1_156' title='bbox 1490 1948 1801 1998; x_wconf 87' lang='lat' dir='ltr'><strong>commune,</strong></span> 
     </span>
    </p>
   </div>
   <div class='ocr_carea' id='block_1_21' title="bbox 206 2028 1807 2116">
    <p class='ocr_par' dir='ltr' id='par_1_21' title="bbox 206 2028 1807 2116">
     <span class='ocr_line' id='line_1_21' title="bbox 206 2028 1807 2116; baseline -0.012 -16"><span class='ocrx_word' id='word_1_157' title='bbox 206 2056 451 2116; x_wconf 79' lang='lat' dir='ltr'><strong>tamquam</strong></span> <span class='ocrx_word' id='word_1_158' title='bbox 483 2042 579 2097; x_wconf 90' lang='lat' dir='ltr'><strong>tibi</strong></span> <span class='ocrx_word' id='word_1_159' title='bbox 612 2040 893 2112; x_wconf 87' lang='lat' dir='ltr'><strong>proprium</strong></span> <span class='ocrx_word' id='word_1_160' title='bbox 927 2033 1243 2091; x_wconf 80' lang='lat' dir='ltr'><strong>vindicans?</strong></span> <span class='ocrx_word' id='word_1_161' title='bbox 1269 2029 1377 2087; x_wconf 86' lang='lat' dir='ltr'><strong>Sed</strong></span> <span class='ocrx_word' id='word_1_162' title='bbox 1406 2028 1529 2084; x_wconf 85' lang='lat' dir='ltr'><strong>talis</strong></span> <span class='ocrx_word' id='word_1_163' title='bbox 1549 2045 1655 2082; x_wconf 86' lang='lat' dir='ltr'><strong>non</strong></span> <span class='ocrx_word' id='word_1_164' title='bbox 1686 2033 1807 2081; x_wconf 79' lang='lat' dir='ltr'><strong>erat</strong></span> 
     </span>
    </p>
   </div>
   <div class='ocr_carea' id='block_1_22' title="bbox 206 2119 1801 2207">
    <p class='ocr_par' dir='ltr' id='par_1_22' title="bbox 206 2119 1801 2207">
     <span class='ocr_line' id='line_1_22' title="bbox 206 2119 1801 2207; baseline -0.014 -12"><span class='ocrx_word' id='word_1_165' title='bbox 206 2139 376 2195; x_wconf 71' lang='lat' dir='ltr'><strong>lin-atus</strong></span> <span class='ocrx_word' id='word_1_166' title='bbox 404 2136 695 2207; x_wconf 86' lang='lat' dir='ltr'><strong>propheta.</strong></span> <span class='ocrx_word' id='word_1_167' title='bbox 738 2141 797 2188; x_wconf 90' lang='lat' dir='ltr'><strong>et</strong></span> <span class='ocrx_word' id='word_1_168' title='bbox 816 2132 939 2186; x_wconf 88' lang='lat' dir='ltr'><strong>ideo</strong></span> <span class='ocrx_word' id='word_1_169' title='bbox 967 2127 1225 2184; x_wconf 74' lang='lat' dir='ltr'><strong>audacter</strong></span> <span class='ocrx_word' id='word_1_170' title='bbox 1254 2138 1311 2180; x_wconf 89' lang='lat' dir='ltr'><strong>et</strong></span> <span class='ocrx_word' id='word_1_171' title='bbox 1336 2124 1508 2179; x_wconf 85' lang='lat' dir='ltr'><strong>libere</strong></span> <span class='ocrx_word' id='word_1_172' title='bbox 1546 2119 1760 2177; x_wconf 86' lang='lat' dir='ltr'><strong>dicebat</strong></span> <span class='ocrx_word' id='word_1_173' title='bbox 1787 2134 1801 2172; x_wconf 89' lang='lat'><strong>:</strong></span> 
     </span>
    </p>
   </div>
   <div class='ocr_carea' id='block_1_23' title="bbox 209 2214 1805 2303">
    <p class='ocr_par' dir='ltr' id='par_1_23' title="bbox 209 2214 1805 2303">
     <span class='ocr_line' id='line_1_23' title="bbox 209 2214 1805 2303; baseline -0.016 -12"><span class='ocrx_word' id='word_1_174' title='bbox 209 2232 464 2290; x_wconf 59' lang='lat' dir='ltr'><strong>[audivit</strong></span> <span class='ocrx_word' id='word_1_175' title='bbox 512 2229 779 2303; x_wconf 74' lang='lat' dir='ltr'><strong>justitiam</strong></span> <span class='ocrx_word' id='word_1_176' title='bbox 822 2240 990 2281; x_wconf 83' lang='lat' dir='ltr'><strong>meam</strong></span> <span class='ocrx_word' id='word_1_177' title='bbox 1044 2222 1117 2278; x_wconf 89' lang='lat' dir='ltr'><strong>Ita</strong></span> <span class='ocrx_word' id='word_1_178' title='bbox 1148 2220 1314 2277; x_wconf 87' lang='lat' dir='ltr'><strong>etiam</strong></span> <span class='ocrx_word' id='word_1_179' title='bbox 1340 2216 1539 2274; x_wconf 82' lang='lat' dir='ltr'><strong>Paulus</strong></span> <span class='ocrx_word' id='word_1_180' title='bbox 1565 2214 1805 2284; x_wconf 85' lang='lat' dir='ltr'><strong>scipsum</strong></span> 
     </span>
    </p>
   </div>
   <div class='ocr_carea' id='block_1_24' title="bbox 208 2306 1807 2398">
    <p class='ocr_par' dir='ltr' id='par_1_24' title="bbox 208 2306 1807 2398">
     <span class='ocr_line' id='line_1_24' title="bbox 208 2306 1807 2398; baseline -0.016 -14"><span class='ocrx_word' id='word_1_181' title='bbox 208 2340 337 2398; x_wconf 70' lang='lat' dir='ltr'><strong>sape</strong></span> <span class='ocrx_word' id='word_1_182' title='bbox 365 2322 578 2381; x_wconf 82' lang='lat' dir='ltr'><strong>adduci:</strong></span> <span class='ocrx_word' id='word_1_183' title='bbox 608 2321 667 2377; x_wconf 88' lang='lat' dir='ltr'><strong>in</strong></span> <span class='ocrx_word' id='word_1_184' title='bbox 702 2318 961 2381; x_wconf 87' lang='lat' dir='ltr'><strong>medium,</strong></span> <span class='ocrx_word' id='word_1_185' title='bbox 997 2330 1102 2371; x_wconf 88' lang='lat' dir='ltr'><strong>non</strong></span> <span class='ocrx_word' id='word_1_186' title='bbox 1130 2328 1191 2370; x_wconf 90' lang='lat' dir='ltr'><strong>se</strong></span> <span class='ocrx_word' id='word_1_187' title='bbox 1233 2308 1470 2367; x_wconf 66' lang='lat' dir='ltr'><strong>ederetis</strong></span> <span class='ocrx_word' id='word_1_188' title='bbox 1511 2322 1613 2364; x_wconf 81' lang='lat' dir='ltr'><strong>nec</strong></span> <span class='ocrx_word' id='word_1_189' title='bbox 1665 2306 1807 2360; x_wconf 84' lang='lat' dir='ltr'><strong>intu-</strong></span> 
     </span>
    </p>
   </div>
   <div class='ocr_carea' id='block_1_25' title="bbox 209 2398 1811 2484">
    <p class='ocr_par' dir='ltr' id='par_1_25' title="bbox 209 2398 1811 2484">
     <span class='ocr_line' id='line_1_25' title="bbox 209 2398 1811 2484; baseline -0.014 -10"><span class='ocrx_word' id='word_1_190' title='bbox 209 2433 455 2484; x_wconf 80' lang='lat' dir='ltr'><strong>nteseens,</strong></span> <span class='ocrx_word' id='word_1_191' title='bbox 484 2415 582 2472; x_wconf 86' lang='lat' dir='ltr'><strong>sed</strong></span> <span class='ocrx_word' id='word_1_192' title='bbox 604 2428 669 2471; x_wconf 86' lang='lat' dir='ltr'><strong>se</strong></span> <span class='ocrx_word' id='word_1_193' title='bbox 694 2412 816 2468; x_wconf 89' lang='lat' dir='ltr'><strong>aliis</strong></span> <span class='ocrx_word' id='word_1_194' title='bbox 841 2409 1123 2480; x_wconf 76' lang='lat' dir='ltr'><strong>exciuplar</strong></span> <span class='ocrx_word' id='word_1_195' title='bbox 1141 2417 1487 2477; x_wconf 85' lang='lat' dir='ltr'><strong>proponens;</strong></span> <span class='ocrx_word' id='word_1_196' title='bbox 1515 2410 1573 2457; x_wconf 93' lang='lat' dir='ltr'><strong>ut</strong></span> <span class='ocrx_word' id='word_1_197' title='bbox 1592 2398 1811 2473; x_wconf 92' lang='lat' dir='ltr'><strong>quando</strong></span> 
     </span>
    </p>
   </div>
   <div class='ocr_carea' id='block_1_26' title="bbox 209 2492 1811 2569">
    <p class='ocr_par' dir='ltr' id='par_1_26' title="bbox 209 2492 1811 2569">
     <span class='ocr_line' id='line_1_26' title="bbox 209 2492 1811 2569; baseline -0.016 1"><span class='ocrx_word' id='word_1_198' title='bbox 209 2511 360 2569; x_wconf 80' lang='lat' dir='ltr'><strong>dicit:</strong></span> <span class='ocrx_word' id='word_1_199' title='bbox 397 2509 523 2566; x_wconf 80' lang='lat' dir='ltr'><strong>Volo</strong></span> <span class='ocrx_word' id='word_1_200' title='bbox 573 2522 757 2564; x_wconf 74' lang='lat' dir='ltr'><strong>attines</strong></span> <span class='ocrx_word' id='word_1_201' title='bbox 786 2504 1019 2559; x_wconf 71' lang='lat' dir='ltr'><strong>homines</strong></span> <span class='ocrx_word' id='word_1_202' title='bbox 1067 2516 1176 2557; x_wconf 85' lang='lat' dir='ltr'><strong>esse</strong></span> <span class='ocrx_word' id='word_1_203' title='bbox 1224 2499 1357 2554; x_wconf 84' lang='lat' dir='ltr'><strong>sicut</strong></span> <span class='ocrx_word' id='word_1_204' title='bbox 1389 2505 1439 2550; x_wconf 87' lang='lat' dir='ltr'><strong>et</strong></span> <span class='ocrx_word' id='word_1_205' title='bbox 1469 2494 1719 2563; x_wconf 83' lang='lat' dir='ltr'><strong>meipsttm</strong></span> <span class='ocrx_word' id='word_1_206' title='bbox 1755 2492 1811 2545; x_wconf 81' lang='lat' dir='ltr'><strong>in</strong></span> 
     </span>
    </p>
   </div>
   <div class='ocr_carea' id='block_1_27' title="bbox 209 2587 1812 2677">
    <p class='ocr_par' dir='ltr' id='par_1_27' title="bbox 209 2587 1812 2677">
     <span class='ocr_line' id='line_1_27' title="bbox 209 2587 1812 2677; baseline -0.015 -12"><span class='ocrx_word' id='word_1_207' title='bbox 209 2604 499 2666; x_wconf 63' lang='lat' dir='ltr'><strong>minatis</strong></span> <span class='ocrx_word' id='word_1_208' title='bbox 520 2605 539 2636; x_wconf 71' lang='grc'><strong>⁸</strong></span> <span class='ocrx_word' id='word_1_209' title='bbox 569 2602 651 2677; x_wconf 90' lang='lat' dir='ltr'><strong>(l.</strong></span> <span class='ocrx_word' id='word_1_210' title='bbox 680 2598 804 2656; x_wconf 85' lang='lat' dir='ltr'><strong>Cor.</strong></span> <span class='ocrx_word' id='word_1_211' title='bbox 836 2598 891 2654; x_wconf 83' lang='lat'><strong>7.</strong></span> <span class='ocrx_word' id='word_1_212' title='bbox 923 2594 1002 2671; x_wconf 86' lang='lat'><strong>7).</strong></span> <span class='ocrx_word' id='word_1_213' title='bbox 1023 2595 1100 2651; x_wconf 83' lang='lat' dir='ltr'><strong>Ita</strong></span> <span class='ocrx_word' id='word_1_214' title='bbox 1128 2594 1291 2651; x_wconf 89' lang='lat' dir='ltr'><strong>etiam</strong></span> <span class='ocrx_word' id='word_1_215' title='bbox 1342 2587 1533 2654; x_wconf 80' lang='lat' dir='ltr'><strong>David,</strong></span> <span class='ocrx_word' id='word_1_216' title='bbox 1564 2592 1812 2657; x_wconf 86' lang='lat' dir='ltr'><strong>tempore</strong></span> 
     </span>
    </p>
   </div>
   <div class='ocr_carea' id='block_1_28' title="bbox 212 2677 1815 2773">
    <p class='ocr_par' dir='ltr' id='par_1_28' title="bbox 212 2677 1815 2773">
     <span class='ocr_line' id='line_1_28' title="bbox 212 2677 1815 2773; baseline -0.016 -14"><span class='ocrx_word' id='word_1_217' title='bbox 212 2700 277 2758; x_wconf 84' lang='lat' dir='ltr'><strong>ita</strong></span> <span class='ocrx_word' id='word_1_218' title='bbox 303 2698 623 2773; x_wconf 67' lang='lat' dir='ltr'><strong>postulante,</strong></span> <span class='ocrx_word' id='word_1_219' title='bbox 650 2692 1019 2751; x_wconf 71' lang='lat' dir='ltr'><strong>fortitudinem</strong></span> <span class='ocrx_word' id='word_1_220' title='bbox 1045 2702 1197 2745; x_wconf 84' lang='lat' dir='ltr'><strong>suam</strong></span> <span class='ocrx_word' id='word_1_221' title='bbox 1216 2700 1335 2757; x_wconf 67' lang='lat' dir='ltr'><strong>quae</strong></span> <span class='ocrx_word' id='word_1_222' title='bbox 1352 2682 1403 2739; x_wconf 91' lang='lat' dir='ltr'><strong>ei</strong></span> <span class='ocrx_word' id='word_1_223' title='bbox 1426 2680 1684 2739; x_wconf 88' lang='lat' dir='ltr'><strong>divinitus</strong></span> <span class='ocrx_word' id='word_1_224' title='bbox 1712 2677 1815 2773; x_wconf 76' lang='lat' dir='ltr'><strong>ob-</strong></span> 
     </span>
    </p>
   </div>
   <div class='ocr_carea' id='block_1_29' title="bbox 214 2771 1815 2882">
    <p class='ocr_par' dir='ltr' id='par_1_29' title="bbox 214 2771 1815 2882">
     <span class='ocr_line' id='line_1_29' title="bbox 214 2771 1815 2882; baseline -0.014 -32"><span class='ocrx_word' id='word_1_225' title='bbox 214 2771 407 2882; x_wconf 53' lang='lat' dir='ltr'><strong>ti‘erat,</strong></span> <span class='ocrx_word' id='word_1_226' title='bbox 436 2793 490 2848; x_wconf 89' lang='lat' dir='ltr'><strong>in</strong></span> <span class='ocrx_word' id='word_1_227' title='bbox 522 2790 772 2847; x_wconf 84' lang='lat' dir='ltr'><strong>medium</strong></span> <span class='ocrx_word' id='word_1_228' title='bbox 801 2785 1038 2851; x_wconf 87' lang='lat' dir='ltr'><strong>adducit,</strong></span> <span class='ocrx_word' id='word_1_229' title='bbox 1081 2780 1271 2837; x_wconf 88' lang='lat' dir='ltr'><strong>dicens</strong></span> <span class='ocrx_word' id='word_1_230' title='bbox 1289 2793 1351 2834; x_wconf 90' lang='lat' dir='ltr'><strong>se</strong></span> <span class='ocrx_word' id='word_1_231' title='bbox 1377 2785 1435 2882; x_wconf 77' lang='lat' dir='ltr'><strong>et</strong></span> <span class='ocrx_word' id='word_1_232' title='bbox 1455 2788 1610 2831; x_wconf 88' lang='lat' dir='ltr'><strong>ursos</strong></span> <span class='ocrx_word' id='word_1_233' title='bbox 1640 2771 1815 2882; x_wconf 63' lang='lat' dir='ltr'><strong>solio-</strong></span> 
     </span>
    </p>
   </div>
   <div class='ocr_carea' id='block_1_30' title="bbox 212 2865 1815 2954">
    <p class='ocr_par' dir='ltr' id='par_1_30' title="bbox 212 2865 1815 2954">
     <span class='ocr_line' id='line_1_30' title="bbox 212 2865 1815 2954; baseline -0.018 -8"><span class='ocrx_word' id='word_1_234' title='bbox 212 2865 371 2954; x_wconf 52' lang='lat' dir='ltr'><strong>ca‘tse,</strong></span> <span class='ocrx_word' id='word_1_235' title='bbox 416 2896 471 2943; x_wconf 86' lang='lat' dir='ltr'><strong>et</strong></span> <span class='ocrx_word' id='word_1_236' title='bbox 502 2885 699 2941; x_wconf 80' lang='lat' dir='ltr'><strong>leones</strong></span> <span class='ocrx_word' id='word_1_237' title='bbox 722 2879 1108 2949; x_wconf 75' lang='lat' dir='ltr'><strong>stranguiasse,</strong></span> <span class='ocrx_word' id='word_1_238' title='bbox 1163 2888 1272 2929; x_wconf 88' lang='lat' dir='ltr'><strong>non</strong></span> <span class='ocrx_word' id='word_1_239' title='bbox 1314 2870 1554 2941; x_wconf 86' lang='lat' dir='ltr'><strong>seipsum</strong></span> <span class='ocrx_word' id='word_1_240' title='bbox 1595 2865 1815 2938; x_wconf 83' lang='lat' dir='ltr'><strong>quidem</strong></span> 
     </span>
    </p>
   </div>
   <div class='ocr_carea' id='block_1_31' title="bbox 216 2960 1817 3045">
    <p class='ocr_par' dir='ltr' id='par_1_31' title="bbox 216 2960 1817 3045">
     <span class='ocr_line' id='line_1_31' title="bbox 216 2960 1817 3045; baseline -0.016 -9"><span class='ocrx_word' id='word_1_241' title='bbox 216 2979 284 3036; x_wconf 80' lang='lat' dir='ltr'><strong>sic</strong></span> <span class='ocrx_word' id='word_1_242' title='bbox 305 2979 595 3041; x_wconf 74' lang='lat' dir='ltr'><strong>extollens,</strong></span> <span class='ocrx_word' id='word_1_243' title='bbox 617 2975 759 3030; x_wconf 87' lang='lat' dir='ltr'><strong>absit</strong></span> <span class='ocrx_word' id='word_1_244' title='bbox 792 2973 867 3045; x_wconf 82' lang='lat' dir='ltr'><strong>(l.</strong></span> <span class='ocrx_word' id='word_1_245' title='bbox 902 2968 1031 3042; x_wconf 84' lang='lat' dir='ltr'><strong>Reg.</strong></span> <span class='ocrx_word' id='word_1_246' title='bbox 1058 2967 1145 3024; x_wconf 85' lang='lat' dir='ltr'><strong>l7.</strong></span> <span class='ocrx_word' id='word_1_247' title='bbox 1178 2965 1267 3023; x_wconf 76' lang='grc'><strong>54.</strong></span> <span class='ocrx_word' id='word_1_248' title='bbox 1300 2980 1415 3035; x_wconf 84' lang='lat' dir='ltr'><strong>sqq.</strong></span> <span class='ocrx_word' id='word_1_249' title='bbox 1450 2977 1465 3016; x_wconf 91' lang='lat'><strong>:</strong></span> <span class='ocrx_word' id='word_1_250' title='bbox 1497 2960 1595 3017; x_wconf 86' lang='lat' dir='ltr'><strong>sed</strong></span> <span class='ocrx_word' id='word_1_251' title='bbox 1646 2974 1708 3014; x_wconf 85' lang='lat' dir='ltr'><strong>ea</strong></span> <span class='ocrx_word' id='word_1_252' title='bbox 1739 2972 1817 3011; x_wconf 88' lang='lat' dir='ltr'><strong>ra-</strong></span> 
     </span>
    </p>
   </div>
   <div class='ocr_carea' id='block_1_32' title="bbox 223 3059 1421 3141">
    <p class='ocr_par' dir='ltr' id='par_1_32' title="bbox 223 3059 1421 3141">
     <span class='ocr_line' id='line_1_32' title="bbox 223 3059 1421 3141; baseline -0.013 -13"><span class='ocrx_word' id='word_1_253' title='bbox 223 3069 353 3127; x_wconf 86' lang='lat' dir='ltr'><strong>tione</strong></span> <span class='ocrx_word' id='word_1_254' title='bbox 400 3081 707 3141; x_wconf 79' lang='lat' dir='ltr'><strong>procurans</strong></span> <span class='ocrx_word' id='word_1_255' title='bbox 734 3075 789 3121; x_wconf 89' lang='lat' dir='ltr'><strong>ut</strong></span> <span class='ocrx_word' id='word_1_256' title='bbox 816 3063 917 3119; x_wconf 85' lang='lat' dir='ltr'><strong>sibi</strong></span> <span class='ocrx_word' id='word_1_257' title='bbox 950 3061 1082 3119; x_wconf 75' lang='lat' dir='ltr'><strong>fides</strong></span> <span class='ocrx_word' id='word_1_258' title='bbox 1105 3059 1421 3116; x_wconf 83' lang='lat' dir='ltr'><strong>haberetur.</strong></span> 
     </span>
    </p>
   </div>
   <div class='ocr_carea' id='block_1_33' title="bbox 282 3140 1821 3228">
    <p class='ocr_par' dir='ltr' id='par_1_33' title="bbox 282 3140 1821 3228">
     <span class='ocr_line' id='line_1_33' title="bbox 282 3140 1821 3228; baseline -0.014 -9"><span class='ocrx_word' id='word_1_259' title='bbox 282 3140 499 3219; x_wconf 74' lang='lat' dir='ltr'><strong>Fructus</strong></span> <span class='ocrx_word' id='word_1_260' title='bbox 547 3159 846 3225; x_wconf 75' lang='lat' dir='ltr'><strong>orationis;</strong></span> <span class='ocrx_word' id='word_1_261' title='bbox 874 3172 1029 3228; x_wconf 79' lang='lat' dir='ltr'><strong>quam</strong></span> <span class='ocrx_word' id='word_1_262' title='bbox 1076 3150 1352 3209; x_wconf 66' lang='lat' dir='ltr'><strong>exorabilis</strong></span> <span class='ocrx_word' id='word_1_263' title='bbox 1395 3147 1557 3204; x_wconf 82' lang='lat' dir='ltr'><strong>Deus.</strong></span> <span class='ocrx_word' id='word_1_264' title='bbox 1575 3176 1650 3189; x_wconf 89' lang='lat'><strong><em>—</em></strong></span> <span class='ocrx_word' id='word_1_265' title='bbox 1670 3144 1737 3200; x_wconf 80' lang='lat' dir='ltr'><strong>Et</strong></span> <span class='ocrx_word' id='word_1_266' title='bbox 1773 3140 1821 3199; x_wconf 91' lang='lat' dir='ltr'><strong>si</strong></span> 
     </span>
    </p>
   </div>
   <div class='ocr_carea' id='block_1_34' title="bbox 220 3239 1826 3327">
    <p class='ocr_par' dir='ltr' id='par_1_34' title="bbox 220 3239 1826 3327">
     <span class='ocr_line' id='line_1_34' title="bbox 220 3239 1826 3327; baseline -0.015 -11"><span class='ocrx_word' id='word_1_267' title='bbox 220 3256 379 3315; x_wconf 71' lang='lat' dir='ltr'><strong>hbeo</strong></span> <span class='ocrx_word' id='word_1_268' title='bbox 391 3256 679 3327; x_wconf 81' lang='lat' dir='ltr'><strong>justitiam,</strong></span> <span class='ocrx_word' id='word_1_269' title='bbox 701 3250 845 3307; x_wconf 87' lang='lat' dir='ltr'><strong>dicet</strong></span> <span class='ocrx_word' id='word_1_270' title='bbox 870 3248 1097 3304; x_wconf 78' lang='lat' dir='ltr'><strong>fortasse</strong></span> <span class='ocrx_word' id='word_1_271' title='bbox 1121 3244 1410 3317; x_wconf 82' lang='lat' dir='ltr'><strong>quispiam,</strong></span> <span class='ocrx_word' id='word_1_272' title='bbox 1435 3239 1562 3313; x_wconf 89' lang='lat' dir='ltr'><strong>quid</strong></span> <span class='ocrx_word' id='word_1_273' title='bbox 1582 3254 1718 3311; x_wconf 88' lang='lat' dir='ltr'><strong>opus</strong></span> <span class='ocrx_word' id='word_1_274' title='bbox 1741 3244 1826 3292; x_wconf 87' lang='lat' dir='ltr'><strong>est</strong></span> 
     </span>
    </p>
   </div>
   <div class='ocr_carea' id='block_1_35' title="bbox 222 3329 1826 3419">
    <p class='ocr_par' dir='ltr' id='par_1_35' title="bbox 222 3329 1826 3419">
     <span class='ocr_line' id='line_1_35' title="bbox 222 3329 1826 3419; baseline -0.016 -10"><span class='ocrx_word' id='word_1_275' title='bbox 222 3356 465 3419; x_wconf 78' lang='lat' dir='ltr'><strong>aratione,</strong></span> <span class='ocrx_word' id='word_1_276' title='bbox 488 3365 621 3407; x_wconf 86' lang='lat' dir='ltr'><strong>eum</strong></span> <span class='ocrx_word' id='word_1_277' title='bbox 641 3358 694 3404; x_wconf 89' lang='lat' dir='ltr'><strong>et</strong></span> <span class='ocrx_word' id='word_1_278' title='bbox 718 3361 805 3402; x_wconf 78' lang='lat' dir='ltr'><strong>res</strong></span> <span class='ocrx_word' id='word_1_279' title='bbox 818 3344 931 3414; x_wconf 84' lang='lat' dir='ltr'><strong>ipsa</strong></span> <span class='ocrx_word' id='word_1_280' title='bbox 953 3342 1019 3397; x_wconf 87' lang='lat' dir='ltr'><strong>ad</strong></span> <span class='ocrx_word' id='word_1_281' title='bbox 1043 3339 1225 3396; x_wconf 82' lang='lat' dir='ltr'><strong>omnia</strong></span> <span class='ocrx_word' id='word_1_282' title='bbox 1251 3347 1400 3395; x_wconf 86' lang='lat' dir='ltr'><strong>recte</strong></span> <span class='ocrx_word' id='word_1_283' title='bbox 1419 3332 1652 3406; x_wconf 71' lang='lat' dir='ltr'><strong>gerenda</strong></span> <span class='ocrx_word' id='word_1_284' title='bbox 1673 3329 1826 3387; x_wconf 80' lang='lat' dir='ltr'><strong>sum-</strong></span> 
     </span>
    </p>
   </div>
   <div class='ocr_carea' id='block_1_36' title="bbox 221 3422 1824 3516">
    <p class='ocr_par' dir='ltr' id='par_1_36' title="bbox 221 3422 1824 3516">
     <span class='ocr_line' id='line_1_36' title="bbox 221 3422 1824 3516; baseline -0.014 -15"><span class='ocrx_word' id='word_1_285' title='bbox 221 3444 316 3501; x_wconf 85' lang='lat' dir='ltr'><strong>ciat</strong></span> <span class='ocrx_word' id='word_1_286' title='bbox 334 3486 348 3511; x_wconf 85' lang='lat'><strong>,</strong></span> <span class='ocrx_word' id='word_1_287' title='bbox 374 3454 428 3501; x_wconf 88' lang='lat' dir='ltr'><strong>et</strong></span> <span class='ocrx_word' id='word_1_288' title='bbox 452 3442 545 3516; x_wconf 82' lang='lat' dir='ltr'><strong>qui</strong></span> <span class='ocrx_word' id='word_1_289' title='bbox 570 3441 800 3497; x_wconf 86' lang='lat' dir='ltr'><strong>daturus</strong></span> <span class='ocrx_word' id='word_1_290' title='bbox 824 3446 930 3501; x_wconf 86' lang='lat' dir='ltr'><strong>est,</strong></span> <span class='ocrx_word' id='word_1_291' title='bbox 962 3435 1099 3491; x_wconf 86' lang='lat' dir='ltr'><strong>sciat</strong></span> <span class='ocrx_word' id='word_1_292' title='bbox 1117 3432 1444 3505; x_wconf 88' lang='lat' dir='ltr'><strong>quibusnam</strong></span> <span class='ocrx_word' id='word_1_293' title='bbox 1485 3441 1627 3499; x_wconf 87' lang='lat' dir='ltr'><strong>opus</strong></span> <span class='ocrx_word' id='word_1_294' title='bbox 1653 3422 1824 3479; x_wconf 87' lang='lat' dir='ltr'><strong>habe-</strong></span> 
     </span>
    </p>
   </div>
   <div class='ocr_carea' id='block_1_37' title="bbox 224 3520 1829 3607">
    <p class='ocr_par' dir='ltr' id='par_1_37' title="bbox 224 3520 1829 3607">
     <span class='ocr_line' id='line_1_37' title="bbox 224 3520 1829 3607; baseline -0.012 -10"><span class='ocrx_word' id='word_1_295' title='bbox 224 3540 364 3596; x_wconf 60' lang='lat' dir='ltr'><strong>nte?</strong></span> <span class='ocrx_word' id='word_1_296' title='bbox 398 3538 671 3607; x_wconf 77' lang='lat' dir='ltr'><strong>Quoniam</strong></span> <span class='ocrx_word' id='word_1_297' title='bbox 697 3533 873 3591; x_wconf 82' lang='lat' dir='ltr'><strong>oratio</strong></span> <span class='ocrx_word' id='word_1_298' title='bbox 900 3548 1007 3588; x_wconf 89' lang='lat' dir='ltr'><strong>non</strong></span> <span class='ocrx_word' id='word_1_299' title='bbox 1029 3540 1113 3586; x_wconf 90' lang='lat' dir='ltr'><strong>est</strong></span> <span class='ocrx_word' id='word_1_300' title='bbox 1140 3541 1366 3601; x_wconf 77' lang='lat' dir='ltr'><strong>parvum</strong></span> <span class='ocrx_word' id='word_1_301' title='bbox 1388 3524 1661 3579; x_wconf 88' lang='lat' dir='ltr'><strong>vinculum</strong></span> <span class='ocrx_word' id='word_1_302' title='bbox 1688 3520 1829 3577; x_wconf 87' lang='lat' dir='ltr'><strong>dile-</strong></span> 
     </span>
    </p>
   </div>
   <div class='ocr_carea' id='block_1_38' title="bbox 225 3615 1823 3700">
    <p class='ocr_par' dir='ltr' id='par_1_38' title="bbox 225 3615 1823 3700">
     <span class='ocr_line' id='line_1_38' title="bbox 225 3615 1823 3700; baseline -0.013 -9"><span class='ocrx_word' id='word_1_303' title='bbox 225 3634 403 3691; x_wconf 83' lang='lat' dir='ltr'><strong>ctionis</strong></span> <span class='ocrx_word' id='word_1_304' title='bbox 428 3635 481 3689; x_wconf 91' lang='lat' dir='ltr'><strong>in</strong></span> <span class='ocrx_word' id='word_1_305' title='bbox 516 3633 695 3693; x_wconf 79' lang='lat' dir='ltr'><strong>Deum</strong></span> <span class='ocrx_word' id='word_1_306' title='bbox 721 3643 843 3700; x_wconf 67' lang='lat' dir='ltr'><strong>qua!</strong></span> <span class='ocrx_word' id='word_1_307' title='bbox 867 3642 991 3681; x_wconf 85' lang='lat' dir='ltr'><strong>eum</strong></span> <span class='ocrx_word' id='word_1_308' title='bbox 1012 3640 1079 3681; x_wconf 92' lang='lat' dir='ltr'><strong>eo</strong></span> <span class='ocrx_word' id='word_1_309' title='bbox 1105 3622 1339 3691; x_wconf 66' lang='lat' dir='ltr'><strong>colloqui</strong></span> <span class='ocrx_word' id='word_1_310' title='bbox 1369 3634 1467 3674; x_wconf 90' lang='lat' dir='ltr'><strong>nos</strong></span> <span class='ocrx_word' id='word_1_311' title='bbox 1493 3615 1783 3673; x_wconf 85' lang='lat' dir='ltr'><strong>assuefacit</strong></span> <span class='ocrx_word' id='word_1_312' title='bbox 1806 3657 1823 3682; x_wconf 93' lang='lat'><strong>,</strong></span> 
     </span>
    </p>
   </div>
   <div class='ocr_carea' id='block_1_39' title="bbox 228 3707 1828 3797">
    <p class='ocr_par' dir='ltr' id='par_1_39' title="bbox 228 3707 1828 3797">
     <span class='ocr_line' id='line_1_39' title="bbox 228 3707 1828 3797; baseline -0.013 -14"><span class='ocrx_word' id='word_1_313' title='bbox 228 3737 276 3783; x_wconf 87' lang='lat' dir='ltr'><strong>et</strong></span> <span class='ocrx_word' id='word_1_314' title='bbox 309 3727 371 3783; x_wconf 83' lang='lat' dir='ltr'><strong>ad</strong></span> <span class='ocrx_word' id='word_1_315' title='bbox 421 3724 707 3797; x_wconf 65' lang='lat' dir='ltr'><strong>sapientiae</strong></span> <span class='ocrx_word' id='word_1_316' title='bbox 752 3719 987 3775; x_wconf 90' lang='lat' dir='ltr'><strong>studium</strong></span> <span class='ocrx_word' id='word_1_317' title='bbox 1039 3730 1138 3772; x_wconf 87' lang='lat' dir='ltr'><strong>nos</strong></span> <span class='ocrx_word' id='word_1_318' title='bbox 1175 3713 1411 3770; x_wconf 81' lang='lat' dir='ltr'><strong>deducit.</strong></span> <span class='ocrx_word' id='word_1_319' title='bbox 1448 3711 1504 3765; x_wconf 86' lang='lat' dir='ltr'><strong>Si</strong></span> <span class='ocrx_word' id='word_1_320' title='bbox 1559 3710 1705 3765; x_wconf 85' lang='lat' dir='ltr'><strong>enim</strong></span> <span class='ocrx_word' id='word_1_321' title='bbox 1735 3707 1828 3779; x_wconf 88' lang='lat' dir='ltr'><strong>qui</strong></span> 
     </span>
    </p>
   </div>
   <div class='ocr_carea' id='block_1_40' title="bbox 229 3801 1831 3891">
    <p class='ocr_par' dir='ltr' id='par_1_40' title="bbox 229 3801 1831 3891">
     <span class='ocr_line' id='line_1_40' title="bbox 229 3801 1831 3891; baseline -0.013 -14"><span class='ocrx_word' id='word_1_322' title='bbox 229 3836 340 3877; x_wconf 80' lang='lat' dir='ltr'><strong>cum</strong></span> <span class='ocrx_word' id='word_1_323' title='bbox 367 3821 553 3891; x_wconf 78' lang='lat' dir='ltr'><strong>aliquo</strong></span> <span class='ocrx_word' id='word_1_324' title='bbox 578 3814 883 3871; x_wconf 65' lang='lat' dir='ltr'><strong>admirabili</strong></span> <span class='ocrx_word' id='word_1_325' title='bbox 914 3813 1031 3866; x_wconf 87' lang='lat' dir='ltr'><strong>viro</strong></span> <span class='ocrx_word' id='word_1_326' title='bbox 1063 3808 1289 3865; x_wconf 86' lang='lat' dir='ltr'><strong>multum</strong></span> <span class='ocrx_word' id='word_1_327' title='bbox 1319 3813 1584 3868; x_wconf 77' lang='lat' dir='ltr'><strong>versatur,</strong></span> <span class='ocrx_word' id='word_1_328' title='bbox 1610 3818 1680 3858; x_wconf 75' lang='lat' dir='ltr'><strong>ex</strong></span> <span class='ocrx_word' id='word_1_329' title='bbox 1708 3801 1831 3872; x_wconf 87' lang='lat' dir='ltr'><strong>ejus</strong></span> 
     </span>
    </p>
   </div>
   <div class='ocr_carea' id='block_1_41' title="bbox 230 3898 1829 3968">
    <p class='ocr_par' dir='ltr' id='par_1_41' title="bbox 230 3898 1829 3968">
     <span class='ocr_line' id='line_1_41' title="bbox 230 3898 1829 3968; baseline -0.014 1"><span class='ocrx_word' id='word_1_330' title='bbox 230 3910 613 3968; x_wconf 78' lang='lat' dir='ltr'><strong>consttetndine</strong></span> <span class='ocrx_word' id='word_1_331' title='bbox 650 3908 945 3962; x_wconf 76' lang='lat' dir='ltr'><strong>maximum</strong></span> <span class='ocrx_word' id='word_1_332' title='bbox 974 3902 1204 3958; x_wconf 89' lang='lat' dir='ltr'><strong>fructum</strong></span> <span class='ocrx_word' id='word_1_333' title='bbox 1234 3898 1454 3968; x_wconf 90' lang='lat' dir='ltr'><strong>accipit,</strong></span> <span class='ocrx_word' id='word_1_334' title='bbox 1479 3904 1684 3967; x_wconf 87' lang='lat' dir='ltr'><strong>quanto</strong></span> <span class='ocrx_word' id='word_1_335' title='bbox 1709 3907 1829 3948; x_wconf 82' lang='lat' dir='ltr'><strong>ma-</strong></span> 
     </span>
    </p>
   </div>
   <div class='ocr_carea' id='block_1_42' title="bbox 229 3986 1830 4077">
    <p class='ocr_par' dir='ltr' id='par_1_42' title="bbox 229 3986 1830 4077">
     <span class='ocr_line' id='line_1_42' title="bbox 229 3986 1830 4077; baseline -0.012 -16"><span class='ocrx_word' id='word_1_336' title='bbox 229 4006 304 4076; x_wconf 65' lang='lat' dir='ltr'><strong>gis</strong></span> <span class='ocrx_word' id='word_1_337' title='bbox 340 4008 426 4077; x_wconf 84' lang='lat' dir='ltr'><strong>qui</strong></span> <span class='ocrx_word' id='word_1_338' title='bbox 470 4018 604 4059; x_wconf 88' lang='lat' dir='ltr'><strong>cum</strong></span> <span class='ocrx_word' id='word_1_339' title='bbox 630 4001 746 4056; x_wconf 82' lang='lat' dir='ltr'><strong>Deo</strong></span> <span class='ocrx_word' id='word_1_340' title='bbox 790 4004 1101 4069; x_wconf 74' lang='lat' dir='ltr'><strong>perpetuam</strong></span> <span class='ocrx_word' id='word_1_341' title='bbox 1145 3992 1313 4049; x_wconf 88' lang='lat' dir='ltr'><strong>habet</strong></span> <span class='ocrx_word' id='word_1_342' title='bbox 1336 3986 1830 4047; x_wconf 72' lang='lat' dir='ltr'><strong>consuetudinem?</strong></span> 
     </span>
    </p>
   </div>
   <div class='ocr_carea' id='block_1_43' title="bbox 232 4078 1828 4167">
    <p class='ocr_par' dir='ltr' id='par_1_43' title="bbox 232 4078 1828 4167">
     <span class='ocr_line' id='line_1_43' title="bbox 232 4078 1828 4167; baseline -0.011 -14"><span class='ocrx_word' id='word_1_343' title='bbox 232 4095 329 4153; x_wconf 78' lang='lat' dir='ltr'><strong>Sed</strong></span> <span class='ocrx_word' id='word_1_344' title='bbox 357 4113 460 4153; x_wconf 86' lang='lat' dir='ltr'><strong>non</strong></span> <span class='ocrx_word' id='word_1_345' title='bbox 495 4094 667 4167; x_wconf 87' lang='lat' dir='ltr'><strong>probe</strong></span> <span class='ocrx_word' id='word_1_346' title='bbox 692 4091 895 4146; x_wconf 84' lang='lat' dir='ltr'><strong>scimus</strong></span> <span class='ocrx_word' id='word_1_347' title='bbox 911 4087 1180 4160; x_wconf 79' lang='lat' dir='ltr'><strong>quodnam</strong></span> <span class='ocrx_word' id='word_1_348' title='bbox 1211 4085 1281 4138; x_wconf 86' lang='lat' dir='ltr'><strong>sit</strong></span> <span class='ocrx_word' id='word_1_349' title='bbox 1308 4084 1513 4138; x_wconf 88' lang='lat' dir='ltr'><strong>lucrum</strong></span> <span class='ocrx_word' id='word_1_350' title='bbox 1544 4078 1828 4146; x_wconf 87' lang='lat' dir='ltr'><strong>orationis,</strong></span> 
     </span>
    </p>
   </div>
   <div class='ocr_carea' id='block_1_44' title="bbox 233 4176 1830 4260">
    <p class='ocr_par' dir='ltr' id='par_1_44' title="bbox 233 4176 1830 4260">
     <span class='ocr_line' id='line_1_44' title="bbox 233 4176 1830 4260; baseline -0.013 -14"><span class='ocrx_word' id='word_1_351' title='bbox 233 4191 345 4260; x_wconf 81' lang='lat' dir='ltr'><strong>quia</strong></span> <span class='ocrx_word' id='word_1_352' title='bbox 373 4205 471 4244; x_wconf 88' lang='lat' dir='ltr'><strong>nec</strong></span> <span class='ocrx_word' id='word_1_353' title='bbox 501 4189 554 4243; x_wconf 83' lang='lat' dir='ltr'><strong>ei</strong></span> <span class='ocrx_word' id='word_1_354' title='bbox 582 4184 827 4240; x_wconf 81' lang='lat' dir='ltr'><strong>studiose</strong></span> <span class='ocrx_word' id='word_1_355' title='bbox 877 4180 1115 4235; x_wconf 88' lang='lat' dir='ltr'><strong>animum</strong></span> <span class='ocrx_word' id='word_1_356' title='bbox 1142 4176 1486 4240; x_wconf 80' lang='lat' dir='ltr'><strong>adhibemus,</strong></span> <span class='ocrx_word' id='word_1_357' title='bbox 1517 4184 1619 4228; x_wconf 90' lang='lat' dir='ltr'><strong>nec</strong></span> <span class='ocrx_word' id='word_1_358' title='bbox 1647 4187 1710 4228; x_wconf 89' lang='lat' dir='ltr'><strong>ea</strong></span> <span class='ocrx_word' id='word_1_359' title='bbox 1762 4186 1830 4227; x_wconf 76' lang='lat' dir='ltr'><strong>ex</strong></span> 
     </span>
    </p>
   </div>
   <div class='ocr_carea' id='block_1_45' title="bbox 237 4264 1836 4353">
    <p class='ocr_par' dir='ltr' id='par_1_45' title="bbox 237 4264 1836 4353">
     <span class='ocr_line' id='line_1_45' title="bbox 237 4264 1836 4353; baseline -0.011 -16"><span class='ocrx_word' id='word_1_360' title='bbox 237 4282 320 4337; x_wconf 82' lang='lat' dir='ltr'><strong>Dei</strong></span> <span class='ocrx_word' id='word_1_361' title='bbox 346 4281 554 4353; x_wconf 68' lang='lat' dir='ltr'><strong>legibus</strong></span> <span class='ocrx_word' id='word_1_362' title='bbox 582 4278 805 4333; x_wconf 89' lang='lat' dir='ltr'><strong>utimur.</strong></span> <span class='ocrx_word' id='word_1_363' title='bbox 832 4272 939 4330; x_wconf 85' lang='lat' dir='ltr'><strong>Sed</strong></span> <span class='ocrx_word' id='word_1_364' title='bbox 966 4271 1215 4327; x_wconf 84' lang='lat' dir='ltr'><strong>homines</strong></span> <span class='ocrx_word' id='word_1_365' title='bbox 1234 4267 1451 4340; x_wconf 88' lang='lat' dir='ltr'><strong>quidem</strong></span> <span class='ocrx_word' id='word_1_366' title='bbox 1480 4266 1694 4336; x_wconf 84' lang='lat' dir='ltr'><strong>aliquos</strong></span> <span class='ocrx_word' id='word_1_367' title='bbox 1708 4264 1836 4320; x_wconf 83' lang='lat' dir='ltr'><strong>alio-</strong></span> 
     </span>
    </p>
   </div>
   <div class='ocr_carea' id='block_1_46' title="bbox 234 4356 1836 4446">
    <p class='ocr_par' dir='ltr' id='par_1_46' title="bbox 234 4356 1836 4446">
     <span class='ocr_line' id='line_1_46' title="bbox 234 4356 1836 4446; baseline -0.011 -17"><span class='ocrx_word' id='word_1_368' title='bbox 234 4375 458 4446; x_wconf 87' lang='lat' dir='ltr'><strong>quoturi,</strong></span> <span class='ocrx_word' id='word_1_369' title='bbox 503 4370 595 4443; x_wconf 86' lang='lat' dir='ltr'><strong>qui</strong></span> <span class='ocrx_word' id='word_1_370' title='bbox 624 4376 750 4424; x_wconf 88' lang='lat' dir='ltr'><strong>sunt</strong></span> <span class='ocrx_word' id='word_1_371' title='bbox 782 4366 937 4422; x_wconf 88' lang='lat' dir='ltr'><strong>nobis</strong></span> <span class='ocrx_word' id='word_1_372' title='bbox 960 4362 1301 4435; x_wconf 89' lang='lat' dir='ltr'><strong>superiores,</strong></span> <span class='ocrx_word' id='word_1_373' title='bbox 1329 4360 1420 4415; x_wconf 86' lang='lat' dir='ltr'><strong>ubi</strong></span> <span class='ocrx_word' id='word_1_374' title='bbox 1455 4359 1716 4422; x_wconf 85' lang='lat' dir='ltr'><strong>habitum,</strong></span> <span class='ocrx_word' id='word_1_375' title='bbox 1750 4356 1836 4412; x_wconf 90' lang='lat' dir='ltr'><strong>in-</strong></span> 
     </span>
    </p>
   </div>
   <div class='ocr_carea' id='block_1_47' title="bbox 234 4452 1840 4529">
    <p class='ocr_par' dir='ltr' id='par_1_47' title="bbox 234 4452 1840 4529">
     <span class='ocr_line' id='line_1_47' title="bbox 234 4452 1840 4529; baseline -0.012 -3"><span class='ocrx_word' id='word_1_376' title='bbox 234 4483 457 4529; x_wconf 78' lang='lat' dir='ltr'><strong>cessum,</strong></span> <span class='ocrx_word' id='word_1_377' title='bbox 512 4462 769 4519; x_wconf 82' lang='lat' dir='ltr'><strong>amictum</strong></span> <span class='ocrx_word' id='word_1_378' title='bbox 794 4502 810 4525; x_wconf 89' lang='lat'><strong>,</strong></span> <span class='ocrx_word' id='word_1_379' title='bbox 859 4469 915 4515; x_wconf 91' lang='lat' dir='ltr'><strong>et</strong></span> <span class='ocrx_word' id='word_1_380' title='bbox 942 4459 1121 4513; x_wconf 83' lang='lat' dir='ltr'><strong>omnia</strong></span> <span class='ocrx_word' id='word_1_381' title='bbox 1147 4454 1637 4525; x_wconf 83' lang='lat' dir='ltr'><strong>composuerimus,</strong></span> <span class='ocrx_word' id='word_1_382' title='bbox 1675 4452 1746 4507; x_wconf 90' lang='lat' dir='ltr'><strong>ita</strong></span> <span class='ocrx_word' id='word_1_383' title='bbox 1780 4460 1840 4506; x_wconf 92' lang='lat' dir='ltr'><strong>ut</strong></span> 
     </span>
    </p>
   </div>
   <div class='ocr_carea' id='block_1_48' title="bbox 236 4546 1836 4633">
    <p class='ocr_par' dir='ltr' id='par_1_48' title="bbox 236 4546 1836 4633">
     <span class='ocr_line' id='line_1_48' title="bbox 236 4546 1836 4633; baseline -0.011 -15"><span class='ocrx_word' id='word_1_384' title='bbox 236 4572 438 4633; x_wconf 70' lang='lat' dir='ltr'><strong>oportet</strong></span> <span class='ocrx_word' id='word_1_385' title='bbox 492 4558 814 4627; x_wconf 77' lang='lat' dir='ltr'><strong>alloquimur</strong></span> <span class='ocrx_word' id='word_1_386' title='bbox 836 4572 851 4608; x_wconf 87' lang='lat'>:</span> <span class='ocrx_word' id='word_1_387' title='bbox 877 4554 946 4609; x_wconf 83' lang='lat' dir='ltr'><strong>ad</strong></span> <span class='ocrx_word' id='word_1_388' title='bbox 977 4552 1150 4609; x_wconf 85' lang='lat' dir='ltr'><strong>Deum</strong></span> <span class='ocrx_word' id='word_1_389' title='bbox 1180 4562 1360 4607; x_wconf 88' lang='lat' dir='ltr'><strong>autem</strong></span> <span class='ocrx_word' id='word_1_390' title='bbox 1407 4549 1731 4606; x_wconf 82' lang='lat' dir='ltr'><strong>accedentes</strong></span> <span class='ocrx_word' id='word_1_391' title='bbox 1754 4546 1836 4602; x_wconf 82' lang='lat' dir='ltr'><strong>bi-</strong></span> 
     </span>
    </p>
   </div>
   <div class='ocr_carea' id='block_1_49' title="bbox 202 4644 1838 4724">
    <p class='ocr_par' dir='ltr' id='par_1_49' title="bbox 202 4644 1838 4724">
     <span class='ocr_line' id='line_1_49' title="bbox 202 4644 1838 4724; baseline -0.007 -14"><span class='ocrx_word' id='word_1_392' title='bbox 202 4650 207 4659; x_wconf 75' lang='grc'>’</span> <span class='ocrx_word' id='word_1_393' title='bbox 242 4654 449 4719; x_wconf 72' lang='lat' dir='ltr'><strong>trimus,</strong></span> <span class='ocrx_word' id='word_1_394' title='bbox 475 4668 576 4708; x_wconf 87' lang='lat' dir='ltr'><strong>nos</strong></span> <span class='ocrx_word' id='word_1_395' title='bbox 616 4651 906 4724; x_wconf 81' lang='lat' dir='ltr'><strong>scalpintus</strong></span> <span class='ocrx_word' id='word_1_396' title='bbox 939 4651 1107 4717; x_wconf 87' lang='lat' dir='ltr'><strong>atque</strong></span> <span class='ocrx_word' id='word_1_397' title='bbox 1129 4644 1235 4701; x_wconf 86' lang='lat' dir='ltr'><strong>huc</strong></span> <span class='ocrx_word' id='word_1_398' title='bbox 1261 4652 1319 4701; x_wconf 91' lang='lat' dir='ltr'><strong>et</strong></span> <span class='ocrx_word' id='word_1_399' title='bbox 1355 4644 1485 4699; x_wconf 90' lang='lat' dir='ltr'><strong>illuc</strong></span> <span class='ocrx_word' id='word_1_400' title='bbox 1512 4658 1796 4699; x_wconf 82' lang='lat' dir='ltr'><strong>versamus</strong></span> <span class='ocrx_word' id='word_1_401' title='bbox 1822 4685 1838 4711; x_wconf 93' lang='lat'><strong>,</strong></span> 
     </span>
    </p>
   </div>
   <div class='ocr_carea' id='block_1_50' title="bbox 242 4734 1838 4819">
    <p class='ocr_par' dir='ltr' id='par_1_50' title="bbox 242 4734 1838 4819">
     <span class='ocr_line' id='line_1_50' title="bbox 242 4734 1838 4819; baseline -0.01 -14"><span class='ocrx_word' id='word_1_402' title='bbox 242 4748 567 4819; x_wconf 69' lang='lat' dir='ltr'><strong>negligentes</strong></span> <span class='ocrx_word' id='word_1_403' title='bbox 596 4760 659 4801; x_wconf 81' lang='lat' dir='ltr'><strong>ac</strong></span> <span class='ocrx_word' id='word_1_404' title='bbox 688 4741 945 4799; x_wconf 76' lang='lat' dir='ltr'><strong>socordes</strong></span> <span class='ocrx_word' id='word_1_405' title='bbox 971 4753 1159 4796; x_wconf 88' lang='lat' dir='ltr'><strong>sumus</strong></span> <span class='ocrx_word' id='word_1_406' title='bbox 1184 4753 1200 4806; x_wconf 91' lang='lat'><strong>;</strong></span> <span class='ocrx_word' id='word_1_407' title='bbox 1230 4736 1378 4792; x_wconf 88' lang='lat' dir='ltr'><strong>humi</strong></span> <span class='ocrx_word' id='word_1_408' title='bbox 1400 4735 1629 4809; x_wconf 70' lang='lat' dir='ltr'><strong>genibus</strong></span> <span class='ocrx_word' id='word_1_409' title='bbox 1661 4734 1838 4801; x_wconf 77' lang='lat' dir='ltr'><strong>ﬂexis,</strong></span> 
     </span>
    </p>
   </div>
   <div class='ocr_carea' id='block_1_51' title="bbox 242 4824 1845 4909">
    <p class='ocr_par' dir='ltr' id='par_1_51' title="bbox 242 4824 1845 4909">
     <span class='ocr_line' id='line_1_51' title="bbox 242 4824 1845 4909; baseline -0.009 -14"><span class='ocrx_word' id='word_1_410' title='bbox 242 4855 331 4909; x_wconf 83' lang='lat' dir='ltr'><strong>per</strong></span> <span class='ocrx_word' id='word_1_411' title='bbox 374 4838 556 4894; x_wconf 85' lang='lat' dir='ltr'><strong>forum</strong></span> <span class='ocrx_word' id='word_1_412' title='bbox 598 4824 935 4892; x_wconf 76' lang='lat' dir='ltr'><strong>aberramus.</strong></span> <span class='ocrx_word' id='word_1_413' title='bbox 982 4830 1139 4901; x_wconf 85' lang='lat' dir='ltr'><strong>Quod</strong></span> <span class='ocrx_word' id='word_1_414' title='bbox 1193 4829 1240 4886; x_wconf 89' lang='lat' dir='ltr'><strong>si</strong></span> <span class='ocrx_word' id='word_1_415' title='bbox 1267 4844 1391 4885; x_wconf 87' lang='lat' dir='ltr'><strong>cum</strong></span> <span class='ocrx_word' id='word_1_416' title='bbox 1415 4842 1608 4899; x_wconf 87' lang='lat' dir='ltr'><strong>eaqua</strong></span> <span class='ocrx_word' id='word_1_417' title='bbox 1636 4842 1733 4897; x_wconf 86' lang='lat' dir='ltr'><strong>par</strong></span> <span class='ocrx_word' id='word_1_418' title='bbox 1759 4834 1845 4882; x_wconf 90' lang='lat' dir='ltr'><strong>est</strong></span> 
     </span>
    </p>
   </div>
   <div class='ocr_carea' id='block_1_52' title="bbox 244 4921 1849 4999">
    <p class='ocr_par' dir='ltr' id='par_1_52' title="bbox 244 4921 1849 4999">
     <span class='ocr_line' id='line_1_52' title="bbox 244 4921 1849 4999; baseline -0.009 -10"><span class='ocrx_word' id='word_1_419' title='bbox 244 4930 560 4997; x_wconf 77' lang='lat' dir='ltr'><strong>reverentia,</strong></span> <span class='ocrx_word' id='word_1_420' title='bbox 595 4940 647 4986; x_wconf 92' lang='lat' dir='ltr'><strong>et</strong></span> <span class='ocrx_word' id='word_1_421' title='bbox 669 4939 939 4999; x_wconf 85' lang='lat' dir='ltr'><strong>tamquam</strong></span> <span class='ocrx_word' id='word_1_422' title='bbox 965 4941 1089 4983; x_wconf 89' lang='lat' dir='ltr'><strong>eum</strong></span> <span class='ocrx_word' id='word_1_423' title='bbox 1121 4924 1233 4981; x_wconf 88' lang='lat' dir='ltr'><strong>Deo</strong></span> <span class='ocrx_word' id='word_1_424' title='bbox 1266 4922 1539 4994; x_wconf 87' lang='lat' dir='ltr'><strong>loquuturi</strong></span> <span class='ocrx_word' id='word_1_425' title='bbox 1570 4921 1849 4977; x_wconf 79' lang='lat' dir='ltr'><strong>accedere-</strong></span> 
     </span>
    </p>
   </div>
   <div class='ocr_carea' id='block_1_53' title="bbox 246 5014 1846 5095">
    <p class='ocr_par' dir='ltr' id='par_1_53' title="bbox 246 5014 1846 5095">
     <span class='ocr_line' id='line_1_53' title="bbox 246 5014 1846 5095; baseline -0.007 -15"><span class='ocrx_word' id='word_1_426' title='bbox 246 5040 375 5095; x_wconf 77' lang='lat' dir='ltr'><strong>mus,</strong></span> <span class='ocrx_word' id='word_1_427' title='bbox 423 5034 554 5080; x_wconf 87' lang='lat' dir='ltr'><strong>tunc</strong></span> <span class='ocrx_word' id='word_1_428' title='bbox 604 5022 871 5078; x_wconf 89' lang='lat' dir='ltr'><strong>sciremus</strong></span> <span class='ocrx_word' id='word_1_429' title='bbox 915 5022 1078 5076; x_wconf 89' lang='lat' dir='ltr'><strong>etiam</strong></span> <span class='ocrx_word' id='word_1_430' title='bbox 1131 5028 1421 5086; x_wconf 82' lang='lat' dir='ltr'><strong>antequam</strong></span> <span class='ocrx_word' id='word_1_431' title='bbox 1473 5014 1846 5085; x_wconf 81' lang='lat' dir='ltr'><strong>acceperimus</strong></span> 
     </span>
    </p>
   </div>
   <div class='ocr_carea' id='block_1_54' title="bbox 246 5106 1846 5189">
    <p class='ocr_par' dir='ltr' id='par_1_54' title="bbox 246 5106 1846 5189">
     <span class='ocr_line' id='line_1_54' title="bbox 246 5106 1846 5189; baseline -0.008 -16"><span class='ocrx_word' id='word_1_432' title='bbox 246 5133 356 5189; x_wconf 68' lang='lat' dir='ltr'><strong>quae</strong></span> <span class='ocrx_word' id='word_1_433' title='bbox 383 5117 640 5189; x_wconf 83' lang='lat' dir='ltr'><strong>petimus,</strong></span> <span class='ocrx_word' id='word_1_434' title='bbox 686 5122 946 5185; x_wconf 83' lang='lat' dir='ltr'><strong>quantum</strong></span> <span class='ocrx_word' id='word_1_435' title='bbox 990 5111 1123 5167; x_wconf 89' lang='lat' dir='ltr'><strong>lucri</strong></span> <span class='ocrx_word' id='word_1_436' title='bbox 1184 5110 1465 5166; x_wconf 66' lang='lat' dir='ltr'><strong>uiolamus.</strong></span> <span class='ocrx_word' id='word_1_437' title='bbox 1495 5109 1671 5165; x_wconf 86' lang='lat' dir='ltr'><strong>llomo</strong></span> <span class='ocrx_word' id='word_1_438' title='bbox 1700 5106 1846 5163; x_wconf 87' lang='lat' dir='ltr'><strong>enim</strong></span> 
     </span>
    </p>
   </div>
   <div class='ocr_carea' id='block_1_55' title="bbox 248 5201 1845 5278">
    <p class='ocr_par' dir='ltr' id='par_1_55' title="bbox 248 5201 1845 5278">
     <span class='ocr_line' id='line_1_55' title="bbox 248 5201 1845 5278; baseline -0.006 -14"><span class='ocrx_word' id='word_1_439' title='bbox 248 5210 331 5278; x_wconf 80' lang='lat' dir='ltr'><strong>qui</strong></span> <span class='ocrx_word' id='word_1_440' title='bbox 358 5224 486 5266; x_wconf 83' lang='lat' dir='ltr'><strong>cum</strong></span> <span class='ocrx_word' id='word_1_441' title='bbox 532 5207 645 5263; x_wconf 87' lang='lat' dir='ltr'><strong>Deo</strong></span> <span class='ocrx_word' id='word_1_442' title='bbox 681 5206 824 5277; x_wconf 89' lang='lat' dir='ltr'><strong>loqui</strong></span> <span class='ocrx_word' id='word_1_443' title='bbox 854 5204 1085 5271; x_wconf 83' lang='lat' dir='ltr'><strong>didicit,</strong></span> <span class='ocrx_word' id='word_1_444' title='bbox 1137 5213 1192 5258; x_wconf 93' lang='lat' dir='ltr'><strong>ut</strong></span> <span class='ocrx_word' id='word_1_445' title='bbox 1218 5202 1377 5259; x_wconf 90' lang='lat' dir='ltr'><strong>decet</strong></span> <span class='ocrx_word' id='word_1_446' title='bbox 1400 5217 1545 5262; x_wconf 86' lang='lat' dir='ltr'><strong>eum.</strong></span> <span class='ocrx_word' id='word_1_447' title='bbox 1592 5201 1683 5272; x_wconf 85' lang='lat' dir='ltr'><strong>qui</strong></span> <span class='ocrx_word' id='word_1_448' title='bbox 1720 5215 1845 5254; x_wconf 87' lang='lat' dir='ltr'><strong>cum</strong></span> 
     </span>
    </p>
   </div>
   <div class='ocr_carea' id='block_1_56' title="bbox 253 5291 1851 5371">
    <p class='ocr_par' dir='ltr' id='par_1_56' title="bbox 253 5291 1851 5371">
     <span class='ocr_line' id='line_1_56' title="bbox 253 5291 1851 5371; baseline -0.008 -15"><span class='ocrx_word' id='word_1_449' title='bbox 253 5299 352 5356; x_wconf 80' lang='lat' dir='ltr'><strong>Deo</strong></span> <span class='ocrx_word' id='word_1_450' title='bbox 380 5300 649 5371; x_wconf 85' lang='lat' dir='ltr'><strong>loquitur,</strong></span> <span class='ocrx_word' id='word_1_451' title='bbox 702 5298 809 5353; x_wconf 89' lang='lat' dir='ltr'><strong>erit</strong></span> <span class='ocrx_word' id='word_1_452' title='bbox 855 5295 1113 5365; x_wconf 86' lang='lat' dir='ltr'><strong>deinceps</strong></span> <span class='ocrx_word' id='word_1_453' title='bbox 1162 5296 1389 5366; x_wconf 74' lang='lat' dir='ltr'><strong>angelus</strong></span> <span class='ocrx_word' id='word_1_454' title='bbox 1420 5310 1433 5346; x_wconf 92' lang='lat'>:</span> <span class='ocrx_word' id='word_1_455' title='bbox 1466 5293 1539 5348; x_wconf 89' lang='lat' dir='ltr'><strong>ita</strong></span> <span class='ocrx_word' id='word_1_456' title='bbox 1589 5291 1851 5350; x_wconf 80' lang='lat' dir='ltr'><strong>liberatur</strong></span> 
     </span>
    </p>
   </div>
   <div class='ocr_carea' id='block_1_57' title="bbox 252 5384 1847 5458">
    <p class='ocr_par' dir='ltr' id='par_1_57' title="bbox 252 5384 1847 5458">
     <span class='ocr_line' id='line_1_57' title="bbox 252 5384 1847 5458; baseline -0.004 -14"><span class='ocrx_word' id='word_1_457' title='bbox 252 5391 419 5448; x_wconf 68' lang='lat' dir='ltr'><strong>anima</strong></span> <span class='ocrx_word' id='word_1_458' title='bbox 446 5406 479 5445; x_wconf 88' lang='lat' dir='ltr'><strong>a</strong></span> <span class='ocrx_word' id='word_1_459' title='bbox 504 5390 735 5446; x_wconf 87' lang='lat' dir='ltr'><strong>vinculis</strong></span> <span class='ocrx_word' id='word_1_460' title='bbox 766 5387 1035 5458; x_wconf 84' lang='lat' dir='ltr'><strong>corporis,</strong></span> <span class='ocrx_word' id='word_1_461' title='bbox 1076 5388 1147 5441; x_wconf 87' lang='lat' dir='ltr'><strong>ita</strong></span> <span class='ocrx_word' id='word_1_462' title='bbox 1171 5387 1220 5441; x_wconf 88' lang='lat' dir='ltr'><strong>ei</strong></span> <span class='ocrx_word' id='word_1_463' title='bbox 1253 5386 1392 5442; x_wconf 89' lang='lat' dir='ltr'><strong>ratio</strong></span> <span class='ocrx_word' id='word_1_464' title='bbox 1419 5386 1473 5441; x_wconf 89' lang='lat' dir='ltr'><strong>in</strong></span> <span class='ocrx_word' id='word_1_465' title='bbox 1496 5384 1665 5441; x_wconf 89' lang='lat' dir='ltr'><strong>altum</strong></span> <span class='ocrx_word' id='word_1_466' title='bbox 1698 5385 1847 5440; x_wconf 88' lang='lat' dir='ltr'><strong>tolli-</strong></span> 
     </span>
    </p>
   </div>
   <div class='ocr_carea' id='block_1_58' title="bbox 254 5478 1848 5551">
    <p class='ocr_par' dir='ltr' id='par_1_58' title="bbox 254 5478 1848 5551">
     <span class='ocr_line' id='line_1_58' title="bbox 254 5478 1848 5551; baseline -0.006 -11"><span class='ocrx_word' id='word_1_467' title='bbox 254 5493 333 5540; x_wconf 78' lang='lat' dir='ltr'><strong>tur</strong></span> <span class='ocrx_word' id='word_1_468' title='bbox 354 5527 371 5551; x_wconf 91' lang='lat'><strong>,</strong></span> <span class='ocrx_word' id='word_1_469' title='bbox 416 5484 488 5540; x_wconf 82' lang='lat' dir='ltr'><strong>ita</strong></span> <span class='ocrx_word' id='word_1_470' title='bbox 515 5499 547 5539; x_wconf 87' lang='lat' dir='ltr'><strong>e</strong></span> <span class='ocrx_word' id='word_1_471' title='bbox 576 5483 735 5540; x_wconf 82' lang='lat' dir='ltr'><strong>terris</strong></span> <span class='ocrx_word' id='word_1_472' title='bbox 760 5481 958 5551; x_wconf 74' lang='lat' dir='ltr'><strong>migrat</strong></span> <span class='ocrx_word' id='word_1_473' title='bbox 987 5482 1039 5534; x_wconf 88' lang='lat' dir='ltr'><strong>in</strong></span> <span class='ocrx_word' id='word_1_474' title='bbox 1069 5479 1287 5546; x_wconf 66' lang='lat' dir='ltr'><strong>caelum,</strong></span> <span class='ocrx_word' id='word_1_475' title='bbox 1318 5480 1394 5535; x_wconf 85' lang='lat' dir='ltr'><strong>ila</strong></span> <span class='ocrx_word' id='word_1_476' title='bbox 1417 5494 1538 5549; x_wconf 64' lang='lat' dir='ltr'><strong>qua:</strong></span> <span class='ocrx_word' id='word_1_477' title='bbox 1569 5478 1637 5533; x_wconf 89' lang='lat' dir='ltr'><strong>ad</strong></span> <span class='ocrx_word' id='word_1_478' title='bbox 1682 5478 1848 5532; x_wconf 83' lang='lat' dir='ltr'><strong>vitam</strong></span> 
     </span>
    </p>
   </div>
   <div class='ocr_carea' id='block_1_59' title="bbox 257 5570 1853 5649">
    <p class='ocr_par' dir='ltr' id='par_1_59' title="bbox 257 5570 1853 5649">
     <span class='ocr_line' id='line_1_59' title="bbox 257 5570 1853 5649; baseline -0.006 -14"><span class='ocrx_word' id='word_1_479' title='bbox 257 5572 708 5649; x_wconf 64' lang='lat' dir='ltr'><strong>inepta-tinem,</strong></span> <span class='ocrx_word' id='word_1_480' title='bbox 734 5572 985 5642; x_wconf 87' lang='lat' dir='ltr'><strong>despicit,</strong></span> <span class='ocrx_word' id='word_1_481' title='bbox 1038 5572 1109 5627; x_wconf 84' lang='lat' dir='ltr'><strong>ita</strong></span> <span class='ocrx_word' id='word_1_482' title='bbox 1154 5570 1296 5643; x_wconf 87' lang='lat' dir='ltr'><strong>apud</strong></span> <span class='ocrx_word' id='word_1_483' title='bbox 1336 5571 1513 5642; x_wconf 87' lang='lat' dir='ltr'><strong>ipsum</strong></span> <span class='ocrx_word' id='word_1_484' title='bbox 1536 5571 1731 5627; x_wconf 86' lang='lat' dir='ltr'><strong>solium</strong></span> <span class='ocrx_word' id='word_1_485' title='bbox 1765 5585 1853 5626; x_wconf 92' lang='lat' dir='ltr'><strong>rc-</strong></span> 
     </span>
    </p>
   </div>
   <div class='ocr_carea' id='block_1_60' title="bbox 255 5663 1855 5743">
    <p class='ocr_par' dir='ltr' id='par_1_60' title="bbox 255 5663 1855 5743">
     <span class='ocr_line' id='line_1_60' title="bbox 255 5663 1855 5743; baseline -0.004 -17"><span class='ocrx_word' id='word_1_486' title='bbox 255 5674 388 5743; x_wconf 60' lang='lat' dir='ltr'><strong>;ium</strong></span> <span class='ocrx_word' id='word_1_487' title='bbox 430 5670 660 5732; x_wconf 85' lang='lat' dir='ltr'><strong>sistitur.</strong></span> <span class='ocrx_word' id='word_1_488' title='bbox 683 5665 898 5723; x_wconf 81' lang='lat' dir='ltr'><strong>etiamsi</strong></span> <span class='ocrx_word' id='word_1_489' title='bbox 929 5665 1000 5721; x_wconf 87' lang='lat' dir='ltr'><strong>sit</strong></span> <span class='ocrx_word' id='word_1_490' title='bbox 1026 5680 1248 5737; x_wconf 72' lang='lat' dir='ltr'><strong>pauper,</strong></span> <span class='ocrx_word' id='word_1_491' title='bbox 1299 5665 1345 5721; x_wconf 88' lang='lat' dir='ltr'><strong>si</strong></span> <span class='ocrx_word' id='word_1_492' title='bbox 1378 5663 1631 5725; x_wconf 80' lang='lat' dir='ltr'><strong>famulus.</strong></span> <span class='ocrx_word' id='word_1_493' title='bbox 1662 5666 1705 5720; x_wconf 90' lang='lat' dir='ltr'><strong>si</strong></span> <span class='ocrx_word' id='word_1_494' title='bbox 1745 5665 1855 5735; x_wconf 88' lang='lat' dir='ltr'><strong>pri-</strong></span> 
     </span>
    </p>
   </div>
   <div class='ocr_carea' id='block_1_61' title="bbox 313 5844 1665 5943">
    <p class='ocr_par' dir='ltr' id='par_1_61' title="bbox 313 5844 1665 5943">
     <span class='ocr_line' id='line_1_61' title="bbox 313 5844 1665 5943; baseline -0.004 -40"><span class='ocrx_word' id='word_1_495' title='bbox 313 5853 330 5883; x_wconf 83' lang='grc' dir='ltr'>ι</span> <span class='ocrx_word' id='word_1_496' title='bbox 362 5848 641 5910; x_wconf 70' lang='lat' dir='ltr'><strong>iambon.</strong></span> <span class='ocrx_word' id='word_1_497' title='bbox 665 5849 852 5904; x_wconf 64' lang='lat' dir='ltr'><strong>deum</strong></span> <span class='ocrx_word' id='word_1_498' title='bbox 876 5848 955 5902; x_wconf 73' lang='lat' dir='ltr'><strong>lite</strong></span> <span class='ocrx_word' id='word_1_499' title='bbox 978 5858 1144 5911; x_wconf 79' lang='lat' dir='ltr'><strong>voces,</strong></span> <span class='ocrx_word' id='word_1_500' title='bbox 1166 5846 1219 5901; x_wconf 72' lang='lat' dir='ltr'><strong>it</strong></span> <span class='ocrx_word' id='word_1_501' title='bbox 1238 5844 1547 5900; x_wconf 69' lang='lat' dir='ltr'><strong>mittentia.</strong></span> <span class='ocrx_word' id='word_1_502' title='bbox 1640 5922 1665 5943; x_wconf 38' lang='grc' dir='ltr'><em>ί</em></span> 
     </span>
    </p>
   </div>
   <div class='ocr_carea' id='block_1_62' title="bbox 1887 621 3518 703">
    <p class='ocr_par' dir='ltr' id='par_1_62' title="bbox 1887 621 3518 703">
     <span class='ocr_line' id='line_1_62' title="bbox 1887 621 3518 703; baseline -0.006 -16"><span class='ocrx_word' id='word_1_503' title='bbox 1887 624 2367 703; x_wconf 83' lang='lat' dir='ltr'><strong>pulchritudinem,</strong></span> <span class='ocrx_word' id='word_1_504' title='bbox 2401 636 2458 685; x_wconf 87' lang='lat' dir='ltr'><strong>et</strong></span> <span class='ocrx_word' id='word_1_505' title='bbox 2483 628 2530 684; x_wconf 85' lang='lat' dir='ltr'><strong>si</strong></span> <span class='ocrx_word' id='word_1_506' title='bbox 2582 626 2673 683; x_wconf 87' lang='lat' dir='ltr'><strong>illa</strong></span> <span class='ocrx_word' id='word_1_507' title='bbox 2697 642 2761 683; x_wconf 88' lang='lat' dir='ltr'><strong>ea</strong></span> <span class='ocrx_word' id='word_1_508' title='bbox 2786 640 2908 697; x_wconf 72' lang='lat' dir='ltr'><strong>qua:</strong></span> <span class='ocrx_word' id='word_1_509' title='bbox 2935 624 3038 696; x_wconf 85' lang='lat' dir='ltr'><strong>ipsi</strong></span> <span class='ocrx_word' id='word_1_510' title='bbox 3070 623 3287 695; x_wconf 86' lang='lat' dir='ltr'><strong>placent</strong></span> <span class='ocrx_word' id='word_1_511' title='bbox 3326 621 3518 693; x_wconf 80' lang='lat' dir='ltr'><strong>loqua-</strong></span> 
     </span>
    </p>
   </div>
   <div class='ocr_carea' id='block_1_63' title="bbox 1891 713 3522 792">
    <p class='ocr_par' dir='ltr' id='par_1_63' title="bbox 1891 713 3522 792">
     <span class='ocr_line' id='line_1_63' title="bbox 1891 713 3522 792; baseline -0.006 -13"><span class='ocrx_word' id='word_1_512' title='bbox 1891 734 2001 792; x_wconf 89' lang='lat' dir='ltr'><strong>tur,</strong></span> <span class='ocrx_word' id='word_1_513' title='bbox 2033 731 2148 779; x_wconf 87' lang='lat' dir='ltr'><strong>tota</strong></span> <span class='ocrx_word' id='word_1_514' title='bbox 2191 736 2256 782; x_wconf 81' lang='lat' dir='ltr'><strong>re</strong></span> <span class='ocrx_word' id='word_1_515' title='bbox 2293 721 2487 778; x_wconf 82' lang='lat' dir='ltr'><strong>effecta</strong></span> <span class='ocrx_word' id='word_1_516' title='bbox 2515 719 2741 776; x_wconf 86' lang='lat' dir='ltr'><strong>recedit.</strong></span> <span class='ocrx_word' id='word_1_517' title='bbox 2801 717 2969 774; x_wconf 83' lang='lat' dir='ltr'><strong>Vides</strong></span> <span class='ocrx_word' id='word_1_518' title='bbox 2998 724 3199 789; x_wconf 88' lang='lat' dir='ltr'><strong>quanta</strong></span> <span class='ocrx_word' id='word_1_519' title='bbox 3236 713 3471 771; x_wconf 86' lang='lat' dir='ltr'><strong>facilitas</strong></span> <span class='ocrx_word' id='word_1_520' title='bbox 3496 714 3522 768; x_wconf 66' lang='lat'><strong><em>1</em></strong></span> 
     </span>
    </p>
   </div>
   <div class='ocr_carea' id='block_1_64' title="bbox 1897 809 3521 885">
    <p class='ocr_par' dir='ltr' id='par_1_64' title="bbox 1897 809 3521 885">
     <span class='ocr_line' id='line_1_64' title="bbox 1897 809 3521 885; baseline -0.007 -11"><span class='ocrx_word' id='word_1_521' title='bbox 1897 817 1954 874; x_wconf 87' lang='lat' dir='ltr'><strong>In</strong></span> <span class='ocrx_word' id='word_1_522' title='bbox 1976 814 2287 873; x_wconf 87' lang='lat' dir='ltr'><strong>hominibus</strong></span> <span class='ocrx_word' id='word_1_523' title='bbox 2306 822 2525 885; x_wconf 78' lang='lat' dir='ltr'><strong>Oportet</strong></span> <span class='ocrx_word' id='word_1_524' title='bbox 2552 828 2701 881; x_wconf 84' lang='lat' dir='ltr'><strong>eum,</strong></span> <span class='ocrx_word' id='word_1_525' title='bbox 2734 812 2825 884; x_wconf 90' lang='lat' dir='ltr'><strong>qui</strong></span> <span class='ocrx_word' id='word_1_526' title='bbox 2856 812 3091 883; x_wconf 88' lang='lat' dir='ltr'><strong>aliquem</strong></span> <span class='ocrx_word' id='word_1_527' title='bbox 3118 810 3252 877; x_wconf 88' lang='lat' dir='ltr'><strong>adit,</strong></span> <span class='ocrx_word' id='word_1_528' title='bbox 3280 824 3407 866; x_wconf 85' lang='lat' dir='ltr'><strong>esse</strong></span> <span class='ocrx_word' id='word_1_529' title='bbox 3433 809 3521 865; x_wconf 84' lang='lat' dir='ltr'><strong>di-</strong></span> 
     </span>
    </p>
   </div>
   <div class='ocr_carea' id='block_1_65' title="bbox 1892 906 3523 982">
    <p class='ocr_par' dir='ltr' id='par_1_65' title="bbox 1892 906 3523 982">
     <span class='ocr_line' id='line_1_65' title="bbox 1892 906 3523 982; baseline -0.006 -12"><span class='ocrx_word' id='word_1_530' title='bbox 1892 912 2054 970; x_wconf 88' lang='lat' dir='ltr'><strong>cendi</strong></span> <span class='ocrx_word' id='word_1_531' title='bbox 2077 910 2333 968; x_wconf 86' lang='lat' dir='ltr'><strong>facultate</strong></span> <span class='ocrx_word' id='word_1_532' title='bbox 2359 909 2670 982; x_wconf 68' lang='lat' dir='ltr'><strong>prmdilum,</strong></span> <span class='ocrx_word' id='word_1_533' title='bbox 2699 917 2754 965; x_wconf 91' lang='lat' dir='ltr'><strong>et</strong></span> <span class='ocrx_word' id='word_1_534' title='bbox 2780 924 2942 982; x_wconf 89' lang='lat' dir='ltr'><strong>posse</strong></span> <span class='ocrx_word' id='word_1_535' title='bbox 2962 907 3239 963; x_wconf 85' lang='lat' dir='ltr'><strong>blanditiis</strong></span> <span class='ocrx_word' id='word_1_536' title='bbox 3267 906 3368 962; x_wconf 86' lang='lat' dir='ltr'><strong>sibi</strong></span> <span class='ocrx_word' id='word_1_537' title='bbox 3389 922 3523 962; x_wconf 87' lang='lat' dir='ltr'><strong>con-</strong></span> 
     </span>
    </p>
   </div>
   <div class='ocr_carea' id='block_1_66' title="bbox 1893 997 3530 1072">
    <p class='ocr_par' dir='ltr' id='par_1_66' title="bbox 1893 997 3530 1072">
     <span class='ocr_line' id='line_1_66' title="bbox 1893 997 3530 1072; baseline -0.004 -12"><span class='ocrx_word' id='word_1_538' title='bbox 1893 1004 2084 1060; x_wconf 86' lang='lat' dir='ltr'><strong>ciliare</strong></span> <span class='ocrx_word' id='word_1_539' title='bbox 2108 1018 2301 1059; x_wconf 90' lang='lat' dir='ltr'><strong>omnes</strong></span> <span class='ocrx_word' id='word_1_540' title='bbox 2330 1001 2567 1059; x_wconf 67' lang='lat' dir='ltr'><strong>asseclam</strong></span> <span class='ocrx_word' id='word_1_541' title='bbox 2596 999 2880 1072; x_wconf 86' lang='lat' dir='ltr'><strong>principis,</strong></span> <span class='ocrx_word' id='word_1_542' title='bbox 2905 1006 2962 1055; x_wconf 85' lang='lat' dir='ltr'><strong>et</strong></span> <span class='ocrx_word' id='word_1_543' title='bbox 3010 999 3180 1055; x_wconf 88' lang='lat' dir='ltr'><strong>multa</strong></span> <span class='ocrx_word' id='word_1_544' title='bbox 3206 997 3312 1053; x_wconf 82' lang='lat' dir='ltr'><strong>alia</strong></span> <span class='ocrx_word' id='word_1_545' title='bbox 3353 1012 3530 1053; x_wconf 78' lang='lat' dir='ltr'><strong>exco-</strong></span> 
     </span>
    </p>
   </div>
   <div class='ocr_carea' id='block_1_67' title="bbox 1897 1088 3513 1167">
    <p class='ocr_par' dir='ltr' id='par_1_67' title="bbox 1897 1088 3513 1167">
     <span class='ocr_line' id='line_1_67' title="bbox 1897 1088 3513 1167; baseline -0.002 -22"><span class='ocrx_word' id='word_1_546' title='bbox 1897 1096 2110 1167; x_wconf 69' lang='lat' dir='ltr'><strong>gitare,</strong></span> <span class='ocrx_word' id='word_1_547' title='bbox 2139 1103 2196 1149; x_wconf 90' lang='lat' dir='ltr'><strong>ut</strong></span> <span class='ocrx_word' id='word_1_548' title='bbox 2221 1088 2410 1165; x_wconf 77' lang='lat' dir='ltr'><strong>gratus</strong></span> <span class='ocrx_word' id='word_1_549' title='bbox 2438 1108 2562 1148; x_wconf 82' lang='lat' dir='ltr'><strong>esse</strong></span> <span class='ocrx_word' id='word_1_550' title='bbox 2610 1093 2799 1163; x_wconf 85' lang='lat' dir='ltr'><strong>possit.</strong></span> <span class='ocrx_word' id='word_1_551' title='bbox 2834 1090 2935 1149; x_wconf 79' lang='lat' dir='ltr'><strong>llic</strong></span> <span class='ocrx_word' id='word_1_552' title='bbox 2983 1101 3165 1147; x_wconf 88' lang='lat' dir='ltr'><strong>autem</strong></span> <span class='ocrx_word' id='word_1_553' title='bbox 3208 1089 3360 1146; x_wconf 89' lang='lat' dir='ltr'><strong>nullo</strong></span> <span class='ocrx_word' id='word_1_554' title='bbox 3389 1090 3513 1145; x_wconf 80' lang='lat' dir='ltr'><strong>alio.</strong></span> 
     </span>
    </p>
   </div>
   <div class='ocr_carea' id='block_1_68' title="bbox 1896 1182 3525 1265">
    <p class='ocr_par' dir='ltr' id='par_1_68' title="bbox 1896 1182 3525 1265">
     <span class='ocr_line' id='line_1_68' title="bbox 1896 1182 3525 1265; baseline -0.004 -21"><span class='ocrx_word' id='word_1_555' title='bbox 1896 1197 2259 1265; x_wconf 67' lang='lat' dir='ltr'><strong>prteterquntn</strong></span> <span class='ocrx_word' id='word_1_556' title='bbox 2285 1188 2399 1241; x_wconf 88' lang='lat' dir='ltr'><strong>sola</strong></span> <span class='ocrx_word' id='word_1_557' title='bbox 2428 1185 2669 1257; x_wconf 82' lang='lat' dir='ltr'><strong>vigilanti</strong></span> <span class='ocrx_word' id='word_1_558' title='bbox 2701 1196 2883 1241; x_wconf 88' lang='lat' dir='ltr'><strong>tuente</strong></span> <span class='ocrx_word' id='word_1_559' title='bbox 2909 1200 3045 1254; x_wconf 89' lang='lat' dir='ltr'><strong>opus</strong></span> <span class='ocrx_word' id='word_1_560' title='bbox 3075 1193 3179 1246; x_wconf 84' lang='lat' dir='ltr'><strong>est.</strong></span> <span class='ocrx_word' id='word_1_561' title='bbox 3203 1194 3260 1239; x_wconf 91' lang='lat' dir='ltr'><strong>et</strong></span> <span class='ocrx_word' id='word_1_562' title='bbox 3279 1182 3414 1239; x_wconf 89' lang='lat' dir='ltr'><strong>nihil</strong></span> <span class='ocrx_word' id='word_1_563' title='bbox 3441 1191 3525 1238; x_wconf 83' lang='lat' dir='ltr'><strong>est</strong></span> 
     </span>
    </p>
   </div>
   <div class='ocr_carea' id='block_1_69' title="bbox 1897 1265 3620 1353">
    <p class='ocr_par' dir='ltr' id='par_1_69' title="bbox 1897 1265 3620 1353">
     <span class='ocr_line' id='line_1_69' title="bbox 1897 1265 3620 1353; baseline -0.001 -20"><span class='ocrx_word' id='word_1_564' title='bbox 1897 1280 2043 1353; x_wconf 88' lang='lat' dir='ltr'><strong>quod</strong></span> <span class='ocrx_word' id='word_1_565' title='bbox 2076 1279 2360 1351; x_wconf 85' lang='lat' dir='ltr'><strong>prohibeat</strong></span> <span class='ocrx_word' id='word_1_566' title='bbox 2387 1278 2683 1349; x_wconf 86' lang='lat' dir='ltr'><strong>quominus</strong></span> <span class='ocrx_word' id='word_1_567' title='bbox 2714 1292 2884 1347; x_wconf 76' lang='lat' dir='ltr'><strong>prone</strong></span> <span class='ocrx_word' id='word_1_568' title='bbox 2944 1277 3113 1351; x_wconf 89' lang='lat' dir='ltr'><strong>Deum</strong></span> <span class='ocrx_word' id='word_1_569' title='bbox 3141 1276 3333 1331; x_wconf 83' lang='lat' dir='ltr'><strong>simus.</strong></span> <span class='ocrx_word' id='word_1_570' title='bbox 3390 1274 3538 1331; x_wconf 71' lang='lat' dir='ltr'><strong>Deus</strong></span> <span class='ocrx_word' id='word_1_571' title='bbox 3613 1265 3620 1271; x_wconf 73' lang='grc'><strong>’</strong></span> 
     </span>
    </p>
   </div>
   <div class='ocr_carea' id='block_1_70' title="bbox 1898 1365 3530 1444">
    <p class='ocr_par' dir='ltr' id='par_1_70' title="bbox 1898 1365 3530 1444">
     <span class='ocr_line' id='line_1_70' title="bbox 1898 1365 3530 1444; baseline -0.006 -13"><span class='ocrx_word' id='word_1_572' title='bbox 1898 1376 2034 1431; x_wconf 84' lang='lat' dir='ltr'><strong>enim</strong></span> <span class='ocrx_word' id='word_1_573' title='bbox 2081 1373 2507 1444; x_wconf 80' lang='lat' dir='ltr'><strong>appmpinqaans</strong></span> <span class='ocrx_word' id='word_1_574' title='bbox 2560 1387 2657 1442; x_wconf 77' lang='lat' dir='ltr'><strong>ego</strong></span> <span class='ocrx_word' id='word_1_575' title='bbox 2704 1386 2820 1425; x_wconf 86' lang='lat' dir='ltr'><strong>sum</strong></span> <span class='ocrx_word' id='word_1_576' title='bbox 2842 1411 2858 1436; x_wconf 92' lang='lat'><strong>,</strong></span> <span class='ocrx_word' id='word_1_577' title='bbox 2906 1378 2955 1424; x_wconf 85' lang='lat' dir='ltr'><strong>et</strong></span> <span class='ocrx_word' id='word_1_578' title='bbox 3011 1386 3114 1423; x_wconf 80' lang='lat' dir='ltr'><strong>non</strong></span> <span class='ocrx_word' id='word_1_579' title='bbox 3172 1366 3312 1423; x_wconf 78' lang='lat' dir='ltr'><strong>Dens</strong></span> <span class='ocrx_word' id='word_1_580' title='bbox 3350 1365 3530 1438; x_wconf 75' lang='lat' dir='ltr'><strong>procul</strong></span> 
     </span>
    </p>
   </div>
   <div class='ocr_carea' id='block_1_71' title="bbox 1902 1461 3528 1541">
    <p class='ocr_par' dir='ltr' id='par_1_71' title="bbox 1902 1461 3528 1541">
     <span class='ocr_line' id='line_1_71' title="bbox 1902 1461 3528 1541; baseline -0.005 -17"><span class='ocrx_word' id='word_1_581' title='bbox 1902 1467 2038 1541; x_wconf 84' lang='lat' dir='ltr'><strong>(Jer.</strong></span> <span class='ocrx_word' id='word_1_582' title='bbox 2076 1464 2309 1539; x_wconf 51' lang='lat'><strong>23.33).</strong></span> <span class='ocrx_word' id='word_1_583' title='bbox 2335 1465 2415 1522; x_wconf 85' lang='lat' dir='ltr'><strong>ita</strong></span> <span class='ocrx_word' id='word_1_584' title='bbox 2448 1475 2506 1521; x_wconf 92' lang='lat' dir='ltr'><strong>ut</strong></span> <span class='ocrx_word' id='word_1_585' title='bbox 2523 1464 2669 1538; x_wconf 89' lang='lat' dir='ltr'><strong>quod</strong></span> <span class='ocrx_word' id='word_1_586' title='bbox 2688 1465 2855 1537; x_wconf 78' lang='lat' dir='ltr'><strong>longe</strong></span> <span class='ocrx_word' id='word_1_587' title='bbox 2890 1463 3050 1527; x_wconf 85' lang='lat' dir='ltr'><strong>absit,</strong></span> <span class='ocrx_word' id='word_1_588' title='bbox 3079 1462 3132 1517; x_wconf 90' lang='lat' dir='ltr'><strong>id</strong></span> <span class='ocrx_word' id='word_1_589' title='bbox 3157 1476 3187 1517; x_wconf 85' lang='lat' dir='ltr'><strong>a</strong></span> <span class='ocrx_word' id='word_1_590' title='bbox 3212 1461 3371 1518; x_wconf 91' lang='lat' dir='ltr'><strong>nobis</strong></span> <span class='ocrx_word' id='word_1_591' title='bbox 3399 1476 3528 1532; x_wconf 85' lang='lat' dir='ltr'><strong>pro-</strong></span> 
     </span>
    </p>
   </div>
   <div class='ocr_carea' id='block_1_72' title="bbox 1901 1552 3533 1629">
    <p class='ocr_par' dir='ltr' id='par_1_72' title="bbox 1901 1552 3533 1629">
     <span class='ocr_line' id='line_1_72' title="bbox 1901 1552 3533 1629; baseline -0.006 -12"><span class='ocrx_word' id='word_1_592' title='bbox 1901 1560 2178 1617; x_wconf 80' lang='lat' dir='ltr'><strong>ﬁciscatur</strong></span> <span class='ocrx_word' id='word_1_593' title='bbox 2208 1576 2224 1613; x_wconf 91' lang='lat'><strong><em>:</em></strong></span> <span class='ocrx_word' id='word_1_594' title='bbox 2256 1559 2377 1629; x_wconf 88' lang='lat' dir='ltr'><strong>ipse</strong></span> <span class='ocrx_word' id='word_1_595' title='bbox 2398 1558 2543 1614; x_wconf 86' lang='lat' dir='ltr'><strong>enim</strong></span> <span class='ocrx_word' id='word_1_596' title='bbox 2573 1572 2793 1628; x_wconf 85' lang='lat' dir='ltr'><strong>semper</strong></span> <span class='ocrx_word' id='word_1_597' title='bbox 2818 1570 2989 1629; x_wconf 80' lang='lat' dir='ltr'><strong>pmpe</strong></span> <span class='ocrx_word' id='word_1_598' title='bbox 3013 1564 3118 1611; x_wconf 85' lang='lat' dir='ltr'><strong>est.</strong></span> <span class='ocrx_word' id='word_1_599' title='bbox 3149 1552 3219 1610; x_wconf 83' lang='lat' dir='ltr'><strong>Et</strong></span> <span class='ocrx_word' id='word_1_600' title='bbox 3242 1552 3374 1626; x_wconf 88' lang='lat' dir='ltr'><strong>quid</strong></span> <span class='ocrx_word' id='word_1_601' title='bbox 3395 1552 3533 1608; x_wconf 76' lang='lat' dir='ltr'><strong>dico</strong></span> 
     </span>
    </p>
   </div>
   <div class='ocr_carea' id='block_1_73' title="bbox 1905 1646 3533 1723">
    <p class='ocr_par' dir='ltr' id='par_1_73' title="bbox 1905 1646 3533 1723">
     <span class='ocr_line' id='line_1_73' title="bbox 1905 1646 3533 1723; baseline -0.005 -14"><span class='ocrx_word' id='word_1_602' title='bbox 1905 1667 2009 1709; x_wconf 91' lang='lat' dir='ltr'><strong>nos</strong></span> <span class='ocrx_word' id='word_1_603' title='bbox 2029 1667 2138 1709; x_wconf 89' lang='lat' dir='ltr'><strong>non</strong></span> <span class='ocrx_word' id='word_1_604' title='bbox 2167 1665 2306 1723; x_wconf 91' lang='lat' dir='ltr'><strong>opus</strong></span> <span class='ocrx_word' id='word_1_605' title='bbox 2333 1650 2534 1707; x_wconf 87' lang='lat' dir='ltr'><strong>habere</strong></span> <span class='ocrx_word' id='word_1_606' title='bbox 2564 1648 2780 1706; x_wconf 83' lang='lat' dir='ltr'><strong>dicendi</strong></span> <span class='ocrx_word' id='word_1_607' title='bbox 2824 1647 3079 1703; x_wconf 79' lang='lat' dir='ltr'><strong>facultate</strong></span> <span class='ocrx_word' id='word_1_608' title='bbox 3098 1646 3124 1698; x_wconf 74' lang='grc' dir='ltr'>τ</span> <span class='ocrx_word' id='word_1_609' title='bbox 3171 1646 3533 1718; x_wconf 66' lang='lat' dir='ltr'><strong>Saepenume-</strong></span> 
     </span>
    </p>
   </div>
   <div class='ocr_carea' id='block_1_74' title="bbox 1904 1740 3539 1817">
    <p class='ocr_par' dir='ltr' id='par_1_74' title="bbox 1904 1740 3539 1817">
     <span class='ocr_line' id='line_1_74' title="bbox 1904 1740 3539 1817; baseline -0.005 -14"><span class='ocrx_word' id='word_1_610' title='bbox 1904 1762 1970 1803; x_wconf 88' lang='lat' dir='ltr'><strong>ro</strong></span> <span class='ocrx_word' id='word_1_611' title='bbox 1999 1762 2072 1804; x_wconf 90' lang='lat' dir='ltr'><strong>ne</strong></span> <span class='ocrx_word' id='word_1_612' title='bbox 2098 1760 2230 1802; x_wconf 84' lang='lat' dir='ltr'><strong>voce</strong></span> <span class='ocrx_word' id='word_1_613' title='bbox 2257 1745 2478 1817; x_wconf 88' lang='lat' dir='ltr'><strong>quidem</strong></span> <span class='ocrx_word' id='word_1_614' title='bbox 2503 1758 2641 1816; x_wconf 89' lang='lat' dir='ltr'><strong>opus</strong></span> <span class='ocrx_word' id='word_1_615' title='bbox 2664 1741 2952 1799; x_wconf 84' lang='lat' dir='ltr'><strong>habemus.</strong></span> <span class='ocrx_word' id='word_1_616' title='bbox 2985 1740 3123 1798; x_wconf 85' lang='lat' dir='ltr'><strong>Nam</strong></span> <span class='ocrx_word' id='word_1_617' title='bbox 3155 1741 3201 1797; x_wconf 90' lang='lat' dir='ltr'><strong>si</strong></span> <span class='ocrx_word' id='word_1_618' title='bbox 3224 1741 3307 1796; x_wconf 88' lang='lat' dir='ltr'><strong>vel</strong></span> <span class='ocrx_word' id='word_1_619' title='bbox 3337 1742 3390 1796; x_wconf 92' lang='lat' dir='ltr'><strong>in</strong></span> <span class='ocrx_word' id='word_1_620' title='bbox 3412 1754 3539 1796; x_wconf 80' lang='lat' dir='ltr'><strong>cor-</strong></span> 
     </span>
    </p>
   </div>
   <div class='ocr_carea' id='block_1_75' title="bbox 1906 1832 3539 1910">
    <p class='ocr_par' dir='ltr' id='par_1_75' title="bbox 1906 1832 3539 1910">
     <span class='ocr_line' id='line_1_75' title="bbox 1906 1832 3539 1910; baseline -0.002 -16"><span class='ocrx_word' id='word_1_621' title='bbox 1906 1839 1978 1895; x_wconf 91' lang='lat' dir='ltr'><strong>de</strong></span> <span class='ocrx_word' id='word_1_622' title='bbox 2000 1839 2258 1910; x_wconf 89' lang='lat' dir='ltr'><strong>loquutus</strong></span> <span class='ocrx_word' id='word_1_623' title='bbox 2302 1837 2491 1903; x_wconf 87' lang='lat' dir='ltr'><strong>fueris,</strong></span> <span class='ocrx_word' id='word_1_624' title='bbox 2527 1845 2584 1891; x_wconf 90' lang='lat' dir='ltr'><strong>et</strong></span> <span class='ocrx_word' id='word_1_625' title='bbox 2602 1851 2728 1892; x_wconf 86' lang='lat' dir='ltr'><strong>eum</strong></span> <span class='ocrx_word' id='word_1_626' title='bbox 2773 1843 2834 1890; x_wconf 91' lang='lat' dir='ltr'><strong>ut</strong></span> <span class='ocrx_word' id='word_1_627' title='bbox 2861 1843 3079 1906; x_wconf 89' lang='lat' dir='ltr'><strong>oportet</strong></span> <span class='ocrx_word' id='word_1_628' title='bbox 3117 1833 3418 1900; x_wconf 82' lang='lat' dir='ltr'><strong>vocaveris,</strong></span> <span class='ocrx_word' id='word_1_629' title='bbox 3451 1832 3539 1890; x_wconf 81' lang='lat' dir='ltr'><strong>vel</strong></span> 
     </span>
    </p>
   </div>
   <div class='ocr_carea' id='block_1_76' title="bbox 1911 1923 3538 2001">
    <p class='ocr_par' dir='ltr' id='par_1_76' title="bbox 1911 1923 3538 2001">
     <span class='ocr_line' id='line_1_76' title="bbox 1911 1923 3538 2001; baseline -0.003 -15"><span class='ocrx_word' id='word_1_630' title='bbox 1911 1939 2040 1986; x_wconf 90' lang='lat' dir='ltr'><strong>tunc</strong></span> <span class='ocrx_word' id='word_1_631' title='bbox 2061 1945 2279 2001; x_wconf 82' lang='lat' dir='ltr'><strong>quoque</strong></span> <span class='ocrx_word' id='word_1_632' title='bbox 2322 1930 2480 1984; x_wconf 83' lang='lat' dir='ltr'><strong>facile</strong></span> <span class='ocrx_word' id='word_1_633' title='bbox 2512 1935 2737 1983; x_wconf 87' lang='lat' dir='ltr'><strong>annuet.</strong></span> <span class='ocrx_word' id='word_1_634' title='bbox 2768 1926 2842 1982; x_wconf 87' lang='lat' dir='ltr'><strong>ita</strong></span> <span class='ocrx_word' id='word_1_635' title='bbox 2868 1935 2926 1982; x_wconf 90' lang='lat' dir='ltr'><strong>et</strong></span> <span class='ocrx_word' id='word_1_636' title='bbox 2951 1925 3154 1982; x_wconf 80' lang='lat' dir='ltr'><strong>Mosem</strong></span> <span class='ocrx_word' id='word_1_637' title='bbox 3199 1923 3408 1982; x_wconf 90' lang='lat' dir='ltr'><strong>audivit</strong></span> <span class='ocrx_word' id='word_1_638' title='bbox 3431 1942 3445 1980; x_wconf 89' lang='lat'><strong>:</strong></span> <span class='ocrx_word' id='word_1_639' title='bbox 3466 1925 3538 1981; x_wconf 85' lang='lat' dir='ltr'><strong>ita</strong></span> 
     </span>
    </p>
   </div>
   <div class='ocr_carea' id='block_1_77' title="bbox 1910 2016 3541 2093">
    <p class='ocr_par' dir='ltr' id='par_1_77' title="bbox 1910 2016 3541 2093">
     <span class='ocr_line' id='line_1_77' title="bbox 1910 2016 3541 2093; baseline -0.004 -15"><span class='ocrx_word' id='word_1_640' title='bbox 1910 2023 2075 2078; x_wconf 89' lang='lat' dir='ltr'><strong>etiam</strong></span> <span class='ocrx_word' id='word_1_641' title='bbox 2100 2022 2312 2077; x_wconf 85' lang='lat' dir='ltr'><strong>Annam</strong></span> <span class='ocrx_word' id='word_1_642' title='bbox 2344 2020 2544 2093; x_wconf 68' lang='lat' dir='ltr'><strong>(Exod.</strong></span> <span class='ocrx_word' id='word_1_643' title='bbox 2580 2020 2670 2077; x_wconf 70' lang='lat' dir='ltr'><strong>l4.</strong></span> <span class='ocrx_word' id='word_1_644' title='bbox 2701 2019 2819 2091; x_wconf 81' lang='grc'><strong>15).</strong></span> <span class='ocrx_word' id='word_1_645' title='bbox 2850 2016 2969 2074; x_wconf 83' lang='grc' dir='ltr'><strong>Νοη</strong></span> <span class='ocrx_word' id='word_1_646' title='bbox 2996 2017 3205 2074; x_wconf 89' lang='lat' dir='ltr'><strong>assistit</strong></span> <span class='ocrx_word' id='word_1_647' title='bbox 3250 2016 3420 2074; x_wconf 86' lang='lat' dir='ltr'><strong>miles</strong></span> <span class='ocrx_word' id='word_1_648' title='bbox 3446 2017 3541 2087; x_wconf 85' lang='lat' dir='ltr'><strong>qui</strong></span> 
     </span>
    </p>
   </div>
   <div class='ocr_carea' id='block_1_78' title="bbox 1910 2110 3544 2187">
    <p class='ocr_par' dir='ltr' id='par_1_78' title="bbox 1910 2110 3544 2187">
     <span class='ocr_line' id='line_1_78' title="bbox 1910 2110 3544 2187; baseline -0.005 -13"><span class='ocrx_word' id='word_1_649' title='bbox 1910 2118 2167 2186; x_wconf 81' lang='lat' dir='ltr'><strong>expellat,</strong></span> <span class='ocrx_word' id='word_1_650' title='bbox 2195 2131 2304 2171; x_wconf 89' lang='lat' dir='ltr'><strong>non</strong></span> <span class='ocrx_word' id='word_1_651' title='bbox 2335 2116 2558 2173; x_wconf 77' lang='lat' dir='ltr'><strong>satelles</strong></span> <span class='ocrx_word' id='word_1_652' title='bbox 2584 2114 2677 2187; x_wconf 91' lang='lat' dir='ltr'><strong>qui</strong></span> <span class='ocrx_word' id='word_1_653' title='bbox 2724 2112 3186 2185; x_wconf 79' lang='lat' dir='ltr'><strong>opportunitatem</strong></span> <span class='ocrx_word' id='word_1_654' title='bbox 3217 2110 3403 2177; x_wconf 87' lang='lat' dir='ltr'><strong>tollat;</strong></span> <span class='ocrx_word' id='word_1_655' title='bbox 3433 2125 3544 2167; x_wconf 74' lang='lat' dir='ltr'><strong>non</strong></span> 
     </span>
    </p>
   </div>
   <div class='ocr_carea' id='block_1_79' title="bbox 1912 2205 3547 2282">
    <p class='ocr_par' dir='ltr' id='par_1_79' title="bbox 1912 2205 3547 2282">
     <span class='ocr_line' id='line_1_79' title="bbox 1912 2205 3547 2282; baseline -0.005 -15"><span class='ocrx_word' id='word_1_656' title='bbox 1912 2219 1999 2267; x_wconf 87' lang='lat' dir='ltr'><strong>est</strong></span> <span class='ocrx_word' id='word_1_657' title='bbox 2026 2211 2116 2282; x_wconf 90' lang='lat' dir='ltr'><strong>qui</strong></span> <span class='ocrx_word' id='word_1_658' title='bbox 2147 2210 2293 2266; x_wconf 87' lang='lat' dir='ltr'><strong>dicat</strong></span> <span class='ocrx_word' id='word_1_659' title='bbox 2325 2227 2340 2264; x_wconf 91' lang='lat'><strong>:</strong></span> <span class='ocrx_word' id='word_1_660' title='bbox 2368 2208 2487 2265; x_wconf 79' lang='lat' dir='ltr'><strong>Non</strong></span> <span class='ocrx_word' id='word_1_661' title='bbox 2529 2215 2616 2264; x_wconf 87' lang='lat' dir='ltr'><strong>est</strong></span> <span class='ocrx_word' id='word_1_662' title='bbox 2648 2222 2795 2263; x_wconf 89' lang='lat' dir='ltr'><strong>nunc</strong></span> <span class='ocrx_word' id='word_1_663' title='bbox 2835 2216 3050 2277; x_wconf 87' lang='lat' dir='ltr'><strong>tempus</strong></span> <span class='ocrx_word' id='word_1_664' title='bbox 3071 2205 3386 2269; x_wconf 87' lang='lat' dir='ltr'><strong>accedendi,</strong></span> <span class='ocrx_word' id='word_1_665' title='bbox 3420 2205 3547 2260; x_wconf 70' lang='lat' dir='ltr'><strong>veni</strong></span> 
     </span>
    </p>
   </div>
   <div class='ocr_carea' id='block_1_80' title="bbox 1914 2297 3546 2375">
    <p class='ocr_par' dir='ltr' id='par_1_80' title="bbox 1914 2297 3546 2375">
     <span class='ocr_line' id='line_1_80' title="bbox 1914 2297 3546 2375; baseline -0.004 -16"><span class='ocrx_word' id='word_1_666' title='bbox 1914 2315 2102 2375; x_wconf 86' lang='lat' dir='ltr'><strong>postea</strong></span> <span class='ocrx_word' id='word_1_667' title='bbox 2127 2300 2205 2375; x_wconf 86' lang='grc'><strong>(1.</strong></span> <span class='ocrx_word' id='word_1_668' title='bbox 2227 2301 2359 2375; x_wconf 79' lang='lat' dir='ltr'><strong>Reg.</strong></span> <span class='ocrx_word' id='word_1_669' title='bbox 2395 2303 2447 2357; x_wconf 82' lang='lat' dir='ltr'><strong>l.</strong></span> <span class='ocrx_word' id='word_1_670' title='bbox 2475 2301 2602 2371; x_wconf 66' lang='lat'><strong>1&#39;5);</strong></span> <span class='ocrx_word' id='word_1_671' title='bbox 2632 2298 2729 2357; x_wconf 85' lang='lat' dir='ltr'><strong>sed</strong></span> <span class='ocrx_word' id='word_1_672' title='bbox 2769 2297 2988 2372; x_wconf 87' lang='lat' dir='ltr'><strong>quando</strong></span> <span class='ocrx_word' id='word_1_673' title='bbox 3017 2299 3236 2354; x_wconf 83' lang='lat' dir='ltr'><strong>veneris</strong></span> <span class='ocrx_word' id='word_1_674' title='bbox 3256 2338 3275 2365; x_wconf 81' lang='grc'><em>,</em></span> <span class='ocrx_word' id='word_1_675' title='bbox 3296 2308 3406 2353; x_wconf 84' lang='lat' dir='ltr'><strong>stat</strong></span> <span class='ocrx_word' id='word_1_676' title='bbox 3442 2314 3546 2352; x_wconf 77' lang='lat' dir='ltr'><strong>au-</strong></span> 
     </span>
    </p>
   </div>
   <div class='ocr_carea' id='block_1_81' title="bbox 1914 2392 3545 2471">
    <p class='ocr_par' dir='ltr' id='par_1_81' title="bbox 1914 2392 3545 2471">
     <span class='ocr_line' id='line_1_81' title="bbox 1914 2392 3545 2471; baseline -0.004 -20"><span class='ocrx_word' id='word_1_677' title='bbox 1914 2394 2076 2471; x_wconf 85' lang='lat' dir='ltr'><strong>diens</strong></span> <span class='ocrx_word' id='word_1_678' title='bbox 2103 2436 2118 2460; x_wconf 90' lang='lat'><strong>,</strong></span> <span class='ocrx_word' id='word_1_679' title='bbox 2160 2394 2373 2450; x_wconf 88' lang='lat' dir='ltr'><strong>etiamsi</strong></span> <span class='ocrx_word' id='word_1_680' title='bbox 2409 2404 2658 2465; x_wconf 88' lang='lat' dir='ltr'><strong>tempore</strong></span> <span class='ocrx_word' id='word_1_681' title='bbox 2712 2392 2964 2463; x_wconf 86' lang='lat' dir='ltr'><strong>prandii,</strong></span> <span class='ocrx_word' id='word_1_682' title='bbox 3013 2392 3227 2446; x_wconf 69' lang='lat' dir='ltr'><strong>etiamsi</strong></span> <span class='ocrx_word' id='word_1_683' title='bbox 3296 2401 3545 2462; x_wconf 80' lang='lat' dir='ltr'><strong>tempore</strong></span> 
     </span>
    </p>
   </div>
   <div class='ocr_carea' id='block_1_82' title="bbox 1918 2483 3547 2556">
    <p class='ocr_par' dir='ltr' id='par_1_82' title="bbox 1918 2483 3547 2556">
     <span class='ocr_line' id='line_1_82' title="bbox 1918 2483 3547 2556; baseline -0.002 -13"><span class='ocrx_word' id='word_1_684' title='bbox 1918 2501 2113 2552; x_wconf 63' lang='lat' dir='ltr'><strong>catum,</strong></span> <span class='ocrx_word' id='word_1_685' title='bbox 2155 2484 2367 2542; x_wconf 84' lang='lat' dir='ltr'><strong>etiamsi</strong></span> <span class='ocrx_word' id='word_1_686' title='bbox 2392 2496 2553 2556; x_wconf 85' lang='lat' dir='ltr'><strong>nocte</strong></span> <span class='ocrx_word' id='word_1_687' title='bbox 2584 2485 2930 2555; x_wconf 85' lang='lat' dir='ltr'><strong>intempesta.</strong></span> <span class='ocrx_word' id='word_1_688' title='bbox 2968 2486 3022 2539; x_wconf 91' lang='lat' dir='ltr'><strong>in</strong></span> <span class='ocrx_word' id='word_1_689' title='bbox 3058 2483 3213 2547; x_wconf 81' lang='lat' dir='ltr'><strong>foro,</strong></span> <span class='ocrx_word' id='word_1_690' title='bbox 3260 2484 3314 2539; x_wconf 84' lang='lat' dir='ltr'><strong>in</strong></span> <span class='ocrx_word' id='word_1_691' title='bbox 3339 2484 3422 2537; x_wconf 75' lang='lat' dir='ltr'><strong>via</strong></span> <span class='ocrx_word' id='word_1_692' title='bbox 3443 2525 3460 2549; x_wconf 90' lang='lat'><strong>,</strong></span> <span class='ocrx_word' id='word_1_693' title='bbox 3492 2483 3547 2539; x_wconf 89' lang='lat' dir='ltr'><strong>itt</strong></span> 
     </span>
    </p>
   </div>
   <div class='ocr_carea' id='block_1_83' title="bbox 1917 2576 3549 2648">
    <p class='ocr_par' dir='ltr' id='par_1_83' title="bbox 1917 2576 3549 2648">
     <span class='ocr_line' id='line_1_83' title="bbox 1917 2576 3549 2648; baseline -0.002 -16"><span class='ocrx_word' id='word_1_694' title='bbox 1917 2579 2106 2646; x_wconf 76' lang='lat' dir='ltr'><strong>cubili,</strong></span> <span class='ocrx_word' id='word_1_695' title='bbox 2157 2577 2374 2635; x_wconf 89' lang='lat' dir='ltr'><strong>etiamsi</strong></span> <span class='ocrx_word' id='word_1_696' title='bbox 2431 2578 2578 2634; x_wconf 89' lang='lat' dir='ltr'><strong>intus</strong></span> <span class='ocrx_word' id='word_1_697' title='bbox 2630 2577 2683 2633; x_wconf 89' lang='lat' dir='ltr'><strong>in</strong></span> <span class='ocrx_word' id='word_1_698' title='bbox 2728 2576 2936 2648; x_wconf 86' lang='lat' dir='ltr'><strong>judicio</strong></span> <span class='ocrx_word' id='word_1_699' title='bbox 2998 2591 3183 2632; x_wconf 87' lang='lat' dir='ltr'><strong>coram</strong></span> <span class='ocrx_word' id='word_1_700' title='bbox 3234 2576 3549 2647; x_wconf 74' lang='lat' dir='ltr'><strong>magistratu</strong></span> 
     </span>
    </p>
   </div>
   <div class='ocr_carea' id='block_1_84' title="bbox 1922 2668 3551 2739">
    <p class='ocr_par' dir='ltr' id='par_1_84' title="bbox 1922 2668 3551 2739">
     <span class='ocr_line' id='line_1_84' title="bbox 1922 2668 3551 2739; baseline -0.002 -14"><span class='ocrx_word' id='word_1_701' title='bbox 1922 2670 2111 2737; x_wconf 90' lang='lat' dir='ltr'><strong>lueris,</strong></span> <span class='ocrx_word' id='word_1_702' title='bbox 2140 2680 2195 2725; x_wconf 93' lang='lat' dir='ltr'><strong>et</strong></span> <span class='ocrx_word' id='word_1_703' title='bbox 2221 2685 2347 2726; x_wconf 92' lang='lat' dir='ltr'><strong>eum</strong></span> <span class='ocrx_word' id='word_1_704' title='bbox 2390 2670 2702 2731; x_wconf 84' lang='lat' dir='ltr'><strong>vocaveris.</strong></span> <span class='ocrx_word' id='word_1_705' title='bbox 2736 2668 2874 2725; x_wconf 88' lang='lat' dir='ltr'><strong>nihil</strong></span> <span class='ocrx_word' id='word_1_706' title='bbox 2906 2676 3055 2723; x_wconf 82' lang='lat' dir='ltr'><strong>vetat</strong></span> <span class='ocrx_word' id='word_1_707' title='bbox 3080 2668 3371 2739; x_wconf 83' lang='lat' dir='ltr'><strong>quominus</strong></span> <span class='ocrx_word' id='word_1_708' title='bbox 3402 2676 3551 2723; x_wconf 81' lang='lat' dir='ltr'><strong>tuam</strong></span> 
     </span>
    </p>
   </div>
   <div class='ocr_carea' id='block_1_85' title="bbox 1924 2759 3545 2835">
    <p class='ocr_par' dir='ltr' id='par_1_85' title="bbox 1924 2759 3545 2835">
     <span class='ocr_line' id='line_1_85' title="bbox 1924 2759 3545 2835; baseline -0.001 -18"><span class='ocrx_word' id='word_1_709' title='bbox 1924 2764 2239 2835; x_wconf 87' lang='lat' dir='ltr'><strong>petitionem</strong></span> <span class='ocrx_word' id='word_1_710' title='bbox 2291 2762 2517 2829; x_wconf 85' lang='lat' dir='ltr'><strong>audiat,</strong></span> <span class='ocrx_word' id='word_1_711' title='bbox 2545 2762 2591 2818; x_wconf 93' lang='lat' dir='ltr'><strong>si</strong></span> <span class='ocrx_word' id='word_1_712' title='bbox 2616 2762 2717 2816; x_wconf 89' lang='lat' dir='ltr'><strong>rite</strong></span> <span class='ocrx_word' id='word_1_713' title='bbox 2753 2761 3056 2817; x_wconf 82' lang='lat' dir='ltr'><strong>vocaveris.</strong></span> <span class='ocrx_word' id='word_1_714' title='bbox 3104 2760 3225 2817; x_wconf 80' lang='lat' dir='ltr'><strong>Non</strong></span> <span class='ocrx_word' id='word_1_715' title='bbox 3262 2768 3419 2832; x_wconf 88' lang='lat' dir='ltr'><strong>potes</strong></span> <span class='ocrx_word' id='word_1_716' title='bbox 3459 2759 3545 2815; x_wconf 88' lang='lat' dir='ltr'><strong>di-</strong></span> 
     </span>
    </p>
   </div>
   <div class='ocr_carea' id='block_1_86' title="bbox 1923 2852 3553 2919">
    <p class='ocr_par' dir='ltr' id='par_1_86' title="bbox 1923 2852 3553 2919">
     <span class='ocr_line' id='line_1_86' title="bbox 1923 2852 3553 2919; baseline -0.002 -9"><span class='ocrx_word' id='word_1_717' title='bbox 1923 2870 2049 2910; x_wconf 88' lang='lat' dir='ltr'><strong>cere</strong></span> <span class='ocrx_word' id='word_1_718' title='bbox 2076 2871 2091 2910; x_wconf 92' lang='lat'><strong>:</strong></span> <span class='ocrx_word' id='word_1_719' title='bbox 2123 2852 2334 2910; x_wconf 75' lang='lat' dir='ltr'><strong>Vereor</strong></span> <span class='ocrx_word' id='word_1_720' title='bbox 2358 2854 2618 2909; x_wconf 85' lang='lat' dir='ltr'><strong>accedere</strong></span> <span class='ocrx_word' id='word_1_721' title='bbox 2638 2861 2695 2908; x_wconf 90' lang='lat' dir='ltr'><strong>et</strong></span> <span class='ocrx_word' id='word_1_722' title='bbox 2715 2867 2895 2919; x_wconf 87' lang='lat' dir='ltr'><strong>orare,</strong></span> <span class='ocrx_word' id='word_1_723' title='bbox 2909 2852 3067 2909; x_wconf 87' lang='lat' dir='ltr'><strong>adest</strong></span> <span class='ocrx_word' id='word_1_724' title='bbox 3096 2852 3348 2908; x_wconf 83' lang='lat' dir='ltr'><strong>inimicus</strong></span> <span class='ocrx_word' id='word_1_725' title='bbox 3364 2865 3553 2916; x_wconf 82' lang='lat' dir='ltr'><strong>meus;</strong></span> 
     </span>
    </p>
   </div>
   <div class='ocr_carea' id='block_1_87' title="bbox 1919 2933 3555 3014">
    <p class='ocr_par' dir='ltr' id='par_1_87' title="bbox 1919 2933 3555 3014">
     <span class='ocr_line' id='line_1_87' title="bbox 1919 2933 3555 3014; baseline -0.004 -12"><span class='ocrx_word' id='word_1_726' title='bbox 1919 2933 1981 3002; x_wconf 81' lang='lat' dir='ltr'><strong>at</strong></span> <span class='ocrx_word' id='word_1_727' title='bbox 2031 2944 2136 3001; x_wconf 90' lang='lat' dir='ltr'><strong>hoc</strong></span> <span class='ocrx_word' id='word_1_728' title='bbox 2166 2946 2326 3001; x_wconf 87' lang='lat' dir='ltr'><strong>etiam</strong></span> <span class='ocrx_word' id='word_1_729' title='bbox 2381 2944 2827 3014; x_wconf 81' lang='lat' dir='ltr'><strong>impedimentum</strong></span> <span class='ocrx_word' id='word_1_730' title='bbox 2880 2942 3121 2999; x_wconf 89' lang='lat' dir='ltr'><strong>ablatum</strong></span> <span class='ocrx_word' id='word_1_731' title='bbox 3178 2951 3312 3001; x_wconf 55' lang='lat' dir='ltr'><strong>est:</strong></span> <span class='ocrx_word' id='word_1_732' title='bbox 3376 2957 3555 3013; x_wconf 84' lang='lat' dir='ltr'><strong>neque</strong></span> 
     </span>
    </p>
   </div>
   <div class='ocr_carea' id='block_1_88' title="bbox 1926 3035 3554 3107">
    <p class='ocr_par' dir='ltr' id='par_1_88' title="bbox 1926 3035 3554 3107">
     <span class='ocr_line' id='line_1_88' title="bbox 1926 3035 3554 3107; baseline -0.002 -13"><span class='ocrx_word' id='word_1_733' title='bbox 1926 3038 2074 3094; x_wconf 79' lang='lat' dir='ltr'><strong>enim</strong></span> <span class='ocrx_word' id='word_1_734' title='bbox 2107 3037 2387 3093; x_wconf 89' lang='lat' dir='ltr'><strong>inimicum</strong></span> <span class='ocrx_word' id='word_1_735' title='bbox 2421 3046 2571 3093; x_wconf 88' lang='lat' dir='ltr'><strong>tuum</strong></span> <span class='ocrx_word' id='word_1_736' title='bbox 2610 3036 2862 3104; x_wconf 89' lang='lat' dir='ltr'><strong>attendit,</strong></span> <span class='ocrx_word' id='word_1_737' title='bbox 2892 3051 3003 3092; x_wconf 20' lang='lat' dir='ltr'><strong>nec.</strong></span> <span class='ocrx_word' id='word_1_738' title='bbox 3026 3046 3171 3092; x_wconf 89' lang='lat' dir='ltr'><strong>tuam</strong></span> <span class='ocrx_word' id='word_1_739' title='bbox 3204 3035 3554 3107; x_wconf 85' lang='lat' dir='ltr'><strong>interrumpit</strong></span> 
     </span>
    </p>
   </div>
   <div class='ocr_carea' id='block_1_89' title="bbox 1931 3128 3555 3203">
    <p class='ocr_par' dir='ltr' id='par_1_89' title="bbox 1931 3128 3555 3203">
     <span class='ocr_line' id='line_1_89' title="bbox 1931 3128 3555 3203; baseline -0.002 -16"><span class='ocrx_word' id='word_1_740' title='bbox 1931 3131 2247 3203; x_wconf 86' lang='lat' dir='ltr'><strong>petitionem</strong></span> <span class='ocrx_word' id='word_1_741' title='bbox 2278 3148 2292 3185; x_wconf 90' lang='lat'><strong>:</strong></span> <span class='ocrx_word' id='word_1_742' title='bbox 2321 3131 2417 3186; x_wconf 91' lang='lat' dir='ltr'><strong>sed</strong></span> <span class='ocrx_word' id='word_1_743' title='bbox 2441 3144 2658 3201; x_wconf 85' lang='lat' dir='ltr'><strong>semper</strong></span> <span class='ocrx_word' id='word_1_744' title='bbox 2672 3138 2729 3186; x_wconf 90' lang='lat' dir='ltr'><strong>et</strong></span> <span class='ocrx_word' id='word_1_745' title='bbox 2754 3128 2973 3185; x_wconf 87' lang='lat' dir='ltr'><strong>assidue</strong></span> <span class='ocrx_word' id='word_1_746' title='bbox 3001 3144 3126 3185; x_wconf 88' lang='lat' dir='ltr'><strong>eum</strong></span> <span class='ocrx_word' id='word_1_747' title='bbox 3152 3138 3310 3200; x_wconf 86' lang='lat' dir='ltr'><strong>potes</strong></span> <span class='ocrx_word' id='word_1_748' title='bbox 3332 3128 3555 3200; x_wconf 85' lang='lat' dir='ltr'><strong>alloqui,</strong></span> 
     </span>
    </p>
   </div>
   <div class='ocr_carea' id='block_1_90' title="bbox 1929 3220 3558 3293">
    <p class='ocr_par' dir='ltr' id='par_1_90' title="bbox 1929 3220 3558 3293">
     <span class='ocr_line' id='line_1_90' title="bbox 1929 3220 3558 3293; baseline -0.002 -13"><span class='ocrx_word' id='word_1_749' title='bbox 1929 3232 1987 3280; x_wconf 89' lang='lat' dir='ltr'><strong>et</strong></span> <span class='ocrx_word' id='word_1_750' title='bbox 2014 3224 2160 3279; x_wconf 88' lang='lat' dir='ltr'><strong>nulla</strong></span> <span class='ocrx_word' id='word_1_751' title='bbox 2189 3222 2345 3278; x_wconf 87' lang='lat' dir='ltr'><strong>adest</strong></span> <span class='ocrx_word' id='word_1_752' title='bbox 2372 3221 2666 3281; x_wconf 78' lang='lat' dir='ltr'><strong>difﬁcultas</strong></span> <span class='ocrx_word' id='word_1_753' title='bbox 2699 3238 2713 3275; x_wconf 89' lang='lat'><strong>:</strong></span> <span class='ocrx_word' id='word_1_754' title='bbox 2747 3235 2924 3292; x_wconf 81' lang='lat' dir='ltr'><strong>neque</strong></span> <span class='ocrx_word' id='word_1_755' title='bbox 2972 3220 3119 3275; x_wconf 89' lang='lat' dir='ltr'><strong>enim</strong></span> <span class='ocrx_word' id='word_1_756' title='bbox 3155 3235 3294 3292; x_wconf 80' lang='lat' dir='ltr'><strong>Opus</strong></span> <span class='ocrx_word' id='word_1_757' title='bbox 3330 3229 3415 3277; x_wconf 91' lang='lat' dir='ltr'><strong>est</strong></span> <span class='ocrx_word' id='word_1_758' title='bbox 3455 3236 3558 3293; x_wconf 74' lang='lat' dir='ltr'><strong>ge-</strong></span> 
     </span>
    </p>
   </div>
   <div class='ocr_carea' id='block_1_91' title="bbox 1935 3310 3555 3385">
    <p class='ocr_par' dir='ltr' id='par_1_91' title="bbox 1935 3310 3555 3385">
     <span class='ocr_line' id='line_1_91' title="bbox 1935 3310 3555 3385; baseline -0.002 -13"><span class='ocrx_word' id='word_1_759' title='bbox 1935 3315 2212 3372; x_wconf 89' lang='lat' dir='ltr'><strong>nitoribus</strong></span> <span class='ocrx_word' id='word_1_760' title='bbox 2264 3314 2355 3385; x_wconf 84' lang='lat' dir='ltr'><strong>qui</strong></span> <span class='ocrx_word' id='word_1_761' title='bbox 2408 3322 2462 3370; x_wconf 91' lang='lat' dir='ltr'><strong>te</strong></span> <span class='ocrx_word' id='word_1_762' title='bbox 2492 3313 2878 3380; x_wconf 77' lang='lat' dir='ltr'><strong>introducunt,</strong></span> <span class='ocrx_word' id='word_1_763' title='bbox 2927 3327 3038 3368; x_wconf 90' lang='lat' dir='ltr'><strong>non</strong></span> <span class='ocrx_word' id='word_1_764' title='bbox 3065 3310 3555 3384; x_wconf 84' lang='lat' dir='ltr'><strong>dispensatoribus,</strong></span> 
     </span>
    </p>
   </div>
   <div class='ocr_carea' id='block_1_92' title="bbox 1933 3394 3557 3482">
    <p class='ocr_par' dir='ltr' id='par_1_92' title="bbox 1933 3394 3557 3482">
     <span class='ocr_line' id='line_1_92' title="bbox 1933 3394 3557 3482; baseline -0.002 -16"><span class='ocrx_word' id='word_1_765' title='bbox 1933 3400 2414 3482; x_wconf 84' lang='lat' dir='ltr'><strong>procuratoribus,</strong></span> <span class='ocrx_word' id='word_1_766' title='bbox 2443 3404 2781 3471; x_wconf 82' lang='lat' dir='ltr'><strong>custodibus,</strong></span> <span class='ocrx_word' id='word_1_767' title='bbox 2814 3414 2907 3461; x_wconf 88' lang='lat' dir='ltr'><strong>aut</strong></span> <span class='ocrx_word' id='word_1_768' title='bbox 2955 3394 3148 3461; x_wconf 85' lang='lat' dir='ltr'><strong>amicis</strong></span> <span class='ocrx_word' id='word_1_769' title='bbox 3174 3421 3189 3472; x_wconf 85' lang='lat'><strong>;</strong></span> <span class='ocrx_word' id='word_1_770' title='bbox 3218 3404 3313 3460; x_wconf 85' lang='lat' dir='ltr'><strong>sed</strong></span> <span class='ocrx_word' id='word_1_771' title='bbox 3336 3405 3557 3477; x_wconf 81' lang='lat' dir='ltr'><strong>quando</strong></span> 
     </span>
    </p>
   </div>
   <div class='ocr_carea' id='block_1_93' title="bbox 1936 3497 3561 3576">
    <p class='ocr_par' dir='ltr' id='par_1_93' title="bbox 1936 3497 3561 3576">
     <span class='ocr_line' id='line_1_93' title="bbox 1936 3497 3561 3576; baseline -0.004 -17"><span class='ocrx_word' id='word_1_772' title='bbox 1936 3503 2054 3576; x_wconf 89' lang='lat' dir='ltr'><strong>ipse</strong></span> <span class='ocrx_word' id='word_1_773' title='bbox 2076 3517 2172 3573; x_wconf 90' lang='lat' dir='ltr'><strong>per</strong></span> <span class='ocrx_word' id='word_1_774' title='bbox 2198 3509 2250 3556; x_wconf 90' lang='lat' dir='ltr'><strong>te</strong></span> <span class='ocrx_word' id='word_1_775' title='bbox 2280 3500 2456 3572; x_wconf 85' lang='lat' dir='ltr'><strong>ipsum</strong></span> <span class='ocrx_word' id='word_1_776' title='bbox 2478 3500 2799 3565; x_wconf 87' lang='lat' dir='ltr'><strong>accesseris,</strong></span> <span class='ocrx_word' id='word_1_777' title='bbox 2846 3507 2975 3555; x_wconf 90' lang='lat' dir='ltr'><strong>tunc</strong></span> <span class='ocrx_word' id='word_1_778' title='bbox 3012 3498 3248 3569; x_wconf 80' lang='lat' dir='ltr'><strong>maxime</strong></span> <span class='ocrx_word' id='word_1_779' title='bbox 3269 3504 3332 3555; x_wconf 84' lang='lat' dir='ltr'><strong>te</strong></span> <span class='ocrx_word' id='word_1_780' title='bbox 3355 3497 3561 3566; x_wconf 87' lang='lat' dir='ltr'><strong>audiet,</strong></span> 
     </span>
    </p>
   </div>
   <div class='ocr_carea' id='block_1_94' title="bbox 1936 3592 2953 3666">
    <p class='ocr_par' dir='ltr' id='par_1_94' title="bbox 1936 3592 2953 3666">
     <span class='ocr_line' id='line_1_94' title="bbox 1936 3592 2953 3666; baseline -0.005 -14"><span class='ocrx_word' id='word_1_781' title='bbox 1936 3607 2071 3652; x_wconf 88' lang='lat' dir='ltr'><strong>tunc</strong></span> <span class='ocrx_word' id='word_1_782' title='bbox 2089 3593 2307 3666; x_wconf 84' lang='lat' dir='ltr'><strong>quando</strong></span> <span class='ocrx_word' id='word_1_783' title='bbox 2339 3595 2612 3650; x_wconf 87' lang='lat' dir='ltr'><strong>neminem</strong></span> <span class='ocrx_word' id='word_1_784' title='bbox 2655 3592 2953 3664; x_wconf 79' lang='lat' dir='ltr'><strong>rogaveris.</strong></span> 
     </span>
    </p>
   </div>
   <div class='ocr_carea' id='block_1_95' title="bbox 2010 3684 3562 3758">
    <p class='ocr_par' dir='ltr' id='par_1_95' title="bbox 2010 3684 3562 3758">
     <span class='ocr_line' id='line_1_95' title="bbox 2010 3684 3562 3758; baseline -0.002 -15"><span class='ocrx_word' id='word_1_785' title='bbox 2010 3689 2067 3744; x_wconf 80' lang='lat'><strong>5.</strong></span> <span class='ocrx_word' id='word_1_786' title='bbox 2091 3688 2209 3743; x_wconf 83' lang='lat' dir='ltr'><strong>Non</strong></span> <span class='ocrx_word' id='word_1_787' title='bbox 2239 3687 2310 3743; x_wconf 88' lang='lat' dir='ltr'><strong>ita</strong></span> <span class='ocrx_word' id='word_1_788' title='bbox 2340 3702 2472 3758; x_wconf 78' lang='lat' dir='ltr'><strong>ergo</strong></span> <span class='ocrx_word' id='word_1_789' title='bbox 2500 3702 2629 3743; x_wconf 89' lang='lat' dir='ltr'><strong>eum</strong></span> <span class='ocrx_word' id='word_1_790' title='bbox 2670 3702 2765 3757; x_wconf 87' lang='lat' dir='ltr'><strong>per</strong></span> <span class='ocrx_word' id='word_1_791' title='bbox 2789 3686 2929 3741; x_wconf 90' lang='lat' dir='ltr'><strong>alios</strong></span> <span class='ocrx_word' id='word_1_792' title='bbox 2977 3684 3257 3756; x_wconf 91' lang='lat' dir='ltr'><strong>placamus</strong></span> <span class='ocrx_word' id='word_1_793' title='bbox 3300 3694 3521 3752; x_wconf 82' lang='lat' dir='ltr'><strong>orantes</strong></span> <span class='ocrx_word' id='word_1_794' title='bbox 3544 3727 3562 3753; x_wconf 90' lang='lat'><strong>,</strong></span> 
     </span>
    </p>
   </div>
   <div class='ocr_carea' id='block_1_96' title="bbox 1938 3777 3560 3851">
    <p class='ocr_par' dir='ltr' id='par_1_96' title="bbox 1938 3777 3560 3851">
     <span class='ocr_line' id='line_1_96' title="bbox 1938 3777 3560 3851; baseline -0.003 -16"><span class='ocrx_word' id='word_1_795' title='bbox 1938 3779 2081 3835; x_wconf 88' lang='lat' dir='ltr'><strong>sicut</strong></span> <span class='ocrx_word' id='word_1_796' title='bbox 2103 3794 2200 3851; x_wconf 88' lang='lat' dir='ltr'><strong>per</strong></span> <span class='ocrx_word' id='word_1_797' title='bbox 2228 3780 2503 3850; x_wconf 88' lang='lat' dir='ltr'><strong>nosipsos.</strong></span> <span class='ocrx_word' id='word_1_798' title='bbox 2535 3777 2671 3835; x_wconf 90' lang='lat' dir='ltr'><strong>Cum</strong></span> <span class='ocrx_word' id='word_1_799' title='bbox 2715 3778 2860 3833; x_wconf 87' lang='lat' dir='ltr'><strong>enim</strong></span> <span class='ocrx_word' id='word_1_800' title='bbox 2891 3789 3133 3833; x_wconf 86' lang='lat' dir='ltr'><strong>nostram</strong></span> <span class='ocrx_word' id='word_1_801' title='bbox 3174 3786 3394 3847; x_wconf 75' lang='lat' dir='ltr'><strong>expetat</strong></span> <span class='ocrx_word' id='word_1_802' title='bbox 3420 3778 3560 3831; x_wconf 84' lang='lat' dir='ltr'><strong>ami-</strong></span> 
     </span>
    </p>
   </div>
   <div class='ocr_carea' id='block_1_97' title="bbox 1938 3866 3557 3936">
    <p class='ocr_par' dir='ltr' id='par_1_97' title="bbox 1938 3866 3557 3936">
     <span class='ocr_line' id='line_1_97' title="bbox 1938 3866 3557 3936; baseline -0.002 -10"><span class='ocrx_word' id='word_1_803' title='bbox 1938 3870 2122 3926; x_wconf 88' lang='lat' dir='ltr'><strong>citiam</strong></span> <span class='ocrx_word' id='word_1_804' title='bbox 2151 3910 2167 3935; x_wconf 84' lang='lat'><strong>,</strong></span> <span class='ocrx_word' id='word_1_805' title='bbox 2198 3869 2380 3925; x_wconf 89' lang='lat' dir='ltr'><strong>omnia</strong></span> <span class='ocrx_word' id='word_1_806' title='bbox 2437 3869 2602 3925; x_wconf 89' lang='lat' dir='ltr'><strong>etiam</strong></span> <span class='ocrx_word' id='word_1_807' title='bbox 2650 3866 2778 3924; x_wconf 89' lang='lat' dir='ltr'><strong>facit</strong></span> <span class='ocrx_word' id='word_1_808' title='bbox 2800 3910 2815 3936; x_wconf 91' lang='lat'><strong>,</strong></span> <span class='ocrx_word' id='word_1_809' title='bbox 2850 3878 2909 3923; x_wconf 89' lang='lat' dir='ltr'><strong>ut</strong></span> <span class='ocrx_word' id='word_1_810' title='bbox 2951 3884 3052 3923; x_wconf 90' lang='lat' dir='ltr'><strong>nos</strong></span> <span class='ocrx_word' id='word_1_811' title='bbox 3076 3867 3126 3923; x_wconf 90' lang='lat' dir='ltr'><strong>ei</strong></span> <span class='ocrx_word' id='word_1_812' title='bbox 3174 3866 3515 3925; x_wconf 77' lang='lat' dir='ltr'><strong>conﬁdamus</strong></span> <span class='ocrx_word' id='word_1_813' title='bbox 3546 3887 3557 3922; x_wconf 94' lang='lat'>:</span> 
     </span>
    </p>
   </div>
   <div class='ocr_carea' id='block_1_98' title="bbox 1939 3957 3567 4034">
    <p class='ocr_par' dir='ltr' id='par_1_98' title="bbox 1939 3957 3567 4034">
     <span class='ocr_line' id='line_1_98' title="bbox 1939 3957 3567 4034; baseline -0.002 -16"><span class='ocrx_word' id='word_1_814' title='bbox 1939 3960 2161 4034; x_wconf 89' lang='lat' dir='ltr'><strong>quando</strong></span> <span class='ocrx_word' id='word_1_815' title='bbox 2187 3960 2382 4017; x_wconf 85' lang='lat' dir='ltr'><strong>viderit</strong></span> <span class='ocrx_word' id='word_1_816' title='bbox 2408 3974 2508 4015; x_wconf 87' lang='lat' dir='ltr'><strong>nos</strong></span> <span class='ocrx_word' id='word_1_817' title='bbox 2529 3959 2633 4015; x_wconf 92' lang='lat' dir='ltr'><strong>hoc</strong></span> <span class='ocrx_word' id='word_1_818' title='bbox 2665 3973 2763 4029; x_wconf 88' lang='lat' dir='ltr'><strong>per</strong></span> <span class='ocrx_word' id='word_1_819' title='bbox 2789 3972 2889 4014; x_wconf 90' lang='lat' dir='ltr'><strong>nos</strong></span> <span class='ocrx_word' id='word_1_820' title='bbox 2921 3959 3066 4029; x_wconf 85' lang='lat' dir='ltr'><strong>ipsos</strong></span> <span class='ocrx_word' id='word_1_821' title='bbox 3106 3957 3405 4024; x_wconf 85' lang='lat' dir='ltr'><strong>facientes,</strong></span> <span class='ocrx_word' id='word_1_822' title='bbox 3439 3969 3567 4015; x_wconf 84' lang='lat' dir='ltr'><strong>tunc</strong></span> 
     </span>
    </p>
   </div>
   <div class='ocr_carea' id='block_1_99' title="bbox 1944 4038 3560 4113">
    <p class='ocr_par' dir='ltr' id='par_1_99' title="bbox 1944 4038 3560 4113">
     <span class='ocr_line' id='line_1_99' title="bbox 1944 4038 3560 4113; baseline -0.001 -1"><span class='ocrx_word' id='word_1_823' title='bbox 1944 4056 2180 4113; x_wconf 80' lang='lat' dir='ltr'><strong>maxime</strong></span> <span class='ocrx_word' id='word_1_824' title='bbox 2200 4054 2411 4110; x_wconf 89' lang='lat' dir='ltr'><strong>annuit.</strong></span> <span class='ocrx_word' id='word_1_825' title='bbox 2440 4052 2516 4108; x_wconf 84' lang='lat' dir='ltr'><strong>lta</strong></span> <span class='ocrx_word' id='word_1_826' title='bbox 2539 4052 2705 4109; x_wconf 89' lang='lat' dir='ltr'><strong>etiam</strong></span> <span class='ocrx_word' id='word_1_827' title='bbox 2738 4038 2868 4109; x_wconf 76' lang='lat' dir='ltr'><strong>fecit</strong></span> <span class='ocrx_word' id='word_1_828' title='bbox 2896 4053 2951 4107; x_wconf 90' lang='lat' dir='ltr'><strong>in</strong></span> <span class='ocrx_word' id='word_1_829' title='bbox 2981 4052 3287 4109; x_wconf 72' lang='lat' dir='ltr'><strong>Chauanzea</strong></span> <span class='ocrx_word' id='word_1_830' title='bbox 3310 4070 3323 4107; x_wconf 90' lang='lat'><strong>:</strong></span> <span class='ocrx_word' id='word_1_831' title='bbox 3348 4063 3403 4108; x_wconf 86' lang='lat' dir='ltr'><strong>et</strong></span> <span class='ocrx_word' id='word_1_832' title='bbox 3435 4069 3560 4110; x_wconf 88' lang='lat' dir='ltr'><strong>cum</strong></span> 
     </span>
    </p>
   </div>
   <div class='ocr_carea' id='block_1_100' title="bbox 1944 4143 3566 4219">
    <p class='ocr_par' dir='ltr' id='par_1_100' title="bbox 1944 4143 3566 4219">
     <span class='ocr_line' id='line_1_100' title="bbox 1944 4143 3566 4219; baseline -0.003 -16"><span class='ocrx_word' id='word_1_833' title='bbox 1944 4146 2140 4203; x_wconf 86' lang='lat' dir='ltr'><strong>Petrus</strong></span> <span class='ocrx_word' id='word_1_834' title='bbox 2185 4146 2404 4219; x_wconf 88' lang='lat' dir='ltr'><strong>quidem</strong></span> <span class='ocrx_word' id='word_1_835' title='bbox 2436 4157 2489 4201; x_wconf 88' lang='lat' dir='ltr'><strong>et</strong></span> <span class='ocrx_word' id='word_1_836' title='bbox 2538 4143 2777 4201; x_wconf 84' lang='lat' dir='ltr'><strong>Jacobus</strong></span> <span class='ocrx_word' id='word_1_837' title='bbox 2824 4143 3150 4199; x_wconf 83' lang='lat' dir='ltr'><strong>accederent</strong></span> <span class='ocrx_word' id='word_1_838' title='bbox 3179 4160 3275 4214; x_wconf 86' lang='lat' dir='ltr'><strong>pro</strong></span> <span class='ocrx_word' id='word_1_839' title='bbox 3307 4144 3398 4199; x_wconf 92' lang='lat' dir='ltr'><strong>illa</strong></span> <span class='ocrx_word' id='word_1_840' title='bbox 3434 4144 3515 4218; x_wconf 78' lang='grc' dir='ltr'><strong>(α)</strong></span> <span class='ocrx_word' id='word_1_841' title='bbox 3549 4187 3566 4212; x_wconf 83' lang='grc'>,</span> 
     </span>
    </p>
   </div>
   <div class='ocr_carea' id='block_1_101' title="bbox 1944 4236 3573 4308">
    <p class='ocr_par' dir='ltr' id='par_1_101' title="bbox 1944 4236 3573 4308">
     <span class='ocr_line' id='line_1_101' title="bbox 1944 4236 3573 4308; baseline -0.003 -11"><span class='ocrx_word' id='word_1_842' title='bbox 1944 4256 2055 4297; x_wconf 87' lang='lat' dir='ltr'><strong>non</strong></span> <span class='ocrx_word' id='word_1_843' title='bbox 2080 4241 2270 4296; x_wconf 74' lang='lat' dir='ltr'><strong>annuit</strong></span> <span class='ocrx_word' id='word_1_844' title='bbox 2299 4255 2314 4292; x_wconf 91' lang='lat'><strong>:</strong></span> <span class='ocrx_word' id='word_1_845' title='bbox 2343 4254 2467 4294; x_wconf 91' lang='lat' dir='ltr'><strong>cum</strong></span> <span class='ocrx_word' id='word_1_846' title='bbox 2507 4254 2572 4293; x_wconf 87' lang='lat' dir='ltr'><strong>ea</strong></span> <span class='ocrx_word' id='word_1_847' title='bbox 2617 4246 2797 4292; x_wconf 86' lang='lat' dir='ltr'><strong>autem</strong></span> <span class='ocrx_word' id='word_1_848' title='bbox 2833 4248 3174 4308; x_wconf 79' lang='lat' dir='ltr'><strong>permaneret</strong></span> <span class='ocrx_word' id='word_1_849' title='bbox 3198 4278 3215 4300; x_wconf 90' lang='lat'><strong>,</strong></span> <span class='ocrx_word' id='word_1_850' title='bbox 3247 4236 3390 4306; x_wconf 71' lang='lat' dir='ltr'><strong>quini</strong></span> <span class='ocrx_word' id='word_1_851' title='bbox 3424 4248 3573 4308; x_wconf 88' lang='lat' dir='ltr'><strong>pete—</strong></span> 
     </span>
    </p>
   </div>
   <div class='ocr_carea' id='block_1_102' title="bbox 1946 4329 3572 4406">
    <p class='ocr_par' dir='ltr' id='par_1_102' title="bbox 1946 4329 3572 4406">
     <span class='ocr_line' id='line_1_102' title="bbox 1946 4329 3572 4406; baseline -0.002 -15"><span class='ocrx_word' id='word_1_852' title='bbox 1946 4335 2109 4391; x_wconf 83' lang='lat' dir='ltr'><strong>batur</strong></span> <span class='ocrx_word' id='word_1_853' title='bbox 2141 4335 2387 4406; x_wconf 87' lang='lat' dir='ltr'><strong>protinus</strong></span> <span class='ocrx_word' id='word_1_854' title='bbox 2416 4333 2566 4389; x_wconf 88' lang='lat' dir='ltr'><strong>dedit</strong></span> <span class='ocrx_word' id='word_1_855' title='bbox 2601 4331 2813 4403; x_wconf 70' lang='lat' dir='ltr'><strong>(dlattlt.</strong></span> <span class='ocrx_word' id='word_1_856' title='bbox 2849 4332 2934 4388; x_wconf 85' lang='lat' dir='ltr'><strong>l5.</strong></span> <span class='ocrx_word' id='word_1_857' title='bbox 2988 4329 3251 4400; x_wconf 52' lang='grc' dir='ltr'><strong>ἤλυθεν).</strong></span> <span class='ocrx_word' id='word_1_858' title='bbox 3281 4332 3394 4387; x_wconf 82' lang='lat' dir='ltr'><strong>Etsi</strong></span> <span class='ocrx_word' id='word_1_859' title='bbox 3426 4331 3572 4387; x_wconf 89' lang='lat' dir='ltr'><strong>enim</strong></span> 
     </span>
    </p>
   </div>
   <div class='ocr_carea' id='block_1_103' title="bbox 1945 4423 3573 4499">
    <p class='ocr_par' dir='ltr' id='par_1_103' title="bbox 1945 4423 3573 4499">
     <span class='ocr_line' id='line_1_103' title="bbox 1945 4423 3573 4499; baseline -0.003 -14"><span class='ocrx_word' id='word_1_860' title='bbox 1945 4430 2096 4485; x_wconf 87' lang='lat' dir='ltr'><strong>visus</strong></span> <span class='ocrx_word' id='word_1_861' title='bbox 2123 4437 2209 4485; x_wconf 85' lang='lat' dir='ltr'><strong>est</strong></span> <span class='ocrx_word' id='word_1_862' title='bbox 2241 4443 2432 4499; x_wconf 87' lang='lat' dir='ltr'><strong>parum</strong></span> <span class='ocrx_word' id='word_1_863' title='bbox 2463 4426 2703 4489; x_wconf 68' lang='lat' dir='ltr'><strong>differre,</strong></span> <span class='ocrx_word' id='word_1_864' title='bbox 2728 4442 2836 4480; x_wconf 90' lang='lat' dir='ltr'><strong>non</strong></span> <span class='ocrx_word' id='word_1_865' title='bbox 2857 4425 2960 4480; x_wconf 85' lang='lat' dir='ltr'><strong>hoc</strong></span> <span class='ocrx_word' id='word_1_866' title='bbox 2982 4423 3112 4481; x_wconf 87' lang='lat' dir='ltr'><strong>fecit</strong></span> <span class='ocrx_word' id='word_1_867' title='bbox 3140 4435 3197 4479; x_wconf 92' lang='lat' dir='ltr'><strong>ut</strong></span> <span class='ocrx_word' id='word_1_868' title='bbox 3224 4440 3375 4479; x_wconf 90' lang='lat' dir='ltr'><strong>mora</strong></span> <span class='ocrx_word' id='word_1_869' title='bbox 3406 4425 3573 4481; x_wconf 73' lang='lat' dir='ltr'><strong>alier-</strong></span> 
     </span>
    </p>
   </div>
   <div class='ocr_carea' id='block_1_104' title="bbox 1948 4518 3579 4589">
    <p class='ocr_par' dir='ltr' id='par_1_104' title="bbox 1948 4518 3579 4589">
     <span class='ocr_line' id='line_1_104' title="bbox 1948 4518 3579 4589; baseline -0.004 -9"><span class='ocrx_word' id='word_1_870' title='bbox 1948 4533 2102 4580; x_wconf 86' lang='lat' dir='ltr'><strong>retur</strong></span> <span class='ocrx_word' id='word_1_871' title='bbox 2118 4520 2471 4583; x_wconf 67' lang='lat' dir='ltr'><strong>mulierculae,</strong></span> <span class='ocrx_word' id='word_1_872' title='bbox 2492 4519 2589 4575; x_wconf 73' lang='lat' dir='ltr'><strong>sed</strong></span> <span class='ocrx_word' id='word_1_873' title='bbox 2618 4527 2676 4573; x_wconf 88' lang='lat' dir='ltr'><strong>ut</strong></span> <span class='ocrx_word' id='word_1_874' title='bbox 2701 4533 2821 4574; x_wconf 87' lang='lat' dir='ltr'><strong>eam</strong></span> <span class='ocrx_word' id='word_1_875' title='bbox 2844 4519 3016 4588; x_wconf 80' lang='lat' dir='ltr'><strong>magis</strong></span> <span class='ocrx_word' id='word_1_876' title='bbox 3044 4527 3355 4586; x_wconf 85' lang='lat' dir='ltr'><strong>coronaret,</strong></span> <span class='ocrx_word' id='word_1_877' title='bbox 3383 4528 3432 4573; x_wconf 86' lang='lat' dir='ltr'><strong>et</strong></span> <span class='ocrx_word' id='word_1_878' title='bbox 3458 4518 3579 4589; x_wconf 87' lang='lat' dir='ltr'><strong>ejus</strong></span> 
     </span>
    </p>
   </div>
   <div class='ocr_carea' id='block_1_105' title="bbox 1949 4610 3577 4689">
    <p class='ocr_par' dir='ltr' id='par_1_105' title="bbox 1949 4610 3577 4689">
     <span class='ocr_line' id='line_1_105' title="bbox 1949 4610 3577 4689; baseline -0.002 -18"><span class='ocrx_word' id='word_1_879' title='bbox 1949 4613 2326 4671; x_wconf 85' lang='lat' dir='ltr'><strong>assiduitatem</strong></span> <span class='ocrx_word' id='word_1_880' title='bbox 2358 4614 2530 4682; x_wconf 78' lang='lat' dir='ltr'><strong>magis</strong></span> <span class='ocrx_word' id='word_1_881' title='bbox 2550 4611 2651 4689; x_wconf 85' lang='lat' dir='ltr'><strong>sibi</strong></span> <span class='ocrx_word' id='word_1_882' title='bbox 2683 4610 3002 4666; x_wconf 88' lang='lat' dir='ltr'><strong>familiarem</strong></span> <span class='ocrx_word' id='word_1_883' title='bbox 3033 4611 3309 4667; x_wconf 87' lang='lat' dir='ltr'><strong>redderet.</strong></span> <span class='ocrx_word' id='word_1_884' title='bbox 3343 4610 3577 4668; x_wconf 81' lang='lat' dir='ltr'><strong>Medite-</strong></span> 
     </span>
    </p>
   </div>
   <div class='ocr_carea' id='block_1_106' title="bbox 1952 4703 3580 4778">
    <p class='ocr_par' dir='ltr' id='par_1_106' title="bbox 1952 4703 3580 4778">
     <span class='ocr_line' id='line_1_106' title="bbox 1952 4703 3580 4778; baseline -0.002 -16"><span class='ocrx_word' id='word_1_885' title='bbox 1952 4723 2076 4763; x_wconf 90' lang='lat' dir='ltr'><strong>mur</strong></span> <span class='ocrx_word' id='word_1_886' title='bbox 2099 4722 2232 4778; x_wconf 77' lang='lat' dir='ltr'><strong>ergo</strong></span> <span class='ocrx_word' id='word_1_887' title='bbox 2257 4720 2357 4761; x_wconf 82' lang='lat' dir='ltr'><strong>nos</strong></span> <span class='ocrx_word' id='word_1_888' title='bbox 2393 4719 2610 4777; x_wconf 85' lang='lat' dir='ltr'><strong>quoque</strong></span> <span class='ocrx_word' id='word_1_889' title='bbox 2650 4705 2820 4758; x_wconf 85' lang='lat' dir='ltr'><strong>Deum</strong></span> <span class='ocrx_word' id='word_1_890' title='bbox 2870 4703 3142 4773; x_wconf 88' lang='lat' dir='ltr'><strong>supplices</strong></span> <span class='ocrx_word' id='word_1_891' title='bbox 3171 4703 3245 4776; x_wconf 72' lang='grc' dir='ltr'><strong>(ὸ)</strong></span> <span class='ocrx_word' id='word_1_892' title='bbox 3275 4703 3429 4759; x_wconf 88' lang='lat' dir='ltr'><strong>adire</strong></span> <span class='ocrx_word' id='word_1_893' title='bbox 3451 4719 3469 4758; x_wconf 88' lang='lat'><strong>:</strong></span> <span class='ocrx_word' id='word_1_894' title='bbox 3495 4703 3580 4759; x_wconf 81' lang='lat' dir='ltr'><strong>di-</strong></span> 
     </span>
    </p>
   </div>
   <div class='ocr_carea' id='block_1_107' title="bbox 1952 4794 3580 4871">
    <p class='ocr_par' dir='ltr' id='par_1_107' title="bbox 1952 4794 3580 4871">
     <span class='ocr_line' id='line_1_107' title="bbox 1952 4794 3580 4871; baseline -0.003 -14"><span class='ocrx_word' id='word_1_895' title='bbox 1952 4815 2170 4857; x_wconf 79' lang='lat' dir='ltr'><strong>scamus</strong></span> <span class='ocrx_word' id='word_1_896' title='bbox 2197 4798 2473 4871; x_wconf 91' lang='lat' dir='ltr'><strong>quomodo</strong></span> <span class='ocrx_word' id='word_1_897' title='bbox 2501 4813 2563 4855; x_wconf 87' lang='lat' dir='ltr'><strong>ea</strong></span> <span class='ocrx_word' id='word_1_898' title='bbox 2592 4796 2664 4852; x_wconf 91' lang='lat' dir='ltr'><strong>sit</strong></span> <span class='ocrx_word' id='word_1_899' title='bbox 2694 4794 2938 4852; x_wconf 82' lang='lat' dir='ltr'><strong>facienda</strong></span> <span class='ocrx_word' id='word_1_900' title='bbox 2969 4796 3316 4867; x_wconf 87' lang='lat' dir='ltr'><strong>supplicatio.</strong></span> <span class='ocrx_word' id='word_1_901' title='bbox 3351 4794 3469 4851; x_wconf 85' lang='lat' dir='ltr'><strong>Non</strong></span> <span class='ocrx_word' id='word_1_902' title='bbox 3494 4806 3580 4852; x_wconf 78' lang='lat' dir='ltr'><strong>est</strong></span> 
     </span>
    </p>
   </div>
   <div class='ocr_carea' id='block_1_108' title="bbox 1954 4887 3574 4964">
    <p class='ocr_par' dir='ltr' id='par_1_108' title="bbox 1954 4887 3574 4964">
     <span class='ocr_line' id='line_1_108' title="bbox 1954 4887 3574 4964; baseline -0.003 -14"><span class='ocrx_word' id='word_1_903' title='bbox 1954 4893 2193 4950; x_wconf 87' lang='lat' dir='ltr'><strong>eundum</strong></span> <span class='ocrx_word' id='word_1_904' title='bbox 2222 4893 2278 4948; x_wconf 86' lang='lat' dir='ltr'><strong>in</strong></span> <span class='ocrx_word' id='word_1_905' title='bbox 2310 4907 2555 4947; x_wconf 76' lang='lat' dir='ltr'><strong>muscum</strong></span> <span class='ocrx_word' id='word_1_906' title='bbox 2580 4887 2681 4964; x_wconf 86' lang='lat' dir='ltr'><strong>(c),</strong></span> <span class='ocrx_word' id='word_1_907' title='bbox 2713 4902 2822 4944; x_wconf 89' lang='lat' dir='ltr'><strong>non</strong></span> <span class='ocrx_word' id='word_1_908' title='bbox 2847 4899 2973 4945; x_wconf 90' lang='lat' dir='ltr'><strong>sunt</strong></span> <span class='ocrx_word' id='word_1_909' title='bbox 2994 4888 3382 4945; x_wconf 75' lang='lat' dir='ltr'><strong>consumenda:</strong></span> <span class='ocrx_word' id='word_1_910' title='bbox 3406 4905 3574 4961; x_wconf 75' lang='lat' dir='ltr'><strong>pecn-</strong></span> 
     </span>
    </p>
   </div>
   <div class='ocr_carea' id='block_1_109' title="bbox 2018 5026 3586 5106">
    <p class='ocr_par' dir='ltr' id='par_1_109' title="bbox 2018 5026 3586 5106">
     <span class='ocr_line' id='line_1_109' title="bbox 2018 5026 3586 5106; baseline -0.001 0"><span class='ocrx_word' id='word_1_911' title='bbox 2018 5032 2095 5106; x_wconf 79' lang='grc' dir='ltr'><strong>(α)</strong></span> <span class='ocrx_word' id='word_1_912' title='bbox 2117 5031 2203 5106; x_wconf 55' lang='grc' dir='ltr'><strong>κίε</strong></span> <span class='ocrx_word' id='word_1_913' title='bbox 2221 5030 2461 5106; x_wconf 52' lang='lat' dir='ltr'><strong>“Hm</strong></span> <span class='ocrx_word' id='word_1_914' title='bbox 2482 5026 3285 5106; x_wconf 46' lang='lat' dir='ltr'><strong>‘in‘l&#39;ﬁFiflﬂ‘ll&#39;</strong></span> <span class='ocrx_word' id='word_1_915' title='bbox 3296 5026 3355 5106; x_wconf 61' lang='lat'><strong>.1“</strong></span> <span class='ocrx_word' id='word_1_916' title='bbox 3377 5026 3586 5079; x_wconf 54' lang='lat' dir='ltr'><strong>“sum</strong></span> 
     </span>
    </p>
   </div>
   <div class='ocr_carea' id='block_1_110' title="bbox 1954 5089 3331 5222">
    <p class='ocr_par' dir='ltr' id='par_1_110' title="bbox 1954 5089 3331 5222">
     <span class='ocr_line' id='line_1_110' title="bbox 1954 5089 3331 5162; baseline -0.002 -18"><span class='ocrx_word' id='word_1_917' title='bbox 1954 5089 2143 5162; x_wconf 60' lang='lat' dir='ltr'><strong>qnio&#39;re</strong></span> <span class='ocrx_word' id='word_1_918' title='bbox 2167 5094 2234 5143; x_wconf 88' lang='lat' dir='ltr'><strong>de</strong></span> <span class='ocrx_word' id='word_1_919' title='bbox 2254 5092 2526 5143; x_wconf 62' lang='lat' dir='ltr'><strong>abominata</strong></span> <span class='ocrx_word' id='word_1_920' title='bbox 2536 5089 2683 5140; x_wconf 77' lang='lat' dir='ltr'><strong>nulla</strong></span> <span class='ocrx_word' id='word_1_921' title='bbox 2707 5090 2897 5140; x_wconf 88' lang='lat' dir='ltr'><strong>mentio</strong></span> <span class='ocrx_word' id='word_1_922' title='bbox 2919 5089 3047 5140; x_wconf 80' lang='lat' dir='ltr'><strong>Petri</strong></span> <span class='ocrx_word' id='word_1_923' title='bbox 3072 5096 3127 5141; x_wconf 91' lang='lat' dir='ltr'><strong>et</strong></span> <span class='ocrx_word' id='word_1_924' title='bbox 3146 5091 3331 5141; x_wconf 85' lang='lat' dir='ltr'><strong>Jacobi.</strong></span> 
     </span>
     <span class='ocr_line' id='line_1_111' title="bbox 2024 5110 3323 5222; baseline -0.004 -14"><span class='ocrx_word' id='word_1_925' title='bbox 2024 5110 2097 5222; x_wconf 51' lang='lat' dir='ltr'><strong>(id</strong></span> <span class='ocrx_word' id='word_1_926' title='bbox 2132 5157 2189 5222; x_wconf 83' lang='lat' dir='ltr'><strong>In</strong></span> <span class='ocrx_word' id='word_1_927' title='bbox 2208 5164 2625 5222; x_wconf 51' lang='grc' dir='ltr'><strong>ϐτωεοδνςντιάνιιν</strong></span> <span class='ocrx_word' id='word_1_928' title='bbox 2648 5168 2747 5222; x_wconf 55' lang='grc' dir='ltr'><strong>θεῷ.</strong></span> <span class='ocrx_word' id='word_1_929' title='bbox 2772 5159 2842 5203; x_wconf 85' lang='lat' dir='ltr'><strong>De</strong></span> <span class='ocrx_word' id='word_1_930' title='bbox 2866 5152 2960 5202; x_wconf 84' lang='lat' dir='ltr'><strong>bac</strong></span> <span class='ocrx_word' id='word_1_931' title='bbox 2996 5165 3118 5203; x_wconf 86' lang='lat' dir='ltr'><strong>voce</strong></span> <span class='ocrx_word' id='word_1_932' title='bbox 3141 5160 3323 5211; x_wconf 69' lang='lat' dir='ltr'><strong>amca,</strong></span> 
     </span>
    </p>
   </div>
   <div class='ocr_carea' id='block_1_111' title="bbox 2376 5168 3557 5212">
    <p class='ocr_par' dir='ltr' id='par_1_111' title="bbox 2376 5168 3557 5212">
     <span class='ocr_line' id='line_1_112' title="bbox 2376 5168 3557 5212; baseline 0.002 -9"><span class='ocrx_word' id='word_1_933' title='bbox 2376 5168 2625 5212; x_wconf 71' lang='grc' dir='ltr'><strong>,ιντντιάνιιν</strong></span> <span class='ocrx_word' id='word_1_934' title='bbox 2648 5168 2747 5212; x_wconf 65' lang='grc' dir='ltr'><strong>θεῷ.</strong></span> <span class='ocrx_word' id='word_1_935' title='bbox 2773 5168 2842 5203; x_wconf 84' lang='lat' dir='ltr'><strong>ue</strong></span> <span class='ocrx_word' id='word_1_936' title='bbox 2866 5168 2960 5202; x_wconf 83' lang='lat' dir='ltr'><strong>uae</strong></span> <span class='ocrx_word' id='word_1_937' title='bbox 2996 5168 3118 5203; x_wconf 86' lang='lat' dir='ltr'><strong>voce</strong></span> <span class='ocrx_word' id='word_1_938' title='bbox 3141 5168 3557 5212; x_wconf 47' lang='lat' dir='ltr'><strong>ﬁrmamus»...</strong></span> 
     </span>
    </p>
   </div>
   <div class='ocr_carea' id='block_1_112' title="bbox 1958 5167 3591 5284">
    <p class='ocr_par' dir='ltr' id='par_1_112' title="bbox 1958 5167 3591 5284">
     <span class='ocr_line' id='line_1_113' title="bbox 2024 5167 3587 5222; baseline -0.001 -15"><span class='ocrx_word' id='word_1_939' title='bbox 2024 5167 2097 5222; x_wconf 82' lang='grc' dir='ltr'><strong>(ο)</strong></span> <span class='ocrx_word' id='word_1_940' title='bbox 2134 5167 2189 5207; x_wconf 87' lang='lat' dir='ltr'><strong>tu</strong></span> <span class='ocrx_word' id='word_1_941' title='bbox 2208 5167 2625 5218; x_wconf 68' lang='grc' dir='ltr'><strong>οηεεο,ιντντιάνιιν</strong></span> <span class='ocrx_word' id='word_1_942' title='bbox 2648 5168 2747 5214; x_wconf 64' lang='grc' dir='ltr'><strong>Θεῷ.</strong></span> <span class='ocrx_word' id='word_1_943' title='bbox 2773 5167 2842 5203; x_wconf 82' lang='grc' dir='ltr'>οε</span> <span class='ocrx_word' id='word_1_944' title='bbox 2866 5167 2960 5202; x_wconf 85' lang='lat' dir='ltr'><strong>uae</strong></span> <span class='ocrx_word' id='word_1_945' title='bbox 2996 5167 3118 5203; x_wconf 89' lang='lat' dir='ltr'><strong>voce</strong></span> <span class='ocrx_word' id='word_1_946' title='bbox 3141 5167 3557 5217; x_wconf 67' lang='grc' dir='ltr'><strong>υτωω,ιπυηάνιιν</strong></span> <span class='ocrx_word' id='word_1_947' title='bbox 3572 5192 3587 5215; x_wconf 84' lang='grc'><em>,</em></span> 
     </span>
     <span class='ocr_line' id='line_1_114' title="bbox 1958 5218 3591 5284; baseline -0.001 -12"><span class='ocrx_word' id='word_1_948' title='bbox 1958 5221 2227 5284; x_wconf 70' lang='lat' dir='ltr'><strong>sequentia</strong></span> <span class='ocrx_word' id='word_1_949' title='bbox 2262 5219 2475 5284; x_wconf 72' lang='lat' dir='ltr'><strong>notanda</strong></span> <span class='ocrx_word' id='word_1_950' title='bbox 2518 5218 2909 5284; x_wconf 55' lang='grc' dir='ltr'><strong>δυηιὶίηργχὰνιιν</strong></span> <span class='ocrx_word' id='word_1_951' title='bbox 2932 5228 3070 5279; x_wconf 68' lang='lat' dir='ltr'><strong>saepe</strong></span> <span class='ocrx_word' id='word_1_952' title='bbox 3230 5224 3591 5284; x_wconf 67' lang='lat' dir='ltr'><strong>accusationem</strong></span> 
     </span>
    </p>
   </div>
   <div class='ocr_carea' id='block_1_113' title="bbox 1958 5276 3587 5352">
    <p class='ocr_par' dir='ltr' id='par_1_113' title="bbox 1958 5276 3587 5352">
     <span class='ocr_line' id='line_1_115' title="bbox 1958 5276 3587 5352; baseline -0.004 -17"><span class='ocrx_word' id='word_1_953' title='bbox 1958 5276 2130 5335; x_wconf 73' lang='lat' dir='ltr'><strong>contra</strong></span> <span class='ocrx_word' id='word_1_954' title='bbox 2152 5280 2367 5352; x_wconf 64' lang='lat' dir='ltr'><strong>aliquem</strong></span> <span class='ocrx_word' id='word_1_955' title='bbox 2389 5276 2820 5352; x_wconf 50' lang='lat' dir='ltr'><strong>omne-primit};</strong></span> <span class='ocrx_word' id='word_1_956' title='bbox 2835 5285 2915 5352; x_wconf 44' lang='lat' dir='ltr'><strong>.et,</strong></span> <span class='ocrx_word' id='word_1_957' title='bbox 2940 5276 3119 5352; x_wconf 42' lang='grc' dir='ltr'><strong>μέχρι.</strong></span> <span class='ocrx_word' id='word_1_958' title='bbox 3350 5278 3587 5352; x_wconf 60' lang='lat' dir='ltr'><strong>simplex,</strong></span> 
     </span>
    </p>
   </div>
   <div class='ocr_carea' id='block_1_114' title="bbox 1959 5339 3592 5404">
    <p class='ocr_par' dir='ltr' id='par_1_114' title="bbox 1959 5339 3592 5404">
     <span class='ocr_line' id='line_1_116' title="bbox 1959 5339 3592 5404; baseline -0.004 -6"><span class='ocrx_word' id='word_1_959' title='bbox 1959 5356 2045 5398; x_wconf 79' lang='lat' dir='ltr'><strong>aut</strong></span> <span class='ocrx_word' id='word_1_960' title='bbox 2068 5341 2318 5395; x_wconf 75' lang='lat' dir='ltr'><strong>accusatio</strong></span> <span class='ocrx_word' id='word_1_961' title='bbox 2332 5339 2505 5393; x_wconf 66' lang='lat' dir='ltr'><strong>contra</strong></span> <span class='ocrx_word' id='word_1_962' title='bbox 2526 5339 2744 5404; x_wconf 80' lang='lat' dir='ltr'><strong>aliquem</strong></span> <span class='ocrx_word' id='word_1_963' title='bbox 2768 5339 2949 5392; x_wconf 84' lang='lat' dir='ltr'><strong>oblata.</strong></span> <span class='ocrx_word' id='word_1_964' title='bbox 2965 5339 3066 5401; x_wconf 69' lang='lat' dir='ltr'><strong>otia</strong></span> <span class='ocrx_word' id='word_1_965' title='bbox 3089 5342 3156 5391; x_wconf 88' lang='lat' dir='ltr'><strong>de</strong></span> <span class='ocrx_word' id='word_1_966' title='bbox 3171 5353 3229 5392; x_wconf 87' lang='lat' dir='ltr'><strong>re</strong></span> <span class='ocrx_word' id='word_1_967' title='bbox 3254 5342 3367 5393; x_wconf 71' lang='lat' dir='ltr'><strong>vide</strong></span> <span class='ocrx_word' id='word_1_968' title='bbox 3392 5339 3592 5393; x_wconf 49' lang='lat' dir='ltr'><strong>iit&#39;Ouo;</strong></span> 
     </span>
    </p>
   </div>
   <div class='ocr_carea' id='block_1_115' title="bbox 1960 5403 3595 5470">
    <p class='ocr_par' dir='ltr' id='par_1_115' title="bbox 1960 5403 3595 5470">
     <span class='ocr_line' id='line_1_117' title="bbox 1960 5403 3595 5470; baseline -0.003 -10"><span class='ocrx_word' id='word_1_969' title='bbox 1960 5409 2164 5459; x_wconf 81' lang='lat' dir='ltr'><strong>ntastieo</strong></span> <span class='ocrx_word' id='word_1_970' title='bbox 2186 5415 2357 5470; x_wconf 84' lang='lat' dir='ltr'><strong>nostro</strong></span> <span class='ocrx_word' id='word_1_971' title='bbox 2379 5405 2439 5455; x_wconf 87' lang='lat' dir='ltr'><strong>ad</strong></span> <span class='ocrx_word' id='word_1_972' title='bbox 2462 5403 2623 5468; x_wconf 74' lang='lat' dir='ltr'><strong>Opera</strong></span> <span class='ocrx_word' id='word_1_973' title='bbox 2659 5403 2906 5454; x_wconf 77' lang='lat' dir='ltr'><strong>Atltanasil</strong></span> <span class='ocrx_word' id='word_1_974' title='bbox 2949 5404 3025 5470; x_wconf 64' lang='lat' dir='ltr'><strong>ad</strong></span> <span class='ocrx_word' id='word_1_975' title='bbox 3054 5416 3225 5464; x_wconf 81' lang='lat' dir='ltr'><strong>voces,</strong></span> <span class='ocrx_word' id='word_1_976' title='bbox 3251 5418 3495 5470; x_wconf 69' lang='grc' dir='ltr'><strong>ιηυτχάκι..</strong></span> <span class='ocrx_word' id='word_1_977' title='bbox 3521 5413 3595 5464; x_wconf 69' lang='lat' dir='ltr'><strong>et,</strong></span> 
     </span>
    </p>
   </div>
   <div class='ocr_carea' id='block_1_116' title="bbox 1962 5464 3592 5536">
    <p class='ocr_par' dir='ltr' id='par_1_116' title="bbox 1962 5464 3592 5536">
     <span class='ocr_line' id='line_1_118' title="bbox 1962 5464 3592 5536; baseline -0.004 -13"><span class='ocrx_word' id='word_1_978' title='bbox 1962 5486 2133 5536; x_wconf 62' lang='grc' dir='ltr'><strong>ινι-ηιῖιιι.Δ</strong></span> <span class='ocrx_word' id='word_1_979' title='bbox 2151 5469 2235 5519; x_wconf 81' lang='lat' dir='ltr'><strong>llic</strong></span> <span class='ocrx_word' id='word_1_980' title='bbox 2256 5464 2693 5536; x_wconf 56' lang='lat' dir='ltr'><strong>autem,_t.}mtmo</strong></span> <span class='ocrx_word' id='word_1_981' title='bbox 2708 5501 2724 5526; x_wconf 90' lang='lat'><strong>,</strong></span> <span class='ocrx_word' id='word_1_982' title='bbox 2752 5474 2833 5536; x_wconf 83' lang='lat' dir='ltr'><strong>est</strong></span> <span class='ocrx_word' id='word_1_983' title='bbox 2863 5464 3165 5536; x_wconf 64' lang='lat' dir='ltr'><strong>supplicare,</strong></span> <span class='ocrx_word' id='word_1_984' title='bbox 3185 5477 3269 5531; x_wconf 70' lang='lat' dir='ltr'><strong>et,</strong></span> <span class='ocrx_word' id='word_1_985' title='bbox 3283 5464 3453 5532; x_wconf 64' lang='grc' dir='ltr'><strong>ιηέἆίι,</strong></span> <span class='ocrx_word' id='word_1_986' title='bbox 3475 5481 3592 5532; x_wconf 63' lang='lat' dir='ltr'><strong>sup.</strong></span> 
     </span>
    </p>
   </div>
   <div class='ocr_carea' id='block_1_117' title="bbox 1961 5527 3594 5601">
    <p class='ocr_par' dir='ltr' id='par_1_117' title="bbox 1961 5527 3594 5601">
     <span class='ocr_line' id='line_1_119' title="bbox 1961 5527 3594 5601; baseline -0.003 -17"><span class='ocrx_word' id='word_1_987' title='bbox 1961 5527 2255 5601; x_wconf 66' lang='lat' dir='ltr'><strong>plifatt&#39;o,_ut</strong></span> <span class='ocrx_word' id='word_1_988' title='bbox 2272 5543 2336 5581; x_wconf 85' lang='lat' dir='ltr'><strong>ex</strong></span> <span class='ocrx_word' id='word_1_989' title='bbox 2362 5532 2501 5601; x_wconf 70' lang='lat' dir='ltr'><strong>serie</strong></span> <span class='ocrx_word' id='word_1_990' title='bbox 2539 5527 2716 5601; x_wconf 72' lang='lat' dir='ltr'><strong>liquet.</strong></span> <span class='ocrx_word' id='word_1_991' title='bbox 2762 5527 3034 5601; x_wconf 76' lang='lat' dir='ltr'><strong>Gentiatius</strong></span> <span class='ocrx_word' id='word_1_992' title='bbox 3064 5528 3338 5601; x_wconf 52' lang='lat' dir='ltr'><strong>uersatus</strong></span> <span class='ocrx_word' id='word_1_993' title='bbox 3352 5527 3594 5601; x_wconf 39' lang='lat' dir='ltr'><strong>vict-teni;</strong></span> 
     </span>
    </p>
   </div>
   <div class='ocr_carea' id='block_1_118' title="bbox 1961 5592 3474 5666">
    <p class='ocr_par' dir='ltr' id='par_1_118' title="bbox 1961 5592 3474 5666">
     <span class='ocr_line' id='line_1_120' title="bbox 1961 5592 3474 5666; baseline -0.003 -17"><span class='ocrx_word' id='word_1_994' title='bbox 1961 5592 2300 5666; x_wconf 59' lang='lat' dir='ltr'><strong>interpellare.</strong></span> <span class='ocrx_word' id='word_1_995' title='bbox 2318 5601 2373 5666; x_wconf 80' lang='lat' dir='ltr'><strong>et</strong></span> <span class='ocrx_word' id='word_1_996' title='bbox 2392 5592 2737 5666; x_wconf 52' lang='lat' dir='ltr'><strong>ituerpelltttic,</strong></span> <span class='ocrx_word' id='word_1_997' title='bbox 2764 5593 2928 5666; x_wconf 74' lang='lat' dir='ltr'><strong>minus</strong></span> <span class='ocrx_word' id='word_1_998' title='bbox 2949 5592 3224 5666; x_wconf 75' lang='lat' dir='ltr'><strong>connnode,</strong></span> <span class='ocrx_word' id='word_1_999' title='bbox 3246 5594 3297 5644; x_wconf 90' lang='lat' dir='ltr'><strong>ui</strong></span> <span class='ocrx_word' id='word_1_1000' title='bbox 3316 5592 3474 5666; x_wconf 80' lang='lat' dir='ltr'><strong>fallor.</strong></span> 
     </span>
    </p>
   </div>
   <div class='ocr_carea' id='block_1_119' title="bbox 2030 5652 3599 5722">
    <p class='ocr_par' dir='ltr' id='par_1_119' title="bbox 2030 5652 3599 5722">
     <span class='ocr_line' id='line_1_121' title="bbox 2030 5652 3599 5722; baseline -0.001 -14"><span class='ocrx_word' id='word_1_1001' title='bbox 2030 5652 2103 5722; x_wconf 70' lang='grc' dir='ltr'><strong>(ες</strong></span> <span class='ocrx_word' id='word_1_1002' title='bbox 2126 5657 2183 5722; x_wconf 84' lang='lat' dir='ltr'><strong>lu</strong></span> <span class='ocrx_word' id='word_1_1003' title='bbox 2208 5657 2399 5722; x_wconf 65' lang='lat' dir='ltr'><strong>(iunco,</strong></span> <span class='ocrx_word' id='word_1_1004' title='bbox 2427 5652 2610 5717; x_wconf 44' lang='lat' dir='ltr'><strong>&quot;ait...</strong></span> <span class='ocrx_word' id='word_1_1005' title='bbox 2638 5661 2785 5722; x_wconf 74' lang='lat' dir='ltr'><strong>Porro</strong></span> <span class='ocrx_word' id='word_1_1006' title='bbox 2809 5654 2936 5704; x_wconf 85' lang='lat' dir='ltr'><strong>hanc</strong></span> <span class='ocrx_word' id='word_1_1007' title='bbox 2954 5668 3129 5706; x_wconf 80' lang='lat' dir='ltr'><strong>vocem</strong></span> <span class='ocrx_word' id='word_1_1008' title='bbox 3149 5663 3365 5722; x_wconf 65' lang='lat' dir='ltr'><strong>Graecam</strong></span> <span class='ocrx_word' id='word_1_1009' title='bbox 3388 5652 3599 5722; x_wconf 74' lang='lat' dir='ltr'><strong>Savilius</strong></span> 
     </span>
    </p>
   </div>
   <div class='ocr_carea' id='block_1_120' title="bbox 1963 5715 3603 5791">
    <p class='ocr_par' dir='ltr' id='par_1_120' title="bbox 1963 5715 3603 5791">
     <span class='ocr_line' id='line_1_122' title="bbox 1963 5715 3603 5791; baseline -0.003 -22"><span class='ocrx_word' id='word_1_1010' title='bbox 1963 5715 2207 5791; x_wconf 63' lang='lat' dir='ltr'><strong>ait&#39;r&#39;ulgo</strong></span> <span class='ocrx_word' id='word_1_1011' title='bbox 2229 5715 2518 5791; x_wconf 67' lang='lat' dir='ltr'><strong>xugmticare</strong></span> <span class='ocrx_word' id='word_1_1012' title='bbox 2546 5715 2784 5791; x_wconf 65' lang='lat' dir='ltr'><strong>templum</strong></span> <span class='ocrx_word' id='word_1_1013' title='bbox 2802 5725 3113 5791; x_wconf 34' lang='lat' dir='ltr'><strong>Animarum,</strong></span> <span class='ocrx_word' id='word_1_1014' title='bbox 3157 5718 3247 5769; x_wconf 82' lang='lat' dir='ltr'><strong>sed</strong></span> <span class='ocrx_word' id='word_1_1015' title='bbox 3275 5718 3358 5768; x_wconf 83' lang='lat' dir='ltr'><strong>hic</strong></span> <span class='ocrx_word' id='word_1_1016' title='bbox 3378 5731 3469 5791; x_wconf 57' lang='lat' dir='ltr'><strong>pro</strong></span> <span class='ocrx_word' id='word_1_1017' title='bbox 3495 5715 3603 5791; x_wconf 76' lang='lat' dir='ltr'><strong>loco</strong></span> 
     </span>
    </p>
   </div>
   <div class='ocr_carea' id='block_1_121' title="bbox 1964 5778 3605 5847">
    <p class='ocr_par' dir='ltr' id='par_1_121' title="bbox 1964 5778 3605 5847">
     <span class='ocr_line' id='line_1_123' title="bbox 1964 5778 3605 5847; baseline -0.007 -11"><span class='ocrx_word' id='word_1_1018' title='bbox 1964 5778 2407 5847; x_wconf 61' lang='lat' dir='ltr'><strong>studiisdestiuato</strong></span> <span class='ocrx_word' id='word_1_1019' title='bbox 2421 5781 2539 5842; x_wconf 65' lang='lat' dir='ltr'><strong>acri;</strong></span> <span class='ocrx_word' id='word_1_1020' title='bbox 2559 5778 2779 5847; x_wconf 63' lang='lat' dir='ltr'><strong>laudum.</strong></span> <span class='ocrx_word' id='word_1_1021' title='bbox 2795 5786 2942 5847; x_wconf 80' lang='lat' dir='ltr'><strong>Certe</strong></span> <span class='ocrx_word' id='word_1_1022' title='bbox 2959 5790 3079 5847; x_wconf 83' lang='lat' dir='ltr'><strong>puto</strong></span> <span class='ocrx_word' id='word_1_1023' title='bbox 3094 5778 3263 5844; x_wconf 59' lang='grc' dir='ltr'><strong>Μ,</strong></span> <span class='ocrx_word' id='word_1_1024' title='bbox 3279 5778 3409 5847; x_wconf 69' lang='grc' dir='ltr'><strong>ει)υᾶ</strong></span> <span class='ocrx_word' id='word_1_1025' title='bbox 3430 5782 3605 5832; x_wconf 76' lang='lat' dir='ltr'><strong>l’alrcs</strong></span> 
     </span>
    </p>
   </div>
   <div class='ocr_carea' id='block_1_122' title="bbox 1967 5840 3154 5910">
    <p class='ocr_par' dir='ltr' id='par_1_122' title="bbox 1967 5840 3154 5910">
     <span class='ocr_line' id='line_1_124' title="bbox 1967 5840 3154 5910; baseline -0.002 -11"><span class='ocrx_word' id='word_1_1026' title='bbox 1967 5846 2119 5910; x_wconf 75' lang='lat' dir='ltr'><strong>longe</strong></span> <span class='ocrx_word' id='word_1_1027' title='bbox 2139 5843 2452 5910; x_wconf 63' lang='lat' dir='ltr'><strong>frequentius</strong></span> <span class='ocrx_word' id='word_1_1028' title='bbox 2474 5840 2564 5908; x_wconf 81' lang='lat' dir='ltr'><strong>pro</strong></span> <span class='ocrx_word' id='word_1_1029' title='bbox 2600 5840 2717 5895; x_wconf 78' lang='lat' dir='ltr'><strong>ludo</strong></span> <span class='ocrx_word' id='word_1_1030' title='bbox 2737 5840 3154 5910; x_wconf 61' lang='lat' dir='ltr'><strong>literatio&#39;aceipi.</strong></span> 
     </span>
    </p>
   </div>
  </div>
