4178 6676
667 355 734 409 :3
1395 341 1451 397 s.
1490 295 1769 396 luimus
1802 334 2243 393 cunvsosron

2352 333 2633 390 .RClllEP.
2675 329 3206 398 CONSTANTINOP.
3895 329 3934 385 ι
3947 332 3973 384 3

660 480 784 531 tum,
838 477 937 518 nec
956 468 1080 516 sunt
1104 450 1433 514 conducendi
1459 450 1755 524 paedagogi,
1780 450 2043 513 rhetores,
2068 457 2120 502 et
2150 463 2239 502 so-

661 555 883 626 phistae;
906 567 1077 623 neque
1103 549 1326 604 multum
1355 543 1611 613 temporis
1650 541 2069 598 consumendum
2124 551 2206 596 est
2229 581 2244 606 ,

661 654 717 701 ut
745 647 881 700 hanc
908 641 1116 698 dicendi
1147 649 1317 694 artem
1370 636 1583 699 discas;
1637 633 1729 688 sed
1785 631 1961 686 solum
2015 631 2248 684 voluisse

659 737 890 803 sufficit,
936 745 990 791 et
1037 749 1128 789 ars
1171 731 1402 802 perfecta
1433 729 1620 785 erasit.
1681 726 1790 782 Nec
1844 740 1942 796 pro
1970 734 2022 778 te
2071 724 2246 778 solum

661 828 862 899 poteris
915 826 1097 882 dicere
1128 825 1180 878 in
1204 838 1269 878 eo
1330 821 1550 890 judicio,
1584 817 1677 873 sed
1726 818 1887 871 etiam
1919 829 2014 885 pro
2065 813 2250 869 multis

658 919 798 973 aliis.
853 917 919 972 Et
973 917 1214 986 quisnam
1247 921 1576 979 estscOpus,
1610 907 1752 978 quod
1776 907 2074 962 institutum
2118 904 2249 960 artis

660 1010 816 1080 hujus
839 1006 1109 1079 judicialis
1125 1005 1150 1056 ?
1171 1002 1358 1058 Modus
1383 999 1725 1081 precationis.

732 1099 985 1154 Putandi
1008 1097 1221 1158 modus;
1247 1092 1475 1148 dilatatio
1495 1090 1617 1161 quid
1642 1090 1725 1144 sit.
1743 1119 1814 1128 —
1831 1088 2016 1144 Sobria
2045 1095 2245 1152 mente,

653 1193 840 1248 animo
873 1189 1123 1253 contrito,
1169 1203 1291 1241 eum
1326 1183 1558 1238 fontibus
1600 1182 1955 1252 lacrymarum
2004 1178 2070 1232 ad
2125 1193 2246 1233 eum

657 1283 932 1347 accedere,
974 1279 1104 1335 nihil
1147 1277 1290 1349 quod
1333 1274 1398 1329 ad
1434 1274 1572 1328 hanc
1601 1273 1761 1327 vitam
1793 1271 2058 1340 pertineat
2088 1277 2251 1338 pete-

657 1391 715 1432 re
744 1416 760 1441 ,
807 1376 978 1428 futura
1031 1369 1429 1438 concupiscere,
1489 1379 1584 1434 pro
1633 1361 1996 1432 spiritualibus
2048 1359 2249 1429 suppli-

655 1483 799 1532 care,
842 1464 1068 1519 inimicis
1096 1477 1204 1516 non
1231 1448 1368 1513 male
1414 1455 1642 1527 precari,
1673 1461 1944 1521 acceptam
2001 1450 2247 1520 injuriam

656 1559 911 1615 memoria
941 1571 1045 1610 non
1075 1563 1277 1617 tenere,
1306 1562 1494 1604 omnes
1516 1534 1948 1616 perturbationes
1973 1557 2039 1596 ex
2065 1542 2248 1596 animo

655 1649 928 1719 expellere
953 1687 967 1710 ,
991 1651 1356 1699 conterentem
1387 1653 1480 1692 cor
1502 1638 1570 1690 ita
1600 1634 1769 1696 adire,
1793 1631 1973 1686 animo
2000 1630 2244 1700 deprimi,

656 1737 1117 1797 mansuetudinem
1171 1746 1415 1802 magnam
1464 1740 1746 1787 exercere;
1803 1733 1857 1779 et
1903 1725 2136 1794 linguam
2177 1722 2245 1775 ad

657 1835 792 1890 bene
830 1829 1150 1900 loquendum
1191 1831 1527 1881 convertere.
1582 1823 1632 1872 in
1679 1819 1824 1871 nullo
1874 1831 2036 1886 pravo
2086 1830 2252 1885 opere

657 1925 879 1993 versari,
905 1923 1036 1977 nihil
1083 1921 1281 1975 habere
1312 1929 1597 1971 commune
1643 1927 1762 1966 cum
1807 1909 2076 1964 communi
2106 1908 2251 1963 orbis

656 2023 914 2076 terrarum
947 2015 1121 2078 hoste,
1152 2028 1270 2066 cum
1315 2007 1553 2070 diabolo,
1590 2007 1829 2074 inquam.
1874 2003 1926 2056 In
1958 2018 2079 2058 eum
2107 2002 2246 2056 enim

653 2111 740 2182 qui
779 2123 875 2180 pro
900 2107 1020 2162 aliis
1041 2121 1162 2160 cum
1188 2110 1317 2172 rege
1342 2099 1595 2168 loquitur,
1627 2106 1681 2151 ct
1707 2111 1828 2150 cum
1861 2094 1977 2164 ejus
2021 2093 2249 2148 inimicis

651 2198 1032 2259 communicat,
1055 2204 1294 2250 externa:
1316 2191 1477 2246 etiam
1519 2189 1662 2258 leges
1687 2185 2137 2240 animadvertunt.
2173 2183 2243 2237 Et

655 2303 708 2348 tu
727 2305 856 2360 ergo
881 2288 925 2342 si
949 2288 1028 2341 vis
1054 2295 1108 2341 et
1135 2299 1234 2355 pro
1265 2294 1315 2337 te
1342 2289 1397 2335 et
1425 2295 1522 2349 pro
1551 2278 1664 2332 aliis
1710 2275 1914 2342 dicere,
1948 2274 2028 2327 fac
2054 2283 2112 2328 ut
2142 2273 2244 2327 bac

653 2387 704 2441 in
736 2400 793 2438 re
821 2381 1051 2436 maxime
1084 2390 1142 2434 te
1179 2385 1322 2431 recte
1359 2388 1537 2444 geras,
1571 2378 1630 2425 ut
1675 2368 1809 2423 nihil
1844 2381 2128 2422 commune
2157 2365 2251 2419 ha-

653 2479 778 2535 beas
800 2491 922 2531 cum
943 2470 1211 2529 communi
1232 2469 1382 2522 hoste
1405 2465 1549 2520 orbis
1567 2472 1850 2519 terrarum.
1879 2461 1950 2513 Ita
1975 2460 2114 2513 enim
2139 2458 2246 2519 ﬂet,

653 2578 710 2624 ut
724 2566 797 2622 sis
809 2565 984 2635 justus
1003 2579 1018 2618 :
1037 2571 1089 2616 et
1106 2577 1226 2615 cum
1251 2558 1411 2612 fueris
1423 2557 1617 2626 justus,
1638 2551 1889 2612 audieris,
1909 2558 1964 2602 ut
1981 2550 2067 2618 qui
2090 2552 2246 2603 tafem

651 2658 848 2714 habeas
862 2664 1158 2724 patronam.
1172 2647 1561 2704 littribulatione
1571 2645 1796 2697 dilatasti
1809 2641 1951 2694 milii.
1970 2640 2081 2694 Non
2095 2639 2176 2692 dit
2188 2639 2244 2702 it,

652 2747 929 2804 Adduxisti
975 2743 1308 2802 afﬂictioncs,
1351 2753 1554 2806 neque,
1590 2732 1848 2790 sustulisti
1893 2731 2245 2793 tentationes,

648 2839 768 2906 sed,
786 2839 940 2894 Stare
963 2833 1270 2906 permisisti,
1289 2840 1342 2883 et
1361 2828 1598 2882 Dilatasti
1621 2826 1762 2879 mihi.
1782 2825 1989 2891 Quanta
2018 2822 2085 2876 sit
2102 2821 2245 2875 enim

649 2942 703 2989 et
718 2946 877 3003 quam
905 2929 1152 2999 expedita
1177 2925 1267 2979 Dei
1287 2924 1520 2982 solertia,
1541 2921 1662 2973 hinc
1680 2915 2244 2978 maximeostenditur,

652 3037 756 3079 non
787 3022 960 3076 solum
992 3018 1133 3088 quod
1176 3015 1391 3070 inducat
1419 3011 1754 3072 afﬂictiones,
1785 3007 1877 3062 sed
1905 3007 2064 3060 etiam
2102 3006 2243 3074 quod

652 3121 930 3171 manentes
959 3111 1076 3164 illas
1104 3106 1406 3162 tolerabiles
1431 3102 1638 3157 reddat.
1674 3099 1783 3154 lloc
1809 3108 1860 3154 et
1893 3099 1988 3152 Dei
2015 3098 2244 3152 ostendit

650 3206 963 3278 potentiam,
993 3210 1047 3256 et
1072 3201 1160 3272 qui
1193 3201 1246 3253 in
1279 3213 1370 3251 cas
1395 3195 1653 3254 incidunt.
1678 3192 2027 3261 sapientiores
2049 3190 2250 3257 reddit,

650 3297 864 3371 quando
892 3305 946 3351 et
970 3293 1208 3348 dilatatio
1237 3289 1386 3343 adest
1413 3302 1531 3356 qua:
1553 3284 1802 3339 afﬂictam
1843 3283 2074 3336 animam
2102 3296 2234 3336 con-

649 3392 872 3453 soletur,
909 3395 964 3444 et
1000 3385 1219 3441 afllictio
1248 3397 1352 3435 non
1397 3379 1622 3434 tollitur.
1653 3391 1772 3445 qua:
1801 3383 1858 3429 et
1885 3374 2240 3444 negligentem

647 3481 960 3546 adstringat,
992 3485 1045 3532 et
1073 3476 1138 3531 ab
1165 3472 1310 3527 omni
1361 3469 1585 3538 segnitie
1628 3466 1834 3519 liberet.
1869 3465 1938 3518 Et
1968 3463 2237 3532 quomodo

649 3576 702 3630 in
745 3570 1052 3634 afﬂictione,
1093 3564 1302 3636 inquies
1330 3605 1342 3626 ,
1391 3561 1545 3614 fuerit
1575 3557 1847 3611 dilatatio?
1890 3555 1957 3610 Ut
2003 3556 2052 3608 in
2083 3553 2240 3608 triurn

651 3680 938 3740 puerorum
977 3662 1193 3716 fornace
1231 3655 1391 3728 (Dan.
1421 3655 1472 3708 '5.
1519 3651 1611 3718 24)
1639 3691 1651 3712 ,
1688 3661 1747 3740 ut
1789 3647 1838 3700 in
1871 3647 1986 3700 lacu
2029 3647 2242 3699 leonum

650 3739 816 3832 (Dan.
843 3757 894 3814 6.
923 3755 995 3810 22
1014 3755 1053 3824 ).
1096 3752 1211 3807 Non
1259 3749 1400 3803 enim
1429 3743 1684 3800 exstinxit
1730 3739 2020 3802 ﬂammam,
2043 3746 2098 3792 et
2119 3747 2243 3793 tunc

650 3829 775 3906 fecit
795 3857 854 3904 ut
882 3847 982 3916 ipsi
1010 3851 1192 3900 essent
1218 3843 1270 3895 in
1296 3839 1462 3892 libero
1490 3843 1629 3889 statu
1655 3850 1669 3897 ;
1707 3847 1878 3900 neque
1910 3829 2102 3884 occidit
2130 3830 2240 3882 leo-

622 3955 624 3957 '
649 3955 768 4005 nes,
792 3947 846 3994 et
875 3946 1002 3992 tunc
1025 3946 1272 3991 securum
1303 3926 1573 3983 Dauielem
1603 3922 1833 3978 reddidit
1869 3939 1882 3973 :
1930 3921 2022 3974 sed
2049 3930 2103 3975 et
2129 3919 2238 3974 illic

650 4033 866 4086 fornace
891 4019 1234 4082 vehementer
1264 4019 1505 4080 ardente,
1534 4023 1590 4071 et
1614 4014 1703 4068 hic
1725 4013 1850 4066 feris
1878 4011 2238 4076 manentibus,

644 4120 774 4192 justi
799 4121 850 4172 in
880 4130 1065 4187 magna
1097 4114 1340 4168 libertate
1383 4113 1714 4162 manserunt.
1744 4103 1930 4157 Potest
1952 4103 2112 4156 etiam
2139 4103 2240 4155 ali-

653 4224 736 4269 ter
766 4209 932 4280 accipi
963 4205 1202 4261 dilatatio
1225 4245 1240 4269 ,
1285 4211 1343 4256 ut
1367 4197 1582 4270 quando
1609 4197 1808 4259 anima,
1863 4193 2241 4249 tentatinnibus

652 4316 942 4375 oppressa,
1002 4299 1258 4353 liberatur
1303 4307 1334 4346 a
1380 4286 1906 4360 perturbationibus,
1960 4294 2016 4339 et
2063 4285 2242 4338 multis

649 4392 1050 4468 aegritudinibus
1070 4408 1085 4443 :
1106 4398 1231 4444 tunc
1261 4385 1403 4441 enim
1426 4383 1657 4437 maxime
1679 4381 1846 4470 libero
1863 4387 2003 4433 statu
2029 4377 2238 4431 fruitur.

653 4489 801 4545 Multi
829 4487 970 4543 enim
999 4481 1253 4554 quamdiu
1282 4487 1501 4532 manent
1548 4476 1599 4530 in
1627 4473 1790 4528 rebus
1817 4471 2098 4537 secundis,
2132 4479 2242 4524 tur-

655 4579 887 4651 pissimis
914 4586 968 4632 et
1003 4575 1235 4643 animam
1266 4567 1630 4625 cruciantibus
1675 4574 1924 4620 tenentur
1947 4562 2239 4628 amoribus,

656 4669 1021 4742 pecuniarum,
1075 4677 1358 4734 corporum
1384 4701 1399 4725 ,
1431 4669 1485 4714 et
1513 4656 1775 4728 ejusmodi
1825 4655 2048 4709 aliorum
2074 4695 2088 4718 ,
2121 4669 2240 4723 qua:

651 4773 776 4819 sunt
818 4759 1043 4818 absurda
1073 4776 1085 4812 :
1115 4756 1211 4813 sed
1239 4761 1520 4826 postquam
1561 4751 1614 4804 in
1653 4747 1995 4802 afﬂictionem
2041 4746 2242 4800 incide-

655 4865 798 4918 runt,
828 4853 1118 4907 liberantur
1152 4847 1220 4901 ab
1240 4845 1344 4900 illis
1373 4840 1643 4903 omnibus,
1667 4835 1721 4893 et
1749 4839 1803 4893 in
1829 4846 2068 4906 apertum
2097 4851 2242 4891 cam-

655 4961 780 5017 pum
810 4941 1059 4998 evadunt.
1102 4940 1178 4993 Ac
1207 4938 1345 4992 sicut
1373 4935 1409 4988 ii
1439 4933 1528 5003 qui
1570 4931 1722 4986 febre
1751 4929 2016 4991 laborant,
2049 4943 2240 4997 quam-

656 5038 746 5090 diu
769 5033 980 5105 quidem
1000 5027 1385 5098 intempestivis
1413 5024 1660 5079 frunntur
1685 5019 2065 5090 voluptatibus.
2102 5020 2240 5073 lauta

652 5132 870 5199 inquam
916 5139 1096 5180 mensa
1129 5131 1182 5176 et
1209 5121 1332 5175 vino
1358 5132 1506 5172 mero
1532 5159 1544 5180 ,
1574 5126 1732 5184 atque
1771 5112 2067 5182 hujusmcd;
2102 5112 2240 5175 aliis,

651 5223 702 5275 in
731 5219 962 5290 majores
982 5226 1242 5286 coguntur
1265 5211 1536 5283 angustias
1569 5228 1581 5263 :
1611 5207 1704 5262 sed
1739 5208 1782 5262 si
1812 5207 2080 5261 voluerint
2118 5220 2242 5274 pau-

653 5312 818 5381 lisper
847 5310 1052 5378 seipsos
1103 5306 1399 5375 afﬂigentes
1430 5314 1793 5371 perseverare,
1851 5298 1959 5351 lato
1996 5309 2047 5351 et
2077 5299 2126 5348 lil
2150 5312 2242 5349 ero

654 5411 791 5456 statu
833 5400 1098 5464 fruuntur,
1128 5406 1264 5450 eteo
1290 5394 1430 5464 quod
1484 5407 1578 5446 eos
1603 5391 1830 5459 angebat
1859 5389 2101 5457 deposito
2123 5431 2135 5450 ,
2159 5388 2244 5455 ju-

652 5492 827 5547 cunde
846 5492 1097 5559 deinceps
1121 5489 1171 5541 in
1196 5501 1326 5556 pura
1354 5486 1578 5538 sanitate
1599 5491 1880 5536 versantur
1916 5498 1927 5532 :
1967 5481 2035 5533 ita
2081 5480 2238 5531 utinm

651 5587 702 5640 in
743 5585 902 5638 rebus
940 5594 994 5636 et
1045 5580 1268 5651 negotiis
1291 5577 1555 5631 usuvenit.
1587 5574 1727 5628 Nihil
1785 5573 1926 5626 enim
1960 5587 2109 5639 σεψιο
2156 5587 2239 5623 re-

653 5678 836 5733 laxare
863 5674 1153 5737 consuevit,
1201 5684 1254 5724 ut
1286 5668 1506 5724 afﬂictio
1549 5683 1666 5738 qua:
1694 5682 1722 5717 a
1751 5662 2093 5717 szccularibus
2124 5679 2239 5714 om-

652 5773 806 5827 nibus
836 5771 1066 5826 abducit.
1099 5766 1376 5838 Quomodo
1420 5765 1690 5819 existimas
1727 5760 1938 5816 .ludmos
1984 5759 2143 5813 fuisse
2189 5758 2240 5810 in

2357 448 2667 514 afﬂictione,
2700 446 2860 503 etiam
2900 446 3114 517 quando
3135 456 3289 500 erant
3317 460 3403 500 res
3428 458 3614 500 eorum
3658 443 3922 500 secunda:
3944 447 3972 498 ?

2354 541 2393 593 Α
2404 553 2545 592 nnou
2567 538 2679 592 h:cc
2696 536 3041 592 febricitantis
3057 536 3247 590 animat-
3260 535 3678 606 aegritudineth
3691 533 3971 590 confecta:

2354 639 2432 684 est
2453 671 2467 693 ,
2501 629 2680 684 dicere
2713 647 2727 682 :
2759 627 2868 681 Fac
2894 629 3037 682 nobis
3080 628 3200 681 deos
3228 627 3316 698 qui
3341 643 3432 680 nos
3471 626 3756 695 precedant
3785 641 3805 679 :
3831 625 3969 680 Ho-

2354 735 2431 774 ses
2460 722 2592 774 enim
2625 722 2725 786 hic,
2752 721 2840 789 qui
2861 720 3032 774 eduxit
3062 735 3154 773 nos
3181 720 3246 772 de
3273 729 3405 772 terra
3435 717 3677 789 £gypti,
3700 722 3971 772 nescimus

2354 815 2476 885 quid
2499 817 2543 868 ei
2572 817 2761 885 factum
2783 815 2848 867 sit
2867 812 3063 880 (Exod.
3089 812 3181 866 '52.
3205 813 3256 882 l)
3277 812 3301 865 ?
3325 814 3516 866 Annon
3540 812 3624 866 illa
3642 811 3803 866 verba
3825 822 3969 864 sunt

2355 907 2546 960 anima:
2559 904 3002 976 philosophantis,
3023 916 3074 960 et
3091 920 3121 959 a
3144 903 3632 975 perturbationibus
3653 903 3811 974 hujus
3829 902 3970 957 vita».

2356 1000 2670 1068 respirantis
2704 1041 2720 1066 ,
2750 999 2965 1070 quando
2991 998 3175 1054 afﬂicti
3209 1008 3314 1052 tam
3334 999 3680 1053 vehementer
3703 1007 3967 1062 orarunt,

2355 1102 2411 1146 ut
2434 1093 2606 1158 ipsum
2648 1093 2738 1147 Dei
2775 1092 3027 1146 auxilium
3068 1090 3484 1160 attraxerint(a)
3507 1090 3530 1141 ἲ
3557 1089 3673 1144 Jam
3700 1105 3830 1144 vero
3856 1088 3960 1143 hic

2360 1181 2468 1252 ipse
2492 1199 2703 1255 quoque
2735 1183 2995 1254 propheta
3031 1182 3244 1252 quando
3268 1182 3582 1237 versabatur
3609 1183 3660 1236 in
3692 1181 3973 1251 tranquil-9

2355 1277 2519 1341 litate,
2567 1291 2797 1346 quonam
2826 1276 2986 1330 modo
3007 1275 3388 1346 ~afﬂigebatur,
3418 1277 3486 1331 ab
3515 1275 3751 1344 improba
3793 1275 3965 1345 cupi-

2353 1372 2517 1427 ditate
2545 1373 2596 1427 in
2623 1373 2895 1442 angustias
2926 1379 3151 1425 coaetus
3187 1378 3241 1423 et
3268 1369 3571 1425 laceratus?
3599 1370 3813 1440 quando
3859 1385 3968 1423 au-

2356 1471 2462 1516 tem
2508 1472 2750 1516 versatus
2799 1471 2876 1515 est
2921 1462 2971 1514 in
3029 1460 3336 1523 afﬂictione,
3397 1461 3544 1514 scitis
3582 1475 3739 1530 quam
3795 1459 3970 1515 fuerit

2358 1555 2691 1623 tranquillus.
2714 1553 2898 1622 Neque
2925 1553 3069 1606 enim
3096 1569 3218 1606 eum
3268 1553 3402 1621 ignis
3429 1552 3622 1622 attigit,
3654 1554 3746 1607 sed
3788 1554 3965 1608 etiam

2356 1642 2565 1698 ﬂamma
2594 1645 2838 1697 universa
2865 1645 3129 1697 exstincta
3159 1652 3261 1697 est.
3289 1642 3432 1696 Nihil
3459 1644 3601 1697 enim
3627 1659 3781 1712 atque
3809 1643 3966 1699 afﬂi-

2353 1735 2451 1806 git,
2485 1750 2546 1790 ac
2571 1735 2614 1789 si
2646 1736 2819 1789 anima
2859 1735 3169 1789 obsideatur
3195 1750 3222 1788 a
3257 1734 3765 1804 perturbationibus.
3820 1736 3967 1789 Alia!

2354 1827 2495 1882 enim
2526 1827 2856 1881 extrinsecus
2886 1827 3150 1892 incidunt,
3186 1825 3269 1880 ha“:
3299 1842 3427 1881 vero
3458 1828 3601 1882 intus
3627 1837 3961 1891 nascuntur,

2355 1930 2408 1974 ct
2435 1921 2549 1975 haec
2578 1929 2662 1976 est
2688 1922 2916 1975 maxima
2957 1920 3196 1974 afﬂictio.
3224 1919 3447 1974 Etiamsi
3480 1933 3579 1972 nos
3607 1928 3764 1974 vexet
3789 1935 3962 1974 mun-

2354 2013 2475 2079 dus,
2509 2029 2608 2068 nos
2629 2025 2806 2069 autem
2839 2014 2984 2083 ipsos
3010 2028 3114 2066 non
3136 2027 3412 2074 vexemus,
3449 2011 3578 2065 nihil
3609 2013 3763 2068 nobis
3791 2012 3967 2068 fuerit

2355 2107 2660 2160 molestum.
2692 2105 2748 2159 In
2774 2118 2956 2159 nostra
3001 2121 3129 2174 ergo
3177 2113 3438 2174 potestate
3465 2106 3625 2158 situm
3673 2116 3756 2159 est
3784 2117 3844 2174 ut
3875 2105 3967 2161 κει

2354 2197 2674 2268 afiligamur,
2708 2198 2788 2252 vel
2841 2214 2946 2250 non
2978 2196 3296 2266 afﬂigamur.

2425 2291 2477 2344 4.
2509 2287 2766 2342 Patientia
2803 2299 3045 2357 quantum
3077 2291 3280 2342 bonum.
3315 2287 3514 2341 Grandi
3534 2289 3734 2342 modus.
3766 2318 3838 2328 —
3893 2289 3965 2344 l.'t

2354 2391 2530 2436 autem
2555 2382 2728 2436 discas
2750 2383 2910 2436 etiam
2936 2397 3001 2436 ex
3025 2397 3155 2437 voce
3177 2382 3490 2451 apostolica,
3509 2395 3705 2450 quama
3734 2381 3966 2436 liberans

2354 2475 2559 2527 oriatur
2602 2488 2670 2528 ex
2699 2472 3006 2538 afﬂictione,
3043 2473 3165 2527 audi
3226 2474 3396 2542 ipsum
3444 2473 3664 2527 Paulum
3720 2473 3963 2528 fructum

2352 2565 2656 2619 afﬂictionis
2706 2576 3056 2619 narrantem:
3101 2563 3382 2618 Tribulatio
3433 2575 3603 2618 autem
3655 2567 3962 2634 patientiam

2351 2669 2592 2726 operatur
2623 2673 2639 2710 :
2684 2658 2925 2726 patientia
2950 2666 3116 2709 autem
3165 2657 3508 2727 probationem
3535 2698 3549 2719 ,
3585 2657 3815 2727 probatio
3837 2674 3964 2711 νιτο

2352 2766 2526 2819 spem:
2555 2765 2667 2816 spes
2694 2757 2858 2802 autem
2888 2765 2986 2800 non
3020 2748 3286 2818 confundit
3315 2747 3488 2816 (Rom.
3520 2749 3572 2803 5.
3599 2750 3699 2803 5-5
3723 2751 3761 2818 ).
3811 2749 3959 2804 lnef-

2354 2844 2566 2899 labilem
2613 2842 2790 2898 vidisti
2835 2842 3209 2896 latitudinem?
3241 2841 3415 2895 vidisti
3457 2848 3670 2910 portum
3719 2841 3963 2896 laetitiae?

2355 2935 2680 2999 Patientiam,
2714 2934 2901 3004 inquit,
2931 2933 3323 3004 eﬂ‘icitaﬂlictio.
3367 2933 3503 3000 Quid
3530 2935 3673 2987 enim
3731 2933 3959 2990 homine

2351 3028 2757 3096 patientissimo,
2786 3037 2840 3080 et
2878 3027 2965 3096 qui
2989 3041 3168 3079 omnia
3200 3025 3353 3080 facile
3384 3024 3524 3079 ferre
3551 3036 3773 3094 potest,.
3803 3036 3960 3082 tran-

2351 3121 2566 3191 quillius
2584 3121 2608 3174 ?
2623 3115 2750 3191 quid
2780 3119 3006 3190 probato
3038 3117 3196 3173 fuerit
3224 3117 3455 3172 fortius?
3476 3118 3602 3188 quid
3619 3129 3797 3175 autem
3820 3136 3960 3176 eon-

2352 3211 2476 3266 ferri
2505 3219 2681 3281 potest
2699 3226 2821 3265 cum
2843 3225 2906 3264 ea
2936 3225 3056 3279 qua:
3086 3209 3210 3263 hinc
3236 3209 3409 3263 oritur
3437 3210 3831 3264 delectatione?
3859 3212 3958 3267 Di-

2349 3305 2421 3359 cit
2449 3305 2592 3360 enim
2623 3304 2778 3359 nobis
2828 3313 2936 3358 tres
2979 3303 3283 3372 voluptates
3329 3318 3450 3372 qua:
3501 3302 3625 3358 hinc
3672 3305 3950 3370 oriuntur,

2350 3397 2681 3466 patientiam,
2715 3395 3083 3465 probationem
3111 3438 3124 3458 ,
3155 3404 3210 3450 et
3233 3409 3380 3464 spem
3413 3393 3712 3450 futurorum
3765 3399 3948 3453 bono-

2351 3505 2488 3543 rum.
2521 3488 2596 3542 De
2648 3489 2730 3542 his
2772 3504 2912 3542 nunc
2943 3487 3328 3558 philosOpbans
3370 3489 3628 3558 propheta
3681 3490 3900 3544 dicebat
3933 3509 3951 3544 :

2352 3580 2416 3633 In
2445 3580 2767 3633 tribulatione
2792 3579 3019 3633 dilatasti
3049 3580 3192 3632 mihi.
3225 3579 3357 3645 Quia
3387 3581 3529 3633 enim
3561 3580 3735 3634 dixit:
3768 3581 3956 3636 Eran-

2349 3669 2471 3722 dim‘t
2493 3685 2570 3722 me
2599 3668 2737 3723 Deus
2765 3680 2793 3734 ,'
2823 3685 3056 3739 quonam
3099 3669 3260 3722 modo
3286 3669 3556 3723 exaudivit
3607 3671 3702 3724 ait.
3737 3670 3855 3726 Non
3896 3673 3950 3727 in

2349 3761 2588 3830 pecuniis
2621 3779 2632 3811 ε
2666 3761 2800 3814 nihil
2837 3764 2979 3815 enim
3013 3763 3226 3831 petebat
3249 3763 3511 3831 ejusmodi
3539 3781 3552 3827 ;
3580 3781 3684 3818 non
3737 3777 3794 3820 ut
3822 3769 3950 3820 viu-

2347 3860 2495 3906 ceret
2525 3851 2802 3906 inimicos:
2833 3867 2955 3906 nam
3007 3868 3178 3922 neque
3221 3854 3334 3906 base
3380 3854 3706 3922 posmlabat;
3747 3856 3842 3909 sed
3895 3858 3949 3910 in

2349 3943 2735 4012 tranquillitate
2786 3959 2905 4012 qua:
2943 3944 2994 3996 in
3039 3945 3216 3998 medio
3261 3944 3578 3999 afﬂictiouis
3618 3955 3803 4000 exorta
3835 3959 3943 4003 est.

2351 4036 2591 4090 Miserere
2619 4035 2736 4099 mei,
2780 4045 2826 4087 et
2855 4037 3039 4088 exaudi
3083 4036 3359 4088 orationem
3391 4053 3571 4090 meam.
3599 4037 3736 4103 Quid
3765 4037 3947 4093 dicis?

2349 4127 2632 4182 Meministi
2661 4126 2909 4194 superius
2933 4126 3174 4193 jusaitiaz,
3209 4128 3294 4180 lnc
3321 4117 3699 4182 miserationis
3746 4138 3801 4183 et
3843 4131 3948 4184 mi-

2347 4221 2698 4278 sericordiae:
2747 4230 2802 4275 et
2847 4236 3005 4289 quam
3061 4220 3175 4275 hec
3228 4221 3425 4276 habent
3465 4222 3948 4292 coiiseqnentiamt

2347 4314 2602 4375 Multam,
2658 4323 2713 4367 et
2773 4312 3039 4381 prioribus
3092 4312 3380 4367 admodum
3433 4328 3752 4370 connesam.
3806 4315 3944 4370 Nam

2348 4404 2557 4460 etiamsi
2588 4403 2868 4458 innumera
2900 4414 3047 4457 recte
3087 4401 3393 4464 fecerimus,
3425 4404 3862 4463 miserationibus
3893 4418 3946 4462 et
3985 4447 3988 4450 .

2347 4495 2632 4552 clementia
2660 4494 2925 4548 audimur.
2978 4493 3198 4547 Etiamsi
3230 4495 3294 4546 ad
3339 4493 3510 4562 ipsum
3554 4495 3764 4549 virtutis
3793 4495 3940 4552 fasti-

2347 4589 2490 4659 gium
2519 4587 2944 4658 pervenerimus,
3000 4601 3280 4640 scrvamur
3307 4602 3335 4638 a
3377 4586 3762 4641 misericordia.
3804 4589 3946 4648 llinc

2348 4681 2623 4744 discimus,
2656 4693 2777 4733 cum
2814 4678 3018 4746 jnstitia
3061 4688 3237 4731 meme
3277 4692 3491 4746 quoque
3538 4679 3768 4733 contrita
3803 4695 3946 4750 opus
3999 4673 4028 4726 ”“.

2348 4788 2486 4828 esse.
2510 4772 2718 4826 Etenim
2740 4770 2858 4824 licet
2874 4770 2943 4823 sit
2960 4779 3226 4837 peccator,
3247 4771 3290 4822 si
3308 4783 3428 4823 cum
3449 4768 3744 4825 humilitate
3762 4786 3946 4828 oraru-

2349 4868 2437 4932 rit,
2468 4882 2587 4937 qua:
2613 4875 2694 4919 est
2734 4880 2858 4932 pars
2900 4864 3138 4925 virtutis,
3170 4877 3358 4932 magna
3391 4864 3584 4932 poterit
3612 4864 3827 4920 cﬂieere
3853 4885 3864 4918 :
3889 4875 3946 4919 et

2350 4963 2475 5015 licet
2498 4960 2776 5028 sitjustus,
2810 4958 2851 5010 si
2884 4973 3004 5010 cum
3027 4957 3328 5025 arrogantia
3359 4957 3646 5011 accesserit
3678 4997 3693 5020 ,
3727 4972 3756 5008 a
3787 4957 3946 5012 bonis
4025 4951 4036 4960 ”

2351 5053 2599 5108 omnibus
2648 5049 2875 5106 excidet.
2915 5049 3198 5118 Utriusque
3228 5050 3470 5118 exempla
3505 5066 3601 5104 nos
3644 5051 3946 5105 docuerunt

2351 5149 2662 5218 publicanus
2701 5156 2754 5198 et
2800 5144 3098 5197 l’barismus
3148 5143 3298 5213 (Luc.
3334 5143 3446 5212 i8).
3491 5141 3716 5212 Oportet
3764 5145 3946 5215 itaque

2411 5244 2482 5305 (ο)
2507 5244 2596 5293 llic
2619 5242 2821 5307 omnino
2850 5241 3254 5307 videtur-aliquid
3279 5242 3558 5307 desiderari
3583 5258 3595 5292 :
3619 5245 3724 5293 haec
3751 5245 3940 5307 quippe

2349 5294 2518 5363 veiba,
2549 5308 2646 5352 Fac
2669 5304 2808 5354 nobis
2836 5304 2952 5367 deos
2983 5302 3065 5364 qui
3093 5294 3177 5353 nos
3202 5304 3499 5367 prrccedunt,
3535 5313 3654 5366 etc.,
3699 5294 3797 5355 non
3826 5294 3942 5355 s'u'ut
4008 5294 4052 5367 ηις

2351 5358 2746 5436 philosbphantjs
2770 5365 2964 5422 annuae,
2994 5358 3172 5436 'ncquc
3202 5358 3306 5416 'Dci
3349 5358 3606 5436 annilium,
3643 5358 3751 5417 imo
3775 5374 3942 5430 puljus
4002 5358 4021 5406 ἦ

2353 5429 2741 5491 indignationem
2767 5435 3078 5476 attraxeruut
3101 5441 3131 5491 ;_
3157 5435 3296 5477 certe
3322 5431 3470 5476 verba
3509 5432 3610 5487 illa,
3636 5444 3748 5491 quae
3778 5429 3939 5479 locum

2354 5487 2496 5552 illum
2525 5489 2678 5538 Exodi
2724 5503 3041 5552 sequmnur,_
3069 5487 3218 5537 alium
3265 5494 3465 5537 omnino
3513 5487 3672 5540 locum
3710 5503 3939 5552 spectare

2357 5551 2613 5614 videntur.
2645 5553 2704 5600 Et
2732 5550 3046 5614 tumenapud
3075 5553 3311 5599 Saviiium
3341 5565 3533 5600 necnon
3562 5555 3609 5600 in
3634 5550 3765 5601 tiodil
3813 5555 3934 5614 Reg.
4019 5560 4050 5606 ’,

2358 5613 2423 5661 ita
2450 5613 2653 5674 legitur,
2689 5611 2768 5662 Dei
2794 5611 3034 5660 auxilium
3077 5613 3367 5677 uttmrn'int
3411 5623 3622 5672 tempore
3664 5611 3939 5677 opportuno
4011 5674 4014 5676 γ

2358 5678 2444 5744 (ὡς,
2468 5677 2612 5744 αὐτ-ἡκ(
2645 5678 2995 5723 ἐπεσπάστσθκι
3045 5676 3124 5720 τοὺ
3163 5677 3285 5722 H293
3330 5685 3410 5732 τήν
3454 5679 3599 5739 ῥοπὴν
3630 5695 3746 5736 p.217.
3772 5677 3939 5740 xmpait

2356 5739 2442 5785 τοῦ
2464 5739 2826 5800 προσήκαντος).
