  <div class='ocr_page' id='page_1' title='image "/cluster/home/n/w/nwhite01/storage/ocr_20150623/55/pst.000005712540/038.png"; bbox 0 0 4178 6452; ppageno 0'>
   <div class='ocr_carea' id='block_1_1' title="bbox 174 379 3551 463">
    <p class='ocr_par' dir='ltr' id='par_1_1' title="bbox 174 379 3551 463">
     <span class='ocr_line' id='line_1_1' title="bbox 174 379 3551 463; baseline 0.001 -6"><span class='ocrx_word' id='word_1_1' title='bbox 174 394 227 457; x_wconf 78' lang='lat' dir='ltr'><strong>u</strong></span> <span class='ocrx_word' id='word_1_2' title='bbox 1406 400 1774 463; x_wconf 79' lang='lat' dir='ltr'><strong>EXPOSI&#39;I‘IO</strong></span> <span class='ocrx_word' id='word_1_3' title='bbox 1810 400 1876 459; x_wconf 60' lang='grc' dir='ltr'>ιδ</span> <span class='ocrx_word' id='word_1_4' title='bbox 1914 379 2249 461; x_wconf 67' lang='lat' dir='ltr'><strong>passuum</strong></span> <span class='ocrx_word' id='word_1_5' title='bbox 2289 398 2380 459; x_wconf 88' lang='lat' dir='ltr'><strong>tv.</strong></span> <span class='ocrx_word' id='word_1_6' title='bbox 3475 403 3551 462; x_wconf 78' lang='lat' dir='ltr'><strong>ts</strong></span> 
     </span>
    </p>
   </div>
   <div class='ocr_carea' id='block_1_2' title="bbox 194 517 1817 591">
    <p class='ocr_par' dir='ltr' id='par_1_2' title="bbox 194 517 1817 591">
     <span class='ocr_line' id='line_1_2' title="bbox 194 517 1817 591; baseline -0.004 -8"><span class='ocrx_word' id='word_1_7' title='bbox 194 517 740 583; x_wconf 48' lang='lat' dir='ltr'><strong>motummodum</strong></span> <span class='ocrx_word' id='word_1_8' title='bbox 760 521 993 582; x_wconf 86' lang='lat' dir='ltr'><strong>orandi.</strong></span> <span class='ocrx_word' id='word_1_9' title='bbox 1020 522 1154 591; x_wconf 88' lang='lat' dir='ltr'><strong>Quis</strong></span> <span class='ocrx_word' id='word_1_10' title='bbox 1169 532 1351 579; x_wconf 85' lang='lat' dir='ltr'><strong>autem</strong></span> <span class='ocrx_word' id='word_1_11' title='bbox 1373 521 1563 579; x_wconf 89' lang='lat' dir='ltr'><strong>orandi</strong></span> <span class='ocrx_word' id='word_1_12' title='bbox 1586 518 1817 577; x_wconf 76' lang='lat' dir='ltr'><strong>modus?</strong></span> 
     </span>
    </p>
   </div>
   <div class='ocr_carea' id='block_1_3' title="bbox 210 612 1813 687">
    <p class='ocr_par' dir='ltr' id='par_1_3' title="bbox 210 612 1813 687">
     <span class='ocr_line' id='line_1_3' title="bbox 210 612 1813 687; baseline -0.007 -8"><span class='ocrx_word' id='word_1_13' title='bbox 210 618 346 679; x_wconf 67' lang='lat' dir='ltr'><strong>illam</strong></span> <span class='ocrx_word' id='word_1_14' title='bbox 382 631 417 674; x_wconf 85' lang='lat' dir='ltr'><strong>a</strong></span> <span class='ocrx_word' id='word_1_15' title='bbox 458 616 807 682; x_wconf 75' lang='lat' dir='ltr'><strong>publicano:</strong></span> <span class='ocrx_word' id='word_1_16' title='bbox 842 632 949 675; x_wconf 81' lang='lat' dir='ltr'><strong>nec</strong></span> <span class='ocrx_word' id='word_1_17' title='bbox 993 626 1045 677; x_wconf 88' lang='lat' dir='ltr'><strong>te</strong></span> <span class='ocrx_word' id='word_1_18' title='bbox 1068 614 1268 687; x_wconf 83' lang='lat' dir='ltr'><strong>pudeat</strong></span> <span class='ocrx_word' id='word_1_19' title='bbox 1292 628 1359 673; x_wconf 85' lang='lat' dir='ltr'><strong>eo</strong></span> <span class='ocrx_word' id='word_1_20' title='bbox 1409 614 1484 669; x_wconf 91' lang='lat' dir='ltr'><strong>uti</strong></span> <span class='ocrx_word' id='word_1_21' title='bbox 1532 612 1813 686; x_wconf 85' lang='lat' dir='ltr'><strong>magistro,</strong></span> 
     </span>
    </p>
   </div>
   <div class='ocr_carea' id='block_1_4' title="bbox 210 705 1819 785">
    <p class='ocr_par' dir='ltr' id='par_1_4' title="bbox 210 705 1819 785">
     <span class='ocr_line' id='line_1_4' title="bbox 210 705 1819 785; baseline -0.004 -17"><span class='ocrx_word' id='word_1_22' title='bbox 210 712 289 785; x_wconf 75' lang='lat' dir='ltr'><strong>qui</strong></span> <span class='ocrx_word' id='word_1_23' title='bbox 312 711 410 768; x_wconf 81' lang='lat' dir='ltr'><strong>hac</strong></span> <span class='ocrx_word' id='word_1_24' title='bbox 437 709 495 766; x_wconf 91' lang='lat' dir='ltr'><strong>in</strong></span> <span class='ocrx_word' id='word_1_25' title='bbox 519 724 582 765; x_wconf 88' lang='lat' dir='ltr'><strong>re</strong></span> <span class='ocrx_word' id='word_1_26' title='bbox 610 708 755 765; x_wconf 81' lang='lat' dir='ltr'><strong>adeo</strong></span> <span class='ocrx_word' id='word_1_27' title='bbox 777 724 843 766; x_wconf 86' lang='lat' dir='ltr'><strong>se</strong></span> <span class='ocrx_word' id='word_1_28' title='bbox 876 707 1140 778; x_wconf 67' lang='lat' dir='ltr'><strong>praeclare</strong></span> <span class='ocrx_word' id='word_1_29' title='bbox 1164 708 1333 780; x_wconf 76' lang='lat' dir='ltr'><strong>gessit</strong></span> <span class='ocrx_word' id='word_1_30' title='bbox 1348 746 1367 776; x_wconf 94' lang='lat'><strong>,</strong></span> <span class='ocrx_word' id='word_1_31' title='bbox 1395 715 1454 762; x_wconf 92' lang='lat' dir='ltr'><strong>ut</strong></span> <span class='ocrx_word' id='word_1_32' title='bbox 1476 705 1610 762; x_wconf 88' lang='lat' dir='ltr'><strong>solis</strong></span> <span class='ocrx_word' id='word_1_33' title='bbox 1634 705 1819 762; x_wconf 84' lang='lat' dir='ltr'><strong>verbis</strong></span> 
     </span>
    </p>
   </div>
   <div class='ocr_carea' id='block_1_5' title="bbox 212 798 1811 871">
    <p class='ocr_par' dir='ltr' id='par_1_5' title="bbox 212 798 1811 871">
     <span class='ocr_line' id='line_1_5' title="bbox 212 798 1811 871; baseline -0.004 -11"><span class='ocrx_word' id='word_1_34' title='bbox 212 806 513 862; x_wconf 85' lang='lat' dir='ltr'><strong>universum</strong></span> <span class='ocrx_word' id='word_1_35' title='bbox 556 800 823 860; x_wconf 87' lang='lat' dir='ltr'><strong>ell&#39;ecerit.</strong></span> <span class='ocrx_word' id='word_1_36' title='bbox 857 800 996 871; x_wconf 88' lang='lat' dir='ltr'><strong>Quia</strong></span> <span class='ocrx_word' id='word_1_37' title='bbox 1022 800 1170 857; x_wconf 88' lang='lat' dir='ltr'><strong>enim</strong></span> <span class='ocrx_word' id='word_1_38' title='bbox 1206 808 1327 857; x_wconf 89' lang='lat' dir='ltr'><strong>erat</strong></span> <span class='ocrx_word' id='word_1_39' title='bbox 1354 814 1509 855; x_wconf 84' lang='lat' dir='ltr'><strong>mens</strong></span> <span class='ocrx_word' id='word_1_40' title='bbox 1540 798 1595 855; x_wconf 88' lang='lat' dir='ltr'><strong>in</strong></span> <span class='ocrx_word' id='word_1_41' title='bbox 1623 812 1691 861; x_wconf 88' lang='lat' dir='ltr'><strong>eo</strong></span> <span class='ocrx_word' id='word_1_42' title='bbox 1723 812 1811 854; x_wconf 81' lang='lat' dir='ltr'><strong>re-</strong></span> 
     </span>
    </p>
   </div>
   <div class='ocr_carea' id='block_1_6' title="bbox 206 891 1816 972">
    <p class='ocr_par' dir='ltr' id='par_1_6' title="bbox 206 891 1816 972">
     <span class='ocr_line' id='line_1_6' title="bbox 206 891 1816 972; baseline -0.007 -11"><span class='ocrx_word' id='word_1_43' title='bbox 206 913 289 961; x_wconf 79' lang='lat' dir='ltr'><strong>etc</strong></span> <span class='ocrx_word' id='word_1_44' title='bbox 328 907 540 972; x_wconf 76' lang='lat' dir='ltr'><strong>parata,</strong></span> <span class='ocrx_word' id='word_1_45' title='bbox 583 895 799 954; x_wconf 86' lang='lat' dir='ltr'><strong>sullecit</strong></span> <span class='ocrx_word' id='word_1_46' title='bbox 824 895 914 953; x_wconf 91' lang='lat' dir='ltr'><strong>vel</strong></span> <span class='ocrx_word' id='word_1_47' title='bbox 960 894 1184 952; x_wconf 80' lang='lat' dir='ltr'><strong>verbum</strong></span> <span class='ocrx_word' id='word_1_48' title='bbox 1224 910 1387 955; x_wconf 83' lang='lat' dir='ltr'><strong>unum</strong></span> <span class='ocrx_word' id='word_1_49' title='bbox 1430 894 1499 951; x_wconf 85' lang='lat' dir='ltr'><strong>ad</strong></span> <span class='ocrx_word' id='word_1_50' title='bbox 1544 893 1736 950; x_wconf 66' lang='lat' dir='ltr'><strong>uelum</strong></span> <span class='ocrx_word' id='word_1_51' title='bbox 1765 891 1816 950; x_wconf 90' lang='lat' dir='ltr'><strong>ei</strong></span> 
     </span>
    </p>
   </div>
   <div class='ocr_carea' id='block_1_7' title="bbox 205 987 1816 1066">
    <p class='ocr_par' dir='ltr' id='par_1_7' title="bbox 205 987 1816 1066">
     <span class='ocr_line' id='line_1_7' title="bbox 205 987 1816 1066; baseline -0.004 -17"><span class='ocrx_word' id='word_1_52' title='bbox 205 990 579 1066; x_wconf 52' lang='lat' dir='ltr'><strong>ﬁniendum.</strong></span> <span class='ocrx_word' id='word_1_53' title='bbox 607 988 895 1058; x_wconf 80' lang='lat' dir='ltr'><strong>Quomodo</strong></span> <span class='ocrx_word' id='word_1_54' title='bbox 924 998 1106 1046; x_wconf 87' lang='lat' dir='ltr'><strong>autem</strong></span> <span class='ocrx_word' id='word_1_55' title='bbox 1154 996 1273 1045; x_wconf 88' lang='lat' dir='ltr'><strong>erat</strong></span> <span class='ocrx_word' id='word_1_56' title='bbox 1302 988 1528 1060; x_wconf 70' lang='lat' dir='ltr'><strong>parata?</strong></span> <span class='ocrx_word' id='word_1_57' title='bbox 1563 987 1816 1060; x_wconf 86' lang='lat' dir='ltr'><strong>Seipsum</strong></span> 
     </span>
    </p>
   </div>
   <div class='ocr_carea' id='block_1_8' title="bbox 206 1078 1818 1153">
    <p class='ocr_par' dir='ltr' id='par_1_8' title="bbox 206 1078 1818 1153">
     <span class='ocr_line' id='line_1_8' title="bbox 206 1078 1818 1153; baseline -0.004 -12"><span class='ocrx_word' id='word_1_58' title='bbox 206 1085 466 1141; x_wconf 83' lang='lat' dir='ltr'><strong>miserum</strong></span> <span class='ocrx_word' id='word_1_59' title='bbox 493 1083 783 1149; x_wconf 86' lang='lat' dir='ltr'><strong>clamabat,</strong></span> <span class='ocrx_word' id='word_1_60' title='bbox 824 1090 1016 1153; x_wconf 88' lang='lat' dir='ltr'><strong>pectus</strong></span> <span class='ocrx_word' id='word_1_61' title='bbox 1044 1080 1323 1146; x_wconf 83' lang='lat' dir='ltr'><strong>tondebat,</strong></span> <span class='ocrx_word' id='word_1_62' title='bbox 1363 1095 1433 1138; x_wconf 93' lang='lat' dir='ltr'><strong>ne</strong></span> <span class='ocrx_word' id='word_1_63' title='bbox 1472 1080 1667 1137; x_wconf 70' lang='lat' dir='ltr'><strong>cadum</strong></span> <span class='ocrx_word' id='word_1_64' title='bbox 1694 1078 1818 1153; x_wconf 51' lang='lat' dir='ltr'><strong>qui,</strong></span> 
     </span>
    </p>
   </div>
   <div class='ocr_carea' id='block_1_9' title="bbox 213 1172 1819 1249">
    <p class='ocr_par' dir='ltr' id='par_1_9' title="bbox 213 1172 1819 1249">
     <span class='ocr_line' id='line_1_9' title="bbox 213 1172 1819 1249; baseline -0.002 -16"><span class='ocrx_word' id='word_1_65' title='bbox 213 1176 337 1233; x_wconf 80' lang='lat' dir='ltr'><strong>dem</strong></span> <span class='ocrx_word' id='word_1_66' title='bbox 366 1174 621 1249; x_wconf 78' lang='lat' dir='ltr'><strong>aspicere</strong></span> <span class='ocrx_word' id='word_1_67' title='bbox 648 1172 899 1232; x_wconf 79' lang='lat' dir='ltr'><strong>audebat.</strong></span> <span class='ocrx_word' id='word_1_68' title='bbox 927 1172 987 1231; x_wconf 86' lang='lat' dir='ltr'><strong>Si</strong></span> <span class='ocrx_word' id='word_1_69' title='bbox 1011 1186 1065 1229; x_wconf 86' lang='lat' dir='ltr'><strong>tu</strong></span> <span class='ocrx_word' id='word_1_70' title='bbox 1085 1188 1301 1246; x_wconf 85' lang='lat' dir='ltr'><strong>quoque</strong></span> <span class='ocrx_word' id='word_1_71' title='bbox 1346 1174 1418 1229; x_wconf 92' lang='lat' dir='ltr'><strong>ita</strong></span> <span class='ocrx_word' id='word_1_72' title='bbox 1440 1173 1704 1240; x_wconf 82' lang='lat' dir='ltr'><strong>oraveris,</strong></span> <span class='ocrx_word' id='word_1_73' title='bbox 1730 1173 1819 1230; x_wconf 86' lang='lat' dir='ltr'><strong>vel</strong></span> 
     </span>
    </p>
   </div>
   <div class='ocr_carea' id='block_1_10' title="bbox 202 1265 1821 1341">
    <p class='ocr_par' dir='ltr' id='par_1_10' title="bbox 202 1265 1821 1341">
     <span class='ocr_line' id='line_1_10' title="bbox 202 1265 1821 1341; baseline -0.001 -18"><span class='ocrx_word' id='word_1_74' title='bbox 202 1282 383 1341; x_wconf 75' lang='lat' dir='ltr'><strong>potius</strong></span> <span class='ocrx_word' id='word_1_75' title='bbox 407 1266 669 1323; x_wconf 85' lang='lat' dir='ltr'><strong>leviorem</strong></span> <span class='ocrx_word' id='word_1_76' title='bbox 709 1266 905 1322; x_wconf 83' lang='lat' dir='ltr'><strong>reddes</strong></span> <span class='ocrx_word' id='word_1_77' title='bbox 945 1266 1269 1322; x_wconf 86' lang='lat' dir='ltr'><strong>oralionem.</strong></span> <span class='ocrx_word' id='word_1_78' title='bbox 1298 1266 1355 1323; x_wconf 90' lang='lat' dir='ltr'><strong>Si</strong></span> <span class='ocrx_word' id='word_1_79' title='bbox 1379 1265 1525 1322; x_wconf 90' lang='lat' dir='ltr'><strong>enim</strong></span> <span class='ocrx_word' id='word_1_80' title='bbox 1566 1273 1821 1337; x_wconf 87' lang='lat' dir='ltr'><strong>peccator</strong></span> 
     </span>
    </p>
   </div>
   <div class='ocr_carea' id='block_1_11' title="bbox 202 1341 1816 1431">
    <p class='ocr_par' dir='ltr' id='par_1_11' title="bbox 202 1341 1816 1431">
     <span class='ocr_line' id='line_1_11' title="bbox 202 1341 1816 1431; baseline -0.003 -14"><span class='ocrx_word' id='word_1_81' title='bbox 202 1359 381 1431; x_wconf 79' lang='lat' dir='ltr'><strong>iustus</strong></span> <span class='ocrx_word' id='word_1_82' title='bbox 428 1359 503 1414; x_wconf 88' lang='lat' dir='ltr'><strong>ab</strong></span> <span class='ocrx_word' id='word_1_83' title='bbox 542 1359 790 1415; x_wconf 87' lang='lat' dir='ltr'><strong>oratione</strong></span> <span class='ocrx_word' id='word_1_84' title='bbox 843 1357 1017 1415; x_wconf 79' lang='lat' dir='ltr'><strong>lactus</strong></span> <span class='ocrx_word' id='word_1_85' title='bbox 1040 1367 1166 1425; x_wconf 90' lang='lat' dir='ltr'><strong>est,</strong></span> <span class='ocrx_word' id='word_1_86' title='bbox 1195 1356 1483 1414; x_wconf 89' lang='lat' dir='ltr'><strong>considera</strong></span> <span class='ocrx_word' id='word_1_87' title='bbox 1500 1341 1816 1426; x_wconf 68' lang='lat' dir='ltr'><strong>cuiusmodi</strong></span> 
     </span>
    </p>
   </div>
   <div class='ocr_carea' id='block_1_12' title="bbox 202 1448 1821 1523">
    <p class='ocr_par' dir='ltr' id='par_1_12' title="bbox 202 1448 1821 1523">
     <span class='ocr_line' id='line_1_12' title="bbox 202 1448 1821 1523; baseline -0.003 -15"><span class='ocrx_word' id='word_1_88' title='bbox 202 1452 311 1508; x_wconf 84' lang='lat' dir='ltr'><strong>erit</strong></span> <span class='ocrx_word' id='word_1_89' title='bbox 326 1452 534 1523; x_wconf 66' lang='lat' dir='ltr'><strong>iustius,</strong></span> <span class='ocrx_word' id='word_1_90' title='bbox 578 1451 629 1507; x_wconf 87' lang='lat' dir='ltr'><strong>si</strong></span> <span class='ocrx_word' id='word_1_91' title='bbox 666 1450 827 1507; x_wconf 96' lang='lat' dir='ltr'><strong>talem</strong></span> <span class='ocrx_word' id='word_1_92' title='bbox 853 1450 1153 1507; x_wconf 88' lang='lat' dir='ltr'><strong>orationem</strong></span> <span class='ocrx_word' id='word_1_93' title='bbox 1203 1448 1402 1506; x_wconf 74' lang='lat' dir='ltr'><strong>ollerre</strong></span> <span class='ocrx_word' id='word_1_94' title='bbox 1429 1448 1701 1505; x_wconf 82' lang='lat' dir='ltr'><strong>didicerit.</strong></span> <span class='ocrx_word' id='word_1_95' title='bbox 1752 1449 1821 1505; x_wconf 87' lang='lat' dir='ltr'><strong>Et</strong></span> 
     </span>
    </p>
   </div>
   <div class='ocr_carea' id='block_1_13' title="bbox 204 1540 1820 1616">
    <p class='ocr_par' dir='ltr' id='par_1_13' title="bbox 204 1540 1820 1616">
     <span class='ocr_line' id='line_1_13' title="bbox 204 1540 1820 1616; baseline -0.004 -13"><span class='ocrx_word' id='word_1_96' title='bbox 204 1544 329 1603; x_wconf 83' lang='lat' dir='ltr'><strong>ideo</strong></span> <span class='ocrx_word' id='word_1_97' title='bbox 380 1561 455 1603; x_wconf 86' lang='lat' dir='ltr'><strong>ne</strong></span> <span class='ocrx_word' id='word_1_98' title='bbox 498 1545 591 1602; x_wconf 80' lang='lat' dir='ltr'><strong>hic</strong></span> <span class='ocrx_word' id='word_1_99' title='bbox 622 1544 840 1616; x_wconf 83' lang='lat' dir='ltr'><strong>quidem</strong></span> <span class='ocrx_word' id='word_1_100' title='bbox 882 1546 1122 1616; x_wconf 85' lang='lat' dir='ltr'><strong>seipsum</strong></span> <span class='ocrx_word' id='word_1_101' title='bbox 1172 1543 1420 1601; x_wconf 74' lang='lat' dir='ltr'><strong>absolute</strong></span> <span class='ocrx_word' id='word_1_102' title='bbox 1462 1544 1682 1615; x_wconf 84' lang='lat' dir='ltr'><strong>posuit,</strong></span> <span class='ocrx_word' id='word_1_103' title='bbox 1722 1540 1820 1598; x_wconf 89' lang='lat' dir='ltr'><strong>sed</strong></span> 
     </span>
    </p>
   </div>
   <div class='ocr_carea' id='block_1_14' title="bbox 203 1633 1824 1709">
    <p class='ocr_par' dir='ltr' id='par_1_14' title="bbox 203 1633 1824 1709">
     <span class='ocr_line' id='line_1_14' title="bbox 203 1633 1824 1709; baseline -0.002 -15"><span class='ocrx_word' id='word_1_104' title='bbox 203 1636 513 1694; x_wconf 73' lang='lat' dir='ltr'><strong>cntionem</strong></span> <span class='ocrx_word' id='word_1_105' title='bbox 561 1651 714 1693; x_wconf 88' lang='lat' dir='ltr'><strong>suam</strong></span> <span class='ocrx_word' id='word_1_106' title='bbox 776 1654 792 1693; x_wconf 92' lang='lat'><strong>:</strong></span> <span class='ocrx_word' id='word_1_107' title='bbox 841 1638 1092 1709; x_wconf 75' lang='lat' dir='ltr'><strong>superius</strong></span> <span class='ocrx_word' id='word_1_108' title='bbox 1135 1636 1423 1708; x_wconf 87' lang='lat' dir='ltr'><strong>justitiam,</strong></span> <span class='ocrx_word' id='word_1_109' title='bbox 1479 1635 1569 1692; x_wconf 88' lang='lat' dir='ltr'><strong>hic</strong></span> <span class='ocrx_word' id='word_1_110' title='bbox 1614 1633 1824 1692; x_wconf 60' lang='lat' dir='ltr'><strong>oratio.</strong></span> 
     </span>
    </p>
   </div>
   <div class='ocr_carea' id='block_1_15' title="bbox 206 1726 1823 1797">
    <p class='ocr_par' dir='ltr' id='par_1_15' title="bbox 206 1726 1823 1797">
     <span class='ocr_line' id='line_1_15' title="bbox 206 1726 1823 1797; baseline -0.002 -14"><span class='ocrx_word' id='word_1_111' title='bbox 206 1743 333 1783; x_wconf 78' lang='lat' dir='ltr'><strong>nem</strong></span> <span class='ocrx_word' id='word_1_112' title='bbox 401 1728 593 1784; x_wconf 84' lang='lat' dir='ltr'><strong>dicens</strong></span> <span class='ocrx_word' id='word_1_113' title='bbox 639 1745 655 1783; x_wconf 87' lang='lat'><strong>:</strong></span> <span class='ocrx_word' id='word_1_114' title='bbox 708 1727 953 1785; x_wconf 74' lang='lat' dir='ltr'><strong>liserere</strong></span> <span class='ocrx_word' id='word_1_115' title='bbox 996 1729 1115 1797; x_wconf 79' lang='lat' dir='ltr'><strong>mei,</strong></span> <span class='ocrx_word' id='word_1_116' title='bbox 1170 1737 1219 1782; x_wconf 82' lang='lat' dir='ltr'><strong>et</strong></span> <span class='ocrx_word' id='word_1_117' title='bbox 1277 1728 1471 1784; x_wconf 65' lang='lat' dir='ltr'><strong>exaudi</strong></span> <span class='ocrx_word' id='word_1_118' title='bbox 1537 1726 1823 1782; x_wconf 78' lang='lat' dir='ltr'><strong>orationem</strong></span> 
     </span>
    </p>
   </div>
   <div class='ocr_carea' id='block_1_16' title="bbox 206 1818 1821 1889">
    <p class='ocr_par' dir='ltr' id='par_1_16' title="bbox 206 1818 1821 1889">
     <span class='ocr_line' id='line_1_16' title="bbox 206 1818 1821 1889; baseline -0.001 -16"><span class='ocrx_word' id='word_1_119' title='bbox 206 1836 396 1874; x_wconf 70' lang='grc' dir='ltr'>ιιιαιιι.</span> <span class='ocrx_word' id='word_1_120' title='bbox 448 1821 524 1873; x_wconf 83' lang='lat' dir='ltr'><strong>ita</strong></span> <span class='ocrx_word' id='word_1_121' title='bbox 571 1820 734 1875; x_wconf 86' lang='lat' dir='ltr'><strong>etiam</strong></span> <span class='ocrx_word' id='word_1_122' title='bbox 772 1819 1052 1876; x_wconf 77' lang='lat' dir='ltr'><strong>exauditus</strong></span> <span class='ocrx_word' id='word_1_123' title='bbox 1097 1828 1183 1875; x_wconf 86' lang='lat' dir='ltr'><strong>est</strong></span> <span class='ocrx_word' id='word_1_124' title='bbox 1227 1818 1534 1885; x_wconf 81' lang='lat' dir='ltr'><strong>Cornelius,</strong></span> <span class='ocrx_word' id='word_1_125' title='bbox 1564 1818 1821 1889; x_wconf 85' lang='lat' dir='ltr'><strong>quoniam</strong></span> 
     </span>
    </p>
   </div>
   <div class='ocr_carea' id='block_1_17' title="bbox 202 1910 1818 1983">
    <p class='ocr_par' dir='ltr' id='par_1_17' title="bbox 202 1910 1818 1983">
     <span class='ocr_line' id='line_1_17' title="bbox 202 1910 1818 1983; baseline -0.001 -16"><span class='ocrx_word' id='word_1_126' title='bbox 202 1912 323 1982; x_wconf 79' lang='lat' dir='ltr'><strong>ejus</strong></span> <span class='ocrx_word' id='word_1_127' title='bbox 374 1912 677 1983; x_wconf 73' lang='lat' dir='ltr'><strong>putt-ocinio</strong></span> <span class='ocrx_word' id='word_1_128' title='bbox 725 1928 856 1968; x_wconf 90' lang='lat' dir='ltr'><strong>usus</strong></span> <span class='ocrx_word' id='word_1_129' title='bbox 896 1921 999 1969; x_wconf 85' lang='lat' dir='ltr'><strong>est.</strong></span> <span class='ocrx_word' id='word_1_130' title='bbox 1059 1910 1334 1968; x_wconf 78' lang='lat' dir='ltr'><strong>Orationes</strong></span> <span class='ocrx_word' id='word_1_131' title='bbox 1382 1922 1524 1977; x_wconf 72' lang='lat' dir='ltr'><strong>tua,</strong></span> <span class='ocrx_word' id='word_1_132' title='bbox 1574 1920 1625 1965; x_wconf 87' lang='lat' dir='ltr'><strong>et</strong></span> <span class='ocrx_word' id='word_1_133' title='bbox 1682 1910 1818 1965; x_wconf 67' lang='lat' dir='ltr'><strong>else-</strong></span> 
     </span>
    </p>
   </div>
   <div class='ocr_carea' id='block_1_18' title="bbox 206 2003 1820 2079">
    <p class='ocr_par' dir='ltr' id='par_1_18' title="bbox 206 2003 1820 2079">
     <span class='ocr_line' id='line_1_18' title="bbox 206 2003 1820 2079; baseline 0.001 -19"><span class='ocrx_word' id='word_1_134' title='bbox 206 2015 584 2079; x_wconf 66' lang='lat' dir='ltr'><strong>stagnante,</strong></span> <span class='ocrx_word' id='word_1_135' title='bbox 636 2006 831 2077; x_wconf 81' lang='lat' dir='ltr'><strong>inquit,</strong></span> <span class='ocrx_word' id='word_1_136' title='bbox 867 2006 1204 2062; x_wconf 76' lang='lat' dir='ltr'><strong>ascenderunt</strong></span> <span class='ocrx_word' id='word_1_137' title='bbox 1227 2022 1400 2060; x_wconf 85' lang='lat' dir='ltr'><strong>coram</strong></span> <span class='ocrx_word' id='word_1_138' title='bbox 1426 2003 1540 2061; x_wconf 81' lang='lat' dir='ltr'><strong>Deo</strong></span> <span class='ocrx_word' id='word_1_139' title='bbox 1565 2005 1702 2077; x_wconf 80' lang='lat' dir='ltr'><strong>(Aet.</strong></span> <span class='ocrx_word' id='word_1_140' title='bbox 1728 2003 1820 2061; x_wconf 83' lang='grc'><strong>10.</strong></span> 
     </span>
    </p>
   </div>
   <div class='ocr_carea' id='block_1_19' title="bbox 205 2098 1825 2175">
    <p class='ocr_par' dir='ltr' id='par_1_19' title="bbox 205 2098 1825 2175">
     <span class='ocr_line' id='line_1_19' title="bbox 205 2098 1825 2175; baseline -0.002 -18"><span class='ocrx_word' id='word_1_141' title='bbox 205 2102 305 2175; x_wconf 73' lang='grc' dir='ltr'><strong>ι).</strong></span> <span class='ocrx_word' id='word_1_142' title='bbox 330 2101 397 2157; x_wconf 80' lang='lat' dir='ltr'><strong>Et</strong></span> <span class='ocrx_word' id='word_1_143' title='bbox 425 2101 620 2156; x_wconf 89' lang='lat' dir='ltr'><strong>merito</strong></span> <span class='ocrx_word' id='word_1_144' title='bbox 649 2117 663 2154; x_wconf 90' lang='lat'><strong>:</strong></span> <span class='ocrx_word' id='word_1_145' title='bbox 692 2116 861 2171; x_wconf 88' lang='lat' dir='ltr'><strong>opera</strong></span> <span class='ocrx_word' id='word_1_146' title='bbox 886 2101 1031 2158; x_wconf 87' lang='lat' dir='ltr'><strong>enim</strong></span> <span class='ocrx_word' id='word_1_147' title='bbox 1060 2112 1184 2157; x_wconf 89' lang='lat' dir='ltr'><strong>sunt</strong></span> <span class='ocrx_word' id='word_1_148' title='bbox 1205 2114 1327 2171; x_wconf 62' lang='lat' dir='ltr'><strong>quae</strong></span> <span class='ocrx_word' id='word_1_149' title='bbox 1348 2098 1729 2165; x_wconf 83' lang='lat' dir='ltr'><strong>exaudiuntur,</strong></span> <span class='ocrx_word' id='word_1_150' title='bbox 1768 2104 1825 2153; x_wconf 88' lang='lat' dir='ltr'><strong>et</strong></span> 
     </span>
    </p>
   </div>
   <div class='ocr_carea' id='block_1_20' title="bbox 207 2190 1828 2263">
    <p class='ocr_par' dir='ltr' id='par_1_20' title="bbox 207 2190 1828 2263">
     <span class='ocr_line' id='line_1_20' title="bbox 207 2190 1828 2263; baseline -0.002 -14"><span class='ocrx_word' id='word_1_151' title='bbox 207 2204 360 2249; x_wconf 81' lang='lat' dir='ltr'><strong>recte</strong></span> <span class='ocrx_word' id='word_1_152' title='bbox 380 2193 560 2260; x_wconf 63' lang='lat' dir='ltr'><strong>lucta;</strong></span> <span class='ocrx_word' id='word_1_153' title='bbox 594 2207 702 2248; x_wconf 89' lang='lat' dir='ltr'><strong>non</strong></span> <span class='ocrx_word' id='word_1_154' title='bbox 744 2192 993 2263; x_wconf 85' lang='lat' dir='ltr'><strong>absolute</strong></span> <span class='ocrx_word' id='word_1_155' title='bbox 1032 2199 1209 2249; x_wconf 86' lang='lat' dir='ltr'><strong>autem</strong></span> <span class='ocrx_word' id='word_1_156' title='bbox 1241 2192 1537 2261; x_wconf 89' lang='lat' dir='ltr'><strong>orationes,</strong></span> <span class='ocrx_word' id='word_1_157' title='bbox 1565 2190 1661 2248; x_wconf 88' lang='lat' dir='ltr'><strong>sed</strong></span> <span class='ocrx_word' id='word_1_158' title='bbox 1698 2204 1828 2247; x_wconf 24' lang='lat' dir='ltr'><strong>ora~.</strong></span> 
     </span>
    </p>
   </div>
   <div class='ocr_carea' id='block_1_21' title="bbox 209 2285 1826 2358">
    <p class='ocr_par' dir='ltr' id='par_1_21' title="bbox 209 2285 1826 2358">
     <span class='ocr_line' id='line_1_21' title="bbox 209 2285 1826 2358; baseline 0 -16"><span class='ocrx_word' id='word_1_159' title='bbox 209 2285 385 2342; x_wconf 85' lang='lat' dir='ltr'><strong>tiones</strong></span> <span class='ocrx_word' id='word_1_160' title='bbox 412 2301 536 2357; x_wconf 78' lang='lat' dir='ltr'><strong>qua:</strong></span> <span class='ocrx_word' id='word_1_161' title='bbox 561 2286 695 2340; x_wconf 76' lang='lat' dir='ltr'><strong>ilInt</strong></span> <span class='ocrx_word' id='word_1_162' title='bbox 717 2301 787 2343; x_wconf 84' lang='lat' dir='ltr'><strong>ex</strong></span> <span class='ocrx_word' id='word_1_163' title='bbox 813 2285 933 2358; x_wconf 89' lang='lat' dir='ltr'><strong>lege</strong></span> <span class='ocrx_word' id='word_1_164' title='bbox 981 2285 1097 2342; x_wconf 85' lang='lat' dir='ltr'><strong>Dei.</strong></span> <span class='ocrx_word' id='word_1_165' title='bbox 1132 2285 1200 2341; x_wconf 85' lang='lat' dir='ltr'><strong>Et</strong></span> <span class='ocrx_word' id='word_1_166' title='bbox 1243 2300 1493 2357; x_wconf 73' lang='lat' dir='ltr'><strong>quamam</strong></span> <span class='ocrx_word' id='word_1_167' title='bbox 1542 2295 1672 2341; x_wconf 89' lang='lat' dir='ltr'><strong>sunt</strong></span> <span class='ocrx_word' id='word_1_168' title='bbox 1695 2300 1775 2342; x_wconf 71' lang='lat' dir='ltr'><strong>ea:</strong></span> <span class='ocrx_word' id='word_1_169' title='bbox 1799 2285 1826 2341; x_wconf 70' lang='grc' dir='ltr'><strong><em>Ἰ</em></strong></span> 
     </span>
    </p>
   </div>
   <div class='ocr_carea' id='block_1_22' title="bbox 206 2374 1825 2449">
    <p class='ocr_par' dir='ltr' id='par_1_22' title="bbox 206 2374 1825 2449">
     <span class='ocr_line' id='line_1_22' title="bbox 206 2374 1825 2449; baseline -0.001 -16"><span class='ocrx_word' id='word_1_170' title='bbox 206 2374 341 2446; x_wconf 69' lang='grc' dir='ltr'><strong>θη</strong></span> <span class='ocrx_word' id='word_1_171' title='bbox 364 2391 432 2433; x_wconf 77' lang='lat' dir='ltr'><strong>es</strong></span> <span class='ocrx_word' id='word_1_172' title='bbox 465 2384 653 2447; x_wconf 82' lang='lat' dir='ltr'><strong>petunt</strong></span> <span class='ocrx_word' id='word_1_173' title='bbox 669 2391 791 2449; x_wconf 69' lang='lat' dir='ltr'><strong>quae</strong></span> <span class='ocrx_word' id='word_1_174' title='bbox 811 2376 978 2433; x_wconf 88' lang='lat' dir='ltr'><strong>Deum</strong></span> <span class='ocrx_word' id='word_1_175' title='bbox 1002 2376 1133 2433; x_wconf 88' lang='lat' dir='ltr'><strong>dare</strong></span> <span class='ocrx_word' id='word_1_176' title='bbox 1156 2377 1432 2443; x_wconf 77' lang='lat' dir='ltr'><strong>convenit,</strong></span> <span class='ocrx_word' id='word_1_177' title='bbox 1462 2392 1585 2448; x_wconf 75' lang='lat' dir='ltr'><strong>qua:</strong></span> <span class='ocrx_word' id='word_1_178' title='bbox 1610 2375 1680 2432; x_wconf 86' lang='lat' dir='ltr'><strong>ab</strong></span> <span class='ocrx_word' id='word_1_179' title='bbox 1705 2376 1825 2448; x_wconf 86' lang='lat' dir='ltr'><strong>ipso</strong></span> 
     </span>
    </p>
   </div>
   <div class='ocr_carea' id='block_1_23' title="bbox 209 2466 1823 2541">
    <p class='ocr_par' dir='ltr' id='par_1_23' title="bbox 209 2466 1823 2541">
     <span class='ocr_line' id='line_1_23' title="bbox 209 2466 1823 2541; baseline -0.001 -17"><span class='ocrx_word' id='word_1_180' title='bbox 209 2481 319 2524; x_wconf 73' lang='lat' dir='ltr'><strong>non</strong></span> <span class='ocrx_word' id='word_1_181' title='bbox 364 2467 647 2537; x_wconf 78' lang='lat' dir='ltr'><strong>postulant</strong></span> <span class='ocrx_word' id='word_1_182' title='bbox 691 2483 813 2539; x_wconf 73' lang='lat' dir='ltr'><strong>qute</strong></span> <span class='ocrx_word' id='word_1_183' title='bbox 858 2478 985 2524; x_wconf 87' lang='lat' dir='ltr'><strong>sunt</strong></span> <span class='ocrx_word' id='word_1_184' title='bbox 1032 2466 1151 2539; x_wconf 74' lang='lat' dir='ltr'><strong>eius</strong></span> <span class='ocrx_word' id='word_1_185' title='bbox 1194 2468 1406 2541; x_wconf 80' lang='lat' dir='ltr'><strong>legibus</strong></span> <span class='ocrx_word' id='word_1_186' title='bbox 1446 2468 1823 2541; x_wconf 86' lang='lat' dir='ltr'><strong>repugnantia.</strong></span> 
     </span>
    </p>
   </div>
   <div class='ocr_carea' id='block_1_24' title="bbox 208 2558 1823 2631">
    <p class='ocr_par' dir='ltr' id='par_1_24' title="bbox 208 2558 1823 2631">
     <span class='ocr_line' id='line_1_24' title="bbox 208 2558 1823 2631; baseline 0.002 -16"><span class='ocrx_word' id='word_1_187' title='bbox 208 2558 416 2631; x_wconf 64' lang='lat' dir='ltr'><strong>Ecquis</strong></span> <span class='ocrx_word' id='word_1_188' title='bbox 437 2568 543 2626; x_wconf 82' lang='lat' dir='ltr'><strong>est,</strong></span> <span class='ocrx_word' id='word_1_189' title='bbox 568 2558 759 2631; x_wconf 80' lang='lat' dir='ltr'><strong>inquit,</strong></span> <span class='ocrx_word' id='word_1_190' title='bbox 794 2560 932 2617; x_wconf 90' lang='lat' dir='ltr'><strong>adeo</strong></span> <span class='ocrx_word' id='word_1_191' title='bbox 963 2560 1163 2630; x_wconf 90' lang='lat' dir='ltr'><strong>audax,</strong></span> <span class='ocrx_word' id='word_1_192' title='bbox 1191 2571 1248 2617; x_wconf 88' lang='lat' dir='ltr'><strong>ut</strong></span> <span class='ocrx_word' id='word_1_193' title='bbox 1276 2577 1339 2619; x_wconf 91' lang='lat' dir='ltr'><strong>ea</strong></span> <span class='ocrx_word' id='word_1_194' title='bbox 1380 2563 1512 2631; x_wconf 82' lang='lat' dir='ltr'><strong>velit</strong></span> <span class='ocrx_word' id='word_1_195' title='bbox 1538 2563 1709 2619; x_wconf 89' lang='lat' dir='ltr'><strong>Deum</strong></span> <span class='ocrx_word' id='word_1_196' title='bbox 1741 2562 1823 2618; x_wconf 87' lang='lat' dir='ltr'><strong>l‘a-</strong></span> 
     </span>
    </p>
   </div>
   <div class='ocr_carea' id='block_1_25' title="bbox 207 2655 1827 2728">
    <p class='ocr_par' dir='ltr' id='par_1_25' title="bbox 207 2655 1827 2728">
     <span class='ocr_line' id='line_1_25' title="bbox 207 2655 1827 2728; baseline 0.002 -19"><span class='ocrx_word' id='word_1_197' title='bbox 207 2655 404 2721; x_wconf 52' lang='lat' dir='ltr'><strong>cere},</strong></span> <span class='ocrx_word' id='word_1_198' title='bbox 451 2668 576 2724; x_wconf 72' lang='lat' dir='ltr'><strong>qua:</strong></span> <span class='ocrx_word' id='word_1_199' title='bbox 629 2664 940 2726; x_wconf 75' lang='lat' dir='ltr'><strong>repugnant</strong></span> <span class='ocrx_word' id='word_1_200' title='bbox 974 2655 1093 2727; x_wconf 85' lang='lat' dir='ltr'><strong>ejus</strong></span> <span class='ocrx_word' id='word_1_201' title='bbox 1124 2656 1376 2728; x_wconf 79' lang='lat' dir='ltr'><strong>legibus?</strong></span> <span class='ocrx_word' id='word_1_202' title='bbox 1417 2655 1518 2725; x_wconf 88' lang='lat' dir='ltr'><strong>Qui</strong></span> <span class='ocrx_word' id='word_1_203' title='bbox 1566 2657 1827 2715; x_wconf 87' lang='lat' dir='ltr'><strong>adversus</strong></span> 
     </span>
    </p>
   </div>
   <div class='ocr_carea' id='block_1_26' title="bbox 211 2742 1827 2823">
    <p class='ocr_par' dir='ltr' id='par_1_26' title="bbox 211 2742 1827 2823">
     <span class='ocr_line' id='line_1_26' title="bbox 211 2742 1827 2823; baseline 0.006 -24"><span class='ocrx_word' id='word_1_204' title='bbox 211 2742 465 2801; x_wconf 83' lang='lat' dir='ltr'><strong>inimicos</strong></span> <span class='ocrx_word' id='word_1_205' title='bbox 488 2761 614 2803; x_wconf 87' lang='lat' dir='ltr'><strong>eum</strong></span> <span class='ocrx_word' id='word_1_206' title='bbox 643 2756 797 2819; x_wconf 75' lang='lat' dir='ltr'><strong>rogat</strong></span> <span class='ocrx_word' id='word_1_207' title='bbox 828 2765 842 2805; x_wconf 90' lang='lat'><strong>:</strong></span> <span class='ocrx_word' id='word_1_208' title='bbox 875 2747 983 2805; x_wconf 87' lang='lat' dir='ltr'><strong>hoc</strong></span> <span class='ocrx_word' id='word_1_209' title='bbox 1011 2749 1154 2805; x_wconf 89' lang='lat' dir='ltr'><strong>enim</strong></span> <span class='ocrx_word' id='word_1_210' title='bbox 1179 2759 1265 2807; x_wconf 91' lang='lat' dir='ltr'><strong>est</strong></span> <span class='ocrx_word' id='word_1_211' title='bbox 1291 2761 1489 2819; x_wconf 66' lang='lat' dir='ltr'><strong>praeter</strong></span> <span class='ocrx_word' id='word_1_212' title='bbox 1512 2752 1683 2823; x_wconf 72' lang='lat' dir='ltr'><strong>legem</strong></span> <span class='ocrx_word' id='word_1_213' title='bbox 1704 2766 1827 2822; x_wconf 62' lang='lat' dir='ltr'><strong>quae</strong></span> 
     </span>
    </p>
   </div>
   <div class='ocr_carea' id='block_1_27' title="bbox 213 2841 1829 2915">
    <p class='ocr_par' dir='ltr' id='par_1_27' title="bbox 213 2841 1829 2915">
     <span class='ocr_line' id='line_1_27' title="bbox 213 2841 1829 2915; baseline 0.002 -16"><span class='ocrx_word' id='word_1_214' title='bbox 213 2841 375 2899; x_wconf 79' lang='lat' dir='ltr'><strong>abeo</strong></span> <span class='ocrx_word' id='word_1_215' title='bbox 417 2841 524 2898; x_wconf 84' lang='lat' dir='ltr'><strong>lata</strong></span> <span class='ocrx_word' id='word_1_216' title='bbox 553 2852 654 2900; x_wconf 85' lang='lat' dir='ltr'><strong>est.</strong></span> <span class='ocrx_word' id='word_1_217' title='bbox 688 2843 805 2915; x_wconf 85' lang='lat' dir='ltr'><strong>Ipse</strong></span> <span class='ocrx_word' id='word_1_218' title='bbox 850 2845 995 2901; x_wconf 89' lang='lat' dir='ltr'><strong>enim</strong></span> <span class='ocrx_word' id='word_1_219' title='bbox 1016 2846 1156 2902; x_wconf 91' lang='lat' dir='ltr'><strong>dixit</strong></span> <span class='ocrx_word' id='word_1_220' title='bbox 1186 2864 1211 2903; x_wconf 49' lang='grc' dir='ltr'><strong>τ’</strong></span> <span class='ocrx_word' id='word_1_221' title='bbox 1241 2844 1494 2903; x_wconf 83' lang='lat' dir='ltr'><strong>Dimittite</strong></span> <span class='ocrx_word' id='word_1_222' title='bbox 1518 2847 1829 2903; x_wconf 72' lang='lat' dir='ltr'><strong>debitoribus</strong></span> 
     </span>
    </p>
   </div>
   <div class='ocr_carea' id='block_1_28' title="bbox 214 2934 1832 3012">
    <p class='ocr_par' dir='ltr' id='par_1_28' title="bbox 214 2934 1832 3012">
     <span class='ocr_line' id='line_1_28' title="bbox 214 2934 1832 3012; baseline 0.005 -22"><span class='ocrx_word' id='word_1_223' title='bbox 214 2936 395 2991; x_wconf 76' lang='lat' dir='ltr'><strong>Iesu-is</strong></span> <span class='ocrx_word' id='word_1_224' title='bbox 419 2934 636 3008; x_wconf 62' lang='lat' dir='ltr'><strong>(Matth.</strong></span> <span class='ocrx_word' id='word_1_225' title='bbox 670 2936 739 2994; x_wconf 71' lang='lat'><strong>&#39;6.</strong></span> <span class='ocrx_word' id='word_1_226' title='bbox 779 2938 868 3011; x_wconf 72' lang='grc'><strong>12)</strong></span> <span class='ocrx_word' id='word_1_227' title='bbox 920 2938 998 2995; x_wconf 91' lang='grc' dir='ltr'>Τιι</span> <span class='ocrx_word' id='word_1_228' title='bbox 1044 2948 1223 2997; x_wconf 82' lang='lat' dir='ltr'><strong>autem</strong></span> <span class='ocrx_word' id='word_1_229' title='bbox 1252 2956 1375 2996; x_wconf 89' lang='lat' dir='ltr'><strong>eum</strong></span> <span class='ocrx_word' id='word_1_230' title='bbox 1413 2942 1617 3011; x_wconf 82' lang='lat' dir='ltr'><strong>ipsum,</strong></span> <span class='ocrx_word' id='word_1_231' title='bbox 1638 2942 1728 3012; x_wconf 87' lang='lat' dir='ltr'><strong>qui</strong></span> <span class='ocrx_word' id='word_1_232' title='bbox 1773 2951 1832 2999; x_wconf 85' lang='lat' dir='ltr'><strong>te</strong></span> 
     </span>
    </p>
   </div>
   <div class='ocr_carea' id='block_1_29' title="bbox 213 3028 1828 3107">
    <p class='ocr_par' dir='ltr' id='par_1_29' title="bbox 213 3028 1828 3107">
     <span class='ocr_line' id='line_1_29' title="bbox 213 3028 1828 3107; baseline 0.002 -21"><span class='ocrx_word' id='word_1_233' title='bbox 213 3028 368 3101; x_wconf 71' lang='lat' dir='ltr'><strong>labet</strong></span> <span class='ocrx_word' id='word_1_234' title='bbox 388 3029 726 3098; x_wconf 76' lang='lat' dir='ltr'><strong>condonare,</strong></span> <span class='ocrx_word' id='word_1_235' title='bbox 770 3032 1034 3089; x_wconf 86' lang='lat' dir='ltr'><strong>adversus</strong></span> <span class='ocrx_word' id='word_1_236' title='bbox 1059 3032 1308 3090; x_wconf 88' lang='lat' dir='ltr'><strong>inimicos</strong></span> <span class='ocrx_word' id='word_1_237' title='bbox 1337 3034 1598 3090; x_wconf 77' lang='lat' dir='ltr'><strong>invocas?</strong></span> <span class='ocrx_word' id='word_1_238' title='bbox 1623 3033 1828 3107; x_wconf 82' lang='lat' dir='ltr'><strong>Ecquid</strong></span> 
     </span>
    </p>
   </div>
   <div class='ocr_carea' id='block_1_30' title="bbox 220 3123 1835 3201">
    <p class='ocr_par' dir='ltr' id='par_1_30' title="bbox 220 3123 1835 3201">
     <span class='ocr_line' id='line_1_30' title="bbox 220 3123 1835 3201; baseline 0.004 -24"><span class='ocrx_word' id='word_1_239' title='bbox 220 3124 323 3179; x_wconf 87' lang='lat' dir='ltr'><strong>hac</strong></span> <span class='ocrx_word' id='word_1_240' title='bbox 360 3124 596 3179; x_wconf 78' lang='lat' dir='ltr'><strong>amentia</strong></span> <span class='ocrx_word' id='word_1_241' title='bbox 647 3123 806 3181; x_wconf 78' lang='lat' dir='ltr'><strong>fuerit</strong></span> <span class='ocrx_word' id='word_1_242' title='bbox 835 3126 1117 3185; x_wconf 85' lang='lat' dir='ltr'><strong>deterius?</strong></span> <span class='ocrx_word' id='word_1_243' title='bbox 1162 3126 1387 3201; x_wconf 82' lang='lat' dir='ltr'><strong>Oportet</strong></span> <span class='ocrx_word' id='word_1_244' title='bbox 1438 3144 1562 3184; x_wconf 89' lang='lat' dir='ltr'><strong>eum</strong></span> <span class='ocrx_word' id='word_1_245' title='bbox 1590 3127 1685 3199; x_wconf 87' lang='lat' dir='ltr'><strong>qui</strong></span> <span class='ocrx_word' id='word_1_246' title='bbox 1710 3137 1835 3184; x_wconf 83' lang='lat' dir='ltr'><strong>orat</strong></span> 
     </span>
    </p>
   </div>
   <div class='ocr_carea' id='block_1_31' title="bbox 220 3215 1831 3291">
    <p class='ocr_par' dir='ltr' id='par_1_31' title="bbox 220 3215 1831 3291">
     <span class='ocr_line' id='line_1_31' title="bbox 220 3215 1831 3291; baseline 0.003 -20"><span class='ocrx_word' id='word_1_247' title='bbox 220 3215 428 3273; x_wconf 76' lang='lat' dir='ltr'><strong>habere</strong></span> <span class='ocrx_word' id='word_1_248' title='bbox 449 3215 711 3284; x_wconf 81' lang='lat' dir='ltr'><strong>habitum,</strong></span> <span class='ocrx_word' id='word_1_249' title='bbox 755 3228 990 3276; x_wconf 85' lang='lat' dir='ltr'><strong>mentem</strong></span> <span class='ocrx_word' id='word_1_250' title='bbox 1032 3229 1088 3277; x_wconf 91' lang='lat' dir='ltr'><strong>et</strong></span> <span class='ocrx_word' id='word_1_251' title='bbox 1128 3233 1347 3277; x_wconf 80' lang='lat' dir='ltr'><strong>sensum</strong></span> <span class='ocrx_word' id='word_1_252' title='bbox 1395 3221 1656 3291; x_wconf 79' lang='lat' dir='ltr'><strong>supplicis</strong></span> <span class='ocrx_word' id='word_1_253' title='bbox 1686 3238 1698 3275; x_wconf 91' lang='lat'>:</span> <span class='ocrx_word' id='word_1_254' title='bbox 1733 3235 1831 3278; x_wconf 85' lang='lat' dir='ltr'><strong>our</strong></span> 
     </span>
    </p>
   </div>
   <div class='ocr_carea' id='block_1_32' title="bbox 220 3308 1831 3386">
    <p class='ocr_par' dir='ltr' id='par_1_32' title="bbox 220 3308 1831 3386">
     <span class='ocr_line' id='line_1_32' title="bbox 220 3308 1831 3386; baseline 0.001 -17"><span class='ocrx_word' id='word_1_255' title='bbox 220 3308 382 3369; x_wconf 71' lang='lat' dir='ltr'><strong>aliam</strong></span> <span class='ocrx_word' id='word_1_256' title='bbox 423 3324 555 3382; x_wconf 75' lang='lat' dir='ltr'><strong>ergo</strong></span> <span class='ocrx_word' id='word_1_257' title='bbox 602 3324 887 3380; x_wconf 77' lang='lat' dir='ltr'><strong>personam</strong></span> <span class='ocrx_word' id='word_1_258' title='bbox 934 3313 1129 3379; x_wconf 85' lang='lat' dir='ltr'><strong>induis,</strong></span> <span class='ocrx_word' id='word_1_259' title='bbox 1189 3330 1385 3386; x_wconf 84' lang='lat' dir='ltr'><strong>nempe</strong></span> <span class='ocrx_word' id='word_1_260' title='bbox 1434 3315 1831 3373; x_wconf 80' lang='lat' dir='ltr'><strong>accusationis?</strong></span> 
     </span>
    </p>
   </div>
   <div class='ocr_carea' id='block_1_33' title="bbox 222 3402 1830 3479">
    <p class='ocr_par' dir='ltr' id='par_1_33' title="bbox 222 3402 1830 3479">
     <span class='ocr_line' id='line_1_33' title="bbox 222 3402 1830 3479; baseline 0.004 -20"><span class='ocrx_word' id='word_1_261' title='bbox 222 3403 506 3471; x_wconf 77' lang='lat' dir='ltr'><strong>Quomodo</strong></span> <span class='ocrx_word' id='word_1_262' title='bbox 545 3402 689 3458; x_wconf 83' lang='lat' dir='ltr'><strong>enim</strong></span> <span class='ocrx_word' id='word_1_263' title='bbox 736 3407 940 3477; x_wconf 85' lang='lat' dir='ltr'><strong>poteris</strong></span> <span class='ocrx_word' id='word_1_264' title='bbox 980 3409 1192 3465; x_wconf 84' lang='lat' dir='ltr'><strong>veniam</strong></span> <span class='ocrx_word' id='word_1_265' title='bbox 1223 3416 1439 3464; x_wconf 91' lang='lat' dir='ltr'><strong>tuorum</strong></span> <span class='ocrx_word' id='word_1_266' title='bbox 1486 3419 1830 3479; x_wconf 80' lang='lat' dir='ltr'><strong>peccatorum</strong></span> 
     </span>
    </p>
   </div>
   <div class='ocr_carea' id='block_1_34' title="bbox 222 3502 1832 3575">
    <p class='ocr_par' dir='ltr' id='par_1_34' title="bbox 222 3502 1832 3575">
     <span class='ocr_line' id='line_1_34' title="bbox 222 3502 1832 3575; baseline 0.004 -23"><span class='ocrx_word' id='word_1_267' title='bbox 222 3502 459 3570; x_wconf 81' lang='lat' dir='ltr'><strong>assequi,</strong></span> <span class='ocrx_word' id='word_1_268' title='bbox 507 3503 723 3574; x_wconf 84' lang='lat' dir='ltr'><strong>quando</strong></span> <span class='ocrx_word' id='word_1_269' title='bbox 751 3518 911 3575; x_wconf 86' lang='lat' dir='ltr'><strong>rogas</strong></span> <span class='ocrx_word' id='word_1_270' title='bbox 939 3511 993 3558; x_wconf 90' lang='lat' dir='ltr'><strong>ut</strong></span> <span class='ocrx_word' id='word_1_271' title='bbox 1042 3502 1185 3559; x_wconf 88' lang='lat' dir='ltr'><strong>Deus</strong></span> <span class='ocrx_word' id='word_1_272' title='bbox 1217 3502 1404 3572; x_wconf 85' lang='lat' dir='ltr'><strong>puniat</strong></span> <span class='ocrx_word' id='word_1_273' title='bbox 1445 3511 1664 3573; x_wconf 84' lang='lat' dir='ltr'><strong>peccata</strong></span> <span class='ocrx_word' id='word_1_274' title='bbox 1690 3502 1832 3559; x_wconf 84' lang='lat' dir='ltr'><strong>alio-</strong></span> 
     </span>
    </p>
   </div>
   <div class='ocr_carea' id='block_1_35' title="bbox 222 3593 1832 3666">
    <p class='ocr_par' dir='ltr' id='par_1_35' title="bbox 222 3593 1832 3666">
     <span class='ocr_line' id='line_1_35' title="bbox 222 3593 1832 3666; baseline 0.003 -19"><span class='ocrx_word' id='word_1_275' title='bbox 222 3606 343 3649; x_wconf 75' lang='lat' dir='ltr'><strong>rum</strong></span> <span class='ocrx_word' id='word_1_276' title='bbox 358 3593 386 3648; x_wconf 67' lang='grc' dir='ltr'><em>ἲ</em></span> <span class='ocrx_word' id='word_1_277' title='bbox 409 3594 492 3650; x_wconf 88' lang='lat' dir='ltr'><strong>Sit</strong></span> <span class='ocrx_word' id='word_1_278' title='bbox 523 3596 700 3665; x_wconf 79' lang='lat' dir='ltr'><strong>itaque</strong></span> <span class='ocrx_word' id='word_1_279' title='bbox 720 3596 892 3653; x_wconf 80' lang='lat' dir='ltr'><strong>oratio</strong></span> <span class='ocrx_word' id='word_1_280' title='bbox 920 3604 1222 3663; x_wconf 84' lang='lat' dir='ltr'><strong>mansueta,</strong></span> <span class='ocrx_word' id='word_1_281' title='bbox 1246 3595 1477 3666; x_wconf 84' lang='lat' dir='ltr'><strong>placida,</strong></span> <span class='ocrx_word' id='word_1_282' title='bbox 1501 3593 1745 3665; x_wconf 80' lang='lat' dir='ltr'><strong>jucunda</strong></span> <span class='ocrx_word' id='word_1_283' title='bbox 1774 3604 1832 3652; x_wconf 85' lang='lat' dir='ltr'><strong>et</strong></span> 
     </span>
    </p>
   </div>
   <div class='ocr_carea' id='block_1_36' title="bbox 225 3684 1830 3758">
    <p class='ocr_par' dir='ltr' id='par_1_36' title="bbox 225 3684 1830 3758">
     <span class='ocr_line' id='line_1_36' title="bbox 225 3684 1830 3758; baseline 0.001 -18"><span class='ocrx_word' id='word_1_284' title='bbox 225 3684 373 3740; x_wconf 81' lang='lat' dir='ltr'><strong>molli</strong></span> <span class='ocrx_word' id='word_1_285' title='bbox 403 3686 553 3740; x_wconf 82' lang='lat' dir='ltr'><strong>vultu</strong></span> <span class='ocrx_word' id='word_1_286' title='bbox 594 3686 838 3758; x_wconf 67' lang='lat' dir='ltr'><strong>pradita.</strong></span> <span class='ocrx_word' id='word_1_287' title='bbox 886 3687 1034 3748; x_wconf 83' lang='lat' dir='ltr'><strong>Talis</strong></span> <span class='ocrx_word' id='word_1_288' title='bbox 1056 3695 1285 3757; x_wconf 70' lang='lat' dir='ltr'><strong>estquae</strong></span> <span class='ocrx_word' id='word_1_289' title='bbox 1330 3702 1455 3743; x_wconf 88' lang='lat' dir='ltr'><strong>cum</strong></span> <span class='ocrx_word' id='word_1_290' title='bbox 1484 3687 1707 3744; x_wconf 87' lang='lat' dir='ltr'><strong>lenitate</strong></span> <span class='ocrx_word' id='word_1_291' title='bbox 1742 3685 1830 3755; x_wconf 71' lang='lat' dir='ltr'><strong>lit,</strong></span> 
     </span>
    </p>
   </div>
   <div class='ocr_carea' id='block_1_37' title="bbox 227 3779 1830 3851">
    <p class='ocr_par' dir='ltr' id='par_1_37' title="bbox 227 3779 1830 3851">
     <span class='ocr_line' id='line_1_37' title="bbox 227 3779 1830 3851; baseline 0.001 -16"><span class='ocrx_word' id='word_1_292' title='bbox 227 3794 327 3835; x_wconf 84' lang='lat' dir='ltr'><strong>nec</strong></span> <span class='ocrx_word' id='word_1_293' title='bbox 372 3779 635 3836; x_wconf 82' lang='lat' dir='ltr'><strong>adversus</strong></span> <span class='ocrx_word' id='word_1_294' title='bbox 688 3781 975 3843; x_wconf 83' lang='lat' dir='ltr'><strong>inimicos;</strong></span> <span class='ocrx_word' id='word_1_295' title='bbox 1031 3780 1487 3851; x_wconf 79' lang='lat' dir='ltr'><strong>quemadmodum</strong></span> <span class='ocrx_word' id='word_1_296' title='bbox 1536 3781 1830 3847; x_wconf 87' lang='lat' dir='ltr'><strong>contraria,</strong></span> 
     </span>
    </p>
   </div>
   <div class='ocr_carea' id='block_1_38' title="bbox 224 3872 1834 3946">
    <p class='ocr_par' dir='ltr' id='par_1_38' title="bbox 224 3872 1834 3946">
     <span class='ocr_line' id='line_1_38' title="bbox 224 3872 1834 3946; baseline 0 -17"><span class='ocrx_word' id='word_1_297' title='bbox 224 3872 413 3941; x_wconf 74' lang='lat' dir='ltr'><strong>ebriae,</strong></span> <span class='ocrx_word' id='word_1_298' title='bbox 437 3884 494 3929; x_wconf 87' lang='lat' dir='ltr'><strong>et</strong></span> <span class='ocrx_word' id='word_1_299' title='bbox 521 3873 766 3929; x_wconf 86' lang='lat' dir='ltr'><strong>deliranti</strong></span> <span class='ocrx_word' id='word_1_300' title='bbox 790 3874 1025 3945; x_wconf 79' lang='lat' dir='ltr'><strong>cuipiam</strong></span> <span class='ocrx_word' id='word_1_301' title='bbox 1065 3874 1299 3942; x_wconf 89' lang='lat' dir='ltr'><strong>mulieri,</strong></span> <span class='ocrx_word' id='word_1_302' title='bbox 1330 3885 1386 3929; x_wconf 89' lang='lat' dir='ltr'><strong>et</strong></span> <span class='ocrx_word' id='word_1_303' title='bbox 1416 3874 1586 3931; x_wconf 78' lang='lat' dir='ltr'><strong>instar</strong></span> <span class='ocrx_word' id='word_1_304' title='bbox 1611 3876 1728 3946; x_wconf 90' lang='lat' dir='ltr'><strong>apri</strong></span> <span class='ocrx_word' id='word_1_305' title='bbox 1753 3874 1834 3931; x_wconf 84' lang='lat' dir='ltr'><strong>cl-</strong></span> 
     </span>
    </p>
   </div>
   <div class='ocr_carea' id='block_1_39' title="bbox 228 3965 1835 4037">
    <p class='ocr_par' dir='ltr' id='par_1_39' title="bbox 228 3965 1835 4037">
     <span class='ocr_line' id='line_1_39' title="bbox 228 3965 1835 4037; baseline 0.001 -15"><span class='ocrx_word' id='word_1_306' title='bbox 228 3965 433 4032; x_wconf 68' lang='lat' dir='ltr'><strong>ientae,</strong></span> <span class='ocrx_word' id='word_1_307' title='bbox 463 3975 549 4023; x_wconf 89' lang='lat' dir='ltr'><strong>est</strong></span> <span class='ocrx_word' id='word_1_308' title='bbox 573 3966 783 4022; x_wconf 82' lang='lat' dir='ltr'><strong>similis.</strong></span> <span class='ocrx_word' id='word_1_309' title='bbox 824 3966 1090 4037; x_wconf 82' lang='lat' dir='ltr'><strong>Quocirca</strong></span> <span class='ocrx_word' id='word_1_310' title='bbox 1119 3968 1186 4023; x_wconf 88' lang='lat' dir='ltr'><strong>sd</strong></span> <span class='ocrx_word' id='word_1_311' title='bbox 1212 3967 1405 4024; x_wconf 66' lang='lat' dir='ltr'><strong>caelum</strong></span> <span class='ocrx_word' id='word_1_312' title='bbox 1436 3967 1489 4024; x_wconf 89' lang='lat' dir='ltr'><strong>ei</strong></span> <span class='ocrx_word' id='word_1_313' title='bbox 1539 3982 1650 4023; x_wconf 86' lang='lat' dir='ltr'><strong>non</strong></span> <span class='ocrx_word' id='word_1_314' title='bbox 1674 3967 1835 4023; x_wconf 89' lang='lat' dir='ltr'><strong>datur</strong></span> 
     </span>
    </p>
   </div>
   <div class='ocr_carea' id='block_1_40' title="bbox 225 4055 1830 4132">
    <p class='ocr_par' dir='ltr' id='par_1_40' title="bbox 225 4055 1830 4132">
     <span class='ocr_line' id='line_1_40' title="bbox 225 4055 1830 4132; baseline 0.002 -19"><span class='ocrx_word' id='word_1_315' title='bbox 225 4056 425 4113; x_wconf 69' lang='lat' dir='ltr'><strong>aditus.</strong></span> <span class='ocrx_word' id='word_1_316' title='bbox 455 4055 575 4113; x_wconf 79' lang='lat' dir='ltr'><strong>Non</strong></span> <span class='ocrx_word' id='word_1_317' title='bbox 604 4059 748 4114; x_wconf 87' lang='lat' dir='ltr'><strong>enim</strong></span> <span class='ocrx_word' id='word_1_318' title='bbox 789 4068 873 4116; x_wconf 86' lang='lat' dir='ltr'><strong>est</strong></span> <span class='ocrx_word' id='word_1_319' title='bbox 897 4058 1162 4131; x_wconf 84' lang='lat' dir='ltr'><strong>ejusmodi</strong></span> <span class='ocrx_word' id='word_1_320' title='bbox 1202 4075 1266 4117; x_wconf 88' lang='lat' dir='ltr'><strong>ea</strong></span> <span class='ocrx_word' id='word_1_321' title='bbox 1293 4075 1417 4132; x_wconf 73' lang='lat' dir='ltr'><strong>quae</strong></span> <span class='ocrx_word' id='word_1_322' title='bbox 1445 4058 1504 4115; x_wconf 86' lang='lat' dir='ltr'><strong>lit</strong></span> <span class='ocrx_word' id='word_1_323' title='bbox 1525 4074 1650 4116; x_wconf 91' lang='lat' dir='ltr'><strong>cum</strong></span> <span class='ocrx_word' id='word_1_324' title='bbox 1675 4074 1830 4116; x_wconf 86' lang='lat' dir='ltr'><strong>man-</strong></span> 
     </span>
    </p>
   </div>
   <div class='ocr_carea' id='block_1_41' title="bbox 226 4148 1830 4222">
    <p class='ocr_par' dir='ltr' id='par_1_41' title="bbox 226 4148 1830 4222">
     <span class='ocr_line' id='line_1_41' title="bbox 226 4148 1830 4222; baseline 0 -16"><span class='ocrx_word' id='word_1_325' title='bbox 226 4148 516 4206; x_wconf 67' lang='lat' dir='ltr'><strong>net-tiliae</strong></span> <span class='ocrx_word' id='word_1_326' title='bbox 563 4166 578 4203; x_wconf 90' lang='lat'><strong>:</strong></span> <span class='ocrx_word' id='word_1_327' title='bbox 630 4149 727 4206; x_wconf 84' lang='lat' dir='ltr'><strong>sed</strong></span> <span class='ocrx_word' id='word_1_328' title='bbox 778 4149 941 4207; x_wconf 87' lang='lat' dir='ltr'><strong>habet</strong></span> <span class='ocrx_word' id='word_1_329' title='bbox 963 4150 1168 4222; x_wconf 82' lang='lat' dir='ltr'><strong>aliquid</strong></span> <span class='ocrx_word' id='word_1_330' title='bbox 1193 4166 1456 4207; x_wconf 84' lang='lat' dir='ltr'><strong>canorum</strong></span> <span class='ocrx_word' id='word_1_331' title='bbox 1483 4161 1538 4207; x_wconf 89' lang='lat' dir='ltr'><strong>et</strong></span> <span class='ocrx_word' id='word_1_332' title='bbox 1567 4151 1710 4217; x_wconf 88' lang='lat' dir='ltr'><strong>lene,</strong></span> <span class='ocrx_word' id='word_1_333' title='bbox 1742 4149 1830 4206; x_wconf 88' lang='lat' dir='ltr'><strong>di-</strong></span> 
     </span>
    </p>
   </div>
   <div class='ocr_carea' id='block_1_42' title="bbox 226 4243 1833 4315">
    <p class='ocr_par' dir='ltr' id='par_1_42' title="bbox 226 4243 1833 4315">
     <span class='ocr_line' id='line_1_42' title="bbox 226 4243 1833 4315; baseline 0.002 -18"><span class='ocrx_word' id='word_1_334' title='bbox 226 4257 500 4315; x_wconf 75' lang='lat' dir='ltr'><strong>gnumque</strong></span> <span class='ocrx_word' id='word_1_335' title='bbox 528 4243 689 4315; x_wconf 84' lang='lat' dir='ltr'><strong>regiis</strong></span> <span class='ocrx_word' id='word_1_336' title='bbox 714 4245 955 4311; x_wconf 82' lang='lat' dir='ltr'><strong>auribus,</strong></span> <span class='ocrx_word' id='word_1_337' title='bbox 979 4260 1166 4312; x_wconf 81' lang='lat' dir='ltr'><strong>suave,</strong></span> <span class='ocrx_word' id='word_1_338' title='bbox 1196 4245 1547 4311; x_wconf 89' lang='lat' dir='ltr'><strong>concinnum,</strong></span> <span class='ocrx_word' id='word_1_339' title='bbox 1576 4259 1833 4301; x_wconf 86' lang='lat' dir='ltr'><strong>numero—</strong></span> 
     </span>
    </p>
   </div>
   <div class='ocr_carea' id='block_1_43' title="bbox 227 4335 1834 4407">
    <p class='ocr_par' dir='ltr' id='par_1_43' title="bbox 227 4335 1834 4407">
     <span class='ocr_line' id='line_1_43' title="bbox 227 4335 1834 4407; baseline 0.002 -18"><span class='ocrx_word' id='word_1_340' title='bbox 227 4347 369 4389; x_wconf 82' lang='lat' dir='ltr'><strong>sum.</strong></span> <span class='ocrx_word' id='word_1_341' title='bbox 393 4335 754 4401; x_wconf 78' lang='lat' dir='ltr'><strong>Quamobrem</strong></span> <span class='ocrx_word' id='word_1_342' title='bbox 776 4350 882 4392; x_wconf 89' lang='lat' dir='ltr'><strong>non</strong></span> <span class='ocrx_word' id='word_1_343' title='bbox 907 4336 1192 4407; x_wconf 87' lang='lat' dir='ltr'><strong>expellitur</strong></span> <span class='ocrx_word' id='word_1_344' title='bbox 1213 4351 1246 4393; x_wconf 89' lang='lat' dir='ltr'><strong>e</strong></span> <span class='ocrx_word' id='word_1_345' title='bbox 1267 4336 1498 4404; x_wconf 88' lang='lat' dir='ltr'><strong>theatro,</strong></span> <span class='ocrx_word' id='word_1_346' title='bbox 1521 4338 1615 4393; x_wconf 83' lang='lat' dir='ltr'><strong>sed</strong></span> <span class='ocrx_word' id='word_1_347' title='bbox 1632 4351 1834 4393; x_wconf 86' lang='lat' dir='ltr'><strong>corona</strong></span> 
     </span>
    </p>
   </div>
   <div class='ocr_carea' id='block_1_44' title="bbox 230 4424 1835 4497">
    <p class='ocr_par' dir='ltr' id='par_1_44' title="bbox 230 4424 1835 4497">
     <span class='ocr_line' id='line_1_44' title="bbox 230 4424 1835 4497; baseline 0.003 -16"><span class='ocrx_word' id='word_1_348' title='bbox 230 4424 479 4481; x_wconf 74' lang='lat' dir='ltr'><strong>redimita</strong></span> <span class='ocrx_word' id='word_1_349' title='bbox 511 4427 711 4483; x_wconf 84' lang='lat' dir='ltr'><strong>recedit</strong></span> <span class='ocrx_word' id='word_1_350' title='bbox 733 4443 749 4493; x_wconf 88' lang='lat'><strong>;</strong></span> <span class='ocrx_word' id='word_1_351' title='bbox 771 4429 969 4484; x_wconf 87' lang='lat' dir='ltr'><strong>etenim</strong></span> <span class='ocrx_word' id='word_1_352' title='bbox 990 4427 1150 4486; x_wconf 82' lang='lat' dir='ltr'><strong>habet</strong></span> <span class='ocrx_word' id='word_1_353' title='bbox 1170 4444 1390 4485; x_wconf 83' lang='lat' dir='ltr'><strong>auream</strong></span> <span class='ocrx_word' id='word_1_354' title='bbox 1415 4429 1702 4497; x_wconf 85' lang='lat' dir='ltr'><strong>citharam,</strong></span> <span class='ocrx_word' id='word_1_355' title='bbox 1736 4445 1835 4486; x_wconf 85' lang='lat' dir='ltr'><strong>ve-</strong></span> 
     </span>
    </p>
   </div>
   <div class='ocr_carea' id='block_1_45' title="bbox 228 4510 1836 4596">
    <p class='ocr_par' dir='ltr' id='par_1_45' title="bbox 228 4510 1836 4596">
     <span class='ocr_line' id='line_1_45' title="bbox 228 4510 1836 4596; baseline 0.003 -21"><span class='ocrx_word' id='word_1_356' title='bbox 228 4524 371 4575; x_wconf 78' lang='lat' dir='ltr'><strong>stem</strong></span> <span class='ocrx_word' id='word_1_357' title='bbox 400 4532 641 4574; x_wconf 81' lang='lat' dir='ltr'><strong>auream.</strong></span> <span class='ocrx_word' id='word_1_358' title='bbox 670 4518 784 4587; x_wconf 88' lang='lat' dir='ltr'><strong>Qua</strong></span> <span class='ocrx_word' id='word_1_359' title='bbox 831 4520 902 4577; x_wconf 86' lang='lat' dir='ltr'><strong>de</strong></span> <span class='ocrx_word' id='word_1_360' title='bbox 945 4536 1110 4580; x_wconf 86' lang='lat' dir='ltr'><strong>causa</strong></span> <span class='ocrx_word' id='word_1_361' title='bbox 1151 4522 1383 4579; x_wconf 86' lang='lat' dir='ltr'><strong>delectat</strong></span> <span class='ocrx_word' id='word_1_362' title='bbox 1409 4510 1571 4580; x_wconf 81' lang='lat' dir='ltr'><strong>etiam</strong></span> <span class='ocrx_word' id='word_1_363' title='bbox 1595 4523 1836 4596; x_wconf 72' lang='lat' dir='ltr'><strong>iudicem</strong></span> 
     </span>
    </p>
   </div>
   <div class='ocr_carea' id='block_1_46' title="bbox 232 4610 1836 4687">
    <p class='ocr_par' dir='ltr' id='par_1_46' title="bbox 232 4610 1836 4687">
     <span class='ocr_line' id='line_1_46' title="bbox 232 4610 1836 4687; baseline 0.005 -22"><span class='ocrx_word' id='word_1_364' title='bbox 232 4610 439 4679; x_wconf 75' lang='lat' dir='ltr'><strong>habitu,</strong></span> <span class='ocrx_word' id='word_1_365' title='bbox 466 4621 685 4682; x_wconf 84' lang='lat' dir='ltr'><strong>aspectu</strong></span> <span class='ocrx_word' id='word_1_366' title='bbox 709 4623 766 4670; x_wconf 89' lang='lat' dir='ltr'><strong>et</strong></span> <span class='ocrx_word' id='word_1_367' title='bbox 793 4628 941 4671; x_wconf 86' lang='lat' dir='ltr'><strong>voce.</strong></span> <span class='ocrx_word' id='word_1_368' title='bbox 974 4615 1266 4687; x_wconf 81' lang='lat' dir='ltr'><strong>Propterea</strong></span> <span class='ocrx_word' id='word_1_369' title='bbox 1295 4617 1475 4673; x_wconf 89' lang='lat' dir='ltr'><strong>nullus</strong></span> <span class='ocrx_word' id='word_1_370' title='bbox 1499 4632 1619 4673; x_wconf 88' lang='lat' dir='ltr'><strong>eam</strong></span> <span class='ocrx_word' id='word_1_371' title='bbox 1644 4626 1836 4673; x_wconf 87' lang='lat' dir='ltr'><strong>extur-</strong></span> 
     </span>
    </p>
   </div>
   <div class='ocr_carea' id='block_1_47' title="bbox 232 4702 1839 4767">
    <p class='ocr_par' dir='ltr' id='par_1_47' title="bbox 232 4702 1839 4767">
     <span class='ocr_line' id='line_1_47' title="bbox 232 4702 1839 4767; baseline 0.005 -8"><span class='ocrx_word' id='word_1_372' title='bbox 232 4702 378 4760; x_wconf 76' lang='lat' dir='ltr'><strong>bata</strong></span> <span class='ocrx_word' id='word_1_373' title='bbox 402 4705 714 4763; x_wconf 62' lang='lat' dir='ltr'><strong>caelestibus</strong></span> <span class='ocrx_word' id='word_1_374' title='bbox 756 4706 915 4762; x_wconf 84' lang='lat' dir='ltr'><strong>aulis.</strong></span> <span class='ocrx_word' id='word_1_375' title='bbox 966 4707 1290 4765; x_wconf 80' lang='lat' dir='ltr'><strong>Universum</strong></span> <span class='ocrx_word' id='word_1_376' title='bbox 1333 4711 1479 4767; x_wconf 88' lang='lat' dir='ltr'><strong>enim</strong></span> <span class='ocrx_word' id='word_1_377' title='bbox 1520 4710 1652 4766; x_wconf 89' lang='lat' dir='ltr'><strong>illud</strong></span> <span class='ocrx_word' id='word_1_378' title='bbox 1681 4711 1839 4767; x_wconf 86' lang='lat' dir='ltr'><strong>thea-</strong></span> 
     </span>
    </p>
   </div>
   <div class='ocr_carea' id='block_1_48' title="bbox 234 4799 1857 4877">
    <p class='ocr_par' dir='ltr' id='par_1_48' title="bbox 234 4799 1857 4877">
     <span class='ocr_line' id='line_1_48' title="bbox 234 4799 1857 4877; baseline 0.005 -24"><span class='ocrx_word' id='word_1_379' title='bbox 234 4806 376 4855; x_wconf 78' lang='lat' dir='ltr'><strong>trum</strong></span> <span class='ocrx_word' id='word_1_380' title='bbox 388 4799 686 4856; x_wconf 72' lang='lat' dir='ltr'><strong>incredibili</strong></span> <span class='ocrx_word' id='word_1_381' title='bbox 714 4801 893 4857; x_wconf 71' lang='lat' dir='ltr'><strong>laetitia</strong></span> <span class='ocrx_word' id='word_1_382' title='bbox 920 4801 1104 4858; x_wconf 80' lang='lat' dir='ltr'><strong>allicit.</strong></span> <span class='ocrx_word' id='word_1_383' title='bbox 1129 4803 1256 4860; x_wconf 66' lang='lat' dir='ltr'><strong>llaec</strong></span> <span class='ocrx_word' id='word_1_384' title='bbox 1274 4814 1358 4860; x_wconf 89' lang='lat' dir='ltr'><strong>est</strong></span> <span class='ocrx_word' id='word_1_385' title='bbox 1372 4804 1534 4876; x_wconf 85' lang='lat' dir='ltr'><strong>digna</strong></span> <span class='ocrx_word' id='word_1_386' title='bbox 1552 4806 1701 4862; x_wconf 74' lang='lat' dir='ltr'><strong>cmlis</strong></span> <span class='ocrx_word' id='word_1_387' title='bbox 1719 4820 1857 4877; x_wconf 52' lang='lat' dir='ltr'><strong>prem</strong></span> 
     </span>
    </p>
   </div>
   <div class='ocr_carea' id='block_1_49' title="bbox 233 4892 1835 4969">
    <p class='ocr_par' dir='ltr' id='par_1_49' title="bbox 233 4892 1835 4969">
     <span class='ocr_line' id='line_1_49' title="bbox 233 4892 1835 4969; baseline 0.004 -22"><span class='ocrx_word' id='word_1_388' title='bbox 233 4892 415 4958; x_wconf 80' lang='lat' dir='ltr'><strong>catio;</strong></span> <span class='ocrx_word' id='word_1_389' title='bbox 444 4892 560 4949; x_wconf 73' lang='lat' dir='ltr'><strong>haec</strong></span> <span class='ocrx_word' id='word_1_390' title='bbox 583 4903 665 4950; x_wconf 88' lang='lat' dir='ltr'><strong>est</strong></span> <span class='ocrx_word' id='word_1_391' title='bbox 688 4893 867 4966; x_wconf 81' lang='lat' dir='ltr'><strong>lingua</strong></span> <span class='ocrx_word' id='word_1_392' title='bbox 893 4896 1229 4967; x_wconf 80' lang='lat' dir='ltr'><strong>angelorum,</strong></span> <span class='ocrx_word' id='word_1_393' title='bbox 1259 4897 1481 4969; x_wconf 89' lang='lat' dir='ltr'><strong>quando</strong></span> <span class='ocrx_word' id='word_1_394' title='bbox 1508 4898 1643 4953; x_wconf 88' lang='lat' dir='ltr'><strong>nihil</strong></span> <span class='ocrx_word' id='word_1_395' title='bbox 1672 4914 1835 4956; x_wconf 87' lang='lat' dir='ltr'><strong>acer-</strong></span> 
     </span>
    </p>
   </div>
   <div class='ocr_carea' id='block_1_50' title="bbox 236 4984 1838 5063">
    <p class='ocr_par' dir='ltr' id='par_1_50' title="bbox 236 4984 1838 5063">
     <span class='ocr_line' id='line_1_50' title="bbox 236 4984 1838 5063; baseline 0.007 -23"><span class='ocrx_word' id='word_1_396' title='bbox 236 4985 386 5051; x_wconf 80' lang='lat' dir='ltr'><strong>bum,</strong></span> <span class='ocrx_word' id='word_1_397' title='bbox 412 4984 649 5054; x_wconf 79' lang='lat' dir='ltr'><strong>jucunda</strong></span> <span class='ocrx_word' id='word_1_398' title='bbox 672 4998 850 5044; x_wconf 88' lang='lat' dir='ltr'><strong>autem</strong></span> <span class='ocrx_word' id='word_1_399' title='bbox 873 4990 1054 5045; x_wconf 86' lang='lat' dir='ltr'><strong>omnia</strong></span> <span class='ocrx_word' id='word_1_400' title='bbox 1086 4990 1363 5062; x_wconf 86' lang='lat' dir='ltr'><strong>loquitur:</strong></span> <span class='ocrx_word' id='word_1_401' title='bbox 1404 4992 1621 5063; x_wconf 89' lang='lat' dir='ltr'><strong>quando</strong></span> <span class='ocrx_word' id='word_1_402' title='bbox 1648 5007 1745 5062; x_wconf 91' lang='lat' dir='ltr'><strong>pro</strong></span> <span class='ocrx_word' id='word_1_403' title='bbox 1770 4993 1838 5051; x_wconf 92' lang='lat' dir='ltr'><strong>iis</strong></span> 
     </span>
    </p>
   </div>
   <div class='ocr_carea' id='block_1_51' title="bbox 238 5076 1836 5156">
    <p class='ocr_par' dir='ltr' id='par_1_51' title="bbox 238 5076 1836 5156">
     <span class='ocr_line' id='line_1_51' title="bbox 238 5076 1836 5156; baseline 0.006 -24"><span class='ocrx_word' id='word_1_404' title='bbox 238 5076 327 5146; x_wconf 77' lang='lat' dir='ltr'><strong>qni</strong></span> <span class='ocrx_word' id='word_1_405' title='bbox 352 5077 604 5147; x_wconf 70' lang='lat' dir='ltr'><strong>iniuriam</strong></span> <span class='ocrx_word' id='word_1_406' title='bbox 632 5087 687 5134; x_wconf 92' lang='lat' dir='ltr'><strong>et</strong></span> <span class='ocrx_word' id='word_1_407' title='bbox 709 5078 967 5135; x_wconf 88' lang='lat' dir='ltr'><strong>damnum</strong></span> <span class='ocrx_word' id='word_1_408' title='bbox 1000 5079 1240 5137; x_wconf 81' lang='lat' dir='ltr'><strong>inferunt</strong></span> <span class='ocrx_word' id='word_1_409' title='bbox 1258 5123 1275 5149; x_wconf 96' lang='lat'><strong>,</strong></span> <span class='ocrx_word' id='word_1_410' title='bbox 1304 5085 1455 5139; x_wconf 82' lang='lat' dir='ltr'><strong>venit</strong></span> <span class='ocrx_word' id='word_1_411' title='bbox 1502 5084 1836 5156; x_wconf 81' lang='lat' dir='ltr'><strong>supplicans,</strong></span> 
     </span>
    </p>
   </div>
   <div class='ocr_carea' id='block_1_52' title="bbox 241 5173 1839 5246">
    <p class='ocr_par' dir='ltr' id='par_1_52' title="bbox 241 5173 1839 5246">
     <span class='ocr_line' id='line_1_52' title="bbox 241 5173 1839 5246; baseline 0.004 -19"><span class='ocrx_word' id='word_1_412' title='bbox 241 5180 369 5228; x_wconf 72' lang='lat' dir='ltr'><strong>tunc</strong></span> <span class='ocrx_word' id='word_1_413' title='bbox 415 5173 635 5228; x_wconf 70' lang='lat' dir='ltr'><strong>adstant</strong></span> <span class='ocrx_word' id='word_1_414' title='bbox 680 5175 843 5228; x_wconf 82' lang='lat' dir='ltr'><strong>etiam</strong></span> <span class='ocrx_word' id='word_1_415' title='bbox 868 5175 1043 5245; x_wconf 84' lang='lat' dir='ltr'><strong>angeli</strong></span> <span class='ocrx_word' id='word_1_416' title='bbox 1075 5190 1272 5246; x_wconf 87' lang='lat' dir='ltr'><strong>magno</strong></span> <span class='ocrx_word' id='word_1_417' title='bbox 1300 5175 1585 5234; x_wconf 84' lang='lat' dir='ltr'><strong>audientes</strong></span> <span class='ocrx_word' id='word_1_418' title='bbox 1610 5194 1733 5235; x_wconf 88' lang='lat' dir='ltr'><strong>cum</strong></span> <span class='ocrx_word' id='word_1_419' title='bbox 1760 5178 1839 5235; x_wconf 87' lang='lat' dir='ltr'><strong>si-</strong></span> 
     </span>
    </p>
   </div>
   <div class='ocr_carea' id='block_1_53' title="bbox 241 5262 1840 5340">
    <p class='ocr_par' dir='ltr' id='par_1_53' title="bbox 241 5262 1840 5340">
     <span class='ocr_line' id='line_1_53' title="bbox 241 5262 1840 5340; baseline 0.004 -21"><span class='ocrx_word' id='word_1_420' title='bbox 241 5262 427 5328; x_wconf 71' lang='lat' dir='ltr'><strong>lentio,</strong></span> <span class='ocrx_word' id='word_1_421' title='bbox 451 5273 509 5320; x_wconf 80' lang='lat' dir='ltr'><strong>et</strong></span> <span class='ocrx_word' id='word_1_422' title='bbox 561 5276 840 5337; x_wconf 74' lang='lat' dir='ltr'><strong>postquam</strong></span> <span class='ocrx_word' id='word_1_423' title='bbox 873 5265 1017 5338; x_wconf 88' lang='lat' dir='ltr'><strong>loqui</strong></span> <span class='ocrx_word' id='word_1_424' title='bbox 1046 5266 1291 5332; x_wconf 87' lang='lat' dir='ltr'><strong>desierit,</strong></span> <span class='ocrx_word' id='word_1_425' title='bbox 1340 5268 1687 5340; x_wconf 80' lang='lat' dir='ltr'><strong>spplaudere,</strong></span> <span class='ocrx_word' id='word_1_426' title='bbox 1718 5269 1840 5326; x_wconf 88' lang='lat' dir='ltr'><strong>lau-</strong></span> 
     </span>
    </p>
   </div>
   <div class='ocr_carea' id='block_1_54' title="bbox 239 5354 1840 5433">
    <p class='ocr_par' dir='ltr' id='par_1_54' title="bbox 239 5354 1840 5433">
     <span class='ocr_line' id='line_1_54' title="bbox 239 5354 1840 5433; baseline 0.004 -21"><span class='ocrx_word' id='word_1_427' title='bbox 239 5354 387 5419; x_wconf 81' lang='lat' dir='ltr'><strong>dare,</strong></span> <span class='ocrx_word' id='word_1_428' title='bbox 416 5357 668 5413; x_wconf 78' lang='lat' dir='ltr'><strong>admirari</strong></span> <span class='ocrx_word' id='word_1_429' title='bbox 690 5373 798 5413; x_wconf 88' lang='lat' dir='ltr'><strong>non</strong></span> <span class='ocrx_word' id='word_1_430' title='bbox 828 5371 1062 5415; x_wconf 84' lang='lat' dir='ltr'><strong>cessant.</strong></span> <span class='ocrx_word' id='word_1_431' title='bbox 1100 5360 1283 5417; x_wconf 86' lang='lat' dir='ltr'><strong>Talem</strong></span> <span class='ocrx_word' id='word_1_432' title='bbox 1330 5376 1431 5418; x_wconf 92' lang='lat' dir='ltr'><strong>nos</strong></span> <span class='ocrx_word' id='word_1_433' title='bbox 1464 5377 1679 5433; x_wconf 87' lang='lat' dir='ltr'><strong>quoque</strong></span> <span class='ocrx_word' id='word_1_434' title='bbox 1704 5362 1840 5419; x_wconf 81' lang='lat' dir='ltr'><strong>alle-</strong></span> 
     </span>
    </p>
   </div>
   <div class='ocr_carea' id='block_1_55' title="bbox 241 5452 1840 5528">
    <p class='ocr_par' dir='ltr' id='par_1_55' title="bbox 241 5452 1840 5528">
     <span class='ocr_line' id='line_1_55' title="bbox 241 5452 1840 5528; baseline 0.006 -24"><span class='ocrx_word' id='word_1_435' title='bbox 241 5464 420 5504; x_wconf 87' lang='lat' dir='ltr'><strong>ranms</strong></span> <span class='ocrx_word' id='word_1_436' title='bbox 445 5452 767 5517; x_wconf 81' lang='lat' dir='ltr'><strong>orationem,</strong></span> <span class='ocrx_word' id='word_1_437' title='bbox 790 5462 846 5508; x_wconf 91' lang='lat' dir='ltr'><strong>et</strong></span> <span class='ocrx_word' id='word_1_438' title='bbox 866 5454 1089 5508; x_wconf 87' lang='lat' dir='ltr'><strong>omnino</strong></span> <span class='ocrx_word' id='word_1_439' title='bbox 1116 5455 1490 5512; x_wconf 87' lang='lat' dir='ltr'><strong>exaudiemur.</strong></span> <span class='ocrx_word' id='word_1_440' title='bbox 1524 5455 1592 5512; x_wconf 85' lang='lat' dir='ltr'><strong>Et</strong></span> <span class='ocrx_word' id='word_1_441' title='bbox 1617 5458 1840 5528; x_wconf 85' lang='lat' dir='ltr'><strong>quando</strong></span> 
     </span>
    </p>
   </div>
   <div class='ocr_carea' id='block_1_56' title="bbox 241 5541 1842 5622">
    <p class='ocr_par' dir='ltr' id='par_1_56' title="bbox 241 5541 1842 5622">
     <span class='ocr_line' id='line_1_56' title="bbox 241 5541 1842 5622; baseline 0.007 -24"><span class='ocrx_word' id='word_1_442' title='bbox 241 5541 307 5598; x_wconf 77' lang='lat' dir='ltr'><strong>ad</strong></span> <span class='ocrx_word' id='word_1_443' title='bbox 352 5544 519 5600; x_wconf 72' lang='lat' dir='ltr'><strong>Deum</strong></span> <span class='ocrx_word' id='word_1_444' title='bbox 547 5544 890 5610; x_wconf 84' lang='lat' dir='ltr'><strong>accedimus,</strong></span> <span class='ocrx_word' id='word_1_445' title='bbox 922 5562 991 5602; x_wconf 89' lang='lat' dir='ltr'><strong>ne</strong></span> <span class='ocrx_word' id='word_1_446' title='bbox 1041 5561 1164 5605; x_wconf 85' lang='lat' dir='ltr'><strong>esse</strong></span> <span class='ocrx_word' id='word_1_447' title='bbox 1212 5548 1587 5606; x_wconf 77' lang='lat' dir='ltr'><strong>existimemus</strong></span> <span class='ocrx_word' id='word_1_448' title='bbox 1622 5551 1842 5622; x_wconf 77' lang='lat' dir='ltr'><strong>vulgare</strong></span> 
     </span>
    </p>
   </div>
   <div class='ocr_carea' id='block_1_57' title="bbox 243 5636 1841 5712">
    <p class='ocr_par' dir='ltr' id='par_1_57' title="bbox 243 5636 1841 5712">
     <span class='ocr_line' id='line_1_57' title="bbox 243 5636 1841 5712; baseline 0.007 -22"><span class='ocrx_word' id='word_1_449' title='bbox 243 5636 527 5702; x_wconf 80' lang='lat' dir='ltr'><strong>theatrum,</strong></span> <span class='ocrx_word' id='word_1_450' title='bbox 555 5636 651 5693; x_wconf 87' lang='lat' dir='ltr'><strong>sed</strong></span> <span class='ocrx_word' id='word_1_451' title='bbox 679 5654 747 5693; x_wconf 90' lang='lat' dir='ltr'><strong>ex</strong></span> <span class='ocrx_word' id='word_1_452' title='bbox 788 5638 1040 5696; x_wconf 87' lang='lat' dir='ltr'><strong>universo</strong></span> <span class='ocrx_word' id='word_1_453' title='bbox 1067 5640 1197 5695; x_wconf 87' lang='lat' dir='ltr'><strong>orbe</strong></span> <span class='ocrx_word' id='word_1_454' title='bbox 1217 5650 1507 5707; x_wconf 81' lang='lat' dir='ltr'><strong>terrarum,</strong></span> <span class='ocrx_word' id='word_1_455' title='bbox 1539 5643 1624 5699; x_wconf 88' lang='lat' dir='ltr'><strong>vel</strong></span> <span class='ocrx_word' id='word_1_456' title='bbox 1661 5646 1841 5712; x_wconf 86' lang='lat' dir='ltr'><strong>potius</strong></span> 
     </span>
    </p>
   </div>
   <div class='ocr_carea' id='block_1_58' title="bbox 240 5729 1897 5809">
    <p class='ocr_par' dir='ltr' id='par_1_58' title="bbox 240 5729 1897 5809">
     <span class='ocr_line' id='line_1_58' title="bbox 240 5729 1897 5809; baseline 0.004 -22"><span class='ocrx_word' id='word_1_457' title='bbox 240 5741 303 5787; x_wconf 80' lang='lat' dir='ltr'><strong>es</strong></span> <span class='ocrx_word' id='word_1_458' title='bbox 322 5731 571 5802; x_wconf 74' lang='lat' dir='ltr'><strong>supernis</strong></span> <span class='ocrx_word' id='word_1_459' title='bbox 594 5731 810 5802; x_wconf 86' lang='lat' dir='ltr'><strong>populis</strong></span> <span class='ocrx_word' id='word_1_460' title='bbox 837 5729 1145 5789; x_wconf 64' lang='lat' dir='ltr'><strong>cmlestibus</strong></span> <span class='ocrx_word' id='word_1_461' title='bbox 1173 5733 1461 5791; x_wconf 76' lang='lat' dir='ltr'><strong>collectum</strong></span> <span class='ocrx_word' id='word_1_462' title='bbox 1493 5752 1506 5789; x_wconf 93' lang='lat'><strong>:</strong></span> <span class='ocrx_word' id='word_1_463' title='bbox 1545 5745 1600 5793; x_wconf 90' lang='lat' dir='ltr'><strong>ct</strong></span> <span class='ocrx_word' id='word_1_464' title='bbox 1636 5736 1840 5809; x_wconf 79' lang='lat' dir='ltr'><strong>llegcm</strong></span> <span class='ocrx_word' id='word_1_465' title='bbox 1889 5794 1897 5805; x_wconf 80' lang='grc'><em>,</em></span> 
     </span>
    </p>
   </div>
   <div class='ocr_carea' id='block_1_59' title="bbox 300 5909 992 5975">
    <p class='ocr_par' dir='ltr' id='par_1_59' title="bbox 300 5909 992 5975">
     <span class='ocr_line' id='line_1_59' title="bbox 300 5909 992 5975; baseline -0.009 -10"><span class='ocrx_word' id='word_1_466' title='bbox 300 5910 316 5941; x_wconf 83' lang='lat'>&#39;</span> <span class='ocrx_word' id='word_1_467' title='bbox 351 5913 487 5974; x_wconf 64' lang='grc' dir='ltr'><strong>ωε..</strong></span> <span class='ocrx_word' id='word_1_468' title='bbox 510 5910 655 5971; x_wconf 77' lang='lat' dir='ltr'><strong>dare,</strong></span> <span class='ocrx_word' id='word_1_469' title='bbox 679 5921 792 5975; x_wconf 65' lang='lat' dir='ltr'><strong>tvo,</strong></span> <span class='ocrx_word' id='word_1_470' title='bbox 809 5909 992 5974; x_wconf 81' lang='lat' dir='ltr'><strong>facere.</strong></span> 
     </span>
    </p>
   </div>
   <div class='ocr_carea' id='block_1_60' title="bbox 1926 517 3545 591">
    <p class='ocr_par' dir='ltr' id='par_1_60' title="bbox 1926 517 3545 591">
     <span class='ocr_line' id='line_1_60' title="bbox 1926 517 3545 591; baseline 0.002 -17"><span class='ocrx_word' id='word_1_471' title='bbox 1926 517 1982 575; x_wconf 91' lang='lat' dir='ltr'><strong>in</strong></span> <span class='ocrx_word' id='word_1_472' title='bbox 2007 520 2191 575; x_wconf 87' lang='lat' dir='ltr'><strong>medio</strong></span> <span class='ocrx_word' id='word_1_473' title='bbox 2235 518 2452 587; x_wconf 86' lang='lat' dir='ltr'><strong>sedere,</strong></span> <span class='ocrx_word' id='word_1_474' title='bbox 2481 517 2809 591; x_wconf 78' lang='lat' dir='ltr'><strong>precationis</strong></span> <span class='ocrx_word' id='word_1_475' title='bbox 2836 528 3042 576; x_wconf 65' lang='lat' dir='ltr'><strong>nostra:</strong></span> <span class='ocrx_word' id='word_1_476' title='bbox 3084 517 3369 576; x_wconf 62' lang='lat' dir='ltr'><strong>audienda</strong></span> <span class='ocrx_word' id='word_1_477' title='bbox 3392 520 3545 589; x_wconf 76' lang='lat' dir='ltr'><strong>cupi-</strong></span> 
     </span>
    </p>
   </div>
   <div class='ocr_carea' id='block_1_61' title="bbox 1923 609 3553 682">
    <p class='ocr_par' dir='ltr' id='par_1_61' title="bbox 1923 609 3553 682">
     <span class='ocr_line' id='line_1_61' title="bbox 1923 609 3553 682; baseline 0.001 -17"><span class='ocrx_word' id='word_1_478' title='bbox 1923 609 2076 666; x_wconf 89' lang='lat' dir='ltr'><strong>dum.</strong></span> <span class='ocrx_word' id='word_1_479' title='bbox 2108 612 2179 666; x_wconf 79' lang='lat' dir='ltr'><strong>At</strong></span> <span class='ocrx_word' id='word_1_480' title='bbox 2202 609 2467 667; x_wconf 74' lang='lat' dir='ltr'><strong>faciams</strong></span> <span class='ocrx_word' id='word_1_481' title='bbox 2489 621 2546 668; x_wconf 83' lang='lat' dir='ltr'><strong>ut</strong></span> <span class='ocrx_word' id='word_1_482' title='bbox 2567 626 2657 668; x_wconf 87' lang='lat' dir='ltr'><strong>res</strong></span> <span class='ocrx_word' id='word_1_483' title='bbox 2682 611 2754 667; x_wconf 85' lang='lat' dir='ltr'><strong>sit</strong></span> <span class='ocrx_word' id='word_1_484' title='bbox 2777 621 3087 682; x_wconf 72' lang='lat' dir='ltr'><strong>comparata</strong></span> <span class='ocrx_word' id='word_1_485' title='bbox 3109 610 3178 667; x_wconf 83' lang='lat' dir='ltr'><strong>ad</strong></span> <span class='ocrx_word' id='word_1_486' title='bbox 3208 610 3553 668; x_wconf 83' lang='lat' dir='ltr'><strong>demonstra-</strong></span> 
     </span>
    </p>
   </div>
   <div class='ocr_carea' id='block_1_62' title="bbox 1928 692 3543 776">
    <p class='ocr_par' dir='ltr' id='par_1_62' title="bbox 1928 692 3543 776">
     <span class='ocr_line' id='line_1_62' title="bbox 1928 692 3543 776; baseline 0.002 -19"><span class='ocrx_word' id='word_1_487' title='bbox 1928 702 2152 759; x_wconf 79' lang='lat' dir='ltr'><strong>tionem.</strong></span> <span class='ocrx_word' id='word_1_488' title='bbox 2211 692 2402 759; x_wconf 77' lang='lat' dir='ltr'><strong>anlus</strong></span> <span class='ocrx_word' id='word_1_489' title='bbox 2448 704 2520 758; x_wconf 85' lang='lat' dir='ltr'><strong>sit</strong></span> <span class='ocrx_word' id='word_1_490' title='bbox 2568 704 2922 771; x_wconf 78' lang='lat' dir='ltr'><strong>citharmdus,</strong></span> <span class='ocrx_word' id='word_1_491' title='bbox 2959 705 3142 765; x_wconf 86' lang='lat' dir='ltr'><strong>nullus</strong></span> <span class='ocrx_word' id='word_1_492' title='bbox 3192 704 3420 774; x_wconf 85' lang='lat' dir='ltr'><strong>lyricen,</strong></span> <span class='ocrx_word' id='word_1_493' title='bbox 3451 704 3543 776; x_wconf 88' lang='lat' dir='ltr'><strong>qui</strong></span> 
     </span>
    </p>
   </div>
   <div class='ocr_carea' id='block_1_63' title="bbox 1926 796 3547 877">
    <p class='ocr_par' dir='ltr' id='par_1_63' title="bbox 1926 796 3547 877">
     <span class='ocr_line' id='line_1_63' title="bbox 1926 796 3547 877; baseline -0.001 -25"><span class='ocrx_word' id='word_1_494' title='bbox 1926 796 1999 853; x_wconf 85' lang='lat' dir='ltr'><strong>ita</strong></span> <span class='ocrx_word' id='word_1_495' title='bbox 2019 812 2081 854; x_wconf 90' lang='lat' dir='ltr'><strong>se</strong></span> <span class='ocrx_word' id='word_1_496' title='bbox 2104 805 2363 877; x_wconf 75' lang='lat' dir='ltr'><strong>exerceat</strong></span> <span class='ocrx_word' id='word_1_497' title='bbox 2391 812 2615 854; x_wconf 86' lang='lat' dir='ltr'><strong>scenam</strong></span> <span class='ocrx_word' id='word_1_498' title='bbox 2666 798 3033 873; x_wconf 83' lang='lat' dir='ltr'><strong>ingressurus,</strong></span> <span class='ocrx_word' id='word_1_499' title='bbox 3084 798 3287 854; x_wconf 88' lang='lat' dir='ltr'><strong>timens</strong></span> <span class='ocrx_word' id='word_1_500' title='bbox 3321 812 3389 854; x_wconf 93' lang='lat' dir='ltr'><strong>ne</strong></span> <span class='ocrx_word' id='word_1_501' title='bbox 3417 797 3547 868; x_wconf 87' lang='lat' dir='ltr'><strong>quid</strong></span> 
     </span>
    </p>
   </div>
   <div class='ocr_carea' id='block_1_64' title="bbox 1927 887 3549 960">
    <p class='ocr_par' dir='ltr' id='par_1_64' title="bbox 1927 887 3549 960">
     <span class='ocr_line' id='line_1_64' title="bbox 1927 887 3549 960; baseline -0.001 -15"><span class='ocrx_word' id='word_1_502' title='bbox 1927 889 2152 947; x_wconf 82' lang='lat' dir='ltr'><strong>insuave</strong></span> <span class='ocrx_word' id='word_1_503' title='bbox 2200 897 2261 947; x_wconf 85' lang='lat' dir='ltr'><strong>et</strong></span> <span class='ocrx_word' id='word_1_504' title='bbox 2303 889 2686 947; x_wconf 85' lang='lat' dir='ltr'><strong>inconcinuutu</strong></span> <span class='ocrx_word' id='word_1_505' title='bbox 2739 893 2935 954; x_wconf 78' lang='lat' dir='ltr'><strong>canat,</strong></span> <span class='ocrx_word' id='word_1_506' title='bbox 2988 898 3049 945; x_wconf 89' lang='lat' dir='ltr'><strong>ut</strong></span> <span class='ocrx_word' id='word_1_507' title='bbox 3106 903 3208 946; x_wconf 89' lang='lat' dir='ltr'><strong>nos</strong></span> <span class='ocrx_word' id='word_1_508' title='bbox 3251 887 3549 960; x_wconf 86' lang='lat' dir='ltr'><strong>ingressuri</strong></span> 
     </span>
    </p>
   </div>
   <div class='ocr_carea' id='block_1_65' title="bbox 1926 982 3551 1053">
    <p class='ocr_par' dir='ltr' id='par_1_65' title="bbox 1926 982 3551 1053">
     <span class='ocr_line' id='line_1_65' title="bbox 1926 982 3551 1053; baseline -0.001 -16"><span class='ocrx_word' id='word_1_509' title='bbox 1926 982 2203 1040; x_wconf 84' lang='lat' dir='ltr'><strong>theatrum</strong></span> <span class='ocrx_word' id='word_1_510' title='bbox 2232 983 2589 1053; x_wconf 79' lang='lat' dir='ltr'><strong>angelorum.</strong></span> <span class='ocrx_word' id='word_1_511' title='bbox 2624 982 2903 1039; x_wconf 82' lang='lat' dir='ltr'><strong>Plectrum</strong></span> <span class='ocrx_word' id='word_1_512' title='bbox 2922 992 3111 1041; x_wconf 79' lang='lat' dir='ltr'><strong>autetn</strong></span> <span class='ocrx_word' id='word_1_513' title='bbox 3143 984 3217 1049; x_wconf 84' lang='lat' dir='ltr'><strong>sit</strong></span> <span class='ocrx_word' id='word_1_514' title='bbox 3260 983 3419 1038; x_wconf 78' lang='lat' dir='ltr'><strong>nobis</strong></span> <span class='ocrx_word' id='word_1_515' title='bbox 3446 982 3551 1036; x_wconf 85' lang='lat' dir='ltr'><strong>liu-</strong></span> 
     </span>
    </p>
   </div>
   <div class='ocr_carea' id='block_1_66' title="bbox 1900 1074 3548 1148">
    <p class='ocr_par' dir='ltr' id='par_1_66' title="bbox 1900 1074 3548 1148">
     <span class='ocr_line' id='line_1_66' title="bbox 1900 1074 3548 1148; baseline -0.002 -18"><span class='ocrx_word' id='word_1_516' title='bbox 1900 1089 2052 1148; x_wconf 32' lang='lat' dir='ltr'><strong>.gua,</strong></span> <span class='ocrx_word' id='word_1_517' title='bbox 2073 1090 2196 1147; x_wconf 68' lang='lat' dir='ltr'><strong>quae</strong></span> <span class='ocrx_word' id='word_1_518' title='bbox 2242 1074 2376 1135; x_wconf 79' lang='lat' dir='ltr'><strong>nihil</strong></span> <span class='ocrx_word' id='word_1_519' title='bbox 2416 1074 2795 1147; x_wconf 73' lang='lat' dir='ltr'><strong>iniucundum,</strong></span> <span class='ocrx_word' id='word_1_520' title='bbox 2822 1075 2920 1132; x_wconf 87' lang='lat' dir='ltr'><strong>sed</strong></span> <span class='ocrx_word' id='word_1_521' title='bbox 2952 1088 3304 1131; x_wconf 87' lang='lat' dir='ltr'><strong>numerosum</strong></span> <span class='ocrx_word' id='word_1_522' title='bbox 3335 1082 3392 1129; x_wconf 90' lang='lat' dir='ltr'><strong>et</strong></span> <span class='ocrx_word' id='word_1_523' title='bbox 3422 1088 3548 1127; x_wconf 77' lang='lat' dir='ltr'><strong>mo-</strong></span> 
     </span>
    </p>
   </div>
   <div class='ocr_carea' id='block_1_67' title="bbox 1925 1164 3548 1240">
    <p class='ocr_par' dir='ltr' id='par_1_67' title="bbox 1925 1164 3548 1240">
     <span class='ocr_line' id='line_1_67' title="bbox 1925 1164 3548 1240; baseline -0.001 -18"><span class='ocrx_word' id='word_1_524' title='bbox 1925 1164 2170 1223; x_wconf 83' lang='lat' dir='ltr'><strong>dulatum</strong></span> <span class='ocrx_word' id='word_1_525' title='bbox 2200 1165 2366 1232; x_wconf 89' lang='lat' dir='ltr'><strong>dicat,</strong></span> <span class='ocrx_word' id='word_1_526' title='bbox 2392 1181 2516 1231; x_wconf 83' lang='lat' dir='ltr'><strong>cum</strong></span> <span class='ocrx_word' id='word_1_527' title='bbox 2542 1182 2609 1225; x_wconf 85' lang='lat' dir='ltr'><strong>ea</strong></span> <span class='ocrx_word' id='word_1_528' title='bbox 2634 1183 2739 1239; x_wconf 87' lang='lat' dir='ltr'><strong>qua</strong></span> <span class='ocrx_word' id='word_1_529' title='bbox 2777 1182 2877 1240; x_wconf 83' lang='lat' dir='ltr'><strong>par</strong></span> <span class='ocrx_word' id='word_1_530' title='bbox 2894 1176 2980 1224; x_wconf 87' lang='lat' dir='ltr'><strong>est</strong></span> <span class='ocrx_word' id='word_1_531' title='bbox 3004 1166 3365 1239; x_wconf 88' lang='lat' dir='ltr'><strong>cogitatione;</strong></span> <span class='ocrx_word' id='word_1_532' title='bbox 3394 1177 3450 1221; x_wconf 89' lang='lat' dir='ltr'><strong>et</strong></span> <span class='ocrx_word' id='word_1_533' title='bbox 3477 1165 3548 1221; x_wconf 86' lang='lat' dir='ltr'><strong>ad</strong></span> 
     </span>
    </p>
   </div>
   <div class='ocr_carea' id='block_1_68' title="bbox 1928 1245 3553 1332">
    <p class='ocr_par' dir='ltr' id='par_1_68' title="bbox 1928 1245 3553 1332">
     <span class='ocr_line' id='line_1_68' title="bbox 1928 1245 3553 1332; baseline -0.001 -17"><span class='ocrx_word' id='word_1_534' title='bbox 1928 1257 2100 1315; x_wconf 85' lang='lat' dir='ltr'><strong>Deum</strong></span> <span class='ocrx_word' id='word_1_535' title='bbox 2126 1258 2478 1327; x_wconf 82' lang='lat' dir='ltr'><strong>accedentes,</strong></span> <span class='ocrx_word' id='word_1_536' title='bbox 2520 1268 2799 1332; x_wconf 86' lang='lat' dir='ltr'><strong>rogantes,</strong></span> <span class='ocrx_word' id='word_1_537' title='bbox 2831 1268 2889 1316; x_wconf 91' lang='lat' dir='ltr'><strong>et</strong></span> <span class='ocrx_word' id='word_1_538' title='bbox 2912 1268 3155 1325; x_wconf 89' lang='lat' dir='ltr'><strong>orantes,</strong></span> <span class='ocrx_word' id='word_1_539' title='bbox 3191 1273 3289 1329; x_wconf 92' lang='lat' dir='ltr'><strong>pro</strong></span> <span class='ocrx_word' id='word_1_540' title='bbox 3317 1245 3553 1314; x_wconf 79' lang='lat' dir='ltr'><strong>inimicis</strong></span> 
     </span>
    </p>
   </div>
   <div class='ocr_carea' id='block_1_69' title="bbox 1926 1348 3552 1425">
    <p class='ocr_par' dir='ltr' id='par_1_69' title="bbox 1926 1348 3552 1425">
     <span class='ocr_line' id='line_1_69' title="bbox 1926 1348 3552 1425; baseline -0.001 -20"><span class='ocrx_word' id='word_1_541' title='bbox 1926 1348 2064 1405; x_wconf 86' lang='lat' dir='ltr'><strong>lldes</strong></span> <span class='ocrx_word' id='word_1_542' title='bbox 2102 1349 2379 1420; x_wconf 84' lang='lat' dir='ltr'><strong>pulsemus</strong></span> <span class='ocrx_word' id='word_1_543' title='bbox 2420 1368 2436 1406; x_wconf 90' lang='lat'><strong>:</strong></span> <span class='ocrx_word' id='word_1_544' title='bbox 2472 1350 2546 1408; x_wconf 85' lang='lat' dir='ltr'><strong>ita</strong></span> <span class='ocrx_word' id='word_1_545' title='bbox 2588 1352 2736 1408; x_wconf 86' lang='lat' dir='ltr'><strong>enim</strong></span> <span class='ocrx_word' id='word_1_546' title='bbox 2793 1366 2894 1423; x_wconf 91' lang='lat' dir='ltr'><strong>pro</strong></span> <span class='ocrx_word' id='word_1_547' title='bbox 2946 1351 3106 1408; x_wconf 85' lang='lat' dir='ltr'><strong>nobis</strong></span> <span class='ocrx_word' id='word_1_548' title='bbox 3152 1364 3372 1424; x_wconf 88' lang='lat' dir='ltr'><strong>quoque</strong></span> <span class='ocrx_word' id='word_1_549' title='bbox 3419 1350 3552 1425; x_wconf 77' lang='lat' dir='ltr'><strong>ipsis</strong></span> 
     </span>
    </p>
   </div>
   <div class='ocr_carea' id='block_1_70' title="bbox 1926 1441 2300 1500">
    <p class='ocr_par' dir='ltr' id='par_1_70' title="bbox 1926 1441 2300 1500">
     <span class='ocr_line' id='line_1_70' title="bbox 1926 1441 2300 1500; baseline 0 -3"><span class='ocrx_word' id='word_1_550' title='bbox 1926 1441 2300 1500; x_wconf 88' lang='lat' dir='ltr'><strong>exaudiemur.</strong></span> 
     </span>
    </p>
   </div>
   <div class='ocr_carea' id='block_1_71' title="bbox 1998 1533 3554 1613">
    <p class='ocr_par' dir='ltr' id='par_1_71' title="bbox 1998 1533 3554 1613">
     <span class='ocr_line' id='line_1_71' title="bbox 1998 1533 3554 1613; baseline -0.003 -20"><span class='ocrx_word' id='word_1_551' title='bbox 1998 1535 2054 1593; x_wconf 75' lang='grc' dir='ltr'><strong>ὅ.</strong></span> <span class='ocrx_word' id='word_1_552' title='bbox 2097 1534 2320 1606; x_wconf 68' lang='lat' dir='ltr'><strong>Iniuria</strong></span> <span class='ocrx_word' id='word_1_553' title='bbox 2346 1537 2631 1613; x_wconf 74' lang='lat' dir='ltr'><strong>recordatio</strong></span> <span class='ocrx_word' id='word_1_554' title='bbox 2656 1552 2810 1606; x_wconf 77' lang='lat' dir='ltr'><strong>quam</strong></span> <span class='ocrx_word' id='word_1_555' title='bbox 2843 1536 3021 1593; x_wconf 69' lang='lat' dir='ltr'><strong>nostin.</strong></span> <span class='ocrx_word' id='word_1_556' title='bbox 3048 1566 3124 1578; x_wconf 91' lang='lat'><strong>-—</strong></span> <span class='ocrx_word' id='word_1_557' title='bbox 3148 1535 3278 1592; x_wconf 69' lang='lat' dir='ltr'><strong>limo</strong></span> <span class='ocrx_word' id='word_1_558' title='bbox 3304 1550 3410 1591; x_wconf 85' lang='lat' dir='ltr'><strong>vox</strong></span> <span class='ocrx_word' id='word_1_559' title='bbox 3437 1533 3554 1590; x_wconf 69' lang='lat' dir='ltr'><strong>dse-</strong></span> 
     </span>
    </p>
   </div>
   <div class='ocr_carea' id='block_1_72' title="bbox 1928 1614 3551 1703">
    <p class='ocr_par' dir='ltr' id='par_1_72' title="bbox 1928 1614 3551 1703">
     <span class='ocr_line' id='line_1_72' title="bbox 1928 1614 3551 1703; baseline 0.001 -20"><span class='ocrx_word' id='word_1_560' title='bbox 1928 1642 2119 1685; x_wconf 86' lang='lat' dir='ltr'><strong>mones</strong></span> <span class='ocrx_word' id='word_1_561' title='bbox 2141 1622 2352 1700; x_wconf 84' lang='lat' dir='ltr'><strong>pudore</strong></span> <span class='ocrx_word' id='word_1_562' title='bbox 2376 1628 2567 1695; x_wconf 82' lang='lat' dir='ltr'><strong>allicit,</strong></span> <span class='ocrx_word' id='word_1_563' title='bbox 2590 1630 2710 1687; x_wconf 62' lang='lat' dir='ltr'><strong>haec</strong></span> <span class='ocrx_word' id='word_1_564' title='bbox 2737 1630 2831 1687; x_wconf 90' lang='lat' dir='ltr'><strong>dat</strong></span> <span class='ocrx_word' id='word_1_565' title='bbox 2856 1629 3017 1687; x_wconf 88' lang='lat' dir='ltr'><strong>nobis</strong></span> <span class='ocrx_word' id='word_1_566' title='bbox 3042 1614 3268 1686; x_wconf 88' lang='lat' dir='ltr'><strong>liberam</strong></span> <span class='ocrx_word' id='word_1_567' title='bbox 3295 1628 3551 1703; x_wconf 88' lang='lat' dir='ltr'><strong>loquendi</strong></span> 
     </span>
    </p>
   </div>
   <div class='ocr_carea' id='block_1_73' title="bbox 1928 1720 3556 1796">
    <p class='ocr_par' dir='ltr' id='par_1_73' title="bbox 1928 1720 3556 1796">
     <span class='ocr_line' id='line_1_73' title="bbox 1928 1720 3556 1796; baseline -0.002 -18"><span class='ocrx_word' id='word_1_568' title='bbox 1928 1720 2291 1790; x_wconf 75' lang='lat' dir='ltr'><strong>potestatem;</strong></span> <span class='ocrx_word' id='word_1_569' title='bbox 2340 1721 2458 1779; x_wconf 68' lang='lat' dir='ltr'><strong>haec</strong></span> <span class='ocrx_word' id='word_1_570' title='bbox 2502 1721 2714 1796; x_wconf 89' lang='lat' dir='ltr'><strong>pudore</strong></span> <span class='ocrx_word' id='word_1_571' title='bbox 2754 1721 2923 1779; x_wconf 75' lang='lat' dir='ltr'><strong>allicit</strong></span> <span class='ocrx_word' id='word_1_572' title='bbox 2962 1723 3319 1796; x_wconf 81' lang='lat' dir='ltr'><strong>proﬂigatque</strong></span> <span class='ocrx_word' id='word_1_573' title='bbox 3361 1723 3556 1779; x_wconf 84' lang='lat' dir='ltr'><strong>diabo-</strong></span> 
     </span>
    </p>
   </div>
   <div class='ocr_carea' id='block_1_74' title="bbox 1928 1811 3550 1888">
    <p class='ocr_par' dir='ltr' id='par_1_74' title="bbox 1928 1811 3550 1888">
     <span class='ocr_line' id='line_1_74' title="bbox 1928 1811 3550 1888; baseline 0.001 -20"><span class='ocrx_word' id='word_1_574' title='bbox 1928 1813 2279 1887; x_wconf 67' lang='lat' dir='ltr'><strong>lum.&#39;Ncque</strong></span> <span class='ocrx_word' id='word_1_575' title='bbox 2323 1815 2468 1872; x_wconf 88' lang='lat' dir='ltr'><strong>enim</strong></span> <span class='ocrx_word' id='word_1_576' title='bbox 2513 1814 2729 1872; x_wconf 67' lang='lat' dir='ltr'><strong>daimon</strong></span> <span class='ocrx_word' id='word_1_577' title='bbox 2770 1815 2845 1872; x_wconf 87' lang='lat' dir='ltr'><strong>ita</strong></span> <span class='ocrx_word' id='word_1_578' title='bbox 2886 1831 3011 1873; x_wconf 92' lang='lat' dir='ltr'><strong>eum</strong></span> <span class='ocrx_word' id='word_1_579' title='bbox 3040 1818 3268 1881; x_wconf 81' lang='lat' dir='ltr'><strong>metuit,</strong></span> <span class='ocrx_word' id='word_1_580' title='bbox 3293 1816 3386 1888; x_wconf 90' lang='lat' dir='ltr'><strong>qui</strong></span> <span class='ocrx_word' id='word_1_581' title='bbox 3426 1811 3550 1871; x_wconf 83' lang='lat' dir='ltr'><strong>eum</strong></span> 
     </span>
    </p>
   </div>
   <div class='ocr_carea' id='block_1_75' title="bbox 1928 1906 3553 1978">
    <p class='ocr_par' dir='ltr' id='par_1_75' title="bbox 1928 1906 3553 1978">
     <span class='ocr_line' id='line_1_75' title="bbox 1928 1906 3553 1978; baseline 0 -16"><span class='ocrx_word' id='word_1_582' title='bbox 1928 1906 2152 1975; x_wconf 76' lang='lat' dir='ltr'><strong>expellit</strong></span> <span class='ocrx_word' id='word_1_583' title='bbox 2170 1916 2227 1963; x_wconf 91' lang='lat' dir='ltr'><strong>et</strong></span> <span class='ocrx_word' id='word_1_584' title='bbox 2247 1907 2393 1978; x_wconf 87' lang='lat' dir='ltr'><strong>ejicit</strong></span> <span class='ocrx_word' id='word_1_585' title='bbox 2415 1917 2486 1964; x_wconf 85' lang='lat' dir='ltr'><strong>&#39;ex</strong></span> <span class='ocrx_word' id='word_1_586' title='bbox 2515 1907 2625 1964; x_wconf 89' lang='lat' dir='ltr'><strong>alio</strong></span> <span class='ocrx_word' id='word_1_587' title='bbox 2654 1906 2895 1973; x_wconf 87' lang='lat' dir='ltr'><strong>homine,</strong></span> <span class='ocrx_word' id='word_1_588' title='bbox 2915 1918 2974 1964; x_wconf 91' lang='lat' dir='ltr'><strong>ut</strong></span> <span class='ocrx_word' id='word_1_589' title='bbox 2996 1908 3278 1964; x_wconf 86' lang='lat' dir='ltr'><strong>hominem</strong></span> <span class='ocrx_word' id='word_1_590' title='bbox 3300 1909 3390 1978; x_wconf 89' lang='lat' dir='ltr'><strong>qui</strong></span> <span class='ocrx_word' id='word_1_591' title='bbox 3414 1908 3553 1963; x_wconf 77' lang='lat' dir='ltr'><strong>iram</strong></span> 
     </span>
    </p>
   </div>
   <div class='ocr_carea' id='block_1_76' title="bbox 1927 1998 3557 2071">
    <p class='ocr_par' dir='ltr' id='par_1_76' title="bbox 1927 1998 3557 2071">
     <span class='ocr_line' id='line_1_76' title="bbox 1927 1998 3557 2071; baseline 0.001 -19"><span class='ocrx_word' id='word_1_592' title='bbox 1927 1998 2119 2066; x_wconf 88' lang='lat' dir='ltr'><strong>vincit,</strong></span> <span class='ocrx_word' id='word_1_593' title='bbox 2147 2006 2203 2054; x_wconf 91' lang='lat' dir='ltr'><strong>et</strong></span> <span class='ocrx_word' id='word_1_594' title='bbox 2227 1999 2410 2055; x_wconf 88' lang='lat' dir='ltr'><strong>animo</strong></span> <span class='ocrx_word' id='word_1_595' title='bbox 2430 1999 2665 2070; x_wconf 78' lang='lat' dir='ltr'><strong>imperat</strong></span> <span class='ocrx_word' id='word_1_596' title='bbox 2696 2018 2710 2055; x_wconf 93' lang='lat'><strong>:</strong></span> <span class='ocrx_word' id='word_1_597' title='bbox 2743 2014 2869 2055; x_wconf 86' lang='lat' dir='ltr'><strong>nam</strong></span> <span class='ocrx_word' id='word_1_598' title='bbox 2900 1999 3005 2055; x_wconf 88' lang='lat' dir='ltr'><strong>hoc</strong></span> <span class='ocrx_word' id='word_1_599' title='bbox 3031 1999 3207 2070; x_wconf 89' lang='lat' dir='ltr'><strong>ipsum</strong></span> <span class='ocrx_word' id='word_1_600' title='bbox 3234 2013 3449 2071; x_wconf 81' lang='lat' dir='ltr'><strong>quoque</strong></span> <span class='ocrx_word' id='word_1_601' title='bbox 3470 2006 3557 2053; x_wconf 89' lang='lat' dir='ltr'><strong>est</strong></span> 
     </span>
    </p>
   </div>
   <div class='ocr_carea' id='block_1_77' title="bbox 1928 2081 3557 2165">
    <p class='ocr_par' dir='ltr' id='par_1_77' title="bbox 1928 2081 3557 2165">
     <span class='ocr_line' id='line_1_77' title="bbox 1928 2081 3557 2165; baseline -0.001 -17"><span class='ocrx_word' id='word_1_602' title='bbox 1928 2081 2107 2149; x_wconf 68' lang='lat' dir='ltr'><strong>saevus</strong></span> <span class='ocrx_word' id='word_1_603' title='bbox 2132 2092 2347 2149; x_wconf 75' lang='lat' dir='ltr'><strong>dmmon</strong></span> <span class='ocrx_word' id='word_1_604' title='bbox 2370 2133 2387 2158; x_wconf 92' lang='lat'><strong>,</strong></span> <span class='ocrx_word' id='word_1_605' title='bbox 2420 2102 2475 2150; x_wconf 89' lang='lat' dir='ltr'><strong>et</strong></span> <span class='ocrx_word' id='word_1_606' title='bbox 2504 2094 2625 2149; x_wconf 88' lang='lat' dir='ltr'><strong>irati</strong></span> <span class='ocrx_word' id='word_1_607' title='bbox 2668 2094 2849 2165; x_wconf 89' lang='lat' dir='ltr'><strong>potius</strong></span> <span class='ocrx_word' id='word_1_608' title='bbox 2892 2107 3055 2165; x_wconf 87' lang='lat' dir='ltr'><strong>quam</strong></span> <span class='ocrx_word' id='word_1_609' title='bbox 3096 2093 3188 2164; x_wconf 90' lang='lat' dir='ltr'><strong>qui</strong></span> <span class='ocrx_word' id='word_1_610' title='bbox 3223 2107 3260 2146; x_wconf 82' lang='grc' dir='ltr'><strong>ιι</strong></span> <span class='ocrx_word' id='word_1_611' title='bbox 3304 2091 3557 2148; x_wconf 72' lang='lat' dir='ltr'><strong>daemone</strong></span> 
     </span>
    </p>
   </div>
   <div class='ocr_carea' id='block_1_78' title="bbox 1928 2183 3554 2249">
    <p class='ocr_par' dir='ltr' id='par_1_78' title="bbox 1928 2183 3554 2249">
     <span class='ocr_line' id='line_1_78' title="bbox 1928 2183 3554 2249; baseline -0.002 -9"><span class='ocrx_word' id='word_1_612' title='bbox 1928 2194 2215 2249; x_wconf 81' lang='lat' dir='ltr'><strong>vexantur,</strong></span> <span class='ocrx_word' id='word_1_613' title='bbox 2239 2186 2426 2242; x_wconf 87' lang='lat' dir='ltr'><strong>miseri</strong></span> <span class='ocrx_word' id='word_1_614' title='bbox 2444 2185 2660 2243; x_wconf 89' lang='lat' dir='ltr'><strong>dicendi</strong></span> <span class='ocrx_word' id='word_1_615' title='bbox 2677 2194 2822 2241; x_wconf 86' lang='lat' dir='ltr'><strong>sunt.</strong></span> <span class='ocrx_word' id='word_1_616' title='bbox 2843 2185 2889 2241; x_wconf 83' lang='grc' dir='ltr'><strong>Α</strong></span> <span class='ocrx_word' id='word_1_617' title='bbox 2905 2184 3156 2241; x_wconf 64' lang='lat' dir='ltr'><strong>daemone</strong></span> <span class='ocrx_word' id='word_1_618' title='bbox 3175 2184 3321 2241; x_wconf 88' lang='lat' dir='ltr'><strong>enim</strong></span> <span class='ocrx_word' id='word_1_619' title='bbox 3344 2183 3554 2248; x_wconf 82' lang='lat' dir='ltr'><strong>vexari,</strong></span> 
     </span>
    </p>
   </div>
   <div class='ocr_carea' id='block_1_79' title="bbox 1932 2276 3558 2350">
    <p class='ocr_par' dir='ltr' id='par_1_79' title="bbox 1932 2276 3558 2350">
     <span class='ocr_line' id='line_1_79' title="bbox 1932 2276 3558 2350; baseline -0.002 -17"><span class='ocrx_word' id='word_1_620' title='bbox 1932 2292 2042 2333; x_wconf 91' lang='lat' dir='ltr'><strong>non</strong></span> <span class='ocrx_word' id='word_1_621' title='bbox 2070 2277 2313 2333; x_wconf 90' lang='lat' dir='ltr'><strong>immittit</strong></span> <span class='ocrx_word' id='word_1_622' title='bbox 2340 2277 2393 2333; x_wconf 92' lang='lat' dir='ltr'><strong>in</strong></span> <span class='ocrx_word' id='word_1_623' title='bbox 2419 2277 2727 2350; x_wconf 87' lang='lat' dir='ltr'><strong>gehennam</strong></span> <span class='ocrx_word' id='word_1_624' title='bbox 2762 2295 2776 2333; x_wconf 91' lang='lat'><strong>:</strong></span> <span class='ocrx_word' id='word_1_625' title='bbox 2807 2276 2966 2333; x_wconf 80' lang='lat' dir='ltr'><strong>irasci</strong></span> <span class='ocrx_word' id='word_1_626' title='bbox 2994 2287 3199 2343; x_wconf 88' lang='lat' dir='ltr'><strong>autem,</strong></span> <span class='ocrx_word' id='word_1_627' title='bbox 3230 2284 3287 2332; x_wconf 88' lang='lat' dir='ltr'><strong>et</strong></span> <span class='ocrx_word' id='word_1_628' title='bbox 3314 2285 3558 2345; x_wconf 75' lang='lat' dir='ltr'><strong>accepta:</strong></span> 
     </span>
    </p>
   </div>
   <div class='ocr_carea' id='block_1_80' title="bbox 1931 2368 3556 2443">
    <p class='ocr_par' dir='ltr' id='par_1_80' title="bbox 1931 2368 3556 2443">
     <span class='ocr_line' id='line_1_80' title="bbox 1931 2368 3556 2443; baseline -0.001 -17"><span class='ocrx_word' id='word_1_629' title='bbox 1931 2371 2144 2441; x_wconf 61' lang='lat' dir='ltr'><strong>injuria!</strong></span> <span class='ocrx_word' id='word_1_630' title='bbox 2180 2372 2530 2441; x_wconf 87' lang='lat' dir='ltr'><strong>meminisse,</strong></span> <span class='ocrx_word' id='word_1_631' title='bbox 2567 2371 2790 2443; x_wconf 80' lang='lat' dir='ltr'><strong>expellit</strong></span> <span class='ocrx_word' id='word_1_632' title='bbox 2817 2370 2887 2428; x_wconf 90' lang='lat' dir='ltr'><strong>ab</strong></span> <span class='ocrx_word' id='word_1_633' title='bbox 2923 2370 3043 2443; x_wconf 82' lang='lat' dir='ltr'><strong>ipso</strong></span> <span class='ocrx_word' id='word_1_634' title='bbox 3068 2385 3246 2440; x_wconf 85' lang='lat' dir='ltr'><strong>regno</strong></span> <span class='ocrx_word' id='word_1_635' title='bbox 3271 2368 3556 2425; x_wconf 69' lang='lat' dir='ltr'><strong>caelorum.</strong></span> 
     </span>
    </p>
   </div>
   <div class='ocr_carea' id='block_1_81' title="bbox 1930 2463 3563 2535">
    <p class='ocr_par' dir='ltr' id='par_1_81' title="bbox 1930 2463 3563 2535">
     <span class='ocr_line' id='line_1_81' title="bbox 1930 2463 3563 2535; baseline -0.005 -12"><span class='ocrx_word' id='word_1_636' title='bbox 1930 2463 1988 2523; x_wconf 89' lang='lat' dir='ltr'><strong>Si</strong></span> <span class='ocrx_word' id='word_1_637' title='bbox 2015 2465 2316 2522; x_wconf 79' lang='lat' dir='ltr'><strong>orationem</strong></span> <span class='ocrx_word' id='word_1_638' title='bbox 2349 2465 2420 2520; x_wconf 87' lang='lat' dir='ltr'><strong>ita</strong></span> <span class='ocrx_word' id='word_1_639' title='bbox 2448 2465 2950 2535; x_wconf 81' lang='lat' dir='ltr'><strong>temperaverimus,</strong></span> <span class='ocrx_word' id='word_1_640' title='bbox 2977 2463 3273 2534; x_wconf 87' lang='lat' dir='ltr'><strong>poterimus</strong></span> <span class='ocrx_word' id='word_1_641' title='bbox 3300 2476 3399 2516; x_wconf 86' lang='lat' dir='ltr'><strong>nos</strong></span> <span class='ocrx_word' id='word_1_642' title='bbox 3420 2475 3563 2533; x_wconf 86' lang='lat' dir='ltr'><strong>quo-</strong></span> 
     </span>
    </p>
   </div>
   <div class='ocr_carea' id='block_1_82' title="bbox 1930 2554 3555 2634">
    <p class='ocr_par' dir='ltr' id='par_1_82' title="bbox 1930 2554 3555 2634">
     <span class='ocr_line' id='line_1_82' title="bbox 1930 2554 3555 2634; baseline -0.005 -16"><span class='ocrx_word' id='word_1_643' title='bbox 1930 2577 2039 2634; x_wconf 90' lang='lat' dir='ltr'><strong>que</strong></span> <span class='ocrx_word' id='word_1_644' title='bbox 2085 2561 2198 2617; x_wconf 87' lang='lat' dir='ltr'><strong>Deo</strong></span> <span class='ocrx_word' id='word_1_645' title='bbox 2244 2558 2474 2616; x_wconf 89' lang='lat' dir='ltr'><strong>lidenter</strong></span> <span class='ocrx_word' id='word_1_646' title='bbox 2515 2557 2744 2614; x_wconf 90' lang='lat' dir='ltr'><strong>dicere:</strong></span> <span class='ocrx_word' id='word_1_647' title='bbox 2774 2554 2986 2612; x_wconf 71' lang='lat' dir='ltr'><strong>Exaudi</strong></span> <span class='ocrx_word' id='word_1_648' title='bbox 3033 2557 3317 2611; x_wconf 84' lang='lat' dir='ltr'><strong>orationem</strong></span> <span class='ocrx_word' id='word_1_649' title='bbox 3366 2571 3555 2610; x_wconf 84' lang='lat' dir='ltr'><strong>meam.</strong></span> 
     </span>
    </p>
   </div>
   <div class='ocr_carea' id='block_1_83' title="bbox 1933 2648 3557 2724">
    <p class='ocr_par' dir='ltr' id='par_1_83' title="bbox 1933 2648 3557 2724">
     <span class='ocr_line' id='line_1_83' title="bbox 1933 2648 3557 2724; baseline -0.003 -16"><span class='ocrx_word' id='word_1_650' title='bbox 1933 2654 2114 2724; x_wconf 85' lang='lat' dir='ltr'><strong>Quare</strong></span> <span class='ocrx_word' id='word_1_651' title='bbox 2154 2667 2262 2708; x_wconf 91' lang='lat' dir='ltr'><strong>non</strong></span> <span class='ocrx_word' id='word_1_652' title='bbox 2290 2651 2465 2707; x_wconf 87' lang='lat' dir='ltr'><strong>solum</strong></span> <span class='ocrx_word' id='word_1_653' title='bbox 2493 2650 2725 2721; x_wconf 89' lang='lat' dir='ltr'><strong>teipsum</strong></span> <span class='ocrx_word' id='word_1_654' title='bbox 2747 2649 2964 2721; x_wconf 78' lang='lat' dir='ltr'><strong>juvabis</strong></span> <span class='ocrx_word' id='word_1_655' title='bbox 2993 2657 3049 2704; x_wconf 90' lang='lat' dir='ltr'><strong>et</strong></span> <span class='ocrx_word' id='word_1_656' title='bbox 3087 2648 3437 2719; x_wconf 65' lang='lat' dir='ltr'><strong>promovebis</strong></span> <span class='ocrx_word' id='word_1_657' title='bbox 3467 2657 3557 2704; x_wconf 89' lang='lat' dir='ltr'><strong>tua</strong></span> 
     </span>
    </p>
   </div>
   <div class='ocr_carea' id='block_1_84' title="bbox 1932 2739 3557 2816">
    <p class='ocr_par' dir='ltr' id='par_1_84' title="bbox 1932 2739 3557 2816">
     <span class='ocr_line' id='line_1_84' title="bbox 1932 2739 3557 2816; baseline -0.002 -14"><span class='ocrx_word' id='word_1_658' title='bbox 1932 2744 2350 2816; x_wconf 86' lang='lat' dir='ltr'><strong>supplicatione,</strong></span> <span class='ocrx_word' id='word_1_659' title='bbox 2378 2742 2474 2800; x_wconf 90' lang='lat' dir='ltr'><strong>sed</strong></span> <span class='ocrx_word' id='word_1_660' title='bbox 2509 2742 2677 2798; x_wconf 89' lang='lat' dir='ltr'><strong>Deum</strong></span> <span class='ocrx_word' id='word_1_661' title='bbox 2710 2743 2874 2798; x_wconf 88' lang='lat' dir='ltr'><strong>etiam</strong></span> <span class='ocrx_word' id='word_1_662' title='bbox 2902 2741 3210 2797; x_wconf 77' lang='lat' dir='ltr'><strong>audientem</strong></span> <span class='ocrx_word' id='word_1_663' title='bbox 3238 2739 3557 2805; x_wconf 79' lang='lat' dir='ltr'><strong>delectabis,</strong></span> 
     </span>
    </p>
   </div>
   <div class='ocr_carea' id='block_1_85' title="bbox 1934 2833 3555 2910">
    <p class='ocr_par' dir='ltr' id='par_1_85' title="bbox 1934 2833 3555 2910">
     <span class='ocr_line' id='line_1_85' title="bbox 1934 2833 3555 2910; baseline -0.004 -16"><span class='ocrx_word' id='word_1_664' title='bbox 1934 2849 1992 2895; x_wconf 90' lang='lat' dir='ltr'><strong>ut</strong></span> <span class='ocrx_word' id='word_1_665' title='bbox 2020 2838 2111 2910; x_wconf 88' lang='lat' dir='ltr'><strong>qui</strong></span> <span class='ocrx_word' id='word_1_666' title='bbox 2134 2838 2251 2909; x_wconf 79' lang='lat' dir='ltr'><strong>ejus</strong></span> <span class='ocrx_word' id='word_1_667' title='bbox 2281 2834 2568 2909; x_wconf 80' lang='lat' dir='ltr'><strong>prmceptis</strong></span> <span class='ocrx_word' id='word_1_668' title='bbox 2597 2834 2801 2905; x_wconf 84' lang='lat' dir='ltr'><strong>aliquid</strong></span> <span class='ocrx_word' id='word_1_669' title='bbox 2827 2833 3048 2905; x_wconf 86' lang='lat' dir='ltr'><strong>dignum</strong></span> <span class='ocrx_word' id='word_1_670' title='bbox 3077 2842 3231 2904; x_wconf 83' lang='lat' dir='ltr'><strong>petas</strong></span> <span class='ocrx_word' id='word_1_671' title='bbox 3259 2851 3273 2889; x_wconf 92' lang='lat'><strong>:</strong></span> <span class='ocrx_word' id='word_1_672' title='bbox 3304 2833 3555 2905; x_wconf 77' lang='lat' dir='ltr'><strong>quocirca</strong></span> 
     </span>
    </p>
   </div>
   <div class='ocr_carea' id='block_1_86' title="bbox 1933 2925 3558 2996">
    <p class='ocr_par' dir='ltr' id='par_1_86' title="bbox 1933 2925 3558 2996">
     <span class='ocr_line' id='line_1_86' title="bbox 1933 2925 3558 2996; baseline -0.003 -10"><span class='ocrx_word' id='word_1_673' title='bbox 1933 2930 2097 2986; x_wconf 79' lang='lat' dir='ltr'><strong>etiam</strong></span> <span class='ocrx_word' id='word_1_674' title='bbox 2129 2928 2286 2986; x_wconf 79' lang='lat' dir='ltr'><strong>facile</strong></span> <span class='ocrx_word' id='word_1_675' title='bbox 2325 2936 2550 2984; x_wconf 89' lang='lat' dir='ltr'><strong>annuet.</strong></span> <span class='ocrx_word' id='word_1_676' title='bbox 2580 2927 2694 2983; x_wconf 83' lang='lat' dir='ltr'><strong>Hoc</strong></span> <span class='ocrx_word' id='word_1_677' title='bbox 2724 2926 2814 2982; x_wconf 89' lang='lat' dir='ltr'><strong>illa</strong></span> <span class='ocrx_word' id='word_1_678' title='bbox 2841 2925 3133 2996; x_wconf 86' lang='lat' dir='ltr'><strong>adoptione</strong></span> <span class='ocrx_word' id='word_1_679' title='bbox 3161 2925 3384 2996; x_wconf 85' lang='lat' dir='ltr'><strong>dignum</strong></span> <span class='ocrx_word' id='word_1_680' title='bbox 3427 2934 3513 2981; x_wconf 86' lang='lat' dir='ltr'><strong>est</strong></span> <span class='ocrx_word' id='word_1_681' title='bbox 3542 2943 3558 2981; x_wconf 90' lang='lat'><strong>:</strong></span> 
     </span>
    </p>
   </div>
   <div class='ocr_carea' id='block_1_87' title="bbox 1936 3014 3559 3097">
    <p class='ocr_par' dir='ltr' id='par_1_87' title="bbox 1936 3014 3559 3097">
     <span class='ocr_line' id='line_1_87' title="bbox 1936 3014 3559 3097; baseline -0.006 -17"><span class='ocrx_word' id='word_1_682' title='bbox 1936 3021 2042 3080; x_wconf 79' lang='lat' dir='ltr'><strong>hoc</strong></span> <span class='ocrx_word' id='word_1_683' title='bbox 2069 3021 2222 3078; x_wconf 85' lang='lat' dir='ltr'><strong>illum</strong></span> <span class='ocrx_word' id='word_1_684' title='bbox 2265 3020 2499 3076; x_wconf 80' lang='lat' dir='ltr'><strong>maxime</strong></span> <span class='ocrx_word' id='word_1_685' title='bbox 2523 3019 2896 3077; x_wconf 84' lang='lat' dir='ltr'><strong>characterem</strong></span> <span class='ocrx_word' id='word_1_686' title='bbox 2938 3017 3198 3097; x_wconf 82' lang='lat' dir='ltr'><strong>ostendit.</strong></span> <span class='ocrx_word' id='word_1_687' title='bbox 3222 3014 3436 3080; x_wconf 80' lang='lat' dir='ltr'><strong>Estote,</strong></span> <span class='ocrx_word' id='word_1_688' title='bbox 3471 3017 3559 3071; x_wconf 89' lang='lat' dir='ltr'><strong>in-</strong></span> 
     </span>
    </p>
   </div>
   <div class='ocr_carea' id='block_1_88' title="bbox 1935 3111 3563 3187">
    <p class='ocr_par' dir='ltr' id='par_1_88' title="bbox 1935 3111 3563 3187">
     <span class='ocr_line' id='line_1_88' title="bbox 1935 3111 3563 3187; baseline -0.003 -17"><span class='ocrx_word' id='word_1_689' title='bbox 1935 3115 2075 3187; x_wconf 89' lang='lat' dir='ltr'><strong>quit,</strong></span> <span class='ocrx_word' id='word_1_690' title='bbox 2100 3113 2474 3179; x_wconf 75' lang='lat' dir='ltr'><strong>miserisordes,</strong></span> <span class='ocrx_word' id='word_1_691' title='bbox 2504 3113 2634 3173; x_wconf 83' lang='lat' dir='ltr'><strong>sicut</strong></span> <span class='ocrx_word' id='word_1_692' title='bbox 2672 3121 2717 3168; x_wconf 87' lang='lat' dir='ltr'><strong>et</strong></span> <span class='ocrx_word' id='word_1_693' title='bbox 2743 3111 2907 3168; x_wconf 83' lang='lat' dir='ltr'><strong>Pater</strong></span> <span class='ocrx_word' id='word_1_694' title='bbox 2933 3121 3095 3168; x_wconf 71' lang='lat' dir='ltr'><strong>vester</strong></span> <span class='ocrx_word' id='word_1_695' title='bbox 3117 3111 3204 3183; x_wconf 75' lang='lat' dir='ltr'><strong>qui</strong></span> <span class='ocrx_word' id='word_1_696' title='bbox 3229 3119 3302 3166; x_wconf 87' lang='lat' dir='ltr'><strong>est</strong></span> <span class='ocrx_word' id='word_1_697' title='bbox 3330 3111 3386 3165; x_wconf 85' lang='lat' dir='ltr'><strong>in</strong></span> <span class='ocrx_word' id='word_1_698' title='bbox 3420 3111 3563 3167; x_wconf 66' lang='lat' dir='ltr'><strong>cells</strong></span> 
     </span>
    </p>
   </div>
   <div class='ocr_carea' id='block_1_89' title="bbox 1937 3200 3560 3279">
    <p class='ocr_par' dir='ltr' id='par_1_89' title="bbox 1937 3200 3560 3279">
     <span class='ocr_line' id='line_1_89' title="bbox 1937 3200 3560 3279; baseline -0.002 -18"><span class='ocrx_word' id='word_1_699' title='bbox 1937 3204 2091 3279; x_wconf 78' lang='lat' dir='ltr'><strong>(Luc.</strong></span> <span class='ocrx_word' id='word_1_700' title='bbox 2126 3205 2182 3261; x_wconf 85' lang='lat'><strong>6.</strong></span> <span class='ocrx_word' id='word_1_701' title='bbox 2214 3204 2346 3275; x_wconf 75' lang='lat'><strong>56):</strong></span> <span class='ocrx_word' id='word_1_702' title='bbox 2380 3212 2435 3260; x_wconf 89' lang='lat' dir='ltr'><strong>el</strong></span> <span class='ocrx_word' id='word_1_703' title='bbox 2461 3218 2653 3259; x_wconf 87' lang='lat' dir='ltr'><strong>rursus</strong></span> <span class='ocrx_word' id='word_1_704' title='bbox 2680 3220 2694 3258; x_wconf 90' lang='lat'><strong>:</strong></span> <span class='ocrx_word' id='word_1_705' title='bbox 2728 3200 2885 3259; x_wconf 71' lang='lat' dir='ltr'><strong>Orate</strong></span> <span class='ocrx_word' id='word_1_706' title='bbox 2909 3218 3003 3274; x_wconf 83' lang='lat' dir='ltr'><strong>pro</strong></span> <span class='ocrx_word' id='word_1_707' title='bbox 3028 3203 3093 3257; x_wconf 88' lang='lat' dir='ltr'><strong>iis</strong></span> <span class='ocrx_word' id='word_1_708' title='bbox 3115 3203 3206 3273; x_wconf 80' lang='lat' dir='ltr'><strong>qui</strong></span> <span class='ocrx_word' id='word_1_709' title='bbox 3231 3202 3371 3259; x_wconf 72' lang='lat' dir='ltr'><strong>vobis</strong></span> <span class='ocrx_word' id='word_1_710' title='bbox 3391 3201 3560 3257; x_wconf 81' lang='lat' dir='ltr'><strong>insul-</strong></span> 
     </span>
    </p>
   </div>
   <div class='ocr_carea' id='block_1_90' title="bbox 1937 3294 3559 3369">
    <p class='ocr_par' dir='ltr' id='par_1_90' title="bbox 1937 3294 3559 3369">
     <span class='ocr_line' id='line_1_90' title="bbox 1937 3294 3559 3369; baseline -0.004 -14"><span class='ocrx_word' id='word_1_711' title='bbox 1937 3308 2066 3365; x_wconf 84' lang='lat' dir='ltr'><strong>tant,</strong></span> <span class='ocrx_word' id='word_1_712' title='bbox 2083 3306 2138 3355; x_wconf 79' lang='lat' dir='ltr'><strong>ut</strong></span> <span class='ocrx_word' id='word_1_713' title='bbox 2157 3297 2268 3355; x_wconf 86' lang='lat' dir='ltr'><strong>sitis</strong></span> <span class='ocrx_word' id='word_1_714' title='bbox 2294 3296 2486 3354; x_wconf 83' lang='lat' dir='ltr'><strong>similes</strong></span> <span class='ocrx_word' id='word_1_715' title='bbox 2504 3294 2683 3351; x_wconf 80' lang='lat' dir='ltr'><strong>Patris</strong></span> <span class='ocrx_word' id='word_1_716' title='bbox 2707 3297 2881 3363; x_wconf 72' lang='lat' dir='ltr'><strong>vestri,</strong></span> <span class='ocrx_word' id='word_1_717' title='bbox 2905 3298 2994 3367; x_wconf 73' lang='lat' dir='ltr'><strong>qui</strong></span> <span class='ocrx_word' id='word_1_718' title='bbox 3018 3296 3163 3369; x_wconf 81' lang='lat' dir='ltr'><strong>estin</strong></span> <span class='ocrx_word' id='word_1_719' title='bbox 3179 3297 3319 3352; x_wconf 78' lang='lat' dir='ltr'><strong>ca&#39;lis</strong></span> <span class='ocrx_word' id='word_1_720' title='bbox 3340 3294 3559 3369; x_wconf 75' lang='lat' dir='ltr'><strong>(.lluttlr.</strong></span> 
     </span>
    </p>
   </div>
   <div class='ocr_carea' id='block_1_91' title="bbox 1937 3388 3561 3466">
    <p class='ocr_par' dir='ltr' id='par_1_91' title="bbox 1937 3388 3561 3466">
     <span class='ocr_line' id='line_1_91' title="bbox 1937 3388 3561 3466; baseline -0.001 -21"><span class='ocrx_word' id='word_1_721' title='bbox 1937 3392 1992 3449; x_wconf 85' lang='lat'><strong>5.</strong></span> <span class='ocrx_word' id='word_1_722' title='bbox 2022 3390 2173 3466; x_wconf 62' lang='grc'><strong>44)..</strong></span> <span class='ocrx_word' id='word_1_723' title='bbox 2192 3389 2330 3459; x_wconf 89' lang='lat' dir='ltr'><strong>Quid</strong></span> <span class='ocrx_word' id='word_1_724' title='bbox 2354 3404 2488 3462; x_wconf 87' lang='lat' dir='ltr'><strong>ergo</strong></span> <span class='ocrx_word' id='word_1_725' title='bbox 2515 3400 2691 3461; x_wconf 86' lang='lat' dir='ltr'><strong>potest</strong></span> <span class='ocrx_word' id='word_1_726' title='bbox 2720 3404 2843 3445; x_wconf 90' lang='lat' dir='ltr'><strong>cum</strong></span> <span class='ocrx_word' id='word_1_727' title='bbox 2877 3389 2977 3444; x_wconf 81' lang='lat' dir='ltr'><strong>hac</strong></span> <span class='ocrx_word' id='word_1_728' title='bbox 3005 3388 3253 3445; x_wconf 70' lang='lat' dir='ltr'><strong>oratiotse</strong></span> <span class='ocrx_word' id='word_1_729' title='bbox 3275 3388 3561 3461; x_wconf 79' lang='lat' dir='ltr'><strong>conterri?</strong></span> 
     </span>
    </p>
   </div>
   <div class='ocr_carea' id='block_1_92' title="bbox 1937 3482 3564 3557">
    <p class='ocr_par' dir='ltr' id='par_1_92' title="bbox 1937 3482 3564 3557">
     <span class='ocr_line' id='line_1_92' title="bbox 1937 3482 3564 3557; baseline -0.003 -14"><span class='ocrx_word' id='word_1_730' title='bbox 1937 3485 2068 3543; x_wconf 69' lang='lat' dir='ltr'><strong>limo</strong></span> <span class='ocrx_word' id='word_1_731' title='bbox 2112 3501 2220 3541; x_wconf 89' lang='lat' dir='ltr'><strong>non</strong></span> <span class='ocrx_word' id='word_1_732' title='bbox 2247 3483 2453 3557; x_wconf 88' lang='lat' dir='ltr'><strong>angelis</strong></span> <span class='ocrx_word' id='word_1_733' title='bbox 2490 3498 2595 3540; x_wconf 86' lang='lat' dir='ltr'><strong>nec</strong></span> <span class='ocrx_word' id='word_1_734' title='bbox 2624 3483 2987 3556; x_wconf 87' lang='lat' dir='ltr'><strong>archangelis,</strong></span> <span class='ocrx_word' id='word_1_735' title='bbox 3016 3483 3111 3540; x_wconf 90' lang='lat' dir='ltr'><strong>sed</strong></span> <span class='ocrx_word' id='word_1_736' title='bbox 3144 3483 3243 3556; x_wconf 78' lang='lat' dir='ltr'><strong>ipsi</strong></span> <span class='ocrx_word' id='word_1_737' title='bbox 3272 3482 3412 3556; x_wconf 77' lang='lat' dir='ltr'><strong>Regi</strong></span> <span class='ocrx_word' id='word_1_738' title='bbox 3436 3482 3564 3539; x_wconf 80' lang='lat' dir='ltr'><strong>facit</strong></span> 
     </span>
    </p>
   </div>
   <div class='ocr_carea' id='block_1_93' title="bbox 1937 3576 3566 3649">
    <p class='ocr_par' dir='ltr' id='par_1_93' title="bbox 1937 3576 3566 3649">
     <span class='ocr_line' id='line_1_93' title="bbox 1937 3576 3566 3649; baseline -0.001 -14"><span class='ocrx_word' id='word_1_739' title='bbox 1937 3579 2192 3636; x_wconf 82' lang='lat' dir='ltr'><strong>similem.</strong></span> <span class='ocrx_word' id='word_1_740' title='bbox 2214 3579 2317 3646; x_wconf 85' lang='lat' dir='ltr'><strong>Qui</strong></span> <span class='ocrx_word' id='word_1_741' title='bbox 2347 3590 2530 3636; x_wconf 87' lang='lat' dir='ltr'><strong>autem</strong></span> <span class='ocrx_word' id='word_1_742' title='bbox 2557 3577 2714 3649; x_wconf 79' lang='lat' dir='ltr'><strong>Regi,</strong></span> <span class='ocrx_word' id='word_1_743' title='bbox 2742 3586 3002 3648; x_wconf 90' lang='lat' dir='ltr'><strong>quantum</strong></span> <span class='ocrx_word' id='word_1_744' title='bbox 3044 3577 3203 3643; x_wconf 84' lang='lat' dir='ltr'><strong>licet,</strong></span> <span class='ocrx_word' id='word_1_745' title='bbox 3226 3576 3385 3633; x_wconf 83' lang='lat' dir='ltr'><strong>fuerit</strong></span> <span class='ocrx_word' id='word_1_746' title='bbox 3411 3576 3566 3634; x_wconf 75' lang='lat' dir='ltr'><strong>simi:-</strong></span> 
     </span>
    </p>
   </div>
   <div class='ocr_carea' id='block_1_94' title="bbox 1938 3667 3575 3742">
    <p class='ocr_par' dir='ltr' id='par_1_94' title="bbox 1938 3667 3575 3742">
     <span class='ocr_line' id='line_1_94' title="bbox 1938 3667 3575 3742; baseline -0.002 -14"><span class='ocrx_word' id='word_1_747' title='bbox 1938 3670 2029 3736; x_wconf 65' lang='grc' dir='ltr'><strong>ἥς,</strong></span> <span class='ocrx_word' id='word_1_748' title='bbox 2060 3670 2344 3727; x_wconf 84' lang='lat' dir='ltr'><strong>considera</strong></span> <span class='ocrx_word' id='word_1_749' title='bbox 2372 3680 2571 3742; x_wconf 84' lang='lat' dir='ltr'><strong>quanta</strong></span> <span class='ocrx_word' id='word_1_750' title='bbox 2597 3680 2777 3726; x_wconf 87' lang='lat' dir='ltr'><strong>utetur</strong></span> <span class='ocrx_word' id='word_1_751' title='bbox 2803 3668 2997 3725; x_wconf 86' lang='lat' dir='ltr'><strong>llducia</strong></span> <span class='ocrx_word' id='word_1_752' title='bbox 3025 3678 3081 3723; x_wconf 88' lang='lat' dir='ltr'><strong>et</strong></span> <span class='ocrx_word' id='word_1_753' title='bbox 3109 3667 3366 3739; x_wconf 84' lang='lat' dir='ltr'><strong>loquendi</strong></span> <span class='ocrx_word' id='word_1_754' title='bbox 3399 3667 3575 3725; x_wconf 62' lang='lat' dir='ltr'><strong>liber--</strong></span> 
     </span>
    </p>
   </div>
   <div class='ocr_carea' id='block_1_95' title="bbox 1940 3760 3579 3834">
    <p class='ocr_par' dir='ltr' id='par_1_95' title="bbox 1940 3760 3579 3834">
     <span class='ocr_line' id='line_1_95' title="bbox 1940 3760 3579 3834; baseline -0.001 -14"><span class='ocrx_word' id='word_1_755' title='bbox 1940 3771 2056 3821; x_wconf 86' lang='lat' dir='ltr'><strong>tate</strong></span> <span class='ocrx_word' id='word_1_756' title='bbox 2078 3764 2132 3819; x_wconf 92' lang='lat' dir='ltr'><strong>in</strong></span> <span class='ocrx_word' id='word_1_757' title='bbox 2156 3762 2521 3821; x_wconf 70' lang='lat' dir='ltr'><strong>orationibus.</strong></span> <span class='ocrx_word' id='word_1_758' title='bbox 2540 3763 2595 3819; x_wconf 82' lang='lat'><strong>3.</strong></span> <span class='ocrx_word' id='word_1_759' title='bbox 2626 3760 2752 3817; x_wconf 86' lang='lat' dir='ltr'><strong>Filii</strong></span> <span class='ocrx_word' id='word_1_760' title='bbox 2791 3762 3058 3817; x_wconf 77' lang='lat' dir='ltr'><strong>hominum</strong></span> <span class='ocrx_word' id='word_1_761' title='bbox 3076 3802 3092 3827; x_wconf 91' lang='lat'><strong>,</strong></span> <span class='ocrx_word' id='word_1_762' title='bbox 3115 3777 3379 3833; x_wconf 75' lang='lat' dir='ltr'><strong>quousque</strong></span> <span class='ocrx_word' id='word_1_763' title='bbox 3418 3761 3579 3834; x_wconf 59' lang='lat' dir='ltr'><strong>graui;</strong></span> 
     </span>
    </p>
   </div>
   <div class='ocr_carea' id='block_1_96' title="bbox 1939 3850 3579 3927">
    <p class='ocr_par' dir='ltr' id='par_1_96' title="bbox 1939 3850 3579 3927">
     <span class='ocr_line' id='line_1_96' title="bbox 1939 3850 3579 3927; baseline -0.005 -16"><span class='ocrx_word' id='word_1_764' title='bbox 1939 3855 2133 3912; x_wconf 68' lang='lat' dir='ltr'><strong>corde?</strong></span> <span class='ocrx_word' id='word_1_765' title='bbox 2159 3854 2228 3911; x_wconf 82' lang='lat' dir='ltr'><strong>Ut</strong></span> <span class='ocrx_word' id='word_1_766' title='bbox 2266 3854 2393 3927; x_wconf 72' lang='lat' dir='ltr'><strong>quid</strong></span> <span class='ocrx_word' id='word_1_767' title='bbox 2430 3854 2647 3927; x_wconf 77' lang='lat' dir='ltr'><strong>diligitis</strong></span> <span class='ocrx_word' id='word_1_768' title='bbox 2679 3850 2989 3920; x_wconf 76' lang='lat' dir='ltr'><strong>vanitatem,</strong></span> <span class='ocrx_word' id='word_1_769' title='bbox 3019 3853 3321 3923; x_wconf 11' lang='lat' dir='ltr'><strong>eloquii-ritis</strong></span> <span class='ocrx_word' id='word_1_770' title='bbox 3354 3853 3579 3913; x_wconf 69' lang='lat' dir='ltr'><strong>utentior.</strong></span> 
     </span>
    </p>
   </div>
   <div class='ocr_carea' id='block_1_97' title="bbox 1938 3945 3567 4019">
    <p class='ocr_par' dir='ltr' id='par_1_97' title="bbox 1938 3945 3567 4019">
     <span class='ocr_line' id='line_1_97' title="bbox 1938 3945 3567 4019; baseline -0.001 -17"><span class='ocrx_word' id='word_1_771' title='bbox 1938 3948 2075 4004; x_wconf 73' lang='lat' dir='ltr'><strong>cium</strong></span> <span class='ocrx_word' id='word_1_772' title='bbox 2093 3947 2120 4003; x_wconf 86' lang='lat'><strong>.’</strong></span> <span class='ocrx_word' id='word_1_773' title='bbox 2136 3947 2217 4003; x_wconf 86' lang='lat' dir='ltr'><strong>Ad</strong></span> <span class='ocrx_word' id='word_1_774' title='bbox 2244 3962 2508 4019; x_wconf 86' lang='lat' dir='ltr'><strong>quosnam</strong></span> <span class='ocrx_word' id='word_1_775' title='bbox 2524 3945 2710 4018; x_wconf 88' lang='lat' dir='ltr'><strong>dirigit</strong></span> <span class='ocrx_word' id='word_1_776' title='bbox 2733 3947 3041 4003; x_wconf 84' lang='lat' dir='ltr'><strong>orationem</strong></span> <span class='ocrx_word' id='word_1_777' title='bbox 3076 3955 3129 4001; x_wconf 91' lang='lat' dir='ltr'><strong>et</strong></span> <span class='ocrx_word' id='word_1_778' title='bbox 3158 3945 3421 4017; x_wconf 87' lang='lat' dir='ltr'><strong>increpat,</strong></span> <span class='ocrx_word' id='word_1_779' title='bbox 3444 3945 3567 4000; x_wconf 84' lang='lat' dir='ltr'><strong>sub-</strong></span> 
     </span>
    </p>
   </div>
   <div class='ocr_carea' id='block_1_98' title="bbox 1934 4036 3583 4114">
    <p class='ocr_par' dir='ltr' id='par_1_98' title="bbox 1934 4036 3583 4114">
     <span class='ocr_line' id='line_1_98' title="bbox 1934 4036 3583 4114; baseline -0.002 -17"><span class='ocrx_word' id='word_1_780' title='bbox 1934 4040 2221 4114; x_wconf 82' lang='lat' dir='ltr'><strong>jungitque</strong></span> <span class='ocrx_word' id='word_1_781' title='bbox 2247 4038 2578 4099; x_wconf 72' lang='lat' dir='ltr'><strong>consilium?</strong></span> <span class='ocrx_word' id='word_1_782' title='bbox 2599 4053 2866 4108; x_wconf 81' lang='lat' dir='ltr'><strong>quosnam</strong></span> <span class='ocrx_word' id='word_1_783' title='bbox 2895 4049 3049 4094; x_wconf 83' lang='lat' dir='ltr'><strong>vocat</strong></span> <span class='ocrx_word' id='word_1_784' title='bbox 3076 4036 3214 4094; x_wconf 80' lang='lat' dir='ltr'><strong>illius</strong></span> <span class='ocrx_word' id='word_1_785' title='bbox 3243 4038 3521 4094; x_wconf 87' lang='lat' dir='ltr'><strong>hominum</strong></span> <span class='ocrx_word' id='word_1_786' title='bbox 3541 4038 3583 4093; x_wconf 62' lang='lat' dir='ltr'><strong>le</strong></span> 
     </span>
    </p>
   </div>
   <div class='ocr_carea' id='block_1_99' title="bbox 1942 4131 3574 4206">
    <p class='ocr_par' dir='ltr' id='par_1_99' title="bbox 1942 4131 3574 4206">
     <span class='ocr_line' id='line_1_99' title="bbox 1942 4131 3574 4206; baseline -0.001 -16"><span class='ocrx_word' id='word_1_787' title='bbox 1942 4135 2051 4191; x_wconf 83' lang='lat' dir='ltr'><strong>Eos</strong></span> <span class='ocrx_word' id='word_1_788' title='bbox 2070 4134 2162 4206; x_wconf 91' lang='lat' dir='ltr'><strong>qui</strong></span> <span class='ocrx_word' id='word_1_789' title='bbox 2193 4134 2379 4189; x_wconf 88' lang='lat' dir='ltr'><strong>vivunt</strong></span> <span class='ocrx_word' id='word_1_790' title='bbox 2417 4133 2473 4190; x_wconf 93' lang='lat' dir='ltr'><strong>in</strong></span> <span class='ocrx_word' id='word_1_791' title='bbox 2508 4131 2853 4205; x_wconf 84' lang='lat' dir='ltr'><strong>improbitate</strong></span> <span class='ocrx_word' id='word_1_792' title='bbox 2872 4176 2888 4200; x_wconf 94' lang='lat'><strong>,</strong></span> <span class='ocrx_word' id='word_1_793' title='bbox 2919 4133 3014 4204; x_wconf 90' lang='lat' dir='ltr'><strong>qui</strong></span> <span class='ocrx_word' id='word_1_794' title='bbox 3040 4140 3169 4189; x_wconf 68' lang='lat' dir='ltr'><strong>sunt</strong></span> <span class='ocrx_word' id='word_1_795' title='bbox 3204 4133 3471 4199; x_wconf 82' lang='lat' dir='ltr'><strong>proclives</strong></span> <span class='ocrx_word' id='word_1_796' title='bbox 3495 4132 3574 4188; x_wconf 84' lang='lat' dir='ltr'><strong>ad.</strong></span> 
     </span>
    </p>
   </div>
   <div class='ocr_carea' id='block_1_100' title="bbox 1940 4225 3578 4303">
    <p class='ocr_par' dir='ltr' id='par_1_100' title="bbox 1940 4225 3578 4303">
     <span class='ocr_line' id='line_1_100' title="bbox 1940 4225 3578 4303; baseline -0.005 -16"><span class='ocrx_word' id='word_1_797' title='bbox 1940 4230 2259 4303; x_wconf 89' lang='lat' dir='ltr'><strong>nequitiam.</strong></span> <span class='ocrx_word' id='word_1_798' title='bbox 2288 4228 2693 4299; x_wconf 81' lang='lat' dir='ltr'><strong>Quamobrem?</strong></span> <span class='ocrx_word' id='word_1_799' title='bbox 2720 4241 2821 4283; x_wconf 91' lang='lat' dir='ltr'><strong>nos</strong></span> <span class='ocrx_word' id='word_1_800' title='bbox 2862 4227 3009 4303; x_wconf 84' lang='lat' dir='ltr'><strong>enim</strong></span> <span class='ocrx_word' id='word_1_801' title='bbox 3052 4242 3234 4282; x_wconf 81' lang='lat' dir='ltr'><strong>annon</strong></span> <span class='ocrx_word' id='word_1_802' title='bbox 3265 4226 3360 4283; x_wconf 90' lang='lat' dir='ltr'><strong>lilii</strong></span> <span class='ocrx_word' id='word_1_803' title='bbox 3387 4225 3578 4283; x_wconf 56' lang='lat' dir='ltr'><strong>bomi-t</strong></span> 
     </span>
    </p>
   </div>
   <div class='ocr_carea' id='block_1_101' title="bbox 1942 4319 3567 4390">
    <p class='ocr_par' dir='ltr' id='par_1_101' title="bbox 1942 4319 3567 4390">
     <span class='ocr_line' id='line_1_101' title="bbox 1942 4319 3567 4390; baseline -0.002 -12"><span class='ocrx_word' id='word_1_804' title='bbox 1942 4322 2108 4379; x_wconf 76' lang='lat' dir='ltr'><strong>num?</strong></span> <span class='ocrx_word' id='word_1_805' title='bbox 2131 4320 2332 4379; x_wconf 89' lang='lat' dir='ltr'><strong>Natura</strong></span> <span class='ocrx_word' id='word_1_806' title='bbox 2357 4321 2576 4387; x_wconf 85' lang='lat' dir='ltr'><strong>quidem</strong></span> <span class='ocrx_word' id='word_1_807' title='bbox 2599 4320 2882 4377; x_wconf 89' lang='lat' dir='ltr'><strong>hominum</strong></span> <span class='ocrx_word' id='word_1_808' title='bbox 2905 4319 3019 4386; x_wconf 90' lang='lat' dir='ltr'><strong>lilii,</strong></span> <span class='ocrx_word' id='word_1_809' title='bbox 3047 4321 3218 4390; x_wconf 86' lang='lat' dir='ltr'><strong>gratis</strong></span> <span class='ocrx_word' id='word_1_810' title='bbox 3243 4330 3425 4375; x_wconf 79' lang='lat' dir='ltr'><strong>autem</strong></span> <span class='ocrx_word' id='word_1_811' title='bbox 3455 4334 3567 4375; x_wconf 89' lang='lat' dir='ltr'><strong>nou</strong></span> 
     </span>
    </p>
   </div>
   <div class='ocr_carea' id='block_1_102' title="bbox 1940 4411 3575 4488">
    <p class='ocr_par' dir='ltr' id='par_1_102' title="bbox 1940 4411 3575 4488">
     <span class='ocr_line' id='line_1_102' title="bbox 1940 4411 3575 4488; baseline -0.002 -17"><span class='ocrx_word' id='word_1_812' title='bbox 1940 4415 2210 4488; x_wconf 82' lang='lat' dir='ltr'><strong>amplius,</strong></span> <span class='ocrx_word' id='word_1_813' title='bbox 2250 4414 2348 4471; x_wconf 89' lang='lat' dir='ltr'><strong>sed</strong></span> <span class='ocrx_word' id='word_1_814' title='bbox 2378 4414 2471 4470; x_wconf 87' lang='lat' dir='ltr'><strong>Dei</strong></span> <span class='ocrx_word' id='word_1_815' title='bbox 2500 4413 2618 4470; x_wconf 88' lang='lat' dir='ltr'><strong>lilii.</strong></span> <span class='ocrx_word' id='word_1_816' title='bbox 2652 4412 2710 4470; x_wconf 92' lang='lat' dir='ltr'><strong>Si</strong></span> <span class='ocrx_word' id='word_1_817' title='bbox 2740 4427 2877 4484; x_wconf 39' lang='lat' dir='ltr'><strong>ergo“</strong></span> <span class='ocrx_word' id='word_1_818' title='bbox 2912 4413 3075 4468; x_wconf 89' lang='lat' dir='ltr'><strong>etiam</strong></span> <span class='ocrx_word' id='word_1_819' title='bbox 3109 4411 3227 4483; x_wconf 81' lang='lat' dir='ltr'><strong>eius</strong></span> <span class='ocrx_word' id='word_1_820' title='bbox 3274 4411 3575 4483; x_wconf 74' lang='lat' dir='ltr'><strong>imaginem</strong></span> 
     </span>
    </p>
   </div>
   <div class='ocr_carea' id='block_1_103' title="bbox 1941 4503 3572 4579">
    <p class='ocr_par' dir='ltr' id='par_1_103' title="bbox 1941 4503 3572 4579">
     <span class='ocr_line' id='line_1_103' title="bbox 1941 4503 3572 4579; baseline -0.003 -17"><span class='ocrx_word' id='word_1_821' title='bbox 1941 4522 2065 4579; x_wconf 72' lang='lat' dir='ltr'><strong>qum</strong></span> <span class='ocrx_word' id='word_1_822' title='bbox 2106 4515 2194 4562; x_wconf 90' lang='lat' dir='ltr'><strong>est</strong></span> <span class='ocrx_word' id='word_1_823' title='bbox 2242 4505 2540 4563; x_wconf 87' lang='lat' dir='ltr'><strong>secundum</strong></span> <span class='ocrx_word' id='word_1_824' title='bbox 2588 4505 2841 4561; x_wconf 83' lang='lat' dir='ltr'><strong>virtutem</strong></span> <span class='ocrx_word' id='word_1_825' title='bbox 2883 4503 3387 4561; x_wconf 78' lang='lat' dir='ltr'><strong>conservaverimus</strong></span> <span class='ocrx_word' id='word_1_826' title='bbox 3414 4546 3427 4562; x_wconf 84' lang='lat'><em>.</em></span> <span class='ocrx_word' id='word_1_827' title='bbox 3464 4503 3572 4558; x_wconf 75' lang='lat' dir='ltr'><strong>erit</strong></span> 
     </span>
    </p>
   </div>
   <div class='ocr_carea' id='block_1_104' title="bbox 1932 4594 3567 4670">
    <p class='ocr_par' dir='ltr' id='par_1_104' title="bbox 1932 4594 3567 4670">
     <span class='ocr_line' id='line_1_104' title="bbox 1932 4594 3567 4670; baseline -0.004 -13"><span class='ocrx_word' id='word_1_828' title='bbox 1932 4600 2101 4657; x_wconf 73' lang='lat' dir='ltr'><strong>nobis</strong></span> <span class='ocrx_word' id='word_1_829' title='bbox 2144 4597 2347 4659; x_wconf 87' lang='lat' dir='ltr'><strong>donum</strong></span> <span class='ocrx_word' id='word_1_830' title='bbox 2394 4598 2662 4670; x_wconf 88' lang='lat' dir='ltr'><strong>integrum</strong></span> <span class='ocrx_word' id='word_1_831' title='bbox 2696 4614 2710 4651; x_wconf 90' lang='lat'><strong>:</strong></span> <span class='ocrx_word' id='word_1_832' title='bbox 2741 4611 2838 4653; x_wconf 88' lang='lat' dir='ltr'><strong>eos</strong></span> <span class='ocrx_word' id='word_1_833' title='bbox 2866 4596 3010 4652; x_wconf 89' lang='lat' dir='ltr'><strong>enim</strong></span> <span class='ocrx_word' id='word_1_834' title='bbox 3046 4594 3139 4668; x_wconf 87' lang='lat' dir='ltr'><strong>qui</strong></span> <span class='ocrx_word' id='word_1_835' title='bbox 3179 4594 3276 4652; x_wconf 88' lang='lat' dir='ltr'><strong>Dei</strong></span> <span class='ocrx_word' id='word_1_836' title='bbox 3321 4594 3413 4651; x_wconf 91' lang='lat' dir='ltr'><strong>lilii</strong></span> <span class='ocrx_word' id='word_1_837' title='bbox 3443 4595 3567 4650; x_wconf 84' lang='lat' dir='ltr'><strong>lacti</strong></span> 
     </span>
    </p>
   </div>
   <div class='ocr_carea' id='block_1_105' title="bbox 1944 4687 3570 4765">
    <p class='ocr_par' dir='ltr' id='par_1_105' title="bbox 1944 4687 3570 4765">
     <span class='ocr_line' id='line_1_105' title="bbox 1944 4687 3570 4765; baseline -0.005 -13"><span class='ocrx_word' id='word_1_838' title='bbox 1944 4704 2072 4752; x_wconf 89' lang='lat' dir='ltr'><strong>sunt</strong></span> <span class='ocrx_word' id='word_1_839' title='bbox 2116 4710 2215 4765; x_wconf 91' lang='lat' dir='ltr'><strong>per</strong></span> <span class='ocrx_word' id='word_1_840' title='bbox 2250 4693 2479 4765; x_wconf 88' lang='lat' dir='ltr'><strong>gratiam</strong></span> <span class='ocrx_word' id='word_1_841' title='bbox 2507 4733 2523 4757; x_wconf 92' lang='lat'><strong>,</strong></span> <span class='ocrx_word' id='word_1_842' title='bbox 2552 4692 2717 4748; x_wconf 89' lang='lat' dir='ltr'><strong>etiam</strong></span> <span class='ocrx_word' id='word_1_843' title='bbox 2747 4704 2849 4761; x_wconf 89' lang='lat' dir='ltr'><strong>per</strong></span> <span class='ocrx_word' id='word_1_844' title='bbox 2876 4690 2999 4746; x_wconf 63' lang='lat' dir='ltr'><strong>vitae</strong></span> <span class='ocrx_word' id='word_1_845' title='bbox 3024 4705 3139 4746; x_wconf 71' lang='lat' dir='ltr'><strong>sua:</strong></span> <span class='ocrx_word' id='word_1_846' title='bbox 3169 4687 3570 4745; x_wconf 80' lang='lat' dir='ltr'><strong>institutionem</strong></span> 
     </span>
    </p>
   </div>
   <div class='ocr_carea' id='block_1_106' title="bbox 1944 4778 3572 4858">
    <p class='ocr_par' dir='ltr' id='par_1_106' title="bbox 1944 4778 3572 4858">
     <span class='ocr_line' id='line_1_106' title="bbox 1944 4778 3572 4858; baseline -0.005 -15"><span class='ocrx_word' id='word_1_847' title='bbox 1944 4803 2067 4843; x_wconf 90' lang='lat' dir='ltr'><strong>eam</strong></span> <span class='ocrx_word' id='word_1_848' title='bbox 2109 4793 2330 4858; x_wconf 91' lang='lat' dir='ltr'><strong>oportet</strong></span> <span class='ocrx_word' id='word_1_849' title='bbox 2379 4784 2670 4855; x_wconf 78' lang='lat' dir='ltr'><strong>imaginem</strong></span> <span class='ocrx_word' id='word_1_850' title='bbox 2712 4781 3040 4853; x_wconf 89' lang='lat' dir='ltr'><strong>exprimere.</strong></span> <span class='ocrx_word' id='word_1_851' title='bbox 3072 4778 3229 4849; x_wconf 88' lang='lat' dir='ltr'><strong>Quod</strong></span> <span class='ocrx_word' id='word_1_852' title='bbox 3258 4789 3440 4835; x_wconf 88' lang='lat' dir='ltr'><strong>autem</strong></span> <span class='ocrx_word' id='word_1_853' title='bbox 3471 4795 3572 4835; x_wconf 85' lang='lat' dir='ltr'><strong>eos</strong></span> 
     </span>
    </p>
   </div>
   <div class='ocr_carea' id='block_1_107' title="bbox 1946 4874 3570 4953">
    <p class='ocr_par' dir='ltr' id='par_1_107' title="bbox 1946 4874 3570 4953">
     <span class='ocr_line' id='line_1_107' title="bbox 1946 4874 3570 4953; baseline -0.004 -18"><span class='ocrx_word' id='word_1_854' title='bbox 1946 4882 2036 4953; x_wconf 92' lang='lat' dir='ltr'><strong>qui</strong></span> <span class='ocrx_word' id='word_1_855' title='bbox 2065 4880 2187 4936; x_wconf 69' lang='lat' dir='ltr'><strong>vita:</strong></span> <span class='ocrx_word' id='word_1_856' title='bbox 2212 4879 2358 4937; x_wconf 88' lang='lat' dir='ltr'><strong>curis</strong></span> <span class='ocrx_word' id='word_1_857' title='bbox 2382 4878 2505 4950; x_wconf 89' lang='lat' dir='ltr'><strong>plus</strong></span> <span class='ocrx_word' id='word_1_858' title='bbox 2525 4876 2693 4933; x_wconf 87' lang='lat' dir='ltr'><strong>dediti</strong></span> <span class='ocrx_word' id='word_1_859' title='bbox 2720 4884 2868 4940; x_wconf 87' lang='lat' dir='ltr'><strong>sunt,</strong></span> <span class='ocrx_word' id='word_1_860' title='bbox 2891 4884 2949 4931; x_wconf 88' lang='lat' dir='ltr'><strong>et</strong></span> <span class='ocrx_word' id='word_1_861' title='bbox 2972 4875 3040 4930; x_wconf 86' lang='lat' dir='ltr'><strong>ad</strong></span> <span class='ocrx_word' id='word_1_862' title='bbox 3069 4875 3255 4930; x_wconf 87' lang='lat' dir='ltr'><strong>vitium</strong></span> <span class='ocrx_word' id='word_1_863' title='bbox 3284 4874 3570 4944; x_wconf 66' lang='lat' dir='ltr'><strong>propensi,</strong></span> 
     </span>
    </p>
   </div>
   <div class='ocr_carea' id='block_1_108' title="bbox 1948 4963 3609 5034">
    <p class='ocr_par' dir='ltr' id='par_1_108' title="bbox 1948 4963 3609 5034">
     <span class='ocr_line' id='line_1_108' title="bbox 1948 4963 3609 5034; baseline -0.007 -4"><span class='ocrx_word' id='word_1_864' title='bbox 1948 4983 2103 5030; x_wconf 78' lang='lat' dir='ltr'><strong>vocat</strong></span> <span class='ocrx_word' id='word_1_865' title='bbox 2145 4973 2283 5028; x_wconf 88' lang='lat' dir='ltr'><strong>lilios</strong></span> <span class='ocrx_word' id='word_1_866' title='bbox 2321 4971 2599 5031; x_wconf 84' lang='lat' dir='ltr'><strong>hominum</strong></span> <span class='ocrx_word' id='word_1_867' title='bbox 2621 5012 2636 5034; x_wconf 93' lang='lat'><strong>,</strong></span> <span class='ocrx_word' id='word_1_868' title='bbox 2664 4968 2792 5024; x_wconf 89' lang='lat' dir='ltr'><strong>audi</strong></span> <span class='ocrx_word' id='word_1_869' title='bbox 2828 4985 2842 5021; x_wconf 90' lang='lat'><strong>:</strong></span> <span class='ocrx_word' id='word_1_870' title='bbox 2880 4967 3119 5022; x_wconf 83' lang='lat' dir='ltr'><strong>l&#39;ideutes</strong></span> <span class='ocrx_word' id='word_1_871' title='bbox 3143 4975 3313 5021; x_wconf 81' lang='lat' dir='ltr'><strong>autem</strong></span> <span class='ocrx_word' id='word_1_872' title='bbox 3344 4966 3439 5031; x_wconf 75' lang='lat' dir='ltr'><strong>ﬁlii</strong></span> <span class='ocrx_word' id='word_1_873' title='bbox 3476 4963 3569 5019; x_wconf 81' lang='lat' dir='ltr'><strong>Dei</strong></span> <span class='ocrx_word' id='word_1_874' title='bbox 3606 5028 3609 5029; x_wconf 19' lang='grc' dir='ltr'><em>ν</em></span> 
     </span>
    </p>
   </div>
   <div class='ocr_carea' id='block_1_109' title="bbox 1947 5056 3567 5138">
    <p class='ocr_par' dir='ltr' id='par_1_109' title="bbox 1947 5056 3567 5138">
     <span class='ocr_line' id='line_1_109' title="bbox 1947 5056 3567 5138; baseline -0.006 -16"><span class='ocrx_word' id='word_1_875' title='bbox 1947 5067 2086 5138; x_wconf 77' lang='lat' dir='ltr'><strong>filias</strong></span> <span class='ocrx_word' id='word_1_876' title='bbox 2108 5065 2370 5119; x_wconf 76' lang='lat' dir='ltr'><strong>hominum</strong></span> <span class='ocrx_word' id='word_1_877' title='bbox 2392 5061 2618 5125; x_wconf 63' lang='lat' dir='ltr'><strong>(Geruli.</strong></span> <span class='ocrx_word' id='word_1_878' title='bbox 2649 5060 2729 5135; x_wconf 74' lang='lat'><strong>2).</strong></span> <span class='ocrx_word' id='word_1_879' title='bbox 2753 5060 2913 5132; x_wconf 81' lang='lat' dir='ltr'><strong>Atqui</strong></span> <span class='ocrx_word' id='word_1_880' title='bbox 2943 5060 3301 5124; x_wconf 87' lang='lat' dir='ltr'><strong>contrarium,</strong></span> <span class='ocrx_word' id='word_1_881' title='bbox 3330 5056 3567 5129; x_wconf 84' lang='lat' dir='ltr'><strong>inquies,</strong></span> 
     </span>
    </p>
   </div>
   <div class='ocr_carea' id='block_1_110' title="bbox 1948 5152 3574 5231">
    <p class='ocr_par' dir='ltr' id='par_1_110' title="bbox 1948 5152 3574 5231">
     <span class='ocr_line' id='line_1_110' title="bbox 1948 5152 3574 5231; baseline -0.005 -15"><span class='ocrx_word' id='word_1_882' title='bbox 1948 5161 2154 5216; x_wconf 85' lang='lat' dir='ltr'><strong>dixisti.</strong></span> <span class='ocrx_word' id='word_1_883' title='bbox 2186 5158 2539 5231; x_wconf 83' lang='lat' dir='ltr'><strong>Nequaquam</strong></span> <span class='ocrx_word' id='word_1_884' title='bbox 2570 5174 2584 5212; x_wconf 90' lang='lat'><strong>:</strong></span> <span class='ocrx_word' id='word_1_885' title='bbox 2619 5156 2712 5212; x_wconf 89' lang='lat' dir='ltr'><strong>Dei</strong></span> <span class='ocrx_word' id='word_1_886' title='bbox 2753 5154 2898 5211; x_wconf 89' lang='lat' dir='ltr'><strong>enim</strong></span> <span class='ocrx_word' id='word_1_887' title='bbox 2944 5154 3082 5209; x_wconf 84' lang='lat' dir='ltr'><strong>lilios</strong></span> <span class='ocrx_word' id='word_1_888' title='bbox 3112 5152 3201 5208; x_wconf 85' lang='lat' dir='ltr'><strong>hic</strong></span> <span class='ocrx_word' id='word_1_889' title='bbox 3234 5153 3444 5208; x_wconf 85' lang='lat' dir='ltr'><strong>vocavit</strong></span> <span class='ocrx_word' id='word_1_890' title='bbox 3471 5167 3574 5208; x_wconf 92' lang='lat' dir='ltr'><strong>eos</strong></span> 
     </span>
    </p>
   </div>
   <div class='ocr_carea' id='block_1_111' title="bbox 1947 5244 3570 5325">
    <p class='ocr_par' dir='ltr' id='par_1_111' title="bbox 1947 5244 3570 5325">
     <span class='ocr_line' id='line_1_111' title="bbox 1947 5244 3570 5325; baseline -0.006 -19"><span class='ocrx_word' id='word_1_891' title='bbox 1947 5253 2038 5325; x_wconf 89' lang='lat' dir='ltr'><strong>qui</strong></span> <span class='ocrx_word' id='word_1_892' title='bbox 2082 5262 2238 5308; x_wconf 85' lang='lat' dir='ltr'><strong>antea</strong></span> <span class='ocrx_word' id='word_1_893' title='bbox 2270 5267 2337 5307; x_wconf 82' lang='lat' dir='ltr'><strong>ex</strong></span> <span class='ocrx_word' id='word_1_894' title='bbox 2368 5250 2497 5324; x_wconf 83' lang='lat' dir='ltr'><strong>viris</strong></span> <span class='ocrx_word' id='word_1_895' title='bbox 2518 5249 2675 5303; x_wconf 86' lang='lat' dir='ltr'><strong>bonis</strong></span> <span class='ocrx_word' id='word_1_896' title='bbox 2704 5247 2816 5303; x_wconf 87' lang='lat' dir='ltr'><strong>nati</strong></span> <span class='ocrx_word' id='word_1_897' title='bbox 2847 5246 3078 5313; x_wconf 80' lang='lat' dir='ltr'><strong>fuerant,</strong></span> <span class='ocrx_word' id='word_1_898' title='bbox 3108 5256 3161 5302; x_wconf 91' lang='lat' dir='ltr'><strong>et</strong></span> <span class='ocrx_word' id='word_1_899' title='bbox 3191 5259 3223 5299; x_wconf 74' lang='grc' dir='ltr'><strong>ιι</strong></span> <span class='ocrx_word' id='word_1_900' title='bbox 3250 5244 3365 5301; x_wconf 88' lang='lat' dir='ltr'><strong>Deo</strong></span> <span class='ocrx_word' id='word_1_901' title='bbox 3392 5244 3570 5299; x_wconf 87' lang='lat' dir='ltr'><strong>bono-</strong></span> 
     </span>
    </p>
   </div>
   <div class='ocr_carea' id='block_1_112' title="bbox 1948 5339 3576 5417">
    <p class='ocr_par' dir='ltr' id='par_1_112' title="bbox 1948 5339 3576 5417">
     <span class='ocr_line' id='line_1_112' title="bbox 1948 5339 3576 5417; baseline -0.005 -15"><span class='ocrx_word' id='word_1_902' title='bbox 1948 5364 2063 5403; x_wconf 81' lang='lat' dir='ltr'><strong>rem</strong></span> <span class='ocrx_word' id='word_1_903' title='bbox 2100 5353 2481 5417; x_wconf 73' lang='lat' dir='ltr'><strong>perceperant,</strong></span> <span class='ocrx_word' id='word_1_904' title='bbox 2510 5342 2707 5400; x_wconf 89' lang='lat' dir='ltr'><strong>deinde</strong></span> <span class='ocrx_word' id='word_1_905' title='bbox 2738 5339 2931 5397; x_wconf 87' lang='lat' dir='ltr'><strong>mutati</strong></span> <span class='ocrx_word' id='word_1_906' title='bbox 2953 5348 3110 5397; x_wconf 86' lang='lat' dir='ltr'><strong>erant</strong></span> <span class='ocrx_word' id='word_1_907' title='bbox 3132 5381 3149 5405; x_wconf 92' lang='lat'><strong>,</strong></span> <span class='ocrx_word' id='word_1_908' title='bbox 3182 5348 3239 5395; x_wconf 89' lang='lat' dir='ltr'><strong>et</strong></span> <span class='ocrx_word' id='word_1_909' title='bbox 3284 5347 3576 5395; x_wconf 79' lang='lat' dir='ltr'><strong>evaserant</strong></span> 
     </span>
    </p>
   </div>
   <div class='ocr_carea' id='block_1_113' title="bbox 1948 5431 3570 5506">
    <p class='ocr_par' dir='ltr' id='par_1_113' title="bbox 1948 5431 3570 5506">
     <span class='ocr_line' id='line_1_113' title="bbox 1948 5431 3570 5506; baseline -0.006 -11"><span class='ocrx_word' id='word_1_910' title='bbox 1948 5438 2251 5496; x_wconf 69' lang='lat' dir='ltr'><strong>deteriores</strong></span> <span class='ocrx_word' id='word_1_911' title='bbox 2272 5479 2289 5497; x_wconf 85' lang='lat'><strong>.</strong></span> <span class='ocrx_word' id='word_1_912' title='bbox 2315 5449 2583 5506; x_wconf 87' lang='lat' dir='ltr'><strong>suumque</strong></span> <span class='ocrx_word' id='word_1_913' title='bbox 2613 5434 2877 5490; x_wconf 85' lang='lat' dir='ltr'><strong>honorem</strong></span> <span class='ocrx_word' id='word_1_914' title='bbox 2911 5432 3277 5504; x_wconf 87' lang='lat' dir='ltr'><strong>perdiderant.</strong></span> <span class='ocrx_word' id='word_1_915' title='bbox 3313 5431 3386 5488; x_wconf 87' lang='lat' dir='ltr'><strong>Ut</strong></span> <span class='ocrx_word' id='word_1_916' title='bbox 3420 5432 3570 5487; x_wconf 88' lang='lat' dir='ltr'><strong>enim</strong></span> 
     </span>
    </p>
   </div>
   <div class='ocr_carea' id='block_1_114' title="bbox 1949 5524 3570 5602">
    <p class='ocr_par' dir='ltr' id='par_1_114' title="bbox 1949 5524 3570 5602">
     <span class='ocr_line' id='line_1_114' title="bbox 1949 5524 3570 5602; baseline -0.004 -17"><span class='ocrx_word' id='word_1_917' title='bbox 1949 5532 2122 5602; x_wconf 87' lang='lat' dir='ltr'><strong>magis</strong></span> <span class='ocrx_word' id='word_1_918' title='bbox 2168 5528 2522 5599; x_wconf 80' lang='lat' dir='ltr'><strong>ampliﬁcaret</strong></span> <span class='ocrx_word' id='word_1_919' title='bbox 2566 5541 2757 5583; x_wconf 89' lang='lat' dir='ltr'><strong>eorum</strong></span> <span class='ocrx_word' id='word_1_920' title='bbox 2810 5524 3334 5596; x_wconf 86' lang='lat' dir='ltr'><strong>reprehensionem,</strong></span> <span class='ocrx_word' id='word_1_921' title='bbox 3377 5538 3570 5580; x_wconf 89' lang='lat' dir='ltr'><strong>eorum</strong></span> 
     </span>
    </p>
   </div>
   <div class='ocr_carea' id='block_1_115' title="bbox 1950 5620 3575 5686">
    <p class='ocr_par' dir='ltr' id='par_1_115' title="bbox 1950 5620 3575 5686">
     <span class='ocr_line' id='line_1_115' title="bbox 1950 5620 3575 5686; baseline -0.004 -6"><span class='ocrx_word' id='word_1_922' title='bbox 1950 5625 2211 5681; x_wconf 82' lang='lat' dir='ltr'><strong>honorem</strong></span> <span class='ocrx_word' id='word_1_923' title='bbox 2254 5622 2608 5686; x_wconf 82' lang='lat' dir='ltr'><strong>memoravit,</strong></span> <span class='ocrx_word' id='word_1_924' title='bbox 2636 5620 2933 5677; x_wconf 86' lang='lat' dir='ltr'><strong>maximum</strong></span> <span class='ocrx_word' id='word_1_925' title='bbox 2975 5634 3099 5676; x_wconf 80' lang='lat' dir='ltr'><strong>esse</strong></span> <span class='ocrx_word' id='word_1_926' title='bbox 3137 5620 3343 5676; x_wconf 85' lang='lat' dir='ltr'><strong>crimen</strong></span> <span class='ocrx_word' id='word_1_927' title='bbox 3387 5626 3575 5674; x_wconf 81' lang='lat' dir='ltr'><strong>ostcu-</strong></span> 
     </span>
    </p>
   </div>
   <div class='ocr_carea' id='block_1_116' title="bbox 1950 5709 3573 5786">
    <p class='ocr_par' dir='ltr' id='par_1_116' title="bbox 1950 5709 3573 5786">
     <span class='ocr_line' id='line_1_116' title="bbox 1950 5709 3573 5786; baseline -0.006 -13"><span class='ocrx_word' id='word_1_928' title='bbox 1950 5718 2108 5784; x_wconf 87' lang='lat' dir='ltr'><strong>deus,</strong></span> <span class='ocrx_word' id='word_1_929' title='bbox 2139 5715 2281 5786; x_wconf 88' lang='lat' dir='ltr'><strong>quod</strong></span> <span class='ocrx_word' id='word_1_930' title='bbox 2310 5731 2435 5769; x_wconf 89' lang='lat' dir='ltr'><strong>cum</strong></span> <span class='ocrx_word' id='word_1_931' title='bbox 2468 5714 2604 5769; x_wconf 87' lang='lat' dir='ltr'><strong>tales</strong></span> <span class='ocrx_word' id='word_1_932' title='bbox 2645 5722 2830 5770; x_wconf 79' lang='lat' dir='ltr'><strong>essent</strong></span> <span class='ocrx_word' id='word_1_933' title='bbox 2848 5753 2864 5780; x_wconf 88' lang='lat'><strong>,</strong></span> <span class='ocrx_word' id='word_1_934' title='bbox 2905 5722 2961 5768; x_wconf 88' lang='lat' dir='ltr'><strong>et</strong></span> <span class='ocrx_word' id='word_1_935' title='bbox 2990 5711 3098 5768; x_wconf 90' lang='lat' dir='ltr'><strong>orti</strong></span> <span class='ocrx_word' id='word_1_936' title='bbox 3127 5727 3192 5766; x_wconf 82' lang='lat' dir='ltr'><strong>ex</strong></span> <span class='ocrx_word' id='word_1_937' title='bbox 3236 5709 3437 5766; x_wconf 88' lang='lat' dir='ltr'><strong>talibus</strong></span> <span class='ocrx_word' id='word_1_938' title='bbox 3462 5751 3477 5775; x_wconf 89' lang='lat'><strong>,</strong></span> <span class='ocrx_word' id='word_1_939' title='bbox 3506 5710 3573 5764; x_wconf 79' lang='lat' dir='ltr'><strong>ad</strong></span> 
     </span>
    </p>
   </div>
   <div class='ocr_carea' id='block_1_117' title="bbox 1954 5803 3577 5881">
    <p class='ocr_par' dir='ltr' id='par_1_117' title="bbox 1954 5803 3577 5881">
     <span class='ocr_line' id='line_1_117' title="bbox 1954 5803 3577 5881; baseline -0.007 -14"><span class='ocrx_word' id='word_1_940' title='bbox 1954 5820 2156 5867; x_wconf 86' lang='lat' dir='ltr'><strong>tantam</strong></span> <span class='ocrx_word' id='word_1_941' title='bbox 2207 5826 2269 5865; x_wconf 80' lang='lat' dir='ltr'><strong>se</strong></span> <span class='ocrx_word' id='word_1_942' title='bbox 2320 5808 2754 5881; x_wconf 78' lang='lat' dir='ltr'><strong>prmcipitasscnt</strong></span> <span class='ocrx_word' id='word_1_943' title='bbox 2800 5806 3219 5876; x_wconf 86' lang='lat' dir='ltr'><strong>improbitatem.</strong></span> <span class='ocrx_word' id='word_1_944' title='bbox 3274 5803 3577 5863; x_wconf 80' lang='lat' dir='ltr'><strong>Etrursns</strong></span> 
     </span>
    </p>
   </div>
   <div class='ocr_carea' id='block_1_118' title="bbox 1962 5892 3585 5977">
    <p class='ocr_par' dir='ltr' id='par_1_118' title="bbox 1962 5892 3585 5977">
     <span class='ocr_line' id='line_1_118' title="bbox 1962 5892 3585 5977; baseline -0.009 -13"><span class='ocrx_word' id='word_1_945' title='bbox 1962 5908 2106 5964; x_wconf 82' lang='lat' dir='ltr'><strong>Deus</strong></span> <span class='ocrx_word' id='word_1_946' title='bbox 2131 5924 2143 5960; x_wconf 91' lang='lat'><strong>:</strong></span> <span class='ocrx_word' id='word_1_947' title='bbox 2174 5903 2287 5977; x_wconf 73' lang='lat' dir='ltr'><strong>Ego</strong></span> <span class='ocrx_word' id='word_1_948' title='bbox 2315 5902 2447 5971; x_wconf 78' lang='lat' dir='ltr'><strong>dixi,</strong></span> <span class='ocrx_word' id='word_1_949' title='bbox 2481 5901 2570 5958; x_wconf 89' lang='lat' dir='ltr'><strong>Dii</strong></span> <span class='ocrx_word' id='word_1_950' title='bbox 2596 5901 2738 5970; x_wconf 83' lang='lat' dir='ltr'><strong>estis,</strong></span> <span class='ocrx_word' id='word_1_951' title='bbox 2770 5911 2814 5957; x_wconf 81' lang='lat' dir='ltr'><strong>et</strong></span> <span class='ocrx_word' id='word_1_952' title='bbox 2840 5900 2937 5971; x_wconf 76' lang='lat' dir='ltr'><strong>[itu</strong></span> <span class='ocrx_word' id='word_1_953' title='bbox 2966 5897 3215 5956; x_wconf 79' lang='lat' dir='ltr'><strong>Altissimi</strong></span> <span class='ocrx_word' id='word_1_954' title='bbox 3240 5910 3435 5954; x_wconf 74' lang='lat' dir='ltr'><strong>omnes.</strong></span> <span class='ocrx_word' id='word_1_955' title='bbox 3474 5892 3585 5950; x_wconf 68' lang='lat' dir='ltr'><strong>Vos.</strong></span> 
     </span>
    </p>
   </div>
  </div>
