4178 6490
653 427 718 479 4⁸1
1398 415 1455 472 S.
1482 412 1760 471 JOANNIS
1797 403 2258 467 CIIRYSOSTOMI
2300 404 2609 460 ARCllll-JP.
2652 401 3174 461 CONS'I'ANI‘INOP.
3572 434 3577 437 -
3856 397 3929 452 ιε

650 550 817 592 autem
845 546 901 591 ut
926 538 1148 592 homines
1184 533 1434 588 morimini
1465 531 1485 603 (
1513 530 1651 586 Psat.
1678 532 1767 586 ει.
1797 530 1864 584 67
1886 510 1923 599 );
1960 528 2025 582 Et
2059 526 2233 582 consi-

652 628 779 683 dera
810 627 1080 696 propheta:
1100 623 1597 692 prudentiamJqu
1625 622 1771 690 prius
1798 618 2118 674 ostendisset
2142 616 2231 669 Dei

657 718 970 787 potentiam,
988 710 1309 775 facultatem,
1334 713 1625 777 solertiam,
1648 708 2023 781 benignitatem
2046 716 2102 762 et
2122 706 2233 760 cle-

657 808 907 861 incutiam
934 844 948 870 ,
980 806 1120 875 quod
1166 805 1219 858 in
1246 804 1531 858 afﬂictione
1556 802 1777 865 dilatet,
1806 799 1946 870 quod
1975 798 2235 852 miserans

656 905 854 949 annuat
876 909 889 946 :
913 894 1108 949 deinde
1137 894 1374 963 cogitans
1393 892 1617 948 eﬂ‘u-um
1641 893 1692 946 in
1721 890 2023 944 hominibus
2049 888 2233 942 vitium

656 998 710 1041 ot
752 986 1085 1057 tyrannidem
1131 985 1412 1054 impietatis
1444 1002 1460 1039 :
1491 993 1758 1055 tamquam
1805 983 1967 1036 animi
2008 994 2238 1034 mcerore

660 1075 947 1131 sntl’ocatus
968 1116 984 1138 ,
1013 1077 1277 1131 convertit
1321 1090 1621 1130 sermonem
1648 1077 1715 1129 ad
1757 1088 1850 1129 eos
1878 1074 1967 1143 qui
2014 1072 2066 1125 in
2097 1071 2239 1125 vitiis

663 1170 821 1223 vitam
844 1169 1059 1238 degunt,
1081 1166 1457 1236 propemodum
1481 1166 1691 1221 dicens:
1708 1166 1837 1220 Cum
1861 1164 2017 1219 talem
2046 1162 2242 1218 habea-

664 1260 731 1313 tis
777 1258 940 1312 Deum
966 1298 980 1321 ,
1021 1257 1155 1312 adeo
1195 1258 1480 1328 benignum
1500 1297 1516 1325 ,
1544 1257 1678 1311 adeo
1720 1256 2038 1311 clementem
2064 1295 2077 1318 .
2107 1254 2242 1310 adeo

665 1356 957 1417 potentem,
986 1348 1251 1417 quomodo
1275 1346 1580 1401 deelinastis
1617 1346 1683 1400 ad
1715 1346 2084 1416 impietatem?
2114 1343 2243 1397 Vide

664 1448 843 1493 autem
861 1447 1056 1505 quanta
1085 1439 1158 1492 ira
1190 1436 1345 1491 simul
1368 1445 1423 1491 et
1443 1436 1885 1505 lenitate,quanta
1912 1432 2242 1505 philosophia

663 1528 957 1583 admonitio
984 1530 1136 1597 plena
1169 1529 1256 1583 sit.
1285 1528 1421 1596 Quid
1445 1530 1585 1582 enim
1612 1528 1779 1583 dicit?
1806 1526 1931 1581 Filii
1961 1527 2240 1588 hominum,

665 1637 922 1690 quatiunt:
947 1621 1086 1690 gravi
1112 1620 1309 1673 corde?
1335 1620 1444 1673 lloc
1472 1628 1553 1673 est
1581 1620 1695 1686 ejus
1712 1619 1808 1688 .qui
1840 1618 2071 1685 graviter
2097 1620 2246 1670 iuve-

670 1710 817 1764 ιοίιιιι·
840 1710 999 1763 etiam
1026 1724 1090 1763 ex
1119 1709 1372 1775 temporis
1398 1708 1765 1762 diuturnitate.
1792 1707 1845 1761 Si
1867 1707 2008 1760 enim
2039 1706 2131 1759 Dei
2156 1705 2250 1758 be-

673 1801 1008 1856 neﬁcentiam
1052 1802 1119 1855 ab
1160 1800 1309 1854 initio
1354 1816 1457 1853 non
1506 1800 1871 1854 considerasse
1917 1798 2088 1853 scelus
2121 1808 2199 1851 est
2235 1814 2249 1850 :

674 1907 833 1960 quam
861 1890 1069 1944 veniam
1100 1898 1488 1959 consequetur,
1516 1890 1605 1959 qui
1632 1890 1773 1943 circa
1807 1889 2079 1942 veritatem
2112 1898 2249 1939 tam-

672 1981 763 2037 diu
788 1982 1028 2036 cacutiat
1044 1982 1068 2031 ?
1087 1981 1222 2048 Quid
1236 1978 1323 2035 est
1348 1993 1547 2045 autem,
1578 1994 1696 2034 esse
1719 1980 1869 2049 gravi
1896 1980 2100 2033 corde?
2121 1977 2255 2032 Gra-

675 2084 769 2125 ves
794 2070 956 2125 corde
984 2080 1107 2125 sunt
1130 2113 1145 2136 ,
1177 2071 1269 2140 qui
1298 2080 1423 2124 sunt
1449 2086 1635 2125 crasso
1663 2071 1825 2125 corde
1844 2112 1857 2132 ,
1888 2070 2149 2133 earnales,
2177 2068 2256 2122 al-

678 2162 764 2215 [ἱκί
788 2170 963 2223 term,
980 2162 1162 2216 vitium
1189 2172 1491 2230 sequentes,
1508 2162 1898 2230 improbitatem
1919 2169 2253 2223 exercentes,

680 2253 895 2307 libidine
931 2262 983 2307 et
1022 2254 1295 2320 voluptate
1331 2253 1565 2321 corrupti
1593 2269 1607 2304 :
1636 2253 1755 2306 talis
1782 2253 1923 2307 enim
1953 2252 2111 2306 homo
2139 2268 2261 2307 car-

681 2342 832 2395 nalis.
864 2342 928 2396 Et
947 2342 1105 2395 vitam
1136 2357 1319 2395 eorum
1352 2343 1768 2410 reprehendens,
1800 2342 2031 2397 ostendit
2057 2341 2258 2397 fon'em

582 2458 585 2461 ν
682 2433 967 2503 impietatis
988 2474 1002 2497 ,
1033 2432 1334 2503 signiﬁcans
1362 2433 1462 2487 hoc
1502 2433 1579 2486 eis
1618 2448 1737 2487 esse
1773 2435 2003 2487 maximo
2035 2435 2258 2502 impedi-

685 2536 897 2590 mento,
928 2527 1212 2596 quominus
1241 2525 1321 2585 ad
1346 2526 1447 2579 alta
1482 2526 1728 2593 dogmata
1759 2527 2086 2594 perveniant.
2120 2525 2262 2579 Nihil

684 2617 824 2669 enim
853 2632 947 2669 cor
974 2616 1109 2671 adeo
1137 2625 1417 2685 aggravat,
1452 2626 1507 2670 ut
1554 2616 1715 2669 libido
1746 2617 1879 2670 mala
1901 2658 1916 2680 ,
1948 2632 2011 2671 ac
2039 2617 2263 2671 sarcula-

687 2705 823 2757 rium
869 2710 1305 2774 terrenarumque
1354 2721 1529 2759 rerum
1585 2721 1709 2762 cura
1755 2706 2109 2774 studiumque.
2161 2703 2266 2758 Cor

689 2793 985 2861 lutjusmodi
1020 2811 1122 2846 non
1165 2796 1422 2848 erraverit
1451 2796 1540 2864 qui
1570 2796 1768 2849 luteum
1798 2795 2179 2863 appellaverit;
2212 2802 2267 2847 et

690 2884 809 2938 ideo
835 2886 882 2937 id
913 2901 1072 2954 grave
1106 2888 1344 2949 vocavit;
1378 2898 1429 2941 et
1452 2888 1501 2941 id
1530 2887 1667 2941 dixit
1692 2902 1812 2942 esse
1841 2903 2053 2943 causam
2096 2890 2265 2940 malo-

689 2990 826 3040 rum,
859 2976 1000 3044 quod
1050 2992 1169 3030 cum
1216 2979 1409 3046 auriga:
1454 2977 1627 3031 locum
1673 2987 1889 3045 teneat,
1939 2994 2041 3031 non
2096 2980 2267 3033 solum

689 3079 883 3133 equum
915 3064 1133 3121 habenis
1178 3084 1281 3121 non
1320 3068 1564 3123 cohibeat
1588 3111 1601 3135 ,
1629 3069 1719 3123 sed
1746 3069 1904 3123 etiam
1930 3085 2047 3124 cum
2075 3085 2139 3124 eo
2166 3079 2271 3122 tra-

694 3154 852 3210 hente
892 3155 1138 3211 deorsum
1186 3159 1575 3226 pmcipitetur;
1606 3156 1832 3230 eumque
1873 3170 2112 3230 oporteat
2148 3175 2269 3214 car-

695 3259 817 3297 nem
844 3244 943 3299 alis
968 3247 1251 3312 instruere,
1281 3249 1559 3302 suliiimem
1581 3265 1760 3319 agere.
1781 3261 1835 3305 et
1861 3250 1911 3304 in
1935 3251 2125 3304 omium
2153 3265 2270 3304 sus-

699 3334 906 3397 tollere,
938 3351 999 3391 ea
1026 3350 1145 3391 cum
1192 3340 1561 3407 aegritudinum
1592 3342 1903 3409 gravissimo
1934 3357 2094 3396 onere
2117 3342 2275 3397 deor-

696 3438 813 3479 sum
857 3442 961 3482 una
998 3416 1597 3497 deprimatur.'Quando
1640 3447 1766 3502 ergo
1797 3434 1877 3487 vel
1928 3434 2142 3503 auriga,
2187 3434 2273 3488 vel

698 3517 1019 3595 gubernator
1058 3521 1178 3575 talis
1215 3522 1371 3576 fuerit
1390 3563 1405 3586 ,
1435 3539 1675 3591 quamam
1702 3534 1784 3578 est
1811 3539 1932 3592 spes
1961 3525 2182 3579 salutis?
2206 3525 2277 3580 Ut

701 3608 911 3675 quando
934 3610 1078 3673 dicit,
1102 3613 1163 3665 Si
1181 3613 1269 3665 lux
1290 3630 1401 3681 quae
1430 3617 1481 3666 in
1502 3623 1550 3666 te
1572 3623 1665 3678 est,
1685 3615 1897 3669 teneone
1919 3627 2053 3679 sunt,
2076 3627 2277 3687 quaan

700 3709 815 3751 sunt
842 3701 1053 3752 tem'brte
1082 3701 1305 3770 (Matth.
1339 3705 1391 3757 6.
1422 3702 1555 3771 23)?
1585 3704 1807 3769 Quando
1835 3713 1917 3759 est
1955 3706 2278 3772 gubernator

700 3787 878 3841 ebrius
902 3830 915 3851 ,
948 3799 1003 3843 et
1029 3790 1281 3845 ﬂuctuum
1309 3808 1371 3846 ac
1395 3803 1673 3848 ventorum
1706 3795 1940 3848 imitatur
1966 3796 2275 3849 inconstan-

705 3879 850 3939 tiam,
880 3880 1145 3945 quomodo
1174 3883 1323 3937 navis
1349 3884 1688 3937 servaliizur?

774 3971 828 4024 6.
869 3971 1003 4037 Quid
1037 3987 1165 4041 ergo
1202 3984 1374 4042 potest
1416 3974 1583 4029 levem
1611 3974 1839 4029 animam
1879 3974 2132 4029 ellieere?
2161 3974 2278 4030 Vita

706 4060 982 4135 mirabilis,
1007 4063 1050 4115 si
1078 4064 1143 4116 ad
1176 4064 1369 4117 nullam
1400 4080 1573 4121 rerum
1609 4065 1763 4133 hujus
1792 4066 1915 4118 vitae
1941 4066 2237 4134 aspiremus
2260 4106 2276 4131 ,

706 4165 807 4204 nec
836 4151 1055 4218 pedibus
1077 4152 1363 4222 quidquam
1381 4155 1657 4224 alligemus
1679 4170 1862 4208 eorum
1885 4171 2000 4224 qua:
2029 4156 2276 4211 deorsum

705 4249 764 4295 et
791 4240 1049 4307 feruntur,
1079 4253 1131 4297 et
1163 4243 1353 4297 ferunt.
1379 4244 1459 4299 Ex
1489 4247 1799 4312 corporibus
1825 4247 1966 4299 enim
1996 4246 2097 4299 alia
2126 4247 2285 4301 deor-

707 4346 824 4383 sum
857 4330 979 4385 ferri
1010 4331 1201 4397 solent,
1228 4342 1285 4387 ut
1314 4334 1535 4403 lapides,
1568 4336 1723 4404 ligna,
1757 4344 1812 4389 et
1838 4349 1956 4404 qum
1983 4344 2106 4389 sunt
2144 4336 2285 4405 ejus-

710 4421 885 4487 modi;
916 4423 1016 4477 alia
1047 4440 1175 4479 vero
1212 4441 1453 4497 sursum,
1478 4436 1533 4480 ut
1563 4427 1729 4497 ignis,
1757 4429 2001 4496 spiritus,
2031 4435 2085 4481 et
2110 4428 2283 4496 pluma

710 4521 897 4567 natura
940 4530 1034 4569 sua
1065 4516 1215 4570 levis.
1250 4517 1305 4572 Si
1346 4518 1470 4587 quid
1501 4534 1627 4589 ergo
1657 4535 1841 4574 eorum
1872 4536 1993 4589 qua:
2035 4521 2282 4577 deorsum

710 4600 969 4669 feruntur,
987 4606 1035 4659 ei
1057 4606 1194 4673 qucd
1224 4606 1339 4662 leve
1364 4617 1443 4661 est
1467 4608 1785 4678 alligaveris.
1806 4612 1947 4663 nulla
1977 4620 2058 4665 est
2082 4612 2284 4683 alarum

708 4708 809 4749 nec
839 4695 1053 4762 Spiritus
1082 4698 1316 4773 utilitas,
1349 4714 1469 4752 cum
1512 4701 1763 4765 excedat,
1796 4711 2008 4771 superet
2033 4714 2088 4757 et
2114 4704 2288 4757 vincat

709 4785 957 4853 gravitas.
985 4783 1061 4840 lta
1100 4789 1256 4841 etiam
1291 4790 1335 4843 si
1361 4791 1480 4858 quis
1500 4792 1660 4859 pedes
1687 4792 1929 4845 habuerit
1951 4805 2283 4862 aggravatos,

709 4874 793 4928 vel
841 4886 1056 4945 propter
1102 4880 1270 4933 malos
1313 4879 1591 4934 afﬂuentes
1634 4880 1919 4949 lmmores,
1951 4884 2033 4937 vel
2070 4892 2289 4951 prepter

711 4965 867 5019 aliam
899 4969 1283 5036 argritudinem,
1315 4970 1444 5026 nihil
1470 4987 1590 5026 eum
1616 4972 1831 5041 juverit,
1859 4975 1901 5027 si
1931 4976 1999 5027 sit
2027 4975 2285 5043 reliquum

710 5072 904 5127 corpus
945 5060 1080 5115 leve.
1107 5062 1160 5116 Si
1188 5072 1363 5115 autem
1394 5062 1497 5117 hoc
1525 5072 1608 5117 est
1650 5065 1699 5116 in
1748 5066 2058 5132 corporibus
2078 5107 2091 5129 ,
2120 5067 2289 5119 multo

711 5152 878 5221 magis
907 5152 956 5204 in
985 5152 1163 5207 corde.
1197 5153 1273 5207 Ne
1301 5154 1459 5222 igitur
1488 5154 1612 5208 illud
1648 5169 2011 5225 aggmvcums,
2048 5171 2112 5209 ne
2152 5156 2290 5209 sicut

713 5245 917 5313 navigia
937 5284 953 5309 ,
979 5260 1097 5313 quae
1129 5245 1348 5299 nimium
1381 5246 1575 5299 habent
1603 5246 1841 5301 saburra:
1871 5290 1883 5306 ,
1926 5248 2287 5317 demergatur.

713 5333 767 5386 lu
796 5343 975 5387 nostra
1005 5336 1148 5389 enim
1181 5335 1281 5391 hoc
1308 5345 1567 5406 potestate
1597 5338 1754 5391 situm
1778 5349 1876 5392 est.
1908 5338 2020 5391 Non
2043 5341 2184 5393 enim
2210 5348 2290 5393 ta-

714 5426 775 5478 lis
802 5438 885 5480 est
905 5438 1114 5492 natura,
1144 5430 1235 5482 sed
1260 5430 1375 5485 leve
1401 5440 1454 5483 et
1482 5445 1690 5484 sursum
1712 5432 1934 5485 tendens
1957 5432 2149 5485 factum
2174 5440 2285 5484 est:

715 5531 811 5568 nos
855 5516 1029 5571 autem
1061 5519 1229 5587 ipSum
1260 5530 1452 5588 praeter
1490 5533 1729 5574 naturam
1770 5538 1930 5590 grave
1971 5523 2209 5583 facimus,
2240 5532 2291 5576 et

716 5608 836 5662 ideo
878 5612 1129 5678 propheta
1170 5613 1544 5680 reprehendit:
1576 5614 1616 5666 si
1658 5624 1833 5692 autem
1867 5627 2045 5666 natura
2082 5616 2181 5666 tale
2207 5630 2291 5668 cs-

716 5708 828 5761 sct,
864 5716 1192 5773 nequaquam
1241 5705 1687 5769 reprehendismt.
1723 5705 1786 5757 Ut
1832 5721 1957 5775 ergo
2003 5706 2289 5758 secundum

713 5801 962 5849 naturam
986 5796 1296 5863 incedimus,
1327 5799 1417 5854 sed
1449 5801 1489 5853 si
1522 5814 1867 5869 aggravemus
1894 5815 2084 5869 genua,
2116 5817 2199 5855 res
2232 5806 2289 5854 tit

2344 538 2536 593 pra'ter
2562 540 2838 590 naturam,
2871 542 2989 581 cum
3021 541 3118 579 nos
3143 526 3311 578 simus
3339 519 3617 592 impediti:
3651 518 3720 573 ita
3764 518 3934 571 etiam

2342 618 2393 670 in
2424 618 2645 687 pedibus
2669 619 2882 679 mentis,
2904 632 3094 685 nempe
3124 617 3174 669 in
3197 614 3624 684 cogitationibus,
3641 611 3935 664 usuveniro

2340 709 2495 761 solet.
2524 706 2591 763 Ut
2632 709 2756 778 quid
2793 709 3000 778 diligitis
3039 708 3325 768 vanitatem,
3366 715 3413 758 et
3447 704 3671 772 queritis
3709 702 3931 753 menda-

2340 801 2515 853 cium?
2568 801 2661 855 llic
2707 800 3011 862 simulacra,
3067 810 3123 854 et
3170 800 3331 851 vitam
3376 797 3671 866 improbam
3716 794 3931 847 videtur

2343 892 2472 944 mihi
2501 892 2697 946 dicere.
2729 890 2935 945 Vanum
2984 891 3125 945 enim
3156 888 3285 942 illud
3314 887 3509 941 dicitur
3543 884 3689 955 quod
3724 894 3806 937 est
3836 896 3935 938 va-

2342 997 2525 1047 cuum,
2550 982 2761 1051 quando
2785 996 2978 1037 nomen
3005 982 3216 1050 quidem
3250 978 3426 1043 fuerit,
3455 992 3541 1031 res
3569 988 3933 1045 nequaquam.

2344 1070 2417 1126 Ita
2446 1074 2585 1141 apud
2612 1072 2827 1129 Graecos
2854 1074 3065 1127 nomina
3092 1071 3307 1141 quidem
3348 1070 3571 1123 deorum
3604 1067 3766 1121 multa
3791 1106 3808 1129 ,
3840 1077 3931 1120 res

2344 1179 2474 1218 vero
2503 1166 2756 1229 minime;
2788 1173 2842 1218 et
2890 1164 2942 1217 in
2990 1163 3111 1215 aliis
3154 1161 3444 1216 similiter:
3479 1174 3673 1212 nomen
3719 1157 3929 1210 divitia-

2346 1272 2483 1319 rum,
2518 1271 2607 1311 res
2634 1268 2809 1310 autem
2839 1255 3091 1318 minime;
3123 1262 3178 1308 et
3220 1268 3411 1306 nomen
3442 1250 3623 1321 gloria:
3642 1290 3657 1313 ,
3689 1263 3775 1303 res
3801 1264 3938 1303 vero

2347 1347 2599 1409 minime;
2627 1361 2820 1399 nomen
2848 1344 3117 1414 potentiae,
3145 1354 3197 1397 et
3226 1352 3465 1396 remanet
3493 1340 3668 1395 solum
3713 1354 3937 1392 nomen.

2347 1438 2477 1504 Quis
2502 1450 2582 1492 est
2606 1452 2734 1506 ergo
2759 1436 2891 1489 adeo
2915 1449 3124 1499 excors,
3153 1443 3210 1488 ut
3231 1443 3434 1503 quierat
3456 1432 3666 1486 nomina
3694 1447 3814 1499 qua:
3844 1446 3939 1483 re-

2350 1531 2449 1584 bus
2472 1529 2829 1583 destituuntur
2849 1568 2862 1590 ,
2894 1538 2942 1582 et
2974 1535 3320 1595 persequatur
3350 1525 3555 1589 inania,
3583 1538 3701 1593 qua:
3725 1530 3946 1591 oportet

2353 1622 2571 1691 fugere?
2591 1624 2779 1674 Annoo
2806 1620 2924 1673 vitae
2945 1620 3239 1685 voluptates
3260 1627 3313 1670 et
3336 1617 3612 1671 felicitates
3634 1617 3764 1669 tales
3784 1614 3943 1668 sunt!

2355 1729 2529 1768 nonne
2558 1714 2734 1765 omnia
2758 1713 3099 1775 mentiuntur,
3118 1722 3171 1764 et
3196 1712 3465 1778 decipiunt
3490 1711 3511 1763 '!
3539 1710 3757 1763 Etiamsi
3784 1710 3945 1763 dixe-

2354 1806 2429 1861 ris
2447 1806 2687 1874 gloriam,
2711 1803 2919 1858 etiamsi
2942 1803 3173 1865 divitias,
3196 1802 3402 1855 etiamsi
3431 1801 3735 1869 potentiam,
3760 1801 3945 1851 omnia

2355 1907 2474 1949 sunt
2504 1895 2725 1947 vanitas.
2762 1894 2826 1947 Et
2864 1894 2984 1947 ideo
3007 1894 3141 1947 dixit
3170 1892 3515 1946 Ecclesiastes
3543 1907 3556 1941 τ
3601 1881 3812 1942 vatio...
3851 1905 3949 1941 sa-

2357 1986 2586 2045 nitatum,
2612 1994 2657 2038 et
2681 1985 2848 2036 omnia
2873 1986 3065 2036 vanitas
3089 1981 3304 2051 (Eccles.
3341 1982 3389 2034 l.
3416 1980 3496 2046 Ξ).
3531 1979 3816 2044 Propterea
3845 1978 3951 2030 dn-

2360 2076 2471 2129 lore
2518 2074 2744 2128 afficitur
2795 2071 3047 2141 propheta
3074 2113 3089 2135 ,
3130 2071 3253 2124 dum
3302 2072 3353 2124 in
3400 2072 3503 2122 vita
3549 2070 3691 2123 videt
3742 2080 3950 2121 tantam

2358 2161 2643 2221 amentiam
2677 2183 2690 2216 :
2722 2164 2940 2233 perinde
2966 2164 3107 2217 enim
3137 2172 3218 2216 est
3255 2177 3317 2215 ac
3359 2162 3401 2214 si
3448 2161 3569 2230 quis
3611 2174 3731 2213 cum
3769 2158 3954 2213 videat

2359 2257 2661 2326 quempiam
2705 2257 2873 2309 lucrm
2916 2254 3197 2323 fugientem
3228 2296 3242 2316 ,
3275 2251 3521 2307 tenebras
3549 2260 3727 2305 autem
3744 2265 3952 2327 ‘perse-

2360 2355 2612 2417 quentem
2636 2386 2651 2409 ,
2678 2346 2723 2399 ei
2750 2345 2927 2400 dicat:
2959 2344 3066 2398 Cur
3100 2344 3200 2397 hoc
3238 2342 3367 2396 fat-is
3406 2342 3540 2395 adeo
3580 2342 3869 2394 absurdum
3895 2349 3954 2395 et

2366 2449 2557 2508 praeter
2587 2437 2884 2491 rationem?
2923 2436 2990 2489 ita
3020 2446 3074 2489 et
3100 2438 3212 2505 ipse
3239 2451 3253 2486 :
3282 2434 3384 2487 Cur
3421 2432 3630 2503 diligitis
3654 2433 3952 2491 sanitatem,

2365 2539 2409 2583 et
2435 2528 2657 2599 qntzritis
2683 2528 2995 2580 mendacium
3012 2527 3036 2579 .’
3051 2530 3100 2580 4.
3124 2524 3187 2577 Et
3213 2525 3385 2577 scitote
3402 2525 3639 2593 quoniam
3665 2521 3959 2587 miri/ienuit

2366 2620 2612 2674 Dominus
2633 2630 2861 2674 sanctum
2888 2636 3054 2673 sinon.
3090 2619 3237 2672 Alius
3264 2619 3525 2685 interpres
3548 2614 3673 2670 dicit
3700 2634 3709 2667 :
3738 2614 3844 2668 Sed
3863 2614 3959 2665 sci-

2366 2723 2467 2766 tote
2484 2713 2721 2781 quoniam
2757 2711 3057 2777 miri/icavit.

2442 2801 2706 2867 Quomodo
2753 2801 2997 2870 propheta
3026 2800 3249 2864 Itonu'nps
3280 2798 3346 2850 ad
3373 2797 3707 2866 cognitionem
3746 2794 3839 2849 Dei
3871 2797 3960 2846 in-

2369 2898 2542 2950 ducat.
2574 2893 2681 2948 Vt'te
2710 2894 2915 2947 Domini
2942 2894 3009 2947 ad
3029 2892 3451 2947 disseminandam
3480 2890 3759 2942 doctrinam
3787 2904 3961 2941 smmi.

2368 3021 2440 3031 —-
2472 2990 2657 3043 Vidisti
2690 2986 2958 3056 prapheta:
2979 2985 3331 3054 sapientiam?
3356 2983 3628 3038 Undeuam
3659 2995 3752 3033 eos
3785 2979 3961 3032 addu—

2372 3084 2443 3137 cit
2472 3081 2539 3136 ad
2574 3081 2667 3135 Dei
2705 3078 3097 3148 cognitionem?
3124 3078 3166 3130 A
3205 3076 3431 3145 quadam
3463 3082 3611 3141 parte
3639 3070 3965 3125 manifestis-

2374 3177 2504 3230 sima
2551 3184 2605 3228 et
2644 3174 2878 3226 moribus
2915 3170 3081 3239 magis
3107 3167 3365 3239 cognitis,
3401 3180 3590 3233 nempe
3628 3163 3858 3229 scipsum
3908 3161 3963 3212 in

2376 3266 2607 3320 medium
2635 3264 2923 3316 adducens.
2946 3260 3077 3330 Ego,
3107 3260 3293 3327 inquit,
3326 3272 3511 3310 servus
3535 3271 3654 3307 sum
3682 3253 3775 3307 Dei
3808 3253 3918 3306 veri
3950 3268 3962 3301 :

2376 3376 2405 3413 a
2438 3375 2521 3414 me
2547 3375 2673 3427 ergo
2697 3358 2811 3426 ejus
2832 3355 3018 3410 discite
3042 3355 3347 3423 potentiam,
3382 3352 3648 3414 virtutem,
3675 3349 3967 3416 providen-

2379 3454 2526 3527 tiam:
2559 3450 2672 3503 Non
2701 3459 2780 3503 est
2812 3448 2951 3501 enim
2977 3446 3077 3499 hoc
3100 3460 3340 3514 parvum,
3364 3442 3500 3511 quod
3527 3442 3673 3495 ducit
3703 3442 3751 3492 in
3780 3441 3972 3509 cogni-

2377 3544 2574 3595 tionem
2624 3540 2735 3595 Dei.
2769 3538 2919 3605 Quod
2962 3538 3171 3607 quidem
3214 3551 3276 3589 ex
3322 3535 3578 3588 creaturis
3623 3533 3794 3601 palam
3841 3532 3972 3584 facit

2378 3631 2633 3702 propheta
2654 3671 2670 3695 ,
2699 3628 2911 3699 quando
2954 3628 3019 3681 de
3062 3628 3177 3695 ejus
3210 3624 3534 3693 providentia
3564 3622 3777 3676 όὶεερτίι
3797 3662 3812 3685 ,
3840 3636 3969 3676 cum

2380 3724 2445 3777 ad
2474 3726 2664 3786 solem,
2690 3722 2907 3782 caelum,
2941 3730 3157 3783 terram,
3187 3730 3237 3770 et
3268 3731 3445 3771 aerem
3472 3716 3663 3779 elatus,
3690 3730 3754 3768 ex
3776 3713 3975 3767 ordine

2381 3831 2564 3871 eormn
2594 3830 2710 3881 tunc
2737 3812 2980 3867 videntur
3021 3810 3274 3877 Opiﬁcem
3316 3807 3565 3877 prmdicat
3605 3822 3620 3859 :
3661 3820 3971 3860 si‘rtnoncm

2380 3923 2591 3976 quoque
2618 3906 2763 3960 ducit
2782 3905 2847 3959 ab
2870 3905 2985 3973 ejus
3010 3902 3201 3964 servis,
3223 3911 3273 3955 et
3298 3901 3363 3955 ab
3386 3901 3448 3953 iis
3473 3915 3592 3968 quae
3614 3900 3728 3968 ipso
3746 3909 3973 3953 auctore

2381 4000 2717 4069 contigerunt
2746 4017 2759 4051 :
2791 3997 2931 4066 quod
2962 3996 3171 4064 quidem
3204 3996 3362 4049 etiam
3393 3995 3443 4047 in
3471 3992 3733 4046 Abraham
3764 3992 3970 4045 evenit.

2383 4091 2445 4145 El
2473 4092 2612 4145 enim
2641 4090 2917 4151 dicebant,
2952 4086 3153 4141 Scimus
3178 4086 3311 4154 quod
3338 4102 3369 4137 a
3403 4083 3504 4137 Deo
3536 4085 3668 4135 renis
3699 4082 3839 4135 nobis
3880 4099 3974 4136 rea:

2384 4182 2642 4252 (Gen.23.
2667 4183 2742 4251 6).
2775 4180 2924 4236 Unde
2954 4178 3138 4232 scitis?
3168 4178 3243 4231 Ex
3273 4176 3509 4234 victoria.
3541 4189 3606 4227 ex
3639 4174 3876 4242 tropmis,
3903 4190 3969 4227 ex

2386 4276 2560 4329 bellis.
2580 4274 2692 4328 Hoc
2720 4275 2876 4327 etiam
2897 4272 2948 4325 in
2968 4270 3163 4324 Judazis
3188 4268 3397 4321 accidit.
3419 4266 3665 4319 Miracnla
3686 4266 3825 4319 enim
3847 4280 3972 4333 qua:

2389 4383 2484 4437 pro
2526 4369 2604 4421 eis
2649 4368 2778 4419 facta
2824 4371 2965 4429 sunt,
2995 4365 3252 4415 universa:
3298 4370 3453 4413 terrae
3486 4360 3726 4412 timorem
3772 4358 3969 4412 attule-

2387 4468 2545 4524 runt,
2577 4458 2715 4527 quod
2744 4457 2898 4511 etiam
2929 4466 3052 4509 tunc
3081 4454 3214 4507 dixit
3248 4454 3496 4506 meretrix
3532 4451 3619 4502 illa
3651 4449 3692 4502 il
3714 4449 3973 4503 ericltnn-

2388 4555 2496 4607 tina
2523 4571 2534 4604 :
2564 4551 2748 4605 Cecidit
2773 4551 2823 4602 in
2846 4566 2935 4602 nos
2958 4552 3106 4599 timor
3130 4556 3344 4597 vestrum
3372 4555 3418 4597 et
3449 4554 3632 4595 tremor
3659 4539 3793 4613 (los.
3812 4542 3847 4595 2
3886 4541 3970 4606 9).

2388 4644 2502 4699 Una
2528 4653 2607 4696 est
2632 4656 2758 4711 ergo
2785 4642 2863 4693 via
2895 4654 2955 4692 ea
2984 4654 3100 4707 qua:
3143 4647 3223 4688 est
3272 4650 3364 4703 per
3403 4643 3708 4687 creaturas:
3740 4631 3837 4683 alia
3882 4646 3976 4685 ve-

2389 4748 2469 4797 ro,
2498 4747 2665 4801 eaque
2696 4730 3057 4790 manifestior,
3086 4740 3205 4795 qum
3246 4734 3328 4779 est
3358 4739 3449 4791 per
3476 4738 3659 4775 servos
3693 4737 3708 4773 :
3736 4729 3789 4773 et
3834 4721 3973 4775 hanc

2394 4829 2529 4883 Deus
2558 4841 2586 4878 a
2615 4824 2793 4878 multis
2814 4831 2956 4875 retro
2982 4819 3189 4872 saeculis
3210 4816 3502 4869 doctrinam
3531 4810 3893 4867 disseminavit
3921 4813 3973 4864 in

2391 4933 2707 4989 unaquaque
2755 4914 3110 4984 generatione.
3141 4909 3420 4977 Egyptios
3468 4907 3642 4974 itaque
3684 4904 3863 4959 docuit
3899 4920 3971 4959 es

2392 5011 2680 5071 Abraham,
2712 5007 2899 5060 Persas
2927 5003 3003 5071 (α)
3034 5016 3213 5055 rursus
3238 5016 3301 5053 ex
3331 4999 3516 5053 eodem
3537 5038 3552 5063 ,
3589 4998 3880 5059 Ismaelitas
3908 5014 3975 5051 t-x

2393 5103 2509 5172 ejus
2544 5101 2822 5170 nepotibus
2846 5139 2859 5159 ,
2891 5105 2942 5150 et
2969 5096 3099 5148 alios
3122 5091 3556 5153 innumerabiles,
3585 5100 3639 5143 et
3679 5106 3773 5158 per
3809 5089 3976 5144 Jac-ob
4026 5106 4031 5115 ’

2394 5213 2485 5252 eos
2515 5196 2601 5266 qui
2631 5190 2934 5246 habitabant
2964 5188 3014 5240 in
3043 5185 3435 5253 Musowtamia.
3466 5182 3623 5238 Vides
3668 5183 3971 5235 universum

2458 5376 2528 5435 (α)
2561 5372 2793 5425 savilius.
2841 5383 2997 5435 ηιρςηςς
3043 5366 3129 5435 ,εἰς
3176 5370 3227 5435 et
3258 5359 3387 5435 alias
3408 5361 3769 5435 αδηερξφηιξιβ
3790 5358 3977 5435 assde

2399 5421 2616 5492 attrahi:
2631 5421 2746 5483 eum
2768 5421 2956 5479 Geraris
2970 5421 3234 5492 habitaret,
3258 5432 3424 5492 [forsas
3444 5421 3687 5492 appellat;
3708 5430 3974 5492 aequara—

2398 5481 2654 5559 iiéh’éiﬁ‘se‘
2678 5494 2870 5559 viderit.
2898 5498 3008 5539 Nam
3040 5488 3235 5559 memini
3258 5486 3323 5559 de
3348 5488 3405 5533 iis
3438 5481 3601 5559 etiam.
3636 5483 3718 5544 qui
3740 5481 3977 5559 diluvium

2399 5542 2772 5622 prmceslserunt,
2798 5553 3047 5622 loquutuin
3086 5550 3491 5622 Cbrxsostomum,
3536 5542 3837 5622 illos-leodem
3870 5550 3977 5591 Per-

2397 5607 2561 5669 Earum
2584 5607 2777 5669 nomine
2800 5607 3141 5674 coinpellasse.
3180 5607 3317 5659 Nihil
3346 5610 3521 5657 mirum
3569 5609 3712 5674 igitur
3798 5610 3967 5674 Setina-

2397 5666 2646 5731 ὧέτῖὶῷυἰέ]
2671 5666 2924 5737 aliquando
2948 5688 3117 5733 regem
3139 5679 3383 5737 Persarum
3409 5666 3813 5737 vin-avertuluﬁn
3833 5667 3978 5737 etiam

2399 5728 2565 5793 Baiias
2589 5728 2789 5787 vocari'a
2812 5728 3140 5794 ('Jtrysnstomn
3160 5732 3237 5789 dei
3259 5729 3507 5794 relic-udos
3532 5729 3738 5789 Assyrios
3762 5735 3811 5774 et
3835 5728 3976 5787 Μὴν.

2401 5790 2552 5855 lo'mos
2572 5818 2584 5863 ;
2610 5803 2726 5866 quin
2754 5808 2803 5849 et
2824 5790 3050 5846 Abraham
3076 5803 3265 5844 Persam
3289 5800 3422 5839 vocat
3448 5790 3582 5837 intra.
