4178 6452
160 421 199 478 11
1344 421 1714 482 EXPOSITIO
1755 421 1824 476 IN
1862 417 2195 481 PSALMUM
2229 421 2320 478 IV.
3453 428 3522 482 48

177 547 250 602 ml
272 548 389 606 6101
417 546 764 619 ’Υψίστσυ
792 548 1048 618 πάντες.
1080 548 1278 620 ’Υμεῖς
1313 548 1382 602 δὲ
1400 547 1802 614 ὡξᾶνθρωποι

191 647 618 716 ἀποθνήσκετε.
645 651 775 703 Καὶ
813 648 922 703 θέα
967 647 1064 702 τοῦ
1113 647 1400 720 [προφήτου
1434 646 1534 716 τὴν
1567 643 1805 706 σύνεσιν.

208 747 372 813 δείξας
396 746 682 818 πρότερον
705 746 812 799 τοῦ
843 744 984 800 Θεοῦ
1015 745 1116 817 τὴν
1144 745 1320 814 ἰσχὺν,
1345 742 1442 796 καὶ
1461 742 1523 794 τὸ
1550 739 1805 812 εὔπορον,

214 845 294 899 καὶ
313 844 372 898 τὸ
400 843 744 914 εὐμήχανον,
777 843 879 896 καὶ
907 841 971 896 τὸ
999 839 1255 912 χρηστὸν,
1287 838 1383 893 καὶ
1414 836 1477 892 τὸ
1511 833 1814 908 φιλάνθρω-

217 961 327 1009 πον,
351 945 436 998 δτι
464 943 526 996 δν
546 940 736 1012 θλίψει
767 938 1051 1002 πλατύνει,
1074 939 1156 992 ὅτι
1201 935 1368 990 ἐλεῶν
1401 933 1645 989 ἐπινεύει
1661 951 1674 964 ·
1695 928 1815 986 εἶτα

216 1040 404 1094 ἐννοῶν
421 1039 526 1110 τήν
560 1055 700 1109 κεχυ
709 1037 882 1108 μένην
919 1038 978 1090 ὲν
1005 1033 1316 1107 ἀνθρώποις
1340 1030 1563 1092 κακίαν,
1591 1027 1688 1083 καὶ
1713 1027 1815 1098 τῆς

215 1135 468 1200 ἀσεϐείας
493 1139 596 1208 τὴν
625 1133 944 1206 τυραννίδα,
959 1131 1211 1197 καθάπερ
1235 1127 1681 1198 άποπνιγόμενος
1705 1125 1816 1179 ἀπὸ

215 1235 311 1306 τῆς
346 1233 617 1306 ἀθυμίας,
640 1232 833 1305 τρέπει
863 1231 956 1284 τὸν
982 1229 1142 1300 λόγον
1163 1227 1303 1302 πρὸς
1339 1228 1466 1291 106;
1485 1226 1544 1278 ὲν
1576 1220 1817 1293 πονηρίᾳ
1888 1284 1890 1287 ι

216 1331 451 1396 ζῶντας.
479 1331 764 1403 μονονουχὶ
811 1328 1011 1397 λέγων,
1038 1327 1120 1380 ὅτι
1145 1324 1399 1379 Τοιοῦτον
1424 1323 1640 1393 ἔχοντες
1660 1307 1813 1382 Θεὸν,

218 1429 364 1483 οῦτω
412 1428 689 1501 χρηστὸν,
723 1426 866 1481 οῦτω
921 1424 1338 1497 φιλάνθρωπον,
1367 1419 1512 1476 οὕτω
1555 1417 1815 1482 δυνατὸν,

221 1528 343 1591 πῶς
371 1530 453 1592 είς
478 1526 736 1582 ἀσέϐειαν
761 1525 1072 1593 ἑξεκλίνατε
1103 1540 1118 1588 ;
1159 1522 1269 1576 Καὶ
1294 1513 1401 1593 ὃραῖ
1427 1519 1526 1591 τὴν
1550 1517 1818 1590 παραίνε-

225 1641 333 1688 σιν,
359 1624 536 1694 πόσης
559 1623 696 1693 μετά
720 1622 815 1676 τοῦ
839 1620 1015 1693 θυμοῦ
1040 1621 1206 1691 γέμει
1226 1618 1445 1688 καὶτῆς
1463 1614 1820 1688 προσηνείας,

223 1724 404 1792 πόσης
440 1721 542 1792 τῆς
583 1721 920 1792 φιλοσοφίας.
952 1719 1018 1773 Τί
1057 1719 1168 1790 γάρ
1206 1732 1404 1788 φησιν;
1445 1713 1563 1768 Υἱοὶ
1599 1711 1822 1781 ἀνθρώ-

226 1834 379 1878 πων.
406 1819 523 1885 ἕως
541 1820 687 1872 πότε
719 1815 1148 1886 βαρυκάρδιοι;
1185 1812 1453 1869 Ἐνταῦθα
1485 1811 1691 1882 σφόδρα
1705 1808 1822 1863 ἐστὶ

228 1916 649 1987 καθαπτομένου
678 1917 773 1971 καὶ
799 1915 910 1969 ἀπὸ
931 1914 1026 1969 τοῦ
1060 1915 1274 1988 χρόνου.
1303 1914 1368 1966 Εί
1404 1911 1450 1986 [1
1466 1910 1522 1982 ι]
1555 1910 1664 1982 7&9
1685 1909 1746 1962 τὸ
1766 1909 1825 1974 ἐξ

225 2013 407 2084 ἀρχῆς
441 2013 518 2085 μὴ
553 2014 782 2067 συνιδεῖν
806 2013 903 2068 τοῦ
924 2011 1062 2068 Θεοῦ
1083 2013 1183 2084 τὴν
1207 2009 1530 2084 εὐεργεσίαν
1551 2007 1716 2078 έγκλη
1726 2024 1824 2077 μα,

228 2109 394 2164 ποίαν
424 2110 537 2175 ῑξει
571 2109 902 2180 συγγνώμην
940 2109 1004 2162 τὸ
1050 2108 1211 2179 μέχρι
1243 2106 1527 2180 τοσούτου.
1550 2106 1685 2177 πρὸς
1727 2104 1827 2173 τὴν

231 2206 499 2277 ἀλήθειαν
526 2205 894 2275 τυφλώττεινς
925 2205 991 2258 Τί
1014 2204 1069 2258 δέ
1099 2207 1252 2267 ἐστιἰ
1274 2201 1639 2274 Βαρυκάρδιοι
1670 2219 1686 2268 ;
1716 2201 1830 2254 Πα-

229 2304 551 2374 χυκάρδιοι,
594 2303 886 2373 σαρκικοὶ,
912 2303 980 2374 τῇ
1027 2303 1097 2372 γῇ
1145 2299 1596 2373 προσηλωμένοι,
1629 2298 1831 2351 κακίαν

228 2400 558 2466 διώκοντες,
597 2399 865 2471 πονηρίαν
932 2398 1246 2469 μετιόντες,
1304 2398 1428 2460 ταῖς
1473 2394 1834 2466 ἡδυπαθείαις

231 2498 684 2570 κατασηπόμενοι
721 2513 734 2526 ·
764 2495 1005 2559 τοιοῦτος
1032 2495 1142 2565 7&9
1169 2497 1197 2548 6
1226 2493 1495 2567 σαρκικὸς
1521 2493 1830 2564 ἄνθρωπος.

233 2595 341 2649 Καὶ
371 2593 682 2647 διαϐάλλων
717 2593 899 2646 αὐτῶν
934 2593 1028 2646 τὸν
1057 2591 1194 2662 βίον,
1223 2591 1470 2645 δείκνυσι
1524 2589 1623 2659 τὴν
1653 2588 1837 2659 πηγὴν

233 2691 334 2758 τῆς
386 2689 662 2754 ἀσεϐείας,
696 2689 874 2758 δηλῶν
899 2690 982 2743 ὅτι
1014 2687 1176 2742 τοῦτο
1205 2686 1446 2758 μάλιστά
1472 2687 1589 2738 ἐστι
1611 2686 1674 2738 τὸ
1702 2684 1838 2755 πρὸς

238 2788 302 2840 τὰ
337 2787 594 2856 δόγματα
643 2787 831 2848 αὐτοῖς
864 2779 1153 2856 ἐμποδίζον
1183 2784 1252 2837 τὰ
1285 2781 1488 2853 ὑψηλά.
1531 2781 1700 2836 Οὐδὲν
1730 2780 1840 2851 γὰρ

237 2881 379 2936 οὕτω
401 2882 631 2953 βαρεῖαν
661 2881 889 2953 καρδίαν
916 2881 1166 2948 ποιεί,ὠς
1197 2879 1464 2950 ἐπιθυμία
1487 2877 1722 2948 πονηρὰ,
1747 2877 1842 2929 καὶ

244 2981 272 3049 ή
301 2978 440 3050 πρὸς
464 2979 534 3031 τὰ
555 2977 783 3049 βιωτικά
804 2976 1138 3048 συμπάθεια,
1153 2977 1248 3030 καὶ
1266 2976 1327 3030 τὸ
1355 2972 1746 3047 προσηλῶσθαι
1773 2974 1841 3045 τῇ

245 3076 332 3144 γῇ.
364 3074 478 3147 Τήν
503 3075 763 3144 τοιαύτην
788 3075 888 3128 οὐκ
917 3075 983 3128 ἀν
1012 3089 1096 3136 τις
1141 3073 1379 3144 ἁμάρτοι
1421 3070 1658 3142 πηλίνην
1707 3084 1844 3140 καρι-

245 3171 362 3224 δίαν
388 3170 704 3242 προσειπών
725 3191 736 3200 ν
771 3169 854 3224 διὸ
887 3171 981 3224 καὶ
1009 3169 1230 3242 βαρεῖαν
1269 3169 1440 3240 αὐτὴν
1469 3166 1697 3220 ἐκάλεσε
1717 3181 1730 3196 ·
1752 3166 1846 3219 καὶ

251 3267 353 3320 τῶν
394 3267 581 3321 κακῶν
633 3266 806 3321 αἴτιον
843 3265 1001 3320 τοῦτο
1042 3266 1246 3337 ἔφησεν
1291 3261 1432 3318 εἶναι
1454 3304 1469 3328 ,
1500 3265 1582 3318 ὅτι
1629 3262 1846 3335 ήνιόχου

250 3362 400 3428 τάξιν
446 3363 742 3434 ἐπέχουσα,
771 3364 833 3418 06
865 3363 1024 3436 μόνον
1053 3364 1116 3417 ού
1159 3363 1378 3434 κατέχει
1408 3362 1502 3416 τὸν
1529 3362 1696 3415 ἵππον
1728 3363 1850 3425 ταῖς

254 3460 428 3530 ήνίαις
445 3499 464 3523 ,
484 3460 625 3514 ἀλλὰ
668 3464 760 3514 καὶ
793 3461 934 3532 αὑτὴ
982 3459 1351 3530 καταφέρεται
1396 3457 1672 3529 συρομένη
1699 3473 1713 3489 ⁸
1757 3458 1852 3511 καὶ.

253 3557 370 3610 δέον
398 3557 635 3628 πτεροῦν
659 3557 758 3628 τήν
784 3559 985 3628 σάρκα,
1019 3559 1115 3610 καὶ
1148 3556 1445 3628 μετάρσιον
1497 3555 1850 3627 ἐργάζεσθαι,

258 3655 350 3707 καὶ
380 3656 517 3727 πρὸς
545 3654 638 3706 τὸν
681 3654 913 3725 οὐρανὸν
945 3655 1192 3722 ἀνάγειν,
1221 3657 1255 3725 ή
1298 3631 1356 3707 δὲ
1417 3653 1854 3723 συγκαοέλκεται

257 3749 334 3820 τῷ
367 3749 660 3824 βαρυτάτῳ
696 3751 807 3805 τῶν
843 3751 1187 3823 νοσημάτων
1231 3752 1461 3824 φορτίῳ.
1499 3753 1670 3806 Ὅταν
1703 3746 1797 3806 οὖν
1829 3754 1857 3807 6

263 3847 470 3918 ήνίοχος
507 3848 748 3912 τοιοῦτος
775 3843 834 3922 ᾖ,
864 3849 900 3920 ἢ
932 3850 961 3903 6
1013 3849 1381 3923 κυϐερνήτης,
1420 3851 1548 3905 ποία
1579 3849 1858 3924 σωτηρίας

266 3945 453 4011 ιλπίςς
497 3944 711 4017 Ὠσπερ
741 3947 872 4001 ὅταν
923 3947 1094 4020 λέγῃ,
1133 3951 1205 4003 El
1249 3950 1312 4003 τὸ
1344 3948 1473 4018 φῶς
1514 3951 1580 4003 τὸ
1622 3949 1694 4003 ἐν
1757 3949 1859 4005 σοι

267 4043 489 4110 σκότος
513 4042 667 4106 ἐστὶ,
700 4044 765 4097 τὸ
791 4044 1016 4112 σκότος
1042 4047 1279 4111 πόσον;
1322 4048 1492 4101 Ὅταν
1528 4049 1557 4101 6
1587 4047 1860 4120 κυϐερνή-

266 4154 362 4210 της
389 4137 567 4213 μεθύῃ
589 4138 685 4192 καὶ
713 4139 823 4193 τῶν
859 4143 1122 4212 κυμάτων
1145 4143 1239 4196 καὶ
1281 4142 1392 4197 τῶν
1439 4145 1770 4216 πνευμάτων
1801 4147 1861 4200 τὸ

269 4237 499 4290 ἄτακτον
529 4237 786 4307 μιμῆται.
812 4237 928 4304 πῶς
963 4239 1269 4312 σωθήσεται
1302 4243 1337 4314 ή
1368 4241 1538 4309 ναῦς;

339 4339 412 4399 ς’.
439 4329 515 4387 τί
534 4332 628 4387 οῦν
656 4333 876 4390 δύναται
909 4336 1121 4410 κούφην
1153 4339 1254 4410 τὴν
1285 4337 1467 4412 ψυχὴν
1501 4341 1705 4407 ποιείν;
1742 4338 1863 4405 Βίος

270 4431 620 4501 θαυμαστὸς,
653 4432 715 4486 τὸ
751 4433 887 4506 πρὸς
930 4435 1099 4508 μηδὲν
1125 4436 1235 4491 τῶν
1265 4438 1502 4494 ἐνταῦθα
1534 4438 1861 4511 κεχηνέναι,

274 4530 405 4602 μηδὲ
435 4531 550 4593 τοῖς
590 4529 749 4583 ποσὶν
794 4530 959 4585 αὐτοῦ
995 4531 1360 4605 προσδεσμετν
1406 4534 1476 4590 τὰ
1501 4535 1655 4590 κάτω
1696 4537 1863 4608 φερό-

274 4626 410 4696 μενά
432 4643 494 4679 τε
524 4627 622 4680 καὶ
642 4627 896 4698 φέροντα.
921 4627 1044 4682 Τῶν
1069 4646 1178 4703 γαρ
1209 4631 1480 4703 σωμάτων
1499 4633 1567 4687 τὰ
1587 4633 1687 4705 μὲν
1713 4636 1866 4690 κάτω

275 4723 536 4795 φέρεσθαι
562 4720 776 4793 εῐώθεν,
804 4720 917 4779 οἷον
942 4725 1104 4793 λίθοι,
1134 4728 1231 4782 καὶ
1264 4729 1432 4797 ξύλα,
1457 4731 1554 4785 καὶ
1586 4731 1766 4786 πάντα
1797 4731 1867 4786 τὰ

275 4820 529 4874 τοιαῦταο
553 4819 625 4874 τὰ
647 4821 704 4874 δὲ
734 4821 868 4888 άνω,
899 4817 1011 4880 οἷον
1035 4824 1294 4898 πῦρ,.καὶ
1327 4829 1577 4900 πνεῦμα,
1605 4829 1699 4882 καὶ
1732 4846 1868 4884 πτε-

278 4915 386 4984 ρῶν
411 4914 575 4986 φύσις
609 4916 846 4986 κούφων.
887 4921 985 4975 ’Δν
1025 4917 1120 4978 οὖν
1159 4940 1215 4976 τι
1241 4922 1353 4977 τῶν
1397 4924 1550 4978 κάτω
1591 4927 1867 4998 φερόντων

276 5011 352 5083 τῷ
375 5012 568 5083 κούφῳ
591 5016 926 5090 προσδήσῃς,
953 5018 1109 5074 οὐδὲν
1130 5019 1240 5075 τῶν
1267 5020 1486 5094 πτερῶν
1507 5021 1720 5093 ὄφελος,
1745 5023 1868 5078 οὐδὲ

277 5107 369 5162 τοῦ
401 5109 744 5182 πνεύματος,
773 5113 867 5168 τοῦ
909 5114 1109 5188 βάρους
1142 5117 1568 5189 ὑπερϐαίνοντος
1593 5120 1695 5194 τήν
1729 5139 1869 5195 συμ-

285 5206 531 5278 μετρίαν.
563 5210 662 5264 καὶ
689 5209 954 5278 νικῶντος
985 5213 1082 5269 καὶ
1106 5217 1550 5290 περιγινομένου.
1585 5220 1744 5274 Οὕτω
1775 5223 1872 5276 καὶ

288 5302 445 5367 πόδας
487 5304 555 5360 ἂν
597 5305 710 5379 ἔχῃ-
733 5324 820 5374 τις
852 5307 1296 5383 βεϐαρημένους,
1329 5313 1363 5386 ἢ
1414 5315 1593 5388 χυμοῦ
1630 5317 1870 5390 πονηροῦ

281 5399 673 5474 ίπεισρέοντος,
763 5407 952 5482 ἐτέρου
973 5409 1121 5475 τινὸς
1149 5413 1477 5484 νοσήματος,
1502 5414 1656 5470 οὐδὲν
1677 5415 1872 5486 δφελος

283 5495 430 5569 αὐτῷ
460 5498 555 5556 τοῦ
592 5500 784 5556 λοιποῦ
831 5504 1086 5578 σώματος
1127 5507 1284 5574 δντος
1327 5510 1555 5582 κούφου.
1588 5513 1652 5566 El
1687 5513 1744 5567 δὲ
1778 5515 1873 5569 ἐπὶ

285 5596 549 5665 σωμάτων
575 5598 755 5665 τοῦτο,
784 5600 968 5674 πολλῷ
1000 5603 1203 5676 μᾶλλον
1231 5605 1326 5659 ἐπὶ
1358 5607 1608 5680 καρδίας.
1645 5609 1737 5683 Μή
1763 5610 1874 5665 τοία

284 5705 375 5742 ννν
417 5695 660 5767 ποιῶμεν
706 5698 884 5772 αὐτὴν
914 5698 1160 5773 βαρεῖαν,
1196 5702 1283 5758 ἵνα
1323 5705 1399 5776 μή
1429 5707 1571 5761 κατὰ
1611 5707 1680 5762 τὰ
1713 5687 1875 5764 πλοία

285 5784 353 5838 τὰ
388 5789 586 5864 πολλὴν
615 5792 810 5865 ἔχοντα
852 5796 953 5868 τὴν
984 5797 1213 5870 ψάμμον
1242 5803 1730 5876 καταποντίζηται.
1785 5806 1876 5862 Ἐν

286 5885 415 5957 ἡμῖν
434 5900 540 5964 γάρ
561 5891 744 5949 τοῦτο.
771 5893 850 5948 ού
877 5893 988 5967 γὰρ
1010 5897 1076 5969 τῇ
1112 5899 1271 5968 φύσει
1296 5900 1522 5972 τοιαύτη
1547 5903 1718 5970 ἐστὶν,
1739 5905 1876 5963 ἀλλὰ

1914 546 1980 616 τῇ
2009 543 2172 614 φύσει
2191 552 2383 615 γέγονε
2411 545 2589 617 κούφη
2619 548 2715 600 καὶ
2737 544 3047 618 ἀνωφερὴς,
3077 546 3240 616 ἡμεῖς
3267 544 3326 598 δὲ
3347 544 3525 618 αὐτὴν

1912 636 2067 706 παρά
2097 634 2262 705 φύσιν
2301 635 2527 708 βαρεῖαν
2574 636 2873 709 ποιοῦμενο
2919 636 3001 690 διὸ
3041 638 3138 690 καὶ
3175 637 3204 690 6
3227 637 3527 708 Προφήτης

1916 725 2143 793 ἐγκαλεῖ
2161 743 2175 754 ·
2209 727 2258 779 εί
2277 727 2335 781 δὲ
2356 727 2588 796 φυσικὸν
2609 723 2700 799 ἦν,
2731 732 2832 781 ούκ
2859 727 2926 782 ἂν
2945 727 3291 782 ἐνεκάλεσεν.
3315 728 3527 800 Ὥσπερ

1913 813 2008 871 οὖν
2038 817 2182 872 κατά
2210 818 2375 886 φύσιν
2415 820 2550 890 ἡμῖν
2584 819 2648 873 τὸ
2673 817 2934 890 βαδίζειν,
2972 818 3040 874 ἂν
3071 819 3132 873 δὲ
3166 819 3428 892 βαρῶμεν
3454 819 3530 874 τά

1917 911 2146 980 γόνατα,
2184 911 2338 983 παρὰ
2387 910 2552 982 φύσιν
2592 912 2801 982 γίνεται
2825 913 2888 967 τὸ
2917 915 3178 986 πρᾶγμα,
3216 912 3530 985 πεπεδημέ-

1916 1019 2024 1056 νων
2051 1001 2228 1074 ήμῶν·
2251 1003 2398 1058 οὕτω
2419 1003 2537 1077 [15]
2562 1006 2657 1060 καὶ
2681 1004 2908 1059 ἐπὶτῶν
2931 1004 3110 1060 ποδῶν
3140 1005 3243 1074 τῆς
3262 1001 3529 1072 ᾶιανοίας,

1918 1098 2065 1167 λέγω
2103 1098 2168 1170 δὴ
2217 1098 2328 1153 τῶν
2371 1099 2684 1170 λογισμῶν,
2721 1098 3046 1168 συμϐαίνειν
3073 1099 3288 1155 εἴωθεν.
3311 1099 3441 1155 Ἵνα
3471 1099 3530 1153 τί

1921 1186 2191 1258 ἀγαπᾶτε
2229 1190 2623 1260 μαῖαι-ότητα,
2683 1190 2783 1244 καί
2830 1187 3052 1257 ζητεῖτε
3096 1188 3364 1258 ψεῦδος;
3409 1190 3532 1243 Ἐν-

1919 1280 2098 1335 ταῦθα
2132 1282 2228 1336 καὶ
2258 1280 2327 1334 τὰ
2372 1281 2628 1336 εἰδωλικά
2665 1299 2756 1352 μοι
2784 1282 2932 1335 δοκεῖ
2958 1281 3162 1350 λέγειν,
3209 1282 3307 1336 καὶ⁵
3337 1281 3432 1335 τὸν
3472 1283 3532 1335 ὲν

1922 1375 2161 1446 πονηρίᾳ
2199 1373 2333 1446 βίον.
2366 1376 2615 1429 Μάταιον
2645 1374 2758 1448 7&9
2795 1376 2974 1428 έκεῖνο
3012 1373 3237 1442 λέγεται
3260 1375 3322 1429 τὸ
3349 1373 3532 1437 κενὸν,

1921 1471 2053 1523 ὅταν
2081 1468 2251 1540 δνομα
2286 1469 2386 1540 μὲν
2430 1464 2488 1544 ᾖ,
2518 1471 2757 1541 πρᾶγμα
2782 1469 2839 1523 δὲ
2871 1469 2956 1549 μή
3059 1466 3219 1524 Οῦτω
3242 1468 3397 1539 παρὰ
3419 1469 3536 1530 τοῖς

1924 1559 2187 1633 Ἕλλησιν
2231 1563 2474 1633 ὀνόματα
2526 1562 2626 1634 μὲν
2677 1562 2818 1617 θεῶν
2857 1561 3030 1617 πολλὰ
3051 1601 3066 1627 ,
3122 1561 3430 1634 πράγματα
3478 1558 3535 1614 δὲ

1923 1653 2197 1726 οὐδαμιοῶ
2255 1656 2350 1708 καὶ
2390 1655 2482 1708 11:1
2526 1655 2637 1708 τῶν
2679 1654 2857 1710 ἄλλων
2889 1654 3125 1725 ὁμοίωςο
3167 1653 3341 1724 ὄνομα
3370 1650 3537 1704 πλού-

1924 1762 2042 1808 του,
2079 1747 2317 1817 πρᾶγμα
2343 1746 2400 1800 δὲ
2439 1745 2682 1817 οὐδαμοῦ
2702 1763 2715 1776 ’
2751 1746 2846 1800 καὶ⁸
2877 1746 3050 1816 δνομα
3071 1744 3262 1814 δόξης,
3300 1744 3539 1815 πρᾶγμα

1924 1838 1984 1893 δὲ
2022 1837 2298 1908 οὐδαμοῦο
2343 1837 2517 1908 ὄνομα
2549 1836 2905 1903 δυναστείας,
2951 1836 3048 1890 καὶ
3089 1835 3243 1905 μένει
3272 1833 3430 1903 ψιλὸν
3476 1831 3540 1886 τὸ

1927 1926 2120 1997 ὄνομα.
2172 1927 2270 1992 Τίς
2325 1923 2418 1981 οὖν
2453 1926 2628 1991 οὕτως
2674 1926 2925 1996 ἀνόητος,
2961 1925 3039 1988 ὡς
3072 1925 3317 1996 ὀνόματα
3353 1921 3540 1993 ζητεῖν

1930 2017 2277 2089 πραγμάτων
2321 2016 2534 2090 ἔρημα,
2571 2017 2668 2071 καὶ
2699 2016 2771 2070 τὰ
2794 2015 3020 2069 διάκενα
3052 2012 3278 2068 διώκειν
3297 2052 3313 2077 ,
3348 2011 3384 2067 ἃ
3411 2012 3543 2081 φεύ-

1931 2127 2050 2180 γειν
2074 2109 2184 2176 δεῖ;
2217 2111 2291 2164 Ἢ
2320 2111 2383 2163 οὐ
2421 2107 2672 2162 τοιαῦται
2705 2109 2801 2163 καὶ
2834 2109 2891 2162 αἱ
2919 2106 3111 2178 ἡδοναὶ
3140 2105 3235 2159 τοῦ
3267 2103 3408 2175 βίου,
3447 2103 3544 2157 καὶ

1933 2205 1990 2257 αἱ
2021 2202 2350 2274 εὐπραγίαις
2391 2203 2453 2256 06
2497 2201 2676 2255 πάντα
2707 2201 2964 2272 ψεύδεται
3004 2201 3101 2254 καὶ
3139 2200 3364 2270 άπατᾷς
3422 2197 3546 2251 Κᾶν

1932 2293 2093 2358 δόξαν
2138 2296 2301 2367 εἴπῃς
2322 2332 2337 2357 ,
2390 2292 2496 2347 κᾶν
2535 2291 2801 2356 πλοῦτον,
2833 2293 2940 2346 κᾶν
2983 2290 3331 2351 δυναστείαν,
3364 2289 3544 2342 πάντα

1940 2385 2260 2457 ματαιότης.
2295 2385 2388 2438 Διὸ
2415 2385 2510 2438 καὶ
2541 2387 2569 2438 6
2607 2383 3044 2455 Ἐκκλησιαστὴς
3067 2382 3222 2451 ἔλεγε
3241 2399 3258 2415 ο
3286 2379 3548 2435 κατατιτ-

1937 2494 2047 2544 της
2083 2473 2522 2546 ματαιοτήτων.
2577 2475 2653 2530 τὰ
2687 2475 2889 2530 πάντα
2927 2475 3284 2546 ματαιότης.
3331 2472 3433 2527 Διά
3483 2471 3551 2543 δὴ
3619 2532 3624 2536 ,

1937 2565 2115 2621 ταῦτα
2142 2567 2397 2622 ὀδυνᾶται
2426 2568 2455 2620 6
2486 2565 2800 2638 Προφήτης,
2832 2565 3110 2636 τοσαύτην
3141 2563 3370 2633 ἀλογίαν
3404 2561 3551 2635 ὀρῶν

1941 2661 2000 2713 ὲν
2031 2657 2111 2730 τῷ
2144 2658 2262 2729 βίῳ.
2299 2660 2513 2731 Ὠσπερ
2545 2659 2656 2732 7&9
2685 2659 2830 2714 ἂνςεῖ
2846 2675 2934 2723 τις
2962 2656 3088 2712 ἰδών
3117 2675 3240 2711 τινα
3272 2655 3552 2727 φεύγοντα

1943 2752 2079 2819 φῶς,
2122 2751 2389 2804 διώκοντα
2428 2751 2485 2804 δὲ
2524 2752 2746 2815 σκότος,
2776 2750 2911 2821 λέγῃ
2931 2766 2944 2779 ³
2967 2747 3154 2806 Ἴνατί
3189 2748 3350 2802 τοῦτο
3376 2747 3552 2806 ⁸ποιεῖς

1943 2845 2004 2897 τὸ
2037 2845 2383 2916 παράλογον;
2428 2844 2572 2898 οὕτω
2615 2844 2710 2898 καὶ
2759 2844 2943 2908 αὐτός’
2985 2844 3120 2898 Ἵνα
3167 2842 3226 2896 τί
3283 2837 3557 2910 ἀγαπᾶτε

1940 2939 2341 3004 ματιιιότητα,
2384 2937 2480 2989 καὶ
2531 2935 2753 3003 ζητεῖτε
2778 2922 3048 3004 ψεῦδὸω
3096 2935 3204 2989 Καὶ
3233 2932 3424 3003 γνῶτε
3465 2931 3556 2986 ὅτι

1945 3029 2380 3099 ἐθαυμὰστωσε
2427 3031 2644 3097 Κύριος
2692 3028 2801 3083 τὸν
2847 3027 3023 3082 ὅσιον
3066 3026 3277 3082 αὐτόῦ.
3327 3027 3557 3097 Ἕτερος

1949 3127 2290 3196 ἑρμηνευτής
2330 3142 2530 3195 φησιν,
2577 3107 2760 3178 έΑλλὰ
2803 3122 2991 3194 γνῶτε
3030 3121 3122 3176 ὅτι
3169 3120 3561 3191 ἐθαυμάστω-

1949 3235 2080 3273 σεν.

2025 3305 2180 3372 Εἶδες
2205 3307 2402 3378 σοφίαν
2426 3307 2747 3380 ιῙροφήτου;
2779 3308 2952 3362 Πόθεν
2981 3306 3183 3371 αὐτοὺς
3205 3306 3400 3376 ἀνάγει
3423 3304 3565 3377 πρὸς

1953 3401 2052 3474 τὴν
2084 3399 2447 3470 θεογνωσίαν;
2492 3399 2625 3452 Ἀπὸ
2656 3399 3002 3468 σαφεστάτου
3041 3397 3108 3468 μέ
3121 3415 3249 3470 ρους
3287 3396 3435 3460 τινὸς
3466 3396 3564 3450 καὶ

1953 3494 2158 3564 τρόπου
2187 3493 2617 3564 γνωριμωτέρου
2638 3536 2649 3557 ,
2680 3491 2872 3545 ἑαυτὸν
2904 3492 2984 3554 είς
3014 3490 3180 3562 μέσον
3212 3487 3560 3560 παρατιθείς.

1968 3579 2112 3650 Ἐγὼ
2139 3579 2326 3644 δοῦλός
2359 3581 2498 3651 είμι,
2533 3581 2666 3652 φησὶ
2689 3620 2704 3644 ,
2730 3578 2828 3634 τοῦ
2856 3579 2993 3634 Θεοῦ
3027 3579 3124 3634 τοῦ
3159 3579 3398 3653 ἀληθοῦς
3419 3596 3434 3612 ο
3466 3579 3564 3634 ἀπ’

1957 3671 2093 3744 ἐμοῦ
2125 3671 2305 3726 τοίνυν
2349 3672 2552 3744 μάθετε
2601 3672 2768 3727 αὑτοῦ
2799 3673 2898 3744 τὴν
2927 3673 3190 3743 δύναμιν,
3241 3674 3342 3746 τὴν
3376 3674 3564 3745 ἰσχὺν,

1957 3763 2058 3836 τὴν
2091 3765 2440 3836 κηδεμονίαν.
2482 3766 2558 3820 Ού
2600 3767 2797 3838 μικρὸν
2831 3765 2942 3838 γὰρ
2980 3766 3145 3821 τοῦτο
3171 3767 3232 3820 τὸ
3263 3766 3567 3835 κεφάλαιον

1960 3857 2041 3921 εἰς
2077 3857 2410 3926 θεογνωσίαν
2459 3857 2614 3928 άγον.
2666 3860 2822 3913 Ποιεϊ
2854 3861 2952 3930 μὲν
2979 3860 3093 3932 γὰρ
3127 3859 3288 3914 τοῦτο
3329 3859 3568 3931 φανερὸν

1961 3951 2054 4005 καὶ
2084 3951 2194 4006 ἀπὸ
2224 3951 2334 4006 τῶν
2376 3954 2696 4024 κτισμάτων
2731 3956 2762 4008 6
2794 3953 3106 4026 Προφήτης,
3142 3956 3274 4008 ὅταν
3307 3955 3439 4024 περὶ
3469 3953 3571 4025 τῆς

1964 4041 2222 4114 προνοίας
2252 4041 2420 4095 αὑτοῦ
2455 4042 2808 4113 διαλέγηται,
2845 4046 2940 4099 ἐπὶ
2970 4045 3065 4098 τὸν
3106 4045 3296 4116 ἧλιον,
3341 4045 3436 4099 καὶ
3478 4044 3573 4098 τὸν

1963 4136 2215 4206 οὐρανὸν,
2244 4136 2340 4190 καὶ
2369 4136 2469 4208 τὴν
2508 4136 2616 4207 γῆν
2638 4179 2653 4205 ,
2683 4137 2779 4191 καὶ
2803 4139 2898 4192 τὸν
2930 4139 3071 4211 ἀέρα
3107 4137 3445 4211 φερόμενος,
3476 4137 3575 4193 καὶ

1965 4233 2074 4287 ἀπὸ
2115 4233 2216 4305 τῆς
2244 4234 2302 4286 ὲν
2332 4237 2445 4299 τοῖς
2481 4235 2784 4306 ὁρωμένοις
2820 4235 3072 4300 εὐταξίας
3100 4235 3192 4290 τὸν
3215 4235 3566 4307 Δημιουργὸν

1966 4331 2363 4404 ἀνακηρύττων
2389 4349 2401 4362 ·
2452 4335 2596 4387 κινεῖ
2649 4333 2706 4387 δὲ
2761 4334 2855 4393 καὶ
2910 4333 3004 4388 τὸν
3055 4334 3168 4388 ἀπὸ
3220 4333 3332 4388 τῶν
3366 4332 3576 4387 δούλων

1966 4429 2343 4499 αὑτοῦολόγον,
2379 4429 2473 4484 καὶ
2501 4429 2610 4484 τῶν
2639 4429 2734 4484 ἀπ’
2766 4431 2935 4485 αὑτοῦ
2973 4432 3386 4504 συμϐαινόντων
3405 4449 3420 4463 ο
3453 4431 3484 4484 ὅ
3507 4431 3574 4504 δὴ

1967 4530 2061 4583 καὶ⁵
2095 4528 2190 4584 ἐπὶ
2234 4528 2332 4584 τοῦ
2387 4528 2642 4600 Ἀϐραάμ
2690 4530 2937 4598 γέγονεν.
2983 4529 3211 4599 Ἔλεγον
3245 4529 3356 4603 γὰρ
3404 4529 3575 4600 αὐτῷ,

1963 4625 2254 4696 Οιδαμεν,
2287 4626 2453 4698 φησὶν
2471 4665 2486 4690 ,
2519 4624 2608 4680 ὅτι
2632 4626 2754 4682 ἀπὸ
2781 4627 2887 4681 τοῦ
2920 4626 3072 4682 Θεοῦ
3097 4627 3244 4699 ἡμῖν
3267 4626 3438 4696 ἥκεις
3456 4627 3578 4692 ,Βα-

1968 4724 2201 4790 σιλεύς.
2252 4722 2424 4777 Πόθεν
2466 4724 2680 4792 οίδατε;
2737 4725 2876 4778 Ἀπὸ
2925 4727 3025 4796 τῆς
3076 4726 3267 4798 νίκης,
3308 4726 3418 4781 άπὸ
3466 4727 3580 4780 τῶν

1971 4821 2250 4894 τροπαίων
2272 4861 2288 4886 ,
2338 4822 2448 4876 ἀπὸ
2490 4820 2600 4876 τῶν
2656 4822 2930 4894 πολέμων.
2988 4823 3164 4878 Τοῦτο
3209 4826 3306 4879 καὶ
3340 4826 3434 4878 ἐπὶ
3467 4824 3581 4879 τῶν

1985 4918 2260 4973 Ἰουδαίων
2307 4919 2531 4991 συνέϐη.
2568 4919 2651 4974 Τά
2674 4921 2784 4990 γὰρ
2816 4919 3074 4992 θαύματα
3111 4919 3180 4975 τὰ
3217 4922 3359 4995 ὑπὲρ
3397 4922 3580 4978 αὐτῶν

1972 5017 2258 5089 γινόμενα,
2301 5019 2485 5072 πᾶσαν
2531 5017 2633 5089 τὴν
2655 5018 2758 5090 γῆν
2801 5024 2887 5082 εις
2915 5017 3084 5090 φόϐον
3119 5018 3406 5073 ἐνέϐαλεν·
3439 5021 3582 5094 ὅπερ

1973 5117 2130 5188 καὶὴ
2179 5116 2355 5190 πόρνη
2402 5119 2522 5170 τότε
2559 5117 2592 5188 ή
2633 5116 2992 5187 ἰεριχουντία
3019 5115 3239 5187 ἔλεγεν,
3281 5119 3367 5171 ὅτι
3407 5119 3582 5174 Ἐπέ-

1972 5231 2166 5272 never
2189 5215 2282 5286 ἐφ’
2317 5215 2479 5287 ἡμᾶς
2512 5219 2546 5275 ό
2575 5217 2762 5286 φόϐος
2791 5215 2963 5286 ὑμῶν
2994 5216 3096 5271 καί
3128 5219 3161 5271 ό
3187 5217 3429 5287 τρόμος.
3464 5217 3590 5271 Μία

1973 5314 2154 5369 τοίνυν
2183 5312 2301 5378 666;
2328 5316 2361 5385 ή
2393 5313 2482 5368 διὰ
2511 5312 2622 5368 τῶν
2648 5313 2969 5385 κτισμάτων
2997 5330 3010 5344 ⁸
3064 5313 3234 5385 ἑτέρα
3279 5315 3380 5368 καὶ
3414 5331 3586 5384 σαφεο

1976 5413 2144 5486 στέρα
2171 5415 2206 5485 ή
2249 5412 2338 5468 διά
2379 5411 2489 5466 τῶν
2514 5411 2722 5466 δούλων
2740 5429 2753 5442 ·
2784 5412 2882 5466 καὶ
2921 5410 3131 5484 ταύτην
3156 5411 3366 5467 άνωθεν
3399 5412 3429 5466 6
3448 5410 3586 5477 Θεὸς

1977 5511 2316 5583 κατέσπειρε
2367 5509 2492 5566 καθ’
2535 5509 2776 5582 ἑκάστην
2821 5509 3018 5580 γενεὰν
3053 5509 3153 5582 τὴν
3201 5509 3584 5565 διδασκαλίαν.

1976 5607 2118 5672 Τοὺς
2147 5607 2282 5677 γοῦν
2304 5607 2639 5676 Αἰγυπτίους
2673 5606 2999 5662 ἐπαίδευσεν
3029 5607 3139 5665 άπὸ
3163 5607 3260 5661 τοῦ
3304 5606 3584 5679 Ἀϐραὰμ,

1976 5707 2105 5772 τοὺς
2139 5706 2357 5780 Πέρσας
2386 5705 2498 5761 ἀπὸ
2527 5705 2623 5760 τοῦ
2649 5705 2818 5761 αὐτοῦ
2844 5707 3034 5775 πάλιν,
3065 5707 3194 5771 106;
3239 5706 3588 5779 Ἰσραηλίτας

1979 5806 2090 5862 ἀπὸ
2122 5804 2232 5861 τῶν
2270 5806 2543 5875 ἐκγόνων,
2575 5808 2673 5862 καὶ
2702 5806 2926 5880 ἐτέρους
2962 5808 3213 5879 μυρίους,
3249 5806 3344 5860 κα)⁵
3370 5804 3460 5859 διὰ
3491 5803 3588 5858 τοῦ

1997 5903 2193 5960 Ἰακὼϐ
2238 5903 2494 5978 ἑτέρους,
2543 5905 2673 5970 106;
2721 5907 2779 5961 ὲν
2818 5908 2884 5977 τῇ
2931 5906 3091 5978 Μέση
3145 5904 3253 5961 τῶν
3298 5903 3589 5977 ποταμῶν.
