4178 6428
198 394 252 451 is
1336 368 1702 461 iturosrrto
1740 385 1773 441 ll

1878 383 2179 444 'SAIAIUSI
2220 383 2311 442 IV.
3446 390 3520 450 80

194 508 353 565 mm
382 516 645 562 terrarum
677 505 852 562 fuisse
879 520 910 561 a
939 506 1138 561 sanctis
1163 504 1465 560 docendum
1491 545 1507 572 ,
1536 502 1583 559 si
1612 500 1777 557 modo

194 600 277 670 ipsi
309 599 592 654 voluissem
611 597 639 651 2
662 597 975 666 Quinetiam
1016 605 1143 653 ante
1180 612 1273 653 eos
1297 595 1559 653 diluvium
1586 587 1781 651 erlis-'-

194 707 387 763 ραι-ιω
414 690 664 747 confusio
690 689 763 746 ad
806 690 1145 746 excitandam
1170 705 1357 746 eorum
1385 698 1621 744 mentem
1647 687 1781 743 satis

196 788 395 845 fuerant.
419 784 495 841 Ne
516 785 668 841 enim
694 784 843 857 quod
864 795 1117 841 evenerat
1143 784 1404 855 temporis
1430 782 1782 839 diuturnitate

196 878 417 934 oldirioni
442 878 755 934 traderetur
775 922 791 945 ,
824 879 977 936 locus
1000 877 1414 951 appellationum
1460 876 1657 945 accipit
1683 894 1697 929 :
1724 882 1783 931 et

197 972 363 1025 eximie
388 970 626 1041 Babylon
659 986 731 1026 ex
760 969 1060 1041 linguarum
1104 968 1424 1025 confusione
1462 968 1690 1032 dicitur,
1722 974 1782 1022 ut

196 1060 382 1115 auditor
412 1061 478 1115 ab
523 1063 637 1131 ipsa
684 1062 1045 1133 appellatione
1072 1061 1368 1127 deductus,
1399 1060 1467 1115 ad
1508 1060 1583 1115 rei
1614 1070 1781 1131 gesta:

200 1153 484 1222 ντίυάρίιιω
528 1153 791 1209 deveniat
835 1164 891 1210 et
931 1155 1025 1210 Dei
1068 1155 1323 1210 virtutem
1365 1153 1648 1224 intelligat.
1701 1152 1780 1207 lla

197 1245 333 1298 etiam
353 1246 436 1316 qui
461 1246 783 1303 habitabant
806 1248 859 1304 in
879 1247 1171 1305 Occidente
1190 1265 1381 1306 omnes
1402 1248 1581 1304 omnia
1600 1247 1782 1302 disce-

196 1335 307 1390 bant
327 1378 340 1399 ,
369 1352 485 1392 cum
519 1340 917 1395 mercatoribus
945 1338 1213 1413 Egyptiis
1252 1351 1553 1397 versantes.
1580 1340 1784 1409 Quam-

198 1441 333 1497 quam
360 1429 549 1498 alioqui
580 1431 633 1484 in
668 1432 938 1504 principio
963 1449 1068 1488 non
1096 1435 1277 1489 multa:
1302 1421 1493 1506 genios
1524 1444 1678 1489 erant
1725 1435 1779 1489 id

200 1522 270 1575 illa
310 1524 566 1593 regione:
610 1526 709 1581 sed
754 1528 986 1583 nissima
1035 1527 1315 1584 hominum
1363 1526 1669 1600 frequentia
1718 1544 1782 1586 ac

200 1610 345 1667 turba.-
369 1615 653 1671 multitudo
681 1628 805 1673 erat
830 1619 885 1675 in
926 1620 1165 1690 partibus
1196 1619 1451 1676 Orientis.
1484 1623 1692 1677 Etenim
1724 1628 1781 1677 et

198 1701 344 1758 Adam
370 1704 511 1761 illinc
542 1722 801 1779 egressus
841 1721 955 1774 est,
985 1721 1037 1765 et
1057 1725 1229 1783 genus
1258 1710 1371 1768 Noe
1398 1712 1507 1769 illic
1530 1712 1783 1769 versaba-

199 1805 288 1861 tur.
316 1807 367 1853 et
391 1808 509 1868 post
537 1804 735 1857 turrim
764 1803 872 1859 illic
898 1813 1069 1869 erant,
1102 1815 1158 1859 et
1185 1815 1248 1861 ut
1274 1805 1563 1876 plurimum
1592 1820 1780 1862 versa-

199 1887 367 1945 bantur
393 1892 443 1947 in
468 1891 720 1950 Oriente.
747 1895 855 1951 Sed
886 1905 1063 1953 tamen
1105 1896 1159 1953 in
1201 1913 1521 1971 unaquaque
1549 1914 1780 1970 genera-

199 1979 321 2038 tione
342 1982 476 2040 Deus
504 1985 613 2041 illis
641 1988 897 2044 doctores
940 1989 1247 2057 constituit,
1284 1989 1433 2058 Noe,
1466 1989 1739 2045 Abraham
1760 2030 1777 2055 ,

199 2072 345 2141 lsaae,
368 2076 551 2145 Jacob,
570 2078 991 2141 Melchisedech.
1013 2082 1374 2152 Quamobrem
1408 2084 1496 2139 hic
1515 2085 1778 2155 propheta

197 2182 251 2221 es
275 2166 363 2235 iis,
389 2185 508 2241 quae
533 2173 745 2229 sanctis
783 2176 1066 2242 eveniunt,
1089 2192 1185 2232 eos
1225 2176 1316 2248 qui
1352 2175 1406 2232 in
1438 2177 1781 2247 improbitate

198 2258 357 2317 vivunt
380 2262 597 2331 excitat,
626 2264 858 2322 dicens:
883 2264 1074 2323 Scitote
1096 2269 1336 2340 quoniam
1357 2270 1645 2339 miri/icauit
1672 2270 1781 2327 Do-

196 2352 340 2408 Ilittus
360 2363 586 2412 uadum
611 2372 787 2412 suum.
815 2357 955 2428 Quid
982 2368 1096 2428 est,
1124 2360 1421 2433 Hiri/icarit
1442 2363 1469 2418 7
1487 2362 1640 2420 Fecit
1679 2363 1779 2420 ad-
1832 2402 1833 2405 η

195 2443 489 2515 mirabilem,
516 2448 809 2521 insignem.
849 2451 1085 2520 clarum,
1115 2454 1465 2525 conspicuum
1486 2497 1502 2521 ,
1532 2471 1656 2512 eum
1687 2456 1780 2528 qui

196 2535 280 2605 ipsi
305 2538 541 2609 addictus
568 2550 676 2598 est.
711 2541 792 2597 Ex
818 2556 977 2599 servo
1002 2559 1132 2616 ergo
1157 2554 1214 2601 et
1255 2546 1322 2602 iis
1345 2562 1467 2618 qua:
1498 2547 1598 2619 ipsi
1639 2548 1782 2604 acci-

194 2625 309 2684 dunt
336 2630 540 2688 Domini
568 2633 768 2690 discite
795 2636 1108 2705 potentiam.
1141 2635 1257 2692 Non
1281 2637 1417 2693 dixit
1450 2640 1644 2707 solum,
1676 2640 1781 2695 Bo-

195 2736 305 2777 num
336 2720 514 2791 dedit,
552 2726 651 2783 sed
672 2767 691 2795 ,
720 2728 1083 2785 Admirabiletn
1109 2731 1266 2801 fecit,
1298 2732 1610 2803 signiﬁcans
1653 2749 1777 2790 eum

192 2810 382 2873 kdisse
403 2831 524 2873 cum
551 2834 754 2891 magno
775 2821 1055 2888 miraculo,
1080 2834 1278 2895 praeter
1302 2823 1462 2881 iidem
1490 2834 1546 2881 et
1570 2826 1779 2897 opinio-

193 2921 317 2961 βαι.
345 2908 413 2969 Ita
434 2912 597 2967 etiam
630 2912 690 2969 in
732 2914 1003 2971 Abraham
1046 2915 1245 2973 factum
1290 2926 1393 2974 est.
1438 2918 1557 2975 Non
1602 2921 1776 2975 solum

191 3000 316 3053 enim
340 3000 483 3058 dedit
510 3019 738 3069 uxorem
769 3006 1046 3075 intactam,
1074 3010 1170 3065 sed
1198 3025 1322 3066 eum
1350 3012 1512 3068 etiam
1544 3011 1780 3069 reddidit

193 3091 536 3151 admirabilem
570 3115 584 3153 :
612 3107 672 3151 ut
698 3113 806 3153 non
832 3100 1009 3156 solum
1032 3101 1231 3157 donum
1261 3103 1313 3157 in
1344 3118 1412 3159 eo
1430 3104 1775 3172 consisteret,

190 3185 312 3255 1⁸⁸οά
343 3187 468 3244 ιιὶΙιίΙ
497 3205 668 3262 grave
688 3206 881 3264 passus
905 3195 996 3260 sit,
1018 3195 1115 3252 sed
1136 3197 1298 3252 etiam
1326 3198 1378 3253 in
1405 3213 1470 3253 eo
1493 3198 1637 3270 quod
1664 3198 1777 3254 cla—

190 3291 269 3333 ras
300 3278 350 3335 in
387 3280 628 3356 Egypto
655 3287 907 3343 evaserit.
935 3287 1163 3360 Propter
1186 3290 1305 3361 ejus
1343 3291 1487 3346 enim
1509 3291 1774 3361 justitiam

190 3366 361 3426 laetum
386 3383 487 3437 est.
514 3384 582 3431 ut
610 3375 741 3432 nihil
766 3379 1052 3436 molestum
1082 3380 1156 3436 illi
1186 3380 1375 3449 ﬂeret;
1402 3391 1621 3455 propter
1641 3383 1777 3440 alio-

188 3472 289 3515 rum
314 3474 488 3520 autem
517 3467 831 3534 utilitatem,
855 3480 913 3525 ut
932 3470 1324 3528 admirabiliter
1348 3481 1405 3528 et
1430 3484 1627 3545 przeter
1653 3475 1773 3545 opi-

188 3549 378 3608 nionem
409 3556 561 3614 illinc
598 3558 821 3614 rediret.
845 3559 961 3619 Hoc
989 3564 1044 3617 in
1083 3562 1255 3619 tribus
1299 3566 1481 3635 pueris
1503 3606 1520 3632 ,
1566 3566 1671 3622 hoc
1716 3566 1772 3623 in

189 3639 409 3701 leonibus
434 3648 671 3716 accidit,
704 3649 808 3707 hoc
830 3651 887 3708 in
912 3661 1035 3709 ceto
1076 3666 1132 3711 et
1172 3655 1226 3711 in
1258 3654 1428 3724 Jona,
1454 3666 1511 3713 et
1534 3659 1774 3731 undique

186 3747 343 3793 servat
368 3753 489 3797 cum
527 3743 827 3815 miraculo,
867 3761 977 3804 non
1022 3751 1319 3821 quemlibet
1357 3752 1641 3824 absolute,
1673 3754 1771 3811 sed

178 3842 427 3888 sanctum.
718 3878 721 3885 .

242 3921 290 3975 7.
326 3924 505 3983 Vidisti
552 3930 823 4000 quomodo
862 3948 986 3991 cum
1025 3934 1122 3992 Dei
1162 3939 1469 4010 cognitione
1505 3941 1575 3997 ad
1604 3940 1769 3999 vitam

182 4025 372 4085 ιιικηυο
416 4021 640 4089 probam
675 4022 693 4055 ¹
721 4024 1073 4096 exhortatur,
1122 4028 1329 4087 docens
1368 4048 1477 4088 non
1506 4032 1682 4089 solum
1712 4034 1767 4090 in

184 4102 265 4160 Dei
304 4107 664 4184 benignitate,
710 4118 806 4174 sed
855 4118 909 4175 in
938 4123 1279 4193 propriorum
1312 4126 1475 4183 etiam
1501 4128 1766 4185 factorum

183 4198 355 4258 Virtute
388 4220 544 4277 spem
585 4210 771 4267 salutis
816 4215 1061 4283 ponere?
1106 4214 1361 4274 Dominus
1402 4220 1641 4276 exaudiet
1685 4238 1769 4278 me

183 4304 281 4344 σαι
305 4295 587 4354 clama-ero
604 4303 673 4355 ad
697 4320 831 4360 eum.
862 4305 1153 4380 Postquam
1178 4311 1313 4367 dixit
1335 4328 1395 4369 se
1419 4330 1543 4370 cum
1568 4314 1767 4374 fecisse

180 4384 526 4449 mirabilem
550 4434 568 4461 ,
619 4410 726 4453 non
777 4400 830 4455 in
878 4400 962 4456 liis
1000 4404 1278 4473 subsistit,
1318 4408 1414 4463 sed
1443 4409 1574 4465 dicit
1599 4412 1763 4469 etiam

179 4476 303 4533 aliud
315 4496 480 4554 genus
500 4486 787 4545 felicitatis.
818 4491 1099 4561 Quodnam
1114 4506 1293 4556 autem
1318 4498 1421 4557 hoc
1440 4503 1567 4559 cst?
1594 4502 1761 4561 Deum

181 4564 355 4629 habere
379 4590 641 4649 perpetuo
660 4582 959 4654 adjutorem
981 4628 997 4653 ,
1025 4591 1399 4650 ausiliatorem
1422 4635 1437 4661 ,
1480 4604 1538 4651 et
1561 4596 1763 4669 ubique

181 4676 494 4757 ruentem.
544 4672 663 4730 Non
699 4678 843 4733 enim
879 4678 986 4736 hoc
1022 4684 1189 4741 semel
1214 4727 1230 4753 ,
1262 4698 1355 4742 aut
1392 4688 1512 4757 bis,
1558 4702 1652 4748 aut
1681 4704 1763 4750 ter

179 4750 320 4825 facit,
360 4763 458 4819 sed
488 4777 748 4838 perpetuo
769 4812 786 4839 ,
813 4772 1027 4845 inquit,
1054 4776 1099 4831 si
1128 4750 1301 4849 ipsum
1329 4750 1663 4840 invocemus.
1692 4787 1761 4843 Et

179 4848 283 4906 vide
320 4868 507 4913 rursus
552 4860 639 4917 hic
680 4862 843 4919 etiam
887 4848 1242 4927 celeritatem.
1289 4873 1758 4943 Quemadmodum

176 4943 300 5034 enim
334 4947 470 5005 dixit
510 4954 802 5023 superius:
846 4957 976 5015 Cum
1013 4954 1337 5034 invocarem,
1377 4972 1638 5027 exaudivit
1680 4992 1760 5032 me

183 5031 295 5091 0m
317 5040 536 5111 iustitia
562 5061 686 5102 nec
710 5064 732 5103 :
768 5048 841 5106 ita
864 5053 1027 5109 etiam
1063 5053 1152 5113 hic
1169 5095 1187 5125 ,
1226 5031 1353 5115 Cum
1377 5061 1665 5121 clamarem
1686 5068 1758 5122 ad

174 5138 289 5183 ιω.

234 5218 327 5276 Car
378 5228 526 5321 multi
574 5243 840 5308 precantes
900 5255 1003 5294 non
1056 5242 1357 5302 audiantur.
1395 5277 1471 5290 —
1518 5249 1758 5321 Quomo-

178 5307 386 5417 dltettgo,
419 5320 605 5417 inquit,
634 5307 1042 5389 nonaudiuntur
1070 5307 1756 5417 multiiQuoniatn~petunt

176 5409 377 5467 stultitia.
426 5414 522 5471 llic
553 5419 699 5476 enim
727 5424 921 5482 melius
952 5436 1036 5485 est
1069 5445 1177 5487 non
1221 5409 1389 5493 fuisse
1413 5409 1747 5508 exauditum,

173 5508 314 5601 quin
342 5508 649 5567 exauditum
692 5512 876 5573 fuisse.
906 5517 1086 5588 Quare
1123 5524 1334 5582 etiamsi
1373 5529 1747 5601 esaudiamur,

174 5600 265 5645 ’³⁸³
299 5607 568 5672 Were:
599 5604 848 5663 laetemur
877 5627 893 5664 :
929 5612 1025 5669 sed
1049 5624 1106 5671 et
1131 5622 1349 5687 quando
1374 5635 1483 5677 non
1520 5600 1749 5681 exaudi;

174 5696 307 5752 utar,
333 5688 448 5750 ideo
477 5695 648 5754 Deum
687 5701 1070 5771 glorificcmus.
1116 5708 1214 5768 Vel
1241 5713 1388 5770 enim
1419 5714 1625 5775 inutilia
1651 5733 1748 5793 pe-

226 5867 242 5900 '
269 5876 395 5938 les,
418 5878 485 5931 at
505 5879 618 5937 me
640 5880 955 5949 άοειωιιεωιι.

1891 507 2069 556 tentes
2084 516 2189 555 non
2203 501 2540 569 csaudimur,
2558 510 2748 559 etcum
2766 515 2874 559 non
2887 501 3197 574 accepimus
3211 504 3484 562 lucramur
3502 525 3519 571 ;

1890 594 1977 648 vel
2008 594 2345 666 negligenter
2383 594 2637 665 petimus.
2664 606 2721 654 et
2751 596 2803 653 in
2832 597 2979 653 dono
3007 597 3311 656 diﬂ‘erendo
3349 598 3515 663 Deus.

1888 696 1949 742 ut
1977 700 2075 743 nos
2120 687 2198 742 illi
2237 688 2613 756 assideamus,
2662 689 2922 746 solertem
2964 692 3061 747 init
3113 693 3425 749 rationem:
3464 703 3519 749 et

1892 776 1996 833 hoc
2021 778 2185 834 etiam
2227 794 2333 833 non
2371 788 2454 834 est
2478 781 2731 851 exiguum
2758 781 2989 837 lucrum.
3043 782 3107 839 Si
3129 786 3265 838 enim
3294 799 3399 849 uos,
3427 784 3516 840 in-

1889 868 2041 937 quit,
2070 870 2229 924 nostis
2250 870 2376 925 dare
2400 864 2535 925 bona
2559 870 2685 926 data
2713 872 2837 941 [iliis
2858 876 3036 930 uestris
3057 875 3275 945 (Matth.
3308 878 3359 927 “’.
3395 878 3514 948 ll).

1889 960 2061 1015 multo
2102 962 2275 1029 magis
2319 962 2463 1017 Deus
2513 974 2697 1020 noster
2733 965 2824 1036 qui
2868 966 2975 1022 scit
3022 967 3154 1023 dare
3202 981 3258 1025 et
3297 969 3521 1041 quando

1887 1049 2051 1119 dare,
2082 1061 2138 1108 et
2166 1052 2294 1123 quid
2320 1053 2453 1132 dare
2490 1064 2759 1127 oporteat.
2787 1055 2922 1112 Nam
2956 1058 3155 1116 Paulus
3183 1061 3349 1116 etiam
3375 1063 3515 1132 peti~

1888 1147 1985 1212 vit,
2016 1157 2069 1201 ct
2096 1162 2203 1203 non
2229 1150 2473 1219 accepit;
2508 1151 2886 1220 petebatenim
2904 1154 3107 1225 aliquid
3135 1156 3355 1212 inutile:
3386 1158 3517 1215 item

1888 1236 2064 1295 Moses
2084 1281 2098 1305 ,
2128 1255 2229 1296 nec
2257 1241 2331 1295 illi
2359 1242 2576 1311 quidem
2614 1244 2761 1300 Deus
2780 1247 2989 1302 annuit.
3019 1246 3097 1303 Ne
3121 1263 3253 1320 ergo
3280 1249 3515 1306 desista-

1890 1344 2011 1385 mus
2033 1371 2051 1397 ,
2081 1332 2297 1400 quando
2326 1349 2433 1389 non
2462 1336 2803 1403 esaud’nnnr,
2840 1354 2939 1394 nec
2967 1338 3182 1397 tristitia
3211 1340 3516 1399 afﬁciamus

1889 1431 1945 1477 et
1970 1430 2317 1493 torpcamus,
2354 1425 2451 1481 sed
2479 1425 2779 1507 assidentes
2808 1438 2863 1484 et
2909 1439 3155 1499 petentes
3195 1448 3515 1503 permanea-

1890 1528 2029 1569 mus.
2061 1517 2183 1587 Agit
2210 1518 2353 1573 enim
2382 1518 2527 1574 Deus
2551 1522 2730 1575 omnia
2754 1522 2980 1579 utiliter.
3022 1526 3075 1581 5.
3102 1524 3434 1592 Irascimini,
3464 1536 3515 1582 et

1889 1605 2048 1661 nolite
2073 1624 2282 1669 peccare
2303 1625 2322 1663 :
2350 1625 2467 1680 qua
2492 1611 2660 1667 dicitis
2685 1615 2739 1665 in
2769 1614 3009 1669 cordibus
3035 1618 3215 1674 uestris
3234 1660 3250 1685 ,
3288 1618 3343 1673 in
3366 1618 3516 1675 cubi-

1864 1698 2023 1771 libus
2053 1701 2228 1755 vestris
2257 1704 2680 1775 compungimini.
2729 1706 2884 1776 Quod
2915 1719 3042 1764 ante
3072 1709 3181 1766 dixi
3210 1752 3226 1777 ,
3270 1712 3320 1767 id
3347 1713 3514 1768 etiam

1890 1804 2037 1845 nunc
2063 1790 2208 1848 dico.
2250 1792 2382 1848 Nam
2412 1796 2534 1865 quia
2564 1795 2633 1851 ad
2667 1796 2761 1852 Dei
2796 1801 3162 1870 cognitionem
3185 1818 3283 1859 eos
3308 1813 3395 1859 est
3411 1803 3516 1860 de-

1888 1882 2169 1948 ducturus.
2199 1884 2646 1944 liberatanimum
2675 1891 2744 1945 ab
2770 1892 3201 1962 mgritudiuibus.
3223 1894 3337 1952 Scit
3364 1898 3512 1953 enim

1888 1976 2053 2030 vitam
2081 1987 2390 2048 corruptam
2422 1993 2547 2037 esse
2587 1980 2978 2053 impedimento
2998 2024 3012 2047 ,
3055 1987 3350 2056 quominus
3383 1988 3516 2044 sub-

1889 2068 2035 2124 limia
2056 2070 2307 2139 dogmata
2338 2087 2713 2146 assequamur.
2737 2077 2891 2146 Quod
2914 2079 3131 2151 quidem
3162 2080 3359 2139 Paulus
3380 2100 3517 2154 quo-

1887 2175 1995 2232 que
2029 2162 2262 2220 innucns
2300 2164 2515 2222 dicebat
2544 2189 2557 2223 :
2588 2165 2711 2224 Non
2743 2172 2889 2242 potui
2918 2172 3061 2242 loqui
3084 2175 3223 2230 vobis
3250 2186 3515 2248 tamquam

1887 2253 2276 2323 spiritualibus,
2321 2258 2414 2314 sed
2449 2268 2711 2334 tamquam
2753 2264 3050 2321 carnalibus
3076 2265 3155 2339 (l.
3189 2266 3309 2323 Cor.
3342 2268 3397 2325 3.
3433 2270 3514 2343 l).

1890 2346 1957 2402 Et
1985 2358 2175 2405 rursus
2203 2366 2218 2404 :
2246 2348 2531 2424 Tamquam
2562 2353 2852 2425 infantibus
2876 2355 2930 2411 in
2965 2354 3211 2428 Christo,
3252 2360 3334 2414 lac
3374 2361 3516 2418 vobis

1890 2447 2068 2510 potum
2101 2440 2259 2506 dedi,
2291 2458 2396 2497 non
2432 2444 2598 2499 cibum
2628 2444 2797 2517 (Ibid.
2825 2463 2875 2501 υ.
2906 2446 2988 2520 2).
3042 2449 3109 2504 Et
3158 2466 3349 2507 rursus
3381 2469 3394 2508 :
3428 2451 3509 2508 De

1887 2546 1988 2601 quo
2009 2540 2083 2587 est
2108 2532 2252 2588 nobis
2279 2534 2470 2591 multus
2492 2552 2660 2592 sermo
2681 2538 2940 2610 explicati:
2963 2540 3196 2612 difﬁcilis
3220 2559 3243 2609 ,·
3267 2543 3513 2613 quoniam

1887 2628 2005 2682 estis
2034 2626 2233 2683 hebetes
2272 2629 2452 2685 auditu
2482 2629 2667 2703 (Ilebr.
2705 2632 2759 2688 5.
2793 2632 2908 2706 ll).
2965 2633 3035 2690 Et
3084 2634 3251 2692 Isaias
3277 2652 3512 2701 rursus:

1889 2717 2090 2783 Quazrit
2116 2736 2195 2775 me
2226 2722 2447 2792 populus
2466 2722 2590 2789 iste,
2634 2734 2683 2777 et
2720 2724 2851 2779 scire
2877 2726 2987 2781 vias
3014 2742 3155 2783 meas
3181 2729 3430 2800 cupiunt,
3456 2740 3515 2786 ut

1887 2812 2111 2882 populus
2135 2815 2224 2883 qui
2235 2815 2499 2886 justitiam
2524 2818 2737 2888 fecerit,
2776 2827 2826 2873 et
2860 2817 2952 2874 Dei
2970 2820 3230 2889 judicium
3258 2839 3359 2877 non
3386 2823 3514 2878 reli-

1885 2906 2052 2971 querit
2095 2904 2266 2977 (lsai.
2312 2907 2402 2964 58.
2435 2908 2515 2981 2).
2563 2908 2630 2965 Et
2672 2909 2859 2967 Osee:
2893 2912 3159 2969 Sentinate
3203 2916 3343 2971 robis
3383 2916 3513 2988 ipsis

1884 2998 1941 3052 in
1968 3000 2224 3069 justitiam
2246 3043 2259 3065 ,
2302 3000 2593 3059 illuminate
2637 3004 2803 3060 lucem
2844 3008 3155 3078 cognitionis
3196 3004 3375 3083 (Osee.
3412 3010 3507 3067 10.

1887 3088 2001 3159 12).
2033 3090 2101 3145 Et
2127 3090 2375 3149 Christus
2408 3092 2615 3151 docens
2644 3096 2859 3152 dicebat
2889 3115 2901 3151 :
2939 3096 3123 3163 Omnis
3150 3100 3239 3171 qui
3267 3101 3407 3156 mala
3429 3104 3513 3171 fa-

1884 3182 1985 3249 cit,
2023 3184 2132 3237 odit
2164 3184 2328 3240 lucem
2348 3226 2362 3249 ,
2410 3195 2457 3241 et
2494 3204 2596 3242 non
2625 3189 2757 3243 venit
2786 3191 2857 3243 ad
2882 3190 3045 3245 lucem
3076 3189 3265 3263 (Joan.
3297 3194 3352 3249 ὅ.
3384 3192 3509 3265 20).

1885 3273 1954 3330 Et
1980 3290 2169 3332 rursus
2199 3292 2215 3331 :
2252 3276 2523 3343 Quomodo
2570 3281 2779 3351 potestis
2822 3282 3027 3337 credere
3048 3326 3062 3349 ,
3105 3284 3327 3357 gloriam
3353 3304 3385 3338 α
3418 3303 3508 3340 vo-

1883 3366 1958 3421 bis
1983 3368 2195 3423 inoicem
2224 3370 2529 3442 accipientes
2551 3412 2566 3437 ,
2608 3382 2655 3426 et
2681 3373 2903 3445 gloriam
2944 3390 3059 3445 qua:
3084 3386 3157 3430 est
3188 3392 3220 3430 a
3252 3378 3364 3432 solo
3394 3376 3509 3434 Deo

1883 3473 1988 3513 non
2022 3469 2306 3529 quaerentes
2342 3459 2587 3533 (Joan.5.
2620 3463 2767 3536 44)?
2814 3463 2883 3519 Et
2929 3480 3122 3521 rursus
3153 3484 3168 3521 :
3205 3466 3330 3523 Hac
3359 3469 3505 3525 dice-

1881 3549 2004 3604 bant
2035 3562 2272 3622 parcntes
2294 3552 2441 3623 ejus,
2488 3554 2608 3623 quia
2635 3555 2878 3611 timebant
2906 3556 3121 3613 ,Ιιιάιεοε
3140 3600 3155 3623 ,
3189 3576 3253 3615 ne
3280 3562 3507 3630 expelle-

1880 3652 2057 3697 rentur
2093 3659 2126 3696 a
2169 3660 2435 3717 synagoga
2467 3643 2665 3717 (Joan.
2693 3646 2747 3703 9.
2777 3646 2908 3719 2'2).
2963 3648 3031 3703 Et
3074 3665 3264 3707 rursus
3296 3668 3310 3707 :
3346 3650 3509 3710 καᾱί

1877 3746 2049 3791 autem
2084 3738 2411 3792 crediderunt
2438 3739 2491 3793 in
2520 3739 2690 3811 ipsum
2716 3782 2732 3807 ,
2763 3751 2811 3796 et
2836 3752 3045 3813 propter
3075 3741 3373 3801 Pharisa'os
3399 3762 3505 3802 non

1878 3830 2253 3899 conﬁtebantur
2283 3829 2466 3905 (Joan.
2496 3833 2588 3889 12.
2622 3834 2737 3908 ι2).
2782 3834 2851 3891 Ει
2879 3836 3079 3908 ubique
3119 3838 3289 3893 videri
3326 3848 3505 3917 potest

1876 3921 1988 3978 vita
2031 3936 2286 3996 corrupta
2317 3926 2385 3981 ad
2414 3925 2809 3997 perfectiOnem
2840 3929 3152 4000 dogmatum
3184 3930 3381 3991 all'erre
3404 3934 3505 3989 im-

1880 4016 2273 4088 pedimentum.
2324 4020 2793 4086 Quemadmodum
2836 4022 2981 4079 enim
3020 4024 3160 4081 lema
3202 4029 3504 4098 perspicuae

1876 4112 2159 4168 oculorum
2189 4113 2405 4185 pupilla:
2434 4112 2678 4171 insidens
2713 4116 2768 4171 id
2808 4116 2952 4188 quod
2984 4116 3219 4174 illustrat
3245 4119 3505 4178 obscurat

1873 4215 1929 4262 et
1961 4205 2316 4274 obtenebrat,
2357 4207 2431 4263 ita
2478 4208 2645 4265 etiam
2679 4210 2973 4281 cogitatio,
3014 4226 3177 4282 quam
3208 4212 3422 4271 obsedit
3445 4223 3501 4271 et

1871 4303 2157 4373 occupavit
2178 4300 2368 4358 vitium
2389 4343 2406 4370 ,
2433 4302 2756 4369 qhtenehrat
2781 4312 3018 4361 mentem
3046 4315 3101 4361 et
3128 4317 3388 4362 excaecat.

1944 4391 2041 4448 Ira
2065 4408 2183 4465 qua
2208 4390 2386 4460 licita;
2428 4396 2510 4450 ira
2535 4395 2605 4450 ad
2632 4395 2756 4467 quid
2780 4394 2942 4452 utilis.
2977 4395 3326 4467 [inpossibilia
3351 4417 3501 4459 nemo

1870 4488 2126 4561 prtzcipil.
2175 4486 2411 4544 Etcumen
2458 4489 2801 4544 conscientia.
2847 4519 2921 4529 —
2967 4487 3233 4559 Quocirca
3273 4506 3400 4549 cum
3443 4494 3499 4552 id

1869 4582 2032 4638 etiam
2063 4575 2227 4637 sciret
2252 4580 2517 4652 propheta
2538 4622 2555 4647 ,
2575 4580 2708 4637 dicit
2732 4600 2746 4637 :
2776 4580 3097 4651 lrascinu‘ni,
3118 4595 3168 4640 et
3187 4586 3346 4642 nolite
3373 4604 3499 4659 pec-

1868 4690 2006 4729 care.
2055 4672 2173 4729 Non
2213 4673 2360 4730 enim
2398 4673 2538 4729 tollit
2576 4674 2747 4741 iram;
2785 4684 2871 4731 est
2900 4690 3137 4748 namque
3176 4678 3363 4736 utilis:
3393 4695 3498 4739 nec

1868 4768 2140 4825 exscindit
2185 4766 2641 4839 indignationem;
2675 4767 2900 4838 prodest
2922 4769 3073 4826 enim
3103 4770 3370 4833 adversus
3398 4787 3499 4830 eos

1865 4860 1957 4931 qui
1986 4860 2236 4931 iniuriam
2264 4858 2535 4927 inferunt,
2567 4869 2623 4916 et
2665 4859 2929 4917 adversus
2972 4861 3351 4935 negligentes;
3394 4866 3493 4923 sed

1867 4952 2001 5008 iram
2027 4967 2151 5024 qua:
2176 4952 2373 5023 injuste
2401 4966 2652 5009 movetur
2674 4996 2689 5021 ,
2715 4964 2772 5009 et
2800 4953 3038 5012 furorem
3059 4997 3075 5023 ,
3106 4956 3199 5028 qui
3229 4958 3373 5015 nulla
3406 4976 3498 5016 ra-

1866 5048 2013 5104 tione
2047 5048 2272 5117 regitur.
2326 5045 2393 5103 Et
2434 5046 2894 5119 quemadmodum
2924 5047 3103 5107 Moses
3128 5064 3255 5106 cum
3286 5051 3341 5108 in
3373 5067 3493 5109 ser-

1864 5158 2080 5198 monem
2111 5142 2179 5197 de
2206 5141 2449 5196 moribus
2476 5141 2787 5209 incidisset,
2821 5142 2946 5199 hinc
2977 5143 3155 5215 primo
3177 5144 3312 5218 legis
3341 5145 3496 5205 ducit

1864 5236 2104 5299 initium,
2131 5235 2319 5291 dicens
2352 5253 2366 5292 :
2398 5234 2523 5290 Non
2548 5236 2752 5292 occides
2775 5236 2973 5309 (Exod.
3005 5237 3099 5303 2ορ
3133 5239 3223 5312 15)
3253 5257 3268 5295 :
3299 5239 3373 5297 ita
3402 5242 3493 5301 hic

1862 5330 2026 5386 etiam
2052 5344 2069 5395 ;
2104 5328 2213 5383 imo
2248 5343 2317 5385 eo
2341 5327 2574 5399 amplius
2598 5369 2614 5392 ,
2642 5343 2752 5403 quo
2785 5331 2959 5401 magis
2984 5330 3032 5386 ei
3058 5339 3179 5388 crat
3204 5343 3331 5389 nota
3363 5348 3491 5392 vera

1862 5422 2055 5494 pietas.
2086 5420 2179 5477 Ille
2205 5422 2351 5478 enim
2378 5421 2568 5477 evellit
2598 5420 2846 5480 caulem:
2878 5423 2964 5478 hic
3000 5438 3131 5479 vero
3163 5424 3299 5481 iram
3320 5468 3336 5494 ,
3366 5442 3491 5499 quze

1859 5514 2026 5570 caudis
2052 5524 2225 5569 matur
2242 5553 2261 5581 ,
2287 5512 2441 5569 radix
2468 5521 2525 5569 et
2548 5510 2672 5569 fons
2697 5523 2783 5570 est
2819 5513 2977 5583 mali,
3027 5516 3295 5589 reprimit.
3339 5517 3490 5588 Quo-

1857 5607 2001 5663 circa
2030 5605 2284 5662 Christus
2325 5605 2491 5662 etiam
2522 5606 2656 5663 iram
2694 5607 3062 5677 comprimens
3097 5624 3163 5667 ac
3197 5609 3486 5670 refrenatus

1857 5702 2070 5760 diccbat
2102 5720 2115 5757 :
2148 5702 2251 5770 Qui
2278 5700 2521 5757 irascitur
2551 5695 2707 5765 fratri
2736 5716 2831 5757 suo
2856 5711 3042 5757 temere
3065 5744 3081 5770 ,
3107 5713 3203 5759 erit
3232 5708 3488 5765 obnontts

1854 5798 1910 5856 in
1933 5798 2219 5871 gehennam
2248 5797 2385 5869 ignis
2417 5794 2635 5869 (Matth.
2664 5798 2720 5855 5.
2750 5794 2868 5870 22).
2917 5795 3112 5852 Vidisti
3138 5796 3337 5869 ubique
3364 5815 3481 5855 mu-

1852 5884 1983 5951 dutn
2020 5906 2036 5949 ξ
2070 5889 2095 5947 1
2105 5890 2369 5948 rascimini
2393 5932 2409 5960 ,
2449 5898 2499 5946 et
2527 5889 2686 5946 nolite
2726 5904 2955 5961 peccare.
3002 5887 3104 5959 Qui
3133 5890 3374 5945 irascitur
3399 5899 3479 5945 te.
