4178 6476
630 407 724 478 BI,
1392 404 1449 459 S.
1489 401 1769 459 .IOANNIS
1795 399 2268 457 CIIRYSOSTOMI
2307 395 2624 454 ARCHIEP.
2665 396 3205 457 CONSTANTINOP.
3852 398 3932 458 ω

637 532 803 576 mere:
839 517 966 573 licet
1005 517 1149 570 enim
1187 517 1347 582 etiam
1368 516 1510 585 juste
1541 516 1721 570 irasci.
1771 513 1903 568 Nam
1941 523 1995 567 et
2023 512 2218 567 Paulus

640 608 841 680 Elyma:
865 607 1168 684 succensuit
1198 608 1332 675 (Act.
1363 607 1475 674 l3),
1500 615 1554 660 et
1580 606 1768 684 Petrus
1787 603 2062 674 Sapphirte
2079 603 2219 674 (Act.

539 764 542 770 ,
638 701 714 767 ὃ).
758 701 827 755 ΑΙ.
870 700 920 753 id
957 713 1059 753 non
1092 699 1222 752 iram
1249 697 1480 752 dixerim
1523 697 1800 762 absolute,
1851 695 1944 750 sed
1989 695 2222 764 philoso-

642 793 850 862 phiam,
878 804 1060 843 curam
1087 799 1141 842 et
1165 789 1543 843 oeconomiam.
1595 787 1842 842 Irascitur
1875 787 2033 841 etiam
2070 793 2222 853 pater

639 883 780 946 tilio,
829 879 922 936 sed
961 879 1076 949 ejus
1101 893 1282 934 curam
1313 890 1548 948 gerens.
1579 876 1669 931 Ille
1710 886 1915 932 temere
1952 875 2220 940 irascitur,

636 957 726 1043 qui
749 974 980 1041 seipsum
1017 971 1324 1035 ulciscitur;
1366 970 1454 1040 qui
1493 977 1674 1024 autem
1703 968 1878 1022 aliena
1908 965 2147 1036 corrigit,
2179 965 2224 1019 is

635 1073 718 1116 est
746 1063 981 1116 omnium
1004 1061 1482 1117 mansuetissimus.
1512 1059 1643 1114 Nam
1667 1059 1807 1114 Deus
1822 1060 1982 1114 etiam
2009 1055 2224 1127 quando

635 1151 833 1206 dicitur
871 1149 1060 1215 irasci,
1107 1163 1211 1203 non
1242 1149 1476 1218 seipsum
1501 1147 1781 1203 vindicans
1820 1147 2091 1209 irascitur,
2129 1145 2224 1200 sed

639 1255 737 1294 nos
779 1241 1070 1309 corrigens.
1129 1239 1261 1293 Eum
1303 1254 1432 1308 ergo
1470 1253 1570 1294 nos
1593 1253 1804 1309 quoque
1834 1237 2122 1291 imitemur.
2149 1235 2224 1290 ita

638 1332 780 1385 enim
815 1331 1037 1396 ulcisci,
1082 1330 1318 1384 divinum
1364 1340 1481 1393 est;
1528 1330 1684 1383 aliter
1708 1344 1870 1395 vero,
1913 1329 2223 1382 humanum.

641 1423 744 1478 Sed
775 1423 916 1478 Deus
955 1438 1060 1476 non
1100 1423 1165 1477 co
1208 1424 1379 1477 solum
1412 1437 1440 1475 a
1467 1421 1623 1491 nobis
1647 1421 1854 1485 differt,
1903 1419 2043 1490 quod
2084 1419 2226 1487 justo

644 1517 930 1577 irascatur,
968 1512 1060 1568 sed
1091 1513 1231 1582 quod
1268 1514 1320 1566 in
1355 1513 1462 1574 Deo
1489 1513 1565 1566 ira
1597 1527 1700 1565 non
1723 1512 1795 1565 sit
1822 1510 1984 1563 animi
2013 1517 2226 1578 pertur-

644 1605 805 1660 batio.
851 1606 958 1660 Nec
993 1620 1089 1659 nos
1117 1620 1243 1676 ergo
1274 1614 1474 1660 temere
1519 1605 1831 1660 irascamur.
1883 1603 1961 1658 Ira
2003 1603 2145 1656 enim
2174 1603 2226 1655 in

645 1699 796 1754 nobis
825 1699 945 1753 ideo
983 1698 1139 1752 insita
1184 1705 1292 1761 est,
1328 1713 1431 1751 non
1463 1706 1522 1752 ut
1551 1710 1827 1768 peccemus
1853 1737 1864 1757 .
1898 1695 1990 1749 sed
2015 1705 2069 1747 ut
2097 1694 2230 1747 alios

647 1801 926 1859 peccantes
975 1789 1377 1859 prohibeamus;
1428 1803 1534 1843 non
1581 1798 1638 1842 ut
1689 1789 1758 1841 sit
1803 1788 1963 1840 animi
2011 1794 2226 1856 pertur-

646 1882 788 1934 batio
811 1893 864 1935 et
887 1875 1142 1951 aegritudo
1161 1921 1175 1946 ,
1204 1879 1296 1934 sed
1333 1888 1388 1932 ut
1416 1880 1486 1934 sit
1507 1878 1879 1949 aegritudinum
1908 1874 2222 1931 remedium.

713 1975 770 2039 ~8.
801 1973 983 2042 Cogita
1011 1971 1146 2041 apud
1175 1982 1224 2026 te
1249 1987 1406 2042 quam
1436 1972 1506 2025 sit
1533 1971 1738 2040 insigne
1767 1970 1951 2022 vitium
1973 2009 1986 2031 ,
2016 1966 2229 2038 quando

647 2060 1088 2117 medicamentum
1129 2075 1392 2115 venenum
1434 2060 1694 2124 efﬁcitur,
1726 2057 1936 2128 quando
1968 2073 2060 2127 per
2087 2055 2230 2126 quod

647 2154 869 2207 aliorum
913 2153 1217 2208 vulneribus
1262 2152 1580 2216 medendum
1609 2161 1723 2216 est,
1769 2167 1867 2222 per
1913 2150 1963 2204 id
2012 2151 2229 2203 vulnera

653 2243 937 2313 iulligimus
966 2261 980 2298 :
1014 2243 1458 2310 quemadmmlmn
1500 2243 1544 2296 si
1587 2243 1706 2310 quis
1732 2249 1952 2310 accepto
1987 2238 2147 2301 ferro,
2177 2246 2234 2292 ut

652 2351 768 2403 qua:
814 2335 865 2386 in
905 2335 1023 2388 aliis
1049 2334 1339 2404 putrefacta
1369 2332 1834 2398 suntexscindat,
1885 2333 2119 2400 seipsum
2159 2341 2235 2383 tc-

653 2439 797 2477 mere
838 2424 1116 2488 concidat,
1167 2438 1226 2478 se
1254 2439 1350 2492 per
1393 2433 1558 2476 totum
1603 2436 1800 2491 corpus
1827 2423 2073 2475 saucians
2105 2438 2118 2473 :
2150 2420 2233 2474 vel

651 2517 974 2585 gubernator
1029 2532 1122 2585 per
1171 2518 1379 2570 clavum
1435 2517 1678 2586 cymbam
1734 2514 2081 2582 submergat,
2141 2527 2236 2580 per

652 2620 809 2676 quem
841 2615 1116 2660 ventorum
1141 2609 1390 2674 impetum
1418 2606 1696 2674 oportebat
1723 2604 1992 2658 cohibere.
2040 2603 2226 2671 Hujus-

655 2697 796 2750 modi
826 2706 908 2750 est
935 2698 1094 2750 etiam
1135 2697 1208 2749 ira
1231 2736 1246 2762 ,
1287 2696 1412 2750 utile
1443 2697 1886 2762 in~trumentum,
1915 2703 1972 2749 ut
2000 2703 2234 2747 nostram

653 2789 848 2843 cscilct
897 2779 1338 2854 somnolentiani,
1390 2797 1445 2842 ut
1479 2788 1658 2841 animo
1688 2789 1922 2854 vigos'em
1953 2788 2096 2840 indat
2120 2829 2134 2852 ,
2179 2793 2239 2839 ut

655 2896 755 2935 nos
783 2882 1016 2934 acriores
1043 2880 1266 2946 efﬁciat,
1296 2889 1351 2932 ut
1385 2895 1478 2948 pro
1509 2881 1590 2933 his
1618 2879 1953 2948 indignemur
1992 2881 2078 2947 qui
2111 2887 2235 2931 sunt

663 2972 837 3026 aﬁ‘ccti
868 2973 1057 3040 injuria
1082 3013 1096 3035 ,
1126 2981 1183 3025 ut
1209 2971 1272 3025 ad
1304 2987 1486 3040 pinnas
1511 2973 1576 3026 de
1604 2973 1996 3025 insidiatoribus
2023 2986 2240 3025 sumen-

654 3066 751 3119 das
772 3080 869 3120 nos
889 3075 1113 3118 moveat.
1147 3065 1221 3118 Ea
1246 3065 1312 3118 de
1338 3079 1493 3117 causa
1515 3064 1672 3117 dicit:
1695 3061 2000 3123 lrascimini,
2023 3073 2065 3115 et
2088 3063 2242 3116 nolite

657 3172 880 3224 peccare.
927 3155 1080 3222 Quod
1110 3153 1163 3208 sf
1182 3155 1284 3209 hoc
1313 3155 1422 3208 ﬁeri
1454 3169 1558 3207 non
1595 3165 1774 3222 p.isset
1797 3195 1812 3218 ,
1859 3153 2074 3207 minime
2102 3167 2238 3221 prte-

658 3248 900 3314 cepissct.
928 3247 1055 3314 Qua:
1083 3246 1222 3302 enim
1253 3246 1363 3300 ﬁeri
1387 3260 1490 3300 noti
1521 3256 1760 3313 possunt,
1789 3261 1949 3300 nemo
1979 3246 2235 3314 pra-cipit.

663 3341 851 3410 Legem
884 3340 1058 3409 itaque
1086 3341 1312 3393 alferens
1342 3338 1718 3408 apostolicam,
1752 3347 1805 3392 et
1851 3337 2238 3406 philostzphiam

661 3431 1036 3497 evangelicum,
1065 3445 1182 3483 cum
1210 3429 1394 3484 eadem
1421 3429 1640 3482 dixisset
1660 3444 1778 3497 que
1806 3428 2065 3490 Christus,
2082 3429 2239 3482 aliam

659 3522 840 3591 adjicit
868 3521 1278 3576 admonitionem
1307 3563 1321 3584 ,
1363 3536 1481 3591 mne
1521 3523 1599 3576 sic
1637 3521 1802 3575 dicit:
1835 3521 1962 3588 Qua:
1989 3521 2154 3576 dicitis
2188 3522 2240 3574 in

661 3614 890 3667 cordibus
917 3615 1109 3678 vestris,
1140 3614 1193 3667 in
1214 3613 1458 3666 cubilibus
1479 3615 1650 3666 vestris
1671 3612 2065 3681 compuagimini
2105 3611 2242 3678 Quid

661 3705 905 3774 estquod
946 3704 1143 3758 dictum
1171 3706 1290 3758 est?
1348 3703 1565 3756 Videtur
1601 3703 1740 3755 enim
1777 3717 1896 3756 esse
1934 3703 2239 3756 obscurum.

665 3795 789 3850 l‘ost
813 3810 1021 3848 coenam
1043 3835 1057 3857 ,
1087 3793 1289 3863 inquit,
1317 3793 1530 3863 quando
1569 3793 1656 3847 itis
1685 3792 2002 3854 dormitum,
2031 3792 2244 3861 quando

663 3888 792 3939 estis
831 3884 1124 3939 decubituri
1150 3925 1165 3949 ,
1215 3893 1267 3938 et
1311 3884 1762 3952 nullo'prmsente
1795 3883 1958 3936 multa
1988 3883 2157 3951 quies,
2191 3892 2247 3938 et

593 4033 596 4036 .
667 3978 877 4033 nemine
921 3977 1306 4031 interturbante
1355 3974 1612 4043 profunda
1659 3973 2042 4042 tranquillitas,
2074 3975 2244 4028 excita

661 4067 914 4138 judicium
938 4076 1040 4121 tua:
1064 4065 1402 4120 conscientia:
1423 4107 1438 4132 ,
1471 4057 1543 4120 ab‘
1564 4065 1676 4133 ipsa
1705 4065 1961 4118 rationem
1988 4065 2160 4130 exige,
2193 4075 2247 4118 ct

663 4175 782 4228 qua:
810 4160 1038 4214 interdiu
1069 4160 1203 4212 mala
1253 4159 1438 4222 cepisti
1469 4157 1690 4211 consilia
1717 4197 1731 4221 ,
1787 4155 1868 4209 vel
1914 4154 2066 4209 dolos
2111 4170 2244 4211 con-

665 4261 916 4317 struens,
961 4249 1040 4302 vel
1088 4248 1441 4318 propinquum
1471 4245 1932 4307 circumveniens,
1961 4245 2043 4300 vel
2086 4260 2247 4315 prava

667 4341 932 4395 desideria
958 4340 1274 4406 suscipiens,
1307 4353 1368 4392 ea
1396 4352 1517 4390 cum
1542 4337 1593 4390 in
1626 4336 1766 4390 iilius
1788 4336 1979 4405 quietis
2009 4344 2249 4405 tempore

666 4438 717 4490 in
749 4435 976 4489 medium
1007 4433 1311 4498 adduxeris,
1343 4443 1397 4485 et
1424 4431 1678 4498 improbis
1713 4429 1816 4483 illis
1843 4428 2250 4498 cogitationibus

663 4526 1040 4581 conscientiam
1065 4524 1296 4594 judicent
1321 4523 1553 4587 dederis,
1574 4537 1666 4576 eas
1693 4522 1860 4575 fodica
1882 4505 1936 4574 et
1958 4521 2175 4587 dilania,
2198 4530 2252 4576 et

664 4618 730 4673 de
755 4618 832 4672 eis
858 4631 1069 4684 pinnam
1093 4630 1243 4670 sume
1263 4657 1276 4682 ,
1308 4623 1494 4683 torque
1519 4613 1891 4684 cogitationem
1919 4627 2039 4682 quae
2063 4626 2250 4676 pecca-

665 4709 758 4761 vit.
814 4707 866 4760 Id
909 4707 1049 4760 enim
1090 4705 1190 4759 sibi
1236 4705 1347 4758 vult
1382 4703 1509 4758 illud
1538 4721 1551 4756 :
1585 4703 2024 4774 Compungimini,
2059 4717 2158 4772 pro
2185 4717 2252 4758 eo

664 4797 805 4867 quod
831 4804 945 4862 est,
976 4795 1196 4865 Pungite
1215 4835 1230 4860 ,
1270 4795 1538 4849 stimuiate
1564 4811 1680 4864 quae
1707 4796 1758 4848 in
1786 4793 2040 4849 cordibus
2060 4795 2252 4848 vestris

664 4890 874 4946 dixistis
914 4888 1142 4943 interdiu
1174 4907 1186 4942 :
1219 4887 1320 4942 hoc
1356 4896 1458 4954 est,
1501 4888 1639 4941 mala
1673 4903 1789 4954 qua!
1828 4888 2098 4956 cogitastis
2124 4901 2250 4939 con-

665 4987 778 5041 silia
807 5026 821 5051 ,
863 5001 925 5040 ea
956 4986 1011 5040 in
1051 4984 1312 5040 cubilibus
1338 4983 1548 5048 vestris,
1582 4983 1632 5035 in
1672 4992 1908 5049 tempore
1936 4980 2078 5035 illius
2103 4980 2256 5048 quie-

666 5080 732 5133 tis
755 5079 956 5148 punite,
982 5078 1032 5131 in
1055 5092 1116 5131 ea
1138 5076 1543 5131 animadvertite
1574 5093 1588 5128 :
1616 5073 1828 5143 quando
1853 5088 2022 5143 neque
2048 5073 2253 5126 amicus

666 5169 1002 5234 interturbat,
1027 5184 1124 5224 nec
1147 5167 1374 5222 famulus
1404 5168 1590 5231 irritat,
1618 5182 1717 5222 nec
1742 5167 1894 5221 turba
1920 5167 2252 5233 negotiorum

669 5269 858 5329 urget,
905 5267 1030 5313 tunc
1055 5259 1176 5312 vita:
1208 5259 1437 5313 interdiu
1476 5267 1608 5312 actte
1635 5258 1896 5312 rationem
1931 5258 2143 5327 exigite.
2191 5256 2255 5310 Et

668 5366 764 5406 cur
791 5366 896 5404 non
922 5351 1053 5404 dixit
1075 5391 1090 5415 ,
1141 5350 1426 5405 verborum
1456 5359 1510 5404 et
1539 5349 1798 5403 factorum
1826 5388 1841 5412 ,
1874 5347 1968 5402 sed
1996 5347 2254 5402 malarum

668 5443 1082 5514 cogitationum?
1129 5443 1243 5498 Hoc
1286 5444 1486 5497 docens
1525 5456 1594 5496 ex
1648 5434 1958 5494 abundanti.
2009 5438 2067 5494 Si
2110 5439 2256 5494 enim

670 5534 808 5589 mala
835 5543 959 5589 sunt
983 5534 1284 5604 castiganda
1307 5533 1547 5600 consilia,
1570 5542 1629 5587 ut
1651 5546 1754 5586 non
1786 5532 1839 5586 in
1869 5545 2003 5601 opus
2028 5540 2254 5586 exeant:

671 5625 839 5680 multo
876 5627 1043 5696 magis
1087 5640 1184 5694 pro
1221 5624 1371 5680 factis
1397 5633 1452 5678 et
1475 5623 1632 5679 dictis
1656 5631 1869 5691 oportet
1894 5622 2016 5692 angi
2054 5621 2254 5679 animo.

674 5715 798 5770 llaec
845 5716 974 5772 ﬁant
1017 5717 1238 5785 singulis
1285 5707 1509 5780 diebus,
1559 5729 1656 5770 nec
1697 5715 1842 5783 prius
1879 5713 2196 5778 dormieris,
2225 5726 2260 5768 ο

677 5809 858 5877 homo,
887 5823 1045 5880 quam
1072 5819 1252 5866 mente
1283 5807 1578 5865 versaveris
1603 5820 1721 5878 quae
1741 5821 1770 5859 a
1799 5813 1849 5861 te
1875 5802 2104 5862 interdiu
2130 5817 2256 5878 per-

2329 527 2510 581 peram
2540 521 2658 567 acta
2685 523 2801 566 sunt
2839 529 2854 565 :
2884 523 2938 567 et
2962 513 3050 567 die
3070 514 3313 582 sequenti
3331 513 3442 568 eris
3470 515 3692 570 omnino
3721 514 3933 570 taniior

2328 600 2394 655 ad
2421 617 2483 656 ea
2529 603 2639 671 ipsa
2670 616 2855 657 rursus
2887 602 3265 672 aggredienda.
3319 606 3382 657 Et
3409 605 3552 673 quod
3585 605 3715 659 facis
3741 606 3796 659 in
3824 621 3923 675 pe-

2327 695 2482 748 cunia
2508 735 2523 759 ,
2575 708 2675 749 nec
2712 695 2843 748 sinis
2874 703 2930 748 ut
2954 693 3062 748 duo
3089 695 3205 749 dies
3244 705 3598 765 przt'tereaut,
3647 698 3775 767 quin
3799 713 3930 754 cum

2331 784 2528 841 famqu
2557 788 2815 841 rationem
2865 788 3014 842 ineas
3033 827 3048 852 ,
3094 802 3162 842 ne
3186 786 3553 844 confusionem
3587 789 3801 845 inducat
3823 791 3928 845 ob-

2330 865 2492 944 livio,
2541 878 2643 933 hoc
2682 879 2843 932 etiam
2887 879 2940 933 in
2978 880 3276 934 actionibus
3318 879 3402 934 l'ac
3436 881 3659 951 singulis
3687 880 3880 936 diebus
3907 896 3926 934 ε

2330 968 2542 1038 vesperi
2587 969 2656 1022 ab
2695 970 2872 1022 anima
2919 970 3181 1023 rationem
3197 969 3398 1038 exige,
3445 977 3502 1024 et
3542 971 3931 1040 cogitationem

2330 1073 2450 1128 qua:
2483 1059 2718 1128 peccavit
2744 1059 3039 1114 condemna
3062 1075 3078 1125 ;
3105 1073 3224 1113 eam
3262 1058 3428 1113 veluti
3458 1059 3601 1128 ligno
3630 1060 3932 1130 suspende,

2331 1163 2392 1203 ac
2416 1159 2603 1220 torque
2623 1191 2637 1216 ,
2665 1160 2719 1204 et
2741 1149 2874 1217 jube
2896 1164 2962 1203 ne
2993 1149 3218 1218 amplius
3243 1163 3306 1204 ea
3328 1149 3685 1219 aggrediatur.
3735 1151 3934 1206 Vidisti

2333 1241 2590 1310 Optimam
2631 1239 2877 1296 medendi
2906 1241 3193 1307 rationem,
3223 1242 3494 1311 quomodo
3517 1249 3571 1296 et
3597 1257 3941 1311 praeservan—

2334 1334 2474 1387 tibus
2500 1342 2554 1388 et
2585 1333 2974 1404 corrigentibus
3015 1332 3426 1388 medicamentis
3453 1349 3581 1388 usus
3607 1335 3734 1390 est?
3779 1335 3936 1390 Prm—

2332 1427 2514 1496 cipere
2542 1427 2684 1484 enim
2716 1443 2784 1482 ne
2811 1428 2865 1481 in
2896 1438 3114 1494 peccata
3143 1427 3380 1491 incidas,
3416 1430 3791 1497 praservantis
3819 1443 3941 1482 me-

2333 1516 2618 1572 dicamenti
2647 1518 2822 1573 locum
2855 1519 3080 1582 obtinet,
3110 1531 3320 1586 nempe,
3356 1516 3668 1582 Irascirnini,
3698 1528 3746 1572 et
3772 1519 3940 1572 nolite

2335 1624 2584 1677 peccare:
2622 1606 2748 1662 illud
2779 1616 2957 1662 autem
2977 1649 2993 1674 ,
3027 1606 3156 1672 Qua
3176 1607 3342 1661 dicitis
3379 1608 3433 1660 in
3465 1607 3702 1661 cordibus
3725 1609 3933 1672 uestris,

2335 1701 2389 1752 in
2416 1698 2690 1752 «cubilibus
2717 1699 2894 1753 vestris
2934 1698 3332 1769 compungimini
3352 1740 3366 1762 ,
3399 1698 3736 1767 corrigentis.
3772 1697 3940 1752 Post-

2334 1804 2494 1858 quam
2539 1789 2682 1843 enim
2732 1789 3010 1857 peccavit,
3057 1787 3274 1842 adhibet
3300 1802 3486 1842 rursus
3516 1786 3936 1852 medicamenta,

2336 1881 2402 1933 ab
2449 1881 2566 1949 ipso
2611 1880 2698 1948 qui
2751 1879 2990 1948 peccavit
3036 1878 3251 1932 inducta
3299 1877 3584 1931 medicina.
3645 1876 3754 1930 Hac
3800 1892 3941 1947 ergo

2337 1982 2548 2026 utamur
2595 1972 2857 2026 medicina
2879 2011 2894 2036 ,
2936 1986 3056 2041 qua:
3094 1969 3228 2028 nihil
3259 1970 3419 2023 habet
3449 1968 3667 2022 omnino
3697 1968 3938 2022 difﬁcul-

2338 2065 2481 2117 tatis.
2505 2063 2596 2117 Sin
2626 2071 2803 2140 autem
2831 2076 2936 2114 non
2964 2061 3190 2115 sustinet
3210 2061 3386 2112 anima
3410 2058 3720 2113 meminisse
3743 2072 3930 2128 pecca-

2339 2165 2509 2210 torum
2532 2195 2547 2218 ,
2585 2155 2910 2208 erubescens
2937 2161 2992 2207 et
3017 2151 3220 2221 pudore
3249 2150 3485 2213 suﬁ'usa;
3531 2149 3615 2203 die
3637 2150 3710 2202 illi
3738 2165 3751 2202 :
3784 2147 3934 2202 Nihil

2340 2247 2640 2311 lucrifacis,
2683 2247 2728 2301 si
2771 2261 2875 2299 non
2922 2245 3274 2300 memineris:
3321 2243 3414 2297 sed
3464 2256 3714 2310 maguum
3756 2241 3942 2309 potius

2339 2342 2592 2394 damnum
2622 2337 2839 2407 accipis.
2900 2336 2956 2391 Si
3001 2337 3142 2391 enim
3170 2351 3274 2388 non
3319 2349 3457 2388 nunc
3495 2333 3634 2401 apud
3663 2343 3713 2386 te
3741 2331 3942 2385 memi-

2341 2433 2484 2485 neris
2507 2472 2520 2495 ,
2569 2439 2695 2483 tunc
2733 2439 2855 2482 ante
2881 2429 3120 2481 omnium
3147 2425 3334 2480 oculos
3363 2435 3449 2477 tua
3479 2433 3782 2478 statuentur
3812 2435 3942 2490 pec-

2341 2537 2456 2578 cata
2488 2529 2524 2576 ι.
2559 2525 2612 2578 Si
2642 2534 2820 2577 autem
2849 2536 2989 2575 nunc
3013 2536 3074 2574 ea
3105 2517 3496 2588 supputaveris,
3527 2526 3580 2570 et
3607 2515 3676 2568 ab
3703 2514 3805 2567 illis
3826 2511 3946 2566 cito

2324 2616 2674 2674 -libcraberis,
2707 2624 2758 2665 et
2787 2613 2838 2666 in
2865 2612 2966 2665 alia
2990 2626 3094 2664 non
3125 2608 3280 2664 facile
3308 2607 3534 2661 incides.
3567 2606 3757 2659 Anima
3787 2603 3943 2658 enim

2345 2693 2890 2774 vespertinuniverita
2909 2701 3190 2771 judicium,
3219 2715 3286 2753 ne
3313 2697 3558 2754 eamdem
3586 2711 3772 2750 rursus
3798 2695 3941 2749 sub-

2342 2808 2429 2851 eat
2471 2795 2789 2849 sententiam
2811 2835 2826 2857 ,
2856 2795 2899 2846 si
2951 2801 3258 2860 torqueatur
3287 2800 3341 2844 et
3377 2788 3704 2858 flagelletur,
3743 2785 3943 2838 redde-

2345 2901 2432 2943 tor
2465 2890 2530 2943 ad
2582 2897 2854 2956 peccatum
2899 2885 3103 2939 tardior
3136 2901 3148 2933 :
3182 2893 3236 2936 et
3280 2898 3343 2936 ex
3383 2896 3444 2934 ea
3487 2895 3544 2933 re
3590 2888 3795 2932 tantum
3835 2877 3950 2931 erit

2347 2981 2764 3032 emolumentum
2788 3016 2801 3038 ,
2845 2986 2902 3028 ut
2943 2975 2986 3029 si
3030 2974 3079 3028 id
3115 2988 3220 3026 uno
3248 2971 3364 3025 solo
3403 2985 3586 3023 mense
3632 2967 3945 3031 fecerimus,

2346 3071 2397 3124 in
2432 3069 2667 3138 perfecto
2711 3067 2922 3120 virtutis
2965 3064 3148 3118 habitu
3189 3077 3287 3116 nos
3337 3061 3482 3129 ipsos
3528 3059 3944 3112 constituemus.

2345 3164 2420 3216 l‘ie
2441 3172 2640 3216 tantum
2672 3161 2849 3228 itaque
2880 3157 3077 3210 bonum
3101 3155 3513 3224 neglexerimus.
3537 3153 3636 3218 Qui
3669 3151 3810 3205 enim
3838 3149 3951 3205 hoc

2342 3254 2602 3324 judicium
2641 3253 2727 3305 hic
2769 3248 3015 3303 statuerit
3040 3289 3054 3311 ,
3101 3247 3322 3300 acerbas
3354 3245 3462 3298 illic
3499 3257 3684 3313 punias
3711 3255 3816 3294 non
3847 3240 3951 3294 da-

2349 3345 2442 3398 bit.
2489 3343 2548 3398 Si
2575 3343 2708 3396 enim
2737 3357 2828 3394 nos
2848 3341 2983 3411 ipsos
2999 3338 3348 3409 judicaremus
3367 3377 3381 3401 ,
3412 3353 3514 3388 non
3537 3335 3710 3402 utique
3729 3331 3950 3402 judica-

2347 3453 2514 3491 remur
2541 3452 2560 3488 :
2588 3452 2620 3488 α
2651 3435 2874 3488 Domino
2896 3442 3066 3484 autem
3085 3429 3307 3500 judicati
3333 3428 3592 3481 erudimur
3612 3467 3627 3490 ,
3662 3425 3849 3494 inquit,
3879 3440 3952 3476 ue

2347 3545 2463 3580 cum
2510 3527 2699 3579 mundo
2744 3523 3132 3577 condemnemur
3172 3520 3190 3586 (
3217 3521 3265 3573 ι.
3298 3518 3416 3572 Cor.
3449 3519 3536 3572 Η.
3567 3517 3656 3572 51.
3685 3514 3813 3586 32).
3868 3513 3952 3570 Nc

2347 3618 2949 3690 ergocondemnemur,
2988 3615 3092 3668 hoc
3123 3613 3398 3666 faciamus.
3445 3610 3498 3666 6.
3534 3609 3834 3677 Sacri/icate
3853 3623 3950 3661 sa-

2348 3713 2596 3780 criﬁcium
2616 3709 2832 3780 justitia
2865 3717 2910 3762 et
2934 3718 3133 3776 sperate
3163 3707 3216 3758 in
3241 3703 3482 3758 Domino.
3530 3701 3722 3756 Vidisti
3751 3713 3949 3753 conse-

2350 3797 2620 3873 quentiam
2653 3799 2840 3870 optimi
2866 3798 3113 3853 consilii?
3161 3795 3337 3850 vidisti
3373 3792 3663 3864 perfectam
3702 3790 3951 3844 admoni-

2352 3890 2594 3948 tionem?
2622 3891 2908 3959 Postquam
2942 3889 3084 3942 euim
3114 3894 3331 3954 propter
3361 3892 3580 3954 peccata
3608 3880 3948 3951 compunxit,

2349 3993 2406 4039 et
2454 3981 2521 4038 ad
2566 3981 2753 4037 eadem
2806 3993 2990 4034 rursus
3035 3976 3391 4048 aggredienda
3442 3973 3703 4029 tardiores
3745 3971 3948 4038 eli‘ecit,

2347 4074 2713 4146 judiciumque
2750 4071 2891 4141 quod
2919 4085 3024 4125 non
3054 4077 3227 4138 potest
3254 4066 3523 4136 corrumpi
3549 4063 3860 4127 constituit,
3890 4071 3952 4116 et

2350 4174 2475 4225 vita:
2503 4169 2764 4224 rationem
2794 4167 3009 4234 exegit,
3055 4164 3126 4217 ita
3154 4161 3220 4216 ad
3259 4161 3468 4214 virtutis
3511 4157 3822 4214 exercitium
3852 4154 3951 4209 de-
4025 4220 4034 4231 ι

2353 4261 2517 4318 ducit.
2547 4260 2731 4329 Neque
2750 4259 2893 4314 enim
2925 4254 3119 4310 sufﬁcit
3140 4254 3230 4307 sia
3255 4251 3409 4305 malis
3434 4249 3818 4313 abstineamus,
3850 4248 3950 4300 sed

2355 4361 2567 4422 oportet
2588 4353 2747 4406 etiam
2776 4349 2945 4402 bonos
2982 4359 3132 4400 actus
3161 4343 3439 4398 accedere.
3492 4340 3753 4409 Quocirca
3783 4338 3950 4393 etiam

2357 4443 2704 4516 progrediens
2729 4441 3010 4503 admonet,
3041 4437 3226 4490 dicens
3256 4453 3268 4487 :
3305 4434 3516 4488 Declina
3537 4448 3570 4484 ts
3595 4432 3752 4494 malo,
3794 4438 3839 4482 et
3865 4431 3952 4500 fa:

2357 4536 2540 4589 bonum
2573 4531 2744 4602 (Psal.
2771 4532 2859 4586 55.
2896 4527 3006 4600 15).
3061 4527 3176 4581 Non
3202 4527 3376 4580 solum
3406 4525 3550 4579 enim
3591 4519 3953 4591 improbitatis

2357 4625 2496 4678 actio
2515 4665 2530 4686 ,
2558 4623 2655 4678 sed
2683 4622 2844 4676 etiam
2871 4635 2899 4673 a
2925 4620 3122 4672 virtute
3150 4615 3384 4671 cessatio
3407 4656 3422 4679 ,
3454 4623 3513 4667 ut
3541 4613 3844 4682 puniamur,
3873 4610 3956 4666 ef-

2358 4718 2484 4770 ﬁcit.
2526 4715 2658 4770 Nam
2689 4721 2745 4769 et
2772 4713 2845 4767 illi
2884 4712 2973 4782 qui
3020 4711 3342 4765 esurientem
3388 4722 3493 4761 non
3542 4715 3838 4776 paverunt,
3888 4717 3955 4759 ac

2358 4805 2557 4862 sitienti
2596 4812 2780 4875 potum
2810 4818 2914 4856 non
2953 4801 3253 4865 dederunt,
3285 4809 3339 4853 et
3367 4801 3457 4868 qui
3495 4796 3697 4852 nudum
3726 4811 3831 4850 non
3859 4810 3952 4849 ve-

2360 4900 2586 4954 stierunt
2615 4893 2826 4965 (Matth.
2856 4893 2948 4949 25.
2976 4893 3065 4947 42.
3097 4892 3260 4961 seqq.)
3281 4932 3298 4956 ,
3327 4906 3433 4944 non
3465 4887 3624 4942 furati
3655 4895 3818 4953 sunt,
3852 4901 3956 4960 nec

2359 4990 2503 5044 avari
2540 4987 2791 5053 fuerunt,
2819 5001 2922 5040 nec
2960 4984 3098 5039 bona
3141 4984 3313 5036 aliena
3345 4989 3636 5058 rapuerunt
3667 4998 3682 5034 :
3709 4978 3804 5034 sed
3829 4979 3956 5048 quia

2361 5097 2466 5135 non
2500 5080 2743 5134 fecerunt
2761 5077 3157 5146 eleemosynam
3181 5114 3196 5140 ,
3223 5082 3508 5143 propterea
3534 5086 3705 5142 paena:
3733 5071 3958 5125 immor-

2363 5174 2452 5228 tali
2480 5171 2791 5234 traduntur,
2820 5176 2875 5222 et
2901 5165 3162 5236 supplicio
3190 5165 3342 5233 cujus
3368 5163 3546 5218 nullus
3571 5171 3654 5218 est
3681 5161 3820 5216 linis.
3871 5160 3955 5215 Ex

2362 5277 2468 5333 quo
2497 5260 2844 5329 intelligimus
2865 5297 2879 5322 ,
2927 5255 3202 5316 abstinere
3232 5270 3261 5308 a
3289 5253 3444 5308 malis
3484 5268 3590 5307 non
3635 5265 3756 5307 esse
3799 5249 3957 5305 nobis

2363 5355 2680 5426 principium
2708 5349 2896 5406 salutis
2922 5350 2976 5413 ',
3028 5349 3129 5404 nisi
3167 5347 3307 5402 adsit
3345 5347 3508 5401 etiam
3533 5345 3800 5401 bonorum
3832 5356 3957 5414 pos-

2363 5447 2531 5504 sessio
2553 5487 2568 5512 ,
2599 5453 2655 5500 et
2681 5442 2891 5498 virtutis
2917 5440 3074 5496 actio.

2429 5626 2447 5656 ¹
2483 5630 2622 5686 neg.,
2641 5619 2981 5672 mummium
3022 5618 3185 5670 oculos
3206 5617 3351 5669 stabit
3381 5613 3466 5667 tibi
3489 5598 3699 5664 tribunal
3715 5616 3799 5661 tua
3826 5622 3958 5661 cons-

2363 5686 2666 5752 preliendens
2689 5689 2904 5745 peccata.

2432 5751 2454 5782 ³
2479 5753 2532 5801 ln
2563 5750 2782 5810 Graeco,
2803 5749 2891 5796 aint
2931 5748 2991 5810 ἀρ

2489 5735 2532 5820 [τι
2563 5735 2784 5820 Graio...
2803 5749 2904 5820 οὐκ-
2931 5747 3054 5820 ἀπὸ
3090 5743 3526 5820 σιιιτηρὲφςηῇμῖνι
3548 5735 3963 5820 ιριεῐιπεενίὲινί

2374 5815 2545 5876 vertit,
2574 5824 2668 5863 non
2689 5815 2808 5862 satis
2833 5815 2906 5862 est
2928 5823 2960 5863 tt

3029 5803 3066 5860 is
3089 5805 3155 5857 ad
3190 5803 3417 5865 sdlutcm,
3439 5818 3532 5855 non
3554 5805 3677 5867 ἀρχὴ
3702 5803 3962 5867 σωτηρίας,
