4178 6446
138 361 193 416 εδ
352 354 357 355 ί
1266 349 1634 412 EXPOSI’I‘IO
1670 349 1731 407 IN

1837 347 2108 408 SALMUI
2147 348 2240 407 IV.
3378 347 3447 405 Si

191 478 240 537 9-
266 476 397 548 ουκ
416 477 481 534 sit
506 476 833 548 sacriﬁcium
850 474 1073 549 justititz
1092 482 1114 541 ,‘
1132 473 1352 545 justitia
1374 472 1580 527 nomine
1606 470 1713 525 circ

138 581 205 626 tas
220 568 393 632 saluis;
412 582 529 640 spes
554 567 612 623 iis
640 566 817 623 Deum
835 562 1528 634 immortalis—Propterea
1554 560 1719 618 etlam

138 662 388 737 propheta,
412 676 537 717 cum
566 670 623 717 et
651 661 727 717 ab
754 659 1099 732 improbitate
1132 672 1227 727 per
1244 654 1719 725 compunctionem

140 753 450 819 abduxisset,
484 751 627 807 etad
652 743 867 807 virtutis
892 751 1157 805 actionem
1177 748 1437 817 aptiorem
1461 745 1719 811 fecisset,

138 860 184 906 et
201 845 433 904 duritiam
459 844 666 899 mentis
684 841 1061 907 emollivisset,
1079 850 1135 895 ct
1169 853 1289 895 eam
1334 846 1431 907 per
1453 850 1721 905 compun-

140 944 342 999 ctionem
378 948 624 994 teneram
651 934 1002 1001 reddidisset,
1032 932 1220 1002 incipit
1249 929 1417 985 verba
1448 927 1626 984 facere
1652 926 1723 983 de

140 1037 310 1105 iustitia
336 1077 353 1102 ,
377 1044 435 1091 et
471 1033 644 1089 dicit:
678 1028 988 1098 Sacriﬁco“
1029 1025 1344 1095 sacriﬁcium
1383 1022 1605 1095 iustitia
1630 1061 1648 1086 ,
1674 1029 1725 1074 et

142 1138 310 1198 sperate
348 1128 403 1182 in
438 1124 692 1180 Domino.
724 1119 866 1190 Quid
906 1126 992 1173 est
1020 1158 1035 1184 ,
1070 1115 1375 1185 Sacrificate
1410 1112 1725 1181 sacriﬁcium

143 1220 358 1287 jutitie!
382 1216 785 1289 Per-sequimini
822 1211 1086 1285 justitiam
1118 1251 1136 1276 ,
1185 1208 1378 1292 oﬁ‘erte
1410 1205 1675 1278 justitiam
1707 1222 1723 1260 :

145 1310 227 1367 hoc
250 1319 327 1368 est
349 1310 643 1365 maximum
675 1307 791 1363 Deo
815 1305 1036 1370 donum,
1069 1302 1172 1358 boe
1209 1310 1295 1357 est
1332 1307 1610 1369 acceptum
1638 1310 1725 1352 sa-

144 1406 369 1461 criﬁcium
402 1445 417 1469 ,
448 1403 569 1459 hate
604 1400 814 1457 oblatio
852 1398 1008 1453 valde
1034 1405 1185 1468 grata
1215 1398 1337 1459 est',
1383 1408 1491 1449 non
1515 1404 1647 1447 oves
1672 1398 1729 1447 et

145 1498 313 1552 vitulos
338 1495 652 1551 sacriﬁcare
680 1536 696 1561 ,
720 1492 816 1549 sed
852 1507 973 1562 qua:
999 1497 1126 1546 sunt
1146 1488 1293 1559 justa
1333 1485 1532 1541 facere.
1562 1484 1728 1540 Vides

144 1592 248 1645 vita
279 1590 327 1645 in
357 1589 605 1645 Ecclesia
642 1583 993 1643 instituenda:
1040 1579 1535 1639 rationenrmultis
1577 1585 1727 1635 retro

145 1680 327 1735 sectilis
349 1680 516 1735 fuisse
541 1691 675 1733 ante
711 1676 1038 1747 descriptam
1062 1715 1079 1742 ,
1112 1683 1167 1730 et
1191 1688 1293 1745 pro
1319 1673 1426 1727 illis
1454 1670 1730 1727 sensibili-

145 1770 227 1825 bus
239 1786 297 1827 ea
315 1770 497 1841 quaeri,
527 1784 654 1839 qua:
670 1767 874 1822 eadunt
887 1765 989 1821 sub
1005 1763 1433 1834 intelligentiam.
1458 1760 1727 1818 Justitiam

145 1870 296 1917 autem
320 1862 404 1917 hic
423 1902 440 1928 ,
471 1861 617 1916 sicut
653 1868 783 1914 ante
808 1857 920 1912 dixi
947 1899 964 1923 ,
992 1871 1100 1911 non
1130 1855 1462 1926 singularem
1492 1853 1729 1924 aliquam

146 1951 253 2006 dicit
274 1952 511 2007 virtutem
530 1992 549 2017 ,
573 1948 679 2005 scd
709 1948 1051 2003 universam:
1083 1944 1539 2018 quemadmodum
1566 1945 1729 1999 etiam

145 2030 315 2097 virum
329 2040 532 2111 justum
577 2052 841 2094 vocamus
885 2038 978 2109 qui
1008 2051 1223 2092 omnem
1270 2037 1323 2091 in
1372 2050 1433 2092 se
1476 2036 1730 2090 virtutem

149 2131 376 2187 continet.
410 2129 523 2187 Hoc
542 2129 882 2186 sacriﬁcium
908 2143 1013 2184 non
1036 2137 1161 2199 eget
1191 2128 1415 2198 pecunia
1436 2169 1452 2194 ,
1481 2143 1588 2181 non
1615 2126 1734 2198 gla-

148 2222 241 2291 dio,
263 2204 368 2279 non.
381 2225 560 2289 altari,
584 2239 701 2279 non
730 2223 888 2294 igne:
920 2236 1028 2277 non
1055 2221 1344 2277 resolvitur
1380 2222 1438 2277 in
1478 2219 1688 2277 fumum
1709 2262 1727 2288 ,

147 2315 374 2382 clauem,
396 2326 452 2373 et
480 2315 737 2371 nidorem
762 2355 778 2383 ,
808 2313 904 2370 sed
932 2314 1117 2369 animo
1143 2304 1263 2385 ejus
1281 2312 1376 2385 qui
1406 2312 1567 2369 otl'ert
1592 2327 1730 2370 con-

152 2418 326 2465 tectum
364 2420 467 2467 est.
510 2410 577 2466 Ei
629 2424 737 2465 nec
764 2418 850 2464 est
884 2417 1173 2479 paupertas
1213 2405 1554 2463 obstaculum
1588 2450 1603 2474 ,
1632 2420 1734 2463 nee

149 2500 431 2559 mendicitas
456 2500 935 2573 impedimentum,
968 2515 1073 2555 non
1091 2494 1266 2568 locus,
1298 2512 1399 2554 nec
1419 2498 1565 2555 aliud
1587 2498 1735 2570 ejus-

149 2594 304 2659 Iodi;
327 2594 419 2650 sed
444 2593 782 2664 ubicumque
800 2591 1000 2661 fueris,
1030 2591 1081 2647 id
1112 2591 1309 2647 oﬁ‘erre
1334 2592 1536 2663 poteris
1564 2635 1579 2661 ,
1608 2607 1733 2647 cum

150 2683 247 2756 ipse
268 2685 337 2742 sis
358 2694 412 2741 et
435 2686 708 2742 sacerdos
729 2726 747 2751 ,
774 2694 831 2740 et
857 2684 1029 2739 altare
1050 2724 1064 2748 ,
1094 2694 1151 2739 et
1175 2682 1388 2754 gladius
1412 2726 1427 2749 ,
1453 2693 1509 2739 et
1533 2684 1730 2739 hostia.

151 2776 273 2834 Talia
298 2779 435 2835 enim
455 2788 586 2835 sunt
609 2793 737 2850 qua
754 2777 823 2832 ad
840 2785 1077 2833 mentem
1107 2776 1379 2846 pertinent
1395 2784 1452 2831 et
1475 2774 1734 2847 spiritua-

150 2867 235 2938 lia;
259 2872 534 2943 plurimum
559 2870 772 2926 habent
800 2868 1102 2937 facilitatis,
1139 2878 1197 2924 ut
1220 2868 1515 2939 quaenulla
1548 2877 1735 2923 exter-

151 2975 207 3017 ιι
238 2966 538 3034 operatione
586 2972 807 3035 egeant.
843 2961 917 3017 Et
956 2971 1158 3033 sperate
1201 2962 1257 3016 in
1301 2958 1547 3015 Domino.
1578 2960 1733 3017 Alius

151 3050 258 3109 dicit
282 3071 297 3109 :
322 3053 388 3109 Et
408 3056 664 3125 conﬁdite
689 3052 934 3109 Domino.
958 3053 1059 3122 Qui
1085 3053 1232 3109 enim
1265 3067 1361 3124 per
1376 3052 1579 3123 justam
1605 3052 1732 3107 vita

152 3140 507 3203 isititutionem
539 3149 715 3203 Deum
743 3147 844 3202 sibi
868 3146 1156 3218 propitium
1179 3155 1233 3202 et
1249 3133 1583 3202 clementem
1608 3144 1734 3201 red-

152 3236 317 3295 diderit
345 3282 360 3306 ,
416 3242 717 3295 maximam
775 3240 937 3295 habet
981 3240 1391 3309 opitulationem
1422 3282 1438 3307 ,
1473 3240 1733 3296 auxilium

153 3328 531 3403 inexpugnabile
559 3374 581 3398 ,
610 3342 663 3387 et
692 3331 982 3402 plurimum
1013 3331 1158 3385 illinc
1183 3329 1513 3402 prtesidium.
1542 3331 1734 3388 Vidisti

153 3417 347 3478 fructum
373 3422 653 3486 sacriﬁcii,
684 3423 773 3492 qui
802 3433 884 3477 est
908 3422 959 3476 in
984 3421 1186 3477 foribus
1206 3422 1229 3475 ζ)
1248 3420 1428 3476 vidisti
1453 3422 1736 3478 celerrime

155 3518 508 3583 germinantem
552 3517 822 3571 bonorum
862 3514 1222 3571 thesaurum?
1246 3514 1346 3583 Qui
1384 3516 1529 3570 enim
1565 3515 1733 3571 Deum

154 3600 288 3662 habet
322 3608 699 3661 auxiliatorem
726 3648 739 3669 ,
770 3620 1060 3676 quemnam
1094 3605 1303 3661 timebit
1332 3606 1603 3676 amplius?
1628 3606 1736 3663 Ne-

154 3696 343 3753 minem.
379 3697 497 3754 Jam
528 3713 665 3752 vero
700 3697 802 3751 hoc
829 3712 1043 3773 quoque
1078 3707 1164 3752 est
1193 3712 1298 3751 non
1326 3713 1485 3767 parva
1516 3700 1688 3755 virtus
1714 3740 1731 3767 ,

154 3785 251 3857 ipso
286 3790 473 3846 fretum
503 3791 656 3849 bono
684 3791 869 3846 animo
896 3803 1017 3845 esse
1041 3830 1057 3855 ,
1103 3798 1160 3845 et
1199 3789 1252 3843 in
1282 3789 1732 3860 ipso'conﬁdere.

153 3874 241 3935 led
264 3896 376 3937 cum
397 3883 607 3953 iustitia
627 3897 658 3936 a
689 3882 846 3937 nobis
870 3880 1009 3936 hanc
1029 3896 1245 3952 quoque
1264 3881 1516 3937 virtutem
1542 3882 1731 3954 exigit,

156 3974 271 4028 utin
296 3990 359 4030 eo
382 3977 750 4042 conﬁdamus,
781 3983 840 4031 ut
865 3977 917 4030 in
946 3990 1014 4031 eo
1032 3990 1313 4046 speremus
1336 4018 1352 4043 ,
1384 3986 1443 4031 ut
1472 3976 1606 4032 nulli
1635 3978 1736 4033 liu-

157 4078 301 4120 Ilaue
324 4070 400 4123 rei
430 4067 667 4123 ﬁdamus
683 4108 698 4134 ,
729 4066 825 4124 sed
852 4081 951 4122 nos
972 4067 1041 4121 ab
1063 4066 1318 4122 omnibus
1336 4066 1684 4139 sejungentes
1713 4110 1732 4138 ,

158 4159 500 4230 cogitationem
530 4175 753 4217 omnem
785 4160 893 4216 illic
934 4160 1252 4233 deﬁgamus.
1288 4161 1399 4217 Res
1428 4160 1583 4218 enim
1608 4162 1735 4218 vita:

158 4254 405 4317 mntis
437 4264 569 4309 sunt
598 4253 804 4308 umbris
847 4263 901 4309 et
951 4256 1179 4311 somniis
1200 4256 1406 4311 similes
1435 4298 1451 4323 ,
1479 4264 1644 4328 atque
1669 4256 1736 4314 iis

157 4343 290 4397 etiam
306 4345 702 4411 imbecilliores,
724 4356 785 4402 ut
796 4362 916 4418 qute
936 4348 1093 4403 simul
1110 4358 1403 4419 appareant
1422 4358 1476 4406 et
1496 4350 1733 4419 avolent;

159 4434 405 4491 etinterea
432 4438 566 4491 dum
599 4435 797 4492 adsunt
826 4480 842 4504 ,
869 4440 935 4494 iis
972 4439 1060 4510 qui
1097 4440 1214 4495 illas
1257 4440 1457 4497 habent
1505 4442 1735 4509 multum

162 4524 302 4581 turbae
326 4543 384 4582 ac
406 4530 674 4584 molestia:
696 4529 956 4597 aﬁ'erant;
998 4547 1124 4603 spes
1157 4543 1336 4588 autem
1369 4534 1421 4589 in
1453 4534 1619 4590 Deum
1651 4542 1736 4591 est

162 4613 464 4684 immortalis,
486 4608 861 4690 immutabilis,
890 4623 1202 4692 immobilis,
1224 4627 1360 4681 nulli
1381 4628 1736 4685 vieissitudini

161 4706 380 4776 obnoxia,
410 4730 537 4786 qua:
554 4716 699 4769 omni
723 4731 789 4771 ex
817 4726 968 4786 parte
996 4725 1166 4773 tutum
1194 4719 1371 4775 reddit
1396 4764 1411 4789 ,
1435 4731 1490 4776 et
1512 4723 1738 4791 inexpu-

161 4802 391 4869 gnabilem
417 4821 548 4862 eum
579 4805 760 4872 efﬁcit,
785 4810 873 4877 qui
901 4824 986 4873 ea.
1013 4824 1116 4881 qua
1147 4825 1245 4881 par
1263 4821 1347 4867 est
1371 4854 1386 4878 ,
1419 4828 1549 4869 cura
1576 4827 1630 4871 et
1656 4817 1737 4873 af-

164 4889 361 4950 fectione
397 4899 587 4953 utitur.
620 4901 673 4954 7.
711 4898 868 4954 Multi
903 4902 1080 4956 dicunt
1108 4943 1123 4968 ,
1175 4904 1304 4971 Quis
1328 4907 1557 4961 ostendet
1590 4910 1735 4966 nobis

163 4980 311 5041 bona?
327 4988 595 5061 Signatum
607 5002 680 5045 est
696 5008 849 5063 super
872 5010 964 5047 nos
990 4994 1158 5048 lumen
1181 4997 1348 5051 uultus
1377 4999 1468 5061 tui,
1494 4998 1733 5057 Domine.

165 5073 419 5150 Postquam
449 5082 522 5137 de
561 5084 802 5139 moribus
826 5084 1047 5153 perfecit
1073 5084 1495 5143 admonitionem
1520 5132 1535 5155 ,
1586 5102 1640 5146 et
1668 5092 1737 5147 ad

169 5162 247 5223 Dei
277 5173 491 5229 adduxit
520 5175 883 5246 cognitionem
915 5218 930 5240 ,
956 5191 1281 5247 omnemque
1308 5182 1547 5235 versavit
1573 5184 1740 5239 ratio-

168 5269 297 5326 nem,
322 5279 436 5332 qua:
466 5274 636 5335 potest
665 5268 878 5337 erigere
908 5276 1141 5323 mentem
1171 5284 1357 5325 eorum
1389 5272 1479 5342 qui
1514 5272 1737 5331 aberra-

170 5363 303 5419 runt;
329 5359 569 5426 exemplo
590 5361 823 5416 maxime
850 5375 1038 5416 eorum
1063 5363 1153 5418 oui
1185 5364 1259 5418 illi
1283 5374 1406 5420 sunt
1431 5366 1651 5432 addicti,
1683 5376 1740 5425 et

170 5446 265 5511 eius
284 5462 401 5518 erga
438 5452 554 5507 illos
580 5454 937 5523 providentia:
962 5494 977 5517 ,
1010 5466 1290 5526 postquam
1322 5472 1472 5513 suam
1501 5459 1740 5517 ostendit

174 5536 539 5599 Iolﬁcitudinem
569 5588 583 5609 ,
612 5546 909 5617 quamdam
946 5534 1304 5618 objectionem
1328 5552 1396 5607 ab
1427 5552 1737 5611 imbecillio-

172 5625 296 5686 ribus
328 5648 389 5689 ac
414 5638 768 5695 crassioribus
810 5636 1081 5695 induetam
1110 5640 1265 5698 affert
1291 5682 1309 5710 ,
1350 5654 1407 5700 et
1439 5646 1547 5702 ait:
1579 5645 1739 5703 Multi

1829 468 2025 535 dicunt,
2059 468 2190 538 Quis
2214 459 2442 523 ostendet
2464 466 2609 522 nobis
2639 466 2814 521 bona?
2842 464 2959 521 Non
2982 464 3059 520 illi
3089 464 3242 535 pauci
3268 464 3445 535 probi,

1826 579 1892 619 ac
1920 562 2124 619 sinceri
2152 604 2167 628 ,
2197 570 2254 617 et
2277 560 2367 632 qui
2402 568 2601 615 norunt
2625 558 2999 632 philosophari
3025 600 3041 625 ,
3065 557 3183 615 haec
3208 556 3399 613 dicunt
3432 600 3450 626 ,

1834 657 1930 713 sed
1958 654 2185 713 confusa
2208 664 2263 710 et
2294 654 2599 726 promiscua
2621 654 2936 721 multitudo,
2969 668 3091 725 quas
3130 651 3455 723 ignorationi

1808 758 1885 807 'et
1903 748 2150 805 stultitia
2174 746 2330 803 afﬁxa
2357 756 2462 804 est.
2490 746 2629 816 Quid
2656 756 2741 803 est
2764 756 2945 804 autem
2967 745 3111 819 quod
3137 744 3453 813 dicitiosis

1829 840 2059 897 ostendet
2099 840 2243 895 nobis
2304 840 2438 894 bona
2468 840 2494 894 .’
2521 839 2661 896 Sunt
2702 839 2920 910 quidam
2966 839 3059 911 qui
3101 838 3292 895 dicunt
3320 833 3454 904 ,alii

1806 932 2048 1004 quidem
2077 931 2171 987 Dei
2199 932 2591 1004 providentiam
2620 942 2959 998 accusantes,
3002 932 3097 987 alii
3133 947 3265 989 vero
3292 931 3453 986 volu-

1835 1026 1997 1096 ptatis
2023 1033 2316 1090 amatores,
2343 1025 2629 1091 socordiae,
2654 1040 2844 1095 opum,
2869 1025 3056 1097 gloriae
3079 1032 3131 1079 et
3153 1024 3412 1094 potentia:
3436 1063 3451 1087 ,

1830 1118 1922 1188 qui
1953 1115 2118 1171 etiam
2154 1115 2270 1172 hmc
2296 1124 2563 1184 amantes,
2595 1116 2785 1172 dicunt
2812 1118 2937 1173 talia
2970 1134 2984 1170 :
3015 1115 3119 1173 Ubi
3151 1124 3278 1171 sunt
3306 1115 3450 1170 bona

1833 1207 1931 1264 Dei
1951 1208 1976 1263 τ
2005 1207 2119 1279 Ego
2134 1223 2253 1263 sum
2277 1207 2332 1263 in
2354 1208 2718 1273 mendicitate,
2745 1217 2801 1264 et
2818 1207 3029 1275 morbo,
3053 1215 3111 1264 et
3123 1206 3454 1277 calamitate,

1831 1308 1890 1356 et
1923 1300 2190 1355 extremis
2218 1299 2375 1355 malis
2398 1341 2413 1365 ,
2442 1296 2661 1370 probris
2686 1308 2741 1356 et
2775 1299 3121 1356 contumeliis
3149 1318 3164 1354 :
3195 1299 3336 1354 alius
3355 1314 3454 1354 au-

1833 1399 1942 1447 tem
1974 1391 2029 1457 in
2056 1390 2335 1454 felicitate,
2362 1392 2664 1462 voluptate,
2691 1391 2903 1448 deliciis
2925 1434 2941 1461 ,
2966 1393 3226 1463 potentia,
3255 1390 3453 1462 gloria,

1832 1492 1889 1540 et
1916 1484 2139 1540 divitiis.
2164 1484 2231 1540 Et
2252 1486 2341 1540 alii
2363 1484 2580 1556 quidem
2608 1474 2726 1542 haec
2755 1486 2893 1541 bona
2910 1494 3119 1542 tantum
3146 1487 3451 1557 requirunt,

1834 1591 1897 1632 ea
1928 1591 2049 1647 quae
2086 1591 2217 1633 vere
2259 1586 2386 1632 sunt
2421 1576 2561 1633 bona
2593 1578 3075 1647 praetermittentes
3108 1619 3123 1643 ,
3152 1579 3408 1633 virtutem
3437 1619 3454 1643 ,

1835 1668 2077 1739 inquam,
2104 1679 2157 1725 et
2184 1669 2419 1724 studium
2448 1670 2763 1741 sapientia):
2794 1669 2885 1724 alii
2911 1684 3064 1737 vero,
3083 1680 3140 1725 ut
3165 1678 3293 1725 ante
3322 1669 3456 1738 dixi,

1836 1759 1933 1815 Dei
1958 1760 2120 1814 etiam
2144 1760 2543 1831 providentiam
2575 1776 2643 1817 ex
2668 1775 2735 1817 eo
2762 1761 3142 1827 criminantur,
3171 1761 3452 1825 dicentes:

1836 1850 1937 1908 Ubi
1964 1860 2047 1907 est
2077 1852 2170 1908 Dei
2201 1852 2538 1922 providentia
2564 1895 2581 1921 ,
2615 1868 2739 1909 cum
2766 1863 2915 1909 tanta
2940 1853 3011 1909 sit
3040 1854 3094 1908 in
3124 1854 3233 1909 vita
3258 1852 3455 1909 confu-

1835 1942 1940 2011 sio,
1970 1958 2093 1999 cum
2123 1944 2307 2014 plures
2334 1944 2387 1999 in
2418 1945 2787 2014 mendicitate,
2818 1945 3000 2017 inopia
3030 1954 3083 2001 et
3113 1946 3167 2001 in
3194 1947 3455 2019 extremis

1835 2034 1995 2091 malis
2020 2034 2255 2105 degant?
2274 2035 2419 2106 quod
2442 2044 2527 2092 est
2551 2038 2764 2108 signum
2786 2036 2905 2107 ejus
2932 2036 3327 2107 providentia?
3350 2037 3456 2104 Qui

1836 2139 2016 2185 autem
2046 2128 2164 2184 haec
2187 2129 2376 2185 dicunt
2406 2130 2633 2201 perinde
2654 2129 2860 2187 faciunt
2886 2144 2953 2186 ac
2981 2132 3028 2186 si
3056 2130 3178 2201 quis
3204 2130 3451 2199 clarissi-y

1836 2236 1930 2277 mo
1960 2220 2187 2277 meridie
2209 2230 2420 2293 quaerat
2447 2222 2621 2278 solem
2650 2222 2943 2290 videre,,et
2972 2221 3184 2278 dubitet
3216 2221 3287 2278 de
3310 2220 3455 2279 luce.

1836 2313 1994 2382 Quod
2025 2313 2319 2377 ostendens
2346 2314 2608 2386 prepheta
2638 2356 2654 2383 ,
2690 2323 2749 2372 et
2793 2315 3192 2388 quamprimum
3223 2313 3457 2371 atterens

1838 2405 2165 2462 solutionem
2196 2448 2212 2473 ,
2257 2404 2394 2461 dixit
2423 2424 2437 2459 :
2467 2407 2523 2462 7.
2555 2407 2835 2479 Signatum
2881 2416 2958 2462 est
2989 2423 3143 2479 super
3170 2424 3263 2463 nos
3287 2407 3460 2462 lumen

1838 2500 2011 2554 uultus
2044 2499 2150 2563 tui,
2176 2497 2417 2567 Domine.
2450 2498 2569 2555 Non
2592 2499 2729 2555 dixit
2760 2540 2777 2567 ,
2808 2500 3109 2572 Apparuit;
3137 2514 3249 2555 non
3276 2499 3415 2555 dixit
3440 2542 3458 2563 ,

1838 2590 2199 2660 Resple'nduit
2226 2632 2243 2657 ,
2286 2590 2384 2647 sed
2416 2597 2458 2658 ,‘
2488 2590 2767 2663 Signatum
2806 2600 2881 2646 est
2908 2607 2925 2646 :
2955 2590 3059 2647 hoc
3102 2591 3412 2663 signiﬁcans
3439 2632 3461 2659 ,

1798 2684 2296 2755 aquemadmodum
2323 2684 2466 2757 quod
2489 2694 2576 2741 est
2601 2685 2656 2740 in
2687 2683 2866 2741 fronte
2894 2685 3190 2756 signatum,
3221 2695 3306 2741 est
3332 2699 3457 2741 otn—

1840 2776 2000 2832 nibus
2035 2776 2381 2832 manifestum
2405 2818 2422 2844 ,
2454 2791 2557 2832 nee
2588 2775 2703 2831 ﬁeri
2732 2784 2915 2848 potest
2945 2784 3004 2832 ut
3030 2775 3346 2846 idaliquem
3376 2777 3457 2831 la-

1843 2876 1989 2935 teat,
2021 2882 2122 2923 nec
2166 2866 2357 2923 faciem
2400 2868 2521 2923 luce
2556 2868 2770 2939 plenam
2806 2879 2867 2924 et
2897 2868 3082 2925 radios
3117 2869 3461 2925 emittentem

1840 2969 2019 3031 potest
2043 2959 2164 3031 quis
2192 2958 2441 3031 ignorare
2466 2976 2480 3013 :
2511 2958 2607 3023 ita.
2640 2959 2835 3031 inquit,
2864 2974 2966 3016 nec
2993 2968 3139 3015 tuam
3167 2958 3460 3031 providen-

1840 3051 1995 3107 tiam.
2018 3049 2169 3107 Sicut
2196 3051 2341 3107 enim
2372 3050 2460 3105 lux
2492 3051 2700 3122 signata
2731 3092 2747 3118 ,
2776 3050 2882 3107 hoc
2907 3060 2991 3125 est
3022 3092 3038 3117 ,
3068 3051 3121 3106 in
3162 3050 3311 3106 vultu
3353 3051 3459 3105 im-

1840 3160 2026 3215 pressa
2050 3154 2106 3200 et
2135 3144 2427 3216 insculpta,
2458 3153 2543 3201 est
2572 3145 2857 3201 manifesta
2880 3144 3166 3201 omnibus:
3194 3146 3265 3201 ita
3296 3145 3459 3201 etiam

1843 3236 2181 3307 providentia
2216 3246 2321 3292 tuae
2349 3236 2718 3308 benignitatis.
2748 3236 2951 3293 Lucem
2978 3237 3123 3295 enim
3161 3237 3250 3293 hic
3284 3238 3413 3292 dicit
3441 3280 3457 3304 ,

1839 3329 2210 3385 defensionem
2239 3371 2256 3398 ,
2295 3331 2605 3401 praesidium
2640 3372 2657 3400 ,
2704 3331 2963 3386 auxilium
2990 3373 3009 3399 ,
3041 3330 3460 3402 providentiam.

1842 3421 2048 3477 Deinde
2074 3438 2196 3477 cum
2219 3422 2324 3478 hoc
2355 3424 2759 3494 pronuntiasset
2779 3466 2794 3488 ,
2831 3424 3109 3496 subjungit
3135 3425 3298 3481 etiam
3330 3439 3461 3495 pro-

1842 3515 2141 3573 bationem.
2168 3514 2469 3582 Quamnam
2500 3516 2726 3572 autem?
2754 3516 2956 3573 Dedisti
2975 3516 3205 3573 twtitiant
3228 3518 3282 3570 in
3310 3517 3464 3571 corde

1840 3623 1974 3661 meo.
2004 3606 2294 3678 Postquam
2334 3608 2787 3665 inconsideratam
2837 3608 3189 3680 reprehendit
3218 3610 3463 3665 multitu-

1840 3699 2023 3755 dinem
2058 3741 2075 3767 ,
2105 3715 2173 3756 ex
2216 3701 2282 3757 iis
2310 3702 2401 3773 qui
2441 3704 2657 3773 sapiunt
2700 3714 2756 3759 et
2794 3705 2911 3759 sani
2956 3711 3084 3758 sunt
3124 3703 3219 3759 Dei
3263 3703 3465 3775 probat

1840 3793 2257 3865 providentiam,
2288 3804 2343 3849 et
2368 3794 2500 3851 dicit
2524 3813 2537 3849 :
2575 3795 2775 3851 Dedisti
2796 3797 3026 3851 (mitium
3052 3798 3106 3853 in
3127 3797 3282 3851 corde
3307 3813 3460 3863 meo;

1840 3885 1947 3941 hoc
1974 3885 2359 3951 est,-Docuisti
2392 3902 2481 3942 me
2512 3887 2879 3959 philosophari
2912 3929 2930 3955 ,
2961 3903 3048 3944 res
3082 3904 3203 3958 qua:
3226 3888 3293 3943 ad
3321 3887 3463 3944 hanc

1842 3978 2005 4033 vitam
2046 3978 2320 4048 pertinent
2348 3980 2661 4049 aspernari,
2691 3994 2754 4035 ea
2783 3981 2925 4036 scire
2944 3994 3066 4051 qua:
3093 3989 3222 4036 sunt
3245 3995 3372 4035 vera
3397 3995 3462 4035 ae

1840 4070 2238 4139 permanentia,
2270 4077 2329 4124 ut
2355 4069 2495 4125 bona
2525 4086 2622 4141 sne
2646 4070 2873 4129 ducerer
2897 4069 3123 4126 ell'ecisti
3173 4112 3190 4137 ,
3222 4070 3289 4125 ad
3318 4070 3463 4125 futu-

1840 4176 1957 4217 ram
1986 4164 2149 4216 vitam
2176 4177 2338 4217 manu
2363 4160 2586 4229 duxisti;
2609 4172 2733 4218 ante
2762 4163 3025 4220 bonorum
3054 4165 3462 4235 perceptionem

1842 4269 1930 4309 me
1959 4253 2013 4309 in
2041 4269 2193 4325 spem
2220 4255 2492 4311 bonorum
2519 4256 2761 4313 erexisti.
2788 4254 2879 4312 Sic
2902 4266 3051 4313 recte
3078 4257 3331 4329 loquutus
3355 4268 3462 4315 est.

1916 4344 2007 4400 10.
2038 4344 2093 4400 Si
2126 4346 2247 4417 quis
2277 4346 2424 4401 enim
2453 4349 2717 4418 pecuniae,
2762 4348 2845 4403 vel
2874 4349 3037 4405 etiam
3075 4348 3305 4420 alicujus
3344 4364 3461 4404 ma-

1842 4436 1975 4491 ximi
2020 4437 2355 4510 principatus
2385 4438 2544 4495 heres
2580 4440 2792 4496 futurus
2821 4483 2838 4509 ,
2867 4456 2973 4497 non
3008 4443 3183 4497 solum
3218 4453 3463 4512 tempore

1842 4531 2228 4601 perceptionis,
2258 4531 2357 4588 sed
2381 4533 2546 4588 etiam
2574 4545 2861 4603 antequam
2885 4550 2950 4589 ea
2977 4536 3287 4605 experiatur
3306 4577 3321 4601 ,
3348 4536 3462 4590 eri-

1842 4625 1986 4696 gitur
2014 4628 2441 4696 exspectatione,
2466 4644 2531 4683 ex
2562 4643 2660 4698 spe
2688 4644 2937 4699 magnam
2964 4630 3297 4699 voluptatem
3340 4644 3464 4699 per-

1846 4728 2010 4786 petuo
2036 4720 2277 4787 capiens,
2311 4720 2489 4791 cogita
2515 4720 2730 4790 qualem
2758 4736 2880 4776 eum
2904 4736 3024 4777 esse
3040 4732 3462 4777 consentaneum

1845 4823 1951 4879 est,
1975 4812 2067 4883 qui
2106 4823 2386 4883 exspectat
2424 4830 2654 4885 regnum
2706 4816 2892 4871 vivens
2933 4827 2990 4873 et
3030 4817 3335 4873 immortale
3362 4859 3376 4881 ,
3409 4827 3465 4874 et

1844 4906 1986 4963 bona
2016 4907 2103 4963 illa
2137 4950 2151 4971 ,
2183 4924 2304 4978 quae
2348 4924 2451 4963 nec
2492 4909 2681 4965 oculus
2709 4911 2845 4965 vidit
2874 4953 2890 4979 ,
2923 4927 3027 4968 nec
3053 4913 3199 4968 auris
3225 4913 3461 4979 audivit,

1847 5018 1948 5057 nec
1980 5002 2032 5057 in
2059 5018 2154 5058 cor
2177 5004 2411 5057 hominis
2439 5003 2804 5059 ascenderunt
2831 5006 2849 5076 (
2887 5006 2937 5061 l.
2971 5005 3092 5062 Cor.
3120 5005 3175 5060 9.
3202 5006 3238 5063 9
3264 5008 3304 5078 ).
3340 5007 3466 5064 Ideo

1846 5095 2019 5165 inquit
2048 5138 2061 5162 ,
2094 5093 2297 5150 Dedisti
2323 5096 2553 5150 («stiriam
2588 5098 2643 5150 in
2673 5098 2825 5151 corde
2863 5116 2996 5166 meo,
3043 5100 3186 5171 quod
3207 5102 3467 5157 maximre

1845 5197 1964 5243 erat
1996 5188 2369 5257 providentiae,
2404 5189 2496 5245 illa
2524 5206 2721 5261 nempe
2752 5200 2884 5247 tunc
2908 5193 3213 5262 providisse
3244 5205 3295 5250 et
3321 5210 3466 5264 pra».-

1847 5293 2088 5349 parasse.
2119 5279 2272 5347 Quod
2320 5281 2365 5335 si
2410 5281 2442 5336 ii
2484 5283 2575 5352 qui
2611 5291 2740 5337 sunt
2782 5286 3081 5340 crassiores
3104 5326 3121 5353 ,
3149 5287 3336 5342 carnei
3365 5329 3379 5354 ,
3410 5296 3467 5343 et

1846 5378 2007 5426 terrze
2052 5372 2198 5427 afﬁxi
2224 5416 2240 5439 ,
2288 5372 2405 5429 haec
2436 5390 2541 5429 non
2573 5376 2857 5431 attendunt
2887 5418 2903 5443 ,
2943 5393 3052 5433 non
3076 5394 3141 5434 ex
3170 5394 3237 5434 eo
3262 5378 3351 5450 qui
3380 5390 3465 5435 est

1850 5466 2137 5535 pollicitus,
2166 5466 2259 5522 sed
2283 5483 2349 5523 ex
2390 5468 2604 5523 illorum
2641 5470 2896 5526 vecordia
2924 5472 3081 5527 turba
3109 5481 3165 5527 et
3201 5471 3462 5528 tumultus

1846 5558 2040 5614 oritur.
2066 5559 2134 5614 Et
2162 5576 2268 5614 non
2292 5561 2761 5632 dixitsimpliciter
2780 5564 3118 5627 etabsolute,
3155 5562 3355 5619 Dedisti
3374 5562 3459 5619 ιω-

1848 5650 2034 5722 titiant,
2065 5650 2184 5720 scd,
2213 5649 2279 5707 1η
2306 5653 2459 5707 corde
2488 5670 2600 5708 meo
2628 5696 2642 5719 ,
2679 5654 2974 5711 ostendens
3004 5670 3114 5711 non
3137 5670 3263 5712 esse
3291 5658 3344 5711 in
3372 5668 3461 5713 ro-

177 5840 346 5908 leaerit,
366 5848 447 5900 sed
465 5850 600 5915 ἀρκεῖ
619 5852 742 5915 πρὸς
770 5846 1033 5919 σωτηρίη.
1059 5850 1161 5903 Sed
1181 5863 1296 5904 cum
1320 5849 1477 5907 lectio
1500 5859 1671 5910 nostra
1692 5854 1762 5910 sit
1783 5858 1960 5911 eadem
1987 5862 2040 5912 iu
2065 5862 2294 5917 omnibus
2314 5863 2452 5929 las,
2478 5865 2604 5919 nihil
2627 5871 2918 5922 mutandum
2940 5876 3247 5926 censuimus
