4070 6428
717 317 801 410 35
1440 328 1497 384 s.
1535 326 1811 383 JOANNIS
1849 322 2319 381 cnarsosrout
2356 290 2672 380 sumitur.
2712 321 3249 381 CONSTANTINOP.

735 437 835 492 bus
859 442 1091 494 externis
1115 439 1370 500 letitiant,
1397 456 1494 494 nec
1520 442 1570 494 in
1593 438 1869 507 mancipiis
1890 479 1907 502 ,
1928 451 2025 492 nec
2052 435 2106 490 in
2132 450 2263 490 auro
2292 475 2305 499 ,

742 546 840 585 nec
855 530 911 585 in
923 538 1149 601 argento
1180 544 1289 584 non
1308 528 1362 582 in
1377 526 1756 593 vestibus,non
1768 522 1973 579 inlauta
1988 536 2193 587 mensa,
2208 534 2307 579 nec
2340 556 2344 561 ο

676 622 683 627 ’
734 621 787 674 in
811 620 1058 691 potentia:
1082 620 1462 692 magnitudine,
1486 634 1585 676 nec
1613 619 1665 674 in
1692 617 1884 673 aedium
1902 615 2311 687 magnificentia.

725 708 865 764 'llaze
887 709 1029 765 enim
1046 708 1224 766 laetitia
1253 724 1357 765 non
1378 717 1461 765 est
1480 708 1678 775 cordis,
1696 707 1793 763 sed
1819 708 1991 763 solum
2015 706 2309 762 oculorum.

736 796 886 855 Multi
910 812 1040 871 ergo
1064 815 1271 866 eorum,
1299 801 1389 872 qui
1404 799 1529 856 lucc
1550 798 1842 872 possident,
1865 799 2029 854 vitam
2058 813 2163 853 non
2192 810 2315 853 esse

738 890 950 947 vitalem
987 892 1310 957 existimant,
1332 903 1386 948 et
1407 892 1622 964 angoris
1638 890 1905 947 fornacem
1928 890 1981 945 in
2005 890 2185 946 animo
2211 888 2319 943 cir-

736 980 1056 1043 cumferunt.
1075 995 1115 1037 ‘a
1134 996 1382 1038 curarum
1403 980 1742 1037 multitudine
1766 980 2031 1047 exhausti,
2059 989 2113 1036 et
2139 980 2318 1035 conti-

710 1072 858 1127 -nuis
881 1071 1161 1128 timoribus
1175 1070 1444 1143 oppressi.
1469 1070 1672 1129 Verum
1696 1070 1849 1138 mihi,
1882 1072 2072 1144 inquit,
2100 1085 2209 1127 non
2235 1079 2321 1127 est

739 1162 794 1219 in
822 1161 905 1217 bis
925 1161 1105 1219 lzetttia
1127 1203 1144 1231 ,
1173 1163 1268 1220 sed
1299 1163 1354 1219 in
1381 1162 1544 1220 corde
1570 1162 1927 1234 intelligente,
1952 1163 2004 1218 in
2030 1170 2209 1219 metue
2232 1162 2316 1243 io-

741 1260 1089 1324 eorporea,et
1113 1267 1178 1309 ea
1212 1261 1333 1325 qua
1355 1262 1483 1310 sunt
1524 1254 1837 1325 incorporea
1862 1254 2148 1326 cogitante.
2177 1252 2321 1320 Qua-

739 1360 803 1401 re
832 1346 876 1401 si
908 1355 959 1402 te
982 1346 1251 1403 delectant
1276 1347 1559 1419 praemia
1591 1355 1698 1413 ..οι
1719 1362 1788 1404 ex
1818 1347 1882 1402 iis
1907 1347 2003 1403 Dei
2030 1346 2321 1417 providen-

714 1436 869 1491 -tiam
893 1434 1213 1508 cognoscis:
1240 1452 1307 1493 eo
1334 1434 1502 1510 magis
1527 1434 1644 1493 eam
1667 1436 1818 1493 disce
1851 1451 1916 1493 es
1963 1436 2187 1503 futuris,
2214 1451 2321 1507 quo

716 1533 867 1581 'snnt
895 1525 982 1582 illa
1010 1528 1403 1598 prastantiora,
1420 1538 1489 1583 et
1515 1527 1868 1593 diuturniora,
1894 1536 1951 1583 et
1974 1542 2094 1599 quae
2121 1526 2320 1601 auferri

716 1631 850 1673 enen
874 1627 1113 1687 possunt.
1134 1619 1191 1676 Si
1214 1618 1357 1691 quod
1380 1619 1580 1677 divitiis
1598 1618 1789 1676 alliuas
1816 1629 1871 1675 et
1894 1634 2152 1691 prospere
2169 1634 2319 1688 agas,

744 1707 796 1761 itl
824 1707 920 1763 tibi
945 1708 1229 1778 persuadet
1251 1722 1371 1767 esse
1393 1707 1487 1766 Dei
1512 1709 1921 1780 providentiam,
1954 1710 2124 1764 multo
2153 1711 2322 1781 magis

741 1796 798 1852 id
811 1794 903 1853 tibi
921 1798 1415 1871 persuadeant‘qute
1437 1809 1563 1855 sunt
1587 1799 1639 1855 in
1664 1798 1799 1855 calo
1821 1798 2039 1855 divitiae.
2059 1798 2116 1855 Si
2142 1807 2323 1855 autem

716 1888 925 1946 'tliras:
952 1888 1127 1957 Quare
1147 1901 1269 1946 sunt
1299 1890 1415 1947 ba-c
1443 1891 1496 1946 in
1524 1905 1621 1960 spe
1649 1891 1747 1946 sita
1767 1933 1783 1957 ,
1812 1899 1867 1946 et
1896 1905 2002 1946 non
2028 1890 2326 1961 apparent?

745 1978 849 2033 hoc
876 1978 1103 2036 dixerim
1136 2021 1151 2048 ,
1184 1994 1285 2036 nos
1321 1980 1531 2052 quidem
1557 1980 1744 2037 ﬁdeles
1770 1996 1834 2038 ea
1876 1996 1997 2051 qua:
2025 1981 2078 2037 in
2101 1996 2197 2053 spe
2222 1982 2323 2037 sita

743 2080 869 2127 sunt
895 2112 912 2139 ,
943 2072 1007 2127 iis
1042 2088 1161 2144 qua:
1188 2082 1311 2128 sunt
1340 2073 1615 2129 manifesta
1646 2114 1663 2139 ,
1693 2072 2057 2129 manifestiora
2086 2073 2320 2130 dueere:

746 2163 868 2219 talis
894 2164 1033 2219 enim
1062 2175 1146 2220 est
1174 2165 1293 2220 fidei
1318 2165 1601 2222 certit'udo.
1646 2166 1799 2234 Quod
1844 2165 1888 2220 si
1923 2180 2110 2229 rursus
2135 2165 2282 2221 dicas
2307 2182 2321 2221 :

745 2251 860 2322 Qu'a
887 2253 956 2310 de
991 2270 1148 2309 causa
1182 2254 1269 2315 hic
1308 2256 1684 2312 retributiones
1712 2271 1819 2311 non
1845 2254 2176 2325 accipimus?
2199 2255 2324 2310 illud

751 2344 957 2400 dicam:
990 2345 1103 2401 Hoc
1129 2355 1211 2401 est
1247 2346 1462 2418 quidem
1504 2356 1713 2417 tempus
1746 2345 2041 2402 stadiorum
2074 2355 2129 2402 et
2154 2353 2329 2401 ceria-

728 2434 976 2500 -minum,
1006 2436 1137 2492 illttd
1172 2452 1301 2493 vero
1323 2452 1638 2494 coronarum
1662 2445 1715 2493 et
1744 2438 2104 2507 prtemiorutn.
2130 2435 2197 2491 Et
2226 2436 2328 2491 hoc

748 2526 959 2595 quoque
980 2524 1072 2583 Dei
1104 2537 1184 2581 est
1211 2526 1560 2599 providentia:
1584 2526 1806 2582 eifectus
1835 2564 1854 2593 ,
1880 2526 2090 2582 labores
2113 2526 2327 2597 quidem

750 2623 803 2670 et
819 2614 1043 2672 sudores
1069 2616 1215 2671 brevi
1240 2616 1338 2671 hae
1351 2626 1405 2671 et
1425 2615 1562 2671 ﬂuxa
1580 2616 1683 2672 vita
1703 2616 2159 2679 circumscribere,
2187 2631 2296 2687 prie
2314 2646 2329 2659 ο

749 2706 855 2761 mia
876 2716 1051 2761 autem
1076 2716 1131 2763 et
1160 2722 1382 2763 coronas
1407 2708 1655 2763 in-zevum
1679 2706 1976 2763 immortale
1997 2720 2061 2761 ac
2085 2713 2330 2761 senectu-

751 2797 821 2850 tis
874 2809 1071 2870 expers
1112 2797 1405 2853 extendere
1459 2796 1478 2867 (
1508 2796 1562 2851 2.
1593 2795 1725 2851 Tim.
1752 2796 1807 2851 ι.
1831 2794 1908 2868 8).
1934 2795 2142 2867 Alioqui
2168 2798 2329 2865 etiam

749 2885 960 2954 quando
980 2886 1132 2941 mulli
1152 2896 1302 2942 erant
1316 2884 1678 2942 imbecillioris
1700 2885 1883 2953 animi,
1906 2885 2174 2941 sensibilia
2195 2902 2331 2955 quo-

750 2988 856 3044 que
906 2975 1019 3031 hac
1062 2976 1142 3031 eis
1186 2978 1321 3032 bona
1357 2975 1519 3032 dedit.
1563 2976 1824 3046 Populum
1852 2977 2030 3047 itaque
2053 2976 2329 3033 Judaicum

741 3059 850 3133 ’ρει-
878 3080 994 3119 eam
1025 3066 1145 3120 vita:
1182 3065 1401 3136 ageudte
1439 3065 1701 3121 rationem
1738 3065 1985 3121 deduxit.
2015 3067 2223 3122 Etenim
2254 3067 2334 3124 eis

753 3152 1039 3211 afﬂuebant
1065 3155 1261 3211 divitia:
1285 3198 1300 3223 ,
1323 3155 1389 3211 ad
1413 3158 1622 3212 senium
1652 3170 1818 3227 usque
1844 3158 1948 3211 vita
2002 3156 2331 3227 produceba-

755 3255 859 3306 tnr.
891 3249 1066 3303 omnis
1093 3248 1309 3303 morbus
1339 3248 1519 3317 procul
1547 3249 1765 3314 aberat;
1794 3248 2081 3305 accedebat
2103 3250 2334 3306 hostium

755 3340 1069 3405 iuternecio,
1092 3353 1191 3409 pax
1217 3338 1344 3404 alta,
1372 3340 1624 3411 triumphi
1651 3380 1664 3403 ,
1700 3342 1936 3395 victoriae
1966 3382 1981 3405 ,
2017 3340 2140 3397 felix
2169 3343 2333 3398 bono-

754 3445 874 3485 rum
920 3430 1204 3484 liberorum
1232 3430 1515 3485 multitudo
1546 3472 1561 3494 ,
1604 3440 1656 3486 et
1685 3431 1786 3486 alia
1828 3431 2087 3501 ejusmodi
2114 3432 2337 3488 aderant

753 3520 824 3573 iis
842 3521 928 3585 qui
960 3519 1069 3574 Deo
1089 3520 1360 3589 parebant.
1386 3520 1670 3591 Postquam
1694 3528 1870 3575 autem
1899 3522 2125 3576 accessit
2153 3522 2333 3577 Domi-

760 3624 861 3665 nus
882 3619 1065 3665 noster
1088 3609 1245 3665 Jesus
1270 3608 1513 3666 Christus
1531 3652 1546 3676 ,
1578 3611 1632 3666 itt
1668 3611 1857 3667 canum
1887 3627 1987 3667 nos
2015 3627 2212 3668 vocans
2240 3653 2256 3679 ,
2282 3623 2338 3669 et

756 3715 876 3771 qua:
899 3700 983 3756 hic
1008 3711 1132 3758 sunt
1155 3701 1432 3766 despicere
1457 3703 1804 3771 persuadens,
1824 3703 2142 3773 illorumque
2180 3719 2335 3759 amo-

764 3806 877 3846 rem
916 3792 1241 3858 immittens,
1268 3802 1322 3847 et
1349 3792 1417 3845 ait
1444 3793 1508 3847 iis
1543 3807 1663 3862 quae
1699 3791 1765 3846 ad
1808 3791 1945 3847 hanc
1983 3793 2141 3874 vitam
2173 3793 2339 3862 perti-

761 3892 890 3938 nent
916 3897 1015 3936 nos
1058 3882 1326 3937 abducens
1350 3901 1362 3936 :
1386 3882 1500 3938 hmc
1525 3885 1715 3937 merito
1744 3879 1794 3949 in
1817 3893 2096 3953 angustum
2121 3891 2339 3940 eontra-

766 3984 850 4026 cta
878 3983 1022 4042 sunt,
1044 3972 1097 4027 in
1128 3972 1229 4027 illis
1255 3981 1430 4027 autem
1460 3973 1722 4027 universa:
1749 3973 2003 4027 suntsitce
2030 3972 2255 4039 divitiae,
2283 3983 2339 4027 ut

763 4062 853 4132 qui
877 4062 985 4127 jam
1010 4060 1230 4133 perfecti
1257 4065 1601 4117 evaserimus.
1629 4062 1761 4116 Nam
1784 4063 1941 4117 etiam
1966 4062 2017 4116 in
2039 4063 2217 4132 pu’eris
2236 4104 2251 4129 ,
2277 4063 2342 4119 iis

766 4152 978 4221 quidem
1010 4154 1098 4221 qui
1138 4162 1261 4207 sunt
1299 4153 1472 4208 adhuc
1514 4155 1674 4223 paulo
1700 4153 1933 4207 minores
1957 4194 1971 4216 ,
2006 4164 2180 4222 patres
2208 4168 2344 4222 pra:-

766 4241 897 4296 bent
923 4241 1203 4311 ejusmodi,
1234 4244 1461 4308 calceos,
1490 4252 1682 4305 vestes.
1712 4258 1869 4297 aurea
1900 4254 2211 4299 ornamenta
2246 4286 2260 4309 ,
2289 4255 2345 4300 et

768 4331 1039 4385 armillas:
1074 4343 1350 4404 postquam
1386 4343 1562 4389 autem
1603 4335 1871 4391 creverint
1900 4376 1915 4399 ,
1963 4335 2067 4389 illis
2108 4336 2298 4390 ablatis
2327 4378 2341 4403 ,

771 4424 901 4479 dant
928 4425 1029 4478 alia
1056 4427 1277 4497 majora,
1308 4427 1443 4482 bene
1468 4426 1677 4482 «licendi
1718 4427 1769 4481 in
1803 4436 2054 4497 suggestu
2078 4427 2300 4497 gloriam
2325 4468 2342 4494 ,

772 4516 825 4569 in
848 4515 1058 4570 civitate
1086 4518 1423 4585 splendorem
1450 4558 1465 4582 ,
1496 4518 1545 4571 in
1574 4518 1691 4571 aula
1724 4517 2064 4587 imperatoria
2094 4517 2344 4587 loquendi

772 4608 1067 4663 libertatem
1090 4650 1105 4673 ,
1138 4609 1472 4678 magistratus
1498 4618 1550 4662 et
1593 4607 1917 4677 principatus
1940 4647 1955 4673 ,
1990 4622 2084 4662 eos
2113 4609 2181 4662 ab
2201 4608 2345 4661 omni

770 4697 967 4768 puerili
1004 4699 1293 4753 ambitione
1336 4698 1677 4753 abducentes.
1711 4698 1787 4751 Ita
1832 4700 1994 4763 etiam
2022 4698 2143 4753 fecit
2171 4699 2340 4753 Deus:

776 4803 875 4844 nos
897 4804 924 4841 a
943 4790 1131 4858 parvis
1153 4789 1256 4842 illis
1273 4798 1327 4843 et
1358 4788 1645 4857 puerilibus
1672 4787 1960 4853 abducens,
1987 4804 2049 4843 ea
2079 4804 2197 4859 quae
2223 4798 2349 4843 sunt

778 4880 830 4933 in
860 4880 1003 4932 erlis
1037 4879 1299 4948 pollicitus
1344 4888 1443 4932 cst.
1494 4878 1571 4933 Ne
1615 4879 1728 4933 hzec
1773 4894 1899 4949 ergo
1936 4896 2051 4949 qua:
2089 4879 2257 4935 iluunt
2293 4889 2349 4935 et

780 4980 1192 5040 prmtercttrrunt
1213 4971 1513 5034 admireris,
1547 4971 1629 5025 vel
1658 4979 1879 5040 appetas
1901 5012 1914 5035 ,
1946 4986 2043 5025 nec
2072 4973 2146 5027 sis
2170 4972 2346 5043 pusilli

775 5063 957 5117 animi.
986 5061 1310 5129 Quamquam
1329 5076 1434 5115 nec
1462 5062 1525 5115 iis
1551 5061 1765 5129 quidem
1799 5070 1848 5115 te
1880 5062 2097 5115 omnino
2122 5077 2345 5116 vacuum

781 5151 1007 5220 reliquit.
1049 5150 1179 5218 Quia
1209 5152 1348 5204 enim
1378 5166 1471 5205 eos
1498 5152 1588 5219 qui
1619 5166 1778 5205 carne
1818 5151 1943 5205 tecti
1980 5160 2133 5206 erant
2159 5193 2173 5215 ,
2203 5161 2256 5206 et
2296 5154 2346 5205 in

778 5256 1001 5310 corpore
1028 5242 1404 5308 versabantur,
1448 5259 1515 5297 ne
1548 5242 1611 5296 iis
1636 5244 1847 5313 quidem
1882 5243 2092 5313 penitus
2122 5245 2353 5313 privatos

778 5347 900 5388 esse
928 5333 1223 5401 Oportebat,
1259 5333 1369 5386 haec
1394 5348 1602 5401 quoque
1626 5333 1776 5387 nobis
1802 5333 1999 5388 aifatim
2030 5334 2349 5404 suppeditat.

781 5425 845 5479 Et
883 5422 1003 5477 ideo
1045 5422 1295 5492 propheta
1342 5438 1461 5476 cum
1488 5424 1646 5477 altam
1678 5423 1821 5478 illam
1851 5434 1905 5479 et
1933 5424 2351 5494 philosophicam

779 5514 1123 5585 providentim
1170 5515 1401 5583 speciem
1447 5515 1731 5585 agitasset,
1776 5523 1832 5569 et
1868 5515 2085 5571 dixisset
2115 5533 2128 5570 :
2157 5514 2353 5568 Dedisti

784 5605 1008 5659 lctitiam
1038 5606 1089 5657 in
1118 5604 1269 5657 corde
1293 5621 1418 5669 meo,
1446 5604 1715 5675 subjungit
1739 5624 1751 5659 :
1779 5605 1831 5661 8.
1863 5606 1906 5659 Α
1924 5610 2089 5675 fructu
2116 5604 2356 5674 frumenti

776 5696 974 5763 asini,
1006 5707 1051 5749 et
1076 5695 1169 5749 olei
1197 5695 1272 5748 sm'
1301 5693 1596 5761 mufiplt'cati
1623 5704 1758 5749 sunt.
1784 5696 1896 5753 iloc
1922 5704 2099 5755 autem
2129 5710 2249 5753 cum
2268 5697 2349 5752 di-

3843 62 3936 666 Α

3883 666 3940 908 Li

3844 908 3945 1132 Ξ

3897 1132 3951 1372 εἰ

3879 1372 3956 1613 ii

2413 436 2503 499 cit,
2530 449 2637 489 non
2668 450 2883 505 parvam
2913 432 3078 503 tangit
3110 444 3316 505 partem
3343 433 3464 502 ejus
3488 429 3850 502 providentia»,

2416 526 2653 581 cernitur
2700 528 2753 581 in
2794 527 2858 581 iis
2894 540 3015 597 qua
3056 524 3158 580 sub
3204 534 3479 594 aspectum
3520 522 3736 578 cadunt.
3775 521 3889 589 Qua

2416 616 2559 672 enim
2583 616 2711 673 dicit
2738 618 3061 673 frumentum
3086 656 3101 681 ,
3143 610 3369 679 vinum,
3388 622 3437 669 et
3470 614 3677 676 oleum,
3708 626 3839 667 eoru

2416 709 2624 780 copiam
2646 752 2663 777 ,
2688 710 2817 767 dicit
2836 718 2891 766 et
2919 708 3149 779 pluviam
3172 748 3189 775 ,
3218 714 3593 777 tempestatum
3627 704 3824 761 bonum
3854 718 3889 756 ο

2420 816 2566 869 nem,
2600 793 2759 857 terra:
2781 810 3124 869 conceptum,
3154 808 3365 870 partum
3394 806 3450 853 et
3469 797 3637 852 fetum
3656 838 3671 861 ,
3698 810 3875 852 aerem
3906 793 3933 873 ς

2421 891 2599 956 fusum
2623 933 2640 959 ,
2669 893 2801 950 solis
2836 906 3074 958 cursum,
3105 891 3245 948 Im
3270 890 3505 946 ambitus
3528 930 3544 956 ,
3572 889 3848 945 stellarum

2423 1000 2591 1055 ream.
2602 989 2871 1047 aestatem,
2888 984 3161 1057 Ityemem,
3172 990 3511 1046 autumnum,
3523 994 3637 1047 ver,
3664 979 3777 1051 agri
3794 992 3860 1035 eo

2422 1086 2593 1132 artem
2617 1117 2634 1143 ,
2660 1086 2713 1133 et
2752 1077 3229 1132 instrumentorum
3267 1071 3610 1130 commodum
3631 1112 3647 1137 ,
3673 1070 3842 1135 aliaru

2422 1170 2617 1225 artium
2642 1183 2888 1225 examen.
2921 1167 3032 1223 Nisi
3058 1165 3176 1222 inec
3199 1165 3342 1222 enim
3369 1164 3548 1219 omnia
3589 1163 3900 1219 coactu-teri

2426 1257 2540 1317 fieri
2567 1276 2671 1317 non
2699 1268 2878 1332 potest
2906 1266 2964 1313 ut
2986 1257 3192 1314 fructus
3213 1256 3555 1329 perﬁciantur
3572 1294 3589 1317 .
3613 1262 3669 1310 et
3691 1252 3758 1308 ad
3785 1261 3893 1307 mat

2427 1362 2588 1408 tatem
2616 1351 2947 1421 perveniant.
2979 1347 3205 1416 Quando
3231 1361 3360 1417 ergo
3390 1345 3521 1399 dicit
3546 1343 3875 1399 frumentum
3899 1381 3919 1403 ,

2427 1458 2553 1499 num
2577 1452 2632 1498 et
2658 1442 2858 1511 oleum,
2876 1439 2967 1496 dat
2986 1437 3211 1505 sapienti
3233 1436 3573 1492 occasionem
3590 1443 3657 1489 ex
3680 1441 3830 1504 parte
3842 1441 3900 1485 to

2429 1532 2757 1604 intelligendi
2781 1575 2795 1599 ,
2820 1541 3010 1601 aperto
3038 1530 3174 1585 mari
3200 1529 3293 1585 Dei
3323 1526 3673 1599 providentiae
3697 1537 3818 1596 qua:
3843 1538 3875 1577 a

2426 1624 2592 1717 retin
2619 1621 3031 1717 sensibilibus“.
3115 1709 3151 1717 -
3227 1709 3241 1717 ι
3383 1708 3419 1717 η
3490 1708 3542 1717 Π
3725 1706 3738 1717 .
3936 1626 3957 1717 ³η

2502 1715 2591 1771 ti.
2634 1713 2897 1783 Quocirca
2923 1711 3083 1767 etiam
3113 1709 3311 1766 Paulus
3348 1708 3544 1764 alicubi
3586 1706 3951 1767 concinnam;-

2429 1806 2498 1864 de
2521 1804 2638 1875 eius
2681 1802 3013 1874 providentia
3056 1800 3348 1867 disserens,
3381 1799 3507 1855 hinc
3542 1798 3704 1854 verba
3733 1795 3910 1853 facere

2428 1896 2688 1969 greditur,
2718 1885 2945 1950 dicens:
2978 1890 3078 1957 Qui
3115 1890 3203 1945 dat
3229 1889 3449 1961 pluvias,
3478 1898 3527 1944 et
3568 1897 3794 1965 tempore
3838 1887 3866 1957 ﬂ

2430 1991 2557 2061 (an,
2588 1986 2675 2058 qui
2702 1984 2877 2056 implet
2900 1983 3204 2038 nutrimento
3228 1992 3273 2037 et
3302 1979 3481 2036 latitia
3502 1978 3658 2033 corda
3681 1985 3855 2032 nostra
3881 1974 3966 2045 (At

2432 2077 2666 2151 ".17).
2712 2077 2974 2144 Quoniam
3020 2083 3199 2129 autem
3245 2072 3509 2143 propheta
3559 2069 3691 2140 fugit
3732 2082 3854 2139 qua
3901 2080 3968 2125 stt

2431 2182 2849 2241 supervacanea,
2878 2164 3251 2236 pmtermissis
3279 2162 3401 2218 aliis
3428 2160 3696 2225 omnibus,
3724 2157 3970 2215 fructibut

2430 2260 2633 2326 buccis,
2682 2257 2971 2330 generibus
3013 2256 3335 2326 plantarum,
3387 2250 3675 2323 generibus
3716 2248 3971 2304 setninuu

2432 2351 2723 2425 generibus
2737 2348 3052 2423 herbarum,
3084 2354 3376 2417 pratorum,
3401 2342 3616 2409 ﬂorum,
3645 2341 3950 2405 hortorum,

2432 2455 2780 2513 qutecumque
2808 2445 2935 2494 sunt
2960 2438 3062 2493 alia
3090 2454 3105 2491 :
3136 2450 3202 2492 ea
3237 2435 3391 2506 ponit
3428 2448 3549 2505 quae
3576 2440 3701 2487 sunt
3726 2444 3976 2501 congrue.

2435 2533 2528 2599 tia,
2572 2540 2627 2588 et
2654 2530 2720 2586 ad
2748 2532 2909 2585 vitam
2939 2539 3176 2585 nostram
3218 2526 3541 2589 necessaria,
3567 2539 3634 2580 ex
3659 2524 3744 2578 his
3770 2521 3859 2576 illa
3889 2538 3978 2591 qm

2432 2638 2537 2694 que
2561 2622 2839 2678 manifesta
2858 2621 3076 2677 faciens.
3102 2620 3233 2686 Quae
3249 2631 3355 2673 non
3384 2626 3588 2673 tantum
3610 2616 3702 2671 dat
3726 2614 3905 2682 nobis,
3933 2629 3980 2670 st

2388 2730 2401 2738 ’
2434 2732 2557 2774 cum
2588 2730 2777 2787 magna
2803 2715 2977 2785 capia,
3000 2720 3055 2769 et
3082 2712 3306 2783 singulis
3322 2710 3501 2766 annis.
3530 2707 3684 2775 Quod
3710 2711 3756 2762 si
3780 2720 3847 2763 ea
3866 2706 3981 2761 etial

2433 2805 2751 2877 quandoque
2796 2802 3081 2866 contrahit,
3125 2808 3183 2857 et
3226 2799 3319 2855 dat
3367 2798 3602 2870 parcius,
3636 2798 3687 2853 in
3720 2810 3984 2866 eoquoqt

2437 2893 2674 2953 ostendit
2719 2910 2871 2950 suam
2913 2892 3340 2965 providentiam,
3392 2890 3681 2945 multorum
3727 2886 3986 2942 socordiam

2437 2989 2695 3051 excitans,
2723 2996 2779 3040 et
2801 2999 2895 3039 eos
2916 2984 3127 3052 erigens
3150 2980 3219 3035 ad
3248 2979 3364 3035 haec
3389 2978 3529 3035 bona
3551 2978 3621 3035 ab
3640 2978 3757 3048 ipso
3782 2975 3988 3047 petendi

2436 3079 2531 3137 Sin
2550 3086 2729 3133 autem
2759 3076 2939 3132 dicant
2966 3074 3150 3145 aliqui,
3180 3087 3289 3127 non
3333 3085 3454 3126 esse
3481 3070 3577 3125 Dei
3602 3068 3729 3125 dare
3754 3068 3990 3139 pluviam

2438 3169 2532 3226 sed
2564 3168 2824 3225 idolorum
2854 3182 2869 3221 :
2901 3179 2995 3221 eos
3037 3164 3428 3233 interrogemus
3467 3159 3731 3216 undenam
3774 3158 3877 3215 hoc
3900 3173 3992 3214 cor

2439 3260 2642 3317 stabit?
2668 3259 2800 3327 Quia
2845 3266 3037 3329 poetze,
3085 3254 3353 3325 inquiunt,
3401 3250 3653 3306 dixerunt
3698 3248 3884 3305 Jovem
3900 3264 3992 3304 :est

2440 3352 2528 3422 qui
2555 3351 2688 3421 pluit
2711 3352 2756 3411 ε.
2788 3348 2895 3405 Sed
2922 3346 2999 3402 illi
3020 3347 3121 3417 ipsi
3138 3344 3389 3400 dixerunt
3426 3356 3550 3397 cum
3569 3356 3689 3397 esse
3709 3339 3991 3394 adulterun

2441 3442 2770 3513 ptediconem
2791 3481 2807 3505 ,
2840 3437 3153 3512 parricidam
3176 3477 3191 3503 ,
3223 3434 3326 3489 alia
3350 3447 3564 3505 quoque
3590 3447 3695 3487 non
3723 3431 3933 3486 minora
3957 3431 3989 3484 It

2442 3530 2669 3587 crimina
2696 3529 2769 3585 illi
2792 3526 3178 3583 adscribeutes.
3210 3525 3281 3581 At
3300 3538 3409 3580 non
3432 3530 3577 3587 sunt,
3602 3521 3862 3592 inquiunt,
3887 3536 3992 3576 ver;

2445 3624 2587 3695 Ergo
2613 3638 2712 3678 nec
2739 3620 2889 3692 quod
2913 3620 3080 3690 pluat.
3110 3618 3164 3675 Si
3193 3616 3295 3672 hoc
3318 3617 3463 3673 enim
3490 3610 3747 3679 admittis,
3787 3612 3876 3666 illa
3907 3629 3992 3683 qni

2443 3732 2546 3787 que
2590 3714 2870 3770 admittere
2914 3725 3135 3768 necesse
3176 3719 3260 3765 est
3292 3727 3303 3761 :
3334 3708 3416 3763 sin
3463 3707 3550 3761 illa
3598 3706 3792 3775 rejicis,
3840 3714 3897 3759 et
3940 3703 3991 3759 in

2445 3820 2826 3879 quoqueeum
2873 3804 2999 3861 illis.
3044 3801 3339 3857 Nos‘enim
3386 3800 3823 3869 quotiescumque
3872 3805 3992 3854 testa

2447 3899 2748 3969 prmbemus
2791 3896 2885 3951 Dei
2932 3896 3203 3966 potentiae,
3247 3906 3598 3963 quaecumque
3640 3890 3708 3946 ab
3743 3889 3822 3945 eis
3850 3889 3922 3945 de
3955 3891 3987 3944 il

2450 3988 2720 4055 dicuntur,
2748 3986 3087 4056 suscipimus.
3118 3984 3348 4039 Necesse
3390 3990 3474 4036 est
3512 3996 3641 4051 ergo
3669 3989 3720 4035 te
3755 3979 3991 4038 admittet

2447 4078 2594 4134 illum
2634 4092 2848 4149 quoque
2876 4090 2996 4132 esse
3039 4074 3359 4140 adulterum,
3392 4082 3445 4127 et
3475 4072 3677 4142 reliqua
3714 4070 3893 4125 omnia
3923 4087 3992 4142 qu

2450 4169 2517 4225 de
2545 4170 2662 4239 ipso
2706 4169 2774 4224 ab
2817 4168 2921 4223 illis
2963 4165 3230 4231 dicuntur,
3276 4173 3332 4219 et
3372 4163 3497 4219 inde
3539 4161 3746 4218 discere
3774 4162 3990 4232 ejusmo

2448 4258 2675 4315 crimina
2702 4272 2823 4313 esse
2868 4257 3024 4327 longe
3047 4274 3075 4309 a
3100 4255 3280 4310 divina
3325 4261 3587 4323 potestate
3613 4261 3840 4318 remota,
3866 4262 3925 4307 et
3954 4272 3987 4323 q

2453 4355 2575 4409 talis
2599 4363 2682 4409 est
2724 4367 3057 4423 nequaquam
3098 4365 3219 4405 esse
3244 4348 3426 4403 deum.
3459 4347 3561 4403 Sed
3592 4345 3769 4400 fabula
3798 4345 3916 4414 ipsa
3943 4347 3987 4400 si

2450 4453 2730 4514 repugnat,
2758 4453 2814 4499 et
2837 4441 3169 4497 mendacium
3195 4455 3226 4493 a
3247 4440 3426 4509 seipse
3452 4435 3803 4501 convincitur,
3830 4434 3992 4490 etiam

2453 4536 2633 4591 nolitis
2664 4536 2763 4604 hoc
2792 4534 3096 4595 admittere,
3126 4541 3179 4587 et
3206 4540 3391 4600 poetas
3436 4541 3655 4597 prorsus
3693 4526 3858 4596 ejicit.
3887 4524 3992 4594 Qut

2451 4637 2627 4683 autem
2655 4628 2759 4682 illis
2788 4625 2972 4697 ejectis
3000 4624 3179 4678 omnia
3210 4633 3383 4675 vestra
3409 4622 3516 4675 sint
3545 4618 3800 4687 peritura,
3837 4616 3991 4671 claru

2452 4730 2553 4775 est.
2602 4719 2843 4789 Ipsorum
2894 4717 3037 4771 enim
3068 4715 3283 4769 nomina
3334 4714 3651 4765 invenerunt
3689 4708 3761 4764 illi
3788 4715 3845 4763 et
3872 4706 3991 4779 imp

2453 4820 2693 4879 suerunt,
2726 4809 2867 4881 quod
2892 4810 3052 4863 etiam
3080 4822 3145 4861 ex
3173 4806 3364 4861 vestris
3392 4803 3608 4873 quidam
3640 4802 3772 4855 dixit
3802 4799 3992 4871 philos.

2518 4970 2535 5001 ¹
2571 4975 2706 5031 Reg,
2730 4978 2793 5017 ea:
2816 4969 2954 5027 parte
2977 4969 3123 5031 totum
3138 4958 3552 5031 subintelliqendi,
3567 4963 3756 5029 portam
3932 4971 3991 5019 ap

2624 5018 2721 5091 ὅυὶι
2742 5018 2975 5092 possimus
2996 5026 3082 5075 Dei
3106 5018 3455 5088 providentiam
3470 5018 3626 5079 adire,
3650 5020 3702 5069 in
3724 5018 3869 5069 rebus
3889 5018 3991 5071 sent

2457 5090 2977 5153 biubysmmmem.

2517 5152 2539 5181 ³
2570 5152 2624 5201 lo
2648 5142 2777 5201 hunc
2799 5151 2956 5200 locum
2976 5148 3197 5198 Savilium
3220 5146 3499 5212 audiamus:
3527 5156 3545 5189 t
3566 5142 3811 5212 Homerus
3824 5145 3988 5212 ὁδεῦον..

2456 5219 2497 5265 ιι
2518 5221 2627 5275 rapa
2651 5226 2733 5271 2a.,
2771 5227 2975 5275 eam“,
2990 5223 3085 5275 per
3109 5216 3293 5275 noctem
3313 5205 3638 5257 indesinenter
3674 5204 3885 5275 pluviam
3914 5204 3991 5275 nti

2457 5271 2662 5337 Jupiter.
2689 5271 3087 5337 1_'heocri’t._1d’yil.
3121 5271 3151 5318 4
3182 5284 3193 5319 :
3230 5282 3310 5327 ῑιςις
3341 5274 3483 5337 suos.
3514 5283 3578 5334 gn
3599 5278 3698 5315 «an
3718 5271 3879 5337 τιθειες,
3904 5271 3991 5313 ωε

2459 5324 2549 5388 tu};
2565 5371 2579 5395 ,
2604 5334 2794 5396 Jupiter
2823 5334 2967 5383 modo
3000 5324 3213 5387 serenus,
3241 5324 3383 5379 modo
3402 5324 3757 5396 pluviqmsgest.
3784 5324 3987 5396 Titeogu

2460 5384 2548 5459 ita
2702 5384 2873 5459 tua...
2896 5404 3053 5445 οιτιτηη
3071 5384 3233 5459 esse,
3259 5400 3334 5459 a3-
3356 5384 3503 5459 άνζχυχ,
3528 5386 3715 5459 Jupiter
3725 5398 3811 5459 nec

2460 5446 2647 5507 imiteris
2669 5446 3005 5513 neci'retinens,
3046 5446 3261 5505 omnibus
3296 5446 3561 5513 hominibus
3584 5449 3757 5513 placet.
3782 5446 3883 5513 tam
3906 5446 3991 5495 illo

2460 5518 2751 5574 adulterum.
2776 5510 3144 5577 intelligendum
3168 5524 3247 5578 est
3267 5514 3332 5561 de
3356 5510 3601 5578 alctneua,
3622 5510 3746 5557 Leda
3761 5547 3777 5578 ,_
3797 5512 3925 5567 etc.;
3952 5522 3991 5571 pi

2463 5578 2697 5637 dicacem,
2735 5572 2799 5629 de
2844 5572 3116 5641 Gaui'ntede
3149 5576 3356 5633 dictum;
3382 5572 3703 5641 parricidam,
3749 5572 3812 5641 de
3847 5577 3991 5641 saturi

2468 5653 2624 5701 regno
2645 5630 2847 5703 spoliato
2873 5656 2883 5689 :
2906 5630 3221 5703 qhodtameu
3265 5630 3573 5703 parricidium
3615 5632 3809 5703 proprie
3840 5630 3935 5680 dici
3965 5646 3991 5679 ιι

2470 5694 2619 5763 queat
2638 5718 2651 5766 ;
2670 5694 2779 5765 igua:
2802 5694 2958 5751 omnia
2984 5699 3149 5749 Alieno
3174 5694 3337 5747 nostro
3360 5702 3522 5746 notata
3544 5694 3839 5744 doctissime.
3865 5707 3887 5737 ι
