4178 6458
163 441 209 505 ει
1342 440 1708 500 EXPOSI'I'JO
1744 440 1810 497 IN
1851 441 2182 500 PSALMUM
2219 442 2308 500 IV.
3452 440 3539 500 58‘

190 560 284 634 plus
303 560 411 633 (ei.
432 560 598 630 Quod
620 560 670 615 si
699 560 820 615 illis
852 558 1060 614 relictis
1082 555 1147 611 ad
1166 555 1452 626 allegorias
1470 553 1800 625 confugeris,

197 666 237 711 te
261 654 380 711 illud
422 652 816 722 interrogabo,
847 648 992 719 Quid
1037 657 1121 704 est
1159 646 1367 715 Jupiter
1394 645 1518 718 (lt)?
1563 645 1659 701 Est
1699 642 1806 700 fer-

200 761 337 808 reos.
360 743 558 815 inquit,
585 742 920 804 substantia,
951 748 1010 796 et
1042 753 1164 808 pars
1188 752 1307 808 qua:
1333 745 1551 808 superat
1578 749 1760 791 aerem
1784 775 1801 802 ,

196 849 247 896 et
291 853 448 910 quam
496 836 772 908 appellant
816 833 1097 896 :ethcrent,
1128 846 1193 886 ex
1238 845 1305 886 eo
1330 829 1472 900 quod
1518 828 1726 884 ferveat
1751 836 1808 884 et

194 941 330 988 erat.
358 930 477 986 Non
503 942 588 986 est
632 943 765 999 ergo
790 924 1149 983 ratiocinandi
1194 940 1293 979 nec
1319 922 1659 979 discernendi
1705 936 1803 991 μοι

190 1033 382 1080 testate
407 1022 656 1094 pradita,
684 1019 782 1076 sed
820 1032 1017 1089 expers
1042 1015 1265 1072 rationis
1301 1014 1619 1070 substantia.
1650 1010 1805 1081 Quod

186 1117 332 1170 enim
364 1124 558 1168 natura
594 1112 738 1168 aeris
770 1126 870 1166 nec
907 1110 1168 1165 rationem
1201 1106 1416 1173 habeat,
1449 1121 1551 1163 nec
1591 1105 1808 1161 ratioci-

174 1211 493 1269 nationem.
521 1206 695 1261 cuivis
738 1213 821 1260 est
862 1213 1125 1273 apertum,
1160 1207 1210 1256 et
1255 1213 1416 1253 nemo
1456 1206 1541 1253 est
1568 1197 1658 1268 qui
1705 1198 1809 1252 hoc

182 1302 421 1367 nesciat,
454 1298 671 1355 etiamsi
702 1296 902 1361 minus,
945 1307 1105 1364 quam
1148 1291 1308 1362 lapis,
1348 1304 1543 1346 sensus
1590 1288 1805 1343 haheat.

179 1391 373 1460 Quare
410 1390 526 1460 jam
554 1388 623 1443 de
650 1386 830 1443 medio
855 1384 1095 1441 sublatus
1120 1391 1202 1438 est
1227 1380 1456 1451 Jupiter,
1485 1388 1539 1434 et
1566 1378 1685 1448 ejus
1708 1378 1807 1433 de-

182 1486 291 1539 leta
338 1481 670 1536 substantia.
698 1475 754 1534 Si
796 1478 940 1532 enim
969 1491 1063 1530 aer
1109 1484 1192 1530 est
1232 1472 1479 1544 Jupiter.
1507 1485 1603 1525 aer
1629 1480 1808 1525 autem
1868 1483 1881 1496 ε

181 1584 273 1630 est
319 1573 377 1627 id
408 1571 559 1641 quod
599 1572 709 1641 jam
740 1569 993 1635 diximus,
1022 1583 1087 1623 ex
1113 1581 1182 1622 eo
1208 1579 1420 1635 quoque
1459 1562 1701 1618 interibit
1728 1561 1810 1616 fa-

187 1665 350 1721 uula.
379 1664 440 1720 Si
486 1671 666 1717 autem
711 1670 797 1718 est
822 1676 934 1725 aer,
967 1674 1067 1715 nec
1108 1658 1209 1714 fuit
1236 1657 1462 1728 alicujus
1491 1666 1663 1728 pater,
1709 1669 1813 1711 nec

181 1759 428 1827 aliquam
479 1756 689 1827 peperit
732 1753 1107 1818 substantiam,
1155 1744 1459 1819 cujusmodl
1499 1747 1813 1818 contingunt

181 1853 404 1913 soluit,
436 1862 601 1917 quem
645 1846 807 1901 etiam
834 1853 1028 1899 vocant
1068 1842 1374 1913 Apollinem
1406 1842 1505 1911 (c),
1536 1850 1591 1896 et
1628 1839 1814 1898 dicunt

184 1954 317 1995 esse
345 1940 470 2008 ejus
518 1938 683 1991 lilium
715 1954 730 1990 :
759 1952 861 1992 nec
898 1935 1148 2011 enimsol
1192 1934 1353 1989 habet
1394 1919 1680 1997 rationem,
1711 1946 1813 1988 nec

184 2040 457 2093 mentem,
493 2042 592 2083 nec
617 2027 1014 2097 cogitationem,
1048 2024 1143 2080 sed
1173 2025 1345 2095 ipsum
1377 2025 1539 2079 etiam
1565 2032 1648 2078 est
1675 2038 1813 2093 opus

184 2119 460 2183 naturale,
476 2117 619 2186 quod
637 2118 811 2189 agitur
826 2128 878 2172 et
889 2115 1263 2172 circumfertur
1283 2116 1586 2186 lege,quam
1600 2115 1652 2170 ei
1670 2114 1812 2172 Deus

186 2211 242 2263 in
296 2210 570 2280 principio
620 2209 815 2279 posuit.
840 2208 1053 2278 Alioqui
1082 2223 1183 2263 nec
1206 2208 1393 2277 pluere
1442 2215 1527 2263 est
1549 2206 1769 2263 aetheris
1792 2247 1809 2272 ,

184 2299 285 2355 sed
304 2300 558 2365 nubium,
576 2315 695 2369 quae
712 2314 905 2369 aquam
922 2299 1221 2368 suscipiunt
1239 2300 1322 2355 vel
1348 2314 1414 2354 ex
1448 2301 1603 2365 mari,
1633 2299 1716 2354 vel
1744 2314 1808 2354 ex

186 2393 347 2460 aquis
370 2408 499 2462 quae
525 2393 595 2447 ab
623 2393 733 2448 alto
779 2407 943 2461 super
985 2393 1175 2447 czelum
1206 2392 1471 2457 feruntur,
1516 2400 1574 2446 ut
1622 2391 1811 2448 dicunt

188 2483 497 2552 prophetas.
522 2483 616 2539 Sin
634 2492 812 2537 autem
835 2482 992 2537 [idem
1016 2498 1120 2537 non
1152 2484 1315 2537 habes
1339 2483 1635 2553 prophetis,
1660 2483 1809 2554 signa

192 2587 384 2648 aperta
414 2588 472 2631 et
519 2576 799 2631 manifesta
832 2576 1153 2646 pra-bemus,
1182 2591 1303 2647 qua:
1348 2578 1581 2632 maxime
1623 2585 1811 2632 osten-

189 2670 326 2739 dunt
351 2686 449 2725 eos
478 2668 646 2726 fuisse
675 2686 702 2722 a
732 2670 843 2725 Deo
873 2669 1189 2741 inspiratus,
1218 2680 1269 2724 et
1300 2670 1430 2724 nihil
1459 2671 1615 2725 nobis
1640 2670 1815 2727 disse-

190 2764 391 2826 ruisse,
421 2761 566 2831 quod
598 2778 661 2817 ex
690 2777 749 2815 se
774 2759 1048 2827 afferrent,
1078 2761 1175 2817 sed
1217 2761 1398 2815 divina
1427 2762 1515 2815 illa
1557 2761 1730 2833 gratia
1757 2770 1813 2816 et

195 2854 572 2924 supercelesli
600 2854 829 2909 al‘llatos.
864 2854 1226 2925 Quaecumque
1266 2855 1408 2909 enim
1453 2854 1521 2908 ab
1547 2855 1628 2909 eis
1669 2854 1811 2910 dic‘a

196 2955 344 3012 sunt,
380 2947 544 3001 tinem
574 2956 701 3001 sunt
725 2958 1035 3016 assequuta,
1067 2954 1121 3000 et
1149 2946 1328 3000 omnia
1360 2945 1427 2999 ad
1455 2961 1636 3000 rerum
1668 2945 1811 3000 veri.

201 3050 367 3096 tatem
415 3040 774 3103 devenerunt,
821 3055 916 3095 seu
960 3047 1166 3105 vetera,
1212 3053 1309 3093 seu
1337 3036 1480 3092 nova
1509 3038 1644 3093 velis
1671 3037 1815 3092 acci-

202 3147 351 3203 pere.
384 3131 521 3187 Nam
568 3139 628 3187 et
653 3146 773 3201 qua:
802 3129 870 3185 de
914 3129 1114 3185 ludatis
1151 3145 1182 3183 a
1211 3128 1489 3200 prophetis
1518 3128 1658 3183 dicta
1688 3138 1814 3183 sunt

202 3226 379 3279 omnia
430 3226 592 3279 linem
643 3234 942 3294 ceperunt,
988 3238 1218 3293 quorum
1277 3222 1438 3276 etiam
1486 3222 1663 3277 exitus
1711 3221 1815 3277 fuit

201 3315 451 3370 omnibus
481 3313 801 3369 manifestus
828 3330 843 3367 :
872 3322 929 3370 et
948 3329 1068 3384 quae
1087 3312 1155 3369 de
1183 3310 1397 3367 Christo
1419 3312 1469 3366 in
1496 3311 1668 3379 Novo,
1691 3328 1812 3383 qu:c

204 3406 435 3461 maxime
464 3405 759 3460 ostendunt
801 3404 1039 3459 divinam
1066 3418 1188 3460 esse
1233 3412 1519 3472 utramque
1562 3402 1810 3473 Scriptu-

208 3511 340 3550 ram.
371 3494 429 3552 Si
476 3508 657 3551 autem
688 3506 813 3551 sunt
840 3497 1036 3559 divina,
1084 3511 1204 3566 qurc
1248 3494 1317 3550 de
1346 3495 1459 3549 Deo
1484 3494 1537 3549 in
1580 3509 1643 3550 ea
1670 3494 1810 3550 diem

204 3597 345 3648 sunt,
375 3602 438 3643 ea
486 3602 614 3641 vera
658 3597 786 3642 sunt
830 3588 1031 3642 omnia.
1064 3586 1142 3642 Ne
1185 3586 1367 3641 dubita
1414 3586 1572 3655 igitur
1600 3585 1669 3641 de
1719 3586 1812 3642 Dei

207 3677 561 3747 providentia,
592 3664 687 3733 sed
717 3678 834 3748 ejus
872 3693 1080 3745 curam,
1109 3692 1268 3748 quam
1297 3677 1457 3748 gerit,
1501 3677 1769 3734 admirare
1791 3721 1809 3747 ,

207 3772 342 3837 quod
371 3786 495 3826 eum
523 3772 629 3826 sint
655 3772 780 3826 boni
800 3781 856 3827 et
884 3771 1030 3836 mali,
1052 3770 1239 3826 orbem
1267 3778 1534 3824 terrarum
1562 3780 1617 3825 et
1640 3768 1811 3825 solem

206 3863 455 3918 erunibus
487 3864 770 3934 permittit,
802 3873 856 3918 et
900 3862 1151 3918 omnibus
1179 3861 1273 3917 dat
1322 3861 1548 3932 pluvias.
1582 3860 1739 3929 Quod
1767 3860 1812 3917 si

207 3953 329 4007 sinit
355 3954 570 4025 aliquos
595 3954 791 4025 degere
818 3954 869 4008 in
900 3953 1243 4009 mendicitate
1270 3963 1325 4009 et
1353 3953 1553 4024 in0pia,
1604 3953 1655 4007 id
1688 3954 1814 4009 facit

209 4045 520 4098 utanintant
570 4044 779 4100 illorunt
825 4046 1077 4114 corrigat,
1124 4044 1400 4114 sapientia:
1431 4044 1811 4100 studiosiorem

205 4138 434 4190 animam
466 4136 729 4191 efﬁciens.
777 4136 939 4193 Scitis
968 4138 1135 4204 enim,
1168 4137 1318 4191 scitis
1355 4147 1561 4207 aperte.
1599 4136 1813 4192 divitias

206 4229 419 4297 quidem
447 4229 515 4283 iis
533 4230 622 4298 qui
650 4244 754 4283 non
776 4228 1059 4284 attendunt
1082 4243 1202 4284 esse
1227 4228 1477 4283 vitiorum
1499 4228 1809 4293 ministras;

208 4331 571 4389 paupertatem
602 4329 779 4375 autem
820 4330 1047 4376 matrem
1100 4320 1455 4390 thilosophite
1484 4337 1498 4373 :
1529 4336 1700 4389 caque
1723 4334 1813 4376 res

210 4409 335 4477 ipse
361 4409 602 4465 indicant
629 4409 887 4481 quotidie.
929 4411 1071 4479 Quot
1100 4426 1362 4481 pauperes
1408 4419 1534 4465 sunt
1558 4409 1814 4467 divitibus

211 4500 606 4568 prudentiores,
654 4502 930 4572 sapientia:
972 4502 1320 4568 amantiores,
1373 4512 1429 4558 ct
1468 4518 1697 4574 corpore
1725 4518 1815 4559 sa-

210 4594 423 4661 uiorcs,
470 4610 594 4649 cum
646 4607 934 4669 paupertas
976 4597 1054 4651 eis
1104 4604 1158 4650 ct
1201 4610 1420 4652 carnem
1471 4604 1527 4651 et
1575 4597 1812 4652 animam

208 4688 485 4757 corrigat?
513 4686 567 4744 9.
597 4687 665 4743 In
688 4706 811 4758 pace
828 4690 881 4743 in
898 4690 1117 4761 idipsttm
1138 4691 1389 4745 dormiam
1415 4700 1462 4746 et
1480 4692 1809 4761 requiescam.

210 4777 293 4833 10.
327 4778 581 4846 Quoniam
608 4790 682 4844 tu,
710 4778 945 4844 Domine,
969 4781 1295 4853 singulariter
1322 4782 1377 4837 in
1395 4798 1486 4852 spe
1509 4783 1813 4837 constituisti

211 4886 306 4922 η.
341 4869 480 4925 Ecce
518 4869 676 4925 aliam
723 4886 829 4925 non
862 4887 1076 4941 parvam
1125 4873 1362 4943 speciem
1412 4874 1764 4943 providentiae
1791 4913 1808 4939 ,

209 4962 349 5032 quod
397 4978 529 5032 pace
575 4962 818 5019 fruantur
860 4967 950 5036 qui
990 4974 1116 5019 sunt
1156 4965 1266 5020 Deo
1294 4965 1533 5021 addicti:
1568 4964 1689 5019 Pax
1728 4976 1815 5021 est

212 5054 354 5107 enim
388 5053 716 5125 diligentibus
745 5058 902 5127 legem
931 5065 1093 5123 tuam,
1122 5068 1169 5110 et
1199 5073 1300 5111 non
1332 5067 1405 5112 est
1437 5058 1563 5128 ipsis
1590 5056 1811 5124 oll'endi-

212 5144 383 5198 calam
408 5143 575 5212 (Psal.
606 5147 729 5201 “8.
761 5146 909 5220 165).
938 5146 1078 5202 Nihil
1104 5149 1247 5204 enim
1276 5164 1430 5219 :rque
1457 5150 1597 5204 solet
1626 5164 1812 5220 pacem

212 5251 425 5305 parere,
455 5247 618 5309 atque
649 5240 739 5294 Dei
767 5241 1021 5310 cognitio,
1049 5250 1105 5297 et
1131 5242 1343 5297 virtutis
1368 5242 1662 5313 possessio,
1693 5257 1813 5312 quae

216 5328 377 5384 animi
406 5327 865 5399 perturbationum
891 5331 1159 5388 internum
1204 5333 1403 5389 bellum
1436 5334 1596 5390 domo
1627 5332 1814 5404 procul

295 5485 349 5561 et
379 5486 498 5561 se
522 5485 729 5561 ιτιιιρ-ιιε
746 5487 1003 5561 malum:
1026 5502 1078 5553 ρο
1103 5488 1330 5561 mtuu-
1422 5554 1471 5561 _.

250 5609 261 5619 _
277 5549 513 5622 (ej-uiri:
530 5551 660 5622 toris
681 5549 903 5600 naturain
921 5549 1166 5622 “dequae
1187 5550 1234 5600 di
1243 5549 1401 5622 minus
1422 5554 1670 5613 Disqutsn.
1693 5562 1815 5622 prag-

219 5610 782 5687 Eads‘uttquitatem‘,‘
800 5624 993 5675 paragr.
1020 5610 1115 5675 IV;
1140 5614 1354 5664 maxitne
1377 5624 1499 5663 vero
1520 5610 1630 5675 qua
1657 5610 1720 5662 ex
1743 5613 1815 5662 ci-

280 5682 395 5721 tune
416 5674 661 5723 attulimus
681 5674 802 5724 ibid.
930 5674 935 5675 ⁷
1540 5674 1553 5675 ί

280 5732 607 5809 lemmata?
625 5743 910 5809 απορτιξειι
952 5733 1181 5809 dicebam
1218 5734 1487 5809 Αροιιίηεξαέ
1508 5736 1641 5809 {ovis
1660 5734 1814 5809 tiliam

138 5814 149 5829 ι
221 5794 607 5867 eae'solemfst
622 5799 818 5867 non.aic
840 5804 1075 5867 uomet-us
1090 5804 1142 5847 et
1155 5794 1335 5867 lineis,
1353 5799 1438 5867 qui
1459 5796 1619 5867 Solem
1642 5798 1810 5867 distin-

221 5856 698 5923 smabspolhe.
717 5858 773 5911 [ιδ
795 5856 934 5911 cultu
954 5867 1116 5911 autem
1140 5856 1334 5922 [iudico
1354 5856 1461 5911 haec
1483 5861 1679 5909 numina
1702 5859 1803 5909 dis-

1910 554 2077 625 ejicit,
2120 571 2221 613 nec
2265 556 2526 627 permittit
2554 566 2612 612 ut
2649 556 2812 612 homo
2852 571 2976 611 cum
3005 555 3187 627 seipso
3228 553 3535 612 seditiones

1909 648 2097 718 agitet.
2140 646 2281 703 Sane
2306 648 2351 701 si
2392 646 2492 701 hac
2517 662 2651 718 pace
2680 660 2787 703 non
2830 645 3059 711 fruatur,
3087 647 3300 703 etiamsi
3329 646 3401 702 sit
3427 661 3525 702 ex-

1912 741 2179 796 trinsecus
2224 754 2437 795 summa
2489 755 2587 810 pax
2617 779 2634 807 ,
2678 739 2890 794 etiamsi
2950 739 3131 794 nullus
3180 753 3305 794 eum
3350 736 3532 793 hostis

1911 832 2155 899 invadat,
2176 843 2258 888 cst
2284 832 2528 887 omnium
2556 833 2645 903 qui
2677 832 2729 887 in
2760 841 2903 887 terra
2930 833 3314 904 impugnantur
3338 831 3543 886 miser-.

1911 924 2100 979 rimus.

1987 1014 2075 1070 12.
2108 1014 2392 1070 δίευὶεείηιε
2425 1014 2594 1069 hostes
2619 1013 2807 1069 anima
2833 1015 3156 1069 immoderati
3197 1012 3412 1082 aﬂ‘ecttts
3436 1027 3528 1068 νος

1912 1107 2146 1161 luntatis.
2176 1105 2397 1161 Invidia
2415 1107 2664 1161 conditio.
2690 1136 2763 1147 —
2790 1106 2975 1177 Neque
2995 1106 3141 1162 enim
3166 1105 3406 1178 Scythae,
3431 1119 3533 1161 nec

1912 1198 2173 1265 Thraces,
2198 1214 2298 1253 nec
2320 1198 2604 1265 Sarmatae,
2627 1214 2729 1254 nec
2757 1199 2895 1264 ludi,
2925 1213 3025 1254 nec
3054 1197 3242 1259 Mauri,
3268 1210 3370 1252 nec
3384 1210 3533 1266 qua»

1913 1284 2145 1363 cumque
2171 1302 2297 1347 sunt
2335 1291 2465 1348 ferte
2494 1302 2705 1363 gentes,
2754 1300 2863 1347 tam
2910 1300 3069 1346 atrox
3106 1290 3310 1346 bellum
3340 1302 3534 1361 gerere

1912 1384 2109 1444 solent.
2135 1399 2297 1455 quam
2328 1385 2529 1440 nefaria
2558 1384 2832 1454 cogitatio,
2861 1398 2984 1454 qua:
3016 1391 3260 1437 versatur
3286 1382 3339 1436 in
3367 1396 3533 1451 pene-

1916 1475 2143 1531 tralibus
2167 1475 2355 1540 animi,
2388 1484 2443 1530 ct
2465 1477 2832 1546 intemperans
2862 1475 3050 1543 libido,
3079 1491 3232 1530 amor
3261 1475 3529 1552 pecunize,

1915 1568 2172 1639 potentite
2203 1567 2497 1624 vehemens
2529 1567 2858 1623 desiderium
2880 1610 2894 1627 .
2923 1577 3085 1637 atque
3123 1581 3251 1637 erga
3292 1580 3383 1621 res
3427 1565 3532 1621 ltu-

1914 1674 2103 1716 manas
2146 1660 2381 1716 aﬂ'ectio.
2431 1660 2501 1716 Et
2544 1661 2739 1716 merito
2782 1678 2794 1714 :
2839 1659 2968 1714 illud
3012 1659 3157 1715 enim
3202 1668 3285 1713 est
3330 1658 3532 1713 bellum

1916 1762 2235 1820 externum,
2283 1753 2386 1808 hoc
2430 1768 2560 1808 vero
2607 1762 2690 1807 est
2739 1752 3011 1807 internum
3057 1751 3327 1822 praelium.
3376 1748 3533 1816 Quod

1916 1855 2099 1901 autem
2124 1860 2245 1916 quae
2273 1846 2417 1901 intus
2459 1854 2778 1909 nascuntur,
2809 1845 2920 1899 sint
2950 1844 3014 1897 iis
3047 1858 3169 1913 qua:
3196 1842 3536 1897 extrinsecus

1917 1935 2198 2004 invadunt,
2221 1936 2492 2007 graviora,
2515 1945 2571 1991 et
2587 1936 2862 1991 interitum
2888 1935 3062 2006 magis
3083 1933 3280 1989 all‘crre
3300 1933 3532 1999 soleant,

1918 2027 2022 2083 hoc
2045 2028 2165 2084 licet
2197 2028 2382 2084 videre
2409 2028 2461 2081 in
2494 2028 2768 2083 omnibus.
2798 2026 3014 2081 Etenim
3047 2034 3102 2082 et
3128 2026 3257 2097 ligni
3287 2034 3537 2080 naturam

1918 2121 2139 2185 vermis,
2178 2121 2270 2191 qui
2313 2130 2472 2176 natus
2500 2126 2585 2175 eat
2615 2120 2781 2187 intus,
2812 2120 2984 2190 magis
3010 2119 3347 2190 corrumpit;
3392 2119 3537 2175 vires

1917 2222 1972 2267 et
1998 2213 2281 2267 sanitatem
2312 2212 2578 2283 corporis,
2603 2211 2797 2277 morbi,
2829 2213 2919 2282 qui
2951 2211 3099 2266 intus
3131 2221 3487 2282 procreantur
3515 2253 3530 2274 ,

1921 2305 2040 2374 plus
2082 2304 2308 2372 laedunt,
2356 2320 2517 2375 quam
2572 2306 2663 2375 qui
2716 2304 3053 2359 extrinsecus
3104 2302 3438 2368 adveniunt;
3484 2312 3541 2358 et

1916 2396 2167 2451 civitates
2206 2411 2313 2451 non
2345 2406 2452 2450 tam
2506 2396 2715 2451 externi
2762 2395 2972 2462 hostes,
3002 2409 3164 2465 quam
3194 2394 3384 2449 civiles
3411 2407 3540 2463 pes-

1916 2487 2175 2543 sumdant
2202 2504 2218 2542 :
2250 2488 2321 2541 ita
2347 2480 2513 2543 etiam
2555 2489 2750 2542 anima:
2789 2496 3037 2543 nontam
3064 2497 3308 2542 externae
3331 2500 3454 2557 quae
3484 2485 3539 2540 in

1918 2596 2036 2635 eam
2065 2580 2323 2635 invadunt
2355 2579 2807 2647 machinationes,
2837 2594 3000 2650 quam
3027 2593 3149 2649 quae
3171 2579 3318 2634 intus
3354 2578 3543 2632 oriun-

1920 2686 2007 2730 tur
2035 2675 2407 2745 tcgritudines,
2452 2675 2743 2745 perniciem
2793 2674 3050 2731 atl'erunt.
3078 2673 3183 2730 Sed
3233 2674 3278 2729 si
3323 2675 3445 2743 quis
3471 2674 3542 2729 ti-

1922 2784 2129 2823 morem
2160 2768 2254 2822 Dci
2284 2767 2517 2833 habens,
2543 2766 2648 2822 hoc
2676 2766 2876 2823 bellum
2906 2766 3143 2835 perfecte
3171 2765 3463 2831 sedaverit,
3484 2774 3542 2821 et

1921 2860 2356 2929 perturbationes
2405 2859 2573 2914 animi
2636 2858 3039 2929 composuerit,
3087 2869 3141 2912 et
3189 2857 3369 2912 varias
3422 2857 3541 2913 illas

1918 2952 2289 3021 improborum
2360 2952 2745 3023 cogitationum
2809 2951 3020 3007 belluas
3070 2948 3378 3015 suffocans,
3430 2965 3538 3005 nou

1917 3044 2233 3118 permiserit
2277 3054 2336 3099 ut
2386 3045 2440 3099 in
2484 3044 2655 3099 antris
2685 3043 3033 3109 delitescant,
3079 3042 3127 3097 is
3168 3040 3454 3113 purissima
3484 3048 3543 3097 et

1918 3137 2180 3192 altissima
2209 3151 2342 3207 pace
2386 3136 2613 3191 fruetur.
2650 3135 2799 3191 lianc
2828 3147 3017 3206 pacem
3044 3133 3290 3190 Christus
3315 3133 3541 3191 veniens

1919 3229 2142 3299 largitus
2170 3239 2289 3294 est;
2338 3228 2478 3283 hanc
2522 3228 2688 3284 etiam
2719 3228 2916 3284 Paulus
2959 3236 3210 3298 precatus
3252 3235 3336 3282 est
3363 3225 3539 3281 fideli-

1919 3322 2040 3386 bus,
2069 3321 2259 3377 dicens
2287 3320 2340 3376 in
2385 3320 2614 3392 singulis
2639 3319 2886 3389 epistolis
2917 3337 2931 3375 :
2966 3319 3147 3375 Gratia
3187 3318 3328 3373 nobis
3352 3327 3400 3372 et
3428 3332 3534 3387 pas

1918 3430 1950 3467 a
1984 3412 2091 3468 Deo
2117 3410 2274 3467 Patre
2297 3422 2492 3467 nostro.
2523 3410 2624 3478 Qui
2654 3409 2797 3466 hanc
2824 3411 2971 3467 enim
3002 3410 3168 3466 habet
3192 3423 3402 3480 pacem,
3429 3424 3537 3462 non

1918 3508 2092 3561 solum
2125 3505 2414 3561 barbarum
2454 3513 2511 3561 et
2561 3504 2774 3559 hostem
2796 3546 2811 3568 ,
2845 3504 2942 3559 sed
2991 3520 3060 3559 tte
3106 3505 3282 3574 ipsum
3314 3502 3535 3573 quidem

1918 3600 2193 3656 diabolum
2222 3597 2566 3665 extimescit;
2596 3596 2693 3653 sed
2722 3597 3031 3652 universam
3058 3595 3202 3651 ridet
3225 3594 3536 3650 daemonum

1919 3692 2265 3763 phalangem,
2307 3699 2361 3745 et
2400 3701 2485 3746 est
2534 3691 2789 3746 omnibus
2827 3689 3138 3745 hominibus
3182 3689 3431 3751 alacrior,
3478 3694 3539 3745 ut

1917 3784 2009 3856 qui
2041 3800 2147 3839 non
2176 3792 2494 3855 paupertate
2521 3794 2819 3855 prematur,
2852 3800 2959 3840 non
2994 3783 3188 3839 morbo
3227 3793 3281 3838 et
3308 3782 3536 3839 adversa

1921 3874 2233 3931 valetudine
2256 3882 2531 3945 gravetur,
2559 3890 2668 3932 non
2698 3876 2882 3945 aliquo
2918 3889 3107 3931 eorum
3138 3890 3258 3946 quae.
3289 3874 3537 3929 humani-

1921 3980 2006 4026 tus
2034 3969 2311 4039 inopinato
2333 3969 2587 4025 accidunt
2610 3971 2980 4040 perturbetur,
3007 3985 3074 4025 eo
3100 3968 3249 4039 quod
3265 3969 3535 4025 valentem

1918 4073 1974 4118 et
2003 4076 2191 4116 Sanam
2224 4060 2422 4117 habeat
2450 4062 2708 4129 animam,
2737 4078 2857 4132 qua:
2887 4061 3005 4117 haec
3049 4070 3233 4132 potest
3276 4061 3535 4131 prmelare

1917 4165 1973 4212 et
2014 4155 2266 4210 facillime
2294 4154 2677 4210 adutinistrare
2716 4168 2782 4210 ac
2824 4162 3150 4224 temperare.
3178 4155 3248 4209 Et
3268 4160 3326 4207 ttt
3351 4153 3536 4208 sciatis

1921 4247 2024 4303 hoc
2051 4261 2175 4303 esse
2198 4262 2383 4301 verum
2418 4264 2432 4298 :
2460 4247 2533 4301 sit
2557 4247 2755 4316 aliquis
2777 4246 3013 4313 invidus,
3046 4254 3103 4301 et
3130 4260 3291 4301 nemo
3319 4260 3441 4300 cum
3468 4260 3538 4301 eo

1917 4340 2119 4397 bellum
2147 4348 2334 4410 gerat;
2366 4340 2497 4411 quid
2522 4340 2714 4410 juvat?
2742 4339 2861 4410 Ipse
2887 4340 3034 4395 enim
3065 4355 3188 4395 cum
3218 4339 3399 4408 seipse
3421 4336 3537 4395 bel-

1920 4432 2030 4487 lum
2060 4432 2222 4503 gerit,
2245 4432 2438 4503 quovis
2466 4447 2599 4487 ense
2628 4430 3071 4501 penetrabiliores
3096 4431 3148 4485 in
3172 4445 3231 4485 se
3254 4430 3537 4500 cogitatio-

1918 4542 2019 4583 nes
2044 4542 2266 4591 acuens,
2301 4527 2356 4581 in
2384 4525 2635 4581 omnibus
2653 4541 2775 4596 qua:
2799 4524 3050 4580 videntur
3069 4523 3373 4591 oll‘eudens,
3398 4532 3455 4579 et
3479 4524 3536 4579 itt

1918 4618 2145 4690 singulis
2174 4618 2262 4689 qui
2308 4628 2604 4673 occurrunt
2633 4616 2942 4671 hominibus
2980 4615 3218 4687 seipsum
3262 4614 3531 4677 saucians.

1920 4711 1972 4766 in
2020 4710 2225 4765 nullum
2277 4709 2541 4769 benevolo
2585 4716 2641 4764 et
2684 4716 2838 4778 grato
2880 4708 3065 4762 animo
3112 4704 3405 4776 praeditus,
3434 4703 3535 4760 sed

1918 4818 2112 4860 omnes
2142 4803 2263 4858 illos
2310 4811 2581 4872 tamquam
2632 4800 2818 4855 hostes
2848 4798 3084 4853 intuens.
3116 4797 3250 4865 Quae
3292 4804 3377 4851 est
3403 4808 3537 4866 ergo

1920 4895 1996 4950 illi
2022 4895 2168 4967 pacis
2196 4903 2435 4950 externae
2464 4894 2687 4959 utilitas,
2718 4890 2935 4962 quando
2978 4890 3067 4945 ille
3093 4890 3279 4945 furens
3304 4897 3357 4943 et
3384 4887 3537 4945 rabie

1920 4991 2180 5059 percitus,
2223 4996 2279 5043 et
2314 4987 2621 5043 communis
2660 4996 2868 5043 natura:
2909 4983 3078 5038 hostis
3108 4981 3535 5048 circumcursat,

1920 5094 2128 5139 tantum
2174 5084 2442 5138 internum
2483 5082 2685 5137 bellum
2730 5091 2968 5151 gestans,
3011 5085 3069 5132 et
3116 5076 3264 5131 mille
3307 5074 3429 5130 telis
3472 5089 3539 5131 ac

1919 5178 2127 5249 sagittis
2165 5175 2400 5241 confodi,
2447 5185 2609 5245 atque
2654 5172 2792 5229 adeo
2837 5170 3014 5241 potius
3062 5169 3259 5223 millies
3301 5175 3537 5221 mortem

1922 5272 2029 5342 pati
2057 5279 2271 5341 optans,
2300 5284 2461 5339 quam
2491 5266 2678 5322 videre
2726 5264 3034 5336 quempiam
3064 5278 3129 5317 ex
3175 5261 3262 5327 iis,
3290 5260 3381 5331 qui
3413 5269 3537 5315 sunt

1920 5361 2162 5431 ejusdem
2208 5360 2443 5431 generis,
2496 5359 2548 5413 in
2599 5358 2739 5413 bona
2792 5371 2915 5412 esse
2965 5353 3399 5410 existimatione.
3446 5361 3541 5407 aut

1920 5451 2131 5508 felicius
2156 5450 2353 5523 agere?
2383 5451 2654 5505 Teneatur
2682 5462 2871 5504 rursus
2892 5447 3031 5503 alius
3060 5446 3301 5517 pecuniae
3328 5446 3539 5515 cupidi-

1920 5552 2050 5608 tate,
2102 5545 2379 5599 inttumera
2424 5540 2587 5605 bella,
2635 5554 2875 5612 pugnas,
2921 5549 2976 5595 et
3016 5538 3309 5593 seditiones
3340 5537 3391 5592 in
3440 5550 3538 5592 sua

1919 5636 2119 5691 cunllat
2138 5638 2316 5692 anima
2344 5654 2357 5690 :
2381 5645 2437 5691 et
2454 5636 2681 5691 tumultu
2702 5650 2767 5690 ac
2787 5633 3193 5706 perturbatione
3213 5632 3538 5704 exagitatus,

1921 5744 1990 5785 ne
2020 5737 2197 5797 potest
2222 5728 2438 5795 quidem
2484 5726 2757 5795 paululum
2806 5726 3190 5796 respirare.At
3228 5738 3340 5779 non
3371 5723 3417 5778 is
3446 5719 3539 5793 qui

1920 5831 2006 5877 est
2047 5821 2181 5875 liber
2225 5819 2295 5874 ab
2335 5818 2602 5889 ejusmodi
2661 5816 3175 5887 perturbationibus,
3224 5815 3328 5869 hoc
3375 5812 3540 5868 modo

1927 5911 2150 5969 allectus
2179 5922 2263 5969 est
2290 5930 2304 5968 :
2331 5910 2428 5969 sed
2459 5910 2513 5967 in
2545 5909 2836 5983 tranquillo
2877 5920 3039 5981 portu
3078 5907 3254 5976 sedet,
3285 5920 3345 5962 se
3373 5904 3535 5961 studii
