4070 6436
789 361 867 418 ss
1520 365 1580 421 s.
1608 365 1888 425 manus
1923 337 2400 428 cnnvstisrout
2441 372 2759 432 ARCHIEP.
2787 375 3327 437 consumma.

781 473 1058 544 studentlae
1105 472 1457 547 voluptatibus
1493 478 1749 549 explens,
1778 490 1832 536 et
1870 482 2063 553 nullam
2106 483 2368 554 ejusmodi

785 565 1083 620 molestiam
1108 567 1400 624 sustinens.
1431 558 1689 635 Quocirca
1716 570 1819 628 hac
1840 588 2054 644 quoque
2085 574 2368 644 providen-

781 660 851 715 tia
899 659 1077 717 fruens
1107 653 1360 734 propheta
1398 664 1605 722 dicebat
1632 684 1647 723 :
1679 668 1744 722 In
1778 663 1979 739 pacein
2006 670 2227 740 idipsum
2248 670 2370 725 dor-

782 753 935 806 miant
961 762 1006 806 et
1034 756 1371 823 requiescam;
1400 756 1646 824 iuuueus,
1673 759 1721 814 ei
1751 759 1842 829 qui
1890 760 2028 815 hanc
2074 777 2177 815 non
2207 760 2369 817 habet

781 857 986 912 pacem,
1017 859 1084 901 ne
1124 859 1461 905 communem
1488 850 1701 919 quidem
1744 850 1981 905 omnium
2013 862 2218 921 portum
2249 866 2368 935 esse

778 943 1042 1002 apertum,
1091 935 1184 991 sed
1228 937 1371 991 illum
1402 952 1613 1009 quoque
1650 940 1980 996 obstructum
2006 957 2145 1008 esse,
2176 957 2368 1013 nempe

777 1025 974 1093 ομιὶιιιίε
1034 1035 1089 1083 et
1135 1028 1328 1084 noctis.
1380 1029 1693 1100 llujusmodi
1748 1034 1888 1088 enim
1945 1034 2367 1103 perturbationes

775 1117 936 1171 etiam
965 1132 1083 1173 eam
1108 1133 1225 1189 qua:
1251 1134 1281 1174 a
1311 1130 1495 1176 natura
1523 1119 1679 1177 datur
1696 1126 2036 1179 securitatem
2061 1124 2363 1195 proﬂigant,

778 1208 883 1263 alia
929 1210 1164 1279 graviori
1209 1213 1488 1284 tyrannide
1535 1217 1705 1270 somni
1764 1216 2097 1287 tyrannidem
2148 1219 2367 1275 omnino

774 1298 1139 1358 vlt-turbantes.
1164 1302 1327 1359 lnvidi
1347 1306 1514 1376 enim,
1534 1310 1677 1363 avari
1698 1319 1749 1363 et
1767 1321 2028 1379 raptores.
2048 1310 2149 1366 hoc
2167 1311 2362 1367 bellum

774 1392 1008 1463 nudique
1059 1396 1496 1455 circumferentes
1524 1442 1540 1467 ,
1592 1411 1645 1456 et
1688 1403 1829 1457 intus
1872 1405 2076 1475 positos
2122 1406 2365 1462 inimicos

776 1483 1056 1552 habentes,
1102 1503 1438 1560 quocumque
1484 1493 1817 1558 recessen'ut,
1850 1511 2075 1565 pugnam
2105 1513 2210 1551 non
2237 1496 2363 1568 pos-

770 1581 893 1627 sunt
919 1573 1153 1647 effugere
1180 1594 1195 1633 :
1227 1580 1322 1636 sed
1366 1583 1466 1636 etsi
1498 1582 1641 1638 domi
1690 1597 1969 1651 maneant,
1999 1589 2100 1643 etsi
2133 1589 2183 1643 in
2226 1590 2363 1646 lecto

767 1663 997 1734 jaceaut,
1028 1670 1252 1727 telorum
1293 1673 1492 1743 nubes,
1522 1688 1575 1732 ct
1604 1680 1855 1733 tumultus
1901 1679 2054 1735 undis
2081 1682 2359 1737 violentim

772 1770 880 1822 nes,
915 1759 1111 1824 caedes,
1139 1762 1421 1833 clamores,
1467 1767 1709 1837 querelas
1736 1779 1790 1824 et
1815 1770 2151 1838 ejulationes,
2182 1782 2237 1825 et
2262 1772 2360 1825 alia

767 1851 933 1904 multo
963 1851 1025 1905 iis
1051 1868 1170 1922 quae
1215 1856 1363 1930 inter.
1396 1857 1576 1915 hostes
1604 1860 1854 1916 accidunt
1895 1864 2143 1931 graviora
2191 1862 2359 1918 susti-

768 1950 915 1997 nent.
947 1944 1016 1998 At
1047 1959 1152 2000 non
1180 1947 1259 2001 sic
1297 1949 1474 2018 justus
1506 1968 1520 2004 :
1547 1952 1639 2007 sed
1666 1962 1719 2007 et
1745 1953 1968 2024 vigilans
2004 1954 2360 2011 delectatione

766 2031 979 2099 fruitur,
1009 2048 1062 2091 et
1110 2047 1375 2097 nocturno
1422 2055 1659 2115 tempore
1687 2063 1807 2101 cum
1853 2064 2043 2120 magna
2091 2050 2359 2119 voluptate

764 2138 1011 2182 somnum
1042 2131 1201 2199 capit.
1246 2132 1382 2201 Quid
1427 2144 1512 2190 est
1539 2146 1739 2204 autem,
1771 2137 1834 2193 In
1864 2140 2086 2210 idipsum
2108 2141 2135 2193 .’
2166 2140 2219 2195 In
2248 2155 2359 2196 me-

771 2215 972 2285 ipsum,
1001 2219 1191 2291 inquit,
1222 2231 1361 2278 totus
1387 2240 1696 2295 conversus,
1728 2246 1833 2285 non
1859 2233 1915 2286 in
1937 2248 2090 2288 curas
2116 2233 2357 2288 innume-

762 2305 954 2363 rabiles
969 2309 1192 2379 divisus,
1222 2330 1328 2369 non
1354 2332 1473 2387 qua:
1496 2329 1620 2374 sunt
1648 2320 1803 2391 hujus
1831 2324 1912 2377 vel
1932 2324 2071 2379 illius
2092 2325 2353 2395 cogitans,

770 2400 871 2455 dcc
902 2402 952 2457 in
976 2404 1162 2461 orbem
1192 2417 1452 2467 terrarum
1474 2414 1858 2473 sollicitudines
1878 2418 2228 2488 dispertiens;
2258 2422 2353 2476 sed

762 2509 886 2562 qua:
912 2510 1029 2551 mea
1072 2508 1199 2554 sunt
1242 2503 1501 2574 cogitans,
1526 2516 1583 2561 et
1620 2524 1739 2578 quae
1767 2510 1907 2564 mihi
1944 2511 2110 2577 utilia,
2154 2522 2209 2567 et
2236 2528 2354 2583 qua:

763 2595 886 2639 sunt
919 2586 1119 2643 homini
1131 2594 1380 2650 maxime
1408 2599 1774 2654 convenientia
1809 2621 1822 2656 :
1854 2600 1989 2667 Quia
2008 2612 2083 2668 tu,
2116 2603 2349 2671 Domine,

757 2675 1080 2745 singulariter
1114 2682 1165 2735 in
1193 2700 1285 2752 spe
1324 2689 1625 2743 constituisti
1653 2708 1749 2744 me.
1778 2691 1928 2759 Quod
1968 2702 2147 2749 autem
2178 2694 2306 2750 dicit
2331 2738 2347 2763 ,

759 2775 845 2820 est
871 2767 1129 2837 ejusmodi
1162 2790 1176 2826 :
1205 2774 1428 2845 Propter
1463 2794 1613 2848 spem
1643 2772 2042 2850 futurorum,et
2072 2796 2348 2856 exspecta-

757 2857 954 2913 tio::em
983 2876 1103 2932 qum
1124 2867 1278 2920 estin
1308 2876 1380 2934 te,
1408 2884 1596 2925 omnes
1611 2873 1770 2927 animi
1802 2876 1902 2930 mei
1927 2877 2349 2944 perturbationes

753 2952 1065 3020 compressi.
1120 2955 1270 3010 Sicut
1311 2958 1470 3013 etiam
1508 2960 1635 3015 dicit
1662 2962 1856 3017 Paulus
1883 2982 1899 3017 :
1930 2964 2079 3032 Quod
2103 2976 2175 3020 est
2215 2971 2348 3022 enim

753 3041 804 3093 in
854 3046 1121 3110 pra'sentia
1166 3049 1441 3105 admodum
1484 3054 1589 3109 lere
1632 3056 1910 3125 amictionis
1933 3099 1947 3119 ,
1994 3058 2253 3131 insigniter
2292 3064 2345 3117 in

754 3132 1059 3190 sublimitate
1082 3140 1333 3195 aeternum
1361 3145 1560 3214 pondus
1584 3147 1763 3218 gloria
1790 3151 1931 3204 nobis
1953 3162 2213 3222 operatur,
2246 3170 2346 3209 non

752 3228 1182 3288 considerantibus
1206 3234 1346 3290 nobis
1382 3253 1496 3307 qua:
1518 3240 1767 3307 videntur,
1796 3242 1885 3297 sed
1911 3260 2025 3313 qua:
2046 3262 2147 3300 non
2174 3247 2347 3303 niden-

756 3327 840 3372 tur
887 3321 943 3392 (2
971 3321 1090 3378 Cor.
1120 3325 1174 3381 4.
1207 3327 1291 3381 l7.
1327 3328 1433 3401 18).
1464 3330 1617 3386 Nulla
1642 3334 1785 3388 enim
1816 3350 1903 3390 res
1930 3345 2014 3392 est
2040 3338 2174 3393 adeo
2199 3338 2340 3393 dim-

753 3411 890 3501 cilis,
920 3429 1038 3483 quae
1067 3431 1171 3471 non
1205 3418 1296 3474 fiat
1323 3420 1567 3477 facillima
1597 3438 1694 3493 spe
1724 3424 1911 3482 futura:
1940 3442 1968 3481 a
2001 3428 2109 3485 Deo
2136 3430 2337 3501 glorias.

756 3500 1041 3576 Propterea
1070 3508 1197 3563 dicit
1230 3528 1243 3564 :
1278 3509 1342 3564 In
1368 3529 1458 3582 spe
1482 3516 1785 3573 constituisti
1814 3535 1911 3573 me.
1946 3520 2011 3575 Et
2035 3500 2183 3589 illud,
2217 3522 2340 3579 Sin-

751 3596 1014 3665 gulariter,
1047 3614 1153 3655 non
1181 3611 1263 3657 est
1292 3619 1449 3673 parva
1475 3607 1731 3665 doctrinae
1758 3612 1944 3668 virtus.

819 3688 905 3744 13.
948 3688 1084 3757 Quid
1114 3702 1199 3749 est
1219 3706 1417 3765 autem,
1447 3699 1790 3772 Singulariter
1810 3705 1835 3758 Ρ
1859 3704 2112 3762 Seouum
2143 3708 2212 3763 ab
2234 3708 2332 3764 im-

746 3779 945 3848 probis.
980 3781 1128 3841 Hane
1165 3790 1307 3843 enim
1336 3805 1520 3860 pacem
1542 3835 1557 3860 ,
1591 3795 1790 3865 inquit,
1822 3798 1961 3867 apud
2001 3809 2051 3855 te
2082 3803 2337 3871 praeclare

748 3871 929 3940 habui,
951 3885 1008 3928 et
1032 3879 1316 3946 separatim
1349 3882 1546 3949 habito,
1573 3885 1779 3957 fugiens
1802 3886 2043 3945 homines
2066 3891 2338 3961 improbos

746 3975 810 4015 ac
834 3974 1136 4033 corruptos.
1169 3968 1234 4023 Et
1255 3969 1375 4039 jure
1401 3972 1658 4043 profecto.
1692 3972 2150 4043 Que'inadmodum
2191 3982 2333 4037 enim

746 4064 968 4122 corpora
999 4068 1143 4125 saepe
1183 4073 1212 4110 a
1253 4065 1501 4131 corrupti-
1526 4067 1668 4121 aeris
1712 4068 1798 4124 lue
1841 4068 2031 4125 infecta
2076 4085 2330 4141 pereunt:

750 4142 819 4196 ita
849 4145 1008 4199 etiam
1051 4150 1227 4204 anima
1270 4165 1411 4221 suile
1437 4154 1687 4213 damnum
1724 4162 1928 4231 accepit
1966 4178 2033 4217 ex
2073 4166 2332 4221 malorum

745 4238 1127 4303 congressione
1152 4257 1165 4294 :
1194 4253 1248 4295 et
1274 4244 1411 4298 sicut
1436 4260 1596 4306 sanus
1626 4251 1810 4307 oculus
1836 4254 2048 4322 quando
2084 4255 2332 4312 laboran-

745 4330 852 4378 tem
878 4329 1161 4397 aspexerit,
1189 4330 1441 4402 afficitur,
1469 4348 1525 4392 et
1550 4340 1639 4410 qui
1669 4351 1750 4396 est
1774 4344 1953 4400 scabie
1977 4346 2204 4405 refertus
2222 4389 2236 4412 ,
2269 4349 2333 4405 iis

744 4412 905 4469 etiam
945 4419 1033 4487 qui
1080 4422 1194 4475 sani
1233 4433 1355 4479 sunt
1394 4442 1510 4483 eam
1559 4430 1829 4500 impertit;
1883 4423 1959 4488 ita.
1992 4435 2153 4492 etiam
2191 4453 2333 4508 saepe

745 4506 1005 4577 contingit
1031 4510 1082 4565 in
1116 4515 1498 4574 consuetudine
1524 4519 1888 4592 improborum
1925 4524 2222 4582 hominum.
2266 4506 2335 4585 lit

748 4592 868 4650 ideo
896 4599 1058 4656 etiam
1097 4606 1263 4659 suasit
1298 4607 1537 4667 Christus
1581 4629 1685 4669 non
1728 4616 1899 4672 solum
1945 4634 2040 4675 eos
2077 4620 2165 4691 qui
2209 4632 2334 4677 sunt

747 4684 883 4740 tales
920 4687 1119 4759 fugere,
1166 4696 1259 4751 sed
1306 4700 1464 4755 etiam
1509 4705 1839 4774 exscindere,
1882 4710 1961 4765 sic
1995 4710 2217 4767 dicens:
2270 4713 2335 4770 Si

742 4778 922 4877 oculus
947 4789 1064 4838 tuus
1089 4784 1259 4841 dexter
1278 4799 1326 4844 te
1352 4795 1682 4865 scandalizat,
1705 4815 1821 4854 erue
1846 4818 1978 4870 eum,
2010 4813 2060 4858 et
2086 4807 2209 4877 ejice
2234 4824 2265 4861 α
2286 4818 2333 4862 te

746 4864 957 4965 tanta.
987 4873 1040 4928 5.
1067 4875 1183 4947 29),
1214 4894 1319 4937 non
1346 4884 1527 4941 dicens
1552 4888 1620 4943 de
1654 4864 1840 4951 oculo:
1874 4864 1996 4965 quid
2022 4864 2166 4952 enim
2206 4901 2330 4955 mali

748 4957 933 5015 fecerit
972 4967 1175 5033 oculus,
1207 4972 1249 5026 si
1292 4974 1362 5028 sit
1402 4990 1565 5033 sanus
1611 4983 1821 5037 animus
1842 4987 1863 5035 ’.’
1900 4987 1994 5041 sed
2034 4989 2101 5043 de
2142 4991 2330 5046 amicis

748 5057 1081 5123 necessariis,
1110 5068 1164 5115 et
1205 5065 1293 5133 qui
1329 5077 1453 5122 sunt
1487 5071 1638 5128 nobis
1676 5073 1794 5130 loco
1839 5076 2025 5133 horum
2058 5083 2330 5138 membro-

746 5158 893 5211 rum,
926 5158 980 5202 et
1014 5165 1112 5207 nos
1155 5153 1379 5224 laedunt,
1411 5160 1524 5218 htcc
1573 5168 1883 5235 constituit,
1919 5172 2109 5241 jubens
2138 5190 2327 5232 eorum

746 5236 904 5291 etiam
927 5241 1213 5301 amicitiam
1238 5259 1601 5327 contemnere,
1628 5269 1683 5312 ut
1703 5271 1883 5315 nostra
1906 5264 2049 5319 salus
2070 5266 2329 5326 efficiatur

748 5332 926 5386 tutior.
959 5334 1311 5403 Quamobrem
1342 5344 1453 5414 ipse
1490 5349 1647 5405 etiam
1684 5368 1870 5411 rursus
1900 5358 1951 5411 in
1983 5363 2328 5430 sequentibus

745 5422 872 5478 dicit
901 5444 914 5480 :
945 5425 1065 5483 Non
1094 5434 1201 5486 sedi
1228 5451 1340 5490 cum
1380 5440 1589 5496 consilio
1628 5449 1861 5503 vanitatis
1881 5492 1893 5513 ,
1939 5461 1984 5505 et
2019 5470 2132 5507 cum
2162 5456 2330 5526 inique

746 5518 1004 5611 agentibus
1027 5534 1128 5577 non
1151 5526 1405 5597 ingrediar
1429 5531 1595 5603 (Paul.
1628 5536 1716 5594 25.
1747 5540 1827 5609 4),
1859 5539 2157 5611 Quinetiam
2178 5518 2327 5604 Iere-

747 5609 880 5663 mias
904 5626 1024 5667 cum
1054 5615 1181 5671 dicit
1214 5619 1445 5692 beatum,
1474 5626 1562 5695 qui
1590 5628 1737 5685 sedet
1767 5609 2050 5703 separatim
2071 5679 2085 5700 ,
2109 5648 2163 5693 et
2191 5639 2328 5696 tollit

739 5699 922 5771 jngum
966 5706 1032 5761 ab
1064 5708 1419 5773 adolescentia
1449 5716 1657 5788 (Tltreu.
1690 5724 1743 5778 5.
1770 5699 1859 5779 ῒί.
1891 5725 2007 5799 28).
2054 5699 2170 5785 lam
2200 5746 2329 5788 vero

744 5796 905 5852 etiam
928 5798 1208 5861 Proverbia
1238 5811 1403 5867 multa
1430 5813 1495 5871 de
1522 5829 1585 5873 ea
1613 5833 1670 5875 re
1701 5822 1860 5879 verba
1890 5796 2103 5895 faciunt,
2137 5826 2325 5886 dicen-

2483 484 2553 539 tia
2580 494 2636 542 et
2668 489 2945 547 suadentia
2972 492 3253 560 omnibus,
3280 507 3386 550 non
3420 494 3593 552 solum
3640 497 3917 559 declinare
3953 546 3977 569 ,

2476 576 2635 634 etiam
2660 582 2867 638 resilire
2896 584 2965 639 ab
2992 584 3056 641 iis
3084 586 3175 655 qui
3204 587 3341 642 mala
3373 591 3658 645 consulunt
3677 634 3692 655 .
3725 600 3779 648 et
3808 609 3924 649 non
3969 615 3978 649 ς

2476 668 2580 723 illis
2608 674 2831 728 versari.
2859 674 2912 729 Si
2940 675 3081 730 enim
3110 693 3228 747 quae
3254 689 3379 733 sunt
3406 683 3661 737 naturam)
3689 699 3832 755 sarpe
3861 702 3978 741 mu

2476 770 2718 817 naturam
2763 778 2832 820 ex
2872 766 3010 820 mala
3040 770 3465 826 consuetudine:
3512 784 3711 842 quanto
3744 776 3924 847 magis
3976 808 3977 821 ι

2474 859 2602 905 sunt
2642 862 2838 908 nostra:
2873 856 3389 915 voluntatis?Color
3432 862 3573 916 enim
3610 873 3665 918 et
3703 867 3907 921 sanitas
3952 869 3969 921 i

2474 941 2629 997 nobis
2654 956 2841 999 natura
2867 964 2880 998 :
2912 948 3006 1003 sed
3034 965 3095 1003 ea
3139 966 3534 1021 nonnumquam
3560 968 3978 1027 corrumpunttu

2474 1030 2580 1087 alio
2607 1032 2787 1090 habitu
2814 1039 3115 1105 contrario;
3148 1049 3201 1095 ct
3225 1057 3409 1097 rursus
3437 1046 3702 1115 appetitus
3725 1048 3977 1103 ciborurr

2473 1135 2595 1177 eum
2624 1137 2766 1195 saepe
2791 1127 3061 1196 perdimus
3090 1132 3217 1185 vitio
3251 1115 3620 1203 tegritudiunm
3646 1153 3660 1201 ;
3696 1138 3859 1192 multa
3911 1150 3978 1194 et

2472 1213 2573 1277 alia
2600 1215 2860 1287 ejusmodi
2897 1222 3139 1278 accidere
3170 1224 3427 1279 videmus.
3460 1226 3614 1295 Quod
3641 1229 3683 1282 si
3716 1245 3778 1284 ca
3806 1246 3937 1300 qua:
3967 1247 3978 1286 ε

2474 1307 2752 1375 naturalia,
2786 1315 3275 1379 mulautur,-tuulto
3304 1318 3471 1386 magis
3498 1334 3557 1371 ca
3583 1335 3701 1387 qum
3725 1329 3849 1374 sunt
3876 1322 3978 1376 vol

2472 1397 2649 1469 tatis,
2684 1398 2891 1457 facilius
2944 1412 3215 1460 mutantur
3257 1406 3324 1460 ad
3372 1409 3703 1465 utrumlibet.
3752 1410 3828 1467 Ne
3876 1428 3978 1482 put

2469 1483 2648 1541 damni
2678 1488 2871 1547 afferre
2907 1493 3275 1551 existimemus
3310 1498 3675 1569 improborum
3716 1514 3978 1559 consueti

2470 1593 2631 1635 nem:
2681 1581 2773 1637 sed
2815 1593 2939 1639 ante
2976 1588 3152 1641 omnia
3188 1604 3282 1643 eos
3324 1591 3414 1660 qui
3461 1591 3591 1647 tales
3636 1602 3760 1648 sunt
3796 1595 3978 1650 vitem

2469 1670 2674 1725 etiamsi
2716 1673 2823 1729 sint
2854 1689 3079 1745 uxores,
3123 1679 3328 1733 etiamsi
3360 1682 3514 1735 amici
3541 1723 3554 1747 ,
3583 1683 3792 1737 etiamsi
3819 1685 3977 1753 qnilil

2468 1759 2599 1814 Nam
2644 1762 2743 1817 hoc
2772 1764 2931 1819 etiam
2978 1780 3196 1837 magnos
3227 1769 3345 1825 illos
3374 1774 3639 1840 perdidit,
3669 1773 3978 1832 Salomone

2469 1851 2685 1919 inquam
2716 1896 2731 1921 ,
2761 1863 2813 1909 et
2851 1856 3163 1913 Samsonetn
3194 1880 3207 1915 :
3241 1862 3528 1931 quinetiam
3560 1874 3725 1919 totum
3769 1880 3959 1936 genus

2466 1941 2674 1999 daicum
2717 1946 2793 2001 sic
2830 1947 3005 2016 periit.
3045 1948 3227 2020 Neque
3264 1952 3405 2007 enim
3451 1953 3578 2008 fera:
3623 1956 3692 2009 ita
3734 1956 3977 2025 laedunt,

2466 2034 2740 2091 hominum
2774 2040 3102 2108 improbitas.
3134 2043 3239 2099 Illic
3276 2046 3418 2099 enim
3449 2062 3710 2103 venenum
3737 2060 3935 2118 aperte
3970 2067 3978 2122 ι

2466 2138 2523 2179 se
2562 2125 2774 2181 ferunt:
2809 2128 2863 2182 hi
2908 2140 3085 2185 autem
3116 2134 3312 2188 sensim
3360 2144 3414 2190 et
3453 2137 3653 2207 absque
3694 2138 3803 2193 ullo
3831 2150 3978 2212 stre]

2464 2215 2635 2272 labem
2666 2221 2902 2289 quotidie
2930 2222 3235 2291 imntittnnt,
3266 2226 3333 2281 de
3360 2228 3568 2284 virtutis
3598 2231 3792 2286 robore
3816 2240 3977 2301 quott

2464 2310 2713 2379 paulatim
2771 2312 3132 2371 detrahentes.
3190 2318 3453 2386 Quocirca
3509 2323 3669 2377 etiam
3729 2324 3978 2392 impudic

2462 2414 2734 2471 aspecwm
2766 2404 2907 2460 Deus
2934 2408 3215 2473 amolitur,
3251 2410 3435 2466 dicens
3461 2431 3472 2464 :
3505 2413 3607 2477 Qui
3636 2417 3913 2485 respexerit
3953 2435 3978 2472 ιλ

2462 2493 2631 2549 fierem
2659 2496 2729 2550 ad
2767 2500 3243 2571 concupiscendum,
3275 2505 3387 2574 jam
3429 2508 3704 2559 moechatus
3745 2517 3817 2562 est
3861 2525 3977 2563 eam

2458 2590 2615 2643 corde
2649 2607 2740 2644 suo
2773 2590 2985 2663 (Matth.
3017 2594 3071 2649 5.
3097 2595 3191 2665 38)
3221 2615 3235 2648 :
3279 2610 3345 2651 eo
3369 2596 3509 2666 quod
3547 2600 3616 2653 sit
3642 2599 3795 2654 facile
3835 2615 3901 2655 ac
3938 2620 3977 2672 p

2457 2680 2593 2737 clive
2634 2683 2882 2741 exitium.
2926 2685 3003 2739 Tu
3050 2694 3252 2753 autem,
3305 2688 3349 2743 si
3397 2688 3451 2742 in
3502 2690 3713 2745 civitate
3757 2691 3943 2762 aliqua

2458 2771 2811 2854 habitaturus,
2835 2775 2902 2831 de
2928 2790 3052 2832 aere
3077 2778 3288 2834 curiose
3313 2779 3557 2850 inquiris,
3590 2797 3655 2835 an
3684 2782 3753 2835 sit
3783 2783 3978 2838 salubr

2456 2879 2521 2918 an
2553 2875 2876 2936 temperatus
2897 2911 2911 2934 ,
2941 2884 3007 2922 an
3035 2870 3207 2925 siccus
3231 2888 3245 2923 :
3276 2870 3341 2925 de
3367 2873 3542 2926 anima
3569 2885 3743 2926 autem
3782 2875 3971 2929 ration

2454 2955 2701 3019 initurus,
2734 2974 2839 3012 non
2865 2974 2925 3015 es
2943 2960 3206 3016 sollicitus
3222 2961 3291 3016 de
3314 2976 3497 3017 eorum
3520 2964 3938 3031 consuetudine,
3973 2988 3978 3018 ο

2452 3060 2572 3101 cum
2600 3062 2661 3102 ea
2688 3058 2810 3103 sunt
2836 3051 3201 3119 congressuri;
3228 3052 3321 3107 sed
3351 3062 3549 3108 temere
3569 3062 3622 3108 et
3652 3054 3977 3111 inconsider

2452 3153 2569 3193 eam
2601 3141 2846 3194 omnibus
2877 3143 3141 3211 permittis
3163 3142 3185 3194 ?
3206 3143 3397 3210 Quam,
3426 3160 3630 3213 quteso,
3662 3145 3872 3200 veniam
3901 3162 3977 3202 as

2450 3231 2629 3301 qneris
2650 3273 2665 3298 ,
2693 3233 2781 3303 qui
2809 3248 2926 3287 cam
2955 3234 3033 3289 sic
3060 3235 3318 3305 negligis?
3348 3236 3623 3292 Undenam
3648 3237 3936 3294 existimas
3966 3258 3978 3297 ς

2450 3322 2537 3391 qui
2570 3321 2779 3377 deserta
2818 3325 3091 3394 incolunt,
3123 3325 3464 3381 admirabiles
3490 3338 3543 3382 et
3568 3327 3740 3383 claros
3771 3332 3978 3411 evader

2451 3429 2631 3469 nonne
2668 3416 2809 3485 quod
2852 3418 3105 3487 strepitus
3144 3428 3197 3473 et
3242 3417 3350 3474 fora
3403 3418 3647 3492 fugiant?
3682 3436 3859 3477 nonne
3899 3439 3978 3495 qu

2448 3506 2603 3577 longe
2624 3522 2653 3560 a
2685 3509 2827 3565 fumo
2856 3513 3213 3581 negotiorum,
3240 3528 3358 3583 qua:
3380 3524 3502 3567 sunt
3524 3513 3574 3567 in
3602 3513 3776 3569 medio
3795 3556 3808 3578 ,
3840 3528 3904 3569 se
3934 3531 3978 3569 Ct

2446 3596 2710 3654 locarim?
2736 3602 2843 3658 Eos
2878 3605 2989 3673 ipse
3026 3620 3236 3675 quoque
3276 3605 3503 3670 imitare,
3530 3604 3582 3660 in
3609 3606 3781 3662 media
3821 3608 3978 3662 civit:

2447 3692 2785 3748 solitudinem
2810 3710 3154 3764 persequens.
3183 3697 3463 3766 Quomodo
3485 3711 3659 3753 autem
3688 3698 3787 3752 hoc
3815 3700 3925 3753 erit
3950 3700 3977 3751 Ἰν

2446 3780 2615 3851 fugias
2643 3784 2916 3853 improbos
2938 3827 2951 3852 ,
2985 3795 3039 3840 et
3062 3787 3106 3842 si
3137 3787 3307 3843 honos
3344 3789 3603 3858 sequaris.
3635 3788 3709 3843 Ita
3737 3789 3884 3844 enim
3929 3805 3978 3844 nt

2440 3875 2612 3945 jorem
2659 3878 2920 3948 percipies
2965 3882 3326 3947 securitatem,
3374 3894 3533 3950 quam
3577 3882 3667 3951 qui
3713 3880 3765 3935 in
3804 3879 3978 3937 deser

2444 3967 2719 4035 habitant,
2750 3985 2855 4025 nou
2878 3970 3048 4025 solum
3081 3971 3135 4025 in
3181 3972 3245 4025 iis
3276 3969 3536 4041 fugiendis
3562 3973 3647 4042 qui
3674 3970 3905 4039 lat-dunt,
3951 3989 3978 4025 ε

2442 4059 2600 4112 etiam
2629 4059 2680 4114 in
2707 4062 3153 4115 communicando
3179 4067 3299 4116 cum
3331 4063 3395 4116 iis
3420 4062 3507 4131 qui
3538 4070 3775 4130 prosunt.
3807 4060 3865 4117 Si
3895 4079 3977 4117 en:

2443 4151 2612 4206 malos
2642 4151 2854 4221 quidem
2885 4151 3075 4222 fugias,
3100 4153 3270 4209 bonos
3295 4164 3470 4208 autem
3496 4153 3756 4224 sequaris,
3785 4155 3977 4225 utrinq

2440 4251 2497 4298 et
2522 4242 2688 4297 virtus
2719 4252 2985 4312 augescet,
3029 4254 3084 4299 et
3112 4243 3387 4299 decrescet
3428 4245 3632 4300 vitium.
3661 4244 3738 4301 Ut-
3774 4244 3877 4300 hoc
3910 4262 3978 4300 er

2444 4332 2555 4397 flat,
2580 4332 2693 4389 Ιιεεο
2721 4332 2999 4398 faciamus,
3030 4346 3277 4404 parentes
3299 4336 3726 4407 psalmographo,
3753 4336 3841 4407 qui
3867 4337 3978 4392 dici

2444 4410 2705 4490 Quoniam
2745 4435 2831 4494 tu,
2864 4424 3097 4491 Domine,
3140 4428 3465 4499 singulariter
3505 4429 3557 4482 in
3596 4445 3687 4499 spe
3731 4429 3978 4483 constiIttt‘

2439 4533 2519 4571 me
2550 4521 2589 4570 ι.
2635 4517 2733 4574 llic
2775 4534 2902 4576 vero
2943 4519 3103 4576 liuent
3146 4521 3353 4577 dicendi
3388 4522 3597 4586 faciam,
3638 4535 3765 4576 eum
3795 4520 3978 4577 abund

2439 4617 2653 4684 opinor,
2681 4617 2980 4687 propositas
3008 4618 3331 4687 quaestiones
3360 4617 3696 4683 solt-erimus,
3738 4614 3978 4669 inClu-is

2437 4704 2563 4762 Jesu
2594 4707 2821 4763 Domino
2860 4718 3066 4775 nostro,
3094 4709 3176 4764 cui
3199 4709 3365 4780 gloria
3392 4719 3445 4764 et
3471 4708 3772 4778 imperium,
3800 4720 3953 4763 nunc

2438 4812 2669 4869 semper,
2702 4810 2756 4856 et
2783 4801 2834 4855 in
2862 4800 3053 4856 saecula
3084 4801 3418 4856 seculorum.
3452 4802 3645 4854 Amen.

2758 4912 3124 4969 EXPOSlTlO
3164 4913 3234 4969 ΙΝ
3272 4913 3595 4970 PSALMUM
3634 4914 3701 4970 ν.

2440 5023 2505 5079 1η
2554 5026 2705 5093 linem
2745 5044 2839 5099 pro
2893 5045 2951 5082 ea
3000 5044 3115 5101 qua:
3160 5030 3486 5084 hereditatem
3523 5032 3725 5102 accipit,
3785 5028 3978 5086 Psalm

2972 5120 3158 5175 Doridi
3196 5122 3269 5192 (υ.
3297 5122 3347 5194 l)
3385 5120 3482 5196 (α).

2511 5230 2562 5285 1.
2606 5228 2875 5289 Hereditas
2898 5249 3013 5304 quae
3034 5236 3178 5291 nobis
3205 5237 3380 5291 relicta
3416 5237 3577 5290 sit.—-
3596 5233 3885 5291 Videamus
3912 5251 3977 5306 pr

2501 5347 2519 5378 ⁸
2555 5347 2946 5423 883.
2969 5350 3137 5423 verba,
3171 5351 3236 5422 in.
3253 5363 3339 5415 spe
3696 5361 3788 5423 me,
3838 5348 3978 5423 adjici

2810 5410 2967 5483 gloria
2988 5418 3033 5483 e_t_
3062 5408 3474 5483 imperiumhetc.
3489 5411 3625 5483 Colb.
3651 5413 3698 5460 iu
3722 5409 3834 5483 hac
3851 5408 3977 5460 verb

2435 5468 2834 5583 constitgiati
2859 5473 3060 5535 desinit,
3098 5468 3153 5526 ut
3186 5482 3237 5526 et
3258 5468 3421 5535 Savil.,
3436 5478 3519 5538 qui
3538 5474 3800 5538 sequentia
3823 5474 3873 5522 iu
3894 5486 3978 5521 mat

2435 5544 2552 5583 tunc
2574 5544 2601 5581 a
2634 5546 2726 5583 seri
2765 5549 2777 5583 ι
2805 5571 2816 5583 .

2469 5533 2816 5606 iue‘adscribit.
2950 5597 2961 5606 _
3050 5533 3093 5606 '_
3318 5600 3328 5606 _
3385 5533 3413 5606 ρ
3453 5533 3467 5538 ”
3619 5533 3632 5538 ’
3898 5597 3925 5606 Α,

2433 5544 3009 5669 Βῃέἓ)ᾚῗ)ξῗξιξξέ,νθιςδο
3026 5602 3208 5669 primus
3229 5600 3397 5650 Psalmi
3428 5610 3598 5669 versus
3615 5608 3879 5669 perperam.
3894 5597 3978 5643 tittt

2435 5656 2573 5705 more
2605 5661 2798 5719 ponitur
2838 5660 2886 5708 in
2932 5656 3115 5719 Morel.,
3143 5676 3236 5711 non
3269 5671 3434 5711 autem
3458 5663 3505 5709 in
3541 5656 3679 5709 s'avil.
3704 5656 3767 5709 et
3787 5656 3973 5706 colbert

2436 5719 2649 5787 μηί.ρρδι
2667 5720 2860 5787 titulum
2878 5721 3046 5772 l‘salmi
3068 5727 3230 5775 statim
3252 5727 3445 5787 ponitur
3468 5726 3694 5785 primum.
3722 5727 3885 5778 Recte,
3908 5732 3977 5787 gn

2435 5781 2571 5830 initio
2588 5782 2953 5847 inscriptionem
2976 5799 3066 5838 seu
3092 5781 3285 5837 titulum
3308 5781 3492 5838 tantum
3510 5787 3856 5847 interpretatur
3873 5781 3978 5844 Chr;

2434 5851 2690 5895 δοειοηκιε.
