4178 6432
744 404 813 461 61
1463 398 1523 456 8.
1564 396 1849 457 JOANNIS
1885 394 2385 456 CHRYSOSTOII
2435 398 2753 457 ARCHIEP.
2796 400 3346 459 CONS‘I'ANTINOP.
3554 456 3559 459 Α
3922 401 3987 456 62

740 517 837 572 καὶ
862 516 993 587 ἡμῖν
1026 513 1334 570 ἐπιϐάλλει·
1366 515 1553 570 ἐπειτα
1575 516 1668 577 τὸν
1694 518 1883 589 χρόνον
1921 518 2042 573 καθ’
2078 518 2138 573 δν
2169 516 2308 571 δίδο-

734 620 849 660 1ται.
881 606 993 659 Καὶ
1024 604 1090 674 δή
1133 602 1353 669 ἄτοπον,
1395 604 1661 677 διαθήκης
1700 608 1798 677 μέν
1839 608 2137 680 χρημάτων
2179 609 2307 679 ὑμῖν

734 694 1207 765 ἀπαγγελθείσης,
1253 694 1328 760 ὡς
1361 697 1743 766 προσήκοντος
1773 700 1905 768 ήμῖν
1938 697 2030 752 τοῦ
2076 699 2303 772 κλήρου,

736 785 1194 857 περιεργάζεσθαι
1236 786 1329 838 καὶ
1361 786 1835 858 πολυπραγμονεῖν
1854 830 1868 851 ,
1899 790 1992 842 καὶ
2018 789 2089 843 τὰ
2125 790 2305 862 γράμ-

735 893 882 946 ματα
908 875 1200 947 ἐπιζητεῖν,
1230 876 1326 929 καὶ
1348 876 1607 949 ἀργύριον
1636 878 2011 946 καταϐάλλειν,
2043 882 2137 934 καὶ
2168 898 2303 952 χαρ-

730 971 865 1035 τίοις
898 970 1199 1038 προσιέναι.
1235 969 1327 1024 καὶ
1360 970 1712 1041 ἀντιγράφειν
1742 971 1813 1025 τὰ
1854 972 2297 1044 ἐγγεγραμμένα,

729 1064 826 1117 καὶ
865 1064 1045 1116 πᾶσαν
1087 1061 1487 1115 ἐπιδείκνυσθαι
1529 1063 1795 1135 σπουδήν
1836 1064 2069 1118 ἐνταῦθα
2103 1067 2161 1119 δέ
2190 1064 2298 1118 τῶν

728 1155 1000 1224 διαθηκῶν
1028 1152 1413 1225 πνευματικῶν
1438 1165 1465 1193 ι
1488 1156 1568 1217 είς
1609 1154 1770 1224 μέσον
1788 1155 2184 1227 προκειμένων,
2204 1158 2298 1211 καὶ

726 1245 836 1298 τῶν
872 1245 1067 1315 βίϐλων
1096 1245 1287 1298 πασῶν
1334 1245 1717 1316 ἀνεῳγμένων,
1748 1246 2013 1317 ῥᾳθυμεῖν
2047 1248 2139 1301 καὶ
2165 1249 2297 1301 ἀνα-

725 1338 1094 1401 πεπτωκέναι,
1126 1337 1219 1390 καὶ
1251 1336 1420 1390 ταῦτα
1462 1338 1562 1407 τῆς
1598 1339 1959 1409 κληρονομίας
1996 1340 2099 1394 οὑκ
2130 1340 2295 1414 οὔσης

724 1426 1007 1496 αίσθητῆς.
1029 1426 1351 1497 Προσίωμεν
1369 1428 1568 1493 τοίνυν,
1594 1430 1684 1482 καὶ
1710 1431 2014 1502 ἀνοίγωμεν
2032 1433 2100 1486 τὰ
2121 1448 2295 1505 γραμ-

727 1519 949 1589 ματεῖα,
982 1516 1076 1569 καὶ
1117 1516 1475 1587 ἐγκύπτωμεν
1503 1520 1615 1582 τοῖς
1643 1522 2157 1592 ἐγγεγραμμένοις,
2198 1525 2292 1579 καὶ

724 1608 920 1677 ἴδωμεν
948 1606 1039 1659 ἐπὶ
1068 1606 1207 1659 τίσιν
1232 1608 1362 1676 ἡμῖν
1385 1609 1414 1660 6
1437 1607 1638 1679 κλῆρος
1665 1604 1815 1673 οὗτος
1847 1612 2288 1681 καταλέλειπται,

719 1700 815 1752 xal
840 1698 924 1761 τίς
955 1699 989 1768 ή
1028 1696 1123 1751 τοῦ
1166 1698 1368 1768 κλήρου
1397 1698 1576 1767 φύσις.
1616 1701 1691 1753 υὺ
1726 1701 1833 1773 γὰρ
1860 1703 2047 1767 ἀπλῶς
2080 1706 2283 1759 κατέλι.

718 1806 818 1842 πεν
851 1792 981 1859 ἡμῖν
1029 1789 1121 1842 τὸν
1152 1789 1379 1860 κλῆρον,
1415 1790 1529 1843 ἀλλ’
1563 1792 1648 1859 ἐφ’
1692 1793 1905 1864 αἱρέσει
1940 1796 1970 1835 δ
1998 1796 2123 1850 τινί.
2154 1798 2291 1869 Ποίᾳ

717 1878 781 1949 δὴ
798 1878 968 1947 ταύτῃ
994 1894 1008 1941 ;
1038 1878 1098 1931 Ὀ
1114 1876 1359 1947 ἀγαπῶν
1383 1895 1479 1948 με,
1492 1881 1644 1949 φησὶ,
1664 1881 1770 1947 τὰς
1787 1882 2039 1948 ἐντολάς
2048 1884 2287 1957 μουβθ]

717 1966 981 2037 τηρήσει.
1013 1966 1121 2019 Καὶ
1149 1964 1329 2027 πάλιν,
1360 1968 1463 2030 Ὃς
1482 1969 1593 2020 οὐκ
1620 1966 1735 2036 ἄρῃ
1761 1970 1867 2021 τὸν
1894 1970 2158 2038 σταυρὸν
2178 1973 2283 2025 αὑ-

716 2051 842 2115 τοῦ,
861 2052 957 2105 καί
985 2048 1291 2118 ἀκολουθῇ
1318 2052 1509 2105 ὀπίσω
1535 2070 1654 2120 μου
1679 2067 1693 2081 ⁸
1735 2055 1826 2108 καὶ
1856 2054 2016 2126 ἕτερα
2044 2056 2285 2125 πλείονα,

715 2135 859 2208 ἅπερ
891 2138 956 2208 τῇ
984 2128 1228 2210 Διαθήκῃ
1271 2137 1663 2206 ἐγγέγραπται.
1690 2140 1967 2211 Μάθωμεν
1995 2142 2050 2196 δέ
2076 2144 2170 2196 καὶ
2198 2145 2287 2198 τὸν

716 2224 925 2294 χρόνον,
959 2222 1082 2276 καθ’
1129 2222 1187 2276 δν
1231 2223 1497 2293 μέλλομεν
1548 2224 1721 2278 ταῦτα
1751 2227 2177 2297 ἀπολαμϐάνειν.
2210 2232 2284 2284 Οὐ

714 2311 824 2379 γὰρ
840 2311 870 2363 6
892 2307 1082 2380 παρών
1105 2310 1270 2374 ἐστιν,
1290 2309 1404 2363 ἀλλ’
1426 2313 1455 2363 6
1479 2312 1711 2381 μέλλων·
1733 2313 1931 2381 μᾶλλον
1946 2314 2002 2367 δέ
2019 2316 2112 2369 καί
2132 2320 2159 2371 6
2184 2335 2287 2372 πα-

717 2393 826 2467 ρὼν
854 2395 952 2449 καὶ
971 2397 1000 2450 6
1025 2394 1252 2465 μέλλων.
1278 2397 1519 2465 Ζητεῖτε
1545 2399 1652 2469 γὰρ
1683 2399 1797 2465 τὴν
1821 2401 2150 2464 βασιλείαν
2178 2406 2285 2459 τοῦ

715 2482 886 2546 Θεοῦ,
901 2482 1000 2536 καί
1022 2482 1206 2537 ταῦτα
1230 2482 1425 2537 πάντα
1445 2484 1917 2553 προστεθήσεται
1938 2488 2080 2556 ὑμῖν
2099 2506 2111 2519 ·
2140 2490 2201 2543 16
2229 2491 2285 2544 δέ

712 2570 1003 2643 ὁλόκληρον
1031 2572 1172 2625 τότε.
1216 2569 1432 2642 Ἐπειδὴ
1456 2572 1565 2643 γὰρ
1590 2574 1619 2625 6
1649 2574 1838 2643 παρὼν
1862 2574 1974 2644 βίος
1999 2579 2283 2650 ἐπίκηρος,

712 2656 808 2710 καὶ
826 2654 1177 2727 ἀτελέστερον
1202 2656 1283 2709 ἔτι
1294 2656 1639 2728 διακείμεθα,
1658 2660 1794 2732 ὅπερ
1820 2660 2061 2715 ποιοῦσιν
2080 2666 2129 2717 οί
2154 2664 2285 2729 ἐξω-

714 2743 806 2797 θεν
840 2743 1147 2814 νομοθέται,
1181 2744 1276 2796 καὶ⁵
1317 2743 1541 2807 τελείοις
1572 2748 1883 2817 γενομένοις
1918 2751 2283 2819 ἐγχειρίζουσι

711 2829 811 2900 τήν
845 2829 1105 2900 πατρῴαν
1136 2829 1357 2892 οὐσίαν,
1389 2830 1548 2884 τοῦτο
1590 2833 1685 2885 καὶ
1727 2835 1756 2887 6
1790 2834 1922 2897 Θεὸς
1965 2837 2278 2905 ἐργάζεται.

724 2916 971 2969 Ἐπειδὰν
993 2918 1072 2978 είς
1100 2915 1271 2987 ἀνδρα
1288 2916 1489 2970 τέλειον
1509 2920 1603 2972 καὶ
1624 2920 1820 2991 μέτρον
1845 2922 2058 2991 ἡλικίας
2085 2942 2283 2979 καταν-

708 3004 984 3074 τήσωμεν,
1012 3002 1108 3056 καὶ
1139 3003 1275 3073 πρὸς
1306 3001 1399 3055 τὸν
1447 3004 1721 3076 ἀκήρατον
1757 3009 2109 3080 μεταστῶμεν
2144 3011 2277 3080 βίον,

710 3092 829 3145 τότε
861 3094 992 3162 ήμίν
1019 3091 1314 3163 ἐγχειρίζει
1338 3092 1429 3147 τὸν
1452 3092 1648 3164 κλῆρον
1683 3094 1909 3149 ἐκεῖνον.
1942 3096 2091 3160 Τέως
2116 3097 2172 3151 δέ
2198 3099 2279 3152 δι-

710 3177 882 3239 έθετο.
898 3179 990 3233 καὶ
1010 3177 1080 3232 τὰ
1096 3179 1398 3250 γράμματα
1414 3181 1544 3251 ἡμῖν
1564 3179 1841 3247 κατέλιπε,
1860 3182 1955 3237 καὶ
1975 3183 2097 3236 τίνα
2113 3186 2281 3256 πράτ-

709 3280 893 3329 τοντες
917 3265 1309 3335 ἐπιτευξόμεθα
1340 3266 1439 3336 τῆς
1464 3267 1823 3338 κληρονομίας
1845 3263 2016 3330 εἶπεν,
2037 3268 2179 3322 ὥστε
2206 3273 2279 3343 μὴ

713 3351 992 3414 ἐκπεσεῖν,
1023 3351 1155 3422 μηδὲ
1181 3352 1655 3424 ἀποκληρονόμους
1678 3354 1946 3422 γενέσθαι.
1982 3354 2045 3409 El
2073 3357 2131 3409 δέ
2159 3374 2281 3410 τινα

711 3437 927 3508 θορυϐεῖ
944 3437 1004 3490 τὸ
1028 3438 1251 3509 μηδέπω
1266 3439 1500 3500 τελείους
1522 3440 1669 3509 ἡμᾶς
1687 3436 1847 3501 εἰναι,
1866 3444 1960 3494 καὶ
1985 3444 2279 3497 ὑποπτεύει

709 3524 778 3578 τὰ
822 3524 1121 3595 είρημένα,
1170 3524 1518 3577 ἀκουέτωσαν
1573 3522 1787 3579 Παύλου
1828 3527 2103 3596 λέγοντοςο
2140 3530 2279 3584 Ὅτε

706 3608 870 3679 ἤμην
888 3612 1123 3677 νήπιος.
1136 3610 1220 3675 ὡς
1240 3608 1456 3675 νήπιος
1478 3608 1763 3675 ἐλάλουν,
1780 3612 1861 3677 ὼς
1880 3613 2098 3680 νήπιος
2111 3614 2281 3684 ἐφρό-

708 3712 876 3759 νουν,
908 3696 987 3762 ὡς
1010 3696 1223 3762 νήπιος
1245 3694 1620 3765 ἐλογιζόμην·
1649 3696 1746 3751 ὅτε
1771 3698 1841 3752 δὲ
1859 3699 2075 3769 γέγονα
2098 3702 2274 3770 ἀνὴρ,

707 3782 1053 3851 κατήργηκα
1078 3780 1151 3835 τὰ
1176 3782 1284 3836 τοῦ
1309 3784 1531 3851 νηπίου
1551 3800 1565 3815 ο
1600 3785 1725 3855 περὶ
1762 3784 1858 3838 τοῦ
1890 3788 2155 3855 παρόντος
2183 3790 2277 3842 καὶ

705 3867 799 3921 τοῦ
832 3868 1112 3937 μέλλοντος
1136 3867 1329 3932 αίῶνος
1352 3868 1759 3940 διαλεγομένου.
1797 3873 1907 3926 Kal
1934 3874 2097 3928 πάλιν
2116 3891 2131 3905 ⁸
2163 3878 2274 3931 M6-

705 3972 837 4023 χρις
880 3951 951 4011 οὗ
990 3956 1451 4026 καταντήσωμεν
1482 3961 1537 4010 οι
1566 3957 1791 4017 πάντες
1832 3962 1921 4024 είς
1952 3960 2141 4030 ἄνδρα
2184 3963 2276 4017 τέ-

703 4045 889 4104 λειον,
919 4044 1005 4108 είς
1024 4041 1241 4111 μέτρον
1271 4044 1526 4110 ἡλικίας.
1565 4045 1654 4097 Ἐν
1684 4046 1786 4115 μὲν
1813 4049 1922 4118 γὰρ
1943 4048 2021 4118 τῷ
2046 4050 2274 4119 παρόντι

708 4127 827 4199 βίῳ,
878 4129 1031 4198 φησὶ,
1084 4129 1335 4201 καθάπερ
1387 4131 1537 4213 παρά
1582 4132 1765 4203 τροφῷ
1800 4149 1936 4195 τινι,
1990 4138 2055 4206 τῇ
2100 4137 2273 4191 κτίσει

704 4214 876 4285 ταύτῃ
907 4214 1321 4285 ἀνατρεφόμεθα
1344 4232 1356 4247 ·
1402 4217 1623 4269 ἐπειδὰν
1653 4217 1708 4270 δὲ
1750 4218 2032 4290 μέλλωμεν
2067 4224 2147 4286 είς
2175 4224 2274 4295 τὴν

704 4300 1026 4373 δεσποτικὴν
1046 4302 1275 4369 ἄγεσθαι
1299 4304 1494 4369 οἰκίαν,
1517 4304 1585 4357 τὰ
1615 4304 1804 4373 ίμάτια
1832 4306 2275 4382 ἀπαμφιεννύμε⁶

704 4405 783 4441 νοι
823 4387 925 4459 τῆς
973 4388 1213 4461 φθορᾶς,
1268 4390 1363 4442 καὶ
1415 4389 1722 4460 ἀφθαρσίαν
1770 4392 2271 4465 ἀναλαμϐάνοντες,

694 4474 837 4547 ’πρὸς
884 4476 1079 4546 ἑτέραν
1135 4476 1507 4547 μιιεθιειτδιμεθπι
1548 4478 1721 4545 λῆξιν’
1764 4478 1911 4551 Αὕτη
1958 4483 1992 4553 ἡ
2038 4483 2270 4558 διαθήκη

702 4563 797 4617 καὶ⁵
827 4563 1170 4635 ἀποκλήρους
1200 4574 1223 4603 ο
1271 4564 1496 4627 πολλοὺς
1525 4564 1784 4636 ἠπείλησε
1824 4572 2018 4633 ποιεῖν,
2052 4571 2147 4625 ἐὰν
2178 4575 2272 4628 ἀν-

702 4648 842 4713 άξιοι
884 4651 1145 4718 γένωνται
1186 4649 1293 4703 τῶν
1342 4651 1605 4721 αἱρέσεων
1636 4653 1745 4707 τῶν
1784 4656 2268 4729 ἐγγεγραμμένων.

713 4734 853 4788 Ἀλλ’
906 4735 1101 4806 ἴδωμεν
1140 4735 1223 4800 τίς
1265 4738 1411 4790 ἐστιν
1458 4740 1485 4791 6
1527 4738 1727 4809 κλῆρος
1759 4740 1961 4798 λοιπόν.
2011 4746 2072 4797 Ἀ
2118 4744 2272 4813 μήτε

698 4821 1002 4892 ὀφθαλμὸς
1036 4818 1175 4888 εἶδε,
1205 4822 1357 4893 μήτε
1384 4822 1494 4891 οὖς
1524 4825 1771 4894 ἤκουσε,
1802 4829 1953 4897 μήτε
1993 4832 2091 4885 ἐπί
2130 4851 2270 4901 καρ-

700 4908 839 4963 δίαν
868 4910 1180 4975 ἀνθρώπου
1211 4911 1415 4978 ἀνέϐη.
1459 4912 1579 4975 Πῶς
1614 4913 1790 4967 τοίνυν
1826 4917 2125 4989 ἐμέλλομεν
2170 4920 2270 4992 τὴν

702 4999 897 5070 χρῆσιν
920 5001 1122 5055 τούτων
1152 5001 1448 5073 λαμϐάνειν
1477 5006 1535 5057 ἐν
1563 5005 1642 5075 τῷ
1673 5007 1897 5075 παρόντι
1922 5007 2041 5079 βίῳ,
2076 5002 2149 5064 ὧν
2175 5013 2268 5065 καὶ

701 5087 736 5154 ή
767 5086 965 5153 γνῶσις
990 5088 1301 5159 ὑπερϐαίνει
1325 5090 1423 5160 τὴν
1444 5090 1681 5145 διάνοιαν
1712 5093 1809 5163 τὴν
1842 5096 2145 5166 ήμετέρανς
2170 5098 2266 5151 Διά

696 5174 856 5225 τοῦτο
874 5176 1005 5244 ἡμῖν
1031 5177 1144 5228 ἐκεῖ
1171 5177 1538 5246 τεταμίευται.
1563 5178 1666 5231 Καὶ
1696 5180 1797 5250 ὅρα
1822 5182 1921 5250 τὴν
1942 5182 2266 5254 κηδεμονίαν

696 5260 795 5329 τὴν
823 5260 1040 5330 πολλήν.
1078 5263 1215 5325 Τοὺς
1256 5263 1353 5332 μὲν
1395 5266 1587 5329 πόνους
1618 5269 1685 5338 τῇ
1718 5267 1966 5341 παρούσῃ
2012 5273 2266 5344 συνεκλή-

699 5362 841 5416 ρωσε
866 5346 998 5418 ζωῇ,
1022 5347 1159 5408 ὥστε
1181 5353 1248 5421 τῇ
1272 5350 1566 5423 βραχύτητι
1586 5355 1677 5407 τοῦ
1705 5356 1895 5427 χρόνου
1929 5360 2265 5427 συγκαταλυ-

760 5527 797 5604 ⁸¹
823 5528 1159 5604 ῐΙνευματικὶιξν
1181 5529 1326 5578 deest
1365 5533 1414 5579 in
1452 5532 1602 5583 Savil.
1628 5542 1680 5585 et
1702 5534 1750 5584 in
1770 5536 1896 5601 Reg.
1928 5538 2055 5588 Infra
2093 5541 2260 5604 iidem,

695 5588 1031 5650 ἀνοίγωμεντὰ
1052 5590 1338 5663 γράμματα..
1634 5661 1638 5665 _
1845 5588 1875 5601 ν
2098 5588 2105 5590 ἡ
2140 5588 2260 5604 ἥτ’

695 5648 950 5758 malum
972 5662 1138 5699 vocem
1156 5653 1253 5713 jam
1275 5652 1753 5715 ahquoliesvidsmus
1771 5672 1861 5721 pro
1869 5667 2010 5726 pacto
2028 5660 2261 5714 conditio-

694 5723 940 5835 “ﬁnes.
969 5771 1402 5835 ἀποκληρονὸμους,
1423 5777 1599 5828 eodem
1622 5793 1789 5831 sensu.

2414 514 2567 583 θῆναι
2605 519 2669 572 16
2713 519 3041 589 ἐπίμοχθον’
3088 519 3157 572 τά
3199 518 3255 572 δέ
3299 517 3481 587 ἀγαθά
3524 518 3585 571 ἐν
3624 516 3703 589 τῷ
3745 516 3985 587 μέλλοντι

2410 607 2769 677 ἐταμιεύσατο
2792 609 2946 663 αίῶνι
2969 651 2984 673 ,
3017 610 3157 663 ῶστε
3187 609 3265 679 τῷ
3296 610 3488 679 ἀγήρῳ
3526 606 3984 678 συμπαρεκτείνε-

2412 698 2535 751 σθαι
2563 701 2662 762 τάς
2689 701 2941 771 ἀμοιϐάς.
2992 702 3238 771 Ἐκείνην
3272 700 3371 772 τὴν
3402 700 3556 769 λῆξιν
3587 701 3680 753 καὶ
3712 698 3986 769 βασιλείαν

2408 786 2579 840 καλεῖ.
2606 788 2669 839 Εί
2700 788 2805 858 γὰρ
2833 790 2927 841 καὶ
2951 788 3267 860 ὑπερϐαίνει
3299 789 3478 858 λόγον,
3506 788 3619 842 ἀλλ’
3659 789 3808 859 δμως
3844 788 3985 843 κατά

2406 876 2469 929 τὸ
2494 878 2768 949 ἐγχωροῦν
2796 874 2928 949 ήμῖν
2957 879 3212 944 ἀκοῦσαι,
3240 879 3576 951 παρῃνίξατο
3600 880 3668 933 τὰ
3699 880 3985 944 μέλλοντα,

2404 966 2501 1021 νῦν
2523 970 2639 1038 μέν,
2655 970 2791 1039 ὅπερ
2805 970 2975 1040 ἔφθην
2991 971 3180 1031 είπὼν,
3200 971 3475 1041 βασιλείαν
3492 971 3689 1035 καλῶν,
3711 970 3804 1024 νῦν
3821 971 3877 1023 δέ
3893 972 3984 1039 γά-

2407 1072 2527 1125 μον,
2550 1057 2644 1110 νῦν
2667 1059 2859 1129 ἀρχὴν,
2887 1061 2995 1113 ἀπὸ
3018 1060 3126 1112 τῶν
3143 1060 3385 1131 φαιδρῶν
3404 1060 3515 1113 τῶν
3552 1063 3678 1131 παρ’
3705 1064 3841 1131 ἡμῖν
3869 1062 3985 1113 ὀνο·

2405 1148 2591 1218 μάτων
2617 1151 2956 1220 παρανοίγων
2974 1153 3106 1221 ήμῖν
3128 1151 3224 1209 τὴν
3247 1152 3375 1221 περὶ
3389 1152 3611 1203 ἐκείνων
3632 1150 3860 1216 ἔννοιαν,
3884 1150 3986 1220 τὴν

2401 1239 2615 1294 αἰώνιον
2643 1240 2827 1306 δόξαν,
2853 1242 2953 1310 τὴν
2978 1244 3252 1312 ἀκήρατον
3289 1242 3685 1313 μακαριότητα,
3714 1242 3814 1312 τὴν
3843 1243 3986 1312 μετά

2398 1330 2637 1401 Χριστοῦ
2662 1322 2958 1405 διαγωγὴν,
2984 1329 3052 1404 ἦς
3074 1336 3229 1389 οὐδὲν
3256 1336 3321 1389 ἀν
3348 1337 3558 1405 γένοιτο
3580 1335 3713 1388 ῖσον.
3742 1333 3901 1397 Τίνες
3925 1334 3986 1388 δέ

2398 1422 2492 1476 καὶ
2519 1423 2577 1475 αί
2609 1423 2850 1495 αἱρέσεις
2882 1426 2981 1495 τῆς
3023 1424 3379 1494 Ἐκκλησίας,
3408 1424 3607 1496 μᾶλλον
3634 1423 3691 1478 δέ
3715 1423 3816 1493 τῆς
3846 1424 3982 1495 κλη-

2398 1514 2682 1586 ρονομίας;
2726 1516 2894 1569 υὺδέν
2929 1517 3187 1587 φορτικὸν
3225 1517 3467 1587 εχουσαι.
3520 1517 3579 1569 Ἀ
3613 1515 3815 1570 θέλετε
3854 1515 3981 1578 ἵνα,

2398 1606 2553 1675 φησι,
2586 1604 2843 1660 ποιῶσιν
2870 1607 3012 1675 ὑμῖν
3042 1609 3097 1661 οί
3124 1608 3438 1677 ἄνθρωποι,
3471 1602 3659 1661 ταῦτα
3687 1605 3786 1659 καί
3808 1601 3983 1673 ὑμεῖς

2395 1694 2613 1749 ποιεῖτε
2636 1696 2858 1762 αὐτοῖς.
2885 1696 2999 1768 [50]
3023 1699 3183 1768 Ὁρᾷς
3206 1698 3321 1761 πῶς
3340 1697 3494 1751 οὑδέν
3513 1697 3661 1763 ξένον
3684 1696 3985 1766 ἐπεισήγα-

2395 1799 2511 1850 γεν,
2530 1782 2647 1835 ἀλλ’
2668 1782 2705 1837 ἀ
2727 1784 3071 1855 προλαϐοῦσα
3098 1786 3132 1855 ή
3163 1784 3322 1853 φύσις
3349 1782 3739 1855 ἐνομοθέτησεν
3756 1784 3985 1855 ;“”Απερ

2395 1873 2578 1936 αὐτὸς,
2596 1876 2750 1944 φησὶ,
2768 1874 3019 1943 γενέσθαι
3036 1874 3209 1937 θέλεις
3239 1873 3391 1945 παρὰ
3410 1873 3520 1927 τῶν
3540 1873 3767 1942 πλησίον
3788 1873 3869 1935 είς
3891 1872 3984 1934 σέ,

2393 1962 2565 2015 ταῦτα
2594 1963 2687 2015 καὶ
2713 1964 2873 2027 αὐτὸς
2892 1964 3139 2034 ἐργασαι.
3165 1963 3351 2025 Θέλεις
3372 1962 3713 2016 ἐπαινεῖσθαι
3734 1978 3748 2026 ;
3789 1959 3983 2015 Ἐπαί-

2393 2068 2492 2106 νει.
2524 2052 2711 2116 Θέλεις
2744 2054 2819 2123 μὴ
2856 2051 3231 2123 ἀρπάζεσθαι;
3267 2054 3359 2125 Μὴ
3402 2052 3639 2123 ἀρπαζε.
3670 2052 3856 2114 Θέλεις
3892 2066 3975 2104 τι·

2395 2142 2631 2213 μᾶσθαι;
2662 2143 2831 2213 Τίμα.
2862 2143 3046 2207 Θέλεις
3084 2143 3385 2209 ἐλεεῖσθαι;
3431 2144 3621 2198 Ἐλέει.
3661 2143 3847 2205 Θέλεις
3881 2159 3973 2211 φιο

2390 2235 2637 2302 λεῖσθαι;
2674 2238 2845 2291 Φίλει.
2876 2237 3058 2300 Θέλεις
3096 2236 3170 2308 μὴ
3202 2237 3421 2291 ἀκούειν
3466 2234 3687 2299 κακῶς;
3721 2232 3874 2291 Μηδέ
3906 2234 3980 2287 σὺ

2391 2325 2573 2399 εἴπῃς.
2611 2324 2716 2377 Καὶ
2753 2326 2854 2397 δρα
2894 2327 2994 2394 τὴν
3037 2325 3343 2396 ἀκρίϐειαν,
3391 2326 3506 2378 Οὐκ
3546 2320 3891 2385 εῐπεν,”οσα
3909 2324 3978 2376 οὑ

2393 2410 2573 2471 θέλετε
2609 2418 2695 2472 ῐνα
2734 2417 2969 2480 ποιῶσι,
2995 2417 3130 2487 μηδέ
3163 2419 3320 2487 ὑμεῖς
3349 2420 3574 2481 ποιεῖτε,
3626 2415 3757 2484 ἀλλ’,
3789 2416 3851 2469 Ἀ
3877 2414 3981 2468 θβι

2389 2512 2546 2564 “te.
2589 2509 2807 2579 Ἐπειδὴ
2845 2510 2956 2579 γὰρ
2982 2508 3076 2561 δύο
3104 2509 3243 2561 είσὶν
3276 2508 3385 2561 ὁδοὶ
3415 2508 3549 2579 πρὸς
3577 2508 3780 2578 ἀρετὴν
3804 2507 3980 2573 ἄγου-

2392 2616 2505 2663 σαι,
2556 2600 2653 2669 μία
2689 2599 2787 2670 μὶν
2825 2601 2857 2670 ή
2906 2598 3193 2668 ἀπαλλαγὴ
3225 2599 3324 2668 τῆς
3357 2599 3589 2661 κακίας,
3636 2597 3799 2667 ἑτέρα
3841 2595 3898 2649 δέ
3936 2600 3977 2670 ἡ

2388 2690 2621 2761 ἐργασία
2651 2689 2758 2741 τῶν
2798 2688 3029 2759 ἀρετῶν,
3071 2688 3273 2760 ταύτην
3308 2687 3617 2758 προτίθησι,
3651 2687 3738 2740 διὰ.
3766 2686 3977 2757 ταύτης

2372 2779 2646 2849 κάκείνην
2676 2778 2839 2851 δήλην
2869 2778 3038 2833 ποιῶν
3064 2795 3079 2810 ο
3114 2779 3207 2832 καὶ
3243 2781 3340 2849 τὴν
3372 2780 3471 2851 μέν
3498 2779 3716 2850 ᾐνίξατο
3751 2780 3829 2849 τῷ
3877 2778 3977 2832 λέ-

2387 2887 2527 2939 γειν,
2553 2870 2620 2925 Ὀ
2636 2875 2833 2941 μισεῖς,
2849 2870 2995 2943 ἄλλῳ
3018 2871 3092 2941 μὴ
3124 2872 3357 2941 ποιήσῃς
3377 2887 3392 2903 ο
3419 2870 3519 2941 τὴν
3545 2870 3601 2923 δέ
3633 2871 3819 2940 σαφῶς
3843 2871 3978 2939 ἐδή-

2388 2959 2557 3012 λωσεν
2588 2956 2778 3025 εἰπὼν,
2807 2961 2957 3014 Ὅσα
2982 2960 3185 3014 θέλετε
3206 2961 3307 3013 ῖνα
3336 2960 3591 3015 ποιῶσιν
3614 2962 3757 3032 ὑμῖν
3781 2964 3835 3015 οἱ
3860 2960 3975 3014 ἀν-

2387 3050 2726 3117 θρωποι,καί
2750 3050 2919 3118 ὑμεῖς
2938 3050 3158 3103 ποιεῖτε
3176 3050 3399 3116 αὐτοῖς.

2458 3136 2522 3206 β’.
2545 3138 2699 3190 Ἐστι
2720 3140 2815 3191 καὶ
2846 3138 2978 3208 ἀλλη
3014 3138 3243 3209 αἵρεσις.
3275 3138 3411 3192 Ποία
3446 3138 3504 3192 δὲ
3530 3138 3699 3208 αὖτης
3729 3139 3804 3192 T6
3828 3140 3977 3209 ἀγα-

2387 3232 2494 3299 πᾷν
2515 3229 2608 3283 τὸν
2638 3230 2886 3301 πλησίον,
2902 3230 2977 3294 ὡς
2994 3232 3216 3290 ἑαυτόν.
3240 3231 3306 3284 Τί
3331 3230 3520 3285 τούτου
3554 3231 3751 3299 γένοιτ’
3774 3232 3841 3286 ἀν
3873 3233 3977 3286 εύ-

2382 3318 2717 3391 κοὶῶτερονς
2744 3322 2819 3374 T6
2848 3320 2958 3391 γάρ
2988 3324 3167 3392 μισεῖν
3196 3321 3429 3392 ἐπαχθὲς
3461 3324 3555 3375 καὶ
3583 3322 3845 3391 θορύϐους
3864 3325 3975 3392 ἐμ-

2386 3410 2576 3464 ποιοῦν
2596 3430 2611 3443 σ
2646 3414 2709 3465 16
2737 3413 2795 3465 δὲ
2822 3412 2998 3475 φιλεῖν
3033 3406 3252 3466 εῦκολον
3285 3418 3380 3466 καὶ
3406 3414 3605 3485 ῥᾴδιον.
3638 3416 3749 3467 Kal
3775 3414 3892 3485 γὰρ
3912 3418 3974 3470 ει

2387 3503 2485 3571 μὲν
2504 3499 2677 3568 εἶπεν,
2692 3502 3163 3575 ’Δνθρωποιδντες
3175 3504 3377 3573 φιλεῖτε
3402 3504 3590 3575 θηρία,
3613 3505 3869 3559 δύσκολον
3894 3501 3973 3577 ἦν

2382 3593 2443 3647 τὸ
2477 3593 2756 3663 ἐπίταγμα
2775 3613 2789 3627 ο
2813 3597 2862 3647 εί
2891 3595 2949 3647 δέ
2982 3595 3301 3667 ἀνθρώπους
3331 3596 3491 3659 ὄντας
3524 3595 3843 3668 ἀνθρώπους
3873 3614 3971 3665 φι-

2381 3688 2493 3741 λεῖν
2528 3687 2843 3749 ἐκέλευσεν,
2872 3686 3000 3739 ἔνθα
3030 3689 3126 3741 καὶ
3152 3686 3214 3739 16
3240 3687 3546 3758 δμοιούσιον
3577 3688 3671 3740 καὶ
3702 3689 3972 3755 συγγενὲς

2382 3777 2579 3848 πολλὴν
2602 3777 2841 3847 εἰσφέρει
2862 3778 3059 3847 ⁸ῥοπὴν,
3090 3777 3184 3830 καὶ
3206 3777 3357 3849 παρὰ
3380 3777 3478 3845 τῆς
3506 3777 3719 3846 φύσεως
3751 3779 3785 3849 ή
3818 3795 3972 3847 παρ-

2381 3867 2623 3931 αίνεσις,
2674 3866 2831 3920 ποίαν
2874 3867 2939 3920 ἂν
2992 3867 3104 3937 έχοι
3143 3867 3462 3932 δυσκολίαν;
3501 3869 3676 3937 Ὅπερ
3726 3869 3820 3920 καὶ
3865 3867 3970 3923 ἐπὶ

2380 3954 2609 4009 λεόντων
2638 3957 2731 4010 καὶ
2756 3956 2935 4010 λύκων
2963 3958 3175 4024 γίνεται
3195 3973 3211 3989 ’
3237 3958 3331 4011 καὶ
3356 3956 3465 4030 γὰρ
3491 3959 3585 4010 καὶ
3607 3960 3725 4011 ἐκεῖ
3741 3959 3802 4011 16
3828 3975 3971 4028 συγ-

2389 4046 2532 4115 γενὲς
2559 4046 2657 4116 τῆς
2684 4046 2896 4117 φύσεως
2929 4046 3145 4115 ἀγωγὸν
3178 4048 3258 4110 είς
3292 4047 3473 4115 φιλίαν
3507 4048 3641 4101 ἐστί.
3673 4049 3837 4101 Ποίαν
3864 4046 3968 4103 οὖν

2382 4139 2642 4208 σχοίημεν
2686 4139 2981 4207 ἀπολογίαν
3006 4179 3022 4205 ,
3077 4139 3295 4203 λέοντας
3337 4142 3435 4210 μὲν
3486 4140 3820 4211 ἡμεροῦντες
3864 4142 3970 4195 ml

2380 4232 2596 4295 ἐαυτοῖς
2630 4233 3045 4299 συνοικίζοντες,
3077 4235 3141 4287 16
3165 4234 3222 4288 δὲ
3247 4236 3505 4306 ὁμογενὲς
3546 4236 3620 4306 μὴ
3647 4234 3974 4306 ἐπισπώμε-

2378 4341 2494 4387 νοι;
2523 4325 2633 4395 Οὑχ
2658 4326 2841 4391 ὁρᾶτε,
2871 4326 2952 4379 ὅτι
2982 4325 3167 4379 πολλοὶ⁸
3194 4326 3281 4380 διὰ
3305 4326 3669 4397 κληρονομίαν
3695 4328 3965 4398 γέροντας

2378 4415 2651 4488 περιίασιν
2684 4416 3041 4487 ἀγρεύοντες,
3095 4418 3190 4471 καὶ
3240 4418 3455 4472 πάντων
3492 4419 3599 4472 τῶν
3634 4418 3728 4472 τοῦ
3765 4421 3963 4491 γήρως

2376 4509 2659 4579 ἀνέχονται
2694 4508 2900 4575 κακῶν,
2940 4508 3052 4563 νέοι
3079 4508 3230 4572 ὄντες
3255 4510 3349 4561 καὶ
3378 4510 3733 4579 σφριγῶντες,
3761 4509 3964 4564 ποδαλ-

2376 4598 2499 4666 γίας
2526 4600 2620 4653 καὶ
2647 4598 2756 4652 τῶν
2789 4600 2963 4653 ἄλλων
2990 4599 3099 4653 τῶν
3124 4603 3182 4654 ἐν
3212 4600 3288 4671 τῷ
3314 4603 3461 4673 γήρᾳ
3487 4603 3827 4672 νοσημάτων,
3861 4604 3962 4657 καὶ

2376 4690 2633 4761 κορύζης,
2657 4690 2745 4744 διὰ
2766 4689 2858 4743 τοῦ
2881 4691 3264 4763 προσεδρεύειν
3283 4693 3544 4763 διηνεκῶς
3564 4710 3578 4755 ;
3605 4694 3794 4747 Καίτοι
3818 4695 3960 4766 χρή-

2378 4782 2524 4851 ματά
2555 4783 2702 4834 ἐστιν
2730 4783 2880 4847 ἐκεῖ,
2911 4782 3007 4835 καὶ
3036 4782 3245 4853 ἄδηλος
3271 4785 3425 4847 ἐλπίς
3447 4802 3461 4815 ο
3506 4785 3741 4839 ἐνταῦθα
3776 4786 3832 4839 δὲ
3862 4789 3959 4841 οὑ-

2376 4872 2558 4943 ρανὸς,
2583 4874 2677 4926 καὶ
2702 4873 2809 4944 πρὸ
2834 4872 2930 4926 τοῦ
2957 4872 3187 4943 οὐρανοῦ
3214 4874 3277 4927 16
3305 4874 3664 4946 εὐαρεστῆσαι
3689 4876 3826 4948 Θεῷ.
3855 4877 3959 4944 Τίς

2372 4965 2496 5036 δέή
2550 4965 2990 5039 κληρονομοῦσα;
3061 4965 3229 5035 Ὑπὲρ
3278 4965 3390 5033 τῆς
3452 4971 3958 5039 κληρονομούσης

2372 5056 2480 5127 γάρ
2509 5072 2673 5125 φησιν
2699 5058 2732 5126 ή
2767 5057 3080 5127 προγραφή.
3126 5056 3192 5109 Ἦ
3236 5058 3549 5127 Ἐκκλησία,
3586 5060 3679 5125 καὶ
3722 5059 3782 5112 16
3812 5058 3957 5129 πλή-

2374 5163 2533 5217 ρωμα
2562 5148 2733 5217 αὑτῆς
2753 5162 2766 5176 ·
2799 5148 2925 5216 περὶ
2956 5141 3021 5217 ἦς
3053 5146 3200 5214 λέγει
3225 5150 3254 5201 6
3283 5137 3494 5212 Παῦλος
3517 5168 3530 5179 ·
3568 5147 3956 5219 Ἠρμοσάμην

2370 5238 2526 5307 ὑμᾶς
2552 5238 2642 5291 ἐνὶ
2669 5238 2863 5306 ἀνδρὶ,
2896 5237 3193 5306 παρθένον
3220 5238 3416 5310 ἁγνὴν
3441 5240 3826 5311 παραστῆσαι
3869 5243 3953 5309 τῷ

2370 5329 2619 5398 Χριστῷ.
2654 5330 2764 5384 Καὶ
2805 5331 2835 5382 6
2877 5329 3163 5401 Ἰωάννηςο
3227 5331 3288 5384 '0
3325 5333 3480 5400 ἔχων
3528 5332 3643 5400 τὴν
3680 5334 3948 5403 νύμφην,

2368 5408 2627 5488 νυμφίος
2659 5418 2849 5473 ἐστίν.
2895 5418 3032 5472 Ἀλλ’
3054 5422 3083 5473 6
3119 5420 3218 5491 μὲν
3247 5422 3478 5493 νυμφίος
3504 5422 3643 5493 μετὰ
3668 5422 3771 5486 τὰς
3802 5423 3954 5494 πρὼ-

2368 5528 2466 5573 τας
2512 5512 2726 5581 ἡμέρας
2765 5510 3020 5564 καταλύει
3063 5513 3123 5565 16
3154 5514 3381 5583 σφοδρὸν
3412 5513 3505 5568 τοῦ
3542 5515 3743 5585 ἔρωτος
3767 5532 3782 5546 ⁸
3821 5514 3851 5566 6
3888 5516 3948 5571 δέ

2368 5596 2634 5667 ἡμέτερος
2661 5597 2895 5667 νυμφίος
2928 5600 3077 5667 μένει
3104 5600 3362 5673 διηνεκῶς
3393 5604 3541 5674 ἡμᾶς
3569 5603 3819 5672 ἀγαπῶν,
3851 5606 3950 5661 καὶ

2368 5690 2653 5743 ἐπιτείνων
2677 5689 2768 5742 τὸν
2799 5690 2988 5745 πόθον·
3014 5692 3150 5765 ὅπερ
3176 5694 3349 5763 δηλῶν
3373 5698 3402 5748 6
3442 5696 3694 5767 Ἰωάννης
3714 5694 3953 5766 νυμφίον

2371 5780 2545 5846 καλεῖ,
2576 5782 2665 5835 ὅτε
2692 5782 3029 5852 ἀκμάζοντες
3056 5785 3105 5837 οἱ
3138 5784 3313 5843 πόθοι.
3348 5788 3421 5841 Οὐ
3450 5785 3539 5841 διὰ
3570 5786 3729 5843 τοῦτο
3755 5787 3815 5844 δέ
3846 5789 3941 5859 μό-
