4178 6432
236 438 299 494 ω
1387 427 1761 490 ΕΧΡΟδΙτΙΟ
1796 428 1865 490 IN

1971 427 2236 490 ιΑιιωιι
2269 429 2359 491 νε
3517 439 3588 497 62

240 566 381 609 metu
400 564 525 625 qua
553 550 633 608 sit
662 549 964 615 hereditas,
992 554 1047 605 et
1086 546 1134 603 si
1162 559 1228 602 ea
1256 543 1324 601 ad
1350 558 1451 601 nos
1474 558 1692 616 quoque
1732 557 1857 616 per-

240 645 395 701 tinet:
412 643 618 701 deinde
641 653 857 714 tempus
874 655 980 712 quo
995 638 1172 696 datur.
1194 635 1293 692 Est
1311 634 1456 692 enim
1475 634 1796 701 absurdum,
1808 634 1857 691 si

236 737 507 794 deferatur
521 735 751 807 quidem
775 733 933 790 nobis
955 747 1021 788 ex
1051 737 1373 786 testamento
1402 727 1692 793 hereditas,
1714 736 1856 781 tam-

238 844 388 899 quam
418 844 543 900 qua:
572 827 648 883 ad
682 840 783 883 nos
807 825 1092 895 pertineat.
1114 822 1184 878 de
1210 836 1276 877 ea
1297 836 1418 876 esse
1444 819 1726 885 sollicitos,
1756 834 1856 873 cu-

237 923 372 977 riose
412 921 707 992 indagare,
734 917 935 987 scripta
965 914 1258 985 inquirere,
1295 911 1577 985 pecuniam
1618 910 1854 975 solvere,

237 1012 299 1066 sd
328 1011 540 1066 tubulas
569 1010 861 1075 accedere,
886 1019 942 1063 et
965 1020 1087 1077 qua:
1131 1005 1185 1059 itt
1233 1004 1299 1058 iis
1343 1004 1541 1073 scripta
1584 1010 1713 1056 sunt
1755 1015 1855 1057 ex-

237 1106 489 1171 scribere,
512 1116 854 1173 omnemque
873 1099 1131 1155 adhibere
1156 1096 1524 1168 diligentiam:
1558 1095 1647 1150 hic
1675 1090 1863 1151 autem
1889 1110 1896 1120 ·

238 1197 508 1268 productis
564 1197 624 1251 in
683 1196 919 1252 medium
950 1191 1349 1265 spiritualibus‘
1393 1190 1752 1254 testamentis,
1802 1197 1859 1246 et

236 1290 482 1343 omnibus
502 1288 669 1343 libris
689 1287 911 1358 apertis,
933 1299 1057 1340 esse
1074 1284 1359 1340 socordem
1379 1296 1452 1358 iac
1470 1281 1854 1353 negligentem,
1916 1284 1923 1287 ’

239 1385 389 1455 idque
413 1399 541 1439 cum
585 1398 703 1437 non
746 1382 819 1436 sit
847 1377 1120 1436 sensibilis
1178 1375 1473 1433 hereditas.
1515 1373 1859 1428 Accedamus

238 1489 379 1548 ergo,
411 1474 734 1545 aperiamus
780 1471 989 1527 tabulas
1014 1476 1072 1525 et
1111 1468 1179 1523 iis
1202 1482 1324 1539 quae
1358 1466 1568 1536 'scripta
1610 1463 1855 1557 suntin-

236 1570 577 1633 cumbnmus,
608 1566 1001 1635 videamusque
1042 1561 1362 1633 quibusnam
1407 1558 1478 1614 de
1522 1556 1704 1613 causis
1742 1556 1858 1611 haec

238 1660 384 1716 nobis
412 1659 610 1715 relicta
642 1658 715 1714 sit
738 1654 1045 1722 hereditas,
1068 1665 1121 1710 et
1149 1668 1271 1724 qua:
1298 1652 1385 1708 sit-
1402 1659 1595 1706 natura
1625 1647 1858 1703 haeredi-

238 1754 374 1809 tatis.
417 1751 540 1807 Non
573 1751 725 1807 enim
771 1744 989 1818 reliquit
1027 1746 1185 1803 nobis
1240 1745 1598 1802 hereditatem
1647 1760 1779 1817 pure
1804 1752 1861 1801 et

239 1844 503 1910 alnolute,
536 1842 643 1898 sed
674 1840 777 1897 sub
804 1839 1035 1911 quadam
1074 1836 1405 1894 conditione.
1451 1835 1711 1904 Quantam
1760 1851 1860 1891 au-

239 1944 339 1990 tem
359 1950 423 1990 ea
456 1934 590 1991 est?
624 1933 731 2002 Qui
758 1950 841 1986 me
865 1931 1053 2001 diligit,
1093 1928 1286 2001 inquit,
1313 1937 1570 2000 praerepta
1599 1944 1710 1983 mea
1745 1944 1855 1983 sera

238 2026 363 2080 subit
389 2024 577 2097 (locis.
626 2024 717 2080 14.
745 2022 862 2094 23).
896 2022 962 2078 Et
986 2013 1191 2084 ritrsus,
1224 2019 1329 2087 Qui
1356 2036 1458 2074 non
1497 2019 1632 2074 tollit
1657 2034 1871 2083 erucem,

237 2133 397 2183 suam,
433 2127 481 2172 et
511 2119 749 2189 sequitur
780 2130 863 2169 tne
895 2113 1109 2185 (Matth.
1143 2112 1230 2168 10.
1263 2109 1394 2185 33);
1426 2120 1481 2167 et
1524 2112 1682 2183 plura
1708 2098 1856 2180 .alia,

238 2224 352 2278 qua:
382 2209 435 2263 in
459 2216 797 2262 testamento
817 2206 1016 2274 scripta
1047 2212 1193 2259 sunt.
1228 2202 1510 2259 Discamus
1530 2204 1691 2257 etiam
1725 2211 1861 2258 tem-

243 2316 336 2369 pus
354 2315 464 2370 quo
488 2315 616 2353 eam
642 2312 835 2353 sumus
854 2296 1146 2366 accepturi.
1163 2293 1282 2350 Non
1309 2302 1395 2349 est
1419 2294 1564 2349 enim
1594 2307 1856 2365 praesens,

239 2392 328 2446 sed
356 2394 535 2446 futura
562 2408 583 2457 ;
633 2390 722 2445 vel
751 2390 932 2460 potius
954 2397 1009 2443 et
1040 2401 1278 2457 praesens
1304 2396 1359 2442 et
1396 2384 1598 2441 futura.
1631 2383 1863 2452 Quatrite

239 2484 376 2538 enim
402 2499 629 2555 regnum
657 2480 776 2545 Dei,
801 2490 848 2534 et
870 2481 977 2535 hinc
1006 2478 1178 2533 omnia
1206 2477 1517 2547 adjicientur
1544 2476 1683 2531 vobis
1703 2475 1856 2547 (Luc.

246 2575 325 2630 ιε.
352 2575 446 2647 51)
473 2594 484 2625 ;
517 2584 654 2630 tunc
678 2582 859 2628 autem
886 2570 1118 2642 perfecta
1144 2577 1200 2626 et
1224 2570 1431 2641 integra
1460 2568 1675 2626 dabitur
1706 2567 1862 2624 here-

242 2669 394 2723 ditas.
416 2668 693 2737 Quoniam
714 2667 862 2722 enim
884 2679 1126 2738 praesens
1146 2664 1253 2719 vita
1276 2674 1360 2720 est
1381 2664 1586 2722 incerta
1613 2671 1669 2719 et
1694 2664 1861 2718 insta.

244 2759 379 2824 bilis,
410 2770 468 2814 et
515 2774 713 2814 sumus
755 2756 932 2812 adhuc
977 2754 1437 2826 imperfectiores:
1466 2754 1610 2825 quod
1651 2753 1861 2809 externi

244 2851 442 2908 faciunt
463 2852 834 2923 legislatures,
852 2858 910 2903 ut
938 2848 1004 2903 iis
1028 2849 1116 2919 qui
1146 2847 1213 2903 ad
1242 2849 1456 2918 plenam
1478 2861 1544 2901 ac
1566 2844 1859 2917 perfectam

244 2954 454 3001 aztatem
487 2944 843 3016 pervenerint
867 2952 1090 3014 paterna
1131 2942 1270 2998 bona
1299 2940 1537 3006 tradant,
1568 2939 1672 2996 hoc
1696 2940 1860 2996 etiam

246 3038 363 3094 facit
389 3039 553 3093 Deus.
587 3037 879 3107 Postquam
906 3036 959 3089 in
988 3035 1159 3089 virum
1202 3032 1520 3105 perfectum,
1554 3034 1606 3087 in
1638 3048 1860 3088 mensu-

248 3145 354 3184 ram
380 3129 561 3184 acutis
588 3127 1009 3192 occurrerimus,
1037 3135 1091 3179 et
1119 3125 1185 3179 ad
1234 3126 1398 3179 vitam
1444 3124 1514 3179 ab
1544 3125 1692 3180 omni
1724 3124 1862 3179 inte-

245 3222 346 3277 ritu
389 3218 1077 3284 alienam.transierimus,
1123 3228 1250 3273 tunc
1298 3217 1445 3272 illam
1493 3216 1651 3272 nobis
1699 3217 1872 3284 tradit.

248 3314 629 3371 hereditatem.
654 3311 864 3367 interea
889 3320 1065 3366 autem
1096 3319 1320 3366 testatus
1341 3318 1445 3375 est,
1469 3319 1525 3365 et
1553 3309 1864 3380 Scripturas

249 3409 397 3465 nubis
426 3410 673 3480 reliquit,
698 3424 762 3463 ac
790 3389 1198 3478 dixit'qttaenam
1230 3404 1489 3460 facientes
1511 3419 1865 3475 assequemur

251 3503 631 3567 hereditatem,
665 3512 722 3555 ut
751 3501 819 3555 ab
839 3515 900 3555 ea
928 3514 1036 3554 non
1065 3497 1399 3564 excidamus,
1430 3512 1607 3569 neque
1635 3499 1867 3554 exhere-

250 3591 340 3647 des
377 3592 705 3648 efficiamur.
752 3591 904 3659 Quod
954 3591 999 3645 si
1044 3590 1431 3661 perturbentur
1473 3588 1670 3661 aliqui,
1717 3588 1863 3658 quod

252 3683 482 3739 nondum
514 3684 689 3740 simus
718 3684 960 3753 perfecti,
985 3692 1040 3737 et
1067 3692 1319 3752 suspecta
1343 3683 1423 3736 eis
1444 3680 1553 3736 sint
1579 3698 1699 3752 qua:
1720 3682 1863 3736 dicta

252 3787 392 3837 sunt,
423 3775 651 3830 audiant
682 3775 906 3846 Paulum
935 3773 1202 3828 dicentem
1233 3790 1247 3826 :
1286 3772 1514 3838 Quando
1562 3788 1703 3826 erant
1742 3788 1866 3841 par-

251 3868 411 3926 vulus.
437 3865 686 3937 lequcbar
719 3876 772 3918 ut
806 3866 1069 3937 parvulus,
1102 3864 1361 3936 rapiebant
1402 3872 1456 3917 ut
1485 3864 1751 3934 parvulus,
1778 3880 1866 3918 co-

254 3958 469 4029 gitabam
507 3969 563 4012 ut
602 3958 841 4027 parvulus
873 3972 893 4011 :
929 3956 1135 4028 quando
1182 3965 1351 4010 autent
1393 3956 1561 4027 factus
1605 3974 1719 4011 sunt
1762 3958 1895 4025 vir,

255 4054 481 4105 ωςωυὶ
502 4067 625 4123 qua
646 4060 793 4105 aaut
823 4051 1023 4120 parvuli
1051 4051 1129 4123 (i.
1158 4050 1277 4106 Cor.
1310 4051 1397 4106 15.
1432 4051 1555 4124 11);
1595 4050 1866 4121 loquendo

256 4139 321 4196 de
341 4141 598 4211 pra-senti
623 4152 679 4197 et
697 4141 763 4197 de
783 4138 967 4196 futuro
995 4141 1214 4197 saeculo.
1238 4140 1305 4195 Et
1322 4155 1510 4197 rursus
1534 4158 1547 4197 :
1574 4140 1748 4198 Donec
1774 4158 1864 4196 oc-

256 4236 562 4288 arrerimus
614 4250 789 4288 omnes
825 4235 881 4288 in
909 4233 1076 4288 uirum
1120 4232 1425 4305 perfectum,
1470 4234 1527 4288 in
1575 4250 1867 4289 mensuram

268 4329 417 4381 etatis
458 4325 683 4401 (εριιρι.
711 4328 765 4383 4.
800 4325 911 4400 ts).
945 4326 999 4382 ln
1039 4328 1147 4383 vita
1176 4310 1321 4383 enim
1368 4329 1642 4397 praesenti,
1670 4328 1861 4399 ittquit,

261 4422 415 4475 veluti
441 4420 588 4491 apud
613 4422 875 4475 nutricem
901 4419 1215 4491 quamdam,
1235 4426 1489 4476 creatura
1507 4418 1611 4475 hac
1630 4420 1862 4478 alimur:

260 4512 467 4581 quando
495 4521 679 4566 autem
709 4512 760 4564 in
797 4509 1019 4566 domum
1063 4510 1274 4567 Domini
1305 4510 1869 4577 deducemur,exnen-

264 4614 339 4662 tes
362 4617 544 4661 vestes
572 4604 957 4674 corruptionis,
989 4614 1044 4660 et
1069 4612 1407 4659 assumcntes
1447 4604 1871 4675 incorruptibili-

264 4708 442 4764 tatetn,
469 4698 538 4754 ad
568 4699 728 4752 aliam
776 4698 901 4753 vitae
925 4697 1291 4754 conditionem
1320 4706 1448 4753 tunc
1496 4697 1868 4754 traducemur.

266 4788 373 4847 Hoc
412 4799 803 4846 testamentum
850 4790 1049 4845 multos
1093 4790 1256 4845 etiam
1302 4789 1609 4871 exheredes
1658 4790 1871 4847 futuros

270 4883 521 4937 minatum
550 4890 657 4949 est,
687 4884 733 4938 si
764 4882 1161 4938 conditionibus
1206 4882 1259 4937 in
1288 4896 1356 4938 eo
1400 4883 1618 4953 scriptis
1667 4882 1870 4954 indigni

270 4975 478 5031 fueritn.
504 4976 613 5031 Sed
638 4976 913 5032 videamus
954 4976 1212 5046 deinceps
1253 4991 1501 5047 quaenam
1537 4976 1607 5033 sit
1650 4977 1871 5033 heredi-

268 5074 364 5123 tas.
398 5068 528 5135 ρυω
556 5084 649 5122 nec
676 5068 854 5123 oculus
876 5068 1021 5132 cidit,
1049 5085 1143 5123 nec
1171 5069 1313 5123 auris
1341 5068 1556 5133 audivit,
1584 5085 1675 5124 nec
1696 5069 1750 5123 in
1782 5085 1873 5124 cor

270 5160 482 5216 hominis
514 5162 845 5217 ascenderunt
887 5161 963 5235 (1.
993 5157 1113 5216 Cor.
1140 5161 1197 5215 2.
1227 5163 1303 5233 9).
1332 5161 1615 5229 Quomodo
1657 5178 1788 5234 ergo
1817 5163 1871 5220 in

275 5253 517 5321 presenti
546 5254 862 5309 vitaeornm
892 5268 1082 5309 sumus
1104 5270 1259 5310 nsum
1289 5257 1617 5327 percepturi,
1640 5260 1870 5329 quorum

275 5344 350 5398 vel
377 5346 615 5416 cognitio
655 5344 897 5402 nostram
926 5348 1307 5419 cogitationem
1350 5350 1615 5419 superat?
1658 5350 1784 5407 Ideo
1809 5367 1873 5408 ea

278 5432 379 5491 illic
416 5438 575 5493 nobis
604 5448 731 5495 sunt
752 5425 1011 5510 reposita.
1044 5440 1177 5494 Vide
1224 5451 1403 5496 autem
1435 5443 1659 5498 multam
1688 5458 1872 5500 curam

276 5528 387 5594 ejus
412 5543 477 5583 ac
504 5529 919 5600 providentiam.
945 5530 1186 5588 Labores
1214 5533 1435 5603 quidem
1467 5536 1589 5591 vita:
1620 5537 1873 5606 pnescnti

278 5624 529 5689 attribuit,
563 5635 622 5678 ut
646 5624 766 5695 ejus
792 5624 1057 5681 brevitate
1084 5642 1187 5681 una
1216 5628 1379 5682 etiam
1425 5628 1728 5685 solveretur
1755 5645 1875 5683 mu-

279 5710 464 5770 lcatis:
506 5715 643 5771 bona
674 5722 853 5771 autem
884 5716 937 5772 in
980 5715 1218 5774 futurum
1250 5719 1510 5776 stt-culum
1558 5721 1873 5789 reservavit,

342 5904 358 5937 ι
396 5912 509 5962 νοις.
536 5904 886 5969 spiritualibtts.
912 5908 1057 5962 deest
1081 5911 1296 5962 iu‘s‘avtl.
1323 5921 1374 5963 et
1400 5914 1447 5963 itt
1474 5921 1591 5978 ltcg.

1968 552 2029 600 ut
2053 540 2523 605 remunerationes
2540 520 3116 610 extenderentur-eum
3140 552 3451 614 uanitate
3469 571 3593 627 qua

1965 646 2053 693 est
2076 652 2275 711 expers
2299 638 2460 696 senii.
2504 639 2658 698 illam
2686 651 2904 711 sortem
2933 652 3094 701 vocat
3130 645 3294 702 etiam
3333 646 3588 720 regnum.

1965 727 2084 784 Etsi
2111 732 2259 787 enim
2283 733 2592 790 orationem
2619 744 2902 807 superant,
2934 747 3199 809 quantum
3226 746 3409 797 tamen
3433 741 3595 800 nobis

1965 820 2093 877 licet
2115 822 2327 889 audire,
2357 825 2700 897 aenigmatice
2725 825 2904 883 futura
2935 829 3281 900 signiﬁcavit,
3304 839 3450 889 nunc
3474 834 3596 905 qui-
3689 846 3695 853 ·

1966 913 2112 981 dem,
2145 926 2202 970 ut
2235 915 2348 986 jam
2379 916 2509 984 disi,
2535 933 2773 990 regnum
2818 934 3044 986 vocans,
3091 937 3238 980 nunc
3274 931 3457 980 autem
3484 939 3592 981 nu-

1966 1006 2137 1077 ptias,
2170 1023 2316 1064 nunc
2345 1010 2755 1080 imperium,‘ex
2787 1012 3089 1082 splendidis
3128 1029 3250 1085 quas
3294 1024 3423 1075 sunt
3447 1014 3621 1087 apud

1969 1113 2087 1155 nos.
2114 1101 2453 1170 nominibus,
2496 1102 2565 1159 ad
2614 1104 2704 1159 illa
2747 1104 3036 1177 cogitanda
3074 1100 3243 1163 nobis
3274 1110 3419 1165 viam
3460 1124 3597 1180 ape-

1965 1194 2136 1261 riens,
2164 1206 2428 1251 aeternam
2454 1196 2706 1268 gloriam,
2740 1198 2810 1255 ab
2840 1199 3062 1255 interitu
3100 1200 3335 1257 alienam
3356 1196 3598 1259 beatitu-

1965 1284 2169 1353 dinem,
2199 1301 2321 1343 cum
2347 1288 2570 1345 Christo
2599 1290 2767 1346 vitam
2796 1292 3086 1363 agendam,
3114 1293 3205 1349 cui
3247 1295 3385 1350 nihil
3414 1302 3595 1369 potest

1964 1375 2222 1433 c0nferri.
2254 1379 2514 1448 Quaenam
2559 1390 2688 1437 sunt
2711 1375 2895 1439 butem
2940 1383 3282 1442 conditiones
3311 1386 3589 1457 Ecclesiae,

1966 1469 2048 1523 vel
2080 1471 2257 1539 potius
2286 1470 2605 1528 hereditatis
2623 1472 2649 1526 ‘l
2674 1471 2810 1541 Qua:
2839 1474 2977 1530 nihil
3008 1474 3212 1532 habent
3230 1476 3589 1535 difﬁcultatis.

1968 1558 2101 1626 Qua
2142 1561 2315 1627 vultis,
2345 1560 2539 1633 inquit,
2584 1572 2644 1618 ut
2665 1550 2889 1637 i'fact'ant
2925 1567 3072 1623 vobis
3107 1567 3361 1637 homines,
3403 1586 3466 1625 ea
3502 1585 3593 1627 eos

1966 1653 2120 1704 etiam
2139 1651 2266 1722 ipsis
2291 1655 2451 1725 facile
2474 1653 2690 1725 (Natth.
2722 1656 2776 1710 7.
2812 1656 2929 1727 i2).
2960 1656 3124 1715 Vides
3147 1660 3425 1731 quomodo
3455 1662 3593 1720 nihil

1966 1746 2204 1801 alienum
2232 1749 2496 1819 attulerit,
2531 1751 2627 1807 sed
2665 1766 2731 1807 ea
2770 1767 2893 1823 qua
2946 1762 3139 1809 natura
3193 1756 3344 1826 prius
3389 1757 3597 1813 consti-

1969 1841 2177 1896 tuerit?
2205 1841 2338 1911 Quae
2359 1844 2458 1911 vis,
2489 1843 2685 1916 inquit,
2706 1854 2763 1902 ut
2791 1839 3079 1918 propinqui
3106 1849 3182 1904 tui
3210 1849 3264 1905 in
3288 1860 3342 1906 te
3366 1849 3589 1921 faciant,

1966 1945 2031 1987 ea
2058 1932 2175 2002 ipse
2199 1947 2418 2004 quoque
2435 1935 2542 1992 fac.
2570 1934 2666 1992 Vis
2698 1938 2904 1993 laudari
2928 1937 2953 1994 τ
3001 1938 3208 1996 Lauda.
3236 1939 3356 1996 Non
3382 1942 3465 1999 vis
3489 1941 3596 2000 all-

1971 2022 2100 2094 quid
2133 2025 2229 2080 tibi
2258 2026 2401 2082 furto
2421 2029 2620 2097 surripi
2646 2031 2671 2083 ?
2700 2029 2779 2087 Ne
2805 2030 3132 2089 furare..Vis
3159 2033 3455 2091 honorari?
3480 2035 3597 2092 Ho-

1966 2115 2226 2173 nora.Vis
2247 2117 2679 2177 misericordiam
2700 2124 2954 2195 assequi?
2976 2123 3365 2184 Miserere.Vis
3388 2130 3596 2185 amari?

1965 2206 2126 2261 Ama.
2146 2206 2241 2263 Vis
2269 2225 2377 2265 non
2402 2212 2545 2268 male
2564 2213 2791 2270 audire?
2818 2214 2930 2271 Nec
2962 2223 3017 2270 tu
3044 2215 3187 2273 male
3203 2216 3428 2275 dixeris.
3453 2218 3592 2277 Vide

1966 2308 2147 2357 autem
2192 2318 2354 2373 quam
2392 2316 2645 2362 accurate
2670 2306 2926 2381 loquutus
2952 2316 3054 2365 est.
3088 2309 3209 2367 Non
3236 2309 3407 2366 dixit:
3430 2311 3595 2380 Quae-

1965 2406 2201 2463 cumque
2242 2409 2353 2452 non
2402 2397 2570 2454 vultis
2621 2408 2680 2455 ut
2711 2397 2934 2469 faciant,
2963 2414 3067 2457 nec
3111 2416 3212 2458 vos
3261 2401 3444 2471 facite,
3472 2404 3593 2470 sed,

1970 2485 2101 2551 Quae
2127 2488 2300 2543 vultis.
2345 2489 2613 2559 Quoniam
2643 2491 2767 2548 dum
2813 2500 2942 2548 sunt
2986 2495 3086 2551 via:
3130 2510 3253 2566 qua:
3291 2496 3501 2553 ducunt
3525 2497 3596 2554 ad

1969 2578 2250 2646 virtutem,
2282 2596 2386 2636 una
2419 2581 2662 2653 quidem,
2697 2582 2948 2640 liberatio
3006 2599 3037 2639 a
3089 2585 3223 2642 vitio
3251 2602 3265 2640 :
3310 2588 3415 2642 alia
3442 2602 3595 2655 vero,

1968 2670 2183 2726 virtutis
2212 2673 2359 2728 actio
2389 2692 2404 2729 :
2443 2673 2583 2729 hanc
2619 2675 2895 2745 proponit,
2926 2690 3024 2746 per
3062 2674 3204 2733 hanc
3245 2677 3390 2733 illam
3427 2680 3591 2735 etiam

1967 2762 2287 2830 declarans;
2335 2774 2390 2820 et
2430 2764 2579 2820 illam
2602 2766 2823 2837 quidem
2853 2766 3088 2824 obscure
3110 2768 3430 2839 signiﬁcavit
3471 2786 3596 2826 ctnn

1972 2855 2150 2911 dixit:
2184 2856 2340 2923 Quod
2380 2857 2566 2923 odisti,
2620 2858 2713 2913 alii
2746 2874 2815 2913 ne
2847 2857 3085 2915 feceris:
3132 2859 3272 2917 hanc
3300 2876 3431 2918 vero
3478 2878 3598 2918 mn-

1968 2948 2168 3005 nifeste
2194 2949 2492 3007 declaravit
2516 2950 2740 3008 dicens:
2763 2951 3114 3026 Quacumque
3136 2956 3293 3011 vultis
3313 2966 3373 3010 ut
3397 2956 3595 3027 faciant

1968 3041 2111 3097 vobis
2140 3042 2390 3112 homines,
2418 3054 2467 3098 et
2493 3059 2582 3099 vos
2618 3045 2746 3116 ipsis
2776 3046 2931 3111 facile
2962 3045 3119 3122 (Tob.
3149 3044 3203 3103 ι.
3230 3048 3349 3121 16).

2039 3132 2097 3187 2.
2127 3132 2226 3188 Est
2270 3135 2435 3189 etiam
2465 3136 2569 3189 alia
2613 3136 2875 3191 conditio.
2907 3136 3168 3205 Quanam
3199 3152 3264 3194 ea
3294 3139 3423 3195 cst?
3466 3139 3596 3196 Dili-

1966 3239 2097 3295 gere
2125 3226 2452 3296 proximum,
2484 3228 2625 3283 sicut
2652 3228 2916 3299 seipsum.
2958 3228 3099 3297 Quid
3128 3245 3252 3286 esse
3282 3232 3454 3302 possit
3493 3232 3599 3290 hoc

1964 3316 2226 3395 facilius?
2275 3317 2468 3374 Odisse
2498 3320 2645 3374 enim
2674 3333 2840 3391 grave
2866 3327 2969 3385 est,
3002 3331 3059 3377 et
3086 3321 3271 3377 turbas
3296 3338 3361 3379 ac
3390 3326 3598 3383 tutqu-

1971 3416 2055 3464 tus
2080 3411 2324 3465 excitans
2354 3428 2368 3463 :
2401 3425 2587 3467 amare
2634 3420 2818 3468 autem
2864 3412 3026 3470 facile
3051 3424 3135 3470 est
3160 3424 3218 3471 et
3256 3417 3595 3486 expeditum.

1969 3500 2027 3557 Si
2071 3502 2216 3557 enim
2246 3503 2493 3570 dixisset,
2532 3504 2637 3561 Vo’s
2662 3521 2786 3561 cum
2818 3505 3072 3563 homines
3114 3508 3479 3582 sitis,diligite
3506 3512 3603 3568 be-

1970 3594 2127 3660 stias,
2158 3605 2490 3665 przcceptum
2520 3596 2710 3654 fuisset
2731 3597 2987 3668 difﬁcile:
3021 3599 3065 3655 si
3093 3608 3278 3656 autem
3302 3603 3394 3672 qui
3422 3595 3620 3660 banti?

1970 3700 2071 3741 nes
2101 3698 2246 3753 sunt,
2282 3687 2533 3744 homines
2562 3705 2748 3747 amare
2764 3692 2950 3762 jussit,
2980 3692 3072 3748 ubi
3098 3692 3419 3751 substantia
3447 3695 3599 3754 simi-

1970 3776 2162 3844 litudo,
2181 3780 2453 3849 cognatio,
2469 3790 2525 3835 et
2542 3782 2722 3859 ipsius
2751 3791 2959 3839 naturas
2979 3784 3281 3842 admonitio
3300 3785 3597 3857 plurimuttt

1972 3875 2236 3928 momenti
2288 3873 2527 3929 all‘cruut
2570 3874 2639 3929 ad
2689 3876 3055 3946 diligendum,
3090 3878 3346 3950 quidnam
3402 3879 3602 3940 haheat

1972 3962 2349 4019 difﬁcultatis?
2374 3964 2530 4033 Quod
2561 3966 2619 4021 fit
2643 3967 2807 4024 etiam
2833 3968 2889 4025 in
2917 3970 3167 4027 leonibus
3189 3971 3255 4029 et'
3268 3962 3442 4045 lupis:
3472 3988 3603 4032 nam“

1971 4055 2113 4126 apud
2143 4055 2267 4111 illos
2289 4058 2453 4112 etiam
2487 4072 2693 4129 natura:
2714 4062 2968 4131 cognatio
2998 4064 3253 4120 conciliat
3278 4066 3597 4123 amicitiam.

1974 4150 2277 4218 Quamnam
2320 4167 2452 4224 ergo
2478 4154 2779 4224 poterimus
2820 4156 3017 4213 afferre
3054 4161 3485 4229 excusationem,
3507 4164 3602 4233 qui

1974 4238 2165 4299 leones
2205 4244 2425 4314 quidem
2468 4245 2961 4315 mansuefacimus,
3004 4259 3063 4307 et
3091 4251 3145 4306 in
3194 4251 3385 4308 iisdem
3418 4254 3606 4313 nobis-

1973 4349 2096 4390 cum
2108 4335 2318 4391 aedibus
2334 4336 2693 4405 collocamus;
2711 4338 2855 4410 quod
2867 4349 2951 4395 est
2965 4350 3144 4397 autem
3159 4342 3401 4412 ejusdem
3420 4346 3603 4402 nobis-

1974 4442 2099 4484 cum
2129 4430 2368 4501 generis,
2415 4446 2525 4486 non
2576 4432 2940 4488 attrahitnus?
2985 4433 3106 4489 Non
3152 4435 3352 4493 videtis
3398 4439 3603 4495 multos

1975 4538 2101 4579 esse
2126 4523 2219 4595 qui
2266 4534 2492 4596 propter
2533 4524 2890 4581 lteteditatem
2933 4541 3097 4583 senes
3134 4538 3350 4599 captant
3396 4538 3452 4586 et
3496 4532 3605 4587 cir—

1977 4624 2350 4682 cumcursant,
2382 4631 2448 4671 ac
2478 4618 2776 4673 senectutis
2800 4619 2984 4673 omnia
3024 4621 3163 4675 mala
3193 4620 3447 4690 tolerant,
3476 4638 3604 4680 cum

1978 4706 2089 4763 sint
2123 4707 2378 4778 juvenes,
2410 4720 2712 4780 vegetoque
2736 4724 2803 4764 ac
2842 4709 3133 4766 luxurianti
3160 4720 3412 4783 corpore,
3436 4714 3605 4785 poda-

1977 4814 2131 4870 gram
2164 4813 2361 4870 nempe
2380 4800 2442 4855 ‘et
2488 4800 2625 4855 alios
2655 4802 2952 4857 senectutis
2999 4802 3242 4870 morbos,
3272 4820 3511 4871 mucum,
3540 4822 3607 4863 ac

1979 4898 2276 4957 screatnm,
2307 4890 2452 4962 quod
2500 4892 2605 4947 illis
2636 4902 2899 4963 perpetuo
2930 4894 3210 4949 assideant
3230 4897 3255 4949 ἳ
3286 4897 3448 4967 Atqui
3498 4900 3609 4955 illic

1981 4992 2109 5038 sunt
2153 4984 2418 5056 pecuniae,
2453 4994 2508 5040 et
2538 5000 2664 5056 spes
2693 4987 2938 5051 incerta;
2972 4986 3061 5043 hic
3086 4997 3268 5044 autem
3301 4991 3518 5057 caelum,
3551 5002 3609 5049 et

1979 5085 2111 5132 ante
2138 5076 2333 5131 calum
2364 5076 2458 5130 Dci
2489 5078 2684 5147 gratia.
2707 5077 2839 5146 Quae
2864 5088 2949 5135 est
2979 5080 3067 5134 illa
3091 5096 3212 5150 qure
3243 5081 3601 5138 hereditatem

1980 5167 2217 5238 accipit?
2247 5168 2531 5238 inscriptio
2561 5168 2706 5225 enim
2736 5170 2889 5236 dicit,
2927 5169 3033 5225 Pro
3057 5187 3117 5226 ea
3135 5187 3250 5242 qua
3275 5174 3606 5230 hereditatem

1981 5260 2190 5332 accipit.
2218 5260 2482 5326 Ecclesia,
2500 5270 2557 5317 et
2584 5262 2703 5331 ejus
2730 5262 3047 5331 plenitudo;
3075 5263 3145 5319 de
3172 5279 3277 5336 qua
3307 5265 3440 5321 dicit
3466 5266 3607 5322 Pau-

1983 5350 2071 5406 lus
2097 5369 2111 5407 :
2154 5351 2420 5418 Despondi
2449 5370 2537 5408 vos
2566 5353 2656 5407 uni
2680 5354 2809 5419 viro,
2840 5355 3089 5425 virginem
3128 5366 3328 5412 castam
3370 5358 3611 5413 exhibere

1985 5443 2188 5501 Christo
2215 5444 2297 5515 (2.
2322 5443 2444 5500 Cor.
2469 5445 2558 5502 11.
2585 5445 2668 5517 2).
2698 5446 2767 5501 Et
2795 5445 3034 5502 Joannes
3063 5463 3079 5503 :
3116 5447 3217 5516 Qui
3256 5449 3405 5504 habet
3448 5466 3609 5519 spon-

1971 5552 2118 5603 sam,
2147 5553 2370 5607 sponsus
2408 5546 2483 5591 est
2510 5537 2692 5609 (Joan.
2736 5538 2790 5594 5.
2818 5538 2933 5609 29).
2963 5538 3211 5611 Sponsus
3236 5540 3453 5611 quidem
3486 5553 3611 5611 post

1987 5629 2191 5698 primos
2217 5628 2336 5685 dies
2382 5631 2610 5685 remittit
2652 5631 2855 5687 amoris
2881 5630 3283 5689 vehementiam
3315 5651 3330 5689 :
3376 5647 3611 5702 sponsus

1985 5732 2166 5778 autem
2212 5730 2399 5779 noster
2426 5738 2525 5779 nos
2550 5733 2699 5780 amat
2728 5734 3015 5796 perpetuo,
3045 5733 3102 5781 et
3126 5734 3290 5797 auget
3318 5740 3561 5781 amorem
3590 5743 3605 5778 :

1987 5815 2128 5886 quod
2153 5817 2385 5874 innuens
2395 5817 2632 5877 Joannes
2648 5828 2808 5875 vocat
2832 5834 3115 5892 sponsum,
3131 5820 3351 5892 quando
3371 5820 3607 5877 maxime

1991 5910 2171 5982 \‘igt‘ttt
2191 5927 2426 5968 amores.
2456 5911 2577 5970 Non
2601 5913 2777 5971 solum
2799 5923 2981 5971 autem
3004 5914 3130 5972 ideo
3149 5924 3412 5981 sponsam
3438 5923 3605 5964 voca—
