4178 6424
729 508 802 561 vit
835 523 849 559 :
881 505 977 564 sed
1001 506 1161 563 etiam
1185 505 1327 578 quod
1370 505 1495 561 velit
1538 522 1728 565 omnes
1755 526 1918 565 unum
1955 525 2079 566 esse
2118 525 2314 581 corpus

722 609 780 653 et
803 612 961 651 unam
999 598 1230 655 animam
1259 598 1464 651 ratione
1487 598 1784 665 virtutiset
1807 600 2010 655 amoris
2040 618 2055 655 :
2087 611 2142 655 et
2169 602 2311 672 quod

722 687 1167 754 quemadmodum
1212 703 1407 756 sponsa
1432 690 1612 743 omnia
1640 687 1767 744 facit
1813 699 1871 744 ut
1915 691 2031 745 viro
2062 693 2308 762 placeat:

721 780 794 835 ita
840 795 937 835 nos
982 782 1143 836 etiam
1174 782 1310 836 tales
1346 796 1469 837 esse
1504 793 1723 859 oportet
1772 798 1868 853 per
1912 792 2074 838 totam
2122 784 2305 839 vitam.

716 872 901 943 Qualis
924 887 1118 942 sponsa
1143 890 1263 943 qua:
1285 874 1338 928 in
1368 874 1461 927 illo
1480 874 1568 929 die
1594 874 1748 929 sedet
1774 875 1829 930 in
1854 874 2037 941 cubili,
2065 876 2117 931 id
2142 892 2305 930 unum

720 962 1089 1019 tantummodo
1132 962 1402 1032 cogitans.
1446 965 1715 1032 quomodo
1763 966 1879 1019 viro
1924 966 2130 1037 placeat
2172 983 2186 1019 :
2233 967 2305 1021 ita

716 1051 873 1105 etiam
905 1065 1000 1104 nos
1032 1048 1221 1117 iubae
1246 1051 1353 1106 vita
1381 1051 1650 1118 sedentes,
1682 1069 1844 1109 unum
1891 1056 2063 1110 solum
2095 1066 2305 1125 specte-

712 1151 853 1206 mus,
883 1149 937 1194 ut
960 1154 1158 1209 sponso
1184 1140 1542 1207 placeamus‘,
1572 1155 1626 1199 et
1652 1158 1863 1213 sponsae
1890 1144 2207 1200 modestiam
2238 1160 2302 1202 ac

710 1229 965 1287 decorem
1007 1228 1408 1288 conservemus.
1437 1232 1603 1303 Hujus
1629 1248 1839 1305 sponsae
1886 1236 2049 1291 David
2088 1252 2300 1307 quoque

710 1320 973 1387 meminit,
989 1319 1209 1377 dicens:
1235 1321 1439 1377 Adstitit
1463 1325 1636 1394 regina
1657 1342 1689 1379 a
1705 1326 1896 1380 dextris
1924 1328 2022 1381 tuis
2042 1328 2094 1381 in
2122 1328 2299 1382 vestitis

708 1412 973 1475 deaurato,
994 1413 1310 1469 circumdata
1340 1416 1576 1469 varietate
1606 1419 1659 1471 in
1682 1417 1895 1485 ﬁmbriis
1933 1422 2098 1472 aureis
2120 1418 2291 1488 (Psal.

706 1501 795 1556 44.
830 1501 937 1571 ll).
958 1501 1051 1555 Vis
1076 1502 1257 1557 videre
1280 1503 1397 1572 ejus
1423 1505 1675 1560 calceos?
1714 1507 1850 1561 Audi
1880 1507 2099 1563 Paulum
2128 1523 2293 1577 para-

704 1591 995 1661 nymphum
1020 1592 1117 1663 (a),
1144 1593 1231 1662 qui
1261 1586 1391 1648 dicit
1428 1612 1443 1649 :
1488 1592 1711 1650 Caleeati
1747 1598 1899 1667 pedes
1932 1598 1985 1651 in
2026 1614 2290 1669 prepara-

706 1680 840 1733 tione
881 1680 1122 1752 evangelii
1176 1683 1317 1752 pacis
1363 1683 1529 1753 (Epit.
1560 1685 1613 1741 6.
1646 1687 1759 1754 15).
1788 1687 1879 1741 Vis
1922 1690 2081 1743 etiam
2114 1690 2290 1744 videre

704 1773 821 1841 ejus
844 1786 1054 1839 zonam,
1091 1783 1145 1827 et
1183 1775 1452 1843 quomodo
1488 1779 1784 1847 composita
1807 1790 1889 1833 est
1914 1794 1979 1833 ex
2026 1779 2287 1834 veritate?

705 1860 796 1915 Ille
819 1861 930 1928 Ipse
952 1869 1003 1915 te
1029 1861 1269 1924 docebit.
1288 1864 1512 1921 Accincti
1535 1868 1731 1921 lumbos
1774 1878 1959 1923 uestros
1986 1869 2040 1923 in
2084 1862 2289 1924 veritate

700 1950 861 2022 (Ibid.
891 1952 945 2006 6.
978 1953 1088 2021 ll).
1123 1951 1213 2006 Vis
1243 1955 1405 2009 etiam
1439 1955 1619 2011 videre
1648 1958 1766 2027 ejus
1799 1958 2284 2027 pulchritudinem?

698 2042 755 2100 Id
789 2035 858 2097 ab
884 2043 1074 2099 eodem
1105 2056 1317 2113 quoque
1344 2043 1543 2101 disces.
1574 2045 1695 2101 Non
1722 2047 1912 2103 habens
1931 2050 2182 2105 maculam
2204 2053 2283 2105 uel

698 2149 879 2205 rugam
913 2130 1073 2203 (Ibid.
1114 2134 1169 2187 5.
1209 2134 1323 2205 27).
1369 2136 1509 2191 Audi
1552 2138 1711 2193 etiam
1758 2140 1995 2211 quidde
2036 2156 2100 2196 ea
2140 2142 2280 2197 dicat

693 2220 1045 2279 Ecclesiastes
1061 2224 1159 2295 (ὁ).
1176 2223 1303 2279 Tota
1324 2228 1539 2295 pulchra
1559 2243 1627 2291 es,
1649 2230 1933 2299 propinqua
1954 2247 2083 2295 mea,
2098 2241 2146 2285 et
2167 2248 2276 2285 ma-

692 2310 810 2365 esta
829 2327 931 2366 non
960 2322 1033 2367 est
1052 2316 1105 2368 in
1124 2324 1173 2369 te
1196 2314 1370 2385 (Cant.
1395 2316 1450 2370 4.
1478 2316 1554 2386 7).
1581 2316 1672 2371 Vis
1691 2318 1851 2374 etiam
1880 2320 2062 2376 videre
2081 2324 2276 2392 pedes?

694 2401 861 2469 Quam
905 2405 1115 2475 speciosi
1144 2408 1294 2476 pedes
1322 2410 1772 2479 euangelizandum
1817 2429 2011 2481 pacem,
2058 2432 2271 2487 evange-

688 2492 947 2549 lisantiaun
976 2498 1105 2552 bona
1130 2496 1303 2570 (Rom.
1337 2500 1422 2554 10.
1454 2502 1566 2573 lli)!
1601 2503 1666 2557 Et
1692 2503 1831 2572 quod
1870 2506 2125 2561 eximium
2151 2518 2260 2573 est,

686 2594 743 2641 et
768 2587 1125 2646 admiratione
1176 2591 1568 2663 dignissimum,
1601 2610 1721 2650 cum
1744 2611 1860 2650 eam
1888 2600 1970 2654 sic
2009 2613 2266 2677 exornas-

683 2687 788 2741 set,
811 2692 918 2733 non
945 2682 1085 2735 venit
1110 2683 1335 2753 gloriam
1386 2699 1537 2740 suam
1579 2696 1921 2754 ostensurus,
1969 2706 2036 2746 ne
2074 2691 2265 2763 insigni

684 2781 779 2823 sua
819 2769 1212 2838 pulchritudine
1248 2791 1365 2831 eam
1410 2777 1850 2847 obstupefaceret,
1900 2792 1953 2837 et
1997 2795 2262 2840 amentem

680 2856 963 2927 redderet;
1006 2861 1100 2915 sed
1129 2866 1273 2918 venit
1320 2867 1510 2923 eodem
1560 2870 1773 2925 indutus
1824 2874 2131 2929 indumento
2159 2891 2265 2945 quo

681 2964 877 3018 sponsa
908 2969 921 3003 :
953 2953 1223 3022 particeps
1250 2958 1394 3011 enim
1433 2968 1517 3012 est
1554 2974 1706 3030 teque
1743 2977 1805 3016 ae
1850 2964 1963 3033 ipsa
2006 2967 2183 3019 carnis
2208 2976 2264 3020 et

677 3043 951 3111 amiguinis
970 3058 1007 3112 ;‘
1031 3059 1130 3100 nec
1156 3047 1289 3114 'ipse
1318 3063 1435 3102 eam
1483 3064 1696 3105 sursum
1723 3063 1895 3121 vocat,
1927 3056 2020 3110 sed
2050 3056 2115 3111 ad
2141 3073 2258 3112 eam

676 3130 904 3199 accedit,
936 3147 1157 3193 servans
1179 3136 1264 3191 hic
1292 3142 1503 3209 quoque
1526 3143 1707 3211 sponsi
1736 3143 1927 3214 legem,
1952 3162 2069 3213 quas
2098 3163 2259 3217 spon-

673 3235 795 3278 sum
823 3222 889 3277 ad
916 3239 1164 3293 sponsam
1214 3227 1448 3285 adducit.
1489 3231 1641 3297 Quod
1683 3235 1842 3291 etiam
1874 3236 2007 3291 dixit
2048 3238 2254 3293 Moses:

680 3300 786 3368 Pro
826 3330 883 3368 eo
924 3316 1169 3384 relinquet
1210 3318 1359 3373 homo
1411 3332 1606 3389 patrem
1664 3334 1711 3377 et
1752 3336 1959 3379 matrem
2004 3344 2165 3391 suam,
2210 3340 2257 3383 et

672 3391 1119 3461 sdlaereliit'uzori
1144 3425 1249 3462 sua!
1277 3408 1430 3483 (Gen.
1464 3412 1519 3466 2.
1550 3413 1665 3484 24).
1694 3415 1764 3470 Et
1801 3416 2026 3473 Paulus:
2063 3419 2255 3475 Sacra-

673 3503 895 3546 mentum
922 3493 1015 3571 Itoe
1058 3513 1297 3565 magnum
1332 3509 1401 3554 est
1435 3517 1450 3551 :
1483 3518 1575 3571 ego
1602 3514 1769 3558 autem
1795 3506 1909 3560 dico
1957 3509 2009 3562 in
2052 3509 2251 3566 Christo

669 3582 794 3637 stin
822 3568 1050 3639 Ecclesia
1074 3587 1295 3657 (Ephes.
1339 3590 1389 3645 5.
1429 3568 1540 3663 ﬁl.
1574 3592 1705 3648 Cum
1752 3610 1881 3666 ergo
1921 3601 2152 3655 venisset
2196 3603 2249 3657 in

667 3669 785 3741 ejus
810 3671 1191 3742 habitaculum,
1221 3689 1278 3735 et
1305 3694 1422 3735 eam
1456 3683 1747 3739 invenisset
1772 3687 2062 3754 sordidam,
2094 3704 2251 3759 squa-

667 3765 848 3839 lidam,
881 3772 1097 3837 nudam,
1149 3776 1405 3845 sanguine
1453 3777 1813 3846 inquinatam,
1866 3781 2028 3848 lavit,
2079 3786 2246 3852 unxit,

665 3860 816 3926 aluit,
837 3870 985 3918 veste
1013 3863 1205 3928 induit,
1229 3867 1314 3920 cui
1338 3880 1520 3936 parem
1544 3869 1783 3924 invenire
1808 3887 1912 3927 non
1944 3874 2087 3929 licet.
2112 3876 2245 3931 Cum

601 3978 604 3981 η
668 3948 784 4019 ipse
810 3950 907 4019 ipsi
938 3951 1127 4007 luisset
1154 3954 1541 4021 indumentum,
1575 3973 1692 4012 eam
1731 3962 1991 4017 sublatam
2034 3978 2245 4021 sursum

664 4039 746 4095 sic
783 4038 950 4094 ducit.
982 4041 1043 4095 Ei
1075 4052 1253 4112 parata
1279 4055 1362 4099 est
1405 4046 1692 4103 hereditas.
1718 4049 1856 4116 Quid
1884 4068 2013 4124 ergo
2038 4054 2104 4109 de
2131 4057 2272 4125 ipsa'

670 4128 800 4184 dicit
828 4132 1126 4201 propheta?
1171 4135 1329 4190 Multa
1363 4155 1375 4190 :
1409 4147 1492 4192 est
1536 4140 1679 4194 enim
1727 4143 1844 4213 ejus
1887 4156 2157 4218 patronus,
2188 4160 2245 4206 et

665 4219 830 4278 multa
857 4235 1038 4276 eorum
1080 4238 1198 4293 quae
1224 4226 1273 4280 ei
1313 4240 1435 4283 sunt
1463 4241 1718 4297 eventura
1771 4236 2012 4302 prmdixit
2033 4248 2086 4293 et
2113 4255 2240 4309 pro-

660 4312 911 4367 clamavit
937 4331 951 4368 :
984 4317 1430 4385 quemadmodum
1456 4320 1525 4377 de
1554 4337 1772 4392 sponso,
1803 4327 1873 4383 de
1901 4332 2241 4399 sponsalibus

657 4414 715 4457 et
754 4403 1075 4461 deductione
1121 4408 1185 4461 ad
1233 4424 1507 4478 sponsum,
1550 4413 1618 4468 de
1664 4415 1817 4471 bonis
1859 4434 1977 4488 quas
2027 4432 2151 4478 sunt
2188 4425 2238 4481 ei

660 4502 939 4549 eventura.
981 4495 1268 4567 Propterea
1315 4499 1402 4555 hic
1429 4502 1590 4557 etiam
1640 4522 1734 4573 pro
1752 4508 1874 4577 ipsa
1906 4512 2152 4581 loquitur,
2184 4523 2239 4571 et

657 4583 942 4655 incipiens,
970 4585 1107 4641 sicut
1138 4588 1225 4643 isti
1274 4594 1480 4661 patroni
1528 4605 1583 4650 et
1613 4608 1854 4654 oratores
1900 4601 1953 4657 in
1998 4604 2233 4674 judiciis,

619 4675 622 4678 ’
658 4673 794 4731 dicit
807 4692 1091 4747 quemnam
1119 4695 1211 4735 sua
1232 4685 1473 4741 oratione
1492 4685 1763 4754 defendat,
1784 4708 1976 4765 nempe
2075 4673 2233 4756 verba

660 4762 834 4822 facere
879 4767 986 4821 Pro
1011 4784 1071 4824 ea
1094 4786 1209 4838 qua
1252 4772 1579 4831 hereditatem
1622 4783 1825 4850 accipit.
1854 4762 2009 4853 Quid
2053 4799 2232 4846 autem

659 4865 806 4927 petat
859 4863 1014 4915 heres
1066 4863 1173 4929 illa,
1220 4864 1517 4924 audiamus.
1563 4871 1618 4926 2.
1663 4872 1821 4929 Verba
1870 4893 1980 4933 mea
2027 4883 2233 4939 auribus

658 4950 876 5019 percipe,
907 4949 1141 5009 Domine.
1170 4948 1435 5025 Sponsum
1469 4974 1619 5018 vocat
1664 4966 1977 5038 Dominum;
2021 4972 2125 5029 hoc
2149 4985 2233 5031 est

656 5039 800 5095 enim
839 5056 1049 5111 sponsa:
1077 5042 1211 5116 frugi
1253 5047 1506 5106 cilicium.
1536 5054 1591 5109 Si
1620 5072 1848 5129 namque
1874 5063 1975 5118 hoc
2002 5064 2060 5119 iit
2084 5067 2135 5121 in
2167 5068 2231 5122 iis

652 5130 743 5201 qui
770 5138 894 5185 sunt
920 5132 1153 5199 ejusdem
1175 5137 1514 5209 substantiae,
1546 5156 1601 5201 et
1630 5164 1764 5203 uxor
1796 5154 2043 5209 tnaritum
2073 5166 2229 5213 vocat

653 5223 967 5279 dominum:
996 5228 1161 5282 multo
1206 5234 1375 5302 magis
1424 5234 1474 5289 in
1522 5237 1735 5296 Christo
1783 5252 1837 5297 et
1872 5246 1923 5301 in
1964 5249 2224 5321 Ecclesia,

653 5313 857 5369 ubiest
897 5316 1058 5370 etiam
1101 5329 1285 5375 natura
1318 5324 1589 5384 Dominus.
1634 5331 1708 5385 Ita
1744 5348 1872 5413 ergo
1907 5352 2029 5395 eum
2073 5313 2227 5399 vocat

716 5467 733 5499 ⁸
769 5474 905 5531 Reg.,
930 5475 981 5519 ut
998 5466 1159 5535 φὶ)ηεὶ
1179 5474 1413 5528 virtutem.

714 5548 1138 5640 smitam:
1591 5566 1850 5629 ἀθεικδοδθι
1874 5585 1888 5621 ε
1910 5580 1964 5624 ιιι
2000 5576 2106 5638 ipse
2138 5582 2221 5640 ait.

655 5610 1138 5720 Desznmds'enim'm
1160 5616 1244 5666 uni
1273 5620 1390 5677 viro.
1424 5610 1518 5673 etc.

714 5670 733 5720 ί
774 5671 791 5720 )
819 5672 1132 5720 Ecclesiasten
1157 5678 1235 5720 hic
1256 5692 1387 5720 vnmt
1433 5686 1518 5720 snt.

1150 5670 1391 5755 pietyocat
1433 5670 1730 5755 Emlomonem
1757 5704 1769 5738 :
1801 5696 2124 5751 locusautem
2148 5712 2223 5755 est

1495 391 1551 449 5.
1589 392 1870 451 JOANNIS
1907 390 2383 454 CIIBYSOSTOHI
2421 396 2735 460 ARCIIIEP.
2780 401 3307 463 CONSTANTINOP.
3931 418 3987 474 61

2425 514 2727 585 Dominum,
2755 535 2859 573 non
2881 530 3085 575 tantum
3115 534 3171 576 ut
3190 539 3470 594 sponsum,
3493 527 3584 582 sed
3610 530 3769 585 etiam
3795 543 3849 586 ut
3878 550 3989 589 vera

2420 603 2792 673 Dominum,et
2812 624 2935 664 eum
2966 616 3031 667 ad
3065 629 3253 683 preces
3283 616 3579 675 audiendas
3605 620 3839 677 attrahit.
3858 626 3988 690 Quo—

2418 695 2558 747 niam
2586 698 2725 751 enim
2756 709 2839 753 est
2863 702 2912 754 ei
2940 705 3207 773 proposita
3237 705 3531 772 hereditas.
3560 710 3676 767 haec
3698 722 3875 768 autem
3904 713 3988 769 he-

2413 782 2615 839 reditas
2642 785 2889 842 ctl‘eetum
2930 794 3170 858 sortitur,
3194 796 3237 848 si
3278 811 3398 865 qum
3427 798 3529 853 sibi
3571 812 3699 855 sunt
3729 817 3982 873 praecepta

2412 883 2560 928 recte
2590 873 2797 944 recent,
2827 889 2945 932 orat
2974 889 3029 935 et
3067 882 3315 939 obsecrat
3363 896 3419 939 ut
3445 888 3493 940 ei
3542 904 3698 957 Opem
3739 892 3898 958 ferat,
3937 902 3989 949 ut

2410 976 2531 1030 qua:
2553 976 2676 1018 sunt
2702 969 2976 1035 proposita
3004 970 3265 1036 perﬁciat,
3289 983 3346 1029 et
3372 991 3476 1029 non
3506 979 3719 1033 excidat
3743 982 3809 1036 ab
3837 988 3983 1038 here-

2408 1050 2603 1107 ditate:
2630 1053 2766 1108 Dicit
2790 1058 2967 1126 itaque
2999 1076 3013 1114 :
3073 1059 3231 1114 Verba
3253 1080 3364 1117 mea
3392 1067 3601 1121 auribus
3625 1072 3847 1141 percipe,
3883 1070 3985 1126 Do-

2408 1142 2565 1210 mine,
2588 1154 2643 1199 et
2668 1145 2773 1201 hoc
2796 1147 2930 1203 dicit
2954 1165 3078 1207 cum
3110 1151 3319 1219 ﬁducia,
3341 1158 3592 1225 quoniam
3620 1175 3684 1214 ea
3714 1162 3843 1231 petit
3869 1180 3981 1233 qua:

2405 1232 2521 1302 ipse
2550 1237 2712 1291 etiam
2742 1237 2871 1293 dare
2901 1241 3087 1311 cupit:
3116 1247 3562 1315 quemadmodum
3592 1251 3638 1304 si
3663 1254 3784 1322 quis
3802 1269 3863 1309 ea
3888 1232 3981 1322 ipe-

2403 1332 2478 1377 lat
2501 1341 2620 1396 qua:
2646 1343 2714 1382 eo
2740 1331 2830 1399 qui
2861 1333 2931 1389 sit
2959 1332 3181 1391 daturus
3224 1337 3439 1409 indigna
3482 1351 3631 1409 suut,
3665 1360 3771 1400 non
3816 1357 3984 1417 potest

2398 1430 2515 1469 eam
2540 1427 2721 1487 petere
2750 1423 3000 1491 gratiam.
3030 1424 3257 1492 Quando
3283 1441 3399 1497 orat
3427 1432 3694 1503 adversus
3721 1437 3979 1503 inimicos,

2396 1508 2611 1576 quando
2647 1510 2906 1569 adversus
2935 1531 3030 1571 eos
3053 1518 3146 1588 qui
3191 1520 3432 1576 molestia
3473 1496 3978 1594 aliqua\ﬂeeerunt,

2394 1610 2603 1652 ea'non
2651 1610 2777 1656 sunt
2817 1606 2975 1660 verba
3019 1605 3273 1676 hominis,
3314 1611 3407 1666 sed
3454 1611 3672 1669 diaboli.
3702 1616 3761 1673 Si
3800 1617 3980 1686 juraro

2394 1688 2536 1742 enim
2564 1698 2648 1743 est
2676 1705 2705 1745 a
2735 1692 2949 1749 diabolo
2998 1697 3188 1766 (Quod
3231 1703 3376 1757 enim
3427 1715 3497 1758 est
3547 1706 3626 1759 his
3677 1711 3917 1778 amplius,
3948 1726 3980 1763 tl

2390 1776 2527 1830 malo
2551 1778 2659 1849 est)
2685 1779 2903 1851 (Matth.
2935 1785 2989 1841 5.
3021 1786 3137 1855 57),
3166 1789 3371 1845 clarum
3402 1803 3483 1848 est
3509 1796 3651 1862 quod
3678 1776 3838 1852 etiam
3868 1815 3978 1868 pre-

2388 1867 2499 1922 cari
2526 1868 2780 1927 adversus
2812 1873 3077 1931 inimicos.
3104 1878 3159 1933 Si
3196 1895 3323 1951 ergo
3348 1882 3516 1947 dicas,
3558 1884 3716 1940 Verba
3744 1867 3976 1943 meam:-

2386 1958 2523 2013 ribus
2548 1963 2765 2032 percipe,
2781 1964 2868 2019 dic
2888 1981 2950 2021 ea
2978 1968 3138 2023 verba
3157 1984 3275 2038 qum
3300 1983 3425 2027 sunt
3450 1974 3685 2032 hominis
3711 1981 3973 2034 mansueti

2385 2064 2449 2103 ac
2479 2049 2719 2117 humani,
2752 2062 2806 2109 et
2833 2057 2923 2125 qui
2956 2057 3089 2113 nihil
3122 2060 3281 2117 habet
3306 2064 3650 2123 diabolicum.

2454 2142 2506 2195 5.
2551 2141 2730 2206 Qualis
2783 2147 2848 2199 sit
2892 2162 3009 2219 pera
3038 2152 3219 2219 oratio,
3255 2163 3303 2207 et
3358 2160 3573 2224 qualiter
3617 2161 3687 2213 ad
3722 2165 3971 2218 orandum

2381 2245 2471 2282 nos
2532 2235 2819 2301 comparari
2878 2249 3124 2306 oporteat.
3177 2270 3251 2282 —
3320 2262 3340 2295 ι
3403 2244 3642 2319 Intellige
3699 2243 3969 2308 clamorem

2379 2339 2563 2377 meum.
2602 2344 2620 2371 ι
2653 2324 2953 2384 Clamorem
2983 2330 3069 2387 hic
3094 2334 3242 2395 dicit.
3273 2351 3379 2391 non
3404 2341 3548 2393 vocis
3570 2341 3918 2401 intentionem
3946 2388 3963 2413 ,

2374 2412 2470 2467 sed
2519 2415 2709 2468 mentis
2745 2416 3101 2475 affectionem.
3161 2422 3293 2479 Nam
3347 2427 3479 2483 Mosi
3554 2432 3716 2487 etiam
3768 2412 3963 2492 tacenti

2374 2500 2507 2556 dixit
2537 2521 2550 2557 :
2583 2504 2721 2569 Quid
2744 2507 2935 2561 clamas
2964 2512 3033 2564 ad
3054 2512 3341 2583 me(Ea:od.
3380 2512 3444 2572 il
3505 2519 3635 2592 l5)?
3663 2522 3779 2578 Non
3803 2526 3960 2595 dixit,

2372 2589 2507 2657 Quid
2538 2606 2660 2647 oras
2681 2594 2746 2649 ad
2771 2599 2897 2652 me?
2916 2598 3007 2653 sed
3029 2642 3043 2663 ,
3076 2602 3213 2667 Quid
3238 2606 3428 2661 clamas
3468 2612 3536 2662 ad
3660 2614 3687 2667 .’
3708 2589 3960 2684 quoniam

2369 2697 2488 2737 cum
2510 2686 2811 2741 vehementi
2846 2688 3037 2746 aﬂ‘eetu
3085 2693 3154 2747 ad
3207 2710 3327 2751 eum
3376 2712 3694 2757 accesserat.
3738 2705 3804 2762 Ut
3828 2723 3961 2779 ergo

2368 2772 2533 2827 scires
2558 2775 2643 2829 hic
2663 2792 2875 2846 quoque
2908 2796 3011 2834 non
3038 2783 3139 2837 dici
3171 2786 3461 2843 clamorem
3491 2832 3507 2857 ,
3535 2793 3628 2847 sed
3661 2797 3855 2851 mentis
3881 2800 3959 2852 af-

2368 2861 2672 2932 fectionem,
2697 2875 2755 2923 et
2778 2870 3044 2931 intensum
3084 2876 3345 2942 studium,
3388 2896 3492 2935 non
3521 2882 3691 2940 dixit:
3723 2888 3956 2945 Auribus

2365 2956 2580 3025 percipe
2620 2957 2907 3015 clamorem
2962 2979 3139 3019 meum
3172 2984 3183 3020 :
3218 2968 3310 3023 sed
3360 2972 3525 3038 quid?
3571 2974 3825 3048 Intellige,
3853 2980 3956 3036 hoc

2361 3055 2466 3111 est,
2499 3046 2671 3101 Disce.
2733 3049 2845 3104 sui
2890 3054 3031 3107 enim
3077 3055 3322 3114 humanis
3380 3064 3554 3118 verbis
3598 3082 3725 3123 usus
3748 3046 3862 3135 test,
3899 3072 3951 3127 in

2363 3136 2490 3206 ipsis
2518 3148 2692 3193 tamen
2723 3142 2899 3196 verbis
2922 3144 3165 3202 humanis
3192 3150 3333 3216 quod
3358 3163 3501 3208 recte
3526 3166 3954 3225 reprtesentatur

2360 3226 2642 3294 signiﬁcat.
2674 3228 2886 3285 Intende
2911 3236 3018 3286 voci
3039 3239 3422 3307 supplicationis
3434 3260 3575 3298 mea.
3607 3247 3742 3303 Dicit
3760 3266 3951 3308 rursus

2362 3328 2546 3369 vocem
2573 3317 2859 3373 internam.
2912 3322 2985 3377 Ita
3040 3327 3199 3381 etiam
3239 3329 3502 3387 clamabat
3546 3337 3715 3393 Anna.
3748 3340 3811 3395 Et
3838 3358 3948 3400 nou

2357 3400 2491 3457 dixit
2532 3404 2847 3473 simpliciter
2885 3422 2940 3465 et
2983 3412 3246 3482 absolute,
3295 3418 3514 3477 Intende
3537 3427 3653 3478 voci
3687 3431 3949 3489 orationis

2357 3505 2510 3557 metr,
2543 3494 2658 3559 sed,
2695 3495 3096 3567 Supplicatioms
3126 3505 3291 3579 mea:(
3319 3508 3371 3562 1.
3402 3510 3529 3583 Reg.
3558 3515 3606 3567 1.
3643 3517 3710 3571 15
3806 3518 3944 3576 Eum

2352 3584 2493 3651 enim
2521 3586 2611 3656 qui
2640 3597 2777 3654 orat,
2808 3601 3020 3661 oportet
3047 3603 3103 3651 et
3133 3595 3370 3653 habitum
3399 3610 3454 3656 et
3480 3617 3713 3663 mentem
3736 3584 3946 3682 suppli-

2353 3674 2431 3727 cis
2455 3675 2693 3731 induere.
2728 3679 2826 3745 Qui
2844 3684 2997 3741 .enim
3018 3687 3240 3753 supplex
3264 3699 3363 3755 est,
3399 3707 3504 3746 non
3536 3696 3755 3753 adhibet
3780 3674 3943 3757 verba

2353 3770 2680 3821 accusatoris
2714 3771 2837 3841 :qui
2887 3783 3065 3829 autem
3108 3777 3328 3834 inimico
3372 3784 3511 3839 male
3554 3798 3945 3857 precatur,est

2351 3867 2634 3912 accusator
2683 3862 2882 3928 potius,
2939 3880 3095 3932 quam
3131 3872 3375 3938 supplex.
3434 3875 3619 3930 Vidisti
3667 3884 3942 3947 quomodo

2348 3946 2640 4002 orationem
2670 3951 2863 4017 attulit,
2886 3956 3098 4023 quando
3138 3974 3255 4013 eam
3285 3960 3407 4017 fecit
3431 3964 3641 4034 dignam
3670 3946 3791 4038 quae
3832 3986 3938 4028 au-

2346 4036 2593 4094 diretur?
2623 4041 2697 4096 Ita
2739 4045 2897 4099 etiam
2948 4064 3045 4102 nos
3085 4054 3298 4119 quando
3327 4069 3540 4111 oramus
3559 4099 3577 4125 ,
3606 4070 3661 4115 et
3684 4036 3936 4121 volumus

2346 4129 2608 4197 exaudiri,
2630 4147 2747 4187 eam
2774 4137 3001 4204 primum
3030 4142 3099 4195 ita
3121 4157 3526 4214 comparemus,
3553 4161 3610 4204 ut
3638 4153 3707 4207 sit
3736 4156 3937 4227 oratio,

2346 4230 2401 4274 et
2430 4236 2537 4277 non
2566 4227 2854 4293 accusatio,
2881 4240 2933 4283 et
2960 4232 3083 4287 latis
3106 4232 3173 4288 ab
3198 4249 3263 4290 eo
3291 4237 3493 4307 legibus
3518 4248 3932 4305 convenientem

2343 4326 2460 4364 eam
2493 4312 2908 4373 inlroducamus.
2934 4320 3046 4380 Rea:
3060 4308 3198 4379 meus
3226 4337 3269 4380 et
3291 4327 3427 4383 Deus
3447 4348 3606 4387 meus.
3638 4334 3789 4403 Quod
3814 4340 3928 4395 l're-
4008 4336 4011 4337 ⁷

2342 4411 2568 4472 quenter
2595 4405 2717 4461 dicit
2748 4411 3025 4479 propheta,
3052 4418 3132 4469 vel
3164 4420 3337 4486 potius
3381 4424 3522 4492 quod
3553 4437 3670 4481 erat
3696 4431 3929 4489 Abrahae

2340 4494 2591 4549 eximium
2614 4499 2946 4570 attributum,
2994 4514 3051 4559 ut
3084 4506 3211 4563 dicit
3252 4511 3445 4566 Paulus
3479 4532 3492 4568 :
3524 4516 3637 4581 Qua
3673 4520 3735 4573 de
3770 4537 3929 4580 causa

2340 4598 2440 4636 non
2461 4585 2704 4641 erubescit
2726 4588 2865 4644 Deus
2893 4595 3027 4647 Deus
3048 4611 3221 4649 eorum
3253 4604 3421 4655 vocari
3446 4602 3632 4675 '(Ilebr.
3673 4610 3757 4663 11.
3791 4613 3925 4683 1ϐ);

2339 4672 2440 4729 hoc
2468 4679 2580 4745 ipsa
2606 4678 2704 4733 sibi
2730 4685 3010 4751 assumpsit
3031 4726 3043 4748 ,
3066 4686 3334 4744 desiderio
3388 4672 3610 4763 impulsa
3662 4672 3922 4768 pra-clare

2338 4768 2633 4835 usurpavit.
2664 4768 2781 4824 Non
2811 4773 2952 4826 enim
2978 4773 3147 4843 dixit,
3178 4778 3311 4845 Rex,
3346 4782 3627 4851 absolute.
3659 4790 3777 4853 sed,
3809 4791 3925 4848 Ile:

2336 4868 2471 4909 meus
2499 4865 2544 4909 et
2567 4855 2705 4913 Deus
2744 4877 2901 4926 meus,
2925 4878 3161 4920 amorem
3209 4882 3362 4924 suum
3416 4874 3675 4932 indicans.
3721 4881 3922 4940 Deinde

2333 4943 2488 4999 all‘ert
2514 4961 2723 5017 causas,
2754 4962 2971 5019 propter
2996 4970 3125 5023 quas
3157 4959 3264 5012 vult
3289 4976 3406 5015 eam
3452 4966 3711 5021 exaudiri.
3752 4970 3917 5037 Qua:-

2333 5049 2456 5088 nam
2482 5045 2658 5091 autem
2684 5049 2808 5094 sunt
2827 5057 2905 5097 ea:
2925 5045 2949 5094 't
2976 5045 3031 5099 4.
3057 5046 3305 5112 Quoniam
3330 5052 3399 5105 ad
3416 5064 3464 5108 te
3480 5045 3651 5121 orabo,
3678 5060 3915 5123 Domine.

2332 5126 2479 5195 Quis,
2512 5130 2755 5200 inquies,»
2770 5133 2934 5189 Deum
2964 5152 3067 5192 non
3095 5143 3250 5195 orat?
3271 5144 3412 5199 Multi
3438 5148 3915 5225 videnturquidem

2334 5217 2499 5273 Deum
2529 5235 2684 5277 orare
2714 5241 2728 5275 :
2754 5223 2849 5278 sed
2882 5224 2931 5281 id
2953 5225 3169 5295 faciunt,
3200 5243 3256 5287 ut
3292 5250 3350 5289 se
3393 5249 3662 5296 05tentent
3685 5217 3917 5303 homini-

2331 5307 2451 5363 bus.
2499 5312 2567 5365 At
2615 5327 2719 5367 non
2770 5313 2885 5369 haec
2913 5337 2925 5371 :
2954 5319 3046 5373 sed
3091 5321 3157 5375 ad
3200 5323 3363 5380 Deum
3413 5328 3582 5395 ipsum
3621 5334 3909 5405 ferebatur,

2333 5398 2579 5456 humanis
2606 5402 2765 5458 rebus
2792 5408 3040 5464 omnibus
3067 5411 3323 5469 dimissis.
3358 5417 3510 5473 Μαιιε
3543 5426 3779 5480 exaudies
3823 5445 3927 5483 eo.

2330 5504 2436 5541 cem
2478 5506 2665 5547 meam.
2696 5493 2858 5550 Vides
2897 5498 3186 5557 vehemens
3223 5507 3480 5575 studium,
3522 5520 3577 5566 ct
3618 5518 3910 5577 contritqu

2329 5579 2597 5634 animum?
2624 5583 2665 5635 Α
2700 5584 2956 5657 principio
2984 5589 3112 5659 diei,
3145 5593 3333 5664 inquit,
3383 5597 3484 5655 hoc
3517 5617 3637 5672 ago.
3678 5607 3913 5666 Audiant

2330 5669 2419 5736 qui
2449 5681 2566 5738 post
2607 5674 2883 5729 innumera
2910 5691 3072 5747 opera
3104 5684 3316 5740 tandem
3365 5669 3583 5746 veniunt
3609 5694 3675 5748 ad
3704 5708 3905 5755 eratm-

2330 5776 2472 5815 nem.
2497 5763 2564 5817 At
2587 5780 2689 5820 non
2718 5766 2827 5835 ipsa
2856 5786 2868 5822 :
2894 5771 2983 5826 scd
3007 5774 3073 5829 ab
3093 5774 3242 5833 initio
3269 5779 3372 5835 diei
3399 5781 3558 5839 dabnt
3582 5786 3692 5845 Deo
3722 5791 3914 5860 primi-
