4178 6442
189 496 298 545 ttaa.
344 485 567 553 Oportet
610 484 805 549 extim,
851 479 1049 555 inquit,
1091 480 1163 536 ad
1212 478 1409 553 gratias
1446 478 1536 534 tibi
1582 474 1815 545 agendas

202 582 343 640 suis!
360 578 682 649 precati",
711 586 765 633 et
788 585 916 632 ante
931 587 1099 630 ortum
1114 573 1243 628 lucis
1260 580 1310 628 te
1330 566 1704 651 altoqui(8ap.
1723 566 1814 624 ιο.

207 674 316 743 η).
335 671 419 729 'i‘u
443 678 634 726 autem
653 681 772 723 non
802 665 1025 739 patiaris
1051 671 1110 719 ut
1128 664 1197 731 is,
1230 661 1320 733 qui
1367 668 1420 717 te
1458 657 1685 714 inferior
1719 656 1812 723 sit,

214 765 586 837 hperatorem
610 770 748 817 ante
786 768 843 815 te
868 757 1102 814 adoret:
1134 767 1277 809 nunc
1323 760 1505 808 autem
1534 748 1653 805 sole
1686 745 1815 804 adeo

214 868 358 915 rante
384 856 502 924 ipse
523 851 760 916 domuis,
790 858 848 905 et
874 847 1024 904 cedis
1051 845 1229 918 primo
1254 843 1377 899 loco
1395 849 1684 904 creatura,
1711 851 1815 894 nee

212 963 425 1008 unum
475 956 785 1001 creaturam
833 938 1129 1013 prsvenis,
1156 950 1286 1007 qua:
1322 943 1544 1005 propter
1574 938 1627 985 te
1673 928 1813 1007 facta

208 1050 311 1107 est,
338 1053 444 1095 nec
468 1038 519 1093 ei
549 1036 667 1108 agis
709 1033 934 1106 gratias,
986 1028 1081 1087 sed
1123 1042 1246 1084 cum
1293 1024 1490 1095 surgis,
1518 1036 1710 1078 nianus
1755 1029 1814 1075 et

207 1133 401 1188 faciem
450 1127 622 1195 lavas,
667 1127 903 1182 animam
952 1131 1133 1179 autem
1172 1116 1504 1180 immundam
1551 1111 1843 1183 negligisL

207 1221 401 1278 nescis
430 1220 575 1275 sicut
596 1230 795 1287 corpus
830 1228 992 1286 aqua,
1026 1212 1099 1267 ita
1146 1209 1395 1265 oratione
1422 1202 1673 1269 mandari
1698 1202 1817 1257 ani-

206 1329 353 1371 mam
376 1314 403 1366 ‘t
431 1311 579 1367 Lara
604 1286 735 1380 ergo
761 1286 889 1362 ante
914 1317 1113 1376 corpus
1135 1301 1396 1359 animam.
1426 1295 1607 1355 Multa:
1627 1294 1706 1351 illi
1731 1293 1815 1349 in-

205 1407 387 1465 sident
420 1405 674 1461 vitiorum
704 1401 960 1466 maculae;
990 1411 1082 1455 eas
1102 1396 1438 1473 expellamus
1480 1406 1578 1462 per
1614 1388 1816 1445 oratio-

204 1515 356 1555 nem.
385 1497 448 1555 Si
494 1497 641 1553 enim
684 1508 749 1550 os
792 1500 1033 1548 nostrum
1074 1488 1147 1544 ita
1188 1485 1564 1550 munierimus,
1603 1479 1814 1537 diurnas

203 1590 440 1647 actionis
480 1585 765 1658 pulchrum
786 1581 1077 1654 locet-imus
1116 1577 1546 1634 fundamentum.
1575 1572 1631 1629 5.
1654 1570 1814 1626 Itane

204 1680 426 1737 udatabo
461 1679 576 1744 tibi,
604 1687 651 1732 et
672 1674 867 1731 videbo.
901 1670 1125 1727 Metabo
1152 1668 1263 1736 tibi,
1294 1681 1401 1723 non
1429 1666 1586 1729 loco,
1610 1662 1805 1749 inquit,

203 1772 301 1831 aed
331 1771 509 1828 factis.
534 1767 637 1837 Qui
656 1767 803 1824 enim
820 1764 945 1821 talis
965 1770 1070 1831 est,
1097 1762 1144 1817 is
1170 1774 1335 1832 prope
1363 1757 1532 1813 Deum
1561 1754 1811 1825 essepe-

205 1872 332 1920 test.
352 1862 424 1919 Ut
450 1860 599 1917 enim
626 1871 796 1931 prope
814 1855 1011 1919 simus,
1036 1852 1119 1908 vel
1147 1848 1354 1922 procul,
1382 1863 1452 1905 ex
1495 1861 1563 1904 eo
1589 1844 1805 1903 evenit:

205 1952 530 2010 Deusenim
570 1958 659 2007 est
695 1939 1643 2017 _ubique.Adstaboribi,eteidebo,
1690 1952 1855 2008 (μω-ι

204 2044 346 2099 uiuus
379 2058 489 2097 non
529 2040 671 2096 Deus
716 2038 891 2094 utens
1262 2041 1319 2087 tu
1340 2048 1415 2087 es.
1448 2030 1601 2087 Alius
1636 2030 1807 2085 inter-

204 2151 330 2209 μιαε
348 2135 485 2192 dicit
513 2152 529 2189 :
548 2131 620 2187 Et
636 2129 968 2187 wusidaabo
989 2127 1126 2201 quod
1149 2142 1254 2181 non
1270 2124 1410 2180 Deus
1426 2124 1597 2179 uolens
1620 2121 1810 2194 iniqui-

204 2240 359 2291 tates:
378 2237 437 2281 tu
462 2242 515 2282 es
534 2223 638 2297 (u).
664 2222 724 2279 6.
753 2220 935 2293 Neque
960 2217 1203 2273 habitabit
1234 2218 1389 2288 juxta
1437 2224 1486 2270 te
1530 2214 1804 2284 malignus.

203 2320 507 2379 Simulacra
537 2317 627 2373 hic
652 2315 847 2381 innuit,
878 2309 1024 2384 quod
1054 2311 1137 2366 bis
1185 2308 1609 2373 delectarentur,
1647 2314 1706 2361 ut
1752 2312 1831 2360 et:

202 2414 351 2472 omni
381 2412 686 2483 iniquitate,
716 2408 987 2478 rebusque
1020 2402 1301 2475 improbis.
1346 2400 1529 2472 Neque
1560 2398 1807 2454 habitabit

198 2509 419 2579 furate
437 2504 718 2574 antiquus.
754 2499 877 2556 Non
913 2498 1017 2555 erit
1059 2496 1176 2564 tibi,
1223 2494 1413 2566 inquit,
1435 2492 1664 2557 amicus,
1698 2505 1805 2546 non

204 2599 308 2656 erit
328 2596 423 2653 tibi
450 2595 681 2652 vicinus.
710 2590 894 2663 Neque
920 2586 1281 2662 permanebunt
1306 2585 1488 2658 iniusti
1502 2582 1808 2638 anteoculos

207 2696 338 2746 tuos.
366 2685 618 2746 Ostendit
641 2684 731 2740 hic
754 2683 926 2739 Deum
955 2680 1134 2737 odisse
1154 2678 1349 2743 malos,
1379 2676 1584 2734 docens
1608 2670 1807 2744 eosqui

206 2781 285 2839 iiii
312 2778 601 2853 propinqui
648 2790 772 2834 esse
815 2773 1020 2839 volent,
1058 2781 1116 2828 ut
1141 2771 1353 2843 seipsos
1378 2770 1516 2825 tales
1552 2766 1803 2834 reddant,

205 2873 347 2947 quod
375 2886 485 2927 non
514 2870 620 2925 aiia
641 2869 851 2923 ratione
871 2880 1042 2938 prope
1064 2878 1188 2921 eum
1213 2877 1338 2921 esse
1368 2861 1547 2917 liceat.
1570 2858 1630 2916 Si
1659 2859 1805 2914 enim

208 2969 328 3024 viro
350 2966 498 3022 bono
548 2952 656 3018 non
708 2960 881 3033 possit
930 2971 1052 3013 esse
1102 2955 1457 3027 propinquus,
1505 2952 1596 3023 qui
1641 2953 1711 3006 ab
1737 2965 1805 3006 eo

205 3059 477 3129 discrepet
514 3052 754 3110 moribus
782 3067 798 3105 :
830 3050 880 3107 ei
907 3047 1077 3105 multo
1105 3048 1298 3118 magis.
1347 3044 1503 3114 Quod
1524 3044 1668 3101 enim
1700 3043 1806 3098 im-

209 3151 361 3225 probi
409 3165 520 3205 non
563 3144 769 3218 possim
1162 3138 1464 3210 propinqui.
1503 3136 1628 3192 audi
1672 3135 1804 3206 quid

208 3244 390 3301 dicent
413 3241 485 3298 de
508 3241 657 3312 justo
679 3255 694 3294 :
715 3237 902 3294 Grauis
918 3246 999 3292 est
1026 3234 1168 3290 nobis
1198 3232 1278 3287 cei
1309 3232 1356 3288 si
1397 3241 1594 3287 tantum
1633 3230 1807 3286 uidea-

210 3346 291 3393 tur
314 3336 336 3407 (
360 3332 491 3405 Sep.
512 3310 578 3387 Ξ.
607 3332 676 3389 i5
695 3330 737 3401 ).
758 3329 835 3385 ita
862 3327 1099 3384 Joannes
1121 3325 1207 3382 vel
1251 3316 1418 3395 agens
1451 3324 1517 3379 ‘in
1559 3310 1802 3388 carcere,

209 3443 332 3485 eum
362 3441 430 3482 ne
460 3424 731 3479 rideretur
772 3420 988 3493 quidem
1019 3461 1035 3487 ,
1065 3418 1327 3474 molestus
1344 3424 1465 3472 erat
1488 3413 1801 3482 Herodiadi,

212 3520 335 3577 licet
363 3526 569 3573 tantum
596 3516 663 3571 ab
688 3528 756 3571 eo
781 3512 972 3568 mulier
1001 3496 1218 3566 abesset
1249 3527 1265 3563 :
1298 3516 1419 3579 post
1442 3516 1680 3589 mortem.
1704 3521 1805 3561 au-

214 3623 340 3679 tem,
370 3613 532 3668 etiam
565 3608 705 3665 illius
723 3607 813 3679 qui
854 3614 984 3662 tunc
1008 3610 1128 3660 erat
1174 3599 1390 3673 tyranni
1420 3598 1650 3655 vexabat
1672 3611 1809 3653 con-

213 3702 509 3760 scientiam.
540 3700 713 3755 Nemo
761 3711 894 3767 ergo
917 3709 1107 3751 eorum
1137 3692 1229 3765 qui
1274 3692 1328 3747 in
1358 3692 1556 3747 virtute
1593 3691 1804 3758 vivunt,

214 3810 453 3867 separe
498 3792 699 3863 aliquid
743 3790 850 3861 pati
892 3788 1184 3853 existimet,
1232 3785 1445 3841 etiamsi
1493 3782 1723 3854 improbi
1753 3782 1806 3839 ei

214 3886 547 3943 insidientur.
595 3882 694 3951 Qui
747 3880 891 3936 enim
936 3877 1075 3933 male
1123 3875 1321 3931 faciunt
1348 3917 1365 3943 ,
1409 3874 1449 3931 ii
1510 3875 1805 3944 patiuntur.

213 3977 266 4033 7.
298 3975 465 4031 Odisti
484 3990 655 4029 cautes
671 3973 757 4043 qui
780 3979 1052 4042 operantur
1068 3969 1400 4039 iniquitatem,
1415 3957 1609 4039 ~perdes
1632 3982 1807 4022 omna

218 4070 300 4141 qui
314 4070 587 4137 loquuntur
609 4064 946 4119 mendacium.
978 4060 1160 4116 Virum
1179 4060 1489 4132 sanguinum
1501 4067 1548 4114 et
1567 4059 1805 4113 dolorum

215 4159 585 4216 abominabitur
613 4156 883 4210 Dominus.
913 4153 1040 4208 Hinc
1058 4153 1332 4219 dicuntur,
1364 4163 1472 4205 non
1520 4159 1579 4205 ut
1629 4148 1808 4205 solum

216 4252 511 4314 audiamus,
542 4248 637 4304 sed
655 4248 814 4303 etiam
833 4254 891 4301 ut
914 4245 1205 4301 doceamur
1224 4241 1340 4312 haec
1358 4238 1574 4297 assidue
1584 4240 1811 4297 audien—

218 4354 315 4410 tes,
342 4354 396 4399 et
415 4342 602 4413 sponsi
629 4340 868 4395 moribus
909 4351 1230 4409 congruere,
1261 4344 1318 4391 et
1345 4335 1394 4391 ei
1424 4349 1550 4391 csse
1577 4334 1808 4406 propin-

218 4436 326 4507 qui.
355 4435 410 4491 Si
436 4434 581 4491 enim
604 4433 720 4489 haec
743 4446 849 4488 non
876 4429 1027 4494 itaut,
1053 4442 1295 4499 superno
1319 4426 1520 4483 auxilio
1545 4426 1799 4483 destitui-

220 4544 357 4591 rnur,
387 4544 496 4599 quo
520 4525 654 4580 nihil
679 4532 856 4596 potest
875 4538 997 4579 esse
1023 4522 1281 4579 deterius.

284 4620 341 4675 4.
383 4618 551 4673 Odisti
574 4632 743 4671 armies
760 4616 846 4686 qui
865 4623 1140 4683 operantur
1168 4613 1484 4687 iniquitatem
1508 4629 1526 4668 :
1555 4612 1671 4668 sive
1696 4625 1811 4667 ser-

222 4725 337 4777 vus,
361 4710 551 4781 inquit,
581 4705 761 4773 fuerit,
791 4706 906 4762 sive
934 4704 1092 4770 liber,
1116 4706 1232 4761 sive
1256 4720 1354 4760 rex
1373 4746 1388 4773 ,
1420 4706 1534 4760 sive
1553 4697 1809 4775 quicum;

222 4819 322 4873 que
352 4800 531 4857 tuerit.
560 4798 674 4855 Non
728 4798 872 4854 enim
910 4811 979 4853 ex
1028 4796 1310 4867 dignitate,
1350 4794 1446 4851 sed
1492 4810 1558 4851 ex
1610 4795 1810 4850 virtute

220 4894 359 4951 solet
402 4892 545 4947 Deus
586 4890 787 4947 amicos
827 4888 1048 4959 eligere.
1102 4888 1211 4943 Sed
1262 4887 1516 4958 quoniam
1566 4885 1812 4941 nonnulli

222 4983 515 5042 crassiores
532 4980 711 5035 odium
742 4980 871 5035 nihil
898 4993 1019 5035 esse
1047 4978 1377 5044 existimant,
1401 4976 1815 5049 untdiquomodo

222 5081 378 5136 etiam
407 5076 652 5149 supplicii
680 5075 928 5130 timorem
956 5073 1228 5128 induxerit
1258 5088 1272 5125 :
1309 5070 1504 5126 Perdet
1523 5086 1697 5126 omnes
1721 5071 1811 5141 qui

222 5175 492 5244 loquuntur
504 5166 823 5225 mendacium
846 5167 951 5223 :ad
991 5166 1046 5222 id
1082 5165 1227 5238 quod
1248 5174 1333 5222 est
1360 5165 1411 5220 in
1440 5164 1812 5236 peccatoribus

222 5265 451 5321 crassius
472 5264 771 5318 orationem
802 5246 1155 5316 transferens.
1184 5256 1305 5314 Non
1342 5256 1501 5314 enim.
1533 5270 1708 5328 usque
1744 5255 1812 5311 ad

221 5358 397 5414 odium
419 5356 661 5414 subsistit
686 5353 1032 5425 supplicium,
1052 5351 1156 5408 etsi
1181 5351 1286 5407 hoc
1311 5366 1529 5423 quoque
1550 5352 1621 5405 sit
1647 5355 1808 5421 punl-

227 5451 299 5507 tio
337 5448 639 5517 ineil'abilis,
666 5445 763 5503 sed
789 5444 952 5502 etiam
980 5441 1170 5516 perdet
1190 5456 1381 5499 omnes
1407 5441 1503 5513 qui
1529 5441 1818 5513 loquuntur

280 5618 354 5681 (a)
383 5615 615 5668 Belenus
636 5615 689 5668 tu
710 5613 946 5677 nexaplis
964 5612 1146 5664 nostris
1167 5624 1266 5663 non
1285 5610 1497 5681 integer
1518 5607 1695 5660 allauts
1716 5612 1813 5657 est.

220 5670 909 5758 ηεὶιιίεηίεωδωιιτιιὶκ
948 5700 1075 5757 rm
1117 5698 1242 5779 van
1285 5670 1457 5750 ’καθὸ
1497 5697 1551 5747 ν)
1590 5694 1811 5751 mam:

228 5780 1813 5849 minmdmsgtdnemttu-mctdmtm

217 5849 433 5905 siderabo
454 5843 687 5917 am
706 5843 811 5902 uoti
830 5856 962 5900 nats
1489 5851 1541 5896 tu
1559 5858 1632 5898 es.

1367 354 1734 425 exrosmo
1768 318 1835 419 ui
1874 358 2200 421 pascuus
2239 358 2311 423 v.

1923 471 2289 530 unendacium.
2317 469 2655 543 Quamquam
2676 464 2830 542 prius
2870 483 3088 543 quoque
3126 484 3298 542 grave
3324 478 3432 537 eat,
3468 485 3529 529 et

1918 563 2166 641 gehenna
2200 562 2462 631 deterius,
2490 562 2627 619 odio
2669 562 2857 620 haberi
2902 576 2936 619 a
2986 562 3131 623 Deo:
3183 560 3284 621 sed
3322 560 3395 618 ad
3426 576 3543 618 eos
3593 549 3599 555 “

1918 656 2141 728 quidem
2192 656 2287 728 qui
2332 664 2566 729 possunt
2615 655 2923 727 inteiligere
2948 695 2967 724 ,
2995 654 3157 713 ‘illud
3198 656 3383 727 possit
3415 672 3431 711 :
3460 659 3541 712 ad

1917 748 2220 803 crassiores
2244 760 2377 804 vero
2402 746 2509 804 hoc
2531 760 2751 819 quoque
2772 746 2991 818 adjecit.
3012 744 3097 803 Ne
3138 758 3280 820 ergo
3314 754 3527 823 peruir-

1917 840 2086 908 beris,
2112 855 2149 896 ο
2178 840 2345 896 homo
2362 882 2379 907 ,
2406 851 2587 913 neque
2604 825 2920 914 ‘obsu‘epas,
2942 838 3165 913 qumodo
3188 840 3393 897 videris
3426 841 3525 897 ινα

1915 944 2053 1003 quos
2070 933 2418 1001 mentientes,
2445 932 2742 1004 rapientes,
2772 933 2825 988 in
2844 932 2989 989 bona
3012 932 3250 989 aliorum
3269 931 3534 997 inuaden-

1917 1013 2021 1090 tes;
2054 1025 2146 1094 qui
2172 1033 2354 1081 tmen
2401 1025 2537 1081 nihil
2566 1024 2698 1081 mali
2744 1024 3072 1097 patiuntur:
3101 1025 3206 1081 hoc
3249 1022 3396 1080 enim
3424 1025 3533 1082 erit

1917 1114 2160 1170 omnino.
2190 1115 2335 1171 Talis
2360 1125 2443 1173 est
2486 1116 2687 1188 quippe
2729 1115 2824 1171 Dei
2851 1125 3043 1171 natura
3076 1126 3401 1194 :aversatur
3420 1114 3529 1171 im-

1918 1208 2263 1278 probitatem,
2290 1200 2411 1264 ea'm
2441 1222 2661 1279 semper
2687 1208 2803 1264 odit
2828 1197 3191 1265 et’abborret.
3217 1208 3533 1280 Loquean

1916 1308 2099 1356 autem
2123 1299 2462 1356 mendacium
2492 1299 2584 1356 hic
2598 1300 2731 1355 dicit
2750 1315 2855 1357 eos
2892 1299 2985 1371 qui
3016 1300 3159 1355 male
3196 1301 3404 1366 vivunt,
3430 1309 3529 1356 eos
3575 1364 3579 1368 ,

1915 1393 2008 1465 qui
2032 1408 2122 1449 res
2150 1392 2374 1449 fallaces
2399 1401 2822 1464 persequuntur,
2854 1405 2951 1449 eos
2973 1393 3064 1461 qui
3094 1391 3329 1454 libidini,
3360 1390 3527 1459 mlite,

1915 1493 1971 1541 et
1996 1484 2241 1539 avaritiae
2265 1493 2394 1541 sunt
2411 1483 2600 1541 dediti.
2632 1478 2762 1540 Huic
2784 1484 2943 1541 enim.
2959 1484 3141 1539 omnia
3169 1484 3309 1539 solet
3333 1483 3527 1554 appel-

1915 1575 2030 1631 lare
2068 1574 2376 1632 mendacia.
2416 1574 2601 1631 Virum
2628 1576 2943 1647 anguinum
2975 1583 3023 1630 et
3057 1574 3528 1641 dotoaum’aboutt-

1912 1666 2123 1722 nubitur
2152 1666 2428 1724 Dominus.
2458 1666 2749 1723 Hominem
2782 1667 2877 1722 hic
2903 1666 3039 1723 dicit
3066 1665 3161 1738 qui
3196 1666 3349 1723 caede
3376 1666 3527 1745 deice

1912 1766 2109 1826 ctatur,
2142 1760 2233 1831 qui
2275 1760 2693 1832 insidiatur,qui
2719 1760 2808 1816 est
2832 1757 3214 1816 frauduieutus
3254 1768 3313 1815 et
3351 1759 3529 1818 versi-

1913 1849 2210 1923 pellis,qui
2249 1851 2399 1908 aliud
2430 1852 2593 1908 habet
2619 1854 2679 1908 in
2706 1867 2826 1921 ore,
2854 1850 3003 1908 aliud
3057 1852 3112 1908 in
3154 1860 3403 1923 pectore,
3426 1852 3526 1925 qui

1911 1942 2345 2001 mansuetudinis
2372 1944 2593 2026 quidem
2614 1959 2684 2007 ac
2708 1945 2986 2017 comitatis
3008 1959 3298 2017 personam
3329 1943 3522 2013 induit,

1910 2037 2009 2094 sed
2054 2052 2118 2094 se
2160 2036 2320 2094 factis
2352 2037 2536 2109 lupum
2587 2037 2845 2106 ostendit,
2874 2052 2984 2110 quo
3027 2036 3160 2094 nihil
3189 2038 3363 2110 possit
3400 2045 3529 2095 esse

1910 2128 2169 2187 deterius.
2197 2131 2432 2204 Apertus
2456 2131 2602 2187 enim
2633 2130 2886 2187 inimicus
2912 2115 3094 2203 potest
3120 2116 3277 2187 facile
3299 2120 3524 2187 caveri:

1911 2221 2001 2291 qni
2031 2230 2209 2277 autem
2239 2222 2498 2277 malitiam
2544 2219 2764 2294 quidem
2804 2218 2969 2289 celat,
3009 2229 3069 2278 et
3091 2222 3264 2278 utitur
3293 2221 3524 2289 malitia,

1910 2328 2033 2369 cum
2060 2330 2170 2370 non
2200 2316 2368 2385 possit
2388 2313 2547 2371 facile
2565 2313 2924 2387 deprehendi,
2944 2305 3175 2385 plurima
3205 2313 3356 2374 mala.
3370 2312 3523 2372 facit.

1911 2406 2177 2476 Quocirca
2220 2398 2472 2465 Christus
2512 2409 2712 2474 etiam,
2763 2408 2985 2487 quando
3030 2406 3108 2463 illi
3144 2406 3523 2476 accesserint,

1909 2500 2123 2556 sobrios
2143 2510 2197 2555 et
2223 2508 2462 2557 attentos
2499 2514 2600 2556 nos
2636 2514 2761 2556 esse
2784 2499 2962 2571 jubet.
2999 2497 3224 2554 Veniunt
3264 2498 3412 2554 enim
3452 2497 3528 2553 ad

1910 2608 2018 2659 vos,
2044 2592 2231 2663 inquit,
2265 2592 2320 2646 in
2346 2592 2656 2667 vestimentis
2675 2592 2845 2647 ouium
2875 2605 2895 2647 :
2921 2591 3059 2646 intus
3077 2599 3247 2645 autem
3266 2599 3388 2646 sunt
3413 2590 3529 2661 lupi

1909 2698 2129 2754 rapaces
2147 2682 2363 2756 (Matth.
2394 2684 2448 2753 7,
2482 2682 2597 2755 l5).
2617 2682 2672 2739 8.
2694 2681 2809 2754 Ego
2821 2693 2995 2737 autem
3013 2677 3404 2737 inmuttitudiue
3423 2681 3525 2735 mi-

1908 2773 2200 2833 sericordia:
2221 2783 2323 2831 tute
2345 2775 2563 2831 introibo
2583 2775 2637 2830 in
2664 2776 2875 2829 domum
2896 2783 3056 2829 tuam.
3084 2772 3353 2843 Quoniam
3378 2774 3527 2830 enim

1910 2883 1975 2924 ex
1996 2869 2261 2939 ejusmodi
2287 2869 2599 2925 hominibus
2620 2866 2850 2923 colleCta
2873 2875 2994 2923 erat
3022 2865 3291 2933 Ecclesia,
3308 2866 3528 2938 gentili-

1909 2960 2031 3025 bus,
2060 2961 2252 3033 magis,
2278 2958 2588 3027 homicidia,
2617 2957 3125 3036 praestigiatoribus,
3148 2957 3523 3026 mendacibus,

1909 3051 2296 3123 deccptoribns
2330 3069 2345 3108 :
2378 3051 2595 3107 dixerat
2640 3060 2854 3118 autem,
2894 3049 3067 3115 Odisti
3112 3058 3169 3106 et
3209 3050 3524 3107 aversaris:

1908 3146 2204 3202 ostendens
2235 3160 2296 3202 se
2325 3162 2436 3201 non
2465 3142 2530 3201 ex
2570 3146 2781 3216 iustitia
2828 3154 2887 3203 et
2912 3140 3064 3202 recte
3093 3144 3275 3213 factis,
3308 3144 3406 3202 sed
3449 3159 3524 3201 ex

1910 3226 2054 3296 illius
2073 3238 2363 3296 clementia
2387 3240 2457 3295 ab
2475 3239 2581 3295 illis
2612 3240 2899 3296 liberatam
2936 3239 2991 3296 in
3020 3240 3321 3312 penetralia
3350 3240 3525 3295 lntro-
3564 3288 3577 3300 .

1908 3326 2126 3389 ductam
2168 3346 2326 3398 esse,
2368 3332 2653 3402 subiunxit
2686 3349 2699 3386 :
2734 3330 2849 3403 Ego
2892 3341 3065 3387 autem
3103 3333 3160 3387 in
3198 3330 3531 3386 multitudine

1910 3425 2272 3480 misericordia
2308 3436 2432 3492 tute,
2485 3424 2704 3479 introibo
2754 3426 2809 3481 in
2848 3426 3058 3481 domum
3101 3434 3265 3481 tuam.
3303 3423 3387 3481 Ne
3406 3425 3530 3497 quia

1910 3517 2055 3572 enim
2072 3514 2214 3571 dicat
2244 3534 2256 3570 :
2289 3515 2573 3584 Quomodo
2598 3528 2735 3588 ergo,
2756 3525 2832 3583 tu,
2861 3533 2984 3589 qua:
3005 3514 3123 3574 hac
3142 3526 3197 3573 et
3213 3517 3301 3572 illa
3328 3515 3528 3586 fecisti,

1894 3616 2124 3665 servata
2152 3610 2254 3664 es?
2294 3608 2430 3664 dixit
2464 3608 2683 3664 modum
2720 3609 2910 3665 salutis
2938 3627 2953 3663 :
2985 3608 3214 3680 Propter
3239 3623 3527 3681 magnam,

1912 3700 2108 3773 inquit,
2154 3700 2536 3767 clementiam,
2591 3699 3185 3772 propter‘ineﬂabiiem
3234 3700 3529 3757 bonitatem

1910 3802 2124 3848 servata
2174 3807 2316 3848 sum.
2372 3791 2481 3848 Sed
2530 3800 2659 3847 sunt
2715 3792 2983 3859 nonnulli,
3042 3791 3133 3863 qui
3186 3807 3289 3848 nec
3318 3792 3534 3848 miseri-

1912 3885 2150 3942 cordiam
2180 3886 2397 3957 quidem
2423 3884 2735 3949 admittunt,
2772 3885 3150 3942 immedicabili
3180 3884 3373 3947 morbo
3392 3884 3529 3941 ade-

1911 3979 2006 4045 cti,
2047 3977 2351 4049 cujusmodi
2399 3986 2530 4033 sunt
2557 3976 2732 4033 iudici
2764 3994 2778 4030 :
2810 3976 2982 4048 gratia
3022 3977 3167 4038 enim
3214 3987 3271 4032 et
3312 3976 3530 4032 miseri-

1911 4072 2129 4137 cordia,
2148 4072 2249 4127 etsi
2275 4071 2341 4127 sit
2364 4073 2534 4142 gratia
2562 4080 2617 4125 et
2648 4068 3043 4135 misericordia,
3070 4070 3317 4126 volentes
3344 4079 3527 4126 tamen

1913 4177 1967 4223 et
1990 4164 2216 4236 gratiam
2237 4163 2500 4218 habentes
2526 4170 2726 4227 servat,
2759 4178 2879 4235 non
2898 4178 2995 4217 eos
3021 4162 3111 4232 qui
3140 4161 3399 4218 eﬂ‘renata
3431 4176 3534 4217 au-

1914 4256 2067 4313 dacia
2099 4262 2422 4326 repugnant,
2470 4263 2526 4309 et
2552 4254 2754 4308 donum
2799 4252 2991 4308 nolunt
3016 4254 3312 4325 suscipere,
3342 4254 3534 4323 quales

1914 4348 2132 4413 fuerunt
2177 4347 2371 4413 iudici,
2425 4347 2493 4402 de
2548 4348 2744 4417 quibus
2792 4348 2953 4401 etiam
2998 4346 3130 4403 dicit
3158 4346 3355 4402 Paulus
3386 4348 3531 4417 quod

1913 4442 2208 4513 ignorantes
2250 4438 2348 4494 Dei
2380 4440 2639 4512 justitiam
2660 4481 2675 4507 ,
2708 4449 2756 4493 et
2786 4442 3056 4516 propriam
3091 4441 3350 4511 justitiam
3384 4458 3532 4512 quie-

1913 4544 2081 4589 rentes
2109 4543 2351 4600 statuere,
2396 4533 2618 4605 justitia:
2663 4531 2761 4586 Dei
2794 4548 2897 4586 non
2948 4540 3067 4586 sunt
3087 4532 3307 4603 subjecti
3330 4532 3349 4603 (
3374 4531 3530 4589 Rom.

1918 4625 2010 4682 10.
2040 4626 2119 4695 3).
2150 4624 2356 4681 Deinde
2385 4624 2639 4695 quoniam
2668 4623 2738 4678 de
2771 4621 2881 4678 Deo
2911 4622 3066 4689 dixit,
3091 4623 3161 4679 de
3190 4624 3364 4695 seipse
3391 4640 3532 4696 quo.

1916 4732 2022 4790 que
2052 4716 2289 4788 loquitur
2324 4733 2336 4769 :
2370 4714 2610 4769 Adorabo
2650 4714 2718 4767 ad
2749 4714 2995 4784 templum
3037 4725 3271 4769 sanctum
3311 4725 3453 4769 tuum
3482 4716 3536 4770 in

1917 4810 2098 4864 timore
2154 4817 2261 4862 tuo.
2313 4806 2415 4862 Ubi
2475 4807 2621 4863 enim
2701 4807 2934 4876 gratiam
2987 4820 3253 4878 accepero
3287 4847 3302 4872 ,
3368 4816 3535 4876 tunc,

1917 4902 2137 4975 inquit,
2190 4915 2308 4957 mea
2368 4899 2634 4963 oderam,
2699 4884 2801 4954 bbe
2858 4899 2955 4953 tibi
3015 4900 3341 4954 sacriﬁcium
3405 4899 3542 4955 offe-

1918 5012 2056 5053 ram.
2112 4995 2352 5050 Adorabo
2413 4998 2482 5048 ad
2535 4993 2782 5064 templum
2832 5004 3067 5048 sanctum
3133 5003 3277 5047 tuum
3340 4994 3393 5046 in
3454 4995 3539 5047 ti-

1918 5106 2061 5145 more
2110 5099 2219 5143 tuo.
2266 5087 2382 5143 Non
2434 5088 2593 5151 sicut,
2640 5087 2835 5158 inquit,
2874 5084 3027 5141 multi
3057 5086 3146 5156 qui
3194 5097 3372 5150 orant,
3415 5102 3539 5145 sese

1920 5183 2245 5252 scalpentes,
2273 5181 2503 5246 hiantes,
2524 5187 2915 5250 torpescentes,
2951 5177 3045 5233 sed
3074 5191 3195 5232 cum
3220 5177 3435 5242 timore,
3458 5179 3542 5232 in-

1920 5279 2056 5351 quit,
2084 5286 2139 5333 et
2165 5286 2421 5332 tremore.
2448 5274 2551 5342 Qui
2578 5273 2723 5328 enim
2758 5272 2837 5327 sic
2860 5280 3003 5335 orat,
3027 5285 3190 5326 omne
3222 5271 3409 5325 vitium
3436 5270 3541 5325 de-

1920 5372 2091 5444 ponit,
2126 5369 2193 5425 ad
2220 5384 2438 5424 omnem
2465 5368 2717 5423 virtutem
2744 5364 3050 5429 deducitur,
3086 5365 3254 5420 Deum
3281 5364 3384 5419 sibi
3412 5364 3539 5419 red-

1921 5465 2001 5521 dit
2022 5463 2335 5535 propitium.
2376 5460 2432 5516 9.
2484 5459 2725 5523 Domine,
2774 5458 2939 5514 deduc
2981 5475 3063 5513 me
3116 5459 3169 5513 in
3208 5458 3419 5529 justitia
3453 5470 3544 5513 tua

1922 5568 2130 5630 propter
2154 5556 2385 5610 inimicos
2413 5570 2573 5609 meos.
2600 5553 2752 5609 Dixit
2777 5552 2969 5610 laudes
2994 5553 3111 5622 Dei,
3130 5553 3262 5607 dixit
3287 5553 3338 5608 in
3360 5554 3544 5610 malos

1922 5649 2133 5717 odium,
2186 5648 2609 5717 benignitatem,
2664 5645 3036 5713 clementiam,
3096 5643 3545 5715 sollicitudinem,

1924 5740 2061 5796 dixit
2085 5754 2237 5795 suam
2267 5739 2519 5805 salutem,
2562 5736 2695 5794 dixit
2724 5735 3002 5809 quomodo
3028 5744 3243 5792 servata
3282 5735 3374 5801 sit,
3409 5736 3548 5793 dixit

1920 5840 2212 5906 pottquam
2240 5839 2451 5887 servata
2493 5827 2597 5887 fuit
2619 5843 2870 5902 quaenam
2896 5827 3170 5895 attulerit;
3209 5828 3337 5885 vitia
3378 5842 3548 5886 arer-
