4178 6426
687 333 765 393 61
1431 335 1489 393 8.
1528 333 1805 393 JOANNIS
1838 335 2311 397 CHRYSOSTOMI
2350 342 2675 402 ARCHIEP.
2710 348 3240 413 CONSTANTINOP.
3889 366 3965 422 88

679 454 801 501 sata
819 453 922 511 est,
968 441 1038 501 ad
1063 444 1310 501 virtute
1348 443 1569 501 deduxit
1598 464 1610 497 :
1638 447 1704 501 lis
1727 448 1884 502 etiam
1911 448 2001 518 qui
2020 455 2159 505 male
2186 450 2269 503 vi-

677 543 840 601 vunt,
864 532 1058 590 bonam
1088 548 1237 607 spem
1258 533 1425 600 dedit,
1481 550 1526 589 si
1582 535 1848 619 voluerint
1892 538 2154 603 converti,
2203 546 2262 593 ut

685 623 788 695 qui
810 627 1016 695 possint
1054 624 1472 683 miscricordiam
1509 625 1801 695 consequi;
1845 627 2109 681 convertit
2149 641 2266 683 ser-

682 728 900 770 monem
948 713 1017 769 ad
1046 712 1375 784 petitionem,
1400 729 1521 785 qua:
1544 714 1797 786 deinceps
1823 715 1953 771 dicit
1984 736 1997 771 :
2024 715 2260 783 Domine,

687 803 854 861 deduc
874 797 960 860 ins
986 806 1038 859 in
1056 804 1262 874 justitia
1288 815 1376 859 tua
1406 821 1425 859 :
1448 819 1543 875 per
1564 804 1684 864 hac
1732 804 1935 867 docens
1967 808 2262 862 auditorem

678 891 831 963 palus
852 890 1080 965 hymnos
1109 892 1221 950 Deo
1246 892 1460 961 olfcrre,
1483 902 1539 950 et
1576 908 1674 965 pro
1722 894 1993 958 beneﬁciis
2031 910 2195 967 accep
2219 898 2264 952 is

673 984 876 1055 gratias
896 998 1094 1053 agere;
1121 992 1177 1040 et
1205 993 1331 1042 tunc
1353 1000 1471 1055 qua
1498 986 1611 1041 vult
1639 994 1839 1055 petere,
1863 994 1920 1043 et
1944 1000 2041 1057 pro
2062 988 2125 1044 iis
2144 1004 2261 1059 qua:

677 1073 1156 1141 acceperitrursus
1177 1088 1338 1145 agere
1351 1073 1575 1145 gratias.
1597 1073 1704 1131 Sed
1725 1076 1997 1131 videamus
2016 1092 2259 1146 quanam

671 1173 740 1221 ea
767 1172 890 1221 sunt
918 1179 1039 1236 qua
1073 1166 1227 1235 petit.
1262 1165 1398 1222 Num
1449 1164 1649 1236 aliquid
1670 1181 1857 1221 eorum
1882 1183 2001 1238 qua:
2029 1166 2099 1223 ad
2124 1167 2260 1229 hanc

662 1253 840 1312 vitam
862 1254 1168 1325 pertinent?
1203 1255 1463 1335 numquid
1515 1255 1811 1326 temporale
1847 1266 2259 1313 ac.momenta-

677 1340 881 1399 neum?
907 1343 1162 1415 numquid
1206 1358 1393 1400 eorum
1426 1358 1545 1415 qum
1573 1344 1987 1426 praeterﬂuunt?
2013 1344 2150 1401 Nam
2170 1346 2259 1405 de

558 1494 563 1501 ,
674 1433 873 1513 divitiis
897 1434 1171 1506 loqmtur?
1213 1451 1339 1491 num
1376 1436 1446 1491 de
1464 1436 1677 1505 gloria?
1706 1452 1833 1493 num
1878 1436 1948 1493 de
1986 1437 2259 1507 potentia?

676 1540 803 1583 num
826 1524 899 1583 de
921 1525 1238 1585 ulciscendis
1262 1519 1529 1583 inimicis?
1556 1526 1699 1582 Nihil
1727 1527 1939 1583 horum.
1962 1526 2067 1583 Sed
2093 1526 2260 1597 quid?

676 1612 910 1680 Dauniae,
932 1615 1095 1671 dedit:
1115 1632 1194 1672 sic
1215 1616 1271 1671 in
1277 1616 1485 1687 justitia
1508 1626 1596 1671 tuo
1618 1626 1825 1688 propter
1848 1617 2080 1681 inimicos
2098 1633 2259 1675 meos.

680 1703 838 1764 Vilica
855 1705 1133 1777 Quomodo
1145 1705 1277 1763 nihil
1303 1708 1436 1777 petit
1451 1708 1653 1764 fluxum
1673 1717 1728 1764 et
1742 1708 2021 1777 caducum,
2050 1718 2105 1765 et
2127 1724 2262 1781 quo-

672 1795 836 1854 modo
860 1783 1150 1875 supernum
1173 1794 1328 1877 rogat
1349 1798 1645 1856 auxilium?
1667 1798 1767 1867 Qui
1797 1799 1941 1855 enim
1972 1814 2034 1855 ea
2056 1801 2142 1855 via
2166 1801 2253 1855 in-

670 1878 1003 1959 gcedtnntur.
1054 1902 1123 1944 eo
1161 1891 1394 1945 maxime
1443 1889 1641 1945 auxilio
1684 1888 1941 1961 indigent.
1991 1888 2256 1947 Justitiam

670 1984 850 2033 autem
881 1975 968 2033 hic
992 1975 1123 2033 dicit
1144 1978 1453 2034 universam
1478 1978 1728 2035 virtutem
1755 1978 1855 2049 (α).
1894 1979 1961 2034 Et
2002 1987 2150 2036 recte
2174 1978 2257 2035 di-

668 2064 766 2134 di.
790 2064 856 2122 la
878 2056 1206 2136 iniustitia.
1236 2066 1334 2123 Est
1367 2068 1509 2124 enim
1543 2067 1705 2143 etiam
1731 2068 2004 2123 hominum
2025 2069 2251 2141 iustitia,

667 2170 792 2229 qua
816 2171 889 2213 ex
913 2157 1169 2214 externis.
1451 2160 1829 2228 proficiscitur,
1877 2160 1975 2216 sed
2018 2160 2157 2229 vilis,
2198 2170 2257 2219 et

561 2248 568 2261 '
667 2260 791 2318 qua:
834 2245 969 2321 nihil
1022 2247 1184 2303 habet
1210 2247 1502 2316 perfectum
1526 2256 1582 2305 et
1607 2247 1929 2313 absolutum,
1954 2258 2009 2305 et
2046 2258 2258 2306 constat

666 2348 733 2389 ex
763 2333 1010 2391 humanis
1030 2335 1462 2408 cogitationibus,
1502 2336 1615 2408 Ego
1640 2345 1816 2393 autem
1845 2345 1987 2393 tuam
2017 2348 2139 2404 peto
2162 2338 2253 2410 ju-

665 2422 886 2492 stitiam,
910 2439 1032 2495 quis
1052 2439 1080 2479 a
1104 2433 1156 2481 te
1178 2424 1355 2481 delata
1377 2433 1480 2491 est,
1510 2441 1631 2497 qua
1673 2426 1821 2482 ducit
1866 2427 1921 2483 in
1951 2427 2171 2496 calum;
2198 2436 2255 2485 et

664 2516 940 2582 auxilium,
970 2524 1032 2573 ut
1058 2515 1200 2573 hanc
1219 2517 1478 2588 justitiam
1505 2517 1636 2573 mibi
1662 2518 1944 2576 conciliem
1976 2520 2017 2599 ί,

636 2648 642 2654 .
735 2607 790 2663 ει
821 2606 988 2663 Recte
1003 2616 1179 2663 autem
1200 2607 1333 2664 dixit
1351 2607 1503 2676 illud,
1522 2607 1698 2664 Deduc
1718 2625 1817 2665 nte.
1838 2608 2086 2683 Przsens
2106 2610 2249 2666 enim

663 2692 771 2753 vita
799 2697 885 2753 via
923 2704 1011 2759 est
1040 2712 1159 2768 qua
1194 2706 1253 2754 ut
1278 2712 1310 2752 a
1337 2712 1500 2770 manu
1534 2713 1761 2769 superna
1797 2698 2089 2755 deducatur
2116 2714 2250 2770 opus

662 2785 843 2873 habet.
861 2785 1280 2873 Sienlmurhem
1303 2788 1588 2859 ingressuri
1608 2803 1741 2858 opus
1765 2788 2023 2865 habemus
2043 2788 2247 2861 aliquo,
2269 2868 2273 2873 τ

659 2868 924 2948 quitiam
1151 2875 1379 2944 indicet,
1404 2875 1574 2932 multo
1602 2876 1770 2952 magis
1793 2877 1847 2931 in
1872 2877 2063 2935 ciuium
2088 2894 2249 2948 pere-

658 2965 1093 3040 grinaturiopus
1122 2965 1389 3023 habemus
1425 2981 1657 3037 superno
1695 2967 1913 3035 auxilio,
1941 2978 1999 3024 ut
2029 2970 2244 3038 indicet,

658 3054 942 3115 conﬂuunt
984 3058 1039 3111 et
1074 3054 1348 3115 deducat:
1380 3056 1722 3136 multaa'enim
1744 3067 1868 3111 sunt
1894 3058 2098 3113 semitm
2126 3073 2248 3129 qua

658 3147 947 3205 divertuut.
975 3146 1265 3217 Propterea
1287 3145 1559 3203 dexteram
1589 3146 1684 3204 Dei
1708 3158 2001 3203 teneamus.
2029 3146 2246 3219 Propter

606 3222 620 3235 ’
654 3238 887 3295 inﬁnitos
911 3254 1065 3294 meos.
1096 3237 1265 3307 Multi,
1293 3238 1480 3309 inquit,
1505 3237 1880 3308 conspirarnnt
1906 3239 2125 3304 inimici.
2145 3254 2243 3297 vo-

656 3329 827 3387 lentes
845 3342 1060 3397 gressus
1077 3343 1226 3385 meos
1244 3328 1531 3396 divertere,
1548 3338 1603 3384 ct
1619 3329 1671 3383 in
1693 3331 1929 3385 errorem
1950 3329 2238 3399 abducere,

655 3421 710 3476 in
742 3421 1003 3493 aliamque
1029 3420 1169 3475 viam
1197 3419 1410 3477 ducere.
1456 3419 1590 3489 Quia
1619 3436 1746 3491 ergo
1782 3421 1918 3477 tales
1953 3430 2078 3478 sunt
2106 3422 2241 3478 insi-

654 3509 779 3577 ἀίω,
805 3508 937 3566 tales
966 3510 1288 3575 invasiones,
1312 3510 1426 3581 ipse
1449 3524 1536 3564 me
1556 3508 1748 3565 deduc.
1780 3509 1897 3565 Tuo
1923 3512 2067 3567 enim
2098 3512 2242 3569 auxi-

654 3598 726 3655 lio
746 3608 898 3671 egeo.
928 3596 1061 3654 Nam
1088 3599 1218 3655 utin
1246 3600 1329 3654 via
1356 3599 1570 3669 quidem
1596 3597 1939 3666 deducantur,
1967 3600 2082 3670 ejus
2110 3610 2192 3656 est
2223 3620 2237 3657 :

652 3701 711 3748 ut
736 3701 917 3750 autem
946 3691 1285 3761 digni‘rsimus
1304 3699 1363 3745 ut
1387 3690 1475 3745 illa
1510 3705 1670 3745 manu
1702 3698 1977 3745 teneamur
1995 3733 2011 3760 ,
2039 3701 2238 3748 nostra:

651 3782 724 3836 sit
746 3781 1056 3851 diligentiae.
1087 3779 1147 3836 Si
1173 3778 1336 3836 fueris
1360 3779 1500 3835 enim
1529 3780 1853 3847 immundus,
1882 3796 1988 3836 non
2018 3790 2069 3836 te
2095 3791 2241 3838 tenet

650 3871 741 3926 illa
763 3884 952 3925 manus
975 3887 989 3922 :
1011 3870 1056 3925 si
1083 3868 1245 3925 fueris
1267 3884 1459 3938 avarus
1477 3909 1492 3934 ,
1519 3869 1564 3924 si
1592 3869 1824 3930 aliquam
1852 3871 2009 3926 aliam
2036 3870 2240 3927 habens

577 3974 579 3976 ’
651 3960 936 4017 maculam.
964 3957 1144 4031 Dirige
1165 3961 1220 4013 in
1243 3969 1511 4030 conspectu
1527 3970 1612 4015 tuo
1630 3962 1761 4015 uiam
1783 3978 1943 4016 meum
1965 3979 1984 4017 :
2006 3962 2108 4018 hoc
2131 3972 2234 4031 est,

652 4050 760 4107 Fac
785 4050 914 4105 mihi
944 4065 1063 4105 eam
1093 4051 1311 4115 claram,
1340 4060 1600 4121 apertam,
1628 4061 1807 4106 notam
1834 4072 1847 4107 :
1878 4052 1960 4109 fac
1986 4064 2042 4109 ut
2067 4070 2129 4110 ea
2159 4058 2232 4112 sit

647 4141 789 4211 apud
810 4154 894 4195 me
914 4149 1058 4195 certa
1088 4150 1142 4195 et
1171 4149 1341 4210 recta.
1386 4141 1538 4211 Alius
1568 4152 1742 4195 autem
1774 4142 2035 4212 interpres
2055 4143 2190 4201 dixit
2216 4163 2233 4201 :

613 4264 617 4269 -
650 4232 930 4304 Complaua
953 4242 1069 4287 ante
1091 4248 1170 4286 me
1195 4231 1328 4285 niani
1361 4242 1532 4296 tuom;
1561 4232 1662 4288 hoc
1684 4243 1785 4299 est,
1810 4233 1995 4313 Redde
2025 4236 2233 4305 planam

646 4338 712 4381 ac
742 4324 974 4381 facilem.
999 4324 1088 4379 10.
1120 4323 1378 4391 Quoniam
1402 4324 1504 4377 non
1530 4333 1600 4378 est
1636 4325 1690 4378 in
1725 4341 1897 4379 eorum
1925 4328 2127 4393 veritas,
2148 4343 2236 4383 cor

646 4432 819 4473 eorum
838 4432 1023 4471 vanum
1047 4425 1139 4470 est.
1170 4415 1295 4470 Mihi
1320 4415 1523 4471 videtur
1544 4416 1659 4472 haec
1678 4416 1856 4473 dicere
1879 4428 1933 4473 et
1961 4418 2029 4475 de
2058 4420 2121 4475 iis
2142 4421 2233 4491 qui

648 4509 701 4564 in
728 4523 911 4566 errore
935 4517 1246 4571 versantur,
1278 4516 1333 4563 et
1371 4522 1433 4564 08
1471 4520 1525 4563 ει
1569 4518 1801 4564 mentem
1844 4526 2136 4579 accusans,
2176 4520 2234 4567 ιιι

646 4602 792 4658 omni
820 4603 963 4658 bono
981 4601 1321 4665 destitutam;
1353 4609 1410 4656 et
1432 4600 1499 4663 de
1518 4601 1581 4657 iis
1607 4602 1695 4672 qui
1717 4602 1901 4657 vivunt
1923 4604 1978 4658 in
2005 4606 2227 4660 scelere.

646 4693 731 4749 11.
767 4691 1070 4763 Sepulcrum
1094 4702 1273 4763 patens
1302 4702 1374 4745 est
1408 4701 1577 4762 guttur
1604 4709 1797 4747 eorum.
1828 4693 1923 4748 Vel
1954 4694 2228 4751 hominum

644 4783 794 4838 caede
832 4782 1108 4849 delectari,
1150 4782 1235 4838 vei
1276 4791 1481 4837 mortua
1509 4791 1564 4838 et
1588 4784 1727 4839 male
1752 4784 1947 4840 olentia
1980 4785 2228 4856 dogmata

642 4875 882 4945 proferre
906 4873 993 4929 hic
1018 4872 1166 4928 dicit.
1192 4872 1309 4928 Non
1337 4872 1661 4928 aberraverit
1699 4876 1984 4945 quispiam,
2011 4878 2055 4932 si
2086 4877 2228 4933 dicat

639 4966 802 5021 etiam
828 4980 1036 5031 corum,
1058 4964 1147 5033 qui
1178 4964 1429 5018 obscaena
1460 4964 1623 5018 verba
1652 4964 1940 5034 loquuntur
1960 5008 1973 5030 ,
2003 4983 2095 5021 ora
2127 4983 2223 5037 pa-

644 5064 759 5109 tens
782 5055 1083 5123 sepulcrum
1112 5052 1425 5122 appellasse.
1461 5052 1556 5107 Ille
1584 5053 1727 5108 enim
1751 5052 1911 5109 foster
1935 5064 2017 5111 est
2045 5059 2222 5112 sensi-
2260 5058 2263 5063 ’

643 5144 733 5203 bili
770 5146 938 5199 multo
973 5144 1205 5215 gravior,
1234 5143 1323 5213 qui
1358 5143 1571 5213 quidem
1612 5158 1675 5199 ex
1717 5146 1909 5200 anima:
1944 5148 2223 5215 putredine

639 5237 849 5292 oritur:
878 5245 1002 5305 sunt
1028 5236 1186 5291 etiam
1212 5250 1493 5289 avarorum
1531 5250 1624 5291 ora
1662 5237 1805 5303 talia,
1839 5240 2051 5307 quando
2090 5242 2221 5299 nihil

639 5325 783 5383 aliud
831 5327 1104 5397 proferunt
1128 5341 1287 5396 quam
1312 5325 1485 5380 cmdes
1514 5335 1567 5380 et
1592 5328 1824 5396 rapinas.
1864 5328 1943 5385 Ne
1985 5331 2055 5384 sit
2092 5347 2219 5403 ergo

638 5432 702 5473 os
746 5428 894 5473 tuum
941 5418 1277 5486 sepulcrum,
1324 5416 1418 5471 sed
1453 5416 1749 5473 thesaurus.
1781 5420 2037 5477 Thesauri
2077 5426 2217 5479 enim

702 5510 721 5580 ξ
755 5512 969 5580 βεξςηρᾳ
1127 5507 1368 5580 justitimn
1803 5509 1855 5561 in
1878 5513 2182 5575 prtzsidt'um.

700 5571 774 5632 (ιι)
798 5570 1033 5639 Justitiam
1056 5570 1303 5639 bic_voeat,
1320 5570 1855 5639 aduersomvirtutem.
1870 5570 2081 5639 Veteres
2099 5590 2218 5639 quo-

638 5629 736 5693 que
753 5629 1019 5695 scriptores
1041 5630 1221 5695 profani
1253 5629 1335 5679 diu
1358 5638 1475 5695 ante
1508 5631 1745 5682 Christum
1758 5634 1997 5695 justitiam
2016 5629 2216 5687 omnem

640 5690 752 5741 eam
776 5690 1003 5763 virtutem
1023 5690 1273 5763 dicebant,
1290 5704 1384 5763 qua
1407 5690 1472 5739 de
1494 5703 1551 5743 re
1587 5690 1781 5746 versum
1803 5696 2106 5761 Empedoclis
2118 5700 2214 5763 jam

638 5770 783 5819 supra
802 5766 852 5815 ι).
876 5752 957 5815 40,
976 5760 1075 5803 not.
1101 5752 1193 5814 (α),
1211 5752 1477 5803 attulimus.

2376 454 2599 511 uultum
2651 472 2683 513 a
2730 460 2992 528 sepulcris
3050 463 3337 532 diﬂ'erunt,
3386 468 3526 538 quod
3586 470 3672 527 illa
3741 474 3960 543 quidem

2370 557 2713 617 corrumpant
2776 551 2915 620 quod
2973 558 3327 624 acceperint,
3401 560 3488 616 isti
3549 577 3677 617 vero
3741 578 3961 621 conser-

2369 644 2513 689 vent.
2548 637 2693 693 llabe
2720 654 2848 710 ergo
2868 649 2922 695 tu
2949 657 3161 715 quoque
3196 645 3410 703 divitias
3444 649 3603 705 studii
3640 654 3956 723 sapientia.

2367 742 2487 796 qua:
2530 740 2786 799 perpetuo
2822 746 3165 804 permanent,
3194 738 3289 793 sed
3316 754 3425 796 non
3449 741 3695 800 faetorem
3722 744 3957 816 aliquem

2368 826 2422 871 et
2445 819 2801 888 putredinem.
2840 824 2909 879 Et
2950 840 3056 881 non
3095 827 3240 882 dixit
3279 830 3596 900 simpliciter
3630 844 3684 890 et
3710 835 3959 891 absolute

2367 910 2690 979 sepulcrum,
2715 912 2809 969 sed
2841 924 3059 984 patens,
3098 926 3155 972 ut
3191 920 3363 974 etiam
3390 922 3655 992 signiﬁcet
3692 928 3956 995 majorem

2365 1013 2487 1056 esse
2510 1001 2977 1061 abominationein.
3006 1007 3141 1063 Cum
3160 1009 3301 1064 enim
3336 1020 3609 1081 oporteret
3640 1029 3733 1069 eos
3772 1014 3957 1085 hujus-

2344 1092 2510 1178 -lmodi
2537 1095 2698 1151 verba
2723 1096 2918 1171 celare,
2948 1098 3024 1153 illi
3051 1100 3213 1155 etiam
3234 1101 3508 1170 proferunt
3528 1113 3586 1158 ut
3605 1118 3758 1161 suum
3782 1110 3958 1178 magis

2358 1176 2607 1238 morbum
2633 1186 2935 1242 ostendant.
2973 1187 3122 1243 Et~in
3148 1191 3373 1245 mortuis
3396 1192 3611 1263 quidem
3637 1176 3959 1265 corporibus

2363 1272 2687 1327 contrarium
2707 1274 2980 1345 facientes,
2998 1287 3154 1334 terra:
3173 1280 3428 1337 tradimus
3448 1300 3462 1336 :
3483 1281 3537 1336 hi
3573 1293 3750 1339 autem
3780 1285 3834 1340 in
3868 1284 3960 1342 his

2362 1360 2540 1415 verbis
2563 1363 2758 1417 faciunt
2780 1368 3131 1431 contrarium,
3151 1382 3203 1424 et
3226 1367 3370 1440 quod
3394 1372 3444 1426 in
3466 1371 3573 1427 imo
3593 1373 3754 1429 corde
3773 1375 3956 1432 celare

2362 1459 2633 1517 Oporteret
2660 1461 2715 1517 et
2741 1454 3024 1518 suffocare.
3056 1443 3392 1528 proferentes
3410 1501 3427 1527 ,
3466 1470 3520 1516 et
3559 1463 3755 1518 multos
3780 1464 3955 1520 oﬂ'en-

2362 1538 2571 1607 dentes,
2590 1550 2645 1596 et
2666 1545 2915 1600 omnibus
2945 1546 3167 1602 videnda
3195 1558 3570 1618 proponentes.
3604 1552 3707 1607 Sed
3733 1567 3829 1609 eos
3855 1554 3953 1625 qui

2364 1631 2496 1686 tales
2517 1637 2887 1713 sunthquzso,
2910 1636 3207 1707 abigamus.
3239 1638 3297 1694 Si
3322 1640 3464 1695 enim
3492 1651 3697 1697 mortus
3719 1657 3952 1713 corpora

2359 1730 2509 1775 extra
2534 1696 2719 1777 urhe'ui
2737 1696 3029 1793 sepelimu;
3048 1726 3146 1798 (α),
3171 1727 3341 1783 multo
3364 1729 3535 1800 magis
3560 1745 3654 1786 eos
3678 1696 3956 1801 quiverit;

2359 1820 2586 1877 mortua,
2614 1820 2669 1867 et
2693 1813 2783 1883 qui
2808 1815 2931 1869 talia
2960 1816 3257 1885 proferunt,
3288 1827 3344 1875 et
3362 1834 3431 1875 ne
3451 1829 3630 1891 tegere
3650 1828 3745 1876 aut
3761 1822 3954 1877 obum-

2359 1897 2516 1956 brare
2533 1901 2748 1971 quidem
2770 1904 2975 1971 volunt,
3000 1906 3157 1977 longe
3184 1908 3471 1965 amandare
3492 1912 3702 1980 oportet
3725 1930 3739 1967 :
3763 1910 3957 1983 hujus-

2357 1989 2501 2045 modi
2544 1992 2689 2047 enim
2730 2008 2825 2049 ora
2875 2004 3000 2051 sunt
3038 1999 3340 2055 communis
3384 2000 3614 2057 civitatis
3656 2004 3949 2073 pernicies.

2356 2080 2570 2154 Linguis
2591 2085 2697 2140 suis
2716 2086 2888 2142 dolose
2904 2084 3134 2159 agebant.
3166 2090 3358 2148 Vidisti
3383 2093 3525 2149 aliud
3550 2109 3721 2165 genus
3742 2097 3952 2167 impro-

2356 2172 2557 2230 bitatis.
2582 2174 2646 2231 lii
2667 2177 2881 2246 quidem
2909 2178 3089 2234 dolum
3115 2180 3167 2235 in
3194 2193 3375 2238 mente
3398 2196 3493 2238 sua
3514 2184 3709 2253 celant,
3735 2186 3956 2244 blandis

2356 2264 2533 2320 verbis
2552 2275 2764 2321 utentes
2786 2284 2800 2319 :
2823 2268 2913 2323 alii
2933 2280 3111 2325 autem
3140 2270 3277 2328 adeo
3300 2282 3428 2329 sunt
3452 2275 3583 2331 vafri
3605 2286 3659 2332 et
3683 2278 3863 2346 astuti,
3886 2289 3948 2337 ut

2358 2353 2411 2408 in
2437 2354 2567 2425 ipsis
2585 2357 2766 2412 verbis
2805 2359 3199 2431 improbitatem
3227 2365 3512 2437 obtegant,
3544 2368 3861 2441 fraudesque
3886 2384 3950 2430 et

2354 2442 2573 2501 insidias
2597 2456 2927 2505 construant.
2944 2450 3136 2507 Judiea
3151 2453 3288 2522 illos,
3311 2454 3445 2511 Deus
3460 2499 3479 2524 ,
3506 2460 3784 2515 eat-idonea
3803 2465 3952 2532 cogi-

2356 2537 2627 2593 tationibus
2661 2541 2786 2596 suis.
2820 2540 2954 2598 Vide
2979 2542 3068 2600 hic
3091 2546 3250 2601 etiam
3277 2562 3436 2616 quam
3467 2550 3536 2606 sit
3577 2553 3722 2608 mitis
3746 2556 3945 2609 oratio.

2351 2625 2469 2681 Non
2496 2628 2641 2683 enim
2668 2628 2802 2685 dixit
2827 2646 2842 2684 :
2875 2630 3027 2697 Puni,
3056 2632 3173 2699 sed,
3196 2632 3388 2691 Judiea
3411 2652 3516 2705 eos,
3537 2648 3593 2695 et
3627 2639 3710 2695 fac
3737 2654 3794 2697 ut
3823 2657 3948 2698 ces-

2350 2724 2473 2773 sent
2499 2731 2533 2773 a
2560 2719 2720 2785 vitio;
2761 2718 2844 2776 fac
2883 2730 2944 2776 ut
2984 2722 3092 2778 sint
3128 2724 3277 2780 irrita
3306 2742 3491 2782 eorum
3512 2731 3764 2798 consilia,
3792 2734 3944 2805 quod

2350 2808 2511 2864 etiam
2536 2824 2633 2880 pro
2662 2810 2793 2880 ipsis
2815 2822 2898 2868 est
2924 2828 3106 2879 orare,
3143 2827 3201 2871 ut
3243 2833 3350 2873 non
3391 2820 3525 2875 ultra
3569 2824 3946 2894 progrediatur

2350 2911 2536 2953 eorum
2558 2900 2889 2970 improbitas.
2917 2902 3215 2960 Secundum
3234 2909 3605 2966 multitudinem
3624 2914 3946 2983 impietutum

2350 3003 2526 3043 eorum
2556 2991 2753 3062 expelle
2792 3008 2876 3047 eos
2898 3034 2913 3060 ,
2953 2998 3190 3063 quoniam
3233 2998 3551 3055 irritaverant
3591 3013 3656 3069 te,
3700 3004 3942 3063 Domine.

2350 3076 2463 3135 Hoc
2480 3088 2592 3147 est,
2618 3080 2733 3136 Non
2762 3092 2887 3137 sunt
2910 3085 3043 3140 mihi
3060 3101 3204 3144 cura:
3222 3104 3287 3143 ea
3310 3106 3430 3154 quia
3456 3093 3584 3147 mihi
3609 3092 3745 3150 facta
3771 3106 3897 3152 sunt
3922 3118 3940 3155 :

2348 3169 2446 3225 sed
2474 3171 2630 3229 doleo
2664 3183 2884 3243 propter
2907 3190 2967 3231 ea
2993 3178 3111 3247 qua:
3142 3180 3233 3235 tibi
3261 3181 3517 3238 fecerunt.
3547 3185 3659 3240 Hoc
3688 3195 3769 3241 est
3789 3190 3941 3244 enim

2346 3260 2401 3315 in
2440 3263 2647 3332 primis
2671 3265 2743 3335 pii
2788 3274 2841 3321 et
2879 3267 3135 3336 sapientis
3174 3272 3369 3339 animi,
3398 3288 3523 3329 suas
3549 3276 3761 3345 quidem
3789 3280 3942 3335 nolle

2346 3350 2562 3420 ulcisci,
2590 3354 2685 3409 sed
2717 3356 2809 3411 Dei
2837 3357 3057 3427 injurias
3084 3359 3432 3418 vehementer
3469 3368 3734 3437 persequi.
3779 3352 3935 3426 Ilulti

2344 3440 2545 3501 faciunt
2569 3444 2651 3501 his
2670 3450 2955 3515 contraria,
2984 3466 3103 3521 qua:
3132 3453 3184 3507 in
3216 3453 3382 3509 Deum
3411 3457 3624 3526 quidem
3648 3458 3785 3514 facta
3803 3472 3935 3517 sunt

2341 3545 2766 3613 contemnentes,
2787 3555 2908 3611 quae
2936 3541 3068 3598 inse
3094 3552 3271 3599 autem
3297 3554 3510 3615 peccata
3530 3550 3789 3624 acerrime
3814 3553 3938 3608 vin-

2343 3627 2603 3685 dicantes.
2630 3630 2701 3685 At
2726 3646 2830 3697 non
2857 3632 2936 3689 sic
2961 3636 3149 3701 sancti,
3175 3635 3269 3692 sed
3292 3652 3475 3693 eorum
3500 3641 3712 3711 quidem
3735 3661 3853 3715 qua:
3876 3646 3935 3700 in

2344 3718 2508 3775 Deum
2536 3720 2751 3787 ﬁebant,
2773 3732 2925 3779 erant
2951 3728 3196 3782 acerrimi
3220 3727 3485 3795 vindices;
3514 3746 3632 3801 qua:
3661 3734 3714 3787 in
3744 3750 3803 3791 se
3828 3750 3933 3790 au-

2343 3818 2450 3865 tem
2467 3853 2479 3873 .
2512 3814 2865 3884 negligebant.

2411 3899 2615 3956 Lmtitia
2662 3920 2725 3958 ea:
2768 3903 2879 3961 Deo
2918 3907 3087 3976 ﬁrma.
3116 3938 3190 3949 -—
3217 3910 3304 3965 12.
3335 3928 3357 3965 s
3389 3910 3457 3976 Et
3491 3912 3723 3969 [tutentur
3757 3934 3957 3974 eomes»

2338 3992 2425 4061 qui
2447 3996 2729 4063 sperantin
2757 4007 2823 4051 te.
2853 4016 2873 4049 ι
2910 3998 3040 4056 Vide
3065 4000 3269 4057 lucrum
3294 4006 3570 4062 orationis.
3614 4007 3681 4061 Et
3707 4007 3783 4062 illi
3808 4026 3929 4064 ine-

2338 4081 2499 4139 liores
2527 4085 2772 4149 evadent,
2798 4096 2852 4143 et
2873 4088 3133 4145 desistent
3152 4105 3183 4147 a
3210 4093 3380 4159 vitiis;
3412 4105 3465 4149 et
3493 4096 3581 4150 alii
3617 4113 3805 4169 magna
3825 4114 3929 4155 vo-

2341 4175 2539 4245 luptate
2567 4176 2881 4243 afﬁcientur,
2912 4180 3150 4237 videntes
3168 4184 3377 4239 illorum
3399 4187 3765 4256 mutationem,
3787 4199 3839 4245 et
3854 4193 3929 4249 ad

2338 4267 2390 4320 id
2415 4268 2556 4335 quod
2582 4278 2665 4323 est
2692 4270 2882 4325 melius
2910 4274 3312 4329 conversionem
3338 4316 3352 4340 ,
3383 4284 3438 4329 et
3462 4277 3595 4333 alios
3623 4293 3684 4332 ea
3716 4280 3929 4339 ratione

2338 4355 2455 4412 ﬁeri
2478 4359 2749 4414 meliores.
2783 4360 2848 4413 In
2873 4372 3113 4415 mternnm
3139 4364 3489 4432 exsultabant,
3523 4375 3570 4420 et
3597 4367 3841 4423 liabitabis
3867 4372 3927 4425 in

2338 4449 2426 4501 eis.
2460 4448 2572 4509 Hoc
2608 4458 2688 4505 est
2726 4453 2867 4506 enim
2906 4454 3135 4508 maxime
3158 4454 3407 4525 gaudium
3437 4468 3782 4527 perpetuum;
3817 4462 3923 4516 alia

2336 4538 2477 4591 enim
2519 4540 2706 4609 gaudia
2747 4541 2913 4595 nihilo
2953 4551 3077 4596 sunt
3122 4543 3393 4599 stabiliora
3441 4562 3597 4615 quam
3638 4547 3921 4606 fluviorum

2335 4628 2551 4694 ﬂuenta,
2580 4644 2697 4702 quae
2727 4633 2883 4688 simul
2905 4649 2967 4690 ac
2993 4634 3238 4689 videntur
3263 4637 3660 4705 praeterﬂuunt;
3690 4656 3807 4710 quin
3831 4653 3917 4700 est

2333 4732 2507 4777 autem
2536 4738 2605 4779 ex
2632 4725 2739 4779 Deo
2766 4726 2966 4790 laetitia,
2999 4736 3209 4793 manet,
3242 4729 3509 4797 [imisque
3534 4731 3697 4786 lueret
3723 4734 3921 4789 radici-

2332 4814 2457 4879 bus,
2475 4824 2529 4869 et
2551 4826 2634 4869 est
2652 4814 2923 4871 sufﬁciens
2944 4858 2957 4877 .
2990 4828 3245 4887 perpetua
3273 4834 3337 4874 ac
3362 4820 3586 4887 stabilis,
3613 4836 3731 4892 quas
3758 4824 3919 4883 nullis

2333 4903 2617 4973 inopinatis
2644 4919 2708 4958 ac
2734 4905 3110 4975 iuexspectatis
3132 4908 3341 4963 casibus
3368 4911 3787 4981 interrumpitur,
3819 4913 3919 4971 sed

2333 5008 2424 5063 per
2461 5009 2524 5050 ea
2562 5010 2680 5064 quae
2720 4996 3004 5064 prohibent
3038 4998 3209 5065 major
3243 5008 3296 5053 et
3332 4999 3609 5056 sublimior
3649 5002 3909 5059 redditur.

2328 5084 2460 5140 Nam
2500 5095 2553 5140 et
2586 5086 2807 5154 apostoli
2836 5085 3055 5157 ﬂagellis
3086 5087 3442 5154 caedebantur,
3484 5098 3540 5145 et
3571 5091 3910 5160 gaudebant;

2327 5188 2381 5234 et
2401 5178 2598 5235 Paulus
2624 5177 2977 5249 afﬂigebatur,
3008 5190 3062 5236 et
3086 5181 3425 5255 exsultabat:
3455 5184 3743 5239 moriturus
3770 5196 3911 5253 erat,

2326 5281 2381 5327 et
2416 5273 2592 5343 gaudii
2628 5272 2915 5341 participes
2938 5274 3254 5343 appellabat.
3278 5274 3462 5330 dicens
3493 5293 3507 5330 :
3540 5276 3645 5331 Sed
3666 5276 3758 5330 etsi
3780 5278 3899 5336 deli-

2328 5363 2417 5417 bor
2441 5374 2649 5432 prapter
2678 5364 2985 5433 sacriﬁcium
3005 5374 3052 5419 et
3077 5364 3405 5420 ministerium
3428 5367 3547 5434 ﬁdei
3564 5382 3767 5435 vestrm,
3786 5384 3921 5438 gau-

2325 5456 2419 5509 deo
2448 5464 2494 5509 et
2524 5439 2749 5509 colltrtor
2775 5472 2888 5509 cum
2907 5457 3041 5510 vobis
3068 5457 3316 5510 omnibus.
3348 5455 3533 5510 Itidem
3562 5474 3647 5511 vos
3671 5458 3905 5529 gaudete,

2324 5556 2369 5601 et
2392 5563 2586 5601 mecum
2606 5546 2931 5601 consulamini
2957 5545 3214 5617 (Philipp.
3244 5547 3297 5602 2.
3325 5549 3411 5603 l7.
3437 5549 3547 5619 18).
3578 5550 3710 5603 Cum
3733 5550 3798 5605 iis
3816 5553 3908 5620 qui

2386 5636 2461 5701 (α)
2495 5643 2594 5686 tios
2606 5637 2878 5701 sepeliendi
2895 5651 3094 5701 corpora
3109 5639 3448 5690 defunctorum
3467 5648 3606 5689 extra
3627 5642 3794 5699 urbes,
3811 5654 3912 5694 non

2322 5700 2699 5813 apudungtli‘u‘nos
2716 5700 2873 5762 modo,
2898 5701 2985 5751 sed
3011 5703 3158 5751 etiam
3179 5702 3305 5765 apud
3338 5702 3664 5753 Athenienses
3692 5701 3910 5767 aliosque

2324 5774 2374 5811 in
2393 5772 2451 5811 us
