4178 6438
151 503 207 560 ω
1418 496 1780 556 EXPOSITIO
1817 494 1885 553 IN
1921 495 2250 553 PSALMUM
2296 496 2355 552 V.
3456 505 3524 555 70

164 620 222 674 ita
260 617 516 673 lmtantur
562 617 725 675 Deus
780 617 1025 673 habitat.
1059 616 1417 687 Quamobrem
1446 616 1556 684 ipsa
1586 624 1801 683 quoque

172 710 281 766 dicit
311 729 325 764 :
357 708 379 764 1
390 729 423 763 n
445 722 711 765 cteruum
745 709 1109 771 exsultabant,
1132 716 1179 762 el
1205 707 1454 761 Itabilabis
1486 707 1539 759 in
1566 707 1660 759 eis.
1690 703 1803 759 lloc

180 807 333 875 ip~um
371 805 629 859 Christus
674 804 851 859 etiam
894 800 1204 874 signiﬁcans
1240 799 1475 866 dicebat,
1509 797 1802 854 ostendens

188 914 291 953 eam
313 898 647 966 voluptatem
683 897 917 951 minime
949 909 1105 964 posse
1130 907 1383 949 cessare:
1408 892 1606 948 Rursus
1624 891 1802 946 «dabo

194 1004 286 1056 ros,
314 1000 359 1043 et
382 989 639 1059 gaudium
667 997 897 1043 oestrum
919 1003 1067 1041 nemo
1090 986 1220 1040 tollit
1244 982 1430 1057 (Joan.
1457 981 1542 1038 16.
1571 981 1688 1054 22).
1734 982 1801 1037 Et

192 1095 364 1135 rursus
410 1080 663 1134 Paulus:
702 1079 926 1149 Semper
968 1077 1216 1149 gaudete,
1270 1074 1475 1129 assidue
1521 1084 1663 1129 orate
1707 1073 1793 1143 (1.

191 1170 361 1227 Thess.
394 1173 449 1227 5.
483 1171 576 1227 18.
610 1171 741 1242 17).
792 1167 863 1224 Et
898 1167 1251 1243 gloriabuntur
1283 1168 1337 1221 in
1376 1177 1425 1221 te
1456 1166 1545 1235 qui
1578 1166 1799 1236 diligunt

187 1280 363 1319 mea
390 1274 556 1317 luunt.
593 1263 690 1317 llis
713 1262 861 1318 enim
888 1261 1016 1317 solis
1041 1260 1167 1317 licet
1191 1259 1425 1315 maxime
1448 1256 1687 1330 gloriari,
1715 1256 1799 1311 bis

184 1355 418 1425 gaudere
449 1398 464 1418 ,
498 1353 587 1409 his
618 1354 786 1408 laetari
824 1362 921 1408 :at
961 1352 1049 1424 qui
1087 1351 1155 1408 de
1195 1351 1262 1407 iis
1312 1366 1433 1421 qua:
1461 1349 1528 1403 ad
1560 1350 1698 1403 hanc
1720 1347 1797 1402 vi-

186 1454 288 1499 tam
315 1447 597 1518 pertinent
625 1444 908 1516 gloriatur,
939 1460 1003 1499 ac
1026 1442 1129 1499 sibi
1159 1442 1353 1513 placet,
1381 1441 1426 1496 is
1455 1440 1589 1495 nihil
1613 1438 1797 1495 didert

183 1535 341 1591 abiis
364 1537 458 1606 qui
492 1536 547 1591 in
574 1551 766 1591 sonum
791 1536 1065 1606 Voluptate
1092 1533 1361 1589 fruuntur.

251 1626 308 1681 6.
341 1625 489 1694 Quid
518 1626 665 1679 cnim
697 1625 825 1679 mihi
845 1667 862 1691 ,
889 1626 996 1691 die,
1028 1638 1231 1696 qumso,
1258 1638 1325 1678 ex
1358 1622 1519 1678 rebus
1545 1622 1797 1677 humanis

184 1728 266 1771 est
288 1716 597 1786 ejusmodi,
625 1725 684 1771 ut
706 1716 775 1772 de
802 1732 870 1772 eo
895 1715 1013 1787 quis
1039 1715 1210 1787 possit
1236 1729 1363 1769 vere
1387 1728 1450 1768 ac
1478 1712 1651 1770 solide
1681 1714 1796 1785 glo-

185 1809 346 1862 riari?
380 1808 539 1863 Vires
565 1808 843 1877 corporis?
887 1806 994 1863 Sed
1034 1816 1090 1861 ut
1121 1821 1213 1863 eas
1242 1804 1444 1861 validas
1475 1804 1793 1873 habeamus,

188 1913 293 1953 non
317 1910 403 1953 est
426 1898 599 1953 nostri
620 1898 850 1965 arbitrii,
874 1907 928 1953 et
948 1896 1068 1952 ideo
1088 1911 1194 1951 non
1217 1907 1303 1953 est
1317 1895 1461 1967 quod
1482 1895 1794 1967 gloriemur,

184 1997 239 2043 et
262 1988 469 2059 alioqui
499 1987 826 2043 ﬂaccescunt
863 1996 918 2042 ct
953 1986 1201 2043 excidunt
1240 1986 1523 2052 celeriter,
1556 1994 1611 2041 et
1652 1999 1798 2055 stepe

184 2080 345 2136 etiim
386 2064 592 2135 lxi-dunt
624 2095 747 2136 eum
786 2080 879 2150 qul
917 2090 999 2134 est
1028 2079 1092 2134 iis
1123 2077 1398 2148 prxditus,
1423 2077 1469 2134 si
1497 2077 1563 2134 iis
1590 2092 1697 2135 non
1735 2086 1795 2135 ut

185 2181 398 2241 oportet
430 2180 632 2226 utatur.
678 2169 790 2227 lloc
831 2169 991 2225 etiam
1028 2169 1133 2225 dici
1177 2178 1353 2240 potest
1393 2169 1461 2226 de
1496 2170 1795 2242 pulehritu-
1846 2174 1851 2181 '

184 2264 329 2319 dine.
359 2265 429 2319 de
455 2262 679 2329 divitiis,
708 2262 777 2318 de
806 2262 1063 2333 potentia,
1093 2261 1161 2317 de
1188 2262 1478 2332 voluptate,
1509 2273 1564 2318 et
1592 2258 1660 2317 de
1684 2277 1796 2318 om.

187 2354 341 2411 uibus
382 2372 507 2425 qua:
552 2356 619 2409 ad
649 2354 786 2410 hanc
821 2355 1309 2426 vitampcrtinent.
1350 2353 1407 2409 ln
1466 2355 1574 2411 Deo
1613 2364 1793 2411 autem

184 2455 237 2501 ct
266 2447 318 2500 in
344 2448 465 2515 ejus
490 2461 677 2502 amore
696 2446 937 2517 gloriari,
974 2455 1055 2501 est
1099 2457 1320 2501 ornatus
1347 2448 1586 2502 omnium
1618 2448 1793 2503 maxi-

185 2554 323 2601 mus,
348 2548 401 2593 et
425 2540 681 2609 splendor
699 2538 788 2610 qui
809 2538 1214 2595 innumerabilia
1230 2548 1449 2609 superat
1466 2537 1789 2605 diademata,

184 2630 391 2684 etiamsi
430 2631 498 2684 sit
529 2632 770 2701 captivus
798 2632 843 2685 is
869 2632 958 2702 qui
984 2630 1261 2701 gloriatur.
1306 2631 1404 2686 llic
1433 2640 1653 2686 ornatus
1685 2647 1790 2686 non

184 2723 395 2788 lllOlbO,
428 2739 537 2777 non
567 2723 740 2789 senio,
773 2738 881 2779 non
910 2737 1087 2777 rerum
1118 2722 1506 2789 vicissitudine,
1533 2737 1640 2777 non
1667 2730 1796 2777 tem-

186 2826 375 2882 porum
404 2813 683 2878 varietate,
713 2830 820 2868 non
848 2813 961 2884 ipsa
991 2812 1224 2884 denique
1248 2825 1421 2869 morte
1450 2813 1789 2885 interrumpi-

187 2916 307 2959 tur:
338 2905 434 2961 sed
461 2916 586 2959 tunc
610 2908 770 2960 etiam
793 2905 961 2976 magis
982 2904 1309 2974 rcSpleudet.
1342 2906 1427 2960 15.
1461 2903 1716 2970 Quoniam
1733 2913 1792 2959 tu

184 2999 446 3055 Maedica
465 3000 630 3071 justo.
671 2993 934 3068 Quoniam
973 2999 1121 3054 multi
1160 3015 1227 3054 ex
1266 2999 1332 3055 iis
1371 3000 1460 3070 qui
1501 2998 1573 3053 ila
1613 2997 1791 3054 allecti

185 3104 330 3157 sunt,
356 3091 572 3162 probris
596 3106 659 3146 ac
678 3090 980 3146 maledictis
1006 3091 1076 3147 ab
1101 3089 1407 3146 hominibus
1434 3099 1785 3161 appetuntur,

186 3195 251 3235 ac
273 3181 593 3249 irridentur,
622 3191 676 3237 et
701 3181 935 3242 maxime
958 3186 1047 3252 qui
1076 3181 1325 3237 virtutem
1356 3190 1787 3253 persequuntur:

187 3292 254 3333 ne
292 3279 415 3349 quis
452 3293 520 3333 ex
555 3278 911 3335 crassioribus
952 3287 1230 3348 propterea
1270 3279 1507 3334 animum
1549 3280 1788 3349 abjiciat,

186 3369 302 3423 vide
321 3368 597 3439 quiomodo
616 3368 732 3438 ejus
754 3378 988 3424 mentem
1014 3367 1163 3424 fulcit
1180 3378 1235 3425 et
1254 3380 1539 3436 sustentat,
1561 3370 1748 3426 dicens
1771 3387 1786 3426 :

191 3459 447 3528 Quoniam
468 3470 522 3513 tu
550 3462 983 3534 benedicerjuslo.
1012 3460 1149 3531 Quid
1179 3462 1321 3518 enim
1347 3462 1528 3519 damni
1556 3464 1783 3534 accipit,

189 3552 230 3607 si
256 3552 503 3608 homines
530 3562 898 3620 contemnant,
924 3562 980 3609 et
1005 3554 1291 3610 universus
1317 3555 1465 3611 orbis
1495 3566 1783 3623 terrarum,

187 3645 396 3714 grando
424 3644 685 3700 Dominus
714 3646 1025 3715 angelorum
1048 3664 1173 3704 eum
1206 3647 1382 3703 laudat
1409 3657 1464 3703 et
1492 3649 1788 3721 prauiicat?

187 3737 648 3806 Quemadmodum
694 3739 738 3794 si
784 3740 901 3809 ipse
944 3758 1049 3796 non
1096 3740 1413 3810 benedicat,
1444 3744 1545 3798 etsi
1594 3759 1786 3800 onmes

189 3828 421 3894 laudent,
444 3830 533 3900 qui
558 3840 753 3885 terram
779 3843 833 3885 et
860 3848 1007 3887 mare
1029 3832 1289 3900 habitant,
1313 3833 1361 3889 ei
1388 3834 1517 3889 nihil
1543 3835 1781 3905 prodest.

189 3918 295 3974 [loc
313 3934 444 3989 ergo
465 3920 611 3973 oumi
640 3922 846 3977 ratiOne
863 3937 1134 3985 curemus,
1166 3932 1225 3977 ut
1249 3923 1364 3993 ipse
1386 3940 1484 3980 nos
1508 3926 1783 3994 prmdieet,

188 4009 297 4080 ipse
322 4026 427 4065 nos
444 4019 691 4066 coronet.
719 4011 874 4079 Quod
903 4013 946 4067 si
980 4012 1090 4077 ﬁat,
1114 4028 1299 4069 sumus
1327 4014 1578 4071 omnibus
1600 4016 1786 4072 excel-

186 4102 393 4167 siores,
446 4103 654 4157 etiamsi
709 4102 760 4159 in
817 4112 1161 4175 paupertate,
1210 4106 1420 4162 etiamsi
1467 4107 1522 4162 in
1571 4108 1781 4175 morbo,

186 4194 389 4248 etiamsi
435 4195 490 4247 in
525 4196 781 4261 extremis
820 4196 971 4251 undis
1008 4184 1194 4253 simus.
1237 4196 1369 4253 Nam
1399 4199 1560 4254 etiam
1589 4199 1783 4256 beatus

189 4282 285 4338 Job
308 4286 361 4338 in
387 4288 723 4355 sterquilinio
744 4287 965 4354 sedens,
996 4288 1274 4368 vulnerum
1312 4290 1464 4346 sanie
1499 4291 1779 4347 exulcerao

189 4384 289 4442 tm,
312 4377 789 4435 innumerabilibus
809 4390 1019 4436 scatens
1040 4381 1299 4436 vermium
1331 4381 1589 4450 fontibus,
1612 4392 1668 4439 et
1687 4384 1780 4440 illa

188 4467 547 4538 indignissima
578 4470 803 4540 patiens,
828 4482 887 4526 ut
911 4472 1051 4542 quia
1078 4474 1248 4527 servis
1271 4485 1679 4542 conSpueretcr,
1702 4476 1781 4532 ei-

186 4574 285 4628 qlte
305 4559 375 4614 ab
402 4562 591 4616 amicis
617 4572 669 4616 et
696 4562 944 4627 inimicis,
975 4575 1030 4619 et
1054 4563 1123 4618 ab
1149 4580 1316 4620 uxore
1346 4565 1553 4621 insidiae
1585 4567 1777 4623 tende-

187 4662 386 4717 rentur,
409 4662 466 4707 et
480 4652 545 4706 ad
570 4653 824 4723 inepiam,
848 4653 1062 4720 famem,
1086 4665 1141 4709 et
1166 4656 1609 4715 innncdicabilem
1630 4660 1781 4733 ωσι-ἰ-

188 4743 416 4798 tudiacm
448 4743 593 4799 illam
622 4755 765 4800 esset
791 4745 1037 4800 redactus
1062 4788 1076 4811 ,
1115 4757 1231 4801 erat
1259 4750 1499 4804 omnium
1523 4749 1773 4807 beatissi-

186 4847 318 4911 mus.
343 4833 661 4903 Quomodo?
686 4835 946 4903 Quoniam
972 4836 1169 4893 Deusei
1191 4838 1774 4900 benedicebatdiccns:

189 4916 349 4980 lloino
376 4940 406 4979 a
435 4925 852 4995 reprehensione
878 4929 1105 4994 alienus,
1122 4929 1317 5000 justus,
1335 4946 1514 4997 verus,
1544 4934 1684 5003 pius,
1708 4935 1777 4990 ah

187 5016 322 5069 omni
350 5032 409 5071 re
440 5016 579 5071 mala
596 5017 889 5076 abstinens.
922 5019 1158 5087 Domine,
1187 5032 1242 5075 tu
1266 5032 1410 5078 scuto
1430 5024 1574 5079 bonae
1596 5026 1777 5080 volun-

190 5107 297 5160 tatis
320 5117 422 5163 lac
448 5109 703 5162 coronati
753 5126 846 5165 nos
891 5108 1031 5183 (Job
1057 5113 1107 5167 1.
1144 5112 1234 5181 1).
1278 5113 1486 5170 Rursus
1531 5116 1689 5172 desiit
1720 5118 1771 5171 in

188 5201 466 5266 graziarum
492 5202 785 5267 actionem,
818 5203 1107 5272 gratiarum
1141 5206 1367 5262 aetionis
1396 5205 1627 5279 hymnos
1664 5208 1774 5265 Deo

188 5290 421 5346 oder-eus.
474 5289 627 5362 Quod
670 5304 752 5349 est
787 5303 965 5351 autem
999 5304 1208 5351 scutum
1250 5298 1403 5353 bona:
1444 5299 1773 5356 voluntatis?

186 5380 392 5439 Scotum
435 5387 716 5455 Optimum,
758 5398 966 5445 sentum
1014 5391 1309 5446 secundum
1358 5392 1451 5447 Dei
1492 5406 1767 5462 mentem,

188 5487 322 5529 arma
366 5477 720 5547 pulcherrima
765 5480 867 5551 (a).
909 5480 1062 5549 Quod
1107 5492 1287 5539 autem
1328 5484 1477 5553 dicit,
1507 5486 1613 5543 tale
1639 5497 1723 5544 est
1750 5504 1769 5542 :

187 5563 282 5621 Nos
305 5573 508 5637 optimo
535 5570 731 5626 auxilio
760 5572 1017 5629 muniisti.
1057 5573 1211 5630 Alius
1244 5586 1423 5631 autem
1468 5578 1767 5649 interpres,

188 5661 266 5730 Qui
290 5661 435 5727 dicit,
464 5661 741 5719 Corneliis
768 5665 960 5734 ipsum,
992 5665 1059 5722 de
1081 5667 1231 5738 justo
1256 5668 1411 5735 dixit,
1438 5679 1495 5725 ut
1524 5670 1764 5737 doceret,

189 5752 462 5811 Gorotrabis
488 5756 659 5827 ipsum
682 5756 910 5827 justum,
942 5758 1045 5815 hoc
1068 5768 1188 5823 est.
1224 5760 1364 5818 bona
1402 5771 1491 5818 tua
1518 5764 1768 5821 voluntas

189 5853 257 5899 est
298 5846 369 5900 illi
411 5862 509 5917 pro
544 5848 731 5914 annis,
757 5847 929 5921 iisque
966 5851 1427 5923 prtestantissimis
1458 5871 1471 5909 :
1500 5854 1587 5911 vel
1614 5854 1765 5923 illud,

240 5965 304 6030 la)
335 5975 443 6022 Inc
457 5969 638 6022 eodem
655 5982 828 6032 sensu,
848 5973 937 6024 sed
960 5974 1069 6025 aliis
1091 5977 1259 6027 verbis
1279 5977 1427 6030 effert
1449 5979 1646 6043 Regius.

1911 607 2127 678 Optimo
2152 611 2354 666 auxilio
2377 608 2582 681 justum
2613 608 2810 677 munis,
2840 622 2895 667 ct
2923 625 3097 683 neque
3124 612 3243 683 ejus
3278 612 3513 683 pulchri--

1911 705 2039 759 tudo
2059 704 2263 775 privata
2285 714 2369 761 est
2392 706 2703 769 securitate,
2733 719 2908 775 neque
2931 704 3051 776 ejus
3069 706 3331 763 securitas
3350 706 3519 778 gloria

1909 798 2240 853 destituitur.
2271 796 2411 866 Quid
2435 797 2578 853 enim
2613 797 2834 864 fortius,
2862 798 2989 870 quid
3016 815 3204 855 rursus
3230 800 3520 856 formosius

1908 906 1976 946 eo
2002 891 2139 959 viro,
2166 891 2260 961 qui
2298 906 2330 945 a
2364 905 2595 960 superna
2620 890 2809 946 dextra
2839 891 3114 947 munitur?
3160 893 3291 948 Hmc
3317 908 3519 948 corona

1906 983 2067 1037 etiam
2098 998 2163 1037 ex
2191 982 2557 1039 misericordia
2580 983 2907 1046 contexitur,
2927 985 3382 1055 quemadmodum
3404 986 3521 1057 ipse

1908 1072 2073 1128 David
2103 1072 2231 1128 dicit
2254 1072 2380 1128 alibi
2408 1091 2423 1129 :
2448 1073 2547 1142 Qui
2576 1084 2624 1128 te
2650 1085 2860 1129 coronat
2884 1075 2938 1129 in
2968 1076 3317 1131 misericordia
3341 1088 3390 1131 cl
3416 1079 3515 1131 mi-

1904 1164 2242 1219 serationibus
2270 1162 2458 1235 (Psal.
2492 1164 2613 1221 102.
2647 1165 2741 1234 4).
2789 1166 2917 1222 Ιιωο
2960 1168 3122 1222 etiam
3164 1183 3229 1223 ex
3265 1169 3472 1239 justitia
3498 1210 3514 1234 ,

1903 1254 2358 1325 quemadmodum
2388 1255 2519 1311 dicit
2548 1256 2743 1312 Paulus
2775 1274 2791 1313 :
2820 1256 2901 1313 De
2923 1268 3105 1314 cetera
3130 1260 3257 1314 mihi
3275 1269 3348 1315 est
3369 1276 3519 1332 repo-

1902 1348 2004 1403 sita
2023 1346 2245 1419 jusliliw
2272 1364 2460 1403 corona
2486 1348 2561 1420 (2.
2600 1347 2735 1403 Tim.
2770 1350 2823 1405 4.
2851 1348 2930 1421 8).
2975 1351 3071 1406 Est
3112 1352 3275 1407 etiam
3317 1367 3516 1410 corona

1903 1439 2124 1511 gratia},
2170 1440 2311 1495 sicut
2350 1440 2480 1496 dicit
2523 1440 2663 1496 alius
2695 1440 2938 1498 :Corona
2980 1452 3151 1498 autem
3189 1445 3513 1516 gratiarum‘

1905 1531 2139 1602 defendet
2160 1541 2207 1586 te
2235 1530 2417 1602 (Prov.
2440 1533 2493 1588 ι.
2520 1532 2600 1604 9).
2646 1532 2765 1588 Jam
2810 1550 2939 1589 vero
2980 1545 3064 1590 est
3106 1537 3269 1592 etiam
3316 1551 3512 1593 corona

1902 1624 2109 1695 glorias,
2140 1624 2280 1680 sicut
2304 1626 2429 1681 dicit
2458 1624 2621 1680 lsaias
2652 1643 2665 1681 :
2699 1626 2813 1681 Erit
2838 1643 3031 1682 corona
3060 1630 3170 1701 spei
3190 1670 3207 1696 ,
3241 1647 3304 1685 ex
3349 1631 3515 1701 gloria

1903 1726 2139 1771 contexta
2165 1714 2436 1789 (Isai,28.
2466 1718 2548 1787 5).
2573 1714 2784 1774 Corona
2810 1720 2953 1775 enim
2978 1719 3142 1777 habet
3173 1722 3288 1776 lucc
3309 1723 3511 1789 omnia,

1904 1806 2321 1878 benignitatem,
2346 1807 2639 1879 justitiam.
2668 1808 2928 1879 gratiam,
2958 1810 3204 1882 gloriam,
3239 1811 3511 1867 decorem.

1905 1899 2003 1956 Est
2029 1900 2174 1956 enim
2208 1900 2300 1955 Dei
2330 1900 2554 1967 donum,
2586 1901 2729 1973 quod
2757 1903 2958 1958 variam
2989 1903 3236 1975 producit
3260 1907 3510 1975 gratiam.
3570 1901 3583 1911 ’

1906 1991 2006 2049 Est
2033 1993 2194 2049 etiam
2222 1993 2639 2066 inccrrnptiouis
2658 1990 2879 2063 corona,
2902 1998 3354 2069 quemadmodum
3386 2000 3515 2058 dicit

1904 2087 2103 2145 Paulus
2135 2105 2149 2145 :
2173 2086 2264 2144 Illi
2278 2089 2481 2162 quidem
2503 2099 2555 2145 ut
2575 2091 2954 2162 corruptibilem
2973 2109 3217 2148 coronam
3236 2094 3513 2166 accipiant,

1902 2200 1997 2240 nos
2021 2191 2193 2239 autem
2220 2183 2572 2255 incorruptam
2603 2186 2678 2256 (1.
2712 2184 2835 2242 Cor.
2864 2185 2919 2242 9.
2944 2186 3060 2258 25).
3107 2187 3221 2243 Hoc
3260 2198 3344 2244 est
3385 2206 3517 2259 ergo

1901 2274 2047 2345 quod
2072 2273 2159 2329 hic
2178 2274 2329 2339 dicit,
2362 2274 2665 2332 Securitatc
2690 2286 2744 2333 ct
2768 2277 2935 2349 gloria
2956 2293 3058 2334 nos
3078 2280 3369 2335 coronasti.
3404 2280 3514 2335 'l‘ae

1899 2366 1970 2422 lia
1994 2372 2120 2421 sunt
2151 2366 2295 2422 enim
2328 2366 2423 2421 Dei
2450 2366 2592 2422 dona
2623 2364 2817 2436 valida,
2844 2378 2901 2426 et
2919 2370 3116 2427 decore
3140 2370 3294 2442 plena
3330 2389 3344 2427 :
3379 2372 3519 2428 tales

1898 2468 2026 2514 sunt
2051 2474 2288 2516 coronae.
2336 2462 2407 2513 At
2434 2461 2487 2515 in
2517 2460 2827 2517 hominibus
2873 2478 2979 2518 non
3021 2461 3097 2518 ita
3137 2470 3263 2520 est:
3296 2462 3391 2520 sed
3422 2480 3513 2535 qui

1898 2560 1980 2607 est
2006 2550 2221 2621 quidem
2243 2552 2293 2605 in
2315 2551 2505 2622 gloria,
2530 2564 2746 2608 nonest
2774 2553 2998 2608 omnino
3028 2568 3282 2620 securus;
3314 2570 3403 2627 qm
3427 2571 3513 2611 est

1903 2651 2082 2697 autem
2129 2644 2181 2698 in
2222 2644 2530 2711 securitate,
2564 2661 2673 2700 non
2712 2656 2794 2701 est
2832 2648 3054 2702 omnino
3094 2648 3147 2703 in
3189 2649 3381 2720 gloria,
3415 2663 3514 2704 nec

1904 2735 2022 2792 haec
2049 2737 2204 2792 facile
2234 2738 2391 2792 simul
2420 2738 2699 2793 evenerint
2730 2757 2743 2793 :
2776 2739 2919 2810 quod
2949 2739 2993 2793 si
3021 2740 3181 2794 etiam
3212 2741 3511 2806 evenerint,

1898 2826 2147 2883 celeriter
2175 2827 2508 2883 auferuntur.
2538 2828 2699 2884 Verbi
2721 2830 2891 2901 gratia
2917 2847 2930 2882 :
2957 2831 3057 2897 Qui
3079 2840 3205 2886 sunt
3232 2840 3507 2900 potentes,

1896 2930 1954 2978 et
1984 2936 2226 2977 summos
2255 2932 2450 2992 gerunt
2471 2924 2836 2993 magistratus,
2862 2933 2984 2978 sunt
3006 2923 3223 2994 quidem
3247 2924 3511 2994 splendidi

1870 3022 1957 3081 ,ει
1986 3014 2240 3077 illustres,
2272 3014 2367 3071 sed
2399 3030 2504 3070 non
2532 3014 2728 3081 securi,
2761 3014 2871 3069 imo
2905 3015 2992 3070 vel
3029 3030 3094 3070 eo
3135 3016 3369 3073 maxime
3409 3032 3511 3072 no-

1900 3107 2049 3161 mine
2078 3105 2132 3161 in
2159 3105 2365 3161 lubrico
2390 3115 2445 3160 et
2474 3106 2780 3177 periculoso
2809 3107 2928 3162 loco
2956 3119 3259 3174 versantur,
3294 3118 3512 3181 promer

1895 3199 2082 3272 glorim
2111 3198 2556 3270 magnitudinem.
2581 3199 2683 3267 Qui
2712 3208 2890 3256 autem
2915 3212 3043 3258 sunt
3062 3202 3257 3273 abjecti
3280 3212 3333 3258 et
3356 3202 3511 3273 viles,

1896 3299 2024 3346 sunt
2052 3290 2269 3360 quidem
2296 3290 2470 3347 securi
2494 3331 2508 3354 ,
2544 3306 2611 3347 eo
2639 3291 2781 3363 quod
2818 3308 2925 3347 non
2957 3305 3387 3363 cognoscantur,
3416 3296 3511 3354 sed

1895 3399 1962 3440 eo
1985 3385 2105 3455 ipso
2135 3393 2262 3439 sunt
2287 3384 2371 3441 vel
2401 3384 2635 3441 maxime
2664 3384 2877 3455 iuglorii
2897 3427 2911 3446 .
2942 3385 3085 3455 quod
3112 3386 3165 3441 in
3194 3388 3507 3443 securitate.

1896 3476 1953 3532 lu
2001 3477 2113 3532 Deo
2155 3487 2339 3533 autem
2387 3492 2495 3532 non
2547 3477 2620 3532 ita
2660 3485 2743 3533 est
2772 3495 2785 3530 :
2816 3478 2912 3534 sed
2960 3488 3185 3549 utraque
3231 3481 3510 3550 insigniter

1892 3578 2238 3633 concurrunt,
2262 3578 2317 3624 et
2335 3568 2501 3640 gloria
2524 3569 2877 3625 etsecuritas.
2899 3568 3315 3627 Considerantes
3330 3573 3511 3645 itaque

1892 3659 2158 3716 bonorum
2188 3660 2612 3731 magnitudinem
2634 3701 2650 3727 ,
2686 3671 2737 3717 et
2765 3670 2890 3716 ante
2910 3663 3090 3717 omnia
3121 3674 3279 3733 quam
3312 3664 3380 3722 sit
3409 3665 3507 3721 bo-

1895 3770 2023 3809 num
2049 3753 2160 3809 Deo
2186 3767 2307 3810 esse
2331 3760 2564 3825 gratum,
2588 3752 2731 3824 quod
2758 3761 2842 3809 est
2870 3764 2924 3809 et
2953 3769 3123 3817 arma,
3152 3763 3207 3810 et
3227 3755 3419 3826 gloria,
3440 3752 3507 3812 [et

1890 3847 2183 3912 securitas,
2222 3854 2279 3902 ct
2306 3847 2445 3901 bona
2473 3846 2885 3901 innumerabilia
2906 3885 2921 3910 ,
2950 3846 3017 3901 ad
3044 3855 3317 3902 certamen
3351 3848 3507 3903 nobis

1890 3940 2224 4013 propositum
2264 3954 2545 3996 curramus
2586 3955 2710 3995 cum
2755 3940 3058 4003 tolerantia,
3109 3954 3209 3995 nec
3249 3952 3504 4010 umquam

1888 4033 2069 4090 animo
2081 4018 2414 4097 deﬁciamus,
2429 4045 2529 4086 nec
2545 4045 2795 4102 umquam
2812 4030 3089 4086 videamur
3108 4031 3364 4087 inermes.
3393 4031 3504 4088 lloc

1887 4126 2034 4182 enim
2061 4124 2190 4181 belli
2218 4139 2387 4195 genus
2428 4138 2537 4179 non
2577 4123 2779 4194 patitur
2797 4163 2813 4189 ,
2840 4132 2901 4178 ut
2930 4123 3089 4178 miles
3114 4124 3359 4179 videatur
3384 4125 3504 4181 sine

1886 4217 2053 4272 armis
2080 4233 2095 4270 :
2124 4216 2221 4273 sed
2243 4226 2370 4272 tunc
2386 4214 2603 4271 demum
2630 4213 2919 4270 dimittitur
2942 4224 3255 4285 apparatus,
3287 4218 3504 4287 quando

1884 4310 2048 4367 fuerit
2075 4309 2344 4366 theatrum
2365 4308 2689 4365 dissolutum
2718 4324 2733 4363 :
2758 4308 2981 4365 solvitur
2999 4317 3179 4364 autem
3205 4309 3496 4373 theatrum.

1887 4402 2105 4475 quando
2129 4404 2308 4459 anima
2333 4402 2559 4459 solvitur
2586 4416 2615 4456 a
2645 4416 2892 4473 corpore.
2920 4401 3100 4471 Quare
3126 4402 3379 4473 quamdiu
3411 4403 3502 4459 hic

1885 4509 2109 4562 sumus,
2142 4508 2381 4565 pugnare
2405 4506 2630 4549 necesse
2663 4501 2747 4548 est
2785 4501 2840 4547 et
2874 4491 3020 4547 domi
3059 4491 3330 4557 sedentes,
3360 4504 3416 4549 et
3446 4496 3497 4549 in

1886 4587 2061 4642 forum
2103 4594 2294 4643 euntes
2342 4594 2397 4641 et
2440 4584 2792 4655 prandentes,
2835 4593 2903 4639 et-
2932 4593 3183 4655 a-grotos,
3213 4593 3268 4639 et
3310 4600 3496 4641 sanos.

1884 4676 2055 4733 Morbi
2099 4678 2243 4733 enim
2292 4659 2564 4747 tempore,
2607 4672 2767 4747 hujus
2801 4673 3035 4729 maxime
3066 4688 3255 4745 pugna:
3284 4683 3497 4745 tempus

1883 4778 1989 4839 est,
2016 4767 2232 4840 quando
2284 4767 2504 4823 dolores
2552 4765 2786 4836 undique
2838 4765 3163 4821 conturbant
3216 4766 3493 4831 animam,

1881 4860 2097 4934 quando
2122 4859 2350 4916 tristitize
2380 4858 2645 4923 obsident,
2668 4856 2882 4929 quando
2902 4857 3055 4912 adest
3082 4857 3327 4913 diabolus
3352 4858 3488 4913 inci-

1882 4964 2041 5020 tans,
2088 4964 2149 5009 ut
2199 4952 2455 5008 acerbum
2502 4948 2713 5021 aliquod
2759 4948 2979 5005 verbum
3028 4948 3290 5005 dicamus.
3340 4948 3493 5007 Tunc

1879 5048 2113 5104 maxime
2152 5061 2251 5102 nos
2284 5044 2479 5100 muniri
2520 5052 2754 5115 oportet,
2788 5043 2889 5114 tegi
2930 5042 3115 5107 lorica,
3149 5042 3364 5116 clypeo,
3392 5059 3490 5115 ga-

1879 5142 1986 5207 lea,
2019 5150 2074 5196 et
2100 5140 2266 5196 armis
2293 5138 2538 5203 exteris,
2571 5146 2623 5193 et
2652 5145 2911 5209 perpetuo
2939 5136 3049 5190 Deo
3074 5138 3276 5208 gratias
3307 5152 3486 5207 agere.

1877 5232 2007 5290 Haec
2050 5241 2175 5287 sunt
2216 5228 2531 5302 gravissima
2577 5243 2698 5299 quae
2750 5228 2804 5282 in
2850 5226 3124 5282 diabolum
3171 5235 3491 5300 torquentur

1877 5323 2006 5390 tela,
2035 5323 2123 5379 hic
2148 5331 2232 5378 est
2254 5322 2389 5377 ictus
2419 5321 2475 5375 in
2501 5318 2802 5375 daemonem
2824 5318 3183 5382 certissimus,
3206 5329 3333 5375 tunc
3359 5333 3488 5377 sunt

1929 5421 1947 5454 ί
1973 5419 2123 5482 _Edtt.
2149 5417 2485 5482 ltom._Prov..
2511 5409 2626 5465 t.'9
2666 5430 2678 5464 :
2718 5412 3354 5482 Διῖόνοιια,ηιιιφιὶνὶεεηιὶιιι
3392 5417 3487 5467 de-

1865 5480 2041 5549 fendat
2060 5485 2107 5533 te
2132 5480 2379 5549 (ξτῑφάνῳ
2402 5480 2455 5527 δὲ
2490 5484 2673 5549 ςργφῇς
2710 5478 3022 5549 {rugosarum
3045 5478 3190 5549 dou),
3220 5478 3326 5538 ubi,
3349 5484 3482 5549 apud

1868 5538 2217 5609 Aquilamde
2242 5538 2429 5609 corona
2449 5538 2758 5609 glo'riationis
2784 5538 3083 5609 (ὰρχῄσᾲυς)
3110 5538 3316 5609 agitur;
3346 5538 3485 5609 apud

1869 5600 2245 5668 Symmachum,
2269 5605 2333 5654 de
2371 5600 2571 5668 cor'ono
2594 5600 3029 5668 glorite_'(§3£nc);
3073 5600 3206 5668 apud
3248 5600 3482 5668 Ἰὴθόόοτ

1870 5661 2090 5738 tionem.
2147 5661 2438 5717 de'corona
2486 5661 2875 5736 pulchritudinis
2903 5661 3305 5777 ἐὼραιόξητοςη
3351 5667 3488 5728 apud

1870 5742 2147 5777 nemnem.
2181 5728 2245 5777 de
2288 5740 2472 5777 corona
2498 5734 2794 5777 manorum.
2832 5726 2900 5776 Se
2982 5728 3222 5777 existimo
3267 5728 3486 5777 (λιι-ηο-

1870 5728 2147 5800 neminem,
2181 5728 2245 5800 de
2288 5726 2804 5800 (ξονοιειισηπίαι-ιωΖ
2832 5726 2939 5800 Sed
2982 5726 3222 5800 existimo
3267 5726 3486 5800 (inriso-

1872 5791 2398 5860 stomum‘exduobus
2424 5789 2549 5841 locis
2593 5802 2752 5840 unum
2768 5789 3004 5860 fecisse;
3048 5802 3163 5838 nam
3185 5789 3486 5859 Proverth-

1873 5868 1987 5921 rum_
2013 5855 2061 5914 l,
2093 5853 2143 5921 9,
2181 5855 2387 5921 legitur,
2425 5864 2660 5904 coronam
2698 5850 2832 5921 enim
2865 5850 3147 5921 gratiarum
3183 5850 3397 5921 accipies
3434 5850 3487 5901 in

1873 5868 1987 5925 rum
2013 5856 2061 5914 1,
2093 5856 2143 5911 9,
2181 5856 2387 5965 Ιεῇιὶιιτ,
2425 5864 2660 5904 coronam
2698 5856 2832 5903 enim
2865 5856 3147 5923 gratiarum
3183 5856 3397 5962 accipies
3434 5856 3485 5901 in

1873 5922 2063 5985 capite_
2281 5918 2417 5985 riora.
2456 5923 2627 5985 autem
2690 5912 2845 5985 verba
2886 5915 3034 5978 hujus
3089 5915 3287 5964 verslcu
3310 5926 3329 5961 t
3368 5924 3485 5962 cum

1877 5977 2245 6045 posterioribus
2264 5977 2449 6037 prioris
2474 5977 2801 6041 capulaverit.
