4070 6430
770 471 821 524 Td
1559 466 1616 521 S.
1649 464 1927 533 JOANNlS
1962 458 2440 521 CIIHYSOSTOMI
2474 460 2789 518 A’RClﬂl-JP.
2818 461 3367 521 'CONSTANTiN’O‘P.
3958 466 3988 520 7

744 596 965 639 coronas
991 581 1448 653 splemlidissimm.
1480 580 1609 636 Nam
1638 581 1795 635 etiam
1817 578 2032 636 beatum
2058 575 2159 633 Job
2178 572 2333 647 (nillil

749 674 894 727 enim
924 681 1066 729 vetat
1100 674 1418 749 quominus
1454 663 1520 727 ad
1560 687 1682 727 cum
1720 684 1907 747 rursus
1941 666 2333 739 confugiamus)

750 762 854 817 hoc
891 754 1122 820 maxime
1145 760 1347 837 clarum
1380 762 1644 828 reddidit,
1682 756 1787 817 hoc“
1812 758 2057 817 maximis
2086 756 2328 813 laudibus

748 856 963 923 allecti,
1006 855 1109 911 hoc
1162 855 1472 921 coronavit,
1520 837 1661 923 quod
1709 862 1949 922 tempore
1993 846 2327 913 tentationis,

748 946 919 1001 morbi
950 956 1001 1001 et
1030 947 1374 1017 paupertatis,
1407 943 1715 999 immutabili
1737 941 1998 1014 ejusmodi
2025 938 2205 995 animo
2234 951 2330 1008 ap-

748 1042 1004 1110 paruerit,
1033 1050 1086 1097 et
1127 1050 1305 1096 mente
1350 1024 1655 1103 immobilis,
1685 1034 1879 1106 quibus
1916 1020 2112 1105 gratias
2151 1037 2333 1101 ageret

749 1134 860 1187 Deo
903 1133 1060 1187 verba
1100 1130 1456 1205 obtulerit,_et
1498 1127 1773 1198 spirituale
1814 1126 1943 1182 illud
1985 1122 2326 1180 sacriﬁcium.

746 1223 914 1278 Erant
938 1223 1079 1279 enim
1106 1219 1422 1278 sacrificium
1446 1219 1606 1276 verba
1635 1218 1769 1292 ejus,
1798 1231 1917 1289 quas
1940 1213 2074 1272 dixit
2105 1231 2120 1267 :
2150 1212 2332 1267 banti-

742 1332 839 1370 nus
865 1314 1025 1382 dedit,
1056 1298 1306 1377 Dominus
1334 1310 1538 1382 abuelit
1566 1326 1585 1365 :
1610 1310 1740 1365 sicut
1769 1304 1989 1363 Domino
2025 1305 2236 1376 placuit,
2258 1304 2331 1358 ita

745 1411 939 1477 factum
975 1414 1050 1461 est
1084 1419 1104 1459 :
1136 1405 1200 1460 sit
1230 1419 1414 1459 nomen
1454 1400 1658 1457 Domini
1698 1400 2010 1456 benedictum
2048 1396 2101 1451 in
2138 1393 2329 1450 σακία

740 1493 873 1569 μοι
914 1495 967 1552 i.
996 1494 1111 1567 Si).
1142 1488 1293 1562 Quod
1324 1491 1536 1563 quidem
1561 1506 1662 1547 nos
1680 1504 1891 1562 quoque
1916 1502 2129 1559 semper
2151 1485 2317 1540 facia-

742 1601 883 1652 mus,
925 1585 978 1641 in
1025 1574 1522 1651 tentatiouibus,'in
1568 1576 1981 1649 calamitatibus,
2020 1580 2077 1634 in
2119 1574 2329 1657 insidiis

744 1676 908 1732 Deum
933 1676 1101 1749 gloria
1127 1682 1180 1731 et
1210 1673 1414 1731 honore
1439 1660 1734 1730 allicientes
1754 1714 1769 1739 ,
1798 1679 1852 1726 et
1874 1679 2134 1751 perpetuo
2156 1668 2323 1723 bene-

741 1766 1021 1840 dicentes:
1049 1766 1297 1839 quoniam
1341 1764 1389 1822 ei
1430 1764 1601 1839 gloria
1645 1764 1700 1819 in
1743 1760 1938 1819 saeuiit
1985 1754 2322 1817 seculorum.

745 1858 938 1916 Amen.

1060 1987 1420 2047 exposrrto
1456 1986 1527 2045 IN
1565 1984 1886 2063 psam-ua
1930 1983 2016 2042 Vl.

848 2098 1100 2171 Domine,
1128 2118 1193 2159 ne
1221 2104 1275 2158 in
1305 2104 1477 2175 furore
1516 2111 1601 2156 tuo
1624 2117 1811 2175 arguas
1835 2117 1915 2161 tne
1935 2139 1952 2168 ,
1982 2086 2145 2171 λόφω
2166 2100 2219 2155 in
2284 2112 2287 2115 λ

1232 2195 1310 2250 ira
1336 2205 1428 2250 tua
1455 2194 1823 2264 corripias
1990 2198 1993 2203 ’

811 2306 862 2361 1.
900 2301 1125 2379 Quando
1144 2304 1377 2360 furorem
1398 2309 1453 2359 et
1478 2302 1611 2359 iram
1632 2301 1702 2359 de
1727 2302 1839 2359 Deo
1865 2294 2347 2374 audiveris,.niltilj

736 2397 1025 2454 humanum
1054 2397 1341 2468 suspiceris
1372 2415 1386 2452 :
1415 2404 1539 2452 sunt
1574 2397 1716 2453 enim
1747 2396 1909 2451 verba
1939 2395 2130 2466 quibus
2158 2409 2219 2451 se
2257 2394 2325 2451 ad

734 2474 950 2559 captum
972 2497 1215 2545 nostrum
1239 2480 1491 2544 demittit.
1520 2488 1662 2545 Deus
1687 2488 1829 2542 enim
1869 2487 1939 2543 ab
1966 2487 2050 2543 bis
2076 2488 2326 2544 omnibus

734 2568 873 2642 liber
897 2591 1002 2640 est.
1031 2581 1109 2638 ita
1146 2590 1324 2638 autem
1353 2580 1587 2653 loquitur
1615 2589 1674 2636 ut
1712 2581 1764 2635 in
1804 2580 2130 2636 crassiorum
2171 2568 2328 2635 cadat

730 2666 1163 2747 intelligentiam.
1186 2672 1318 2729 Nam
1337 2660 1438 2730 nos
1457 2687 1665 2745 quoque
1683 2671 1896 2744 quando
1911 2660 2186 2742 loquimur
2204 2686 2325 2727 cum

734 2764 978 2822 barbaris
1002 2806 1019 2833 ,
1042 2764 1254 2842 illorum
1280 2763 1453 2835 lingua
1483 2764 1722 2821 utimur:
1751 2773 1803 2820 et
1826 2764 1873 2819 si
1901 2779 2020 2819 cum
2046 2778 2215 2834 puero
2239 2763 2325 2819 lo-

738 2856 953 2931 quimur
976 2898 992 2923 ,
1018 2872 1120 2911 una
1148 2870 1268 2911 cum
1299 2870 1365 2911 eo
1392 2854 1710 2911 balbutimus
1731 2897 1746 2919 ,
1779 2864 1833 2911 ct
1859 2860 1916 2911 ut
1949 2852 2325 2926 sapientissimi

741 2945 933 3006 simus,
964 2944 1030 2999 ad
1071 2934 1417 3000 bund’itatem
1447 2944 1586 3013 illius
1610 2958 1707 2999 nos
1735 2943 2077 3000 demittimus.
2105 2943 2174 3001 Et
2200 2944 2327 3016 quid

738 3034 937 3105 mirum
972 3040 1017 3089 si
1052 3034 1157 3090 llos
1198 3036 1249 3089 in
1279 3033 1458 3091 verbis
1487 3034 1727 3098 facimus,
1758 3049 1877 3106 qua:
1900 3034 1970 3089 do
2006 3032 2057 3090 id
2084 3036 2242 3092 etiam
2274 3030 2347 3092 in‘

734 3128 898 3184 rebus
929 3126 989 3182 'lit
1009 3116 1229 3195 anobis,
1249 3136 1310 3184 ut
1345 3128 1433 3200 qui
1456 3136 1514 3185 et
1538 3142 1726 3183 manus
1741 3126 2098 3186 mordeamns.
2121 3140 2171 3184 et
2194 3130 2327 3184 iram

736 3221 1088 3285 simulemus,
1121 3232 1180 3277 ut
1208 3221 1458 3278 infantem
1500 3220 1864 3293 corrigamus?
1885 3220 1959 3278 Ita
1988 3222 2147 3279 etiam
2184 3221 2326 3279 Deus

732 3312 1024 3368 crassiores
1047 3310 1260 3368 afﬁcere
1285 3310 1495 3388 volens,
1519 3310 1712 3367 talibus
1735 3312 1912 3366 verbis
1939 3326 2067 3367 usus
2085 3321 2187 3368 est.
2208 3311 2325 3368 Non

733 3403 875 3457 enim
908 3416 1006 3474 pro
1033 3417 1127 3460 sua
1152 3403 1406 3475 dignitate
1428 3402 1575 3473 loqui
1597 3403 1833 3470 studuit,
1863 3402 1957 3459 sed
1984 3418 2080 3473 pro
2106 3403 2325 3459 audito-

726 3512 853 3553 tum
880 3496 1123 3569 utilitate.
1153 3495 1281 3551 Nam
1308 3511 1366 3552 sc
1397 3511 1501 3550 non
1532 3484 1653 3551 esse
1694 3496 1785 3549 ira:
1813 3479 2101 3550 obnoxium
2132 3494 2323 3553 alicubi

729 3584 1017 3642 ostendens
1036 3626 1053 3654 ,
1077 3584 1299 3643 dicebat
1328 3603 1342 3640 :
1379 3583 1641 3655 Numun
1670 3601 1749 3639 me
1773 3584 1842 3638 ad
1863 3586 1992 3638 iram
2011 3579 2285 3657 praem
2306 3628 2321 3652 ,

725 3696 901 3736 nonne
917 3680 1109 3750 seipsos
1135 3678 1155 3749 (
1177 3675 1289 3732 Jer.
1306 3677 1362 3732 7.
1390 3676 1456 3734 19
1477 3675 1497 3748 )
1520 3678 1543 3732 ἳ
1569 3675 1648 3734 Tu
1674 3686 1850 3732 autent
1874 3674 2141 3746 quomodo
2160 3677 2327 3735 velles

740 3773 915 3842 ipsum
955 3768 1222 3847 disserere
1264 3785 1383 3826 cum
1412 3768 1611 3828 Judaais
1634 3811 1649 3835 ,
1682 3784 1801 3824 cum
1833 3783 2005 3840 neque
2025 3769 2286 3825 irascatur
2307 3811 2323 3836 ,

727 3877 833 3920 nec
856 3862 981 3927 odio
998 3848 1197 3921 habeat
1222 3861 1429 3917 malos?
1454 3861 1580 3917 odio
1605 3861 1749 3916 enim
1778 3869 1859 3916 est
1901 3860 2065 3915 animi
2108 3869 2323 3932 pertur-

724 3952 874 4008 batio
895 3969 912 4019 ;
936 3934 1037 4011 nec
1060 3950 1289 4023 humana
1312 3950 1604 4023 respiciat?
1631 3950 1810 4007 videre
1842 3950 1985 4006 enim
2009 3965 2073 4007 ex
2101 3963 2325 4021 corpore

722 4051 1144 4114 sumptnutest;
1198 4033 1368 4114 neque
1416 4038 1640 4099 audiat?
1683 4058 1828 4099 nam.
1851 4044 1951 4100 hoc
1994 4053 2325 4117 quoquee:

724 4148 913 4191 carne.
927 4132 1031 4190 Sed
1052 4149 1117 4190 ex
1139 4121 1240 4194 hoc
1260 4124 1459 4191 malum
1476 4133 1617 4189 aliud
1638 4133 1829 4205 dogma
1853 4132 2127 4190 inductum
2149 4144 2315 4205 esset,

729 4238 924 4295 nempe
945 4240 1049 4297 non
1072 4224 1181 4296 regi
1201 4226 1376 4280 omnia
1398 4239 1429 4278 a
1454 4223 1543 4279 Dei
1567 4223 1897 4294 providentia
1927 4239 1941 4277 :
1970 4232 2025 4280 et
2050 4224 2177 4280 dum
2200 4227 2324 4283 talia

734 4317 804 4372 de
834 4316 943 4372 Deo
960 4315 1147 4373 audire
1172 4324 1503 4385 recusarent,
1526 4315 1676 4375 multi
1697 4330 1761 4370 ex
1787 4314 1872 4382 iis,
1900 4316 1989 4386 qui
2011 4324 2136 4371 tunc
2147 4327 2320 4385 erant,

730 4405 950 4461 omnino
973 4406 1140 4463 Deum
1176 4421 1300 4463 esse
1328 4407 1667 4476 ignorass'ent
1692 4423 1706 4458 :
1732 4420 1799 4461 eo
1824 4414 2003 4461 autem
2032 4406 2276 4477 ignorate
2296 4449 2311 4475 ,

732 4498 911 4555 omnia
958 4499 1287 4570 periissem:
1331 4499 1425 4554 illo
1451 4490 1637 4555 contra
1690 4498 1997 4555 introducto
2035 4499 2282 4572 dogmate
2304 4542 2320 4567 ,

728 4589 980 4649 celeriter
1006 4587 1119 4646 fieri
1156 4594 1381 4662 poterat
1401 4590 1685 4654 correctio.
1711 4588 1808 4646 Cui
1831 4589 1981 4647 enim
2009 4605 2323 4661 persuasum

733 4687 816 4734 est
842 4676 1007 4745 Deum
1036 4673 1190 4746 esse,
1214 4680 1315 4737 etsi
1342 4694 1449 4736 non
1485 4679 1680 4737 habeat
1700 4693 1819 4736 eam
1842 4695 2001 4751 quam
2027 4682 2124 4752 par
2150 4674 2324 4740 estde

722 4769 846 4827 Deo
871 4772 1184 4828 sententiam
1202 4813 1219 4839 ,
1250 4770 1344 4828 sed
1380 4771 1506 4843 quid
1534 4770 1602 4829 de
1624 4785 1691 4828 eo
1713 4770 1949 4837 crassius
1984 4771 2321 4841 suspicetur;

734 4871 973 4933 tempore
1002 4862 1215 4934 quidem
1245 4869 1394 4919 certo
1417 4863 1467 4919 ei
1495 4856 1901 4934 persuadebitur
1920 4903 1937 4930 ,
1969 4863 2101 4932 nihil
2132 4864 2239 4922 tale
2267 4862 2321 4921 in

718 4956 899 5027 Deum,
922 4956 1131 5014 cadere.
1158 4956 1258 5026 Qui
1275 4964 1457 5012 autem
1480 4956 1641 5013 habet
1659 4944 1967 5027 persuasum
1984 4957 2104 5029 ejus
2119 4954 2320 5014 nullam

880 5047 1283 5118 providentiam,
1327 5063 1424 5103 nec
1449 5047 1613 5103 ullam
1644 5063 1765 5103 eum
1794 5064 1975 5105 rerum
2012 5065 2195 5107 curant
2222 5064 2317 5122 ge-

732 5152 874 5203 rere,
908 5153 1077 5207 neque
1105 5138 1148 5192 si
1178 5138 1475 5204 exsistant.
1503 5153 1693 5194 curare
1715 5180 1729 5205 ,
1759 5138 1884 5211 quid
1908 5154 2032 5196 eum
2050 5140 2248 5212 iuverit
2274 5138 2319 5197 si

734 5236 990 5283 tractetur
1034 5227 1102 5283 de
1142 5227 1234 5283 Dei
1280 5220 1710 5297 impalibilitate?
1750 5228 1845 5284 illa
1886 5230 1997 5303 ipsa
2024 5230 2091 5287 de
2114 5246 2273 5288 causa
2298 5274 2314 5298 ,

728 5334 848 5371 mm
870 5318 1019 5390 prius
1036 5334 1153 5375 cum
1175 5319 1277 5375 illis
1297 5318 1653 5388 disseruisset,
1684 5331 1959 5392 postquam
1988 5324 2068 5380 eis
2094 5339 2314 5395 persua-

728 5410 819 5475 sit,
842 5420 901 5463 ut
928 5424 1050 5465 eum
1073 5424 1198 5471 esse
1218 5411 1581 5481 opinarentur,
1610 5411 1859 5479 paulatim
1886 5426 1977 5469 eos
2005 5428 2189 5469 rursus
2217 5430 2281 5470 ex
2299 5445 2312 5455 -

730 5509 939 5572 put-gat,
969 5498 1035 5555 ad
1063 5500 1166 5557 hoc
1192 5499 1382 5572 dogma
1414 5501 1648 5558 evehens
1670 5544 1685 5565 ,
1715 5500 1784 5557 de
1808 5516 1877 5557 eo
1899 5501 2119 5573 loquens
2141 5503 2313 5559 subli-

728 5592 909 5658 mius,
936 5600 1134 5648 etcum
1177 5606 1298 5649 esse
1338 5584 1729 5647 abalfcctionc
1772 5604 2041 5648 remotum
2075 5594 2315 5650 oratione

732 5690 1059 5749 pertractans
1116 5681 1249 5737 Dicit
1274 5683 1416 5737 enim
1442 5683 1577 5737 alius
1607 5680 1863 5754 propheta
1890 5701 1904 5738 :
1947 5681 2068 5739 Non
2094 5685 2308 5748 esuriat,

732 5787 885 5842 neque
916 5768 1161 5826 ωινὸῆ
1183 5770 1347 5836 (luti.
1378 5771 1465 5827 ιο.
1492 5770 1603 5843 28)
1637 5789 1652 5825 :
1678 5780 1733 5827 et
1757 5774 1845 5843 qui
1886 5787 2009 5829 eum
2032 5773 2186 5830 irasci
2226 5774 2313 5828 di-

732 5873 901 5931 xerat,
928 5858 1070 5919 idern
1092 5868 1277 5921 rursus
1302 5862 1591 5920 ostendens
1609 5862 1776 5921 Damt
1801 5880 1918 5921 esse
1938 5863 2307 5937 impatibilent,

2442 573 2710 646 subjungit
2741 594 2753 631 :
2788 575 3050 647 Numquid
3068 596 3148 634 me
3164 580 3264 651 ipsi
3281 580 3349 635 ad
3374 580 3502 635 iram
3530 590 3804 653 prouocant
3823 624 3838 650 ,
3863 599 3988 638 Imm

2438 666 2628 736 seipsos
2654 666 2809 736 (Jer.
2836 668 2886 723 7.
2918 668 3025 739 t9)
3050 669 3074 724 2
3105 670 3169 724 Et
3196 671 3284 741 qui
3310 670 3520 727 dixerat
3538 684 3662 728 eum
3681 687 3799 729 esse
3823 674 3871 727 in
3890 682 3988 729 tem

2439 756 2561 827 plu,
2592 771 2778 815 rursus
2803 757 2932 814 dicit
2965 779 2977 813 :
3008 758 3128 815 Non
3158 771 3231 815 est
3269 763 3420 816 homo
3439 762 3491 815 in
3518 772 3563 817 te
3582 774 3818 833 sanctus,
3851 774 3896 818 et
3923 782 3987 818 no

2436 847 2695 919 ingrediar
2732 849 2785 903 in
2823 848 3063 905 ciuitate:
3112 850 3288 922 (Osee
3336 852 3423 908 Η.
3455 852 3563 925 9):
3595 852 3699 909 hoc
3726 864 3807 911 est
3829 896 3845 924 ,
3878 854 3987 910 Lee

2439 951 2546 992 non
2572 939 2870 995 contineor.
2898 937 3050 1008 Quod
3072 941 3117 995 si
3141 956 3246 995 non
3270 957 3460 999 omnes
3489 944 3629 998 ultus
3670 952 3789 1011 est,
3814 953 3868 999 at
3896 958 3988 1015 pru

2439 1026 2662 1084 detttiori
2683 1038 2826 1084 certe
2854 1028 3061 1101 reliquit
3086 1032 3427 1103 cogitandum
3449 1049 3516 1089 cx
3535 1033 3717 1100 dictis,
3743 1034 3880 1107 quod
3902 1033 3988 1106 qui

2438 1121 2728 1192 tyrannicis
2773 1121 2909 1177 liber
2935 1131 3018 1197 est
3043 1122 3448 1193 affectionibus,
3474 1132 3529 1180 et
3551 1126 3669 1181 sine
3701 1126 3889 1197 quibus
3920 1142 3988 1181 no

2432 1208 2556 1266 licet
2581 1210 2781 1277 vivere,
2800 1211 2867 1266 ab
2886 1212 3007 1268 aliis
3027 1210 3193 1269 inulto
3208 1214 3376 1286 magis
3396 1214 3530 1273 liber
3547 1224 3650 1271 est.
3675 1215 3809 1273 Dicit
3827 1218 3988 1287 ltaqut

2436 1298 2579 1355 Nunt
2605 1304 2785 1358 eris'tu
2821 1304 2972 1360 homo
2998 1305 3254 1362 dormiens
3284 1306 3432 1380 (Jer.
3465 1307 3559 1363 Η.
3585 1307 3705 1379 9)?
3731 1308 3796 1365 Et
3826 1309 3988 1389 ubiqu

2433 1398 2623 1453 tractat
2648 1409 2711 1449 ac
2733 1395 2967 1464 loquitur
2988 1395 3056 1452 de
3075 1394 3485 1468 impatibilitate.
3514 1398 3688 1467 Quare
3710 1400 3797 1456 hic
3815 1416 3988 1473 quoqu

2431 1483 2647 1553 quando
2679 1487 2911 1541 furorem
2938 1488 3171 1543 audieris
3194 1529 3211 1555 ,
3243 1504 3309 1545 ne
3336 1498 3489 1561 putes
3513 1504 3632 1546 esse
3668 1491 3988 1548 adectionen

2428 1575 2484 1632 Si
2516 1577 2659 1634 enim
2679 1576 2933 1645 homines
2959 1580 3047 1651 qui
3070 1581 3422 1653 philosophia:
3446 1582 3683 1652 student,
3712 1584 3883 1655 quoad
3907 1585 3988 1655 ejt

2432 1665 2546 1721 fieri
2577 1666 2890 1739 potest,‘ab
2932 1667 3013 1726 ira
3062 1669 3223 1725 alieni
3264 1680 3613 1741 permanent;
3660 1674 3827 1729 multo
3855 1673 3988 1742 magi

2431 1755 2521 1811 illa
2547 1758 2841 1814 substantia
2860 1800 2877 1825 ,
2906 1768 3025 1831 quat
3051 1769 3133 1816 est
3158 1759 3227 1817 ab
3256 1760 3472 1818 interitu
3498 1772 3553 1819 et
3578 1764 3920 1835 corruptione
3963 1764 3988 1818 li

2431 1846 2558 1904 bera
2583 1888 2598 1914 ,
2628 1856 2684 1904 et
2704 1863 2822 1921 qua:
2848 1862 2947 1907 nec
2972 1849 3077 1906 dici
3104 1891 3121 1919 ,
3149 1867 3249 1908 nec
3277 1853 3661 1924 comprehendi
3687 1864 3878 1927 potest.
3911 1854 3988 1912 Nu

2432 1940 2581 2000 vides
2606 1940 2766 1997 etiam
2796 1941 3057 2010 medicos,
3087 1943 3213 2001 dum
3246 1954 3448 2013 secant,
3478 1946 3560 2002 vel
3589 1958 3767 2016 urunt,
3798 1963 3904 2003 nor.
3953 1949 3988 2004 it

2430 2031 2689 2089 adductos
2716 2032 2767 2088 id
2792 2032 2988 2100 facere,
3011 2032 3105 2090 sed
3132 2035 3275 2106 quod
3298 2036 3437 2092 male
3459 2036 3709 2094 aﬂectum
3733 2049 3815 2096 est
3836 2040 3984 2095 eorri

2378 2139 2379 2142 η
2428 2134 2556 2191 gere
2580 2120 2758 2177 animo
2783 2121 2883 2178 sibi
2908 2134 3267 2193 proponeutes
3288 2165 3306 2192 ,
3338 2141 3444 2182 non
3468 2128 3761 2185 irascentes
3783 2132 3988 2202 regreti:

2429 2209 2525 2266 sed
2554 2224 2651 2266 eos
2693 2213 3008 2268 miserantes
3029 2255 3042 2278 ,
3071 2221 3127 2278 et
3153 2208 3179 2267 a
3211 2214 3416 2273 morbis
3444 2216 3774 2289 liberantes?
3795 2219 3988 2288 Quand

2440 2314 2568 2381 ergo
2592 2300 2718 2356 dicit
2749 2319 2762 2355 :
2795 2300 2878 2356 Ne
2902 2304 2953 2358 in
2972 2304 3145 2375 fitrore
3172 2314 3256 2358 tuo
3280 2321 3467 2378 arguas
3489 2324 3569 2363 me
3594 2324 3613 2363 :
3641 2310 3741 2365 ltoc
3768 2310 3924 2378 dicit,
3960 2313 3988 2364 ὓ

2436 2402 2622 2462 pmnas
2652 2407 2835 2447 sumas
2860 2393 2927 2449 de
2954 2395 3088 2451 meis
3117 2396 3372 2472 peccatis,
3404 2413 3504 2455 nec
3529 2408 3646 2454 mea
3672 2400 3863 2457 delicta
3898 2405 3988 2458 ulc

2431 2485 2616 2540 amris.
2647 2485 2700 2541 3.
2726 2484 2962 2541 Miserere
2984 2487 3097 2553 mei,
3122 2484 3361 2558 Domine,
3383 2492 3621 2561 quoniam
3639 2493 3871 2562 infirmus
3889 2513 3988 2551 sam

2432 2576 2543 2631 liae
2562 2575 2693 2632 voce
2718 2591 2908 2633 omnes
2927 2593 3165 2649 egemus,
3182 2580 3406 2637 ‘etiamsi
3438 2582 3846 2640 innumerabilia
3875 2598 3988 2642 recl

2430 2675 2487 2722 et
2509 2681 2572 2720 ex
2598 2666 2789 2723 virtute
2833 2666 3150 2737 fecerimus,
3179 2680 3235 2725 et
3263 2670 3346 2728 vel
3381 2672 3449 2729 ad
3477 2687 3736 2729 summam
3769 2692 3988 2747 pen-em

2432 2759 2599 2812 rimus
2634 2757 2919 2828 justitiam.
2949 2758 3207 2828 Quocirca
3254 2762 3369 2833 ipse
3410 2764 3570 2819 etiam
3615 2776 3794 2836 postea
3836 2783 3988 2824 [ιιι-ει

2429 2847 2597 2905 dicit:
2634 2847 2751 2903 Non
2767 2843 3134 2920 ,ittstiﬁcobitur
3156 2853 3207 2907 in
3230 2864 3500 2925 conspectu
3542 2866 3627 2910 tuo
3668 2860 3829 2913 omnis
3855 2861 3988 2914 vivet

2429 2940 2620 3015 (Psal.
2655 2944 2904 3017 142.2):
2943 2955 2996 2999 et
3032 2944 3197 3001 illud:
3230 2946 3291 3001 Si
3330 2948 3621 3016 iniquitates
3650 2949 3988 3007 observaverit

2431 3035 2545 3105 quis
2563 3035 2863 3106 sustinebit(
2887 3034 3036 3091 Psal.
3066 3035 3187 3091 129.
3217 3036 3291 3108 3)
3318 3037 3342 3090 Τ
3367 3046 3421 3091 et
3446 3036 3643 3093 Paulus
3674 3057 3687 3093 :
3721 3038 3877 3093 Nihil
3906 3043 3988 3094 mr'

2428 3125 2658 3179 conscius
2686 3140 2827 3190 sunt,
2868 3126 2957 3181 sed
2984 3142 3086 3181 non
3119 3127 3171 3180 in
3201 3126 3295 3181 hoc
3308 3128 3625 3199 justifitalus
3648 3146 3759 3184 sum
3781 3130 3801 3199 (
3818 3133 3868 3187 Ι.
3907 3131 3988 3188 Co

2430 3214 2485 3269 ι.
2514 3216 2611 3285 4)ε
2639 3224 2691 3270 et
2717 3216 2884 3271 alius:
2917 3214 3043 3284 Quis
3062 3216 3361 3289 gloriabitur
3381 3236 3568 3290 parum
3593 3221 3773 3276 habere
3796 3239 3886 3277 cor
3909 3225 3940 3277 .’
3966 3243 3988 3279 ιλ

2428 3322 2542 3377 quis
2572 3316 2757 3362 asseret
2783 3324 2836 3362 se
2861 3324 2967 3363 esse
2996 3310 3240 3363 mundum
3268 3327 3300 3365 α
3336 3311 3486 3365 sorde
3516 3312 3532 3343 ί
3556 3311 3743 3383 (Prov.
3774 3313 3867 3369 20.
3914 3315 3958 3371 9
3982 3316 3988 3387 ξ

2429 3397 2629 3455 Omnes
2668 3413 2795 3470 ergo
2836 3414 3055 3471 egemus
3092 3402 3458 3459 misericordia
3489 3420 3504 3458 :
3535 3406 3628 3461 sed
3686 3419 3791 3461 non
3833 3421 3988 3463 enim

2429 3488 2572 3561 digni
2600 3502 2786 3545 sumus
2811 3491 3229 3547 misericordiam
3267 3496 3505 3565 assequi.
3534 3494 3665 3550 Nam
3693 3496 3793 3551 etsi
3823 3498 3896 3551 sit
3934 3516 3988 3555 ιιι

2429 3581 2737 3651 serleurdia,
2752 3581 2968 3652 dignum
2991 3591 3163 3638 tamen
3184 3585 3425 3653 requirit,
3442 3585 3887 3657 quemadmodum
3918 3589 3988 3660 ip:

2430 3672 2639 3729 dicebat
2658 3673 2826 3745 Iloysi
2857 3691 2868 3726 :
2894 3673 3167 3729 Miserebor
3185 3676 3333 3747 cujus
3359 3676 3626 3733 miserebor
3644 3694 3664 3731 :
3684 3686 3728 3732 et
3746 3678 3987 3735 miserab

2428 3782 2573 3836 quem
2609 3762 2881 3821 miserebor
2905 3765 3112 3847 (.Eazod.
3137 3769 3224 3823 55.
3256 3768 3321 3824 l9
3342 3768 3382 3835 ).
3406 3770 3506 3839 Qui
3526 3786 3655 3842 ergo
3676 3772 3796 3827 leCit
3817 3773 3988 3845 aliqu

2419 3856 2644 3927 dignum
2671 3857 3058 3927 misericordia,
3083 3858 3224 3914 dicet
3256 3877 3269 3914 :
3294 3858 3536 3917 Miserere
3558 3863 3693 3925 mi.-
3721 3863 3810 3933 qui
3839 3875 3988 3923 aute

2428 3948 2497 4005 ab
2522 3946 2662 4004 illius
2703 3951 2857 4006 venia
2909 3965 2969 4005 se
3007 3952 3270 4016 semovit,
3305 3952 3499 4008 frustra
3537 3954 3681 4011 dicet
3702 3972 3726 4008 -:
3757 3954 3988 4014 Misere:

2428 4039 2487 4098 Si
2508 4042 2651 4105 enim
2677 4050 2821 4099 esset
2848 4052 3165 4113 perventura
3185 4042 3253 4099 ad
3279 4057 3470 4098 omnes
3495 4044 3859 4105 misericordia
3883 4077 3915 4116 ,ο
3932 4065 3988 4104 ra

2428 4149 2519 4192 mo
2539 4136 2795 4206 supplicio
2811 4136 3128 4193 aftlceretur.
3149 4135 3480 4207 Quamquam
3502 4137 3663 4194 ltab'ct
3677 4140 3785 4211 ipsa
3807 4156 3988 4215 quoql

2428 4228 2642 4300 aliquod
2666 4227 2957 4299 judicium”
2998 4238 3053 4283 et
3077 4244 3198 4283 eum
3231 4230 3320 4300 qui
3348 4228 3541 4301 dignus
3571 4240 3624 4285 et
3666 4239 3820 4301 aptus
3854 4243 3957 4290 est

2427 4332 2492 4374 ea
2521 4318 2744 4386 fruatur,
2776 4320 3020 4390 requirit.

2498 4412 2554 4466 2.
2594 4411 2699 4469 Cur
2730 4414 2825 4484 qui
2860 4413 3035 4467 eadem
3080 4424 3287 4482 peccata
3322 4413 3629 4481 admittunt,
3676 4430 3775 4469 non
3817 4422 3988 4475 enode

2427 4522 2601 4579 panos
2624 4506 2790 4562 fuant.
2811 4536 2883 4548 —-
2901 4506 3053 4562 Multi
3082 4521 3211 4578 ergo
3230 4520 3380 4577 stepe
3393 4507 3579 4563 eadem
3607 4517 3820 4579 peccata
3848 4512 3988 4569 δύω

2425 4605 2645 4666 serunt,
2674 4605 2731 4655 ct
2770 4612 2875 4653 non
2904 4597 3121 4655 easdem
3161 4608 3339 4654 tamen
3383 4613 3570 4668 paruas
3611 4589 3922 4667 dederunt,

2426 4690 2516 4761 qui
2538 4674 2675 4749 alias
2700 4688 2964 4745 baberent
2986 4704 3176 4768 causas
3203 4704 3324 4759 qua:
3351 4704 3414 4747 ea
3438 4701 3822 4761 prtrcesserant
3850 4705 3867 4747 :
3898 4708 3976 4753 et

2425 4783 2590 4849 vultis
2615 4825 2632 4851 ,
2661 4783 2715 4839 in
2746 4781 2847 4839 hac
2875 4796 3017 4837 nunc
3048 4781 3408 4858 immorcmur
3433 4782 3695 4838 oratione.
3721 4782 3988 4843 Peccaru

2424 4874 2595 4934 Junci
2622 4889 2811 4932 omnes
2832 4916 2849 4942 ,
2891 4884 2946 4933 et
2968 4872 3183 4929 fuerunt
3206 4870 3498 4929 idololatra
3520 4914 3538 4939 ,
3583 4873 3679 4930 sed
3704 4886 3808 4929 non
3831 4888 3988 4934 eum

2425 4967 2642 5025 easdem
2670 4981 2857 5041 pmnas
2887 4966 3119 5033 dedere;
3162 4965 3256 5022 sed
3285 4964 3375 5019 alii
3406 4963 3620 5036 quidem
3661 4962 3987 5025 ceciderunt

2424 5063 2514 5119 alii
2540 5047 2668 5120 vero
2687 5062 2899 5133 veniant
2924 5071 3051 5117 sunt
3074 5059 3367 5131 assequuti.
3398 5059 3453 5113 ln
3486 5058 3719 5130 peccatis
3740 5056 3888 5115 enim
3919 5078 3988 5118 nt

2425 5156 2681 5231 quaeritur
2721 5153 2894 5211 solum
2944 5162 3134 5209 natura
3164 5152 3281 5222 ejus
3320 5151 3464 5223 quod
3512 5150 3710 5207 factum
3756 5158 3843 5206 est
3877 5170 3892 5205 :
3935 5154 3988 5210 ε.

2421 5251 2583 5309 etiam
2604 5249 2835 5314 animus,
2866 5255 2922 5303 et
2942 5255 3167 5316 tempus,
3196 5253 3253 5304 et
3268 5259 3427 5301 causa
3451 5283 3467 5310 ,
3489 5253 3546 5301 et
3572 5252 3692 5315 post
3711 5250 3988 5324 peccatur

2424 5348 2469 5403 si
2500 5346 2553 5413 hi
2577 5345 2793 5418 quidem
2821 5348 3251 5414 perseverarunt,
3280 5339 3401 5395 illos
3420 5353 3551 5393 vero
3574 5335 3855 5408 panituit,
3888 5349 3969 5393 et

2422 5456 2570 5507 casu,
2592 5442 2637 5496 si
2674 5455 2741 5496 ex
2767 5436 2985 5502 fraude,
3017 5446 3073 5493 et
3099 5436 3144 5492 si
3166 5433 3348 5491 dedita
3380 5448 3566 5510 opera.
3594 5430 3665 5488 Et
3687 5429 3855 5487 multa
3889 5446 3987 5487 sn

2422 5547 2540 5603 qum
2562 5540 2901 5602 quaeruntur,
2931 5529 3188 5600 temporis
3210 5524 3535 5589 differentia,
3565 5533 3622 5580 et
3644 5530 3816 5579 status
3842 5526 3933 5578 rei
3948 5546 3988 5594 Π

2423 5625 2596 5682 blicat.
2646 5622 2717 5681 Ut
2760 5622 2991 5693 exempli
3033 5621 3203 5695 gratia
3233 5638 3249 5676 :
3278 5614 3686 5691 peccaruntqui
3711 5622 3872 5671 erant
3926 5632 3988 5676 Si

2423 5713 2623 5782 Veteri,
2647 5722 2867 5784 peccant
2887 5700 3153 5785 etiam'qui
3181 5720 3309 5769 sunt
3331 5709 3431 5766 sub
3448 5707 3598 5767 Novo
3617 5706 3988 5766 Testa-lenm

2485 5812 2506 5846 ι
2530 5812 2586 5862 In
2616 5807 2838 5860 editione
2867 5807 3081 5867 Romana
3119 5805 3322 5867 legitur,
3354 5816 3387 5853 α
3414 5802 3625 5864 peccatis
3672 5800 3809 5867 (ἀπὸ
3846 5802 3988 5865 ἅμα,

2417 5874 2577 5937 τῶν),
2604 5871 2877 5923 secundum
2901 5865 3193 5919 Hebraicani
3218 5867 3500 5917 veritatem.
