4178 6442
194 352 256 415 ’Β
1350 330 1711 400 εχινδεπιο
1748 332 1816 393 ΙΝ
1853 331 2181 393 Ρελιιυιι
2220 332 2309 390 Vl;

192 472 275 529 sed
316 484 418 526 non
463 467 741 526 dederunt
784 464 998 537 utrique
1041 461 1255 520 easdem
1303 473 1533 532 pinnas,-
1577 451 1772 515 intobi

189 566 460 638 gnvimu.
498 561 571 619 Et
614 560 728 618 hoc
758 558 968 616 Paulus
1006 554 1347 628 signiﬁcans;
1385 547 1599 610 dicebat
1625 549 1775 619 torti

194 658 335 731 legal
360 655 557 727 lepis
596 653 725 725 fecit
1033 646 1296 731 sine_tt!is
1321 643 1644 731 otism-otiose
1682 644 1775 698 ut

193 725 367 805 duobus
390 725 471 803 rei
487 744 655 801 tribas
685 740 894 799 testim
918 725 1394 805 moritur.'Qaaato
1418 726 1609 807 putatis
1624 732 1777 813 dete-

193 843 300 896 rieri
321 840 573 911 supplicio
600 837 793 911 signa
817 835 1094 906 meum,
1115 833 1205 906 qui
1232 830 1425 887 Filium
1447 826 1544 885 Dei
1562 826 1773 899 omni-

194 934 385 998 cata-it,
403 940 451 987 et
470 930 785 1003 sanguinem
808 927 1087 984 testmti
1107 915 1426 980 communem
1455 918 1776 976 exime-

194 1028 251 1082 ῆι
271 1029 290 1095 ‹
312 1024 462 1081 ne».
496 1016 1141 1095 i0.18.!9)?Quando
1164 1028 1342 1074 ιιιιθω
1370 1014 1540 1082 dicit,
1569 1011 1773 1081 om»

196 1115 401 1172 deteriori
426 1115 693 1188 supplicio
721 1112 908 1186 dignus
934 1109 1215 1175 habebitur,
1243 1108 1514 1165 intonsum
1538 1100 1773 1188 ostendit

196 1182 509 1277 simplicium.
526 1182 842 1262 Pecearunt
862 1202 955 1276 qui
975 1200 1147 1273 legem
1165 1202 1579 1273 praecesserunt,
1594 1182 1664 1251 'et
1681 1191 1774 1266 qui

194 1309 330 1356 eram
369 1298 423 1355 in
461 1298 602 1371 iege.
650 1296 863 1353 Rursus
919 1295 1127 1366 priores
1179 1292 1253 1369 illi
1300 1302 1489 1361 pinnas
1538 1284 1769 1344 leviores

198 1390 404 1445 lui-runt.
435 1390 552 1446 iioc
578 1396 769 1445 autem
798 1384 1125 1460 signiﬁcans,
1150 1381 1365 1439 diccbat
1386 1391 1415 1435 ':
1449 1377 1769 1450 Quicmque

197 1482 430 1537 ηἰησὶιιο
455 1482 565 1555 tege
585 1487 942 1553 peccauerunt,
967 1479 1079 1535 sine
1101 1477 1210 1548 tege
1240 1484 1289 1531 et
1322 1473 1557 1555 peribant
1579 1469 1770 1545 (Rom.

195 1574 242 1627 ς.
257 1572 365 1631 .m
390 1593 404 1630 ε
430 1552 594 1635 quit,
619 1574 737 1628 sine
754 1572 881 1643 lege,
906 1569 1170 1642 signiﬁcat
1195 1568 1384 1636 levius,
1405 1579 1512 1621 non
1535 1552 1770 1637 gravius.

200 1661 255 1720 Et
274 1665 564 1735 quicumque
585 1664 646 1720 is
668 1664 781 1736 lege
803 1670 1097 1734 poscerent,
1119 1676 1211 1733 per
1234 1660 1394 1733 legem
1404 1655 1776 1730 judicabantur

199 1754 355 1831 (ibid.
380 1756 422 1830 ).
472 1756 697 1827 Quare!
739 1754 1000 1835 Quoniam
1034 1752 1111 1809 illi
1138 1750 1357 1823 quidem
1411 1749 1611 1807 habent
1654 1758 1777 1818 qua

198 1863 280 1906 eos
318 1858 564 1927 accusat,
618 1858 915 1906 naturam:
944 1846 999 1904 bi
1047 1861 1178 1903 vero
1218 1848 1343 1901 cum
1380 1850 1570 1900 natura
1612 1841 1777 1899 etiam

200 1942 350 2012 legem
372 1982 389 2005 ,
417 1952 472 1999 et
512 1955 627 2013 quo
658 1940 779 2012 plus
803 1939 1064 1996 doctrina:
1104 1942 1465 2007 acceperunt,
1506 1948 1573 1992 eo
1601 1931 1776 2003 majus

200 2030 428 2089 subibunt
482 2030 832 2102 supplicium.
883 2029 1092 2085 Rursus
1136 2028 1299 2084 etiam
1345 2043 1417 2085 ex
1459 2025 1777 2084 auctoritate

202 2122 341 2193 hujus
365 2123 437 2178 rei
468 2123 594 2178 licet
622 2129 877 2177 eventum
906 2118 1122 2184 videre;
1153 2117 1312 2189 idque
1339 2116 1570 2190 pchpici
1601 2123 1778 2188 potest

202 2202 256 2267 ἐι
279 2212 549 2268 sacriﬁcio.
589 2212 696 2267 Pro
722 2210 977 2266 universo
998 2218 1148 2265 certe
1172 2209 1262 2279 qui
1302 2208 1550 2279 peccaret
1578 2204 1779 2278 populo

203 2315 383 2358 tantum
409 2303 740 2361 eliciebatur
764 2299 1082 2358 sacriﬁcium
1102 2340 1117 2366 ,
1143 2308 1401 2371 quantum
1427 2312 1525 2369 pro
1549 2298 1667 2354 solo
1690 2311 1780 2355 sa-

200 2397 413 2451 cordate.
446 2395 501 2450 id
527 2402 712 2450 autem
744 2381 1008 2464 signiﬁcat
1028 2432 1046 2458 ,
1068 2405 1177 2461 quo
1205 2390 1378 2460 major
1398 2397 1484 2446 est
1507 2376 1738 2462 dignitas
1754 2427 1775 2455 ,

202 2505 259 2541 en
279 2488 486 2559 gravius
520 2492 652 2543 esse
674 2499 861 2542 eorum
902 2482 993 2555 qui
1020 2487 1245 2554 peccant
1283 2480 1622 2551 supplicium.
1652 2474 1781 2537 ideo

202 2592 306 2648 quis
325 2576 643 2647 simpliciter
664 2574 882 2647 quidem
908 2571 1170 2629 fornicata
1193 2568 1344 2637 erat,
1372 2569 1441 2628 de
1466 2569 1648 2627 medio
1672 2570 1777 2627 toi-
1825 2589 1829 2594 ν

204 2668 389 2724 labatur
410 2682 433 2726 ε
454 2665 758 2725 sacerdotis
780 2672 959 2720 autem
988 2662 1093 2719 ﬁlia
1120 2660 1553 2719 comburebatur.
1581 2660 1780 2718 Possu-

203 2775 307 2817 mus
339 2760 495 2815 etiam
524 2757 744 2813 aliunde
778 2755 963 2811 videre
1000 2763 1055 2810 et
1080 2753 1290 2810 veniam
1314 2793 1331 2818 ,
1369 2760 1427 2809 et
1460 2750 1777 2824 gravitatem

204 2852 366 2921 augt-ri
402 2848 692 2921 supplicii,
735 2855 794 2902 ut
821 2861 943 2903 cum
973 2845 1019 2901 is
1054 2844 1149 2916 qui
1176 2842 1451 2915 peccavit,
1479 2842 1568 2900 hic
1592 2843 1781 2915 pinnas

204 2949 369 3015 dedit,
406 2947 544 3004 alius
583 2952 766 3000 autem
810 2954 870 2996 se
914 2938 1183 3009 voluptate
1208 2934 1461 3007 explevit.
1493 2932 1589 2991 ille
1631 2934 1778 2991 enim

206 3040 297 3096 illic
324 3038 556 3109 majores
578 3076 595 3104 ,
634 3033 726 3090 itie
751 3045 880 3087 vero
904 3029 1139 3085 minores
1168 3038 1355 3098 pinnas
1379 3026 1565 3095 dabit,
1593 3026 1641 3082 si
1667 3038 1778 3082 non

208 3131 281 3187 hic
294 3130 448 3187 fuerit
462 3128 688 3185 omnino
705 3123 1001 3180 absolutus.
1024 3120 1092 3176 Et
1109 3118 1162 3174 id
1186 3116 1492 3190 signiﬁcem
1508 3115 1778 3182 Clu-imus,

209 3222 387 3280 inducit
403 3220 679 3287 suam
705 3215 973 3273 dicentem
1005 3211 1158 3267 diviti
1185 3227 1201 3266 :
1231 3208 1483 3280 Recepisti
1511 3207 1645 3263 bona
1668 3215 1779 3275 tua,

209 3304 985 3376 ﬁrmamentumch
1022 3301 1420 3359 consolationem
1454 3298 1682 3372 accipit,
1724 3308 1782 3353 tu

209 3405 564 3465 mandaris
608 3400 776 3473 (Luc.
800 3397 889 3455 iii.
918 3395 991 3454 25
1010 3396 1050 3467 ).
1079 3393 1186 3451 Sed
1214 3394 1301 3449 bie
1324 3392 1540 3464 quidem
1566 3392 1666 3448 sibi
1694 3386 1780 3446 in-

211 3507 393 3572 tegrum
434 3493 738 3554 reservavit
777 3488 1094 3562 supplicium
1119 3528 1136 3552 ,
1174 3495 1232 3543 et
1260 3485 1384 3543 ideo
1408 3485 1645 3556 graviter
1684 3484 1783 3542 iuit

213 3594 443 3664 pmitus:
468 3590 559 3647 alii
586 3595 768 3644 autem
798 3598 903 3640 non
944 3583 1209 3653 integrum
1230 3619 1250 3649 ,
1291 3577 1387 3636 sed
1415 3593 1483 3635 ex
1508 3585 1661 3649 parte
1681 3618 1700 3646 ,
1725 3586 1784 3634 et

214 3685 318 3743 ideo
341 3684 507 3742 levius
531 3680 844 3753 puniuntur.
874 3673 1080 3731 Viderit
1102 3672 1265 3729 etiam
1289 3670 1554 3741 quispiam
1578 3668 1783 3741 suppli-

212 3777 269 3834 cii
303 3773 654 3833 diiierentiam
692 3784 759 3825 es
789 3779 977 3836 magna
1005 3759 1356 3833 intelligentia
1383 3765 1440 3816 et
1471 3773 1539 3816 ex
1576 3757 1784 3829 simpli-

213 3869 371 3934 ritate,
388 3876 445 3922 ut
469 3862 689 3938 quando
708 3846 836 3916 dicit
856 3851 1781 3924 τεσυιεφὶκοναωιωιωιιηιάοῃή.

214 3948 414 4016 illiti,”
428 3941 1183 4021 nonfscit,eoptttobitmuitis:
1199 3942 1287 4015 qui
1305 3951 1477 3997 autem
1499 3958 1603 3998 non
1620 3943 1780 4010 novit,

213 4060 289 4098 Iter
323 4043 475 4113 fecit,
524 4038 784 4110 saptdabit
831 4036 1009 4108 paucis
1041 4031 1169 4106 (Id.
1202 4034 1290 4090 i2.
1321 4034 1413 4089 Π.
1450 4032 1521 4091 48
1546 4033 1588 4106 ).
1619 4032 1784 4090 Multa

213 4136 353 4190 etiam
374 4135 488 4190 alia
532 4132 797 4187 invenerit
819 4126 1080 4199 quispiam
1119 4140 1241 4197 qua:
1266 4123 1622 4182 diﬁ‘erentiam
1654 4138 1785 4195 sup—

213 4226 336 4294 νῦάὶ
380 4227 594 4297 pariunt
631 4265 647 4288 ,
704 4222 830 4277 item
882 4216 1238 4274 diﬁerentiam
1283 4215 1667 4273 misericordiae
1729 4225 1788 4273 et

215 4318 557 4391 benignitatis.
583 4314 873 4372 Considera
900 4318 1076 4366 autem
1109 4308 1163 4365 id
1207 4308 1371 4364 etiam
1409 4309 1462 4364 in
1490 4309 1665 4381 primo
1688 4308 1787 4366 bo-

215 4413 359 4469 Itine.
408 4408 660 4468 Peccavit
702 4408 809 4463 Eva
835 4446 850 4471 ,
885 4403 1124 4476 peccavit
1164 4403 1329 4458 etiam
1366 4401 1540 4459 Adam
1572 4420 1586 4458 :
1615 4417 1781 4458 unum

215 4512 371 4559 autem
394 4509 519 4561 erat
543 4507 836 4572 peccatum.
864 4496 1039 4553 Ambo
1064 4496 1209 4551 enim
1236 4495 1306 4551 de
1343 4494 1515 4577 fructu
1536 4494 1789 4553 comede-

217 4603 326 4649 runt
349 4613 364 4648 :
385 4593 553 4648 ambo
574 4600 749 4647 autem
784 4604 891 4644 non
916 4587 1132 4644 easdem
1160 4602 1347 4658 pinnas
1371 4586 1656 4643 dederunt.
1682 4585 1789 4644 Oc-

217 4684 328 4739 cidit
349 4686 482 4740 Cain
499 4724 518 4747 ,
552 4690 607 4739 et
628 4680 827 4737 occidit
850 4678 1082 4735 Lamecb
1106 4694 1122 4744 ;
1149 4688 1207 4733 et
1231 4676 1320 4733 hic
1337 4676 1553 4747 quidem
1578 4677 1791 4734 miseri-

218 4778 430 4834 rordiam
449 4784 539 4833 est
562 4782 899 4845 assequutus,
927 4771 1016 4828 ille
1039 4786 1170 4828 vero
1194 4770 1415 4844 punitus
1435 4780 1541 4831 est.
1566 4771 1794 4843 Collegit

219 4868 456 4938 quispiam
483 4868 627 4938 ligna
652 4863 876 4921 sabbato
898 4902 916 4931 ,
944 4870 1001 4919 et
1037 4862 1240 4917 nullam
1277 4862 1489 4917 veniam
1518 4870 1603 4918 est
1644 4878 1793 4919 asse-

219 4967 392 5030 qlltus
410 4957 433 5031 (
454 4955 623 5013 Nam.
654 4956 742 5013 i5.
768 4952 863 5012 52.
892 4969 1002 5025 sqq.
1026 4953 1067 5025 ).
1098 4951 1265 5008 David
1308 4944 1524 5020 occidii,
1558 4961 1616 5008 et
1637 4952 1792 5019 adng

223 5053 391 5109 teriam
417 5050 725 5117 commisit,
753 5057 809 5106 et
834 5049 1062 5105 salutem
1100 5054 1184 5102 est
1208 5053 1592 5117 consequutus.
1620 5044 1678 5101 in
1708 5045 1794 5103 his
1826 5044 1829 5049 ’

220 5161 332 5219 ergo
361 5142 665 5220 qucrendis
691 5142 1042 5216 immorentur
1070 5157 1087 5195 :
1111 5138 1283 5195 multo
1305 5144 1391 5195 est
1430 5138 1574 5194 enim
1603 5138 1794 5195 melius

222 5237 321 5297 hac
339 5240 605 5312 inquirere
627 5276 645 5305 ,
682 5249 847 5308 quam
886 5231 1041 5302 nugis
1070 5240 1123 5287 et
1150 5230 1509 5287 conventibus
1533 5232 1626 5303 qui
1662 5232 1797 5289 ﬁunt

222 5332 267 5389 la
287 5332 407 5391 loris
429 5332 670 5390 deditum
697 5342 842 5386 esse.
864 5325 985 5383 Non
1009 5323 1183 5381 solum
1212 5323 1356 5379 enim
1377 5322 1496 5380 hac
1514 5324 1759 5382 invenire
1773 5368 1793 5395 ,

224 5426 471 5483 aetietiam
494 5437 778 5499 quaeres,
820 5434 1074 5492 magnum
1115 5425 1200 5473 est
1248 5416 1452 5473 lucrum
1477 5456 1497 5485 ,
1546 5418 1647 5476 etsi
1685 5434 1793 5475 non

226 5512 540 5585 inveniamus.
556 5515 830 5589 Cogermn
848 5512 990 5568 enim
1013 5509 1067 5566 in
1088 5509 1171 5564 his
1191 5509 1485 5576 immorari,
1508 5518 1566 5566 et
1583 5510 1796 5567 univer-

224 5621 323 5663 sam
348 5620 546 5681 tempus
569 5608 625 5664 in
650 5606 735 5663 bis
752 5616 1091 5681 consumere.
1107 5601 1216 5658 Cur
1239 5614 1368 5672 ergo
1387 5600 1622 5673 (oportet
1645 5602 1790 5659 enim

223 5697 423 5769 siprius
441 5700 737 5756 institutam
760 5694 943 5753 redire
968 5690 1311 5767 orationem),
1338 5707 1460 5749 cum
1486 5707 1675 5748 omnes
1701 5693 1794 5749 Ju-

225 5786 311 5846 daei
335 5790 543 5849 titulum
566 5786 923 5853 conﬂauerit,
947 5781 1041 5840 alii
1065 5781 1280 5854 quidem
1307 5783 1475 5855 puniti
1507 5792 1631 5840 sunt
1651 5826 1665 5853 ,
1694 5785 1787 5840 alii

1885 463 2025 505 vero
2046 445 2313 504 minime?
2341 444 2496 516 Quod
2524 444 2603 501 illi
2629 441 2851 517 quidem
2880 441 3199 515 pcuitentia
3225 438 3372 517 ducti
3394 484 3410 509 ,
3438 452 3497 500 et

1881 539 2054 611 ipsam
2081 545 2329 593 “naturam
2354 513 2512 593 obliti
2540 513 2671 604 sint,
2693 544 2818 597 cum
2846 513 3061 606 pietatis
3084 548 3245 591 causa
3269 513 3490 605 propin-

1878 641 2017 702 quos
2048 634 2353 685 necarunt:
2398 627 2476 685 illi
2517 642 2648 685 vero
2691 618 3129 698 perseverarunt.
3182 623 3366 697 itaque
3395 622 3496 680 fuit

1877 721 2101 785 quidem
2133 708 2416 796 peceatum
2441 718 2652 792 aequale
2678 734 2696 776 :
2727 718 2825 776 sed
2851 732 2976 790 qua:
3003 724 3341 789 consequuta
3365 722 3496 771 sunt

1881 825 1989 866 neu
2008 810 2161 868 i’nere
2181 806 2427 883 aequalia.
2446 810 2626 880 Quare
2644 818 2825 867 autem
2845 818 2900 866 et
2927 808 2983 866 in
3004 808 3199 876 Adam,
3223 817 3279 866 et
3303 808 3362 878 in,
3380 805 3501 865 Eva-

1881 919 1987 962 non
2018 904 2116 961 fuit
2158 904 2300 962 idem
2324 904 2647 977 supplicium
2676 903 2780 961 etsi
2809 901 2971 959 fuerit
2997 900 3141 974 idem
3170 896 3505 975 peccatum?

1879 995 2017 1065 Quia
2058 1005 2167 1052 non
2212 995 2355 1052 idem
2393 1003 2568 1052 erata
2598 994 2826 1051 muliere
2856 993 3145 1065 deceptum
3173 1006 3299 1055 esse
3322 1031 3339 1059 ,
3380 1001 3438 1050 et
3459 1006 3497 1049 a

1879 1097 2152 1159 serpente.
2180 1087 2364 1159 itaque
2387 1085 2587 1143 Paulus
2608 1084 2740 1141 illud
2764 1085 3060 1158 appellavit
3086 1082 3494 1156 deceptioncm.

1879 1173 2069 1233 dicens
2100 1196 2116 1232 :
2146 1177 2313 1232 Adam
2339 1170 2561 1248 nonfuit
2581 1176 2844 1247 deceptus,
2876 1160 3064 1230 ntulist-
3081 1182 3253 1230 autem
3279 1172 3503 1244 deceptis

1881 1268 1979 1343 (ait
2008 1269 2062 1324 in
2087 1264 2490 1343 transgressione
2522 1267 2608 1339 (i.
2652 1263 2794 1322 Tim.
2824 1264 2883 1321 2.
2929 1266 3000 1323 ιι
3018 1262 3063 1340 ).
3104 1265 3217 1323 Cur
3236 1274 3417 1324 autem
3448 1263 3496 1319 is

1879 1360 1974 1433 qui
1993 1361 2134 1434 ligna
2153 1361 2463 1433 collegerat,
2485 1375 2592 1417 non
2617 1371 2700 1418 est
2721 1367 3044 1431 asscquutus
3064 1357 3275 1414 veniam
3291 1357 3317 1411 τ
3343 1357 3495 1427 Quo-

1882 1453 2028 1510 niam
2072 1464 2191 1521 erat
2243 1454 2492 1509 maxima,-
2533 1452 2828 1523 iniquitatis
2859 1456 3187 1522 praceptum
3215 1448 3397 1504 statim
3426 1448 3505 1503 alr

1882 1544 2038 1601 initio
2059 1544 2381 1615 transgredi,
2412 1554 2469 1601 et
2492 1544 2778 1615 oportebat
2807 1542 2927 1597 aliis
2955 1550 3211 1612 magnum
3234 1541 3493 1614 timorem

1883 1635 2115 1693 immitti.
2130 1636 2415 1695 [lucetium
2427 1638 2486 1697 in
2497 1634 2766 1709 Sapphira
2776 1629 3050 1692 etAnania
3062 1629 3399 1706 accidit(Aet.
3412 1628 3492 1705 5).

1882 1721 2063 1784 Etnos
2074 1727 2253 1799 itaque
2267 1720 2483 1797 quando
2499 1737 2803 1796 peccamus,
2814 1718 3311 1794 considereinusgn
3325 1722 3495 1776 simus

1882 1815 2029 1888 digni
2057 1815 2426 1873 misericordia
2449 1858 2463 1884 ,
2493 1818 2540 1874 si
2565 1814 2694 1889 quid
2722 1814 2949 1872 iecimus
2978 1822 3037 1869 ut
3062 1810 3492 1891 misericordiam

1880 1919 2255 1980 assequamur,
2282 1908 2334 1964 si
2377 1908 2690 1981 pmoitentia
2718 1904 2866 1963 ducti
2905 1916 3114 1972 sumus,
3141 1889 3495 1963 simeiiores

1883 2002 2175 2068 evasimus,
2205 2002 2251 2057 si
2275 2001 2601 2058 destitimus.
2634 2000 2769 2057 Nam
2804 1994 3377 2071 pmoitentiasaiutem
3406 2011 3497 2052 as-

1884 2092 2081 2166 sequi,
2120 2090 2249 2149 illud
2277 2088 2360 2149 est
2387 2107 2420 2149 a
2448 2091 2544 2150 Dei
2571 2091 2939 2149 misericordia
2980 2090 3210 2148 servari:
3246 2086 3326 2145 ita
3361 2080 3496 2160 ergo

1886 2186 1975 2243 hic
1996 2187 2162 2243 etiam
2193 2194 2348 2257 rogat
2376 2184 2502 2243 inde
2526 2185 2754 2252 servari,
2782 2199 2848 2240 ex
2879 2182 3155 2257 iacrymis,
3186 2193 3253 2237 ex
3281 2174 3493 2237 lamen-
3538 2242 3550 2251 ι

1885 2279 2197 2337 tationibus.
2220 2280 2277 2336 7.
2301 2278 2508 2336 Lavabo
2530 2279 2699 2347 enim,
2732 2278 2924 2351 inquit,
2955 2295 3047 2349 per
3063 2274 3297 2350 singulos
3320 2284 3494 2330 noctes

1883 2372 2072 2429 lectum
2112 2387 2318 2437 uicum;
2359 2371 2600 2444 locrymis
2647 2370 2773 2427 meis
2820 2376 3040 2425 stratum
3078 2381 3249 2422 meum
3272 2354 3488 2439 ‘ﬁgabo.

1886 2467 1946 2525 id
1974 2476 2082 2533 est,
2111 2481 2180 2524 es
2202 2467 2633 2538 compunctione.
2665 2464 2721 2522 5.
2743 2462 3054 2520 Contra-beta
3072 2470 3191 2517 sunt
3215 2476 3331 2515 ossa
3358 2467 3490 2524 mea,

1883 2562 1942 2619 4.
1967 2569 2014 2618 et
2032 2561 2207 2616 animo
2229 2577 2343 2616 mea
2363 2558 2564 2616 turbata
2588 2567 2661 2615 est
2679 2558 2845 2614 ualde.
2868 2555 2988 2613 Non
3008 2553 3113 2611 hoc
3135 2547 3317 2611 statim
3338 2552 3503 2617 dicit,

1885 2650 1981 2709 sed
2009 2651 2079 2707 sd
2109 2642 2315 2708 natura
2335 2649 2703 2707 inﬁrmitatem
2729 2647 2992 2720 confugit,
3015 2648 3224 2707 dicens.
3250 2643 3490 2726 liliu-

1882 2745 2120 2813 reremei,
2143 2744 2375 2810 Domine,
2392 2744 2634 2809 quoniam
2643 2741 2881 2815 inﬁrmus
2892 2756 3026 2798 sum.
3049 2740 3121 2795 ita
3142 2740 3292 2815 dicit.
3311 2746 3496 2794 osten-

1884 2837 2020 2893 dens
2036 2836 2139 2893 boc
2156 2851 2265 2894 non
2278 2836 2455 2894 solum
2470 2834 2722 2891 sufﬁcere
2740 2852 2755 2887 :
2773 2834 2816 2889 si
2833 2834 2976 2890 enim
2993 2848 3054 2889 su
3062 2833 3284 2895 riiceret,
3305 2837 3495 2885 omnes

1884 2944 1952 2986 ex
1995 2944 2064 2986 eo
2104 2928 2303 2985 servati
2346 2934 2563 2994 essent;
2610 2936 2800 2980 omnes
2836 2924 2981 2979 enim
3011 2930 3197 2979 sui-iui
3219 2920 3490 2976 homines.

1957 3023 2015 3079 3.
2055 3022 2183 3078 Mihi
2209 3030 2413 3087 autem,
2439 3017 2487 3075 si
2512 3018 2581 3074 de
2610 3033 2675 3074 eo
2700 3014 2901 3086 aliquid
2925 3014 3169 3070 exactius
3201 3010 3492 3068 dicentium

1886 3124 1990 3184 est,
2017 3114 2245 3171 fortasse
2276 3118 2344 3168 ne
2364 3111 2467 3168 hoc
2493 3107 2711 3182 quidem
2736 3107 2947 3163 videtur
2963 3105 3179 3161 dicere:
3203 3103 3300 3160 sed
3326 3103 3495 3175 signi-

1888 3207 2015 3265 ﬁcat
2041 3206 2463 3264 imbecillitatem
2475 3219 2595 3275 quae
2610 3200 2974 3275 proﬁciscitur
2997 3214 3061 3254 es
3081 3196 3491 3261 tentationibus,

1887 3296 1956 3355 ad
1982 3294 2407 3355 misericordiam
2434 3303 2493 3350 et
2511 3293 2724 3349 veniam
2750 3288 3164 3361 asseqiiendam,
3196 3285 3337 3342 hanc
3360 3300 3495 3356 quo-

1887 3404 1994 3462 que
2017 3404 2124 3443 non
2156 3400 2379 3459 parvam
2404 3384 2667 3440 rationem
2688 3382 2941 3437 atterens.
2972 3378 3088 3435 lioc
3111 3378 3276 3433 etiam
3294 3374 3349 3431 lu
3369 3390 3495 3447 pro-

1886 3496 2077 3553 gressu
2102 3477 2445 3552 significavit,
2474 3475 2661 3531 dicens
2692 3490 2708 3527 :
2737 3474 2791 3528 8.
2828 3470 3110 3526 Inveterari
3136 3469 3272 3524 inter
3318 3482 3494 3523 omnes

1885 3573 2119 3629 ἕπὶπιὲοοε
2173 3582 2334 3626 meos.
2385 3566 2623 3625 Aliiictio
2669 3566 2813 3621 enim
2865 3578 2987 3635 qum
3033 3575 3158 3617 cum
3199 3560 3494 3632 gratiarum

1886 3664 2099 3723 actione
2115 3662 2393 3727 toleratur,
2411 3660 2550 3716 solet
2577 3670 2824 3729 magnam
2851 3655 3091 3727 pra-bere
3109 3667 3297 3709 ausam
3326 3650 3495 3710 misc-

1888 3756 2159 3825 ricordiae,
2186 3765 2242 3812 et
2269 3755 2438 3811 Deum
2461 3753 2688 3810 reddere
2705 3749 3017 3822 propitium.
3043 3748 3194 3804 lianc
3214 3762 3346 3821 ergo
3362 3745 3495 3803 mihi

1887 3847 1981 3906 hic
2001 3847 2215 3905 videtur
2247 3846 2571 3919 signiﬁcare,
2622 3842 2845 3900 dicens:
2872 3840 3019 3897 Sana
3056 3846 3180 3908 me,
3224 3830 3447 3895 Domine
3475 3880 3494 3906 ,

1889 3943 2128 4016 quoniam
2150 3940 2453 3996 conturbata
2477 3948 2733 3993 sutilem
2782 3950 2917 4005 mea,
2960 3934 3020 3994 4.
3060 3944 3109 3992 α
3382 3950 3498 3991 nteit

1892 4014 2096 4094 turbata
2118 4041 2193 4091 est
2238 4033 2406 4089 ualde.
2437 4031 2553 4088 Non
2581 4030 2753 4087 dixit:
2782 4029 3019 4086 Remitte
3070 4014 3203 4083 milii
3224 4069 3241 4095 ,
3281 4037 3496 4099 neque,

1890 4127 2151 4186 Condoua
2178 4125 2331 4192 mibi,
2352 4124 2469 4191 sed,
2500 4123 2667 4179 Sana.
2698 4114 2873 4193 Rogat
2893 4120 3039 4185 enim
3060 4130 3121 4176 ut
3146 4120 3323 4192 priora
3347 4117 3501 4177 deie-

1890 4229 2051 4278 antur
2092 4221 2335 4274 vulnera.
2375 4214 2507 4272 Ossa
2551 4214 2639 4270 itic
2675 4211 3157 4270 dicit'universam
3195 4213 3499 4271 uirtutem;

1894 4313 2253 4371 turbationem
2304 4320 2510 4375 autem,
2566 4301 2802 4379 pinnam,
2845 4304 3188 4376 supplicium.
3220 4303 3368 4361 Sana
3394 4320 3503 4374 me,

1893 4401 2133 4467 Domine.
2146 4402 2386 4473 quoniam
2398 4399 2697 4455 conturbata
2718 4406 2836 4453 sunt
2851 4413 2969 4453 ossa
2990 4413 3129 4465 mea,
3140 4404 3187 4453 et
3198 4400 3373 4451 animo
3387 4413 3504 4454 utea

1895 4496 2098 4552 turbata
2124 4493 2377 4550 estsatde.
2411 4488 2876 4560 Quemadmodum
2906 4499 3036 4560 ergo
3061 4488 3116 4544 in
3136 4485 3365 4544 medicis
3393 4487 3499 4546 tria

1894 4597 2044 4656 sunt,
2066 4585 2151 4642 vel
2167 4584 2347 4659 potius
2366 4591 2616 4657 quatuor,
2642 4580 2727 4637 vel
2743 4580 2908 4635 etiam
2922 4578 3161 4651 quinque
3182 4596 3196 4633 :
3229 4580 3499 4647 medicus,

1895 4694 2008 4748 ars,
2025 4685 2283 4750 aegrotus,
2314 4672 2553 4739 morbus,
2585 4672 2675 4729 vis
2697 4670 3237 4735 medicamentorum,
3264 4678 3323 4725 et
3343 4668 3503 4727 adest

1894 4769 2142 4843 quaedam
2162 4768 2335 4840 pugna
2362 4779 2429 4820 ac
2454 4763 2740 4821 conﬂictus
2768 4778 2782 4819 :
2813 4761 2860 4817 si
2908 4762 3053 4817 enim
3099 4770 3224 4817 cum
3253 4759 3466 4819 medico
3484 4802 3503 4831 ,

1897 4872 2036 4929 arte,
2060 4869 2119 4919 et
2141 4856 2575 4921 medicamentis,
2597 4854 2806 4913 accedit
2820 4854 2983 4912 etiam
3006 4853 3258 4911 voluntas
3285 4854 3499 4925 aegroti,

1900 4954 2147 5011 morbum
2172 4951 2432 5015 vincunt;
2462 4948 2509 5005 si
2537 4956 2720 5003 autem
2747 4954 2871 5003 cum
2923 4944 3034 5001 illis
3084 4953 3230 5001 stare
3280 4943 3336 4999 in
3388 4944 3509 5001 acie

1898 5044 2123 5103 desierit
2140 5049 2403 5114 aegrotus,
2425 5039 2493 5096 ad
2542 5037 2915 5096 inﬁrmitatem
2953 5036 3192 5109 seipsum
3230 5034 3505 5103 reducit:

1900 5135 1982 5193 vel
2011 5135 2174 5191 etiam
2202 5133 2441 5203 seipsum
2463 5118 2785 5194 labefactat,
2835 5127 2882 5184 si
2937 5141 3062 5184 cum
3104 5126 3199 5183 illa
3246 5127 3510 5185 adversus

1902 5226 2195 5291 medicum,
2227 5222 2641 5289 medicamenta,
2668 5227 2728 5276 et
2746 5230 2919 5276 artem
2972 5220 3028 5276 in
3081 5220 3199 5276 acie
3252 5220 3508 5277 steterit:

1902 5319 1974 5375 ita
2000 5317 2163 5373 etiam
2192 5315 2246 5372 in
2275 5313 2434 5371 nobis
2459 5310 2674 5377 accidit,
2701 5310 2813 5366 imo
2864 5312 3042 5381 potius
3093 5326 3200 5367 non
3251 5312 3365 5379 sic,
3410 5312 3509 5369 sed

1902 5410 2073 5467 multo
2109 5405 2497 5465 admirabilius.
2554 5402 2669 5460 Sub
2712 5401 2939 5459 medicis
2989 5402 3134 5459 enim
3187 5418 3334 5477 sape
3382 5418 3510 5463 cum

1900 5503 2116 5570 morbo,
2146 5509 2200 5557 et
2223 5514 2347 5555 cum
2373 5506 2506 5563 arte,
2540 5505 2596 5553 et
2622 5510 2745 5551 cum
2768 5494 3175 5552 medicamentis
3202 5504 3310 5552 stat
3335 5512 3512 5568 trgi-o-

1903 5606 2011 5663 tus,
2037 5604 2093 5651 et
2122 5603 2303 5648 tamen
2332 5587 2466 5646 nihil
2484 5587 2725 5659 prodest,
2751 5598 2874 5641 cum
2900 5597 2957 5644 et
3004 5597 3190 5642 natura
3239 5588 3510 5646 imbecilla

1900 5687 1991 5753 sit,
2015 5697 2071 5742 et
2095 5698 2185 5739 ars
2221 5697 2331 5739 non
2352 5679 2695 5744 successerit,
2727 5693 2826 5734 nec
2851 5678 3052 5734 exitum
3099 5678 3405 5747 invenerit,
3456 5690 3512 5737 ct

1907 5782 1984 5837 vis
2032 5776 2545 5835 medicamentorum
2594 5770 2775 5841 aliquo
2803 5784 2931 5825 casu
2960 5771 3278 5830 cvanuerit;
3312 5772 3363 5827 iu
3394 5773 3510 5830 Deo
