4178 6440
182 317 241 374 π
1330 295 1697 358 luXPOSlTlO
1736 294 1777 352 I2

1886 294 2165 354 SALMUM
2207 296 2293 354 γι.
3425 290 3496 350 ἹΒ

182 438 458 503 argenteos,
490 424 671 499 qualis
695 432 815 481 erat
848 421 1021 479 lectus
1046 419 1189 494 regis
1217 434 1234 485 ;
1290 432 1398 474 non
1438 432 1504 474 ex
1533 412 1764 488 gemmis

182 523 444 587 conﬂatus,
475 537 586 576 non
618 534 761 576 auro
778 524 1099 583 contextus,
1120 512 1217 570 sed
1247 511 1463 568 ablutus
1492 509 1767 582 lacrymis.

187 618 242 674 ﬁt
260 627 435 674 noctes
465 614 594 671 huic
624 620 784 669 erant
811 625 920 667 non
945 607 1162 681 quietis,
1203 605 1299 663 sed
1330 608 1517 661 noctes
1547 602 1771 658 lletuum

185 708 703 769 etlamentatiouum.
725 703 991 773 Quoniam
1019 699 1251 756 interdiu
1271 712 1395 755 eum
1424 696 1607 750 multa:
1627 709 1774 749 cura:

185 799 631 859 circumsistebant
661 816 677 852 :
706 795 852 868 quod
880 794 970 849 alii
992 792 1191 865 quietis
1219 805 1285 846 ac
1310 785 1609 845 laxamenti
1639 795 1777 840 tem.

186 907 271 966 pte
295 904 527 963 sumunt,
560 890 614 945 id
640 890 735 947 illo
753 887 981 970 ducebat
1009 896 1219 955 tempus
1239 879 1617 949 confessionis,
1647 887 1774 941 tunc

186 986 341 1042 acrius
360 984 687 1039 latncntans.
720 980 925 1037 Bonum
950 986 1033 1034 est
1061 978 1204 1033 enint
1226 989 1444 1045 semper
1470 972 1624 1037 ﬂere,
1656 986 1776 1026 nta-

188 1078 311 1132 sime
337 1087 512 1131 autem
546 1085 799 1147 tempore
830 1074 1026 1140 nectis,
1072 1070 1290 1143 quando
1321 1068 1501 1123 nullus
1549 1074 1635 1121 est
1681 1066 1774 1135 qni

188 1169 305 1223 hanc
324 1166 700 1223 admirabilem
725 1164 1049 1234 voluptatem
1078 1159 1333 1222 excutiat,
1366 1159 1463 1215 sed
1494 1158 1621 1213 licet
1672 1172 1773 1206 να.

186 1261 297 1315 lenti
321 1274 382 1314 ea
410 1258 694 1314 liberrime
716 1254 941 1327 expleri.
968 1253 1159 1310 Sciunt
1190 1242 1279 1324 qui
1320 1249 1439 1322 ejus
1478 1248 1620 1320 quod
1651 1248 1775 1304 dico

188 1348 343 1406 fecere
366 1348 695 1418 periculum,
728 1354 985 1417 quantam
1008 1342 1248 1399 lmtitiam
1276 1341 1513 1398 habeant
1555 1340 1607 1394 bi
1651 1341 1772 1396 fon-

190 1450 256 1494 tes
290 1440 666 1510 larrymarum.
717 1437 815 1494 lla:
857 1437 1107 1511 lacryma:
1157 1442 1381 1505 possunt
1430 1431 1775 1502 exstinguere

189 1531 920 1603 igneuginesstinguibilem,
947 1529 1167 1583 ﬂuvium
1218 1526 1366 1580 illum
1410 1524 1502 1595 qui
1544 1522 1776 1578 trahitur

189 1639 294 1682 ante
309 1628 557 1682 tribtmal.
590 1627 887 1697 Propterea
918 1617 1696 1677 Paulustrienniollevitnoctu
1719 1621 1775 1670 et

187 1718 405 1786 dieHrI.
430 1718 522 1775 20.
554 1718 676 1788 3|),
724 1717 930 1773 alienas
957 1712 1276 1769 afﬂictiones
1314 1711 1625 1781 corrigens;
1675 1722 1775 1762 nos

186 1821 340 1864 autem
392 1827 459 1867 ue
515 1822 739 1867 nostras
784 1808 1025 1880 quidem.
1081 1806 1179 1862 scd
1231 1805 1483 1873 uosipsos
1531 1801 1661 1857 risui
1709 1814 1774 1855 ac

189 1904 415 1973 Inlttplali
443 1903 736 1968 dedentes,
775 1910 886 1957 tota
906 1908 1064 1955 nocte
1087 1895 1237 1969 gravi
1263 1910 1457 1951 somno
1471 1903 1528 1950 et
1551 1892 1774 1962 crapula

188 1992 455 2047 obruimur.
490 1994 557 2048 Et
585 1993 644 2047 bi
669 1992 886 2065 quidem
914 2005 1103 2045 somno
1128 1987 1288 2043 morti
1334 1986 1493 2041 simili
1550 1993 1676 2040 sunt
1695 1981 1779 2037 af-

191 2082 264 2139 ﬁxi
287 2103 299 2137 :
325 2086 408 2139 alii
436 2101 569 2139 vero
590 2095 761 2154 agunt
791 2092 962 2136 morte.
977 2082 1255 2150 graviores
1270 2079 1497 2150 vigilias,
1539 2076 1769 2141 foenera,

189 2191 234 2233 ct
259 2195 454 2242 usuras,
476 2188 534 2233 et
562 2180 621 2232 in
648 2178 783 2233 alios
808 2176 1029 2231 insidias
1053 2188 1118 2230 co
1149 2184 1393 2243 tempore
1435 2172 1619 2226 animo
1661 2168 1775 2240 agi-

192 2278 361 2324 tantes.
387 2272 449 2324 At
483 2287 591 2323 non
618 2270 654 2323 ii
684 2268 773 2339 qui
803 2276 931 2323 sunt
946 2265 1061 2320 sani
1081 2275 1134 2320 ct
1161 2263 1352 2329 sobrii,
1378 2262 1474 2318 sed
1505 2276 1632 2318 snas
1676 2275 1774 2317 co-

192 2359 288 2413 lunt
309 2359 531 2419 animus,
564 2360 654 2413 bis
681 2358 934 2429 lacryntis
964 2366 1235 2424 tamquam
1267 2354 1439 2409 imbre
1464 2362 1699 2414 utentes,
1720 2359 1778 2408 et

190 2454 368 2514 semina
398 2454 612 2507 virtutis
644 2459 924 2520 augentes.
950 2449 1090 2505 Nulli
1124 2449 1255 2502 vitio
1300 2457 1357 2511 et
1407 2436 1614 2501 libidini
1672 2445 1779 2499 erit

190 2543 342 2596 aditus
362 2546 427 2598 ad
460 2546 664 2613 let-tutu
693 2543 833 2613 ejus,
864 2541 954 2612 qni
977 2541 1243 2613 lacrymas
1289 2538 1556 2611 ejusmodi
1600 2552 1775 2593 suscr-

192 2635 269 2704 pit.
290 2636 382 2705 Qui
414 2636 549 2692 tales
575 2634 748 2690 fundit
770 2636 1055 2706 lacrymas,
1094 2633 1242 2687 nihili
1274 2633 1422 2687 ducit
1474 2648 1595 2703 qua:
1650 2638 1779 2686 sunt

193 2727 236 2780 iu
262 2738 411 2793 terra,
441 2728 536 2783 sed
570 2726 1020 2783 Iibcratanimum
1042 2728 1109 2780 ab
1134 2725 1279 2779 omni
1304 2725 1606 2792 obsidione,
1625 2741 1779 2780 men-

194 2829 283 2875 tetu
308 2820 477 2875 reddit
500 2822 589 2875 vel
618 2820 735 2875 sole
757 2820 1064 2875 clariorem.
1093 2818 1203 2875 Nec
1226 2834 1314 2874 me
1337 2818 1778 2874 cxistimaveritis

192 2913 304 2967 solis
326 2914 435 2969 haec
483 2916 673 2969 dicere
722 2913 1000 2969 monachis
1024 2929 1040 2978 ;
1068 2913 1231 2968 etiam
1260 2911 1327 2968 ad
1356 2927 1454 2968 eos
1488 2914 1579 2983 qui
1611 2910 1777 2967 rebus

191 3008 246 3059 ad
269 3006 394 3060 hanc
413 3010 578 3062 vitun
603 3005 995 3075 pertinentibus
1024 3006 1212 3061 attenti
1239 3014 1385 3070 sunt,
1406 3006 1639 3061 habetur
1661 3005 1778 3061 lta-c

192 3096 489 3164 ethera-uio,
515 3108 574 3152 et
595 3098 664 3149 ad
684 3096 783 3152 hos
814 3098 1022 3167 potius,
1079 3111 1238 3167 quam
1266 3096 1334 3151 ad
1363 3095 1481 3151 illos
1506 3114 1519 3149 :
1551 3095 1603 3149 hi
1630 3095 1775 3153 enim

192 3203 293 3242 sinu
320 3192 403 3260 qui
434 3193 673 3245 maxime
698 3189 939 3262 indigent
968 3188 1296 3259 ptenitentim
1324 3189 1649 3259 pbarmacis.
1672 3189 1774 3259 Qui

194 3280 277 3334 hoc
297 3284 448 3336 ιηιιιιυ
474 3285 824 3346 lamentatur,
852 3290 1039 3352 surget
1066 3283 1249 3335 animo
1298 3281 1492 3337 melius
1536 3280 1730 3338 allecto
1756 3323 1775 3348 ,

193 3387 328 3444 quam
354 3375 417 3430 sit
444 3386 639 3445 portus
658 3373 999 3443 tranquillus,
1028 3374 1394 3429 omnesaninti
1420 3373 1779 3444 perturbatio-

194 3483 272 3522 nes
296 3452 611 3537 expelleris;
640 3468 786 3523 omni
832 3467 1064 3522 refertos
1100 3467 1283 3524 lmtitia
1325 3467 1379 3523 in
1425 3466 1648 3522 domum
1682 3467 1775 3522 Dei

195 3559 338 3616 libere
357 3573 409 3618 et
432 3577 629 3617 secure
659 3563 1023 3633 ingredietur;
1054 3577 1179 3617 cum
1208 3545 1777 3635 propinquo'jncunde

194 3657 541 3728 mlloquetur;
566 3673 671 3712 non
694 3672 815 3711 cum
850 3664 1009 3712 Vexat
1032 3656 1113 3711 ira
1141 3656 1195 3713 in
1223 3656 1451 3712 internis
1482 3655 1776 3726 penetrali-

193 3747 294 3812 bus.
319 3767 420 3805 non
439 3751 742 3807 inﬂammat
767 3748 1055 3820 cupiditas,
1079 3762 1187 3806 non
1208 3765 1363 3805 amor
1378 3749 1641 3820 pecuniis,
1669 3764 1778 3803 nntt

193 3840 393 3907 iut‘ldia,
421 3859 536 3897 non
567 3841 765 3913 aliquid
794 3842 936 3895 aliud
966 3840 1253 3911 ejusmodi.
1282 3840 1409 3897 lltec
1429 3842 1573 3897 enim
1594 3840 1777 3895 omnia

195 3943 239 3985 Il
261 3943 519 4004 tamquam
548 3934 736 3989 bellum
790 3934 843 3988 iu
894 3932 1444 3990 cavernis-abstruse
1485 3931 1777 3989 delitesce-

195 4038 315 4089 rent,
340 4036 638 4084 not-turnus
655 4027 745 4081 ille
767 4014 1006 4098 gemitus
1028 4035 1085 4083 et
1102 4026 1361 4102 lacryma'.
1384 4026 1705 4083 t-ﬂ'ecerunt.
1720 4027 1775 4083 8.

196 4114 427 4174 Turbatus
449 4128 533 4175 est
556 4136 588 4172 a
618 4121 793 4191 furore
823 4118 1002 4176 oculus
1026 4135 1188 4173 κιαι.
1246 4117 1438 4175 Vidisti
1488 4120 1779 4175 contritam

193 4210 759 4282 anintamﬂ‘ostquam
788 4210 931 4267 dixit
970 4210 1378 4281 pmuitentiam,
1418 4209 1552 4266 dicit
1590 4225 1785 4273 rursus

197 4306 606 4370 perturbationes
649 4303 835 4374 animi,
884 4304 1355 4361 conturbationem
1398 4319 1520 4375 qua:
1581 4312 1668 4359 est
1724 4305 1778 4361 in

201 4405 379 4459 metite,
408 4396 666 4451 timorem
688 4396 778 4466 qni
808 4411 875 4454 es
903 4395 982 4451 ira
1007 4395 1100 4451 Dei
1124 4396 1389 4467 procedit.

253 4484 303 4542 5.
319 4484 509 4543 οαιυ
525 4486 713 4541 animo
732 4487 869 4559 quis;
884 4487 1062 4545 oculus
1072 4489 1343 4553 eruendus,
1368 4488 1645 4560 quomodo.
1658 4489 1782 4544 Ρω-

199 4578 394 4637 Iiatic
416 4591 464 4636 et
490 4581 839 4653 lact-pisanis;
867 4585 1085 4653 fructus.
1117 4611 1192 4625 —
1232 4579 1463 4637 Oculum
1504 4583 1649 4638 enim
1694 4582 1781 4638 hic

200 4667 311 4726 dicit
331 4674 547 4729 oculum
577 4673 793 4741 animus,
827 4673 1293 4743 perspicacitatem
1336 4672 1483 4730 illam
1525 4683 1584 4730 et
1619 4674 1785 4731 ratio-

201 4762 387 4822 εἱκωί
431 4766 779 4832 facultatem,
833 4780 994 4835 quam
1037 4765 1180 4822 solet
1227 4767 1515 4837 pertubarc
1560 4782 1783 4825 suorum

202 4867 519 4924 peccauit-um
566 4858 839 4928 cogitatio.
886 4859 1023 4926 Quia
1075 4857 1221 4913 enim
1277 4873 1373 4913 sua
1416 4859 1611 4916 delicta
1656 4870 1785 4919 ante

203 4947 364 5003 oculos
399 4960 664 5021 perpetuo
702 4949 958 5016 habebat,
997 4950 1089 5007 Dei
1136 4952 1302 5009 etiam
1345 4951 1484 5009 iram
1537 4953 1679 5024 apud
1722 4970 1787 5012 se

205 5040 465 5111 rogitaltat,
524 5043 717 5098 timore
758 5042 1005 5111 ulli-ctus,
1058 5058 1165 5099 non
1208 5044 1388 5099 omnis
1436 5045 1638 5100 doloris
1686 5062 1784 5102 ex.-

206 5145 339 5199 pcrs,
383 5136 532 5190 sicut
579 5134 727 5190 mttlti
763 5152 776 5188 :
810 5135 904 5189 sed
938 5134 1165 5191 horrens
1216 5144 1273 5191 et
1336 5138 1783 5195 contremisceus.

206 5223 328 5281 Talis
358 5229 696 5283 conturbatio
721 5236 807 5282 est
836 5246 887 5281 ιιι
926 5238 1006 5281 ter
1037 5228 1437 5298 tranquillitatis
1470 5250 1485 5287 :
1518 5231 1641 5286 talis
1670 5246 1787 5287 nte-

210 5325 279 5372 tus
308 5336 384 5377 est
431 5320 839 5377 fundamentum
870 5321 1192 5379 securitatis.
1216 5322 1317 5389 Qui
1352 5324 1421 5377 ita
1450 5333 1533 5378 est
1562 5332 1791 5382 contur-

211 5410 368 5478 batus,
416 5429 632 5468 omnem
670 5421 1043 5483 tempestatem
1090 5414 1357 5482 capt-lit:
1406 5417 1492 5483 qui
1548 5417 1635 5470 tali
1680 5428 1787 5473 non

209 5513 275 5556 est
298 5508 462 5562 anima
506 5505 786 5577 pncditus,
813 5519 1002 5576 graves
1028 5503 1219 5561 ﬂuctus
1246 5506 1443 5561 snbbit
1478 5525 1491 5561 :
1519 5517 1574 5560 et
1603 5524 1789 5577 quem.

210 5596 465 5652 I-lmodum
505 5598 778 5668 navigium
834 5611 941 5649 non
995 5597 1379 5665 saburratum,
1429 5599 1783 5655 \iuleuturum

217 5699 457 5748 mth
501 5689 729 5763 impetui
780 5685 1050 5759 relictum,
1090 5691 1340 5750 celeriter
1386 5692 1785 5765 submergitur:

1882 412 1953 467 ita
1996 412 2158 467 etiam
2200 411 2381 467 anima
2423 409 2631 467 doloris
2661 408 2875 481 penitus
2903 422 3100 480 expers
3129 406 3375 478 exposita
3414 414 3501 462 est

1882 503 2372 559 innumerabilibus
2421 501 2944 575 perturbationibus.
3014 500 3280 569 Quocirca
3335 498 3499 555 etiam

1882 594 2073 650 beatus
2113 593 2309 649 l‘anlus
2338 593 2554 650 dicebat
2581 591 2875 665 ostendens
2924 591 3067 647 hanc
3110 588 3500 647 adectioaem:

1884 687 1991 757 Qui
2043 688 2184 743 omni
2231 686 2426 743 doloris
2482 704 2635 743 sensu
2686 686 2875 759 privati
2932 686 3129 756 seipsos
3176 682 3503 738 tradiderunt

1879 781 2247 847 impudicititr,
2307 780 2363 836 in
2410 783 2759 853 operationem
2813 782 2980 836 omnis
3028 777 3389 838 immunditiis.
3452 777 3502 831 in

1880 873 2330 945 auaritiawphes.
2348 876 2403 932 4.
2427 875 2541 947 l9).
2571 874 2640 932 Et
2666 872 3121 947 quemadmodum
3151 872 3503 942 gubernator,

1880 966 2135 1037 quamdiu
2165 983 2261 1037 pro
2286 967 2662 1037 navigantibus
2691 967 3058 1024 sollicitudine
3101 973 3346 1037 vexatur,
3386 979 3504 1019 om-

1881 1077 1981 1122 nes
2007 1062 2186 1119 reddit
2207 1063 2421 1135 quietos
2448 1078 2515 1119 ac
2542 1062 2882 1132 tranquillos,
2916 1061 3010 1119 sed
3041 1061 3086 1117 si
3118 1059 3186 1116 ab
3212 1076 3274 1115 ea
3302 1058 3503 1114 libera-

1882 1165 1969 1214 tus
2015 1156 2283 1224 dormiat,
2339 1171 2589 1228 magnam
2632 1155 2793 1213 all’crt
2845 1154 3309 1226 perturbationem
3366 1169 3380 1206 :
3430 1152 3503 1234 ita

1879 1250 2045 1306 etiam
2086 1249 2284 1315 homo;
2322 1250 2415 1322 qui
2460 1248 2645 1306 horret
2681 1249 2920 1320 quidem,
2972 1249 3156 1305 tremit
3193 1257 3250 1304 et
3284 1257 3506 1318 pertur-

1878 1338 2056 1399 batur.
2099 1341 2337 1413 quietam
2366 1339 2542 1397 reddit
2562 1356 2715 1397 suam
2739 1342 3119 1413 cogitationem
3151 1358 3166 1394 :
3197 1340 3289 1412 qui
3319 1348 3501 1394 autem

1880 1434 2148 1491 socordize
2190 1450 2386 1492 somno
2428 1430 2669 1505 seipsum
2712 1433 2968 1501 tradidit,
3008 1432 3175 1489 efficit
3210 1443 3269 1488 ιιι
3308 1431 3503 1505 cymba

1880 1527 2161 1583 obruatur.
2214 1526 2505 1582 [aestuavi
2530 1527 2665 1582 inter
2689 1543 2865 1582 omnes
2894 1526 3129 1581 inimicos
3154 1542 3313 1581 meos.
3364 1524 3503 1592 Quid

1881 1629 1986 1687 est,
2032 1619 2318 1697 Inueterari
2339 1619 2367 1674 .’
2396 1619 2713 1675 Debilitatus
2758 1634 2903 1685 sum,
2948 1618 3142 1689 inquit,
3171 1618 3242 1672 ab
3272 1616 3507 1672 inimicis

1884 1713 2040 1769 meis.
2076 1713 2193 1769 Vita
2221 1714 2367 1769 cnim
2400 1722 2587 1770 nostra
2617 1723 2862 1768 versutur
2889 1713 2941 1766 in
2972 1711 3294 1777 certamine,
3343 1719 3399 1766 et
3425 1710 3509 1765 in-

1881 1805 2313 1871 numerabilibus
2341 1806 2576 1861 inimicis
2613 1805 2770 1875 plena
2806 1812 2909 1867 e~t.
2944 1804 3033 1875 qui
3064 1805 3225 1857 etiam
3250 1801 3503 1858 efllciun—

1847 1908 1973 1955 'tur
2031 1899 2400 1971 potentiores,
2445 1897 2664 1970 quando
2722 1898 2777 1954 in
2844 1907 3061 1968 peccata
3133 1895 3503 1953 inciderimus.

1882 1994 2248 2064 Quamobrem
2287 1995 2471 2050 omnia
2516 2000 2647 2049 sunt
2695 1990 2942 2048 facienda
2986 1999 3044 2046 ut
3082 1980 3271 2046 eorum
3312 2005 3511 2044 manus

1881 2083 2225 2159 eﬂ'pglamns,
2269 2093 2327 2140 et
2376 2100 2447 2141 ne
2488 2085 2569 2140 eis
2599 2099 2856 2155 umquam
2909 2081 3325 2138 reconciliemnr
3358 2099 3370 2134 :
3404 2082 3503 2139 hoc

1883 2187 1969 2236 est
2009 2179 2154 2235 enim
2207 2179 2369 2237 nobis
2409 2177 2721 2235 securitatis
2761 2177 3013 2233 maxima:
3060 2175 3497 2232 fundamentum.

1886 2270 2092 2327 llorum
2141 2270 2482 2331 inimicorum
2533 2269 2855 2341 phalangem
2910 2270 3112 2326 Paulus
3157 2269 3491 2341 significans,

1883 2362 2101 2419 dicebat
2132 2382 2147 2418 :
2183 2360 2309 2418 Non
2336 2372 2410 2418 cst
2445 2363 2595 2418 nobis
2639 2362 2939 2417 colluctatio
2958 2377 3075 2416 cum
3114 2378 3268 2415 mrne
3302 2370 3347 2414 rt
3386 2378 3509 2431 sane

1884 2458 2058 2531 gttine,
2107 2456 2199 2512 sed
2242 2472 2360 2510 cum
2409 2455 2802 2527 principatibus,
2838 2471 2955 2508 cum
3002 2453 3351 2524 potestatibus.
3391 2469 3512 2523 cum

1886 2550 2070 2605 mundi
2106 2548 2388 2602 rectoribus
2432 2546 2753 2601 tenebrarum
2797 2546 2952 2617 hujus
3000 2547 3178 2601 πει-πη
3228 2546 3245 2616 (
3279 2544 3417 2599 Ibid.
3446 2546 3506 2602 6.

1890 2640 1958 2695 12
1984 2640 2025 2711 ).
2083 2638 2221 2696 Cum
2266 2653 2399 2710 ergo
2431 2637 2552 2692 talis
2581 2637 2653 2693 sit
2694 2637 2926 2705 phalanx
2958 2638 3322 2700 initnicormu,
3363 2653 3510 2693 sem-

1887 2748 1985 2804 per
2020 2741 2077 2788 et
2128 2741 2390 2805 perpetuo
2444 2731 2497 2787 in
2548 2731 2718 2786 armis
2764 2744 2887 2787 esse
2927 2740 3178 2801 oportet,
3222 2739 3280 2786 et
3328 2730 3510 2801 fugere

1888 2835 2230 2901 peccatorum
2275 2824 2529 2883 insultus.
2592 2821 2736 2878 Nihil
2784 2823 2929 2885 enim
2982 2821 3109 2878 ficit
3156 2822 3293 2878 adeo
3334 2823 3509 2889 inve.

1888 2930 2086 2988 terare,
2132 2928 2193 2975 ut
2242 2927 2433 2974 natura
2462 2916 2687 2987 peccati.
2732 2916 3098 2985 Quamobrem
3146 2915 3341 2971 l‘aulus
3369 2930 3513 2987 qun-

1886 3028 1993 3085 que
2030 3013 2219 3070 volens
2263 3010 2715 3068 inveterationem
2763 3025 2885 3080 qua:
2928 3024 2998 3065 ex
3049 3024 3117 3065 eo
3156 3010 3215 3065 lit
3258 3009 3511 3079 amoliri,

1885 3106 2151 3164 dicebat:
2184 3099 2271 3162 Nc
2304 3103 2701 3177 coaformemiui
2754 3104 2875 3159 huic
2921 3104 3143 3167 sa'cnlo,
3199 3106 3293 3159 sed
3336 3115 3508 3159 trans.

1887 3198 2179 3269 [armamini
2221 3199 2552 3252 renovatione
2586 3198 2772 3252 utentis
2819 3206 3000 3252 vestrm
3053 3195 3248 3270 (llam.
3292 3198 3380 3253 Β.
3408 3178 3509 3270 ἒ),

1885 3288 2114 3358 Quando
2141 3304 2271 3361 ergo
2294 3305 2325 3345 a
2355 3299 2577 3358 peccato
2604 3289 2695 3343 inv
2731 3289 3011 3351 teraveris.
3045 3304 3245 3345 rcnova
3275 3292 3511 3359 teipsum

1887 3398 1984 3454 per
2039 3383 2437 3453 pmnitentiam.
2507 3380 2563 3437 9.
2612 3379 2873 3435 Discedite
2928 3397 2960 3434 α
3030 3398 3110 3435 nu
3176 3398 3352 3435 omns:
3423 3381 3514 3451 qui

1885 3475 2171 3547 operamini
2218 3474 2575 3546 iniquitatem,
2645 3474 2890 3547 quoniam
2939 3474 3201 3528 exaudiuit
3257 3472 3509 3528 Domitius

1885 3544 2058 3626 vocem
2096 3567 2252 3638 ﬂetus
2295 3544 2414 3620 utri.
2448 3564 2538 3622 ω.
2591 3544 2869 3651 Εκαυηινϋ
2899 3562 3157 3620 Dominus
3184 3565 3510 3633 άιρνιισαιῦυο

1888 3675 2004 3713 item
2049 3674 2235 3725 nteant,
2263 3656 2517 3714 Dominus
2557 3658 2845 3712 orationem
2886 3674 3052 3716 meam
3094 3658 3343 3727 suscepit.
3392 3656 3510 3722 Non

1886 3761 1972 3809 est
2023 3752 2139 3808 Iure
2186 3767 2404 3826 quoque
2453 3766 2615 3823 parra
2665 3752 2751 3806 via
2797 3750 2865 3806 ad
2916 3753 3168 3813 virtutem
3209 3750 3510 3819 deducens,

1886 3846 2062 3910 malos
2107 3844 2314 3917 fugere,
2358 3843 2504 3915 quod
2532 3843 2751 3915 quidem
2779 3841 3030 3899 Christus
3054 3844 3273 3917 quoque
3297 3864 3324 3896 ει
3354 3844 3512 3907 nobis

1886 3952 2009 3999 cum
2038 3945 2186 3994 tanto
2215 3936 2396 3994 studio
2424 3934 2608 4000 exiuit,
2642 3944 2703 3990 ut
2731 3934 2893 3990 etiam
2920 3934 3128 3990 amicos
3152 3935 3244 4004 qui
3277 3935 3516 4003 inuitus

1887 4030 2319 4090 necessariorum
2360 4027 2518 4083 nobis
2554 4028 2921 4083 membrorum
2962 4027 3085 4083 loco
3120 4036 3282 4093 sunt,
3324 4026 3516 4096 julteas

1886 4122 2228 4187 exscindere,
2272 4120 2491 4194 quando
2535 4132 2652 4175 nos:
2680 4118 3086 4185 scandalizent,
3142 4130 3195 4174 et
3228 4116 3383 4174 nobis
3407 4117 3513 4181 ιιὶμι

1887 4215 2016 4289 quid
2059 4216 2242 4271 damni
2291 4213 2449 4270 all‘ert
2476 4228 2665 4270 eorum
2709 4212 3066 4271 consuetudo.
3097 4212 3160 4271 Si
3186 4214 3390 4280 oculus,
3428 4214 3515 4269 in-

1887 4309 2024 4380 quit,
2064 4317 2115 4364 te
2156 4305 2501 4370 scandalizat,
2530 4320 2654 4363 erue
2677 4306 2847 4376 ipsum
2870 4321 2890 4372 ;
2912 4314 2961 4361 et
2998 4306 3045 4360 si
3076 4322 3260 4361 manus
3287 4317 3335 4360 te
3357 4322 3516 4361 una.

1888 4398 2103 4463 dalisat,
2132 4396 2373 4454 exscinde
2391 4398 2581 4467 ipsum,
2603 4404 2651 4451 et
2679 4395 2807 4469 (ἀίει
2832 4412 2866 4449 a
2894 4408 2942 4449 te
2970 4392 3188 4469 illum.
3208 4396 3369 4453 5:29.
3389 4396 3515 4473 50),

1889 4505 1996 4550 nun
2024 4490 2212 4547 dicens
2239 4490 2309 4555 de
2332 4489 2615 4557 membris,
2636 4488 2779 4545 absit
2808 4506 2823 4543 :
2855 4489 2950 4545 sed
2976 4490 3047 4546 de
3076 4488 3222 4545 vetls
3243 4497 3301 4545 et
3320 4504 3514 4545 neces.

1888 4583 2049 4640 sat-iis
2095 4582 2307 4649 amicis,
2358 4596 2590 4652 quorum
2637 4591 2765 4638 sunt
2812 4581 3170 4653 aspernanda:
3217 4582 3511 4647 amicitbe.

1889 4672 2109 4749 quando
2156 4688 2257 4729 nec
2301 4659 2481 4742 nobis,
2533 4688 2635 4731 nec
2674 4673 2807 4744 ipsis
2845 4683 2971 4728 sunt
3011 4673 3201 4739 utiles,
3260 4674 3357 4730 sed
3409 4674 3514 4731 da.

1890 4781 2119 4825 tnnosa'.
2141 4762 2292 4824 Hanc
2308 4778 2571 4821 exercens
2589 4763 2842 4820 virtutem
2871 4763 2959 4821 hic
2982 4779 3199 4835 quoque
3216 4781 3321 4820 non
3335 4766 3516 4824 solum

1891 4871 2000 4914 non
2031 4857 2456 4930 persequebatur
2482 4857 2618 4913 tales
2658 4855 3054 4912 familiaritates
3081 4866 3137 4912 et
3169 4858 3517 4927 congressio-

1890 4968 2012 5019 nes,
2058 4951 2157 5011 sed
2182 4953 2347 5009 etiam
2378 4966 2473 5008 eas
2493 4948 2719 5022 iubebat
2743 4966 2775 5006 a
2805 4966 2866 5007 se
2892 4950 3126 5006 resilire.

1963 5044 2019 5104 ϐ.
2062 5044 2162 5104 llic
2208 5053 2294 5102 est
2333 5044 2539 5100 fructus
2581 5042 2949 5114 pmttitentim,
3016 5041 3121 5099 hoc
3168 5051 3253 5097 cst
3301 5041 3515 5098 lucrum
3618 5028 3621 5029 ν

1890 5140 2274 5213 lacrymarum.
2303 5137 2454 5194 ﬂens
2488 5138 2634 5193 enim
2684 5154 2806 5207 qua:
2858 5138 2926 5191 ita
2972 5146 3053 5192 est
3080 5136 3333 5200 contrita,
3368 5136 3517 5194 nolis

1892 5232 2152 5302 deinceps
2198 5230 2423 5287 libidine
2484 5238 2720 5286 tenetur.
2770 5228 2885 5286 lloc
2930 5229 3104 5299 ipsum
3153 5243 3253 5283 nos
3296 5243 3518 5300 quoque

1905 5321 2176 5380 faciamus
2197 5340 2213 5379 :
2235 5336 2291 5383 et
2318 5324 2362 5379 si
2390 5324 2461 5379 sit
2487 5324 2754 5394 quispiam
2788 5321 2875 5377 vel
2904 5322 3023 5392 ip~o
3052 5320 3358 5376 diademate
3390 5320 3519 5377 red-

1896 5418 2103 5484 imitus,
2135 5432 2234 5473 nos
2252 5422 2432 5473 autem
2466 5416 2647 5483 laedat,
2678 5430 3033 5485 aspernemur
3056 5412 3176 5484 ejus
3199 5414 3519 5472 amicitiam.

1895 5510 2036 5564 Nihil
2070 5519 2153 5565 est
2177 5510 2323 5565 enim
2352 5510 2469 5565 viro
2501 5510 2680 5575 vilius,
2728 5509 2829 5564 etsi
2878 5508 2948 5565 sit
2991 5525 3109 5575 rex,
3170 5508 3388 5579 quando
3434 5518 3522 5566 est

1896 5604 2028 5657 vitio
2071 5602 2287 5660 deditus
2320 5622 2332 5657 :
2365 5602 2822 5675 quemadmodum
2868 5601 3000 5658 nihil
3045 5610 3132 5657 est
3178 5601 3263 5656 vel
3305 5601 3523 5672 captivo

1901 5694 2354 5768 magnificentius,
2404 5694 2661 5769 quamdiu
2710 5697 2965 5755 virtutem
3013 5690 3331 5766 possederit.
3375 5692 3522 5761 Quo—
