4178 6414
715 320 788 381 79
1456 307 1514 363 8.
1542 302 1821 371 ιοΑκΝιδ
1856 292 2299 357 CﬂﬂYSOSTOI

2405 288 2690 348 .RCﬂlEP.
2727 287 3264 347 (ΞΟΝΒΤΑΝΤΙΝΟΡ.
3927 289 3998 346 ιο

712 432 852 487 Nam
889 428 1143 484 mudirit
1183 423 1432 479 Dominus
1462 437 1627 477 vocem
1653 419 1801 488 ﬂetus
1828 415 1941 469 utri.
1985 411 2101 467 Non
2138 408 2291 470 dixit,

714 518 997 576 Exaudirit
1049 526 1234 571 vocem
1293 494 1496 591 nteant",
1544 506 1881 577 simpliciter,
1932 502 2058 563 aed,
2119 498 2301 591 rm.»

714 613 867 682 ﬂetus
920 609 1036 673 mei,
1116 604 1273 659 Vides
1328 590 1596 671 quomodo
1640 612 1735 651 sua
1760 616 1763 619 λ
1788 594 1935 664 large
1979 596 2034 646 et
2083 590 2300 659 copiose

715 699 969 773 luerent,
1018 682 1199 751 vocem
1249 706 1303 749 et
1356 695 1563 755 lletnm,
1606 702 1788 742 vocem
1829 684 1915 738 hic
1941 683 2157 773 dicens,
2193 695 2296 733 non

718 767 1408 848 intentionemclamoris,
1457 779 1551 838 sed
1604 778 1941 835 affectionem
2000 772 2199 845 animi,
2244 778 2301 825 et

716 882 918 942 ﬂetum,
968 892 1071 931 non
1107 891 1229 931 cum
1272 868 1443 929 solum
1491 871 1580 939 qui
1614 867 1830 939 proﬂuit
1862 882 1925 921 ex
1970 864 2160 923 oculis.
2204 859 2299 917 sed

712 970 875 1024 etiam
924 984 1044 1023 eum
1091 966 1277 1037 quies
1324 961 1681 1041 animai'Qui
1722 961 1866 1016 enim
1897 955 2095 1013 inducit
2125 955 2299 1027 potni-

714 1060 955 1121 leutiatn,
992 1066 1047 1113 ιι
1093 1072 1123 1111 I
1170 1057 1280 1112 Deo
1303 1054 1606 1114 exauditur.
1647 1052 1748 1107 hoc
1786 1051 1947 1105 etiam
1986 1050 2181 1105 bonum
2207 1062 2304 1118 p0-

715 1141 820 1205 test
855 1148 1111 1219 praeclare
1142 1145 1420 1214 consequi,
1467 1154 1522 1199 ut
1560 1140 1997 1198 mansuetudinem
2023 1136 2298 1209 improbo-

715 1222 1129 1300 rumramoreat.
1156 1238 1243 1293 il.
1300 1225 1612 1289 Erubeth
1654 1243 1701 1287 ct
1739 1231 2104 1288 conturbantur
2130 1240 2300 1283 omnes

712 1330 904 1384 1κὶ»ιίιῆ
956 1328 1087 1391 utri;
1130 1336 1485 1381 mentiantur
1536 1334 1813 1377 retrorsum
1843 1321 1885 1387 ’,
1916 1330 1963 1375 et
2009 1320 2300 1374 erubescant

713 1421 861 1476 ualde
885 1419 1136 1474 uelociter.
1161 1417 1286 1472 [hcc
1308 1417 1480 1470 oratio
1506 1415 1787 1470 maximam
1816 1412 1975 1467 habet
1991 1410 2294 1471 utilitatem,

715 1512 993 1583 pudorem,
1024 1510 1255 1579 inquam.
1284 1516 1345 1563 et’
1366 1506 1826 1563 retrocessiouem.
1853 1504 1953 1571 Qui
1984 1505 2126 1557 enim
2156 1502 2296 1558 male

715 1612 971 1663 currunt.
1022 1604 1064 1656 si
1100 1592 1423 1656 erubescant
1464 1610 1519 1655 et
1563 1598 1933 1662 retrot'etlaut,
1992 1612 2021 1649 a
2068 1594 2297 1665 nequitia

718 1693 997 1749 desistent.
1048 1678 1500 1759 Quemadmodum
1544 1691 1686 1744 enim
1736 1690 1781 1743 si
1810 1686 2100 1764 viderimus
2130 1685 2297 1741 homi-

719 1798 843 1839 nem
887 1784 939 1836 in
981 1781 1278 1853 prarcipitio
1306 1789 1359 1835 ct
1398 1780 1676 1851 pra-ruptis
1722 1778 1852 1833 locis
1895 1776 2299 1848 ingredientem,

716 1888 784 1929 ne
810 1871 1033 1929 ulterius
1072 1870 1328 1940 procedat
1368 1870 1743 1947 retinebimus,
1792 1868 2031 1923 dicentes
2063 1884 2078 1921 :
2107 1865 2296 1945 Homo,

713 1958 1058 2036 quoiicrris‘i
1086 1972 1329 2017 occurret
1364 1962 1454 2017 tibi
1487 1960 1835 2030 praecipitium
1862 1959 2001 2027 quod
2029 1967 2151 2012 ante
2178 1966 2258 2011 est
2282 1973 2299 2012 :

716 2060 786 2112 Ita
817 2056 975 2112 etiam
1004 2054 1093 2110 hic
1123 2055 1232 2110 rult
1257 2054 1428 2109 malos
1453 2052 1809 2108 retrocedere.
1837 2050 1907 2103 Ita
1936 2050 2096 2105 etiam
2126 2055 2303 2103 Iuren-

717 2158 824 2204 tem
870 2162 1065 2218 equum
1118 2147 1217 2201 nisi
1254 2146 1373 2216 quis
1400 2146 1509 2199 cito
1547 2145 1883 2213 represserit,
1936 2143 2043 2197 cito
2084 2141 2298 2212 peribit.

716 2240 790 2295 Ita
816 2240 975 2294 etiam
1005 2239 1215 2301 medici,
1254 2238 1520 2307 serpentis
1562 2237 1787 2306 alicujus
1833 2251 2093 2290 venenum
2138 2234 2299 2289 adre-

716 2345 852 2401 pcns
890 2338 944 2384 et
993 2330 1043 2381 in
1082 2337 1248 2382 totum
1293 2341 1489 2397 corpus
1526 2320 1796 2382 cutanans'
1834 2327 2060 2381 nummo
2106 2325 2301 2381 celeri-

718 2428 843 2478 tate.
893 2433 961 2473 ne
1003 2417 1221 2473 ulterius
1270 2417 1665 2487 progrediatur,
1709 2419 1923 2480 s’stuut,
1965 2417 2081 2484 ejus
2120 2415 2301 2470 vitium

720 2508 1035 2563 incidentes.
1113 2507 1223 2561 lloc
1261 2516 1436 2562 autem
1492 2522 1588 2560 nos
1634 2522 1846 2576 quoque
1902 2506 2191 2571 iaciamus,
2248 2516 2304 2561 et

718 2597 862 2667 quod
904 2598 953 2650 in
1001 2597 1153 2651 nobis
1188 2606 1270 2651 est
1308 2597 1489 2651 vilium
1536 2599 1763 2652 maxima
1806 2597 2079 2653 celeritate
2128 2600 2301 2667 repri—

718 2702 945 2751 mamus,
985 2703 1054 2743 ne
1109 2688 1328 2742 ulterius
1384 2684 1729 2757 progrediens
1778 2689 2021 2742 morbum
2086 2696 2299 2758 augeat.

721 2776 971 2846 Neglecta
1034 2778 1176 2832 enim
1234 2787 1567 2846 peccatorum
1617 2777 1837 2834 vulnera
1891 2792 2034 2845 smpe
2098 2766 2299 2845 majora

718 2865 951 2921 eradunt
980 2907 996 2929 ,
1066 2875 1121 2920 et
1164 2882 1263 2922 nec
1317 2882 1485 2937 usque
1540 2868 1607 2921 ad
1660 2869 1876 2923 vulnera
1933 2869 2105 2923 solum
2164 2869 2302 2923 sistit

718 2957 935 3012 morbus
962 2966 1018 3011 et
1052 2955 1353 3022 inﬁrmitas,
1395 2958 1487 3012 sed
1532 2971 1675 3027 saepe
1701 2959 1864 3013 etiam
1900 2970 2125 3015 mortem
2168 2959 2304 3029 parit

719 3048 1106 3113 immortalem,
1179 3048 1631 3117 quemadmodum
1693 3052 1855 3105 etiam
1914 3054 1958 3110 si
2022 3053 2091 3106 ab
2152 3054 2303 3109 initio

720 3152 880 3207 parva
919 3137 1307 3202 sustulerimus,
1358 3153 1457 3194 nec
1495 3154 1682 3210 magna
1708 3152 2121 3213 consequentur.
2153 3143 2303 3198 Cull-

718 3230 891 3285 sidera
934 3241 1132 3286 autem.
1172 3230 1272 3300 Qui
1321 3232 1603 3287 meditatus
1640 3242 1723 3287 est
1762 3247 1868 3288 non
1928 3233 2103 3289 facere
2158 3235 2300 3305 inju-

718 3324 878 3391 riatn,
924 3338 1021 3397 nec
1067 3323 1202 3381 sciet
1229 3337 1502 3393 pugnare;
1546 3326 1635 3394 qui
1681 3340 1917 3395 pugnare
1968 3328 2188 3392 nesciet,
2239 3343 2302 3383 se

719 3414 879 3467 etiam
928 3422 1073 3470 recte
1116 3416 1267 3483 geret
1312 3415 1365 3468 in
1407 3414 1678 3480 amicitia;
1710 3417 1800 3486 qui
1849 3430 1910 3473 se
1963 3418 2016 3471 in
2068 3419 2300 3474 amicitia

719 3512 865 3557 recte
900 3510 1065 3571 geret,
1113 3517 1217 3559 non
1257 3502 1467 3573 habebit
1506 3504 1811 3572 inimicum;
1852 3507 1940 3577 qui
1978 3518 2157 3563 autem
2195 3524 2300 3562 non

724 3594 880 3650 habet
925 3596 1215 3660 inimicum,
1261 3596 1354 3651 sed
1392 3588 1555 3667 habet
1596 3600 1889 3664 caritatem,
1938 3598 2155 3654 habebit
2184 3616 2298 3655 om-

724 3703 844 3741 nem
874 3688 1137 3742 virtutem.
1168 3687 1249 3742 Ne
1278 3690 1452 3757 priora
1496 3705 1623 3759 ergo
1668 3691 2015 3762 negligamus,
2064 3708 2131 3746 ne
2159 3694 2298 3747 mala

720 3780 771 3833 in
825 3779 994 3848 majus
1038 3791 1300 3836 crescant.
1330 3781 1514 3845 .ludas,
1544 3783 1588 3835 si
1620 3783 1853 3851 pecunia:
1881 3797 2117 3838 amorem
2144 3798 2299 3839 coer-

720 3871 938 3932 cuisset,
986 3884 1091 3924 non
1142 3870 1373 3925 venisset
1403 3869 1469 3924 ad
1499 3872 1872 3943 sacrilegium:
1900 3873 1944 3926 si
1989 3874 2116 3928 illud
2147 3889 2299 3929 com-

721 3962 1023 4030 pressissct,
1076 3976 1180 4016 non
1225 3961 1291 4016 ad
1333 3962 1708 4034 colophonem,
1757 3966 2007 4032 utaiunt,
2038 3965 2297 4020 maiorum

724 4050 1069 4119 prosiluisset.
1116 4052 1179 4107 Et
1209 4039 1328 4107 ideo
1353 4053 1600 4109 Christus
1627 4070 1836 4126 quoque
1862 4073 1968 4113 non
1991 4058 2160 4113 solum
2183 4058 2298 4113 i‘or-

725 4142 1041 4197 nicationem
1089 4151 1145 4197 et
1192 4144 1550 4210 adulterium,
1618 4147 1710 4200 sed
1769 4145 2090 4215 impudicum
2137 4148 2297 4203 etiam

720 4233 963 4287 obtutum
1009 4233 1246 4299 reprimit
1292 4232 1524 4301 (Matth.
1546 4236 1599 4290 5.
1625 4235 1697 4290 28
1720 4234 1761 4302 ),
1808 4236 2039 4292 radicem
2084 4238 2155 4293 ab
2193 4240 2299 4293 imo

719 4324 994 4388 evelle-ns,
1048 4332 1105 4377 ut
1148 4322 1351 4378 facilius
1410 4326 1577 4394 possit
1622 4329 1860 4396 superari
1916 4329 2121 4395 vitium.
2191 4330 2301 4385 lloc

720 4414 881 4465 etiam
924 4411 1147 4467 iaciebat
1187 4412 1404 4474 Judmis,
1437 4417 1667 4469 crassius
1692 4417 1905 4486 quidem
1949 4428 2000 4473 et
2032 4430 2298 4487 tamquam

726 4519 819 4573 per
846 4506 1156 4573 :t-nigmata;
1187 4505 1501 4575 loquebatur
1546 4510 1686 4562 enim
1727 4526 1847 4563 cum
1889 4512 2297 4576 earnalioribus,

720 4594 813 4646 8rd
842 4603 1016 4648 tamen
1057 4594 1294 4650 iaciebat.
1328 4598 1649 4663 Quomodo?
1699 4599 1813 4653 Non
1849 4603 2189 4671 permittebat
2242 4615 2301 4658 ut

723 4684 774 4737 in
804 4684 983 4738 bestiis
1013 4686 1117 4739 ulla
1148 4698 1291 4742 esset
1315 4687 1618 4757 etmjunctio
1662 4707 1726 4745 ex
1767 4686 1991 4749 diversis
2014 4696 2301 4765 generibus

722 4772 894 4843 (Deut.
925 4774 1013 4829 22.
1046 4775 1158 4845 10),
1210 4792 1315 4831 non
1344 4778 1550 4833 sinebat
1575 4795 1815 4839 comesse
1838 4786 2147 4855 sanguinem
2174 4788 2303 4842 bru-

723 4874 895 4919 tnrnm
927 4865 1105 4928 (Lavit.
1128 4868 1211 4921 l7.
1240 4868 1345 4939 l0),
1370 4884 1477 4924 non
1507 4872 1843 4937 permittebat
1870 4885 2051 4932 tenere
2081 4879 2300 4949 pignora

724 4966 841 5023 post
886 4974 1161 5024 vesperum
1194 4959 1367 5028 (Dein.
1392 4960 1481 5016 24.
1517 4963 1625 5031 l5),
1667 4978 1857 5036 magna
1896 4968 2139 5037 perhzec
2161 4968 2303 5024 ntala

725 5047 1040 5115 reprimens,
1085 5064 1178 5117 per
1206 5052 1429 5119 primum
1460 5052 1670 5121 quidem
1700 5058 1896 5109 eoittun
1920 5058 2297 5125 masculorum,

724 5151 817 5205 per
842 5137 1127 5193 scentulum
1158 5150 1331 5202 autem
1358 5142 1550 5205 ordes,
1596 5159 1691 5213 per
1717 5148 1930 5200 tertium
1960 5163 2087 5203 Vero
2113 5151 2304 5206 erude-

722 5226 921 5281 litatcm
948 5239 1002 5282 et
1023 5228 1482 5287 inhumanitatcm.
1513 5233 1616 5289 Svd
1652 5251 1791 5289 nunc
1816 5239 1991 5290 omnia
2023 5240 2215 5307 pax-sim
2246 5250 2303 5296 et

723 5314 1056 5383 impudenter
1102 5320 1384 5375 admodum
1434 5323 1583 5384 iiunt.
1622 5333 1676 5378 et
1721 5326 1840 5379 ideo
1883 5329 2059 5383 omnia
2106 5345 2302 5402 susque

720 5406 891 5477 deque
936 5420 1163 5479 aguntur
1208 5422 1261 5465 et
1302 5413 1559 5468 feruntur.
1637 5415 1859 5483 Quando
1908 5434 2035 5490 ergo
2086 5437 2303 5490 parvam

928 5614 1047 5683 dog.
1079 5615 1127 5683 tu
1152 5606 1259 5683 aliis
1282 5622 1394 5666 vox,
1416 5616 1698 5683 relrorsunt,
1722 5612 1894 5677 deest;
1917 5616 2008 5668 sed
2030 5618 2101 5669 sic
2125 5618 2303 5683 legen—

723 5664 835 5715 dum
855 5679 966 5717 esse
990 5664 1236 5720 declarant
1268 5685 1324 5720 ea
1347 5664 1457 5735 qnzc
1482 5664 1769 5735 sequuntur.

2406 405 2568 458 animi
2602 405 3054 475 perturbationem
3090 404 3411 475 susceperis,
3455 418 3521 460 ne
3548 420 3665 459 eam
3697 406 3998 476 neglexeris

2401 484 2549 567 quod
2585 512 2743 567 parva
2772 496 2862 559 sit,
2902 496 2995 550 sed
3037 496 3315 553 considera
3347 495 3400 553 id
3430 496 3572 568 quod
3596 512 3667 552 ea
3707 514 3767 551 ea
3812 496 3996 564 alitur,

2405 603 2634 643 maxima
2662 588 2796 643 mala
2828 603 3034 657 parcre.
3087 588 3297 646 Etenim
3327 600 3607 661 postquam
3632 590 3682 644 in
3708 589 3869 644 domo
3898 592 4003 645 ali-

2416 690 2658 746 piautum
2722 687 2930 749 stuppae
2996 694 3279 735 accensum
3342 680 3659 747 viderimus,
3706 668 3998 737 conturba-

2409 785 2547 833 mur,
2589 780 2643 824 et
2677 770 2954 824 tumultum
2982 784 3259 827 movemus
3290 788 3305 825 :
3334 784 3439 827 nou
3483 773 3627 827 etaim
3669 774 4000 829 attendimus

2406 859 2614 914 initium
2643 878 2656 913 :
2684 860 2777 916 sed
2803 872 2867 915 cx
2907 861 3059 916 initio
3085 862 3244 917 linem
3270 862 3698 931 causiderantes,
3718 880 4001 923 movemur

2402 960 2458 1007 ct
2479 952 2846 1009 concurrimus
2870 963 2926 1007 ut
2955 962 3121 1009 totum
3142 955 3409 1011 caminum
3430 960 3849 1027 exstinguamus.
3884 958 4000 1016 lluc

2405 1044 2527 1115 igne
2551 1045 2921 1103 vehementius
2948 1048 3184 1103 animam
3208 1048 3387 1104 exedit
3408 1050 3613 1103 vitium.
3633 1050 3853 1119 Oportet
3898 1051 4001 1106 ita-

2404 1153 2509 1207 que
2537 1137 2849 1205 prtereuire.
2877 1126 3008 1191 Nam
3036 1139 3081 1191 si
3109 1138 3365 1193 fuerimus
3392 1141 3751 1211 negligentes,
3790 1141 3841 1196 id
3870 1158 4001 1198 eor-

2403 1238 2553 1281 reetu
2582 1228 2769 1283 evadet
2795 1226 2925 1282 difiit
2945 1228 3082 1281 ilius.
3119 1229 3230 1283 lloe
3260 1230 3450 1285 viderit
3487 1232 3749 1301 quispiam
3781 1234 4003 1290 evenire

2403 1319 2565 1372 etiam
2597 1317 2647 1370 in
2678 1317 2911 1385 navigio,
2954 1327 3009 1372 et
3032 1319 3339 1373 conturbari
3368 1330 3589 1385 nautas,
3633 1336 3738 1376 non
3782 1324 4004 1393 quando

2402 1423 2551 1461 mare.
2571 1407 2680 1477 jam
2710 1422 2965 1477 superare
2988 1450 3002 1472 ,
3031 1407 3126 1464 sed
3162 1409 3375 1480 quando
3400 1410 3451 1464 id
3480 1408 3739 1467 iacturum
3766 1428 3885 1469 esse
3920 1414 4003 1467 ti-

2404 1499 2599 1555 derint.
2649 1499 2727 1555 Ne
2773 1500 2941 1554 simus
2978 1517 3108 1571 ergo
3152 1502 3204 1557 in
3235 1504 3412 1571 parvis
3444 1505 3675 1573 peccatis
3704 1505 3999 1571 socordes,

2403 1593 2497 1648 seJ
2533 1608 2593 1647 ea
2635 1593 2990 1661 reprimamus
3015 1609 3134 1648 cum
3165 1608 3357 1665 magna
3387 1595 3743 1663 vehementia,
3779 1607 3832 1651 ut
3867 1598 4006 1655 libe-

2404 1700 2586 1739 reumr
2631 1700 2661 1738 a
2706 1684 3019 1753 majoribus,
3068 1694 3124 1740 et
3170 1684 3309 1740 bona
3354 1685 3529 1741 futura
3574 1701 4000 1758 censequatnur,

2403 1776 2569 1848 gratia
2600 1784 2653 1829 ct
2678 1774 3001 1844 benignitate
3032 1774 3245 1829 Domini
3267 1775 3435 1830 nostri
3474 1776 3598 1831 .lesu
3623 1776 3851 1844 Christi,
3871 1794 4005 1834 cum

2403 1882 2511 1936 quo
2540 1867 2680 1921 Patri
2712 1882 2813 1920 una
2847 1882 2967 1921 cum
2998 1874 3187 1922 sancto
3212 1866 3413 1936 Spiritu
3439 1867 3631 1935 gloria,
3677 1870 3867 1931 honor.
3902 1869 4007 1922 im-

2404 1959 2634 2029 perium,
2677 1972 2816 2011 nunc
2859 1965 2915 2012 ct
2955 1972 3187 2028 seuqter,
3232 1966 3289 2015 et
3326 1962 3379 2013 in
3423 1959 3618 2014 saecula
3653 1961 4000 2015 saeculorum.

2403 2050 2594 2103 Amen.

2733 2160 3092 2217 EXPOSITIO
3116 2160 3179 2216 IN
3205 2161 3526 2218 PSALMUM
3556 2163 3667 2217 ΠΙ.

2406 2278 2459 2332 1.
2494 2276 2729 2330 Paalmus
2770 2273 2979 2337 Doridi,
3025 2292 3172 2345 quem
3212 2276 3428 2329 carnari!
3465 2276 3680 2330 Domino
3713 2297 3804 2345 pro
3839 2282 4005 2334 verbis

2941 2366 3097 2419 Chusi
3126 2366 3221 2433 ﬁlii
3246 2364 3455 2420 Jentini.

2403 2502 2442 2556 2
2488 2500 2705 2555 Domine
2738 2498 2872 2553 Deus
2902 2516 3059 2565 meus,
3093 2502 3143 2553 in
3168 2510 3216 2554 te
3243 2503 3442 2572 speravi
3466 2504 3691 2558 :snlvmn
3722 2522 3798 2558 nte
3825 2507 3908 2576 [ac
3937 2507 4001 2560 ab

2610 2591 2839 2645 euntibus
2866 2592 3269 2661 persequentibus
3298 2610 3395 2657 me,
3425 2605 3470 2647 et
3505 2594 3661 2647 libera
3689 2612 3783 2647 me.

2484 2684 2529 2737 Ι.
2554 2681 2839 2753 Oporteret
2874 2679 3088 2753 quidem
3135 2682 3530 2752 Scripturarutu
3570 2695 3623 2739 ct
3656 2685 4001 2741 historiarum

2405 2774 2540 2829 adeo
2566 2786 2866 2829 accuratam
2905 2774 3101 2829 habere
3140 2775 3533 2844 cognitionem,
3580 2786 3637 2831 ut
3676 2777 3898 2848 longiori
3931 2780 4001 2834 ad

2406 2880 2587 2920 earum
2617 2865 2915 2920 doctrinam
2943 2864 3186 2920 oratione
3228 2881 3332 2919 non
3373 2882 3688 2937 egeremus;
3731 2870 3823 2923 Sed
3860 2887 4007 2940 quo-

2406 2956 2549 3010 niam
2579 2956 2667 3009 alii
2697 2954 2911 3026 quidem
2950 2956 3001 3009 in
3044 2952 3207 3010 rebus
3234 2956 3578 3012 smcularibus
3606 2968 3875 3027 οριιιιρςιιι,
3906 2962 4003 3015 alii

2406 3062 2534 3104 vero
2560 3048 2768 3117 seipsos
2793 3046 3051 3103 socordia:
3078 3046 3335 3103 dedentes
3359 3088 3374 3112 ,
3414 3063 3475 3102 ea
3509 3065 3614 3102 non
3646 3050 3963 3105 audiverunt
3984 3094 4001 3116 ,

2406 3153 2627 3195 necesse
2655 3148 2736 3194 est
2768 3138 2927 3209 paulo
2955 3138 3179 3209 longiori
3209 3139 3281 3193 uti
3310 3140 3573 3205 oratione,
3602 3140 3794 3196 Psalmi
3832 3157 4003 3213 argn-

2406 3240 2645 3285 mentum
2675 3230 3043 3299 esplanantes.
3074 3228 3179 3284 Sed
3206 3230 3465 3285 attendite
3489 3231 3789 3301 diligenter.
3818 3235 4005 3301 Quod-

2408 3336 2529 3375 nam
2572 3321 2731 3391 igitur
2759 3330 2842 3375 est
2884 3319 3293 3390 argtunentutn?
3342 3318 3577 3375 Psalmus
3619 3320 3806 3375 Doridi
3851 3331 4005 3391 quem

2405 3414 2581 3467 cecinit
2610 3412 2849 3467 Domino.
2877 3412 3064 3467 Alius:
3088 3411 3325 3467 Paulinus
3354 3429 3446 3484 pro
3471 3415 3758 3483 ignorantia
3788 3413 4003 3472 Doridi.

2404 3505 2556 3559 Alius
2577 3523 2588 3557 :
2610 3503 2876 3573 Ignorutio
2902 3500 3093 3559 Davidi
3120 3519 3139 3557 :
3166 3511 3220 3558 et
3245 3519 3341 3573 pro
3372 3502 3529 3559 Clusi
3544 3544 3559 3570 ,
3591 3504 3859 3577 ﬁuu'opis
3886 3505 4003 3579 (α),

2407 3595 2594 3665 inquit.
2637 3595 2741 3649 Sed
2782 3596 2861 3650 sic
2895 3597 3053 3649 etiam
3096 3594 3322 3650 obscura
3350 3605 3500 3661 sunt,
3528 3613 3647 3665 quae
3672 3596 3814 3653 dicta
3842 3610 4003 3662 sunt,

2403 3688 2546 3758 quod
2570 3703 2663 3740 vos
2685 3676 2959 3741 bistoriain
2977 3686 3252 3758 ignoretis.
3270 3686 3375 3740 Sed
3392 3687 3641 3756 quoniam
3666 3704 3772 3742 non
3789 3698 4007 3759 oportet

2406 3780 2580 3834 solum
2612 3778 3011 3848 reprehendere
3030 3818 3047 3844 ,
3074 3778 3170 3833 sed
3194 3776 3388 3833 docere
3407 3818 3423 3843 ,
3454 3792 3631 3847 operae
3659 3779 3884 3847 pretium
3916 3792 4006 3836 est

2406 3870 2764 3924 narrationem
2800 3868 3035 3939 aggredi.
3067 3868 3199 3935 Quis
3243 3882 3374 3940 ergo
3413 3868 3484 3923 sit
3521 3868 3608 3923 hic
3651 3870 3815 3924 Chusi
3857 3870 4003 3927 illius

2403 3960 2617 4023 Jetnini,
2644 3969 2698 4015 et
2723 3976 2966 4030 quaenam
2989 3961 3096 4015 sint
3122 3960 3302 4026 verba,
3338 3974 3435 4030 pro
3459 3960 3653 4030 quibus
3676 3960 3785 4016 Deo
3804 3962 4005 4019 cecinit

2404 4038 2505 4108 hoc
2531 4054 2792 4109 canticum
2825 4054 2986 4108 David
3007 4095 3023 4119 ,
3060 4053 3183 4109 hinc
3209 4052 3461 4125 deinceps
3487 4052 3771 4110 dicendum
3795 4065 3898 4121 est,
3932 4058 4004 4112 ab

2407 4146 2557 4199 initio
2585 4145 2741 4200 ducta
2774 4147 3035 4200 oratione.

2488 4237 2574 4292 Vis
2614 4238 2901 4291 ambitionis
2925 4238 3154 4308 exemplo
3184 4236 3449 4293 Absalonis
3473 4239 3703 4309 probata.
3724 4268 3790 4278 -—-
3826 4239 4003 4295 Absa-

2407 4327 2495 4381 lon
2539 4327 2628 4379 luit
2670 4326 2805 4382 illius
2838 4326 3032 4391 David,
3067 4328 3280 4398 juvenis
3320 4328 3657 4383 incontinens
3681 4338 3736 4382 et
3760 4329 4003 4399 perditus

2406 4420 2479 4489 (2.
2498 4419 2626 4489 Reg.
2658 4420 2767 4490 l5).
2800 4418 2847 4473 Is
2872 4421 3153 4491 aliquando
3176 4422 3462 4475 inSurresit
3481 4420 3740 4476 adversus
3768 4430 3999 4491 patrem,

2406 4527 2576 4581 eoque
2605 4528 2766 4582 regno
2786 4554 2800 4577 ,
2834 4522 2885 4567 et
2912 4512 3095 4579 domo,
3127 4522 3181 4567 et
3214 4512 3382 4583 patria
3412 4513 3604 4583 ejecta,
3634 4528 3732 4583 pro
3763 4514 3852 4567 illo
3883 4514 4002 4582 ipse

2408 4602 2623 4659 tenebat
2639 4605 2814 4659 omnia
2842 4647 2855 4668 ,
2899 4616 2952 4660 et
2984 4622 3155 4675 neque
3184 4616 3445 4670 naturam,
3478 4621 3575 4661 nec
3594 4607 3965 4661 educationem
3984 4647 3999 4671 ,

2408 4710 2507 4749 nec
2559 4705 2803 4759 tetatcm,
2860 4711 2956 4751 nec
3019 4712 3139 4765 qua:
3195 4708 3578 4767 prazcesserant
3640 4699 3999 4767 resiticiebat,

2406 4797 2497 4841 aut
2548 4787 2922 4850 rerercbatur;
2976 4789 3070 4843 sed
3112 4801 3226 4843 erat
3267 4791 3435 4855 adeo,
3483 4800 3540 4845 ιιι
3578 4792 3743 4846 semel
3790 4791 3998 4857 dicam,

2406 4880 2658 4946 crudelis,
2682 4881 2935 4945 immitis,
2966 4890 3019 4935 et
3049 4880 3219 4935 bellua
3249 4884 3424 4949 potius
3446 4897 3601 4953 quam
3632 4882 3809 4949 homo,
3836 4890 3894 4937 ut
3913 4881 4004 4939 his

2405 4971 2657 5027 omnibus
2687 4972 2952 5041 perruptis
2984 4970 3263 5038 obicibus,
3305 4972 3432 5042 ipsis
3478 4982 3681 5026 natura:
3720 4973 4002 5027 insuitaret

2411 5062 2617 5131 legibus
2636 5103 2650 5125 ,
2682 5071 2736 5117 et
2770 5062 2937 5116 turbis
2964 5064 3139 5116 omnia
3168 5077 3231 5118 ac
3264 5064 3491 5117 tumultu
3518 5063 3846 5131 compleret:
3873 5072 4003 5118 tunc

2409 5154 2551 5207 enim
2581 5153 2759 5207 omnia
2797 5153 3172 5207 cvertcbantur
3201 5153 3414 5208 decreta
3454 5164 3686 5220 natum,
3722 5154 4000 5209 hominum

2410 5246 2738 5310 reverentia,
2780 5245 2830 5297 in
2862 5245 3025 5299 Deum
3057 5245 3224 5314 pietas
3252 5260 3314 5301 ac
3351 5247 3571 5317 religio,
3619 5246 3917 5301 humanitas
3947 5254 4007 5302 ct

2412 5334 2771 5419 misericordia
2794 5377 2807 5399 ,
2840 5334 3214 5389 alimentorum
3246 5338 3635 5401 remuneratio,
3679 5348 3731 5392 et
3760 5338 3811 5391 in
3840 5350 4004 5393 seue-

2412 5434 2609 5480 ctutetn
2641 5427 2959 5481 reterentia.
2988 5425 3119 5481 Nam
3150 5428 3249 5483 etsi
3278 5428 3492 5484 nolebat
3517 5444 3638 5484 eum
3680 5429 3912 5486 revereri
3941 5439 4006 5486 ut

2475 5554 2545 5615 (tl)
2589 5553 2717 5619 Illud
2739 5591 2751 5612 ,
2789 5549 3034 5619 ignoratio
3080 5551 3530 5619 Davidiiéqyéqpa
3559 5560 3628 5619 τῷ
3663 5559 3837 5617 Δαυίδ)
3860 5596 3873 5618 ,
3920 5566 4001 5608 est

2411 5614 2722 5739 iam‘tlmcbi;
2793 5614 2919 5663 illud
2982 5622 3186 5677 autem,
3245 5614 3488 5679 xEl/tt'opt's
3532 5614 3870 5679 (Sithonas),
3919 5627 3999 5671 est

2493 5692 2517 5723 u
2560 5692 2619 5725 te.

2493 5692 2619 5725 ιιιιευ.
