4178 6434
62 548 73 635 l

183 429 221 489 εἴ
1372 439 1732 499 ΕΧΡΟΞΙΤΙΟ
1767 440 1787 497 1

1893 438 2203 498 ρειιωιυιι
2231 439 2343 497 vn.
2634 402 2639 407 “
2714 508 2715 511 γ
3428 444 3498 501 ss

200 559 373 620 perm,
397 551 598 607 saltem
628 558 887 610 revereri
911 556 1191 625 oportebat
1214 566 1268 610 nt
1293 569 1509 622 senem;
1541 554 1587 611 si
1614 568 1780 614 canos

203 643 493 715 «pigebat,
539 656 696 725 certe
742 659 805 703 ιιι
852 648 1284 715 berefactorem;
1329 650 1472 720 quod
1499 650 1544 704 si
1575 664 1675 717 nec
1702 649 1780 705 sic

200 735 382 805 quidem
401 777 418 802 ,
450 745 509 791 ιιι
536 731 663 792 eum
692 739 918 805 quidem
946 750 1093 795 certe
1119 740 1206 810 qui
1237 740 1434 794 nullam
1468 738 1671 795 fecerat
1696 739 1779 793 in-

195 826 364 899 iuriam
386 845 401 882 :
427 827 520 883 sed
541 844 696 884 amor
716 829 931 899 imperii
954 828 1090 886 hanc
1111 846 1325 885 omnem
1346 830 1505 901 ejecit
1526 845 1780 885 reveren-

197 920 329 983 tiam,
356 928 409 973 et
446 919 719 976 hominem
754 920 806 974 in
839 920 1006 976 feram
1033 922 1317 977 convertit.
1352 922 1416 977 Et
1445 920 1531 975 hic
1557 920 1776 992 quidem

192 1015 386 1069 beatus,
412 1012 501 1081 qui
522 1027 646 1064 eum
670 1022 930 1082 genuerat
949 1023 1006 1068 et
1032 1014 1258 1079 aluerat,
1282 1022 1551 1083 tamquam
1575 1027 1700 1068 erro
1722 1021 1778 1069 et

192 1101 433 1172 polagus
459 1104 674 1158 errabat
703 1106 754 1159 in
782 1106 1018 1175 deserto,
1044 1118 1099 1163 et
1125 1123 1245 1177 qua:
1269 1122 1331 1161 ex
1366 1107 1450 1162 his
1478 1115 1778 1177 scqttuntur

185 1192 337 1249 malis
364 1196 801 1264 opprimebatur:
824 1197 912 1253 ille
940 1214 1069 1252 vero
1095 1199 1145 1253 in
1175 1200 1328 1254 bonis
1353 1200 1592 1270 paternis
1620 1200 1777 1254 volu-

184 1292 383 1355 ptatem
424 1287 695 1355 explebat.
742 1288 875 1344 Cum
919 1304 1007 1345 res
1044 1306 1171 1362 ergo
1201 1292 1273 1346 ita
1301 1306 1361 1347 se
1389 1290 1677 1358 haberent,
1711 1304 1777 1346 ac

179 1390 299 1431 cm
328 1375 424 1432 illo
448 1388 633 1433 essent
654 1381 940 1447 exercitus,
966 1390 1298 1454 lyr-annoque
1318 1385 1485 1439 urbes
1505 1392 1779 1454 parerent,

176 1466 394 1537 quidam
424 1467 630 1536 Chusi,
664 1470 747 1525 vir
785 1471 1014 1541 probus,
1056 1473 1239 1528 Davidi
1275 1475 1515 1541 amicus,
1544 1489 1694 1531 suam
1722 1475 1779 1530 in

177 1573 301 1613 αιιιι
332 1560 627 1615 amicitiam
657 1572 913 1632 perpetuo
933 1566 1270 1621 conservavit
1290 1544 1343 1621 in
1365 1565 1466 1621 bac
1485 1567 1781 1623 mutatione

175 1654 516 1719 tanporum;
557 1662 613 1707 et
653 1667 775 1707 cum
817 1669 962 1725 saepe
999 1672 1119 1710 eum
1160 1658 1382 1711 vidisset
1424 1667 1693 1713 errantem
1722 1659 1776 1712 in

172 1740 488 1805 solitudine,
514 1742 715 1813 dirupit
743 1745 994 1808 tunicam.
1018 1750 1245 1816 aspersit
1272 1760 1330 1802 sc
1354 1748 1556 1815 cinere,
1584 1749 1778 1805 acerbe
1802 1744 1811 1751 ’

171 1827 327 1886 ﬂevit
367 1841 427 1887 et
470 1833 875 1899 miserabiliter,
924 1851 1153 1907 ctnnqne
1198 1837 1326 1893 nihil
1370 1839 1513 1894 aliud
1560 1854 1658 1910 pos
1686 1848 1776 1905 et,

172 1919 541 1994 laet-ymarum
594 1923 749 1980 an‘ert
802 1928 1243 1983 consolationem.
1304 1929 1417 1985 Non
1467 1941 1582 1985 erat
1634 1931 1777 1986 enim

170 2014 380 2077 anius
408 2026 713 2086 temporum
739 2061 752 2082 ,
796 2036 894 2077 nec
933 2025 1201 2091 potentiae,
1246 2023 1340 2078 sed
1386 2021 1626 2089 virtutis;
1660 2025 1780 2081 idco

171 2102 301 2161 licet
330 2107 421 2163 ille
452 2122 624 2177 regno
650 2109 853 2180 ejectns
876 2122 1040 2177 esset,
1076 2131 1179 2169 non
1211 2128 1439 2170 mutarat
1466 2117 1776 2172 amicitiam.

173 2195 309 2253 Cum
335 2213 473 2270 ergo
500 2199 708 2256 videret
729 2202 893 2258 David
919 2221 1043 2260 eu'n
1076 2207 1189 2261 ha-c
1216 2207 1284 2261 ita
1319 2206 1625 2272 facientem,
1653 2208 1782 2263 dicit

172 2288 224 2343 ei
243 2307 259 2342 :
277 2289 424 2346 Sunt
450 2290 572 2347 hac
595 2293 809 2361 quidem
837 2297 1013 2360 amici,
1037 2309 1089 2353 et
1110 2300 1224 2369 ejus
1251 2301 1338 2371 qni
1368 2300 1419 2356 in
1447 2316 1547 2357 nos
1571 2302 1782 2357 sincere

175 2376 403 2435 δίαινε
429 2390 517 2436 est
542 2400 557 2437 :
579 2382 674 2438 sed
704 2383 832 2439 nihil
862 2402 961 2442 nos
996 2388 1257 2457 jnvaltunt
1282 2376 1441 2445 {ideo
1467 2392 1780 2447 conSttltan-

177 2466 307 2524 dum
338 2481 422 2527 est
443 2514 461 2538 ,
502 2481 560 2530 et
582 2475 780 2546 aliquid
809 2480 1215 2553 excogitandum
1237 2524 1250 2545 ,
1282 2491 1427 2538 utea
1456 2484 1650 2554 quibus
1680 2485 1781 2539 im-

120 2618 121 2623 η
180 2561 348 2630 pliciti
373 2577 590 2629 sumus.
616 2567 751 2623 mala
773 2570 1065 2635 solvantur,
1090 2582 1147 2628 et
1168 2575 1495 2630 inveniamus
1517 2578 1780 2634 rationem

182 2666 282 2709 nos
310 2654 581 2711 liberandi
602 2659 670 2714 ab
690 2658 773 2714 bis
799 2661 1210 2719 calamitatibus.
1243 2665 1365 2720 ΙΙωο
1386 2683 1506 2720 cum
1536 2666 1781 2734 dixisset,

184 2744 345 2800 talem
376 2746 455 2801 illi
483 2748 658 2817 aperit
698 2753 1056 2808 sententiam:
1083 2753 1230 2809 \‘ade
1271 2755 1337 2809 ad
1376 2755 1541 2811 filium
1569 2772 1745 2812 meum
1766 2798 1785 2824 ,

185 2842 238 2888 et
256 2836 420 2890 amici
452 2848 697 2908 suscepta
720 2838 946 2910 persona
967 2842 1205 2899 disturba
1230 2846 1357 2899 mibi
1381 2846 1520 2901 illius
1539 2847 1782 2914 consilia,

185 2936 233 2979 et
265 2925 349 2981 fac
379 2938 440 2982 ut
465 2929 536 2983 sit
562 2930 767 2986 irritum
788 2934 1152 3005 Achitophelis
1171 2936 1469 2991 consitium.
1490 2937 1587 2993 llic
1606 2949 1784 2993 autem

188 3019 511 3091 Achitopbel
552 3024 694 3092 apud
735 3036 1017 3097 tyrannum
1048 3038 1173 3085 tunc
1198 3033 1376 3085 omnia
1417 3042 1660 3098 poterat,
1710 3032 1785 3087 rei

188 3114 405 3181 quidem
437 3117 683 3174 militaris
708 3121 862 3176 valde
895 3123 1094 3191 peritus
1118 3165 1129 3188 ,
1159 3125 1247 3194 qui
1275 3127 1327 3180 in
1354 3125 1495 3181 bello
1524 3136 1578 3182 et
1603 3127 1789 3197 prtulio

192 3202 532 3272 imperatoris
573 3219 749 3278 partes
794 3214 1049 3280 pneclare
1100 3231 1260 3284 agere
1299 3227 1531 3287 poterat,
1574 3228 1630 3273 et
1666 3218 1789 3274 ideo

196 3294 359 3352 David
409 3315 535 3355 cum
581 3303 699 3371 plus
741 3306 958 3360 timebat
993 3323 1149 3377 quam
1196 3318 1478 3381 tyrannum
1524 3329 1537 3366 :
1583 3319 1788 3366 tantum

193 3388 408 3460 ingenio
444 3393 653 3448 valebat
694 3406 747 3449 et
785 3392 1082 3466 prudentia.
1111 3400 1205 3455 llis
1229 3402 1423 3456 auditis
1451 3402 1542 3458 ille
1570 3405 1786 3473 paruit,

196 3494 291 3535 nec
312 3482 478 3536 n'lam
511 3485 681 3552 pnsifli
721 3497 811 3541 aut
842 3489 1037 3559 altjecti
1076 3491 1242 3546 animi
1269 3494 1644 3564 cogitationem
1671 3510 1789 3552 sus-

195 3573 335 3639 cepit
353 3616 366 3635 ,
401 3589 504 3629 nec
531 3574 729 3632 humile
758 3588 849 3633 ant
878 3579 1123 3649 ignavum
1148 3583 1276 3653 quid
1300 3585 1581 3654 cogitavit,
1612 3601 1789 3657 neque

196 3660 327 3718 dixit
343 3685 355 3717 :
370 3666 513 3733 Quid
536 3667 580 3720 si
612 3668 759 3724 fuero
781 3670 1181 3740 deprehensus?
1196 3676 1320 3746 quid
1341 3676 1384 3731 si
1414 3676 1559 3733 larva
1577 3676 1799 3737 detecta.

200 3753 388 3813 fierit?
414 3761 543 3829 quid
573 3761 615 3815 si
648 3762 802 3819 fuerit
829 3764 1195 3839 deprehensus
1222 3778 1373 3827 actus
1400 3771 1793 3830 simulationis?

198 3850 422 3906 callidus
450 3854 769 3925 Achitophcl
790 3877 803 3912 :
827 3856 929 3913 hoc
965 3858 1191 3918 fortasse
1218 3862 1606 3935 deprehendet.
1637 3867 1792 3924 dete—

199 3953 432 4012 getqne,
484 3955 535 4000 et
583 3956 784 4004 temere
822 3964 890 4005 ac
933 3949 1124 4007 frustra
1175 3953 1285 4011 illic
1332 3956 1539 4026 peribo.
1589 3958 1792 4015 Horum

200 4033 328 4088 nihil
375 4046 664 4107 reputans,
705 4055 765 4094 se
804 4040 856 4095 in
897 4052 1071 4097 castra
1099 4047 1309 4116 tyranni
1341 4048 1634 4117 proripuit,
1674 4050 1795 4105 uni-

202 4138 368 4180 tersa:
418 4128 498 4182 rei
544 4144 669 4184 cura
715 4131 767 4185 in
820 4132 985 4193 Deum
1036 4136 1314 4206 conjecta,
1358 4150 1414 4196 et
1457 4141 1692 4211 seipsum
1740 4142 1793 4197 in

202 4219 375 4275 media
402 4220 627 4276 immisit
658 4224 910 4291 pericula.
938 4225 1066 4281 llzrc
1089 4229 1267 4283 omnia
1295 4245 1325 4284 a
1357 4246 1443 4286 me
1470 4230 1608 4287 dicta
1638 4240 1793 4302 sunt,

202 4324 308 4363 non
336 4314 510 4365 solum
542 4322 600 4366 ut
620 4313 892 4370 laudemus
910 4357 926 4383 ,
957 4316 1052 4373 sed
1081 4328 1140 4387 ut
1162 4327 1217 4375 et
1237 4336 1585 4394 quaecumque
1608 4324 1793 4380 Davidi

202 4400 374 4455 tristia
401 4414 723 4468 evenerunt,
753 4423 1103 4479 qumcnmque
1132 4426 1320 4479 passus
1345 4422 1461 4481 est,
1488 4414 1759 4471 discamus
1776 4459 1793 4484 ,

200 4500 253 4545 et
277 4509 631 4565 qumcumqtte
655 4496 757 4551 alia
781 4501 1059 4554 commoda
1087 4512 1313 4571 possunt
1335 4520 1399 4561 ex
1426 4506 1644 4562 historia
1674 4524 1797 4579 per-

200 4585 305 4653 cipi
331 4627 348 4646 ,
384 4602 447 4641 ea
490 4593 652 4642 etiam
699 4589 752 4645 in
799 4592 1031 4648 medium
1079 4595 1422 4653 adducamus.
1456 4599 1595 4656 Ecce
1620 4603 1793 4669 enim,

200 4676 345 4743 quod
374 4676 595 4732 assidue
622 4694 653 4733 a
683 4682 862 4736 multis
893 4683 1197 4754 inquiritur.
1243 4688 1353 4743 Cur
1370 4688 1500 4758 justi
1546 4690 1796 4761 affligun-

202 4773 310 4831 tur,
337 4767 569 4837 improbi
595 4779 769 4825 autem
794 4771 844 4826 in
876 4774 1055 4842 quiete
1080 4787 1135 4831 ct
1154 4777 1262 4832 otio
1293 4782 1607 4837 versantur?
1631 4783 1683 4837 id
1712 4783 1799 4840 hic

200 4855 445 4915 invenire
478 4875 780 4929 possumus.
823 4864 1006 4921 Justus
1040 4870 1183 4924 enim
1224 4872 1536 4929 versabatur
1569 4875 1621 4930 in
1648 4878 1797 4931 cala-

200 4949 502 5015 mitatibus,
531 4955 825 5010 sceleratus
863 4969 1042 5013 autem
1068 5000 1085 5027 ,
1129 4952 1482 5029 et'patricida
1506 5006 1520 5029 ,
1552 4974 1607 5020 et
1631 4966 1800 5037 ipsius

200 5054 410 5097 natura:
453 5045 702 5101 inimicus
740 5058 792 5102 et
838 5047 1027 5114 hostis,
1079 5052 1133 5107 in
1180 5052 1435 5110 felicitate
1484 5056 1696 5127 agebat,
1743 5066 1801 5114 et

202 5132 418 5198 Inlatiis
447 5136 643 5205 regiis:
666 5137 763 5192 sed
792 5154 889 5195 nec
914 5141 1004 5195 ille
1032 5142 1321 5214 quidquam
1362 5161 1426 5201 cx
1460 5162 1526 5202 eo
1556 5148 1803 5204 lucraba-

202 5232 311 5289 tur,
364 5243 540 5298 neque
567 5238 785 5285 sanctus
815 5231 900 5287 hic
928 5232 1260 5300 lmdehatur,
1303 5237 1398 5292 sed
1443 5238 1533 5292 ille
1579 5238 1796 5309 quidem

203 5319 497 5387 majoribus
526 5320 793 5383 olmoaius
818 5320 919 5377 fuit
941 5325 1226 5393 terunmis;
1271 5325 1361 5383 hic
1397 5339 1575 5383 autem
1602 5330 1802 5385 clarior

203 5420 258 5463 et
282 5412 611 5482 splendidior
647 5413 819 5470 factus
843 5423 947 5481 est,
990 5424 1048 5471 ut
1073 5432 1263 5474 aurum
1294 5420 1347 5475 in
1376 5420 1593 5487 fornace
1616 5422 1796 5478 reddi-

206 5510 294 5556 tur
321 5504 610 5561 :fllictione
639 5507 843 5576 purior.

272 5590 333 5646 2.
355 5591 671 5652 Documenta
689 5606 907 5669 quatuor
924 5599 979 5655 in
998 5602 1257 5657 erumnis.
1278 5632 1352 5645 -
1380 5602 1514 5660 Hinc
1538 5620 1667 5676 ergo
1688 5607 1800 5677 pri-

206 5696 353 5740 mum
392 5686 495 5742 hoc
531 5688 714 5754 disco,
755 5704 825 5744 ne
856 5691 1196 5749 eonturberis
1224 5693 1277 5749 in
1304 5695 1611 5766 huiusmodi
1639 5699 1802 5756 rebus

206 5774 477 5844 adversis,
516 5794 639 5836 cum
682 5782 865 5837 videas
910 5783 1071 5839 etiam
1108 5784 1269 5857 justis
1296 5787 1347 5843 id
1374 5790 1625 5858 evenire;
1654 5792 1796 5847 aliud

205 5882 381 5927 autem
409 5883 612 5945 postea,
638 5890 707 5932 ne
728 5875 956 5932 muteris
975 5891 1075 5947 pro
1089 5886 1347 5950 tempore,
1373 5879 1470 5937 sed
1490 5883 1638 5938 noris
1656 5883 1801 5952 leges

1883 553 2175 622 amicitite;
2207 554 2450 625 tertium,
2475 563 2534 612 ut
2555 555 2717 612 etiam
2739 557 2973 627 pericula
3002 558 3379 623 audeasadire
3400 576 3499 630 pro

1884 645 2114 711 virtute;
2140 655 2390 717 quartum
2412 686 2426 708 ,
2457 656 2516 701 ut
2540 647 2705 703 etiam
2731 648 2784 702 in
2814 648 2978 705 rebus
3010 650 3183 705 dubiis
3207 662 3262 706 et
3289 652 3499 721 aSperis

1882 736 2024 792 bona
2049 752 2146 809 spe
2169 737 2245 792 sis
2275 739 2532 808 prmditus
2553 780 2569 806 ,
2614 738 2708 795 Dei
2747 739 3004 795 auxilium
3032 753 3371 811 exspectans.
3404 740 3497 797 ille

1882 829 2026 885 enim
2056 829 2222 896 Cliusi
2252 846 2358 886 non
2384 840 2561 886 castra
2589 830 2930 901 respiciebat,
2957 848 3065 887 non
3098 833 3309 905 tyranni
3340 834 3503 887 timo-

1883 936 2040 989 rem,
2086 937 2193 976 non
2236 937 2500 992 equorum
2544 923 2975 990 multitudinem,
3018 940 3125 979 non
3162 934 3494 980 armatorum

1882 1010 2195 1089 phalanges,
2239 1027 2344 1068 non
2382 1012 2525 1083 quod
2555 1013 2714 1070 urbes
2740 1012 2851 1084 jam
2880 1029 3007 1069 ante
3039 1026 3210 1085 captu:
3243 1017 3492 1082 fuerant,

1880 1117 1990 1161 non
2022 1102 2235 1158 Davidis
2258 1103 2601 1159 solitudinem
2632 1114 2689 1177 et
2713 1105 3173 1169 imbecillitatem;
3201 1104 3295 1161 sed
3325 1121 3492 1162 unum

1881 1197 2057 1253 solum
2078 1196 2378 1263 reSpicicns
2400 1197 2813 1267 inexpugnabile
2840 1197 2933 1254 Dei
2959 1198 3241 1263 auxilium,
3270 1206 3327 1252 et
3353 1198 3499 1252 illius

1876 1286 2335 1365 benevolentiam,
2362 1290 2435 1343 ita
2457 1298 2712 1359 utrasque
2734 1298 2914 1360 partes
2936 1287 3249 1359 dijudicavit
3266 1306 3280 1342 :
3299 1298 3354 1345 et
3377 1288 3497 1345 illas

1880 1379 2098 1454 quidem
2126 1380 2329 1435 invenit
2356 1380 2681 1450 impotentes
2707 1391 2763 1437 et
2786 1379 3087 1442 invalidas.
3117 1381 3213 1435 has
3242 1395 3372 1435 vero
3403 1380 3499 1435 ﬂr-

1883 1486 2000 1528 mas
2029 1480 2084 1527 et
2113 1482 2381 1543 potentes.
2415 1472 2505 1527 llle
2535 1474 2679 1528 enim
2728 1472 2928 1543 injuste
2966 1471 3215 1534 faciebat,
3254 1472 3342 1527 hic
3371 1486 3501 1528 vero

1883 1577 2004 1616 cum
2041 1562 2187 1632 justo
2224 1562 2461 1629 seipsnm
2506 1562 2777 1631 servabat.
2821 1562 2956 1617 Cum
2983 1577 3112 1630 ergo
3141 1571 3343 1625 staret,
3390 1576 3497 1616 non

1885 1654 1976 1709 ubi
2005 1653 2294 1708 multitudo
2321 1653 2601 1708 hominum
2623 1695 2639 1719 ,
2667 1654 2763 1709 sed
2796 1654 2884 1707 ubi
2921 1661 3039 1708 erat
3066 1653 3279 1707 virtutis
3308 1652 3498 1723 praesi-

1886 1744 2056 1808 dium,
2104 1760 2263 1815 upem
2317 1745 2409 1800 Dei
2449 1745 2517 1799 ad
2558 1760 2619 1801 se
2661 1748 2903 1800 attraxit.
2953 1747 3077 1799 llwc
3120 1745 3264 1808 dico,
3312 1756 3363 1797 nt
3401 1760 3500 1800 nos

1884 1851 2097 1907 queque
2116 1880 2130 1902 ,
2158 1838 2257 1893 etsi
2284 1838 2391 1891 sint.
2437 1837 2693 1893 imbecilli
2735 1853 2765 1892 a
2809 1853 3036 1907 quarum
3066 1848 3215 1906 parte
3243 1849 3348 1891 stat
3367 1837 3456 1905 jus
3478 1875 3499 1903 ,

1886 1931 2101 1985 illorum
2132 1921 2314 2000 partes
2346 1931 2772 2004 ttteamnr:licet
2810 1932 2918 1986 sint
2960 1942 3210 2002 potentes
3233 1933 3325 2001 qui
3356 1931 3500 2000 inju-

1887 2022 2019 2075 riam
2047 2020 2317 2086 inferunt,
2362 2023 2681 2078 societatem
2720 2023 2936 2078 illorum
2974 2023 3261 2092 fugiamus.
3295 2022 3497 2078 Vitium

1884 2113 2051 2177 enim,
2076 2112 2177 2168 etsi
2208 2128 2389 2167 secum
2418 2113 2613 2169 habeat
2636 2105 2945 2170 universum
2969 2114 3156 2167 orbem
3190 2124 3452 2168 terrarum
3477 2152 3495 2179 ,

1889 2216 1974 2259 ρει
2002 2205 2239 2259 omnium
2276 2204 2507 2261 maxime
2546 2205 2912 2270 imbecillum;
2946 2205 3116 2259 virtus
3147 2214 3325 2259 autem
3348 2247 3363 2268 ,
3393 2203 3496 2259 etsi

1886 2296 2000 2351 sola
2026 2295 2115 2363 sit,
2145 2304 2228 2351 est
2249 2297 2488 2350 omnium
2532 2297 2904 2367 potentissima
2928 2315 2942 2351 :
2964 2296 3126 2350 habet
3151 2295 3296 2350 enim
3332 2294 3502 2350 Deum

1887 2400 2071 2441 secum
2112 2394 2367 2442 stantem.
2410 2386 2542 2456 Quis
2584 2403 2714 2458 ergo
2754 2402 2972 2443 servare
3001 2396 3177 2458 pateat
3201 2403 3323 2442 eum
3352 2388 3503 2457 quia

1888 2476 2003 2532 Deo
2046 2478 2420 2548 oppugnatur?
2455 2478 2576 2549 quis
2618 2487 2799 2534 autem
2848 2488 3027 2549 potest
3070 2478 3299 2549 perdere
3338 2494 3499 2545 eum,

1888 2567 1973 2623 cui
2000 2567 2115 2638 ipse
2140 2567 2245 2624 fert
2272 2569 2567 2625 auxilium?
2595 2568 2721 2625 lltec
2743 2570 2924 2625 omnia
2946 2570 3221 2642 sapienter
3247 2568 3497 2625 conside-

1890 2674 2019 2714 rans
2043 2659 2229 2725 Chnsi,
2265 2660 2399 2715 bona
2422 2677 2517 2732 spe
2537 2671 2822 2730 concepta,
2846 2664 2992 2718 venit
3012 2679 3118 2732 quo
3141 2662 3499 2718 mittebatur:

1890 2758 1945 2805 et
1968 2760 2252 2822 postquam
2285 2751 2526 2820 adstitit,
2565 2768 2689 2808 cum
2733 2754 2951 2809 vidisset
2984 2738 3269 2826 tyrannum
3300 2767 3503 2822 appro-

1893 2842 2259 2913 pinquantem,
2286 2844 2536 2899 accessit.
2566 2844 2661 2899 Ille
2688 2854 2869 2900 autem
2893 2860 3015 2900 cum
3045 2846 3353 2915 frequenter
3377 2859 3501 2899 eum

1892 2934 2150 2999 vidisset,
2192 2945 2245 2988 et
2286 2943 2429 2988 esset
2475 2935 2771 3005 imperandi
2811 2935 3104 3005 cupiditate
3133 2935 3346 3002 ebrius,
3393 2950 3504 2989 non

1893 3026 2177 3097 diligenter
2214 3026 2686 3082 exatninavitzsed
2731 3028 2881 3082 illum
2912 3027 3173 3093 irridens,
3211 3038 3265 3082 et
3292 3027 3507 3098 probris

1896 3119 2162 3190 impetens
2185 3161 2199 3185 ,
2234 3120 2372 3185 Abi,
2404 3121 2575 3190 inquit
2598 3161 2613 3184 ,
2640 3135 2762 3175 cum
2790 3119 2965 3175 amico
2992 3129 3083 3174 ttto
3102 3160 3117 3186 ,
3159 3136 3228 3175 ne
3254 3120 3506 3191 dignatus

1894 3212 2112 3281 quidem
2142 3227 2335 3265 nomen
2364 3212 2567 3278 dicere,
2602 3222 2809 3266 tantum
2836 3222 2951 3267 erat
2980 3210 3185 3278 odium,
3217 3219 3376 3266 tantae
3404 3211 3507 3266 ini-

1894 3304 2111 3359 micitiue
2139 3303 2216 3373 (9..
2246 3304 2375 3375 Reg.
2407 3304 2492 3359 lii.
2534 3303 2646 3376 l7).
2697 3303 2795 3361 Cui
2834 3303 3002 3360 Chnsi
3036 3305 3169 3359 nihil
3198 3313 3506 3361 Commotus

1896 3411 1998 3452 nec
2025 3395 2377 3451 conturbatus
2406 3396 2575 3453 dicit:
2600 3396 2827 3465 Quando
2866 3398 3008 3452 Deus
3038 3405 3157 3451 erat
3190 3411 3311 3451 cum
3354 3396 3503 3466 ipso,

1896 3488 1974 3542 illi
2005 3488 2144 3543 bene
2173 3487 2418 3543 volebam
2450 3505 2463 3542 :
2493 3489 2748 3558 quoniam
2788 3499 2967 3543 autem
3005 3502 3149 3543 nunc
3178 3472 3354 3542 tecum
3382 3497 3466 3544 est
3487 3528 3505 3553 .

1894 3596 2231 3651 consequens
2255 3589 2341 3636 est
2361 3592 2417 3637 nt
2444 3590 2566 3637 tuas
2590 3592 2770 3652 partes
2794 3596 2995 3650 sequar
3019 3579 3177 3653 (Ibid.
3204 3597 3251 3636 υ.
3278 3580 3363 3637 l8.
3391 3579 3510 3653 l9).

1897 3670 2009 3727 lloc
2038 3680 2270 3743 tyranno
2293 3687 2519 3742 magnos
2541 3672 2764 3742 spiritus
2786 3670 2935 3739 fecit,
2966 3672 3336 3743 tumidumque
3357 3672 3507 3728 illum

1896 3762 2152 3827 reddidit,
2169 3772 2224 3819 et
2248 3778 2309 3819 re
2327 3779 2431 3819 non
2449 3763 2735 3835 diligenter
2756 3765 3232 3833 examinatajnam
3262 3766 3345 3819 vir
3377 3765 3508 3821 levis

1898 3855 2073 3911 credit
2112 3855 2352 3910 sermoni
2397 3854 2818 3926 cuilibetzquod
2865 3854 2938 3909 iili
2978 3856 3140 3909 etiam
3177 3854 3426 3927 accidit),
3455 3863 3509 3910 et
3596 3904 3600 3909 .

1900 3946 2127 4001 inimicis
2149 3944 2385 4011 deditus,
2417 3946 2595 4015 ipsum
2626 3948 2805 4001 statim
2836 3946 2979 4001 inter
3006 3947 3227 4002 intinms
3252 3947 3507 4017 admittit,

1899 4046 1956 4093 et
1981 4038 2032 4092 in
2057 4037 2350 4107 primorum
2381 4038 2678 4091 amicorum
2701 4037 2868 4092 refert
2899 4046 3204 4093 numerum.
3241 4038 3382 4092 Deus
3408 4053 3507 4092 au-

1901 4139 2009 4185 tem
2039 4145 2297 4201 prmeens,
2329 4139 2384 4184 et
2413 4146 2534 4199 quae
2558 4130 2755 4185 fiebant
2778 4145 2992 4202 regens,
3016 4131 3193 4186 omnia
3218 4130 3505 4202 dispensa-

1902 4220 2011 4275 bat.
2048 4221 2115 4276 Et
2149 4221 2428 4291 proposito
2456 4221 2599 4276 circa
2628 4221 2826 4275 bellum
2858 4222 3114 4287 consilio,‘
3135 4238 3258 4276 cum
3289 4223 3377 4276 alii
3406 4223 3510 4278 alia

1900 4312 2145 4369 dicerent
2184 4313 2252 4368 de
2291 4313 2453 4369 rebus
2481 4312 2733 4382 agendis,
2782 4328 2849 4367 an
2893 4313 3071 4367 statim
3103 4312 3390 4377 invadere,
3442 4329 3508 4367 an

1902 4419 2091 4474 parum
2119 4402 2339 4458 differre
2381 4412 2690 4472 uporleret.
2724 4405 2989 4458 accedens
3020 4403 3373 4472 Acltimphel.
3420 4405 3509 4473 qui

1901 4495 2131 4552 consilio
2162 4494 2450 4564 plurimum
2485 4495 2699 4549 valebat
2735 4504 2791 4549 et
2836 4498 3160 4550 sententiam
3193 4511 3343 4550 suam
3384 4512 3511 4566 pro-

1906 4588 2085 4644 ferens
2115 4587 2394 4656 boc‘dcdit
2416 4588 2723 4652 consilium,
2744 4587 2930 4642 dicens
2956 4604 2970 4641 :
2996 4587 3265 4641 Afflictnm
3298 4594 3514 4643 nunc’et

1905 4682 2275 4753 penurbatmn
2318 4691 2524 4751 patrem
2557 4695 2704 4735 tttttnt
2743 4682 3077 4736 ittvndatmts.
3105 4681 3240 4736 Nam
3270 4683 3313 4735 si
3341 4681 3389 4736 ci
3426 4698 3514 4736 re—

1901 4772 2140 4843 spirandi
2165 4772 2369 4826 nullnm
2395 4782 2609 4842 tempus
2638 4771 2968 4835 dederimus,
2990 4771 3058 4826 ita
3085 4788 3208 4827 eum
3235 4772 3303 4827 de
3334 4772 3514 4828 medio

1908 4865 2167 4919 tollemus
2192 4881 2204 4916 :
2226 4863 2270 4917 si
2292 4864 2437 4918 enim
2461 4878 2582 4917 eum
2607 4864 2927 4932 imparatum
2953 4879 3095 4918 nunc
3114 4863 3512 4934 aggrediantur,

1903 4973 1993 5014 res
2019 4940 2169 5013 nullo
2197 4956 2382 5012 labore
2425 4971 2457 5011 a
2479 4957 2634 5011 nobis
2658 4956 2969 5027 perficietur
3012 4954 3033 5030 (
3062 4955 3201 5010 Ibid.
3230 4957 3321 5013 l7.
3344 4957 3440 5012 1-5
3469 4958 3511 5027 ).

1905 5050 2030 5105 Hmc
2064 5064 2186 5103 cum
2213 5049 2456 5103 audisset
2496 5058 2787 5120 tyrannus,
2816 5057 2971 5103 vocat
2995 5049 3157 5102 etiam
3190 5046 3357 5102 Chusi
3378 5089 3392 5114 ,
3422 5047 3515 5118 qui

1904 5140 1972 5195 ad
2000 5140 2173 5211 ipsum
2200 5137 2567 5209 transfugerat
2588 5155 2683 5210 per
2703 5140 3124 5203 simulationem,
3155 5149 3209 5194 et
3234 5155 3357 5194 eum
3388 5138 3518 5197 facit

1905 5234 2025 5304 eius
2064 5233 2208 5305 quod
2251 5232 2537 5304 petebatur
2576 5232 2787 5286 consilii
2832 5232 3148 5303 participem
3177 5250 3190 5285 :
3216 5232 3360 5303 quod
3405 5246 3515 5288 nen

1907 5336 2024 5384 erat
2053 5326 2306 5383 humanae
2334 5326 2529 5382 rationi
2552 5334 2979 5381 consentaneum
3003 5367 3017 5389 ,
3049 5334 3108 5379 ut
3133 5339 3256 5380 eum
3297 5325 3386 5393 qni
3425 5339 3517 5380 re—

1905 5428 2094 5477 center
2120 5428 2365 5486 venerat,
2397 5428 2547 5474 tanto
2568 5419 2777 5474 honore
2797 5418 3059 5483 afficeret,
3085 5429 3139 5473 et
3166 5417 3271 5473 fide
3293 5418 3515 5489 dignum

1906 5514 2273 5578 existimaret,
2317 5522 2378 5568 ut
2420 5513 2582 5569 etiam
2625 5510 2694 5567 de
2735 5512 2902 5568 rebus
2943 5511 3209 5581 ejusmodi
3242 5527 3365 5566 eum
3397 5525 3519 5566 esse

1907 5606 2072 5663 vellet
2093 5604 2461 5661 consiliarium
2489 5602 2621 5659 :sed
2652 5603 2793 5659 sicut
2820 5614 2946 5658 ante
2966 5599 3099 5665 disi,
3130 5601 3347 5671 quando
3378 5600 3521 5655 lit-us

1907 5704 1993 5755 est
2012 5696 2224 5763 ductor,
2255 5698 2416 5752 etiam
2444 5711 2566 5767 quae
2595 5704 2721 5751 sunt
2750 5694 3015 5760 difﬁcilia,
3057 5693 3228 5749 facilia
3260 5691 3517 5748 evadunt.

1909 5787 2269 5846 lntroducitur
2294 5788 2479 5853 Chusi,
2506 5796 2563 5849 et
2602 5787 2728 5843 facit
2760 5788 2810 5844 ei
2852 5787 3075 5842 liberam
3116 5785 3329 5841 dicendi
3372 5794 3515 5852 pulc-

1910 5890 2127 5950 statem,
2158 5881 2378 5952 vultque
2396 5865 2578 5936 dicere
2605 5878 2674 5936 de
2696 5895 2761 5938 eo
2786 5878 2929 5949 quod
2957 5878 3278 5948 proponitur
3304 5876 3362 5947 (‘2
3387 5875 3515 5945 Reg.
