4178 6424
740 432 809 489 83
1084 460 1087 463 ›
1498 426 1555 481 S.
1592 420 1867 481 JOANNIS
1893 414 2379 477 CHRYSOSTOSH'
2407 417 2727 478 ARClllEl’.
2771 424 3310 484 CONSTANTINOP.
3966 429 4031 485 ει

740 546 830 603 t7.
862 545 915 600 5.
948 542 1023 614 6).
1056 542 1191 609 Quid
1219 555 1345 597 vero
1362 538 1567 594 Clausi?
1593 539 1911 609 Numquam,
1942 536 2139 607 tnquit,
2173 516 2365 589 atteri

742 634 885 690 ravit
910 630 1226 703 Achitopltcl
1255 630 1348 701 (η).
1388 623 1545 684 Vides
1576 627 1951 698 prudentiam?
1992 625 2108 681 Non
2140 637 2325 695 reprc-

743 726 926 782 Itetttlit
963 724 1140 779 statim
1163 719 1276 793 ejus
1317 722 1656 781 sententiam,
1693 720 1785 773 sed
1825 734 1945 773 cum
1987 720 2160 772 laude.
2194 717 2327 771 Eum

739 821 884 873 enim
917 818 1139 875 laudans
1173 817 1314 888 quod
1350 825 1707 886 opportunum
1736 821 1890 865 antea
1911 809 2197 865 consilium
2224 807 2325 864 de-

739 911 930 975 disset,
967 912 1039 963 ita
1090 920 1407 979 pra-sentem
1452 909 1720 977 vituperat
1774 904 2118 959 sententiam.
2172 899 2326 968 Quod

741 1012 919 1058 autem
943 1002 1091 1065 dicit,
1116 1001 1222 1057 tale
1242 1012 1321 1055 est
1347 1018 1360 1053 :
1390 999 1551 1054 Miror
1574 996 1845 1068 quomodo
1867 1010 2005 1049 nunc
2029 994 2325 1048 erraverit:

736 1108 842 1147 nOn
892 1092 1028 1147 mihi
1082 1094 1223 1146 cnim
1278 1091 1486 1147 videtur
1543 1105 1664 1145 esse
1723 1089 1850 1143 utile
1906 1086 2209 1141 consilium.
2268 1082 2324 1139 Si

735 1184 932 1251 quippe
972 1198 1091 1237 eum
1135 1181 1668 1244 nnueinvaserimus,
1710 1189 1977 1247 tamquam
2002 1190 2157 1229 ursus
2178 1174 2326 1231 rabie

738 1276 985 1344 percitus,
1018 1274 1093 1327 ira
1128 1273 1314 1342 plenus
1341 1282 1492 1341 pater
1521 1280 1663 1332 tuus,
1694 1268 1763 1325 de
1790 1270 1892 1322 vita
1919 1268 2241 1336 desperans,
2270 1272 2328 1322 et

736 1382 857 1421 cum
887 1380 1091 1421 summa
1117 1379 1357 1436 pugnans
1377 1362 1758 1434 indignatione,
1784 1377 1894 1416 sum
1914 1361 2102 1416 salutis
2122 1358 2322 1414 nullam

734 1458 892 1514 ducet
919 1459 1200 1523 rationem,
1222 1467 1277 1511 et
1298 1455 1529 1510 maximo
1550 1455 1749 1524 impetu
1770 1454 1820 1507 in
1837 1466 1935 1506 nos
1957 1452 2141 1505 it'ruet.
2167 1448 2322 1519 Quod

733 1552 776 1605 si
793 1565 977 1619 parum
997 1549 1341 1616 cesserimus,
1361 1564 1482 1603 eum
1500 1563 1621 1602 cum
1634 1546 1929 1615 majoribus
1950 1554 2002 1601 et
2018 1541 2324 1599 instructio-

734 1642 883 1697 ribus
906 1642 1078 1711 copiis
1104 1640 1476 1712 aggrediemur
1494 1680 1510 1705 ,
1539 1638 1802 1708 longeque
1831 1636 1997 1691 tutius
2018 1676 2032 1701 ,
2088 1651 2151 1691 sc
2186 1636 2320 1689 citra

739 1734 900 1787 nllunt
933 1733 1195 1799 laborem,
1236 1741 1292 1788 et
1314 1746 1436 1787 cum
1474 1730 1703 1785 maxima
1726 1727 1978 1783 facilitate
2002 1739 2126 1783 eum
2160 1724 2321 1782 veluti

734 1827 928 1898 laqueo
958 1826 1287 1896 implicatum
1316 1824 1592 1895 capiemus
1612 1833 1666 1878 et
1695 1821 2023 1876 adducemus
2050 1820 2069 1889 (
2100 1818 2236 1873 Ibid.
2270 1834 2320 1873 ιν.

737 1916 767 1969 7
806 1917 916 1986 l3).
939 1915 1143 1970 Laudat
1159 1913 1393 1969 A‘bsalon
1406 1911 1747 1973 sententiam,
1770 1924 1996 1978 eamque
2018 1909 2118 1963 sibi
2138 1908 2321 1963 utilio-

737 2021 850 2061 rem
880 2005 1149 2061 essedicit
1167 2002 1329 2073 (ibid.
1357 2019 1405 2056 tt.
1430 2002 1542 2071 Η).
1567 2000 1691 2054 [hoc
1711 2010 1888 2053 autem
1906 1998 2318 2063 dicebatChusi,

734 2098 919 2154 lla‘vidi
947 2098 1129 2153 volens
1152 2096 1281 2152 dare
1307 2104 1515 2165 tempus
1533 2100 1661 2148 utse
1686 2092 2010 2159 aliquantum
2030 2101 2317 2157 recrearet,

734 2208 796 2249 ac
815 2192 1125 2262 respiraret,
1145 2188 1464 2262 cegeretque
1481 2186 1793 2267 exercitum.
1813 2183 1884 2239 ha
1904 2199 2029 2254 ergo
2046 2183 2319 2253 repudiata

736 2280 1104 2352 AcbitOpltelis
1146 2279 1443 2341 sententia,
1497 2292 1592 2348 per
1639 2268 1779 2329 viros
1830 2276 2029 2345 aliquot
2083 2284 2321 2330 secretos

735 2371 972 2438 mittens,
998 2370 1175 2424 omnia
1202 2369 1382 2424 Davidi
1404 2366 1746 2434 renuntiavit,
1769 2376 2051 2439 tyrannum
2078 2365 2321 2421 videlfcet

733 2478 885 2517 suam
914 2462 1238 2533 approbasse
1280 2461 1634 2525 sententiam,
1683 2474 1802 2529 qnse
1840 2458 2026 2513 Davidi
2069 2458 2321 2525 afferebat

737 2554 1033 2607 victoriam.
1088 2551 1239 2619 Quod
1293 2552 1363 2605 ita
1405 2551 1566 2607 etiam
1602 2551 1794 2606 accidit
1831 2568 1844 2604 :
1895 2566 2016 2605 cum
2055 2551 2200 2606 enim
2243 2550 2319 2606 illi

738 2660 922 2712 parum
959 2643 1112 2713 spatii
1144 2642 1413 2707 dedisset,
1459 2651 1677 2711 paratus
1705 2641 1863 2696 David
1911 2658 2031 2697 cum
2087 2644 2317 2707 invasit,

738 2734 973 2804 fusisque
1011 2748 1075 2788 ac
1118 2733 1309 2803 fugatis
1349 2731 1592 2788 hostibus
1622 2734 1895 2788 victoriam
1924 2734 2103 2787 retulit
2165 2734 2317 2801 Quod

735 2843 854 2901 eum
878 2843 975 2897 pro
991 2842 1082 2882 sua
1102 2826 1380 2897 prudentia
1402 2836 1455 2881 et
1475 2824 1667 2897 ingenii
1690 2826 1905 2882 solertia
1930 2826 2137 2882 videret
2154 2826 2315 2881 Achi-

735 2918 946 2989 tophcl,
995 2928 1049 2974 et
1086 2933 1153 2972 ex
1198 2932 1264 2972 eo
1304 2917 1504 2972 exitum
1550 2917 1930 2985 intellexisset,
1960 2933 2152 2987 nempe
2176 2918 2316 2988 quod

736 3010 839 3064 luet
889 3009 1158 3066 sententia
1204 3002 1455 3064 Absaloii
1492 3006 1717 3061 allatura
1761 3017 1904 3062 esset
1926 3006 2168 3071 exitium,
2211 3023 2316 3061 non

736 3101 915 3155 ferens
982 3098 1403 3164 contumeliam,
1471 3096 1729 3153 recedens
1784 3106 1965 3167 aptato
2015 3098 2204 3167 laqueo
2259 3113 2318 3153 se

732 3190 1031 3253 sullocavit,
1062 3196 1118 3244 ct
1148 3187 1217 3242 ita
1250 3186 1409 3245 vitam
1441 3186 1610 3241 linivit
1640 3185 1801 3259 (Ibid.
1830 3204 1877 3239 ιν.
1912 3186 2124 3256 15-25).

802 3281 853 3334 '5.
891 3279 1015 3336 llzec
1046 3279 1221 3347 itaque
1248 3266 1424 3333 omnia
1454 3292 1575 3331 cum
1605 3276 1877 3331 didicisset
1909 3276 2106 3341 David,
2160 3277 2316 3331 PSul-

732 3390 877 3429 tnum
904 3374 1109 3449 scribit,
1143 3357 1613 3444 hymnos—quibus
1646 3372 1841 3440 gratias
1878 3372 1984 3443 agit
2014 3372 2121 3425 Deo
2144 3416 2159 3438 ,
2188 3373 2320 3429 olfe-

732 3482 895 3531 rens,
943 3474 997 3520 et
1026 3475 1190 3520 tounu
1238 3475 1558 3533 stratagema
1601 3464 1709 3518 Deo
1752 3464 2008 3519 tribuens.
2056 3465 2315 3533 Quocirca

735 3555 997 3627 incipiens
1026 3556 1102 3609 sic
1131 3554 1259 3610 dicit
1290 3572 1302 3608 :
1331 3554 1385 3608 2.
1421 3553 1637 3608 Domine
1669 3554 1806 3609 Deus
1835 3571 1973 3609 metu
1998 3551 2010 3619 ζ
2039 3557 2092 3609 in
2133 3567 2180 3610 te
2197 3575 2329 3629 ιρι-η

730 3648 1073 3712 rasi,saluum
1118 3663 1196 3701 me
1241 3649 1344 3717 [ιιι.
1393 3644 1508 3700 Non
1561 3646 1612 3698 in
1652 3645 1833 3711 Cbusi,
1870 3662 1970 3703 nec
1996 3649 2046 3701 itt
2085 3648 2316 3704 humana

729 3740 1009 3808 sapientia.
1040 3753 1139 3792 nec
1161 3738 1211 3791 in
1236 3737 1375 3792 illius
1392 3736 1692 3807 prudentia,
1728 3752 1825 3792 nec
1846 3738 1897 3791 in
1928 3753 2049 3794 meo
2069 3741 2312 3803 consilio,

731 3830 847 3895 sed,
875 3827 941 3883 In
973 3839 1037 3884 te.
1070 3828 1142 3882 Ita
1174 3843 1272 3882 nos
1288 3829 1447 3881 etiam
1480 3826 1752 3888 faciamus,
1782 3828 1989 3882 etiamsi
2024 3845 2117 3897 pcr
2138 3828 2315 3883 hami-

732 3936 827 3977 nes
873 3936 901 3974 a
942 3921 1093 3976 nobis
1140 3918 1337 3989 aliquid
1388 3918 1639 3988 prxcclare
1668 3929 1915 3989 geratur,
1968 3921 2076 3975 Deo
2119 3923 2317 3991 gratias

732 4028 971 4083 agamus,
994 4022 1098 4066 tam
1126 4027 1222 4080 pro
1245 4012 1307 4067 iis
1336 4027 1454 4082 qua:
1475 4026 1570 4081 per
1592 4025 1709 4074 nos,
1738 4000 1899 4082 quam
1927 4029 2045 4082 qua-
2064 4032 2158 4083 per
2182 4016 2315 4071 alios

733 4103 889 4157 nobis
909 4110 1202 4157 evenerunt
1227 4101 1517 4155 beneﬁciis.
1542 4100 1595 4155 Si
1617 4103 1757 4155 enim
1786 4102 1857 4155 ita
1881 4103 2153 4170 faciamus,
2182 4107 2312 4162 nihil

733 4194 835 4247 erit
861 4206 1042 4261 grave,
1077 4206 1174 4245 nec
1202 4189 1456 4255 diflicile;
1487 4190 1627 4261 qttod
1655 4193 1815 4246 etiam
1858 4190 2083 4249 faciebat
2124 4196 2311 4263 David,

729 4284 1112 4355 pt'd‘pcttltltlttm
1140 4283 1322 4337 dicens
1351 4300 1363 4334 :
1393 4281 1506 4336 Non
1556 4283 1608 4337 itt
1651 4283 1825 4338 verbis
1849 4282 2008 4341 Cltusi
2053 4287 2314 4345 habebam

732 4393 879 4445 spem
912 4375 1134 4441 salutis,
1181 4374 1272 4429 sed
1314 4376 1364 4426 in
1414 4362 1504 4428 tuo
1542 4375 1765 4430 auxilio.
1798 4376 1927 4432 Vide
1975 4388 2152 4434 autem
2192 4395 2313 4435 cum

732 4483 925 4541 quanta
972 4469 1202 4538 loquitur
1254 4466 1573 4531 affectione,
1623 4467 1762 4523 sicut
1809 4468 1944 4522 solet
1971 4468 2165 4527 facere.
2200 4471 2315 4529 Non

732 4563 872 4617 cnim
903 4560 1038 4614 dixit
1068 4577 1081 4609 .-
1117 4558 1335 4613 Domine
1369 4558 1507 4627 Deus
1536 4577 1547 4611 :
1580 4558 1697 4622 sed,
1727 4558 1945 4614 Domine
1984 4559 2118 4616 Deus
2144 4580 2282 4620 meus
2294 4582 2315 4631 ;

730 4663 785 4709 et
810 4653 931 4707 alibi
956 4695 971 4714 ,
1019 4651 1184 4716 Deus,
1228 4648 1367 4704 Deus
1392 4667 1559 4716 mens,
1586 4651 1656 4703 ad
1680 4661 1728 4705 te
1746 4652 1810 4705 de
1829 4650 1941 4705 luce
1965 4652 2115 4721 vigilo
2143 4635 2311 4727 (Ρωι.

731 4746 818 4800 62.
852 4746 931 4815 2).
964 4744 1175 4799 Etenim
1204 4758 1324 4799 eum
1351 4744 1600 4799 omnibus
1622 4759 1838 4816 eoopus
1866 4743 2088 4801 habebat
2122 4763 2135 4800 :
2169 4763 2317 4803 seor-

730 4852 847 4893 sum
874 4851 1051 4893 antetn
1079 4853 1142 4892 ac
1167 4838 1452 4913 separatim
1481 4848 1697 4907 propter
1721 4836 1925 4907 insigne
1968 4838 2311 4897 desiderium.

733 4930 806 4987 Ita
836 4932 996 4999 ctiam
1029 4931 1167 4985 Dens
1197 4930 1298 4985 hoc
1328 4930 1500 5001 ipsum
1527 4927 1673 4991 facit
1692 4930 1743 4984 in
1778 4929 1937 4999 justis
1958 4974 1971 4993 ,
2015 4941 2069 4986 et
2098 4950 2217 4988 cum
2247 4936 2315 4988 sit

731 5025 968 5077 omnium
1000 5023 1173 5088 licus,
1206 5037 1265 5076 se
1306 5008 1439 5077 dicit
1463 5022 1750 5091 separatim
1796 5037 1915 5077 esse
1952 5022 2117 5079 Deum
2144 5024 2314 5094 justo-

733 5130 874 5169 rnm.
915 5113 1022 5183 Ego
1046 5112 1183 5167 Deus
1211 5113 1467 5179 Abraham
1487 5153 1501 5179 ,
1535 5123 1581 5166 et
1608 5110 1744 5167 Deus
1768 5109 1919 5167 Isaac
1940 5156 1956 5178 ,
1991 5125 2035 5167 et
2064 5113 2202 5169 Deus
2220 5114 2317 5169 Ja—

733 5206 823 5258 cob
848 5205 865 5272 (
888 5203 1053 5258 Exod.
1079 5204 1130 5258 5.
1164 5201 1252 5275 6}.
1290 5202 1418 5258 \iitle
1442 5210 1620 5258 autem
1662 5202 1777 5272 cjns
1808 5205 2143 5274 sapientiam.
2180 5206 2314 5263 Cum

732 5294 972 5359 dixisset,
1004 5293 1219 5348 Domine
1245 5293 1379 5348 Deus
1402 5310 1563 5357 utens,
1585 5295 1639 5347 in
1659 5304 1707 5349 te
1731 5296 1926 5364 sperari
1959 5310 1978 5349 :
2002 5310 2106 5351 non
2137 5297 2272 5352 dixit
2297 5339 2312 5359 ,

702 5384 869 5459 fl‘uni
920 5384 1165 5447 hostem,
1200 5386 1324 5440 tolle
1366 5384 1433 5441 de
1473 5385 1650 5440 medio
1694 5386 1965 5442 inimicum
1997 5404 2011 5441 :
2039 5389 2133 5445 sed
2173 5391 2315 5462 quod

731 5489 888 5531 suum
914 5485 994 5533 est
1024 5484 1226 5545 tantum
1255 5477 1462 5545 quaerit,
1490 5486 1545 5530 et
1567 5475 1697 5531 dicit
1720 5475 1963 5533 :Saltmm
1985 5495 2064 5533 me
2084 5482 2187 5553 fac,
2214 5480 2316 5540 hoc

733 5576 851 5629 est,
884 5567 1256 5636 nepermittas
1284 5578 1341 5621 ut
1384 5567 1521 5643 male
1549 5568 1735 5638 patiar,
1778 5569 1843 5622 ab
1873 5570 2104 5626 omnibus
2143 5589 2315 5641 perse-

734 5658 994 5725 quentibus
1037 5672 1116 5711 me
1137 5698 1151 5723 ,
1204 5666 1251 5711 et
1280 5658 1436 5713 libera
1482 5650 1578 5713 me.
1623 5658 1756 5715 Vide
1783 5662 2049 5730 quomodo
2080 5679 2148 5718 ne
2177 5665 2317 5739 male

794 5791 871 5852 (a)
910 5792 992 5841 Hic
1029 5793 1256 5844 multis
1302 5792 1397 5844 labi
1421 5776 2033 5860 videmr__t;hrysostou'tus;
2079 5811 2187 5849 nam
2212 5798 2317 5851 hate

736 5860 884 5903 verba
906 5865 1140 5918 nusquam
1162 5864 1443 5919 compareat
1464 5856 1513 5907 in
1536 5856 1715 5909 niblits.

2436 534 2650 603 quidem
2689 538 2931 607 patiens,
2970 541 3283 608 nominatim
3330 538 3571 596 meminit
3616 540 3935 611 parricidae.
3978 551 4031 597 et

2437 638 2683 685 naturam
2702 631 2765 686 in
2793 631 3097 688 calamitate
3116 646 3416 704 agnoscens
3440 674 3455 697 ,
3500 642 3556 688 et
3592 634 3643 687 itt
3672 632 3815 688 bello
3857 634 4030 702 respi-

2433 721 2583 775 ciens
2616 721 2804 786 lilium,
2827 733 2883 777 et
2909 724 2962 778 in
2985 724 3235 795 periculis
3260 739 3366 780 non
3388 723 3712 781 obliviscens
3738 726 4030 781 viscerum.

2434 807 2603 866 Tanl‘l
2633 820 2749 867 erat
2774 812 2824 866 in
2855 812 2993 867 illius
3020 814 3193 883 pietas
3221 822 3277 869 et
3295 815 3491 870 caritas
3511 854 3527 880 ,
3572 816 3651 868 vel
3678 816 3854 885 potius
3886 826 4029 871 tanta

2432 908 2549 954 erat
2571 900 2689 971 ejus
2710 900 3071 972 philosophia.
3100 901 3217 958 Non
3239 903 3382 960 enim
3411 905 3650 976 tyrannis
3679 916 3909 971 naturr,
3939 909 4031 960 sed

2434 994 2595 1048 animi
2626 994 2803 1064 potius
2844 995 3200 1051 mansuetudo
3244 1013 3368 1052 eum
3421 998 3582 1053 talem
3636 997 3934 1059 reddebat.
3981 1007 4033 1052 ct

2433 1084 2552 1153 plus
2598 1085 2857 1141 exercitui
2901 1086 3235 1156 imputabat,
3286 1103 3445 1160 quam
3487 1098 3767 1160 tyranno:
3814 1099 3872 1145 et
3912 1089 4034 1144 ideo

2431 1176 2561 1233 dicit
2590 1193 2603 1228 :
2638 1176 2854 1232 Saluum
2882 1195 2961 1232 me
2985 1181 3070 1250 {ac
3092 1180 3157 1234 ab
3180 1176 3411 1235 omnibus
3430 1182 3841 1252 persequentibus
3857 1197 3960 1244 nte,
3985 1192 4033 1236 et

2429 1263 2584 1319 libera
2623 1282 2723 1321 tne.
2773 1268 2905 1325 \‘ide
2942 1269 3223 1339 quomodo
3273 1285 3379 1325 nou
3425 1271 3715 1345 admodum
3767 1272 4034 1328 invidiose

2429 1358 2675 1413 meminit
2696 1359 2954 1415 illorum?
2996 1359 3113 1417 Non
3137 1362 3284 1416 enim
3310 1361 3489 1429 dixit,
3542 1362 3620 1417 Ex
3663 1362 3730 1417 iis
3757 1363 3848 1433 qui
3900 1363 4033 1417 mihi

2428 1447 2627 1503 bellum
2660 1448 2913 1513 inferunt,
2946 1465 3015 1507 ex
3044 1452 3109 1507 iis
3148 1450 3240 1523 qui
3282 1466 3403 1506 mea
3431 1449 3710 1521 diripiunt,
3751 1468 3817 1508 ex
3847 1452 3918 1508 iis
3941 1453 4033 1522 qui

2427 1552 2525 1608 per
2549 1553 2813 1595 summam
2858 1541 3133 1598 libidinem
3170 1556 3305 1598 meae
3337 1542 3498 1615 regis
3528 1543 3825 1607 insultant,
3874 1554 3926 1599 ct
3973 1558 4032 1599 se

2425 1633 2677 1689 omnibus
2701 1635 2918 1705 explent
2948 1635 3309 1706 voluptatibus
3339 1652 3351 1690 :
3382 1634 3476 1691 sed
3496 1676 3511 1701 ,
3553 1634 3598 1691 Δ
3617 1637 4034 1707 persequentibus

2425 1738 2522 1777 me.
2544 1723 2599 1780 3.
2630 1723 2713 1780 Ne
2745 1726 2953 1796 quando
2984 1728 3153 1795 rapiat
3187 1736 3243 1781 ut
3267 1725 3347 1780 leo
3388 1726 3613 1785 animm
3655 1743 3863 1786 meant.
3903 1726 4032 1781 dunt

2426 1831 2525 1871 non
2554 1825 2627 1871 est
2653 1817 2738 1887 qui
2761 1817 3016 1885 redimat,
3062 1832 3222 1885 neque
3267 1816 3356 1888 qui
3396 1816 3594 1871 solm
3631 1816 3811 1885 faciat.
3863 1818 4033 1888 Atqut

2426 1909 2642 1980 collegit
2683 1906 3015 1975 exercitum,
3056 1919 3112 1962 et
3154 1907 3353 1963 multos
3398 1921 3579 1963 secum
3622 1907 3804 1964 habuit
3837 1923 3854 1961 :
3888 1923 4028 1978 quo-

2426 2001 2587 2056 modo
2619 2016 2747 2072 ergo
2781 2000 2911 2056 dicit
2944 2019 2958 2055 :
2992 1999 3131 2054 Dum
3162 2017 3262 2054 non
3288 2010 3360 2055 est
3379 2000 3466 2070 qui
3486 2001 3721 2062 redimat.
3749 2017 3915 2071 neque
3940 2002 4030 2072 qui

2424 2093 2617 2147 saluum
2644 2094 2797 2165 faciat
2816 2094 2843 2147 2
2865 2093 3129 2161 Quoniam
3157 2108 3227 2148 ne
3252 2092 3560 2148 universum
3589 2093 3807 2163 quidem
3831 2094 4026 2151 orbem

2424 2191 2689 2239 terrarum
2714 2184 2898 2239 auxilii
2923 2185 3043 2239 loco
3073 2184 3255 2251 habet,
3288 2185 3390 2239 nisi
3418 2200 3575 2257 opem
3596 2186 3832 2241 divinam
3866 2185 4030 2242 fuerit

2423 2283 2764 2345 asscquutus,
2794 2290 2893 2330 nec
2917 2291 2977 2330 se
2997 2291 3116 2331 esse
3138 2275 3284 2331 ducit
3305 2276 3361 2330 in
3385 2276 3694 2343 solitudine,
3726 2277 3849 2334 licet
3873 2279 4029 2334 solas

2425 2367 2530 2431 sit,
2583 2368 2629 2421 si
2658 2367 2726 2421 sit
2756 2367 2897 2421 illius
2926 2366 3106 2422 auxilii
3158 2366 3445 2437 particeps.
3497 2367 3561 2421 Et
3604 2368 3726 2423 ideo
3769 2368 4026 2437 dicebat,

2429 2455 2553 2512 Non
2591 2458 2818 2512 soluatur
2841 2472 2933 2511 rea:
2976 2474 3065 2527 per
3106 2456 3315 2511 multant
3348 2458 3653 2527 potentiam,
3680 2468 3727 2512 et
3749 2460 3895 2530 gigas
3922 2476 4028 2515 non

2425 2549 2699 2604 saloabitttr
2734 2549 2787 2603 in
2826 2550 3145 2603 multitudine
3188 2550 3384 2603 virtutis
3423 2567 3531 2605 sua:
3566 2550 3739 2621 (Psal.
3780 2551 3871 2606 52.
3903 2551 4024 2621 ιδ).

2424 2638 2672 2694 Nonnulli
2712 2651 2887 2695 autem
2931 2639 3032 2694 hoc
3073 2640 3271 2695 dictqu
3321 2642 3615 2713 anagogice
3661 2642 4025 2713 accipientes.

2426 2732 2634 2788 lecttcm
2664 2742 2716 2787 et
2744 2745 3126 2802 persequentes
3154 2733 3339 2787 dicunt
3365 2748 3485 2788 esse
3510 2734 3780 2788 diabolum
3823 2744 3877 2789 et
3904 2734 4025 2789 da:-

2425 2839 2634 2879 mones.
2674 2823 2936 2890 Quoniam
2969 2824 3111 2878 cuitu
3144 2824 3353 2879 videbat
3382 2824 3548 2878 ﬁlium
3573 2826 3640 2879 ab
3666 2826 3781 2893 ipso
3807 2835 4022 2894 raptum

2423 2926 2476 2970 et
2506 2916 2818 2973 devoratum
2847 2957 2861 2981 ,
2896 2926 3046 2985 rogat
3090 2931 3153 2969 ne
3194 2916 3419 2985 idipsum
3453 2932 3666 2987 quoque
3702 2916 3750 2970 ci
3780 2915 4021 2983 accidat,

2422 3017 2477 3061 et
2501 3007 2631 3061 dicit
2658 3009 2817 3061 etiam
2856 3022 3072 3062 causam
3124 3016 3339 3078 propter
3383 3022 3543 3079 quam
3572 3009 3674 3063 hoc
3698 3008 3774 3063 illi
3799 3007 4021 3065 accidit.

2422 3096 2676 3165 Quonam
2700 3106 2781 3152 est
2808 3109 2981 3152 autem
3006 3096 3208 3152 causa?
3236 3098 3461 3167 Propter
3481 3099 3791 3169 nequitiam,
3822 3100 4021 3170 inquit,

2422 3205 2451 3242 a
2484 3205 2542 3244 se
2576 3190 2665 3243 Dei
2695 3189 2947 3245 auxilium
2976 3190 3189 3245 avertit.
3219 3188 3504 3257 Propterea
3531 3188 3659 3243 dicit
3685 3231 3701 3256 ,
3748 3188 3882 3242 Dum
3914 3206 4023 3244 non

2422 3292 2495 3335 est
2520 3282 2604 3349 qui
2633 3280 2846 3333 redimat
2867 3323 2880 3345 ,
2912 3297 3070 3351 neque
3099 3281 3183 3349 qui
3206 3280 3401 3333 solrum
3430 3280 3607 3349 faciat.
3652 3279 3805 3347 Quod
3834 3289 4020 3336 autem

2422 3371 2507 3426 leo
2538 3372 2743 3426 dicatur
2767 3373 3013 3425 diabolus
3033 3415 3045 3434 ,
3086 3371 3207 3425 audi
3236 3386 3300 3425 ex
3332 3372 3606 3441 Scriptura
3633 3414 3648 3436 ,
3691 3387 3810 3442 qua:
3838 3371 3973 3429 dicit
4002 3392 4018 3430 :

2422 3459 2669 3515 Inimicus
2710 3472 2867 3515 vester
2909 3460 3138 3514 diabolus
3184 3462 3415 3514 circumit
3467 3470 3524 3521 ut
3567 3461 3647 3515 leo
3686 3459 3928 3533 rugiens,
3970 3473 4023 3519 et

2421 3572 2649 3626 qna'rens
2678 3572 2821 3624 quem
2866 3556 3061 3607 deuoret
3090 3556 3167 3623 (l.
3206 3551 3317 3607 Pet.
3351 3554 3406 3608 5.
3435 3552 3513 3625 8).
3543 3553 3679 3620 Quin
3709 3556 3868 3610 etiam
3900 3557 4022 3627 ipse

2424 3648 2679 3719 pr0plteta
2708 3645 2836 3701 dicit
2864 3645 2988 3699 alibi
3025 3662 3037 3696 :
3086 3643 3153 3697 Et
3192 3646 3508 3699 conculeabis
3538 3646 3729 3699 leonem
3759 3656 3805 3699 et
3833 3647 4023 3701 draco-

2422 3756 2536 3794 nem
2572 3738 2742 3810 (Psal.
2774 3734 3009 3809 90,15).
3055 3738 3148 3790 Est
3174 3738 3314 3791 enim
3344 3736 3518 3791 bellua
3564 3737 3878 3807 multiplex;
3920 3739 4021 3795 sed

2423 3832 2467 3885 si
2498 3830 2851 3899 sapuerimus,
2883 3828 2969 3882 hic
2994 3829 3080 3883 leo
3104 3838 3154 3882 et
3184 3827 3345 3882 draco
3364 3828 3469 3882 erit
3492 3829 3683 3899 quovis
3706 3829 3816 3885 luto
3835 3829 4019 3898 vilior,

2422 3938 2521 3979 nec
2566 3922 2822 3977 adversus
2869 3935 2967 3975 nos
2994 3928 3181 3989 aperto
3235 3928 3403 3974 marte
3454 3919 3650 3992 diriget
3686 3921 3855 3977 aciem
3882 3938 3902 3977 :
3933 3924 4021 3979 sin

2420 4023 2599 4068 autem
2628 4012 2918 4078 direxerit,
2964 4010 3384 4066 conculcabitur.
3416 4010 3684 4066 Ambulale
3703 4012 3845 4067 enim
3865 4053 3882 4079 ,
3930 4014 4021 4068 in-

2419 4105 2555 4174 quit,
2579 4120 2730 4174 super
2756 4114 3009 4171 serpentes
3034 4111 3081 4156 et
3109 4103 3398 4173 scorpiones
3422 4100 3585 4176 (Luc.
3618 4102 3703 4157 ω.
3735 4102 3803 4158 l9
3823 4102 3866 4176 ).
3893 4104 4022 4161 Cir-

2421 4198 2590 4254 cuntit
2627 4196 2769 4251 enim
2814 4195 3064 4250 incensus
3102 4194 3176 4248 ira
3219 4204 3491 4270 tamquam
3522 4194 3638 4263 leo;
3691 4195 3786 4252 scd
3833 4198 3876 4252 si
3920 4213 4021 4257 eos

2422 4288 2675 4345 invaserit
2702 4289 2792 4359 qui
2818 4286 3091 4344 Christum
3124 4287 3320 4343 habent
3339 4328 3353 4350 ,
3397 4298 3449 4343 et
3475 4303 3687 4344 crucem
3717 4288 3769 4344 in
3796 4288 3975 4348 fronte
3999 4333 4016 4358 ,

2420 4392 2476 4445 et
2504 4382 2679 4452 ignem
2707 4378 2967 4451 Spiritus,
3020 4389 3076 4433 et
3114 4378 3415 4448 lampadem
3442 4396 3562 4451 qua:
3603 4397 3889 4451 numquam
3921 4401 4019 4439 ex-

2422 4473 2725 4546 stinguitur,
2753 4486 2823 4527 ne
2852 4470 3343 4541 quidemattollere
3374 4471 3559 4525 oculos
3581 4484 3766 4527 contra
3795 4475 4015 4541 poterit,

2420 4566 2516 4623 sed
2544 4580 2698 4622 verso
2726 4576 2876 4636 tergo
2905 4564 3138 4632 recedet,
3172 4574 3238 4619 ne
3272 4565 3513 4620 converti
3540 4565 3754 4636 quidem
3786 4566 4015 4623 audens.

2421 4658 2489 4713 Et
2517 4672 2584 4713 ne
2606 4657 2779 4711 inania
2802 4666 2855 4711 ct
2881 4670 3013 4711 vana
3044 4666 3198 4724 putes
3221 4656 3387 4711 verba
3409 4670 3528 4712 esse
3555 4674 3674 4726 qua:
3700 4657 3839 4713 dicta
3861 4670 4014 4727 sunt,

2418 4748 2697 4805 considera
2728 4748 2854 4800 mihi
2890 4748 3131 4802 Paulum.
3162 4746 3293 4800 Nam
3318 4746 3432 4815 ipse
3451 4762 3665 4818 quoque
3685 4750 3849 4805 homo
3869 4762 4013 4817 erat,

2422 4839 2512 4899 sed
2540 4853 2662 4893 eum
2692 4838 2762 4891 ita
2806 4840 2889 4900 leo
2914 4838 3013 4891 iste
3045 4838 3487 4906 pertimescebat,
3520 4848 3576 4893 ut
3614 4847 3791 4897 vestes
3816 4839 3935 4911 ejus
3961 4851 4019 4897 et

2420 4931 2664 4998 umbram
2704 4929 2931 5000 fugeret.
2967 4930 3152 4983 Merito
3186 4947 3198 4982 :
3246 4929 3443 4985 Christi
3486 4932 3629 4986 enim
3669 4931 4015 5005 ft'agtantiam

2418 5038 2485 5079 ex
2515 5040 2580 5077 co
2608 5025 2899 5091 spirantem
2933 5031 2986 5076 ct
3010 5022 3390 5077 ascendentem
3439 5038 3543 5077 non
3586 5023 3783 5080 ferebat
3806 5066 3823 5092 ,
3863 5036 3919 5082 et
3945 5029 4015 5083 ad

2420 5114 2719 5186 lampadem
2748 5112 2961 5167 virtutis
2990 5098 3257 5182 respicere
3295 5130 3402 5168 non
3446 5124 3675 5185 poterat.
3708 5116 3762 5172 4.
3793 5114 4017 5173 Domine

2424 5208 2558 5264 Deus
2594 5224 2734 5262 meus
2756 5247 2771 5272 ,
2818 5206 2863 5260 si
2904 5205 3000 5279 {eti
3045 5206 3204 5271 istud,
3233 5206 3278 5260 si
3316 5217 3388 5260 est
3418 5206 3656 5277 iniquitas
3690 5207 3743 5261 in
3781 5207 4018 5264 manibus

2422 5300 2563 5354 meis.
2608 5298 2724 5355 lloc
2756 5306 3010 5368 perpetuo
3054 5297 3376 5355 servandum
3407 5307 3526 5361 est,
3578 5308 3635 5353 ut
3666 5315 3771 5353 non
3812 5299 4019 5354 solutu-

2421 5392 2581 5459 modo
2603 5404 2820 5446 oremus
2839 5430 2854 5451 ,
2887 5387 2979 5444 sed
3006 5389 3072 5443 ita
3098 5380 3315 5444 oremus
3332 5429 3348 5455 ,
3377 5390 3614 5442 utetiam
3644 5389 4015 5447 exaudiamttr.

2418 5482 2536 5539 Non
2565 5485 2708 5539 enim
2756 5481 2955 5538 suflicit
2984 5483 3156 5537 oratio
3181 5482 3246 5535 ad
3278 5481 3619 5538 efttciendtnn
3659 5481 3709 5536 id
3755 5482 3895 5552 quod
3932 5494 4018 5539 est

2421 5573 2775 5644 propositum,
2808 5574 2908 5628 nisi
2942 5575 3013 5629 ita
3036 5588 3153 5629 eam
3185 5572 3669 5643 composuerintus,
3700 5582 3754 5625 ut
3787 5573 3895 5629 Deo
3919 5589 4015 5628 ac-

2420 5674 2574 5735 Cepta
2604 5666 2692 5718 sit.
2723 5662 2858 5719 Nam
2890 5666 3061 5720 oravit
3087 5664 3249 5719 etiam
3285 5663 3606 5725 Pharisarus,
3640 5670 3696 5718 et
3719 5677 3843 5719 eum
3880 5665 4015 5721 nihil

2416 5758 2555 5828 juvit
2581 5754 2723 5827 (Id-
2756 5757 2843 5814 l8.
2900 5758 3043 5830 10);
3074 5768 3129 5814 et
3181 5757 3352 5814 Judaei
3401 5771 3585 5812 rursus
3622 5764 3847 5812 orarunt
3869 5796 3887 5823 ,
3917 5758 4013 5813 sed

2420 5850 2698 5908 orantibus
2737 5851 2869 5923 ipsis
2906 5851 3046 5909 Deus
3089 5852 3427 5909 avertebatur
3478 5848 3632 5921 (lsai.
3674 5848 3720 5904 Ι.
3757 5848 3848 5917 15)
3872 5866 3891 5906 :
3917 5868 4012 5908 ne-
