4178 6418
805 389 872 444 87
1557 390 1614 443 S.
1654 384 1927 443 JOAN‘SIS
1960 382 2393 442 οιιιιγεοδτοιι

2499 380 2787 439 tRCHIEP.
2825 372 3363 438 CONSTANTINOP.
3996 385 4063 437 83

802 506 985 576 mjori
1028 502 1289 574 supplicio
1318 501 1383 556 lis
1419 501 1507 571 qui
1541 509 1759 570 peccant
1785 501 1836 554 in
1867 500 2011 571 lege.
2042 499 2120 553 sic
2144 498 2328 552 dicens
2354 513 2369 550 :

802 596 906 661 Qui
944 595 1142 649 irritum
1187 595 1301 666 fecit
1342 593 1499 663 tegent
1528 590 1721 658 locis,
1746 592 1862 655 sine
1900 590 2243 645 misericordia
2282 590 2376 644 sub

801 688 997 741 duobus
1020 684 1102 739 uel
1126 684 1279 737 tribus
1298 684 1501 737 testibus
1530 682 1739 736 moritur
1765 697 1785 737 :
1811 691 1997 752 quanto
2014 722 2031 749 ,
2057 678 2269 747 putatis,
2290 681 2379 733 de-

805 774 977 829 teriori
1015 773 1264 844 supplicio
1307 773 1491 844 dignas
1532 771 1794 826 habebitur
1817 771 1904 842 qui
1919 771 2119 828 Filium
2135 768 2231 825 Dei
2253 786 2367 824 con-

803 864 1017 918 culcerit
1035 904 1051 927 ,
1076 874 1123 918 ct
1146 863 1437 935 sanguinem
1476 862 1755 916 testamenti
1792 877 2104 916 communem
2125 861 2369 915 existima-

806 958 874 1009 uit
903 956 1085 1029 (Hebr.
1117 956 1203 1011 ιο.
1231 955 1323 1011 28.
1343 952 1462 1025 29)?
1490 954 1553 1009 Et
1581 970 1781 1020 rursus,
1810 967 1907 1008 eos
1931 952 2021 1023 qui
2040 964 2164 1008 ante
2186 953 2379 1023 legem,

809 1048 876 1103 lis
893 1048 982 1118 qui
1012 1047 1063 1101 in
1102 1048 1219 1117 lege
1245 1045 1559 1116 transgressi
1582 1054 1725 1112 sunt,
1771 1043 1963 1099 minori
2000 1043 2262 1114 supplicio
2300 1043 2383 1099 di-

808 1151 941 1209 gnos
963 1151 1085 1193 esse
1102 1138 1411 1204 ostendens,
1437 1138 1762 1206 Quicumque,
1788 1136 1977 1207 inquit,
2004 1135 2116 1191 sine
2136 1136 2245 1206 legs
2269 1150 2386 1205 pec-

808 1236 1048 1282 cauerunt
1068 1267 1085 1292 ,
1115 1228 1222 1282 sine
1254 1228 1364 1299 tege
1408 1227 1637 1297 peribant
1679 1226 1853 1297 (Rom.
1889 1226 1943 1282 2.
1978 1224 2102 1297 12);
2132 1225 2233 1281 hoc
2259 1235 2344 1281 est
2366 1266 2381 1291 ,

812 1316 1013 1382 mitius,
1043 1326 1101 1372 ut
1124 1318 1212 1389 qui
1243 1317 1412 1388 legem
1453 1332 1557 1371 non
1587 1316 1818 1373 habeant
1842 1316 2221 1373 accusatrieem
2245 1357 2262 1383 ,
2287 1315 2385 1373 sed

810 1414 1282 1463 natuanth
1308 1423 1322 1461 :
1352 1406 1665 1475 Quicumque
1688 1414 1854 1461 autern
1878 1407 1932 1460 ia
1958 1408 2065 1481 legs
2089 1415 2385 1477 munt,

812 1496 1483 1568 per-legaujudicubuntur;
1513 1497 1615 1552 hoc
1638 1508 1721 1553 est
1738 1539 1756 1565 ,
1784 1498 2039 1555 habentes
2088 1500 2388 1570 graviorem

813 1586 975 1641 etiam
1001 1600 1121 1641 cum
1149 1596 1335 1641 natura
1364 1587 1536 1658 legem
1564 1590 1964 1645 accusatrieem.
2004 1586 2247 1645 Decidern
2278 1605 2389 1643 ate-

810 1676 913 1730 rito
933 1675 997 1729 ab
1038 1677 1254 1731 iuiudcis
1295 1678 1418 1734 meis
1452 1679 1643 1734 imis.
1688 1678 1741 1735 6.
1776 1677 2117 1753 Persequar

813 1768 1036 1821 uaiutant
1078 1784 1240 1822 meum
1283 1778 1333 1823 et
1370 1771 1780 1841 comprehendat,
1809 1779 1860 1825 st
1885 1772 2141 1826 conculcet
2169 1773 2231 1827 ia
2255 1782 2392 1827 terra

813 1856 968 1910 uitans
1008 1873 1206 1925 meum,
1241 1858 1529 1930 «glorians
1569 1876 1731 1914 mut
1776 1860 1831 1915 ia
1872 1859 2127 1932 puluerem
2149 1862 2387 1918 dedam.

823 1947 1010 2004 Vidisti
1036 1950 1161 2018 justi
1203 1948 1447 2004 liduciam
1490 1958 1547 2006 et
1562 1950 1815 2021 optimam
1834 1951 2218 2007 conscientiam
2232 1950 2259 2005 ἳ
2279 1951 2393 2007 Nisi

815 2038 960 2093 enim
1003 2040 1158 2095 valde
1194 2039 1295 2095 sibi
1342 2040 1681 2109 conlidiaset,
1714 2056 1821 2111 non
1860 2052 1999 2098 esset
2040 2041 2162 2097 talia
2189 2042 2393 2113 impre-

815 2138 986 2183 catus.

891 2219 1231 2276 Mansuetudo
1249 2221 1483 2279 Doridis.
1510 2252 1581 2264 —
1597 2222 1753 2291 Quod
1779 2232 1957 2279 autem
1982 2224 2113 2281 dicit
2138 2234 2221 2281 est
2242 2225 2391 2296 ejus-

819 2310 964 2366 modi
995 2328 1009 2365 :
1033 2310 1091 2365 Si
1120 2312 1220 2368 l'eci
1249 2313 1496 2384 injuriam
1516 2355 1531 2379 ,
1555 2314 1714 2370 sime
1732 2314 1873 2370 ultus
1900 2329 2041 2381 sum,
2069 2314 2187 2371 haec
2208 2324 2266 2371 et
2303 2315 2393 2371 illa

815 2404 1011 2473 patiar;
1038 2403 1091 2459 in
1118 2404 1350 2475 seipsum
1375 2404 1479 2462 fert
1502 2406 1842 2470 sentemiam.
1870 2416 1927 2463 et
1954 2423 2059 2463 non
2081 2407 2315 2478 postulat
2336 2416 2395 2463 ut

820 2506 918 2562 pro
937 2492 1096 2548 modo
1120 2494 1197 2549 rei
1215 2493 1505 2565 jndicetur,
1531 2496 1640 2551 imo
1670 2496 1848 2566 potius
1872 2504 1930 2551 ut
1956 2511 2115 2567 supra
2142 2496 2392 2552 meritum

821 2584 934 2638 luat
979 2597 1166 2654 ponas
1194 2602 1207 2639 :
1233 2594 1288 2641 et
1323 2586 1555 2657 seipsnm
1602 2585 1775 2642 reddit
1811 2587 1886 2642 illi
1930 2587 2191 2658 supplicio
2225 2586 2396 2641 obno-

820 2673 965 2728 xium
985 2714 1003 2737 ,
1030 2688 1060 2727 a
1087 2687 1197 2744 quo
1237 2675 1409 2743 ipsum
1439 2674 1521 2731 les
1566 2675 1831 2746 prohibet.
1858 2674 1990 2731 Vide
2018 2686 2195 2731 autem
2220 2674 2394 2748 quod-

818 2776 942 2817 nam
964 2763 1035 2817 sit
1062 2762 1191 2818 illud
1222 2781 1235 2818 :
1263 2762 1535 2833 Decium,
1563 2767 1764 2837 inquit,
1788 2765 1853 2821 ub
1879 2766 2095 2821 inimicis
2125 2772 2252 2821 meis
2282 2768 2396 2822 ina-

819 2855 919 2909 nis.
961 2854 1298 2923 Persequitur
1325 2857 1559 2912 ininticus
1601 2860 1823 2912 animum
1862 2873 2025 2911 meum
2048 2898 2064 2923 ,
2089 2868 2136 2911 et
2169 2874 2396 2927 compre-

818 2947 1041 3012 hendat,
1066 2956 1120 3001 et
1142 2949 1400 3003 conculcet
1434 2948 1490 3003 in
1517 2957 1649 3002 terra
1685 2949 1839 3003 vitam
1881 2964 2077 3013 meum,
2109 2958 2156 3003 et
2177 2949 2396 3019 glorians

818 3054 982 3092 nteant
1005 3038 1057 3093 in
1083 3039 1336 3109 pulverem
1354 3039 1588 3095 deducat.
1620 3039 1733 3096 Hoc
1759 3050 1863 3107 est,
1890 3039 1972 3095 He
1999 3041 2277 3111 inglorium
2297 3080 2313 3106 ,
2341 3049 2399 3096 et

820 3130 977 3185 bona:
1000 3129 1153 3186 iamut
1172 3140 1228 3186 et
1254 3131 1663 3187 existimationis
1689 3141 1964 3201 expertem
1991 3130 2213 3202 perdat,
2239 3140 2294 3185 et
2319 3130 2397 3184 si-

821 3220 935 3275 mul
962 3234 1083 3276 cum
1113 3221 1217 3275 vita
1261 3236 1380 3277 mea
1424 3236 1597 3277 meam
1634 3236 1845 3293 quoque
1873 3223 2096 3293 gloriam
2134 3222 2394 3277 destruat.

818 3310 957 3379 Quid
981 3320 1085 3377 est,
1109 3311 1177 3367 Et
1202 3314 1419 3385 glorians
1459 3331 1621 3369 nteant
1644 3315 1697 3369 iu
1718 3316 1972 3383 pulverem
1995 3315 2212 3370 deducat
2231 3317 2258 3370 2
2283 3316 2398 3370 llu-

819 3404 1010 3471 miliet,
1036 3405 1312 3462 conculcet
1340 3423 1354 3459 :
1386 3405 1621 3474 Eiliciar,
1655 3407 1845 3477 inquit,
1877 3408 2010 3462 meis
2040 3408 2271 3462 Inimicis
2298 3423 2397 3462 ex-

819 3501 1053 3565 pugnatu
1073 3494 1260 3551 facilis.
1282 3496 1419 3562 Quid
1443 3499 1610 3566 possit
1632 3512 1751 3553 esse
1770 3498 2038 3553 Absalone
2061 3499 2395 3565 sceleratius,

818 3587 911 3656 qui
938 3597 1161 3657 patrem,
1192 3598 1247 3644 et
1275 3592 1432 3645 talem
1456 3600 1679 3661 patrem,
1700 3592 1834 3648 adeo
1860 3600 2193 3649 mansuetum
2214 3601 2270 3649 et
2294 3593 2397 3647 mi-

820 3685 929 3731 tem
955 3680 1392 3750 persequebatur,
1423 3696 1544 3737 cum
1564 3692 1705 3738 esset
1724 3682 2038 3753 impudicus,
2070 3683 2317 3753 petulans
2345 3691 2401 3738 et

819 3770 1261 3825 contumeliosus?
1286 3770 1426 3839 Quid
1454 3774 1622 3843 ergo?
1646 3788 1771 3827 num
1798 3774 2031 3829 reddidit
2050 3776 2397 3830 retribuenti-

822 3857 925 3912 bus
962 3858 1013 3912 ei
1061 3860 1199 3915 mala
1219 3862 1242 3912 2
1263 3877 1386 3916 num
1417 3860 1635 3933 injurias
1659 3866 1925 3918 revocavit
1967 3866 2019 3918 in
2046 3866 2400 3920 memoriam?

822 3947 1185 4020 Nequaquam.
1235 3951 1302 4005 Et
1331 3954 1376 4007 si
1419 3951 1809 4010 esaminaveris‘
1852 3956 2028 4011 Saulis
2075 3957 2349 4012 historiam
2379 4000 2395 4025 ,

823 4046 952 4093 tunc
992 4040 1223 4095 maxime
1246 4040 1451 4097 videbis
1490 4043 1635 4099 illam
1663 4059 1849 4101 vocem
1882 4060 2002 4101 esse
2024 4048 2222 4102 claram
2248 4056 2301 4103 et
2332 4048 2398 4103 il-

822 4133 1067 4187 lustrem.
1096 4132 1231 4187 Cum
1258 4133 1399 4188 enim
1421 4150 1542 4190 eum
1562 4177 1578 4201 ,
1610 4136 1702 4207 qui
1729 4147 1847 4208 post
1867 4137 2271 4196 innumerabilia
2300 4142 2397 4197 be-

829 4222 1015 4277 neficia
1040 4264 1058 4291 ,
1093 4234 1149 4279 et
1191 4234 1423 4294 tropa-a,
1452 4236 1507 4281 et
1542 4230 1792 4284 victorias
1832 4230 1882 4285 ei
1931 4230 2178 4301 injuriam
2232 4233 2397 4289 iacie-

825 4320 953 4381 bat,
1004 4314 1224 4370 insidias
1272 4318 1554 4382 tendebat,
1602 4327 1657 4374 et
1707 4320 1942 4390 quotidie
1979 4323 2225 4392 cupiebat
2276 4339 2397 4379 cum

822 4409 892 4465 de
920 4405 1096 4460 medio
1122 4405 1307 4461 tollere
1328 4448 1345 4474 ,
1375 4408 1541 4462 semel
1564 4449 1579 4473 ,
1608 4409 1711 4476 bis,
1740 4418 1836 4476 ter,
1867 4422 1921 4467 et
1954 4428 2097 4483 saepe
2130 4413 2400 4470 dormien-

826 4507 971 4561 tem,
995 4508 1047 4552 et
1068 4508 1333 4569 tamquam
1362 4502 1411 4553 in
1442 4513 1657 4557 carcere
1694 4503 1973 4570 inclusum,
2004 4515 2059 4559 et
2086 4505 2401 4561 satellitibus

832 4589 1140 4643 destitutum
1168 4590 1220 4644 in
1248 4606 1438 4645 manus
1462 4594 1787 4662 accepisset,
1812 4595 2065 4665 multique
2095 4612 2215 4651 eum
2242 4596 2398 4665 jube-

830 4688 951 4734 rent
987 4680 1229 4737 occidere
1273 4695 1326 4737 et
1355 4682 1421 4738 de
1469 4683 1646 4739 medio
1696 4687 1906 4753 tollere,
1952 4687 2000 4741 ei
2042 4688 2315 4757 pepercit,
2350 4698 2402 4743 et

830 4773 960 4825 iram
989 4772 1004 4801 ¹
1033 4774 1189 4839 vicit,
1231 4773 1389 4842 idque
1416 4789 1535 4827 cum
1564 4776 1726 4830 sciret
1760 4790 1848 4841 se,
1879 4778 1924 4831 si
1962 4792 2082 4832 cum
2111 4777 2405 4833 dimitteret

830 4861 1073 4928 hostem,
1101 4874 1154 4918 et
1200 4866 1690 4922 irreconciliabilem
1738 4868 2007 4923 inimicum
2053 4885 2177 4925 esse
2218 4870 2403 4926 dimis-

827 4970 1029 5008 surum.
1075 4954 1180 5010 Sed
1230 4967 1405 5011 tamen
1449 4974 1622 5027 neque
1665 4962 1922 5015 memoria
1970 4961 2400 5030 praeteritorum,

830 5066 927 5103 nec
955 5059 1126 5105 metus
1157 5048 1454 5104 futurorum
1479 5092 1495 5117 ,
1523 5068 1697 5122 neque
1726 5054 1888 5108 ullum
1924 5056 2063 5110 aliud
2095 5056 2357 5126 ejusmodi
2382 5097 2398 5123 ,

830 5158 949 5194 eunt
998 5141 1063 5194 ad
1109 5142 1251 5195 illam
1294 5143 1493 5197 czcdem
1535 5145 1844 5214 patrandam
1892 5147 2143 5216 impulit:
2174 5148 2267 5201 sed
2311 5162 2398 5201 sa-

830 5234 1030 5301 pit-mia
1066 5248 1192 5287 usus
1216 5243 1326 5298 est,
1355 5250 1570 5289 manum
1597 5238 1890 5301 continuit,
1924 5247 1978 5291 et
2004 5238 2133 5291 iram
2158 5237 2399 5293 refrena-

833 5327 937 5388 vit,
992 5326 1277 5394 tnaluitque
1322 5328 1609 5397 periculum
1650 5330 1829 5396 adire,
1876 5331 2081 5385 insidiis
2126 5332 2337 5401 appeti,
2370 5348 2400 5386 a

832 5418 997 5486 patria
1052 5427 1103 5471 ct
1152 5418 1397 5473 libertate
1443 5421 1722 5488 excidere,
1767 5438 1924 5492 quam
1969 5424 2280 5490 inimicum,
2312 5425 2400 5492 qui

830 5510 970 5560 nulla
1001 5510 1065 5563 de
1091 5525 1247 5564 causa
1276 5513 1324 5565 ei
1347 5513 1692 5567 insidiabatur
1720 5556 1734 5579 ,
1774 5515 1862 5585 qui
1893 5524 2011 5585 post
2043 5514 2403 5569 innumerabi-

832 5600 896 5653 lin
941 5602 1195 5655 beneﬁcia
1230 5603 1278 5655 ci
1330 5612 1553 5659 mortem
1594 5606 1928 5675 moliebatur,
1971 5608 2214 5664 occidere
2255 5617 2307 5663 ct
2332 5607 2400 5663 de

893 5776 908 5805 ‘
946 5782 1041 5823 Dtttt
1063 5782 1187 5836 $155.,
1214 5778 1526 5837 desiderium,
1553 5793 1654 5844 pro,
1680 5781 1819 5834 iram.

2486 494 2666 550 medio
2692 492 2900 550 tollere.
2938 494 3011 548 Ea
3036 494 3215 548 multis
3234 509 3446 564 quoque
3474 493 3592 548 aliis
3620 503 3796 563 potest
3818 498 4063 564 cognosci

2482 583 2837 655 philosophus
2861 584 2979 653 ejus
3018 585 3228 639 animus
3254 603 3267 639 :
3291 594 3349 641 et
3393 584 3514 640 ideo
3554 586 3720 640 multa
3745 587 3845 641 sibi
3872 588 4065 657 impre-

2482 683 2657 739 catur,
2688 688 2855 744 eaque
2881 674 3060 744 gravia
3087 689 3152 729 ac
3172 674 3431 741 dil’licilia,
3465 686 3521 731 ut
3549 692 3612 732 re
3640 676 3830 732 infecta
3862 677 4061 741 redeat,

2484 774 2543 820 ιιι
2581 765 2782 822 inimici
2816 766 2899 821 sui
2928 766 3037 820 sint
3063 766 3284 821 omnino
3330 768 3593 832 victores,
3620 777 3679 823 ut
3698 768 3957 823 moriatur
3986 770 4067 822 in-
4100 746 4105 813 λ

2484 856 2687 926 gloritts
2708 896 2725 923 ,
2756 863 2817 910 ut
2862 854 2964 911 hoc
3009 856 3244 928 patiatur
3282 856 3353 911 ab
3398 857 3662 927 inimicis,
3698 858 3843 929 quod
3868 858 4103 914 videtur

2486 962 2608 1004 esse
2631 957 2805 1004 morte
2826 948 2999 1003 multo
3025 950 3280 1020 gravius;
3307 948 3428 1005 ideo
3455 948 3585 1004 nihil
3609 965 3716 1005 non
3745 950 3987 1016 molitur,
4017 964 4072 1005 ιιι

2487 1046 2611 1110 post
2653 1048 2879 1096 mortem
2918 1041 3090 1111 possit
3130 1040 3249 1112 ejus
3292 1056 3577 1113 superesse
3619 1043 3904 1099 memoria.
3947 1040 4107 1119 Videi

2487 1130 2649 1203 igitur
2674 1141 2803 1202 quot
2828 1131 2933 1187 sibi
2964 1133 3290 1203 imprecatnr
3318 1151 3332 1187 :
3366 1141 3423 1187 ιιι
3452 1132 3643 1188 frustra
3673 1133 3907 1199 laboret,
3930 1144 3990 1189 ut
4012 1136 4081 1186 an

2489 1220 2719 1277 inimicis
2752 1223 3012 1291 vine-itur,
3044 1233 3102 1277 ut
3145 1224 3426 1289 moriatur,
3454 1232 3514 1278 ut
3555 1238 3623 1280 ne
3660 1233 3833 1278 morte
3859 1224 4075 1295 quidem
4108 1272 4109 1303 ι

2488 1312 2792 1379 communi,
2820 1324 2881 1368 ut
2917 1314 3036 1384 ejus
3061 1315 3223 1369 etiam
3277 1314 3533 1369 memoria
3563 1313 3828 1381 deleatur,
3857 1324 3917 1368 ut
3958 1330 4075 1369 cum

2490 1405 2780 1475 ignominia
2813 1422 2828 1460 :
2859 1420 2965 1460 non
3008 1414 3086 1461 tot
3125 1416 3181 1460 ct
3205 1413 3353 1460 tanta
3384 1405 3485 1460 sibi
3526 1404 3955 1475 imprecaturus,
3980 1406 4077 1459 ni-i
4108 1400 4109 1413 ‘

2489 1498 2831 1554 conscienti
2856 1499 3203 1553 vehementer
3238 1496 3556 1553 conﬁderet.
3596 1496 3737 1564 Quot
3778 1497 3823 1551 si
3858 1495 3934 1551 illi
3969 1506 4081 1552 erat

2491 1588 2767 1655 inimicus,
2798 1603 2902 1643 non
2940 1596 3116 1659 potest
3154 1590 3205 1644 in
3248 1603 3371 1644 eum
3413 1588 3570 1658 culpa
3609 1576 4074 1657 conterri;nieqna
4110 1658 4111 1667 χ

2492 1681 2635 1737 enim
2665 1680 2780 1751 ipse
2797 1682 3027 1753 prcbuit
3060 1681 3424 1737 occasionem.
3454 1679 3627 1749 Quam
3648 1680 3792 1736 enim
3821 1680 3976 1736 dedit
4019 1681 4075 1732 ti.

2495 1772 2568 1827 lio
2589 1772 2925 1829 occasionem
2944 1771 3019 1843 (2.
3046 1773 3173 1845 Reg.
3214 1773 3303 1829 ιι.
3332 1773 3424 1827 91.
3447 1782 3498 1827 ct
3521 1771 3691 1844 «μιδῖ
3709 1787 3871 1843 quam
3903 1771 4083 1827 Sauli?

2493 1862 2610 1919 Non
2664 1864 2814 1920 illum
2838 1906 2856 1931 ,
2891 1880 3013 1919 cum
3032 1875 3212 1921 snorte
3240 1864 3398 1935 digna
3438 1862 3686 1927 iecisset,
3740 1863 3807 1918 ad
3875 1874 4083 1934 tempus

2495 1956 2810 2027 castigatum
2852 1956 3066 2013 reduxit
3102 1965 3158 2013 et
3182 1956 3415 2012 restituit
3444 1972 3458 2010 :
3485 1954 3628 2011 hunc
3652 1964 3833 2012 autem
3856 1966 4085 2011 mortem

2494 2048 2545 2104 ei
2574 2048 2966 2105 machinantem
2988 2088 3005 2113 ,
3030 2049 3083 2103 in
3105 2062 3293 2103 manus
3311 2062 3437 2103 suas
3477 2061 3624 2118 saepe
3660 2046 3943 2118 delapsum
3970 2062 4085 2101 ser-

2496 2142 2638 2197 vavit
2684 2141 2760 2215 (ι.
2790 2141 2919 2214 Reg.
2948 2142 3040 2198 Bb.
3069 2142 3160 2212 7).
3202 2141 3321 2197 Non
3352 2154 3483 2211 ergo
3509 2139 3717 2210 respice
3745 2154 3811 2194 an
3841 2140 4090 2197 inimicos

2498 2231 2775 2299 habuerit,
2800 2231 2896 2288 sed
2930 2247 3000 2288 an
3040 2247 3135 2287 cos
3176 2231 3291 2302 ipse
3333 2232 3434 2287 sibi
3465 2230 3671 2287 fecerit.
3718 2230 3905 2301 Neque
3943 2232 4087 2287 enim

2498 2323 2743 2379 Christus
2784 2323 2888 2381 hoc
2924 2323 3123 2393 jussit,
3160 2338 3263 2379 nos
3298 2338 3405 2378 non
3453 2322 3653 2378 habere
3683 2322 3967 2389 inimicos,
3994 2322 4087 2378 sed

2498 2429 2607 2470 non
2634 2415 2852 2470 odisse:
2878 2414 2980 2470 hoc
3004 2414 3201 2485 quippe
3237 2424 3321 2469 est
3346 2415 3399 2468 in
3425 2421 3607 2469 nostra
3630 2422 3898 2482 potestate
3917 2456 3931 2478 ,
3960 2412 4086 2467 illud

2504 2518 2628 2559 vero
2672 2503 2911 2559 minime.
2942 2502 3023 2560 Ne
3062 2513 3239 2558 autem
3268 2503 3387 2558 sine
3429 2516 3595 2557 causa
3616 2501 3743 2557 odio
3770 2501 4086 2563 habcamnr,

2498 2606 2607 2648 non
2644 2600 2730 2648 est
2754 2594 2806 2647 in
2855 2601 3037 2649 nostra
3073 2602 3337 2663 potestate
3359 2632 3376 2656 ,
3400 2592 3494 2647 sed
3523 2593 3575 2646 in
3606 2606 3792 2647 eorum
3820 2595 3917 2662 qui
3962 2594 4089 2647 odo-

2499 2693 2645 2740 runt.
2695 2682 2923 2755 lmprobi
2966 2686 3113 2739 enim
3157 2684 3328 2739 bonos
3375 2683 3519 2737 nulla
3567 2686 3788 2737 omnino
3829 2683 3902 2739 de
3929 2699 4088 2739 causa

2500 2776 2681 2831 odisse
2719 2789 3070 2830 consuevere.
3120 2773 3331 2829 Etenim
3378 2772 3650 2828 Christum
3702 2789 3919 2845 quoque
3974 2776 4092 2829 sine

2499 2882 2656 2924 causa
2683 2868 2811 2923 odio
2836 2866 3158 2934 habuerunt,
3184 2864 3635 2937 quemadmodum
3657 2865 3785 2921 dicit
3814 2883 3828 2919 :
3858 2864 4091 2920 Oderunt

2500 2974 2583 3012 me
2622 2958 2781 3028 gratis
2808 2955 2987 3027 (locu.
3016 2957 3103 3013 l5.
3134 2955 3250 3027 25).
3282 2956 3349 3011 Et
3386 2955 3617 3026 apostoli
3655 2954 3960 3011 habuerunt
3990 2957 4093 3010 iui-

2504 3048 2672 3102 mices
2710 3046 3217 3117 pseudoapostolos,
3259 3056 3315 3101 et
3356 3044 3632 3118 propheta
3660 3046 3821 3099 falsos
3849 3045 4089 3118 prophe-

2502 3145 2603 3195 tas.
2630 3136 2744 3192 Non
2765 3146 2848 3192 est
2870 3138 3014 3193 enim
3036 3136 3139 3191 hoc
3166 3135 3542 3207 spectandum,
3573 3146 3632 3190 ut
3665 3151 3770 3191 non
3799 3135 4095 3191 habeamus

2504 3229 2748 3283 inimicos
2766 3270 2783 3293 ,
2810 3229 2905 3284 sed
2925 3244 2997 3285 ne
3014 3229 3177 3299 juste.
3208 3238 3263 3284 et
3288 3242 3356 3285 ne
3384 3242 3505 3283 cum
3532 3242 3723 3294 causa;
3754 3238 3919 3299 atque
3941 3239 3998 3283 ut
4028 3229 4093 3283 li-

2502 3330 2589 3375 cet
2615 3319 2810 3375 millies
2836 3320 2961 3375 odio
2999 3320 3311 3386 habeamur,
3343 3334 3454 3375 non
3478 3318 3770 3374 habeamus
3807 3318 3945 3375 odio
3964 3362 3979 3385 ,
4005 3336 4095 3375 ne-

2503 3428 2608 3483 que
2636 3427 2945 3467 aversemur
2972 3431 2989 3466 :
3021 3414 3072 3467 in
3102 3411 3207 3467 hoc
3240 3412 3385 3467 enim
3428 3410 3719 3467 inimicitia
3761 3413 4095 3479 consistunt,

2504 3513 2563 3558 ut
2602 3503 2729 3559 odio
2767 3503 3089 3569 habeamus,
3112 3513 3169 3558 et
3208 3517 3538 3559 aversemur.
3563 3501 3785 3570 Quando
3810 3516 3944 3573 ergo
3972 3504 4096 3559 odio

2504 3591 2727 3661 habeor,
2755 3602 2810 3649 et
2846 3592 2973 3649 odio
3015 3608 3123 3648 non
3152 3592 3353 3658 habw,
3380 3592 3469 3647 ille
3512 3606 3599 3648 me
3645 3592 3920 3649 inimicum
3946 3635 3962 3658 ,
3991 3608 4095 3649 non

2503 3698 2604 3755 ego
2642 3700 2764 3740 eum
2794 3684 2987 3741 habeo.
3026 3683 3252 3752 Quando
3288 3684 3340 3739 ei
3384 3684 3521 3739 bene
3565 3697 3782 3753 precor,
3805 3683 4024 3754 quando
4046 3685 4092 3738 ei

2502 3777 2625 3831 volo
2681 3776 3030 3843 benefacere,
3059 3775 3329 3847 quomodo
3376 3790 3478 3845 ego
3507 3773 3581 3828 illi
3622 3788 3740 3828 sum
3793 3773 4091 3828 inimicus?

2508 3865 2795 3933 Propterea
2838 3864 3050 3920 dicebat
3092 3863 3288 3919 Paulus
3320 3863 3421 3917 :Si
3452 3862 3689 3932 possibile
3725 3872 3797 3916 est
3822 3903 3837 3925 ,
3862 3874 3920 3915 tu
3941 3874 4016 3916 est
4043 3864 4093 3913 iu

2505 3956 2662 4021 vobis,
2690 3971 2813 4009 cum.
2829 3955 3059 4011 omnibus
3101 3954 3385 4008 hominibus
3432 3968 3609 4021 pacem
3646 3952 3883 4006 habentes
3912 3952 4091 4023 (Ποιιι.

2508 4045 2596 4100 is.
2630 4046 2736 4115 ιε).

2575 4137 2628 4192 6.
2660 4135 2863 4191 Inimici
2889 4136 3139 4207 quomodo
3169 4134 3705 4205 placandi.—Nostra
3735 4148 3868 4205 ergo
3902 4134 4092 4189 alieni-

2503 4243 2644 4294 mus,
2672 4239 2725 4285 et
2749 4245 2815 4283 ex
2844 4228 2947 4283 hoc
2984 4229 3101 4297 ipso
3130 4226 3483 4289 sufficientem
3529 4226 3737 4279 laudem
3774 4224 4090 4280 referemus.

2504 4309 2759 4385 Quatnam
2801 4326 2927 4373 sunt
2977 4328 3155 4372 autent
3208 4316 3426 4371 nostra?
3468 4313 3535 4372 Ut
3564 4314 3711 4371 verbi
3757 4314 3928 4385 gratia
3966 4316 4095 4371 :bic

2505 4411 2630 4464 odio
2653 4420 2704 4463 te
2726 4408 2889 4463 habet
2908 4448 2923 4471 ,
2952 4416 3008 4463 et
3038 4408 3348 4477 impugnat?
3377 4406 3457 4462 Tu
3487 4420 3605 4460 ama
3625 4446 3639 4470 ,
3667 4413 3723 4461 et
3746 4421 3865 4461 eum
3892 4406 4096 4462 beneﬁ-

2506 4503 2591 4556 cio
2625 4498 2799 4554 allice.
2834 4500 3047 4554 Probris
3072 4509 3127 4553 et
3155 4499 3453 4554 maledictis
3482 4498 3730 4569 appetit?
3756 4497 3835 4553 Tu
3864 4498 4096 4555 benedic

2508 4604 2562 4650 et
2584 4593 2760 4647 lauda.
2784 4592 2891 4648 Sed
2918 4607 2985 4647 ne
3012 4593 3089 4647 sic
3112 4591 3325 4661 quidem
3366 4591 3529 4645 solvit
3554 4590 3901 4645 inimicitias?
3930 4592 4096 4662 Majo-

2510 4699 2622 4738 rcm
2656 4684 2815 4752 igitur
2841 4682 2931 4735 tibi
2959 4681 3113 4736 affert
3143 4682 3466 4736 mercedem.
3493 4681 3611 4734 Mali
3638 4682 3781 4735 enim
3804 4723 3817 4745 ,
3840 4696 3950 4750 quo
3978 4698 4065 4736 ma
4086 4712 4099 4721 -

2507 4776 2586 4845 gis
2616 4792 2645 4828 a
2670 4775 2825 4827 nobis
2860 4773 3125 4827 observati
3151 4772 3387 4826 libellum
3424 4771 3611 4824 nolunt
3636 4785 3964 4841 compellere
3985 4811 4002 4836 ,
4036 4787 4098 4823 eo

2509 4864 2661 4918 nobis
2688 4862 3100 4932 splendidiorem
3146 4862 3628 4915 remunerationem
3660 4873 3980 4931 comparant
4004 4906 4017 4926 ,
4049 4874 4101 4917 ct

2508 4968 2567 5008 se
2588 4954 2812 5009 reddunt
2865 4952 3257 5007 imbecilliores.
3306 4952 3408 5020 Qui
3458 4952 3599 5006 enim
3643 4952 3766 5006 odio
3804 4950 4001 5016 habet,
4047 4965 4099 5006 et

2509 5060 2613 5099 non
2643 5044 3038 5111 reconciliatur,
3072 5044 3351 5113 liquescit,
3386 5044 3645 5107 tabescit,
3677 5056 3729 5099 et
3758 5045 3810 5097 in
3834 5059 4100 5114 perpetuo

2507 5135 2651 5191 bello
2687 5144 2965 5189 versatur:
2991 5135 3078 5204 qui
3116 5143 3195 5189 est
3225 5146 3399 5188 autem
3440 5134 3522 5187 Itis
3555 5133 3675 5188 telis
3698 5135 3966 5204 superior,
3997 5146 4102 5189 stat

2508 5234 2747 5281 remotus
2794 5240 2824 5279 a
2870 5225 3073 5293 magnis
3122 5223 3567 5293 tempestatibus,
3617 5232 3671 5277 et
3721 5224 3927 5291 sibiipsi
3976 5235 4101 5279 ante

2508 5320 2656 5374 illum
2682 5319 2912 5372 maxime
2935 5317 3164 5386 prodeSI,
3198 5317 3321 5370 dum
3346 5316 3523 5371 studet
3547 5316 3620 5370 illi
3650 5315 3985 5370 reconciliari
4010 5358 4026 5382 ,
4051 5327 4103 5372 et

2508 5425 2614 5463 non
2642 5425 2760 5462 cum
2780 5422 2843 5463 eo
2872 5408 3067 5462 bellum
3092 5423 3275 5478 gerere
3294 5448 3309 5474 ,
3338 5408 3570 5476 scipsum
3612 5422 3639 5458 a
3673 5406 3815 5460 bello
3843 5417 3899 5461 et
3926 5424 4099 5478 pugna

2508 5500 2759 5554 liberans.
2786 5498 3073 5569 Fugianms
3106 5514 3233 5569 ergo
3265 5514 3385 5551 cum
3412 5498 3532 5551 aliis
3559 5498 3755 5553 bellum
3785 5513 3977 5567 gerere
4000 5542 4015 5565 ,
4045 5508 4101 5555 et

2509 5592 2813 5661 huiusmodi
2844 5606 3019 5646 rerum
3048 5591 3275 5645 radicem
3306 5590 3373 5645 de
3407 5589 3584 5643 medio
3610 5591 3875 5651 tollamus,
3900 5605 4096 5644 vanam

2507 5687 2728 5757 gloriam
2749 5724 2765 5750 ,
2796 5694 2849 5739 et
2872 5685 3164 5739 avaritiam.
3198 5682 3291 5736 γει
3313 5684 3455 5737 enim
3486 5691 3702 5751 propter
3728 5684 3980 5751 pecunias
4020 5694 4099 5737 est

2513 5776 2752 5834 inimicus
2778 5776 3039 5847 quispiam
3065 5816 3079 5839 ,
3107 5774 3189 5829 vel
3219 5784 3436 5844 propter
3467 5788 3651 5829 vanam
3674 5773 3917 5844 gloriam.
3947 5774 4096 5843 Quod
