4178 6442
136 366 191 425 ιι
1352 365 1711 425 Εχροειτιο

1881 366 2003 422 PSA
2014 365 2208 422 ιιιυιι
2244 364 2355 421 VII.
3430 365 3504 422 90

152 496 187 535 ιι
202 486 261 535 iis
275 479 558 537 fuerimus
588 482 951 554 superiores,
981 481 1142 537 etiam
1161 495 1227 535 ne
1247 493 1346 535 nos
1371 477 1779 549 apprehendant

160 571 458 640 minutatim,
484 572 813 630 evademus
830 573 1159 642 superiores.
1177 570 1288 626 Etsi
1305 585 1435 641 ergo
1456 568 1779 624 contumelia

175 666 389 722 alacer-it
412 708 430 732 ,
478 680 694 737 magno
725 664 813 721 ler
867 664 1047 719 animo
1074 680 1088 716 :
1120 662 1353 731 seipsum
1389 660 1530 715 enim
1552 700 1569 725 ,
1592 673 1701 714 non
1728 668 1781 714 te

178 759 339 814 affecit
379 757 609 827 injuria.
654 756 726 812 Et
769 756 820 812 si
869 753 1223 826 percusserit,
1255 766 1323 806 ne
1358 750 1589 806 obsistas
1618 766 1631 804 :
1665 748 1779 819 ipse

176 853 311 905 cnim
354 852 549 905 feritur
568 889 585 915 ,
619 858 677 904 te
703 862 871 903 manu
890 886 907 912 ,
931 846 1162 916 seipsum
1191 843 1267 898 ira
1313 842 1563 912 pulsans,
1594 848 1651 897 et
1676 839 1777 897 sibi

174 942 362 995 malam
391 941 462 995 ab
489 940 752 995 omnibus
776 936 1225 995 existimationem
1248 946 1587 1004 comparans.
1621 931 1775 1000 Quod

172 1034 211 1087 si
242 1035 362 1087 hac
384 1031 490 1088 tibi
516 1031 773 1088 videntur
797 1043 919 1086 esse
944 1027 1199 1093 diliicilia,
1243 1025 1345 1081 hoc
1370 1022 1508 1094 apud
1544 1032 1598 1079 to
1646 1036 1777 1078 00n-

168 1120 351 1180 sidcra
381 1120 470 1178 :si
491 1120 613 1191 quis
646 1118 884 1176 furiosus
925 1128 1128 1173 vestem
1177 1124 1323 1171 tuam
1343 1114 1590 1185 'uudique
1635 1113 1776 1169 lace-

167 1216 302 1268 rarit
322 1254 343 1280 ,
362 1228 655 1284 quetunam
683 1210 886 1268 dixeris
925 1210 1076 1265 malis
1098 1207 1237 1265 al'iici
1258 1248 1277 1276 ,
1303 1217 1428 1264 tene
1451 1208 1541 1278 qtti
1588 1221 1775 1276 passus

164 1323 225 1358 cs
252 1347 267 1365 .
304 1321 377 1359 an
407 1304 559 1359 illum
586 1303 675 1374 qui
724 1302 890 1357 fecit?
931 1302 1145 1357 Clarum
1172 1310 1319 1355 certe
1347 1297 1597 1369 estquod
1625 1297 1772 1353 illum

166 1396 316 1448 nale
349 1393 600 1448 aﬂictum
635 1407 755 1448 esse
796 1392 1034 1448 dicturus
1058 1392 1154 1447 sis.
1206 1389 1419 1461 Ergone
1442 1431 1458 1458 ,
1490 1388 1581 1445 ubi
1607 1405 1691 1444 ves
1704 1390 1775 1444 tis

164 1486 397 1554 quidem
421 1483 761 1553 discinditur,
775 1484 863 1555 qui
888 1484 1028 1551 fecit,
1045 1482 1288 1554 graviora
1307 1495 1493 1552 passus
1507 1488 1594 1543 est
1613 1495 1772 1551 quam

166 1580 213 1631 is
238 1581 343 1642 qui
372 1578 537 1631 laesus
564 1573 664 1629 fuit
692 1592 706 1627 :
736 1575 824 1629 ubi
844 1574 1021 1630 autem
1046 1588 1142 1629 cor
1171 1573 1438 1644 rumpitur
1457 1611 1471 1637 ,
1502 1570 1606 1626 hoc
1628 1571 1772 1625 enim

164 1668 307 1724 facit
335 1671 437 1732 ira,
471 1683 577 1722 non
607 1668 753 1723 illum
779 1666 1028 1737 graviora
1057 1679 1177 1721 esse
1198 1678 1415 1733 passum
1445 1661 1655 1733 putabis
1678 1670 1767 1727 te,

158 1761 259 1829 qui
308 1776 383 1815 ue
410 1760 677 1815 tantillum
702 1758 916 1829 quidem
948 1772 1136 1828 passus
1157 1757 1260 1814 es?
1286 1756 1469 1828 Neque
1489 1758 1630 1812 enim
1668 1754 1773 1810 hoc

158 1853 381 1908 dixeris
402 1893 419 1918 ,
454 1853 603 1907 illum
645 1861 849 1908 vestem
890 1862 1034 1907 tuam
1072 1850 1332 1918 scidisse,
1360 1849 1455 1905 sed
1483 1849 1632 1919 prius
1677 1863 1774 1905 cor

159 1960 354 1997 suum.
394 1942 548 1999 Sicut
593 1944 735 1999 enim
783 1957 891 1999 non
938 1941 1096 1998 fuerit
1130 1940 1349 1997 morbus
1396 1942 1617 2011 regius,
1666 1940 1770 1996 nisi

158 2034 295 2087 bdis
344 2042 671 2102 exsuperet,
709 2042 765 2088 et
792 2033 1039 2104 proprios
1076 2032 1273 2088 limites
1318 2031 1664 2087 transilierit:
1699 2031 1771 2086 ita

158 2125 472 2179 vehemens
498 2124 574 2178 ira
598 2123 688 2178 ubi
717 2138 824 2179 non
853 2122 1044 2190 fuerit,
1075 2122 1121 2178 si
1150 2137 1258 2178 non
1289 2120 1448 2178 fuerit
1474 2137 1569 2177 cor
1595 2120 1774 2177 disru-

162 2232 348 2286 ptum.
379 2216 846 2285 Quemadmodum
890 2230 1021 2286 ergo
1065 2216 1111 2270 si
1140 2214 1339 2271 videris
1365 2215 1597 2285 aliquem
1624 2214 1771 2283 regio

157 2310 363 2364 inorbo
388 2308 601 2375 teneri,
626 2307 726 2363 etsi
762 2307 903 2363 mala
947 2305 1133 2361 iecerit
1174 2306 1451 2360 innumera
1477 2344 1493 2369 ,
1522 2303 1768 2360 morbum

160 2400 233 2453 ad
258 2408 320 2454 te
346 2398 489 2453 nolis
514 2397 781 2453 attrahere
824 2413 843 2453 ε
882 2398 952 2452 ita
978 2397 1137 2452 etiam
1163 2397 1216 2451 in
1245 2396 1344 2451 ira.
1372 2395 1451 2452 Ne
1478 2395 1765 2458 tumulare,

160 2504 269 2545 nec
326 2490 539 2544 imitare
589 2488 771 2543 vitium
794 2528 811 2556 ,
834 2488 931 2543 sed
976 2488 1115 2543 illius
1144 2487 1320 2558 potius
1350 2486 1606 2541 miserere
1634 2525 1650 2551 ,
1679 2484 1769 2554 qui

159 2594 337 2647 quam
365 2578 419 2632 in
448 2593 508 2633 se
536 2578 699 2634 habet
724 2592 831 2633 non
868 2576 1041 2633 frenat
1072 2578 1334 2641 belluam,
1364 2576 1576 2647 sibique
1621 2576 1771 2646 ptius

161 2672 426 2723 thronum
454 2668 611 2725 adert
645 2676 701 2725 et
723 2669 963 2726 exitium.
992 2668 1144 2737 Quod
1178 2667 1322 2726 enim
1353 2668 1444 2740 qui
1467 2668 1603 2723 tales
1643 2677 1771 2724 sunt

162 2759 410 2829 sibiipsis
457 2759 710 2815 damnum
753 2759 1013 2826 aderant,
1046 2760 1169 2815 licet
1195 2760 1380 2815 audire
1413 2761 1612 2817 multos
1633 2801 1650 2829 ,
1678 2761 1771 2832 qui

164 2850 483 2921 hujusmodi
527 2865 730 2923 pugnas
769 2861 825 2908 et
872 2852 991 2907 lites
1046 2860 1409 2923 componunt,
1462 2851 1567 2908 hoc
1613 2862 1770 2924 pacto

162 2955 262 2998 eo:
300 2941 875 2999 admonenteszParce
918 2942 1152 3014 tibiipsi;
1200 2943 1331 2999 facis
1366 2945 1456 3000 tibi
1498 2945 1767 3015 injuriam.

162 3032 301 3089 Tale
329 3035 474 3088 enim
508 3043 592 3089 est
632 3033 820 3089 vitium
852 3050 1011 3090 :eum
1049 3036 1139 3107 qui
1182 3036 1353 3106 ipsum
1381 3038 1560 3106 parit,
1594 3038 1767 3092 solum

164 3126 372 3178 damno
397 3122 585 3191 allicit,
610 3124 790 3180 omnia
811 3138 1009 3196 suaque
1026 3125 1201 3197 deque
1219 3140 1442 3183 movens
1460 3137 1513 3182 et
1536 3129 1765 3197 agitans.

164 3215 246 3270 Ne
288 3231 423 3285 rrgo
447 3216 692 3273 volentes
727 3215 862 3273 alios
891 3218 1071 3273 ulcisci
1099 3258 1116 3285 ,
1146 3218 1249 3290 ipsi
1290 3233 1343 3274 at
1365 3230 1518 3289 j'ortu
1547 3206 1766 3275 excida-

168 3323 318 3362 atus.
347 3307 537 3378 Neque
588 3308 729 3365 enim
761 3308 808 3363 si
846 3308 1109 3379 quispiam
1150 3324 1344 3371 navem
1387 3309 1686 3378 fracturus,
1713 3320 1769 3367 et

164 3398 601 3468 subruergendus
622 3440 639 3465 ,
668 3398 798 3469 tein
828 3407 971 3455 terra
998 3399 1273 3456 sedentem
1312 3403 1651 3457 contumeliis
1689 3402 1772 3456 at:-

171 3488 377 3553 Becret,
406 3503 475 3543 ex
500 3502 568 3544 eo
590 3488 827 3544 dolorem
854 3503 1094 3559 caperes,
1122 3505 1223 3546 nec
1247 3506 1280 3547 e
1311 3499 1450 3546 terra
1474 3491 1764 3559 excedens,

168 3595 296 3634 eum
327 3594 394 3635 co
419 3593 540 3635 esse
560 3580 727 3636 velles
754 3580 1009 3653 naufragii
1039 3582 1325 3655 particeps.
1350 3583 1460 3637 lloc
1480 3599 1609 3655 ergo
1626 3583 1766 3652 apud

170 3684 224 3726 te
254 3680 447 3739 reputa
489 3670 665 3741 quod,
696 3672 785 3742 qui
816 3682 868 3727 te
893 3674 1216 3727 contumelia
1243 3673 1436 3741 allicit,
1466 3684 1522 3729 et
1552 3674 1767 3744 probris

168 3762 489 3825 insectatur,
519 3769 788 3829 tamquam
820 3761 1032 3818 turbine
1074 3771 1130 3817 et
1151 3763 1382 3833 procella
1422 3764 1599 3835 aliqua
1647 3763 1766 3836 agi-

171 3864 318 3909 tatus
370 3854 749 3924 submergitur,
790 3855 843 3909 in
890 3855 983 3910 ira:
1023 3855 1353 3926 naufragium
1401 3856 1765 3913 incidens:tu

169 3956 351 3999 autem
407 3944 497 4014 qui
545 3942 653 3999 fers
694 3943 920 4011 fortiter,
961 3955 1015 4002 et
1042 3947 1093 4000 in
1118 3954 1273 4016 portu
1311 3954 1366 4002 et
1390 3946 1441 4003 in
1468 3948 1626 4003 litore
1651 3948 1765 4019 agis

170 4038 429 4092 suaviter.
477 4038 585 4094 Sed
607 4038 653 4093 si
680 4039 1018 4095 ad‘eamdem
1043 4039 1301 4096 deleraris
1325 4042 1723 4098 contentionem
1744 4084 1761 4111 ,

172 4144 281 4184 non
323 4129 471 4184 illum
491 4168 509 4196 ,
531 4128 625 4186 sed
669 4131 894 4200 teipsum
923 4130 1248 4189 demersisti.
1279 4133 1333 4187 7.
1364 4130 1630 4204 Exsurge,
1660 4131 1764 4187 Do-

173 4220 311 4274 mine
331 4260 346 4281 ,
375 4220 429 4273 iu
456 4220 536 4273 ira
583 4229 700 4285 tua,
730 4222 954 4277 exaltare
980 4222 1033 4276 in
1076 4222 1263 4291 ﬁnibus
1298 4223 1622 4277 inimicon
1646 4231 1761 4278 tuo-

174 4325 311 4363 rum.
349 4309 462 4365 lloc
505 4311 576 4365 ita
604 4312 767 4379 dixit,
797 4311 1085 4369 ostendens
1114 4328 1235 4369 eum
1267 4327 1425 4384 posse
1451 4316 1614 4370 etiam
1644 4329 1765 4370 sur-

173 4418 304 4473 gere
320 4418 424 4458 non
447 4403 498 4458 in
516 4405 591 4458 ira
613 4423 627 4467 ;
658 4414 714 4460 ut
733 4405 943 4476 quando
959 4404 1089 4461 dicit
1115 4424 1130 4462 :
1156 4404 1343 4479 Surge,
1365 4405 1601 4471 Domine,
1620 4424 1763 4463 serva

174 4512 277 4563 ne,
311 4494 450 4551 Deae
490 4513 625 4551 meus
654 4497 823 4567 (Ρωι.
855 4499 909 4553 3.
941 4496 1020 4570 7).
1047 4497 1181 4553 Cum
1207 4508 1386 4555 autem
1421 4500 1576 4556 audis
1598 4542 1615 4569 ,
1648 4500 1761 4557 Ez-

175 4602 368 4657 earge,
423 4586 556 4641 nihil
596 4588 875 4658 corporale
936 4588 1248 4659 suspiceris.
1294 4590 1760 4659 Quemadmodum

176 4677 323 4731 enim
360 4676 553 4734 sedere
590 4694 694 4734 non
715 4679 913 4734 dictum
944 4689 1025 4735 est
1051 4680 1108 4735 in
1148 4680 1259 4735 Deo
1284 4682 1657 4751 corporaliter,
1690 4685 1761 4740 ita

177 4780 279 4822 nec
298 4765 422 4821 hoc.
448 4766 524 4822 Ta
543 4768 707 4837 enim,
728 4769 919 4841 inquit,
939 4770 1118 4825 sedens
1134 4771 1189 4825 in
1200 4772 1456 4826 naculum.
1474 4773 1610 4843 Quid
1630 4788 1763 4846 ergo

176 4855 443 4926 ﬁguilcat
461 4872 555 4927 per
578 4859 910 4916 sessionem?
934 4859 1291 4929 Firmitatem,
1309 4863 1755 4934 immobilitatem,

176 4955 227 5001 et
257 4956 464 5002 neutra:
490 4950 854 5019 stabilitatem,
876 4962 1036 5024 atque
1058 4955 1438 5011 constantiam.
1462 4956 1616 5025 Quod
1641 4961 1759 5029 qui-

176 5037 299 5095 dem
319 5040 636 5111 signiﬁcavit
658 5044 819 5098 etiam
850 5059 945 5113 per
970 5044 1023 5101 id
1050 5045 1193 5116 quod
1235 5051 1285 5102 el
1316 5062 1385 5104 ex
1410 5049 1639 5106 adverso
1661 5066 1761 5122 op-

179 5133 412 5202 ponitur.
441 5132 574 5190 Cum
607 5135 753 5192 enim
776 5137 999 5197 dixisset
1031 5179 1050 5207 ,
1070 5138 1153 5194 Tu
1193 5140 1372 5198 sedens
1409 5141 1463 5196 in
1489 5143 1753 5212 secutum,

178 5224 448 5295 subiunxit
464 5269 480 5293 ,
513 5225 614 5284 Vos
637 5237 805 5285 autem
826 5239 1097 5301 pereuntes
1116 5232 1169 5287 in
1195 5232 1459 5291 ecculm.
1486 5235 1759 5304 Quemad-

179 5317 391 5374 modum
418 5333 547 5392 ergo
570 5320 763 5378 sedere
798 5336 907 5377 non
931 5332 1015 5379 est
1036 5325 1339 5394 corporale,
1367 5326 1439 5381 ita
1464 5342 1566 5383 nec
1593 5329 1759 5386 etiam

180 5410 549 5479 surget-used
591 5411 705 5468 illic
748 5410 964 5483 quidem
994 5413 1290 5483 stabilitas,
1322 5415 1412 5472 hic
1456 5427 1634 5475 autem
1663 5436 1761 5491 pu-

182 5498 352 5558 niendi
380 5500 460 5557 vis
499 5512 556 5559 et
574 5503 933 5560 consumendi
965 5513 1219 5575 potestas.
1262 5506 1465 5564 Sedere
1492 5509 1761 5581 signiﬁcat

182 5606 563 5668 nonnumquam
589 5592 876 5666 iudicandi
902 5594 1230 5665 facultatem,
1258 5608 1317 5654 ut
1343 5600 1555 5669 quando
1578 5601 1709 5657 dicit
1739 5618 1755 5657 :

181 5683 527 5762 Scitum
566 5688 856 5755 unum,
881 5686 968 5760 qui
1004 5688 1208 5764 iudicas
1246 5690 1503 5763 justitiam
1555 5690 1753 5762 (Prol.

178 5775 322 5856 9.4);
346 5794 400 5845 et
420 5781 621 5845 Daniel
650 5797 666 5838 :
695 5778 895 5839 Thmui
922 5781 1071 5852 positi
1110 5792 1258 5856 sunt,
1283 5792 1329 5841 et
1359 5784 1755 5859 uditjudiciunt

1893 475 2057 544 (Dan.
2091 476 2141 530 7.
2172 476 2253 547 9).
2280 476 2376 532 Est
2413 476 2574 530 etiam
2596 479 2777 546 regale
2807 472 2998 529 sedere
3021 516 3035 538 ,
3070 485 3124 526 ut
3157 474 3373 545 quando
3416 480 3498 530 dt-

1889 567 2000 621 cit:
2034 565 2275 621 Thronus
2324 576 2463 633 tuus,
2506 564 2666 630 Deus,
2716 567 2769 619 in
2823 563 3067 620 circulum
3108 564 3496 634 swculiwirgu

1888 659 2235 726 rectitudinis,
2267 659 2409 730 virga
2434 659 2577 730 regni
2605 659 2680 711 tui
2707 656 2880 727 (Psai.
2913 656 3003 711 Μ.
3039 656 3115 727 7).
3140 654 3295 712 Unde
3329 655 3493 724 illud,

1888 749 2024 806 Sede
2048 766 2079 804 a
2100 750 2290 805 deatris
2312 750 2435 805 meis
2470 749 2646 822 (Psal.
2675 749 2796 805 l09.
2817 747 2897 820 1),
2928 747 3249 818 significavit
3269 748 3492 817 (equali-

1886 851 2049 898 tatem
2092 842 2335 897 honoris.
2365 842 2503 911 Quid
2546 853 2630 897 est
2654 850 2834 897 autem
2866 840 2993 896 illud
3015 880 3032 907 ,
3068 839 3134 894 In
3168 842 3247 894 ira
3276 842 3408 895 tua?
3434 839 3492 896 l'd

1883 950 2098 1005 quoque
2126 935 2199 989 ita
2233 951 2419 991 rursus
2442 934 2813 1023 accipiendum
2841 943 2944 998 est,
2969 944 3025 988 ut
3052 934 3166 989 Deo
3184 932 3491 989 conveniat.

1882 1026 1966 1082 lra
1992 1026 2136 1081 enim
2170 1027 2262 1082 Dei
2288 1043 2395 1081 non
2422 1037 2507 1084 est
2532 1026 2697 1082 animi
2725 1026 3092 1107 perturbatio,
3124 1025 3220 1083 sed
3259 1027 3494 1098 castiga—

1884 1122 1957 1175 tio
1984 1128 2039 1175 et
2080 1120 2301 1188 punitio.
2332 1117 2580 1175 Eamltare
2607 1120 2660 1173 in
2698 1120 2887 1190 ﬁnibus
2914 1119 3236 1173 inimicorum
3261 1127 3490 1173 tuorum.

1880 1211 2037 1267 Alius
2087 1210 2251 1277 dicit,
2292 1210 2360 1265 In
2388 1204 2466 1264 ira
2490 1212 2733 1265 adversus
2776 1210 3009 1264 inimicos
3048 1218 3182 1264 tuos.
3215 1211 3387 1277 Alius,
3425 1208 3492 1265 lu

1879 1303 1978 1358 bile
2015 1320 2186 1357 eorum
2215 1304 2302 1369 qui
2331 1320 2410 1357 me
2436 1304 2684 1375 aﬂliguut.
2718 1302 2900 1368 Alius,
2935 1301 3001 1355 In
3045 1302 3376 1356 dilationibus
3405 1302 3488 1355 al-

1879 1396 2167 1466 ligantium.
2213 1394 2475 1450 Hebrmus
2523 1392 2719 1449 autem'
2752 1392 2921 1459 illud,
2955 1392 3023 1445 In
3064 1392 3253 1460 ﬁnibus
3274 1433 3291 1459 ,
3320 1392 3486 1456 dicit,

1878 1485 2134 1542 Bebaroth
2168 1487 2262 1559 (a).
2299 1486 2430 1542 Vide
2454 1485 2725 1556 quomodo
2748 1499 2937 1539 rursus
2963 1500 3070 1538 non
3101 1498 3162 1540 se
3184 1481 3474 1547 ulciscitur,

1878 1579 1972 1633 scd
1999 1577 2115 1633 btcc
2139 1579 2269 1633 dicit
2297 1592 2397 1649 pro
2444 1576 2537 1631 Dei
2572 1576 2767 1647 gloria.
2797 1574 2916 1630 Non
2943 1575 3087 1630 enim
3112 1573 3248 1628 dixit
3282 1573 3487 1628 solum-

1877 1668 2040 1724 modo
2059 1668 2225 1723 :Puni
2245 1667 2491 1725 inimicos
2515 1682 2688 1733 meos,
2711 1665 2798 1721 vel
2820 1674 2940 1721 tuos
2959 1681 2975 1729 ;
2997 1664 3115 1731 sed,
3132 1663 3398 1717 Exaltare.
3420 1662 3491 1718 Et

1878 1758 2148 1830 quomodo
2177 1760 2443 1815 cxaltatur
2468 1758 2557 1814 ille
2592 1760 2767 1819 altus.
2798 1766 2855 1813 et
2876 1757 2967 1828 qui
2998 1766 3082 1812 est
3100 1771 3315 1825 semper
3338 1756 3491 1811 altis-

1877 1850 2085 1905 simus?
2128 1849 2261 1921 Ejus
2302 1850 2447 1905 enim
2488 1858 2694 1905 natura
2725 1848 2950 1906 altitudo
2980 1863 3082 1903 nec
3126 1849 3358 1913 crescit,
3389 1863 3490 1904 nec

1877 1942 2167 1997 minuitur:
2194 1950 2278 1997 est
2300 1941 2443 1998 enim
2466 1942 2736 2013 perlectus
2761 1948 2818 1996 et
2843 1940 3041 1995 nullius
3078 1940 3157 1996 rei
3202 1940 3474 2011 indigens,

1876 2041 1933 2089 et
1955 2035 2045 2104 qui
2076 2048 2293 2104 semper
2317 2048 2385 2089 eo
2426 2033 2587 2089 modo
2615 2048 2674 2088 se
2700 2032 2883 2089 habet.
2915 2032 3201 2101 Quomodo
3225 2048 3356 2104 ergo
3376 2073 3393 2098 ,
3427 2041 3485 2087 et

1876 2140 1979 2196 qua
2006 2125 2213 2179 ratione
2260 2124 2526 2180 esaltatur
2550 2125 2576 2177 τ
2611 2123 2895 2179 Exaltatur
2921 2124 2974 2178 in
3006 2122 3295 2178 multorum
3337 2138 3488 2179 incn-

1880 2219 2050 2275 tlbus.
2073 2215 2534 2283 Quemadmodum
2560 2230 2706 2286 smpe
2735 2214 3141 2286 longanimitate
3168 2228 3299 2270 usus
3324 2224 3409 2269 est
3440 2215 3481 2280 ¹;

1876 2306 2079 2362 inimici
2108 2316 2288 2362 autem
2327 2306 2706 2362 existimabant
2749 2305 2852 2361 hoc
2880 2321 2987 2359 non
3011 2320 3135 2361 esse
3162 2304 3485 2376 longanimi-

1878 2400 2018 2463 tatis,
2044 2398 2137 2454 sed
2166 2398 2482 2453 humilitatis
2510 2408 2566 2453 et
2592 2397 2997 2455 imbecillitatis.
3029 2397 3293 2465 Quocirca
3317 2396 3484 2453 etiam

1876 2491 2208 2557 bumiliatur,
2236 2506 2343 2547 non
2370 2507 2429 2547 re
2451 2492 2564 2562 ipsa
2586 2531 2600 2556 ,
2628 2488 2725 2546 sed
2746 2489 2967 2565 illorum
2991 2489 3339 2561 cogitatione.

1948 2586 2001 2639 7.
2041 2584 2502 2653 Quemadmodum
2530 2584 2675 2641 enim
2716 2582 2797 2639 sol
2827 2581 3038 2638 videtur
3066 2596 3189 2638 esse
3217 2581 3483 2639 obscurus

1875 2675 1940 2731 iis
1968 2677 2058 2746 qui
2086 2676 2332 2732 laborant
2356 2676 2524 2731 oculis
2544 2717 2561 2744 ,
2580 2677 2659 2734 ita
2689 2674 2830 2730 Deus
2860 2673 3068 2730 videtur
3086 2688 3209 2729 esse
3234 2673 3485 2729 iulirtnus

1874 2776 1929 2822 et
1959 2767 2260 2822 imbecillus
2282 2768 2333 2821 in
2360 2781 2549 2822 eorum
2571 2765 2863 2821 mentibus.
2890 2764 2999 2821 Sed
3028 2764 3483 2836 quemadmodum

1873 2858 2049 2913 solita
2078 2857 2447 2923 existimatur,
2484 2872 2587 2911 non
2610 2866 2693 2911 est
2721 2867 2901 2912 autem
2940 2855 3239 2924 obscurus,
3278 2853 3374 2911 sed
3404 2866 3491 2913 est

1874 2938 2085 3006 affectio
2102 2950 2316 3005 illorum
2333 2949 2711 3005 imbecillitatis
2734 2966 2749 3002 :
2771 2950 2843 3004 ita
2858 2963 3072 3020 quoque
3090 2949 3252 3023 Deus,
3267 2950 3483 3007 etiamsi

1875 3043 1977 3098 hoc
1987 3043 2344 3108 existimetur,
2360 3059 2463 3098 non
2478 3048 2563 3099 est
2574 3041 2892 3108 imbecillus,
2911 3042 3003 3098 sed
3024 3041 3075 3097 id
3086 3059 3154 3098 ex
3176 3042 3486 3099 illorumin-

1874 3136 2122 3205 sipientia
2140 3134 2351 3190 accidit.
2374 3134 2511 3203 Quid
2531 3149 2661 3204 ergo
2680 3134 2806 3189 dicit
2820 3134 3035 3204 justus?
3057 3134 3310 3191 Exaltarc
3321 3135 3486 3192 etiam

1872 3243 1901 3282 a
1911 3227 2015 3299 pud
2045 3227 2293 3282 inimicos
2314 3241 2465 3283 meos
2487 3244 2501 3281 :
2528 3228 2810 3293 ulciscere,
2829 3235 2884 3282 et
2905 3227 3051 3283 vires
3078 3236 3197 3283 tuas
3211 3227 3439 3293 ostende
3452 3269 3475 3297 ,

1874 3330 1931 3374 ιιι
1958 3318 2397 3391 quitebumilem
2431 3318 2761 3384 existimant,
2791 3333 2855 3373 ex
2894 3317 2962 3373 iis
2999 3334 3121 3390 quae
3164 3320 3441 3389 patiuntur
3464 3362 3481 3387 ,

1874 3419 2019 3467 tuam
2046 3410 2267 3467 videant
2304 3411 2550 3483 gloriam.
2600 3409 2790 3465 Vidisti
2831 3410 2951 3480 ejus
2990 3409 3329 3479 institutum,
3376 3428 3484 3468 non

1872 3503 1926 3560 id
1970 3505 2112 3576 quod
2158 3520 2351 3572 suum,
2397 3503 2493 3560 sed
2538 3503 2681 3574 quod
2729 3502 2823 3559 Dei
2856 3510 2947 3577 est
2983 3505 3298 3575 qumrentis.
3350 3505 3481 3561 Illud

1873 3606 2048 3653 autem
2069 3638 2085 3666 ,
2117 3595 2187 3651 In
2215 3596 2435 3667 ﬁnibus,
2466 3596 2553 3651 alii
2585 3596 2803 3668 quidem
2835 3596 3053 3661 dicunt,
3086 3582 3154 3650 In
3196 3597 3484 3668 capitibus;

1820 3724 1825 3727 ι
1870 3688 1962 3744 alii
2009 3697 2187 3745 autem
2217 3729 2233 3755 ,
2292 3688 2489 3743 Nullus
2537 3689 2702 3761 fugiat
2754 3684 3100 3744 inimicorum.
3147 3689 3337 3761 Magna
3399 3702 3484 3747 est

1872 3790 2051 3835 autem
2076 3778 2209 3851 justi
2238 3780 2405 3841 virtus
2425 3781 2640 3850 quando
2668 3780 2887 3836 eosdem
2916 3781 3108 3848 habet,
3135 3796 3271 3852 quos
3300 3782 3441 3837 Deus
3461 3823 3479 3848 ,

1872 3872 2153 3941 inimicos,
2184 3880 2240 3929 et
2268 3870 2489 3929 eosdem
2519 3870 2723 3927 amicos
2770 3890 2784 3927 :
2819 3880 2874 3927 ut
2905 3885 3097 3942 magna
3126 3872 3485 3943 improbitas,

1871 3966 2087 4037 quando
2125 3966 2219 4021 Dei
2244 3965 2448 4021 amicos
2476 3964 2725 4020 inimicos
2745 4007 2762 4032 ,
2794 3973 2849 4019 et
2876 3964 3123 4020 inimicos
3146 3967 3351 4022 amicos
3380 3966 3479 4021 ha-

1870 4059 1981 4114 bet.
2010 4056 2472 4126 Quemadmodum
2500 4070 2630 4127 ergo
2656 4056 2798 4112 Deus
2822 4055 3019 4111 dicitur
3045 4057 3250 4113 habere
3294 4057 3471 4116 inimi-

1871 4164 1995 4215 cos,
2026 4165 2134 4203 non
2164 4148 2289 4204 odio
2315 4147 2551 4216 habens,
2594 4162 2770 4219 neque
2796 4162 2891 4203 eos
2914 4162 3174 4204 aversans
3193 4188 3211 4216 ,
3243 4148 3338 4205 sed
3382 4149 3482 4207 int-

1872 4242 2069 4315 probas
2108 4257 2297 4299 eorum
2342 4242 2584 4297 actiones
2611 4239 2950 4297 abhorrens:
2979 4241 3052 4296 ita
3096 4241 3261 4298 etiam
3303 4244 3485 4312 justus

1870 4334 2030 4391 habet
2057 4334 2336 4400 inimicos,
2368 4347 2475 4388 non
2502 4346 2599 4389 eos
2623 4332 2917 4399 ulciscens,
2948 4330 3047 4388 sed
3076 4332 3477 4404 improbitatem

1868 4441 2148 4482 aversans.
2192 4422 2261 4479 Et
2292 4439 2541 4496 exsurge,
2586 4422 2811 4479 Domine
2848 4422 2991 4479 Deus
3034 4440 3212 4492 meus,
3246 4425 3301 4479 i'n
3342 4443 3481 4495 prat-

1868 4528 2015 4591 cepto
2054 4518 2191 4591 quod
2231 4517 2511 4573 mandasti.
2556 4516 2709 4572 Alius
2752 4516 2917 4585 dicit,
2956 4517 3011 4572 in
3310 4518 3367 4575 8.
3410 4520 3484 4575 Et

1868 4628 2129 4684 synagoga
2162 4609 2471 4683 populorum
2513 4610 2848 4665 circumdabit
2892 4620 2960 4666 te.
2988 4610 3144 4669 Alius
3165 4611 3332 4680 dicit,
3376 4614 3483 4668 cir-

1866 4702 2067 4759 cumdet
2088 4711 2155 4759 te.
2179 4702 2249 4757 Et
2284 4711 2494 4775 propter
2514 4702 2646 4757 lianc
2669 4703 2723 4757 in
2749 4702 2911 4756 altum
2931 4708 3216 4775 regredere,
3236 4704 3478 4765 Domine.

1871 4789 2023 4853 Alius
2046 4796 2177 4852 dicit
2200 4837 2216 4865 ,
2242 4804 2292 4852 et
2312 4811 2471 4867 supra
2496 4794 2663 4866 ipsam
2686 4795 2742 4850 in
2764 4796 2927 4850 altum
2949 4808 3257 4864 convertere,
3286 4799 3441 4857 Alius
3456 4841 3476 4865 ,

1868 4887 1938 4945 Et
1982 4892 2135 4961 super
2179 4890 2276 4943 hac
2328 4888 2385 4944 in
2430 4887 2592 4942 altum
2632 4895 2899 4945 revertere.
2951 4888 3213 4947 Hebraeus
3255 4899 3475 4963 autem,

1867 4980 1999 5038 illud
2016 5022 2039 5057 ,
2070 4979 2241 5051 Super
2259 4980 2461 5052 ipsam,
2489 4978 2654 5046 dicit,
2688 4979 2898 5034 Ovalea.
2930 4979 3069 5049 Quid
3094 4991 3211 5049 est,
3243 4982 3311 5038 In
3334 5001 3475 5055 pra-

1866 5081 2010 5146 cepto
2037 5070 2176 5144 quod
2215 5070 2473 5126 mandasti
2493 5070 2521 5125 ?
2555 5069 2631 5127 Iit
2654 5084 2813 5141 opem
2849 5070 3120 5140 feramus,
3164 5072 3378 5145 inquit,
3408 5076 3476 5134 iis

1865 5164 1957 5237 qui
1986 5162 2294 5221 afﬁciuntur
2317 5161 2545 5233 injuria,
2570 5168 2628 5219 et
2654 5176 2763 5218 non
2789 5161 3126 5234 negligamus
3150 5179 3246 5221 eos
3275 5165 3476 5237 quibus

1864 5260 2147 5311 struuntur
2196 5253 2424 5309 insidiae.
2466 5251 2621 5321 Quod
2648 5261 2703 5309 tu
2747 5268 2880 5324 ergo
2916 5255 3075 5311 nobis
3117 5255 3238 5328 lege
3262 5258 3470 5314 consti-

1866 5345 2048 5415 tuisti,
2097 5343 2202 5401 hoc
2236 5344 2400 5401 etiam
2447 5342 2604 5401 factis
2639 5344 2800 5401 nobis
2832 5344 3094 5417 exprime.
3141 5348 3247 5404 Alii
3290 5359 3472 5406 autem

2287 5483 2383 5541 est,
2404 5485 2569 5529 Morel.
2593 5478 2749 5541 addit,
2786 5478 2936 5533 etim
2970 5479 3023 5533 in
3044 5494 3125 5534 eos
3146 5483 3235 5548 qui
3249 5484 3475 5537 niam

1928 5576 2263 5667 {meti-Eia
2276 5601 2429 5653 lectio
2443 5608 2540 5661 est.
2560 5606 2793 5665 musa,
2808 5617 2956 5668 quam
2968 5607 3138 5668 ϐῖκοι,
3160 5607 3242 5657 alii
3262 5622 3451 5671 pqae,“

1864 5673 1951 5745 alii
1962 5673 2345 5745 μεριιιεᾴόιιιιι
2357 5688 2384 5745 ;_
2396 5686 2549 5725 verus
2576 5683 2746 5745 autem
2782 5676 2929 5745 hujus
2948 5680 3083 5729 vocis
3102 5692 3284 5745 cousins
3298 5689 3400 5743 est,
3418 5695 3481 5734 οι

1865 5737 2302 5854 ἀ’ἶιδαῗῗξιπέιῗᾶ.
2325 5735 2573 5854 me
2585 5736 3223 5854 ῗῖιῗῗῖῗιὲθειθὶξαῗωθάίί
3261 5750 3471 5807 ⁵³η*

1866 5797 2004 5863 chus,
2027 5800 2112 5864 qui
2135 5800 2302 5861 vertit,
2327 5809 2364 5850 ιν
2386 5797 2498 5865 χῶν,
2522 5797 2573 5851 in
2597 5797 2711 5865 bile,
2734 5800 2842 5853 sive
2866 5800 3040 5855 inira.
