4178 6464
690 407 753 467 9i
1470 408 1528 465 S.
1568 408 1844 465 JOANNIS
1880 406 2356 463 ειιιιγδοετοιιι
2392 406 2709 462 ABCIIIEP.
2750 405 3281 463 CONSTANTINOP.
3898 408 3994 467 92

687 519 869 576 dicunt
890 519 1051 577 etiam
1079 517 1222 575 aliud
1244 559 1265 585 ,
1287 532 1479 590 nempe
1499 520 1742 588 promisit
1768 535 1828 577 se
1853 519 2121 574 inimicum
2151 518 2264 575 fore
2368 514 2542 593 tibus.
2567 516 2741 572 solent
2767 515 2927 573 vitam
2958 516 3125 585 ipsam
3146 516 3421 573 criminari
3452 536 3466 571 :
3498 518 3639 589 quod
3672 520 3831 575 etiam
3858 520 3989 591 ipsi

685 609 919 675 inisticis
938 610 1080 680 ejus.
1119 610 1173 666 8.
1214 607 1283 671 Et
1309 624 1570 685 synagoga
1594 610 1900 680 populorum
1935 607 2267 669 circumdabit
2376 604 2476 662 Job
2500 606 2708 665 accidit.
2728 605 2986 674 QuOCim
3003 608 3049 661 ei
3074 607 3233 663 etiam
3255 607 3524 679 dicebant,
3548 623 3675 666 cum
3702 610 3829 666 nihil
3851 610 3995 668 sci-

693 709 761 755 ts.
804 699 946 756 Nihil
987 697 1272 757 humanius
1306 714 1381 757 ne
1429 700 1515 761 hic
1551 700 1764 770 quidem
1806 699 2113 770 suspiceris.
2158 699 2268 757 Etsi

691 788 841 849 eaitu
876 788 1011 848 tales
1046 798 1171 850 sunt
1212 786 1507 855 dictiones,
1555 798 1681 845 suat
1721 796 1904 847 tamen
1952 804 2108 846 sensa
2150 803 2269 858 qua:

690 878 807 938 Bon
833 880 1172 937 conveniant.
1222 880 1359 951 Quid
1386 890 1470 937 est
1513 895 1680 950 ergo,
1711 879 2053 936 (.‘s'rcttmdabit
2079 889 2127 933 te
2145 880 2171 933 .’
2213 879 2268 937 Id

692 968 976 1035 est,.Canet
991 970 1106 1035 tibi,
1129 970 1359 1026 laudabit
1387 979 1458 1034 te,
1489 969 1643 1031 bonis
1670 978 1726 1028 et
1744 970 2051 1026 honoriﬁcis
2077 979 2128 1024 te
2141 984 2267 1025 ver-

694 1057 779 1115 bis
830 1052 1033 1117 aﬂatim
1102 1062 1479 1131 prosequetur.
1539 1060 1801 1127 Quoniam
1848 1060 1989 1119 enim
2029 1059 2131 1114 hoc
2177 1074 2271 1129 per

695 1133 891 1203 choros
917 1148 1204 1210 faciebant,
1229 1150 1283 1203 iu
1306 1151 1488 1204 urbem
1512 1152 1960 1206 circumsistentes
1990 1150 2043 1203 in
2073 1150 2270 1220 templo

693 1238 825 1295 etin
866 1237 1018 1299 altari
1043 1279 1059 1305 ,
1102 1248 1155 1293 et
1179 1239 1251 1294 ita
1270 1241 1556 1309 gratiarum
1581 1241 1819 1296 actiones
1837 1240 2174 1305 adurebant;
2200 1256 2267 1295 ex

693 1329 807 1397 ipsa
843 1330 1017 1393 standi
1067 1328 1237 1384 lanna
1277 1330 1630 1386 laudationem
1679 1346 1867 1387 eorum
1925 1330 2267 1401 signiﬁcavit.

692 1415 843 1486 Quod
867 1427 1043 1480 autem
1067 1418 1226 1485 dicit,
1257 1421 1363 1475 tale
1389 1428 1509 1475 est:
1557 1418 1854 1487 Ulciscere,
1884 1420 1965 1477 fer
1989 1420 2265 1476 auxilitum

694 1504 808 1563 Hoc
850 1516 904 1561 te
938 1518 989 1568 et
1021 1506 1173 1577 ‘apud
1224 1509 1468 1564 inimicos
1522 1508 1711 1567 reddet
1757 1511 2072 1576 excelsum.
2115 1520 2170 1565 et
2212 1518 2269 1567 ut

694 1606 815 1651 tuus
859 1595 1087 1669 populus
1137 1598 1318 1655 multis
1362 1609 1413 1654 te
1450 1600 1697 1656 laudibus
1743 1610 1796 1657 et
1823 1602 2035 1673 hymnis
2075 1610 2267 1669 ornet,

692 1686 917 1749 efﬁcies.
964 1688 1095 1744 Vide
1142 1690 1406 1759 quomodo
1449 1706 1556 1750 non
1604 1691 1744 1763 quod
1772 1706 1963 1758 suum,
2007 1690 2102 1748 sed
2126 1693 2269 1762 quod

695 1777 1103 1848 estDeiquterit
1146 1779 1359 1851 ubique.
1406 1780 1530 1839 Vult
1579 1782 1720 1837 enim
1767 1783 1937 1852 ipsum
1982 1782 2176 1852 ubique
2215 1791 2270 1836 et

695 1869 832 1937 apud
878 1870 1121 1924 inimicos
1166 1880 1221 1936 et
1244 1871 1382 1942 apud
1422 1886 1549 1935 suos
1576 1872 1742 1945 gloria
1782 1881 1837 1929 et
1864 1875 2071 1945 honore
2102 1871 2264 1929 allici.

696 1958 767 2012 Et
804 1975 895 2027 ρον
921 1960 1032 2031 ipsa
1070 1963 1123 2016 in
1165 1962 1321 2021 altum
1365 1974 1611 2023 conserte.
1659 1964 1765 2018 Pro
1809 1965 1955 2034 ipsa,
1998 1964 2269 2034 quanam?

2371 698 2571 756 rcntab
2583 714 2648 753 eo
2664 701 2800 756 male
2812 696 3013 756 factum
3038 714 3052 749 :
3070 696 3184 755 Non
3199 697 3359 768 digne
3378 715 3477 771 pro
3488 702 3727 772 peccatis
3744 701 3853 757 tuis
3865 700 3993 757 la-

2366 789 2599 859 gellatns
2644 802 2722 843 es.
2752 786 2875 856 (Job
2901 789 2997 845 55.
3010 788 3124 858 27).
3153 787 3375 860 Paulum
3400 804 3611 861 quoque
3632 792 3991 851 sceleratum

2373 878 2602 948 aliquem
2623 887 2678 935 et
2699 877 2997 935 maleficum
3019 876 3400 938 existimabant
3434 879 3641 937 barbari
3657 923 3674 948 ,
3703 882 3991 952 quoniam

2376 972 2555 1039 vipera
2580 970 2700 1039 ejus
2727 984 2939 1025 manum
2960 968 3495 1040 apprehenderat,e;t
3513 971 3636 1027 ideo
3661 972 3935 1033 dicebant
3968 990 3989 1027 :

2376 1059 2641 1121 Seruatum
2670 1075 2734 1116 ιε
2754 1060 2886 1113 usuri
2918 1061 3041 1113 ultio
3068 1077 3167 1113 non
3187 1061 3305 1114 sinit
3331 1060 3466 1115 hunc
3493 1062 3743 1117 tanaim
3796 1067 4004 1122 eiuch

2368 1151 2629 1221 (£1.28.
2672 1154 2756 1221 4).
2798 1152 2965 1206 Porro
3024 1150 3201 1211 Sentei
3256 1167 3474 1223 quoque
3519 1154 3683 1208 David
3729 1153 3986 1209 vocabat

2370 1238 2730 1305 homicidam,
2772 1248 2992 1311 propter
3032 1242 3387 1297 calamitatem
3432 1244 3569 1303 hanc
3608 1242 3865 1306 πέει-ιω
3897 1242 3991 1299 de

2372 1343 2439 1391 eo
2463 1328 2637 1385 ferens
2664 1330 2979 1389 sententiam
3009 1330 3087 1401 (2.
3115 1331 3244 1403 Reg.
3274 1331 3360 1386 l6.
3391 1333 3424 1388 7
3455 1331 3498 1402 ).

2442 1417 2498 1473 8.
2535 1416 2615 1474 Ne
2635 1433 2761 1488 ergo
2790 1418 3018 1491 idipstrm
3046 1434 3259 1490 quoque
3284 1420 3431 1478 vobis
3449 1423 3468 1453 ⁸
3495 1421 3723 1490 accidat,
3757 1436 3858 1492 age
3891 1421 3988 1479 de

2374 1504 2459 1564 his
2482 1508 2754 1578 paulisper
2778 1508 3124 1575 disseramus.
3155 1510 3349 1566 Multos
3373 1512 3515 1573 enim
3565 1514 3727 1570 audio
3765 1513 3985 1570 dicen-

2374 1606 2455 1653 tes
2498 1614 2513 1652 :
2569 1597 2626 1655 Si
2675 1599 2816 1655 Deus
2854 1610 3057 1656 amaret
3102 1603 3401 1672 pauperes,
3444 1604 3804 1681 lou'sineret
3840 1618 3990 1663 ea.

2372 1704 2669 1759 pauperes;
2699 1707 2887 1748 rursus
2914 1693 3083 1758 alios,
3125 1693 3216 1749 ubi
3260 1696 3564 1765 quempiam
3608 1698 3838 1754 viderint
3881 1698 3988 1753 iss-

2375 1780 2628 1837 llrutitate
2670 1782 2755 1841 vel
2798 1784 2985 1839 morbo
3012 1786 3307 1843 conﬂictari
3343 1788 3597 1843 diuturno
3625 1807 3646 1845 τ
3691 1790 3793 1847 Ubi
3836 1803 3987 1848 sum

2375 1872 2516 1927 illius
2544 1872 2935 1946 elcemosynm?
2963 1876 3051 1931 ubi
3073 1876 3190 1945 ejus
3219 1877 3534 1935 benefacta?
3560 1879 3639 1936 Ne
3664 1881 3715 1935 in
3734 1882 3986 1953 Inieci-gn

2378 1962 2611 2031 peccetis
2630 2002 2646 2028 ,
2676 1963 2747 2018 de
2774 1964 2855 2019 his
2881 1964 3027 2020 clare
3056 1977 3112 2021 et
3132 1968 3380 2023 distincte
3402 1968 3649 2025 dicamus
3663 1973 3704 2023 '.
3735 1971 3789 2027 Si
3815 1972 3989 2027 enim

696 2049 971 2121 Synagoga
992 2094 1007 2117 ,
1040 2053 1231 2121 inquit,
1266 2052 1369 2109 hoc
1412 2064 1516 2118 est,
1546 2063 1763 2125 propter
1802 2056 1970 2125 ipsam
2014 2055 2083 2110 tit
2108 2056 2271 2110 altum
2374 2050 2535 2107 homo
2559 2053 2648 2124 qui
2673 2055 2847 2123 sapit,
2888 2070 2988 2114 nec
3016 2056 3184 2113 bonos
3212 2058 3426 2124 odisse,
3458 2075 3558 2114 nec
3586 2062 3755 2117 malos
3778 2077 3990 2129 amaro

695 2156 921 2200 conuerte
944 2163 963 2210 ;
1008 2150 1177 2203 exalia
1217 2164 1353 2215 nos,
1398 2153 1595 2207 estoile
1632 2168 1763 2218 nos,
1815 2152 1896 2206 lac
1934 2158 1994 2206 ut
2038 2150 2146 2205 sint
2185 2165 2269 2205 res

698 2237 819 2291 alta:
853 2247 905 2292 et
946 2241 1190 2307 excelsis,
1226 2240 1308 2297 lac
1347 2252 1403 2300 ut
1448 2245 1518 2299 sit
1560 2242 1753 2299 clarior
1788 2252 1844 2298 et
1886 2241 2147 2307 illustris,
2178 2256 2271 2296 re-

698 2327 803 2381 duc
821 2330 1023 2384 eamad
1045 2332 1275 2403 priorem
1297 2336 1724 2404 prosperitatem.
1754 2334 1887 2390 Vide
1915 2344 2093 2393 autem
2134 2348 2270 2403 (ιιιο-

699 2420 859 2473 modo
880 2421 1071 2492 ubique
1102 2424 1345 2493 precibus
1380 2424 1685 2485 doctrinam.
1715 2425 2023 2480 admisceat.
2058 2424 2271 2481 Etenim

705 2526 826 2564 cum
848 2512 989 2580 [rius
1005 2513 1247 2581 dixisset,
1268 2515 1505 2574 Miserere
1520 2517 1637 2584 mei,
1650 2526 1700 2571 ει
1724 2516 1910 2571 exaudi
1931 2514 2187 2585 nttU’sal.
2214 2514 2271 2570 Δ.

698 2603 735 2655 9.
760 2602 777 2671 )
805 2643 823 2657 .
855 2604 1118 2659 convertit
1157 2619 1461 2662 sermonem
1484 2608 1556 2663 ad
1597 2606 1905 2675 consilium,
1932 2606 2009 2661 sic
2045 2605 2227 2661 dicens
2256 2624 2270 2660 :

707 2691 826 2747 Filii
869 2694 1158 2759 hominum,
1202 2712 1455 2768 quousque
1492 2698 1635 2771 graui
1664 2698 1857 2751 corde!
1902 2697 1972 2752 Et
2013 2696 2101 2751 hic
2150 2710 2271 2752 cum

700 2784 953 2847 dixisset,
978 2784 1050 2839 1n
1075 2786 1233 2840 altum
1247 2797 1499 2856 conserte,
1532 2787 1745 2843 Damius
1762 2786 1923 2858 (Ibid.
1949 2804 1999 2843 υ.
2028 2789 2115 2859 5),
2140 2788 2271 2843 sub-

698 2874 909 2945 jungit:
941 2875 997 2936 9.
1064 2874 1313 2931 Dominus
1343 2879 1594 2950 judicabt't
1639 2881 1873 2951 populos.
1910 2880 2060 2935 Alius
2096 2889 2272 2935 autem

700 2964 866 3031 dicit,
926 2964 1175 3022 Dominus
1219 2969 1549 3039 disceptabit;
1590 2968 1789 3025 docens
1830 2985 1926 3026 eos
1966 2970 2058 3042 qui
2095 2972 2273 3027 omnia

701 3069 829 3111 casu
855 3064 906 3113 et
930 3065 1133 3115 temere
1160 3059 1271 3114 lieri
1308 3069 1529 3133 putant,
1556 3061 1712 3117 rebus
1738 3062 2017 3132 quamdam
2044 3077 2276 3134 praesse

678 3146 1086 3214 ‘providentiam
1110 3134 1127 3213 ξ
1155 3165 1273 3220 qum
1296 3165 1481 3207 eorum
1505 3166 1627 3220 quas
1645 3151 1775 3207 dunt
1809 3154 2067 3211 rationem
2089 3156 2271 3226 exigit.

709 3236 973 3293 iudicium
1002 3251 1178 3296 autem
1198 3240 1287 3296 hic
1308 3241 1438 3297 dicit
1460 3251 1513 3298 et
1532 3241 1790 3310 futurum,
1808 3254 1862 3300 et
1883 3259 2139 3315 praesens.
2161 3244 2276 3301 lllic

703 3331 844 3386 enim
889 3331 1059 3403 ipsum
1099 3333 1201 3388 erit
1223 3342 1278 3388 et
1318 3335 1625 3391 universum
1648 3376 1666 3399 ,
1706 3345 1762 3391 et
1788 3337 2122 3399 manifestum
2146 3355 2162 3391 :
2188 3337 2276 3394 bic

704 3431 883 3476 autem
912 3439 981 3476 ex
1006 3432 1153 3492 parte
1186 3425 1343 3481 etiam
1375 3426 1537 3481 sumit
1581 3440 1797 3496 pinnas,
1842 3436 1897 3483 et
1934 3428 2273 3484 socordiores

710 3514 969 3575 excitans,
1000 3523 1053 3568 et
1081 3514 1397 3570 iuﬁdeliures
1417 3516 1689 3572 attrahens
1716 3518 1782 3572 ad
1803 3518 2090 3575 curandam
2116 3520 2277 3576 totius

708 3602 888 3656 mundi
919 3605 1325 3671 providentiam.
1352 3605 1539 3661 Indica
1584 3624 1694 3674 me,
1717 3608 1966 3677 Domine,
2005 3610 2277 3665 secundum

698 3694 947 3759 justitiam
974 3712 1155 3749 mm.
1180 3696 1331 3752 Alius
1352 3697 1515 3762 dicit,
1561 3697 1855 3753 Secundum
1885 3701 1977 3769 jus
2001 3717 2184 3755 meum.
2208 3700 2276 3757 Et

698 3787 973 3841 secundum
1020 3790 1357 3843 itmocetstitmt
1392 3806 1554 3845 meam
1588 3808 1740 3859 super
1778 3808 1877 3847 me.
1912 3793 1996 3847 ιο.
2027 3793 2276 3848 Consum-

710 3878 870 3931 matur
893 3872 1112 3935 nequitia
1135 3882 1471 3941 peccatumst.
1509 3873 1660 3927 Alius
1687 3874 1817 3929 dicit
1843 3891 1858 3929 :
1881 3874 2170 3945 Pcragatur
2198 3894 2279 3932 ue-

710 3958 851 4010 :atio
902 3960 1139 4016 adversus
1189 3962 1390 4032 impios.
1434 3961 1503 4018 Et
1526 3964 1711 4035 dirigas
1727 3966 1948 4035 justum.
1989 3967 2172 4032 Alius,
2210 3967 2279 4024 Et

708 4048 929 4103 stabilia
942 4038 1175 4120 justam.
1201 4052 1299 4121 Qui
1341 4053 1398 4108 tit
1424 4062 1482 4109 ut
1505 4054 1594 4124 qui
1628 4055 1753 4110 alibi
1787 4055 1946 4124 dicit,
1976 4056 2097 4112 Non
2122 4060 2277 4115 intres

707 4139 760 4190 ist
775 4139 1028 4208 judicium
1051 4158 1167 4198 cum
1206 4159 1348 4199 seruo
1389 4143 1659 4215 tso(Psal.
1688 4146 1809 4201 ΗΞ.
1837 4147 1874 4202 2
1899 4146 1921 4219 )
1942 4190 1959 4214 ,
1990 4149 2079 4206 hic
2100 4151 2275 4219 dicat,

707 4226 897 4282 Judica
916 4247 993 4287 me
1008 4234 1279 4295 secndum
1296 4235 1549 4305 justitiam
1569 4254 1729 4293 meum
1749 4238 1776 4292 ?
1799 4238 1950 4306 Quod
1975 4241 2077 4297 hoc
2091 4242 2233 4298 aliud
2253 4284 2271 4310 ,

708 4334 762 4377 ut
791 4320 919 4377 illud
942 4323 1083 4379 aliud
1102 4325 1191 4380 sit.
1221 4324 1313 4381 ille
1336 4328 1479 4382 enim
1508 4328 1717 4395 dicens,
1741 4328 1864 4386 Non
1883 4331 2039 4386 intres
2065 4332 2118 4387 in
2134 4336 2281 4404 judi-

708 4413 842 4467 t-t'attt
873 4429 988 4468 cum
1014 4430 1155 4473 servo
1180 4423 1295 4483 tua,
1320 4416 1612 4488 signiﬁcat,
1652 4418 1730 4479 Ne
1758 4429 1811 4475 tu
1837 4437 2045 4477 succum
2078 4422 2279 4493 judicio

708 4504 1076 4575 contenderis,
1112 4520 1184 4575 pe
1228 4521 1403 4566 meam
1446 4509 1649 4576 vitam,
1689 4525 1812 4567 cum
1858 4512 1964 4567 tuis
2005 4512 2278 4570 beneﬁciis

710 4596 1033 4654 sontmudo
1052 4640 1070 4665 ,
1092 4597 1505 4658 examinaveris.
1534 4600 1604 4657 Et
1629 4600 1753 4658 ideo
1770 4601 2043 4673 subiunxit
2076 4605 2235 4661 etiam
2259 4622 2274 4661 :

714 4686 849 4751 Quis
874 4703 974 4742 non
992 4688 1354 4759 jutiﬁcabitur
1377 4691 1431 4748 its
1454 4702 1725 4761 conspectu
1748 4701 1836 4748 tuo
1874 4693 2038 4750 omnis
2074 4696 2241 4751 visas
2257 4735 2277 4763 ,

709 4776 812 4833 hoc
830 4784 932 4844 est,
961 4778 1008 4835 si
1038 4786 1210 4838 locum
1236 4780 1290 4835 iu
1307 4778 1502 4850 iudicio
1518 4781 1821 4839 conteudat.
1852 4781 1951 4839 llic
1966 4792 2145 4841 autem
2170 4802 2278 4844 non

710 4870 813 4925 hoc
835 4870 1003 4930 dicit:
1029 4872 1272 4930 nonvult
1295 4873 1439 4930 enim
1484 4874 1539 4933 in
1575 4872 1777 4945 judicio
1814 4891 1938 4933 cum
1978 4877 2096 4949 ipso
2144 4893 2277 4936 cou-

712 4959 932 5017 tendere
953 5002 971 5027 ,
997 4962 1092 5019 sed
1111 4976 1317 5019 secum.
1343 4962 1415 5019 Et
1450 4963 1572 5021 ideo
1601 4963 1733 5020 dicit
1750 5004 1770 5030 ,
1798 4964 2089 5025 Secundini
2118 4969 2277 5040 justi-

712 5055 835 5108 siam
852 5068 1033 5119 mm.
1052 5054 1154 5113 hoc
1176 5062 1281 5121 est,
1301 5054 1605 5115 Sananda-
1618 5056 1874 5126 justitiam
1900 5072 2021 5127 quas
2039 5072 2157 5116 mea
2172 5069 2277 5117 est.

710 5143 977 5200 Justitiam
1018 5154 1194 5213 autem
1222 5143 1310 5204 hic
1330 5143 1460 5203 dicit
1476 5184 1498 5210 ,
1523 5160 1627 5201 non
1647 5146 1876 5215 cmpisse
1900 5147 2148 5207 manibus
2171 5148 2278 5203 ini-

709 5235 829 5306 quis
847 5236 1055 5302 rixam;
1082 5234 1223 5306 quod
1251 5234 1384 5294 dixit
1401 5237 1646 5306 superius
1664 5277 1679 5300 ,
1710 5235 1771 5291 Si
1792 5236 1886 5293 hoc
1920 5236 2050 5306 Ieci,
2073 5246 2128 5293 et
2156 5255 2277 5309 qua:

711 5335 1031 5399 aquantur.
1077 5326 1219 5385 Idem
1266 5336 1444 5387 autem
1484 5326 1745 5398 signiﬁcat
1787 5327 1945 5395 illud.
1987 5326 2277 5386 Secundum

710 5418 1049 5473 innocentiam
1104 5433 1304 5482 assam;
1348 5416 1649 5474 Secundum
1712 5418 1849 5484 hoc,
1906 5417 2110 5488 inquit,
2156 5420 2277 5475 volo

708 5509 951 5579 iudicari.
974 5494 1159 5581 lugu:
1181 5517 1264 5564 cst
1290 5510 1447 5563 etiam
1470 5508 1556 5564 hic
1566 5508 1695 5579 justi
1722 5507 1932 5563 ﬁducia.
1965 5508 2091 5565 llaec
2117 5523 2277 5581 porro

711 5600 839 5653 dicit
860 5608 1094 5654 coactus.
1124 5599 1192 5654 Et
1216 5598 1482 5669 quomodo
1504 5599 1528 5652 ἲ
1554 5599 1707 5668 Quod
1732 5598 1892 5659 tuulti‘
1911 5600 2059 5657 stulti
2078 5598 2146 5661 ex
2171 5600 2235 5655 iis
2256 5642 2272 5665 ,

710 5706 827 5761 spite
848 5691 1173 5761 patiebatur,
1217 5695 1409 5761 malam
1436 5691 1504 5748 de
1526 5706 1595 5747 eo
1632 5693 1939 5763 opinionem
1981 5693 2273 5763 cepissent.

717 5782 955 5854 Plerique
998 5783 1140 5839 enim
1164 5780 1311 5843 stulti
1339 5797 1402 5838 cx
1447 5782 1512 5840 tis
1550 5796 1668 5854 qua
1713 5783 1958 5841 accidunt
1999 5784 2272 5841 calamita-

2366 2150 2588 2216 potest,
2633 2147 2905 2215 quomodo
2936 2157 2991 2201 ιιι
3028 2147 3194 2203 audes
3231 2148 3298 2202 de
3334 2149 3559 2203 Domino
3593 2151 3770 2207 dicere
3794 2192 3810 2216 ,
3855 2153 3983 2209 Eoo

2373 2233 2461 2305 qui
2510 2242 2634 2291 sunt
2680 2235 2731 2289 in
2765 2245 3075 2305 paupertate
3112 2237 3224 2292 odit
3261 2238 3404 2297 Deus
3428 2280 3444 2304 ,
3484 2239 3584 2295 etsi
3621 2242 3728 2295 sint
3764 2242 3981 2297 virtute

2372 2325 2579 2397 praediti
2610 2343 2624 2378 :
2656 2325 2847 2385 divites
2871 2335 3068 2391 autem.
3096 2330 3196 2384 etsi
3221 2330 3328 2382 sint
3367 2330 3543 2384 vitiosi
3586 2340 3641 2387 et
3678 2332 3976 2401 scelerati,

2375 2416 2592 2487 diligit;
2642 2418 2955 2474 maledicum
3017 2429 3072 2476 ct
3133 2419 3499 2488 blasphemum
3558 2438 3620 2476 os
3668 2424 3919 2493 aperiens
3950 2465 3975 2493 ,

2370 2522 2548 2577 neque
2571 2510 2884 2577 gravitatem
2912 2508 3251 2564 absurditatis
3272 2510 3685 2565 animadvertis?

2450 2599 2586 2654 Deus
2639 2615 2883 2669 quosnam
2915 2610 3076 2656 autat.
3093 2600 3259 2677 —Ne
3284 2616 3413 2672 ergo
3430 2668 3433 2673 η
3450 2616 3639 2671 pecces
3668 2603 3721 2656 in
3746 2603 3973 2670 talibus,

2368 2689 2521 2751 disice
2544 2689 2667 2759 quid
2703 2690 2841 2745 Deus
2864 2699 3007 2745 amat
3035 2698 3090 2744 et
3113 2690 3245 2745 odit.
3264 2690 3432 2759 Quem
3461 2706 3588 2762 ergo
3616 2701 3759 2746 amat
3782 2692 3925 2748 Deus
3943 2694 3975 2749 τ

2377 2780 2513 2837 Eum
2543 2780 2629 2849 qui
2678 2779 2924 2835 mandata
2972 2780 3087 2849 ejus
3124 2791 3318 2835 servat.
3363 2779 3491 2834 Eum
3546 2783 3689 2841 enim
3742 2784 3970 2852 ambo,

2378 2870 2632 2939 inquit,et
2659 2871 2851 2924 ueniam
2873 2870 2944 2924 ad
2962 2886 3073 2931 eum
3101 2870 3278 2941 (Jama.
3307 2872 3395 2926 ﬂ.
3424 2871 3515 2925 21.
3544 2871 3641 2939 εδ)
3670 2889 3683 2925 :
3707 2887 3813 2927 non
3838 2889 3971 2927 eum

2377 2961 2467 3032 qui
2493 2970 2576 3016 est
2600 2960 2785 3027 dives,
2818 2975 2924 3015 non
2962 2975 3082 3015 eum
3110 2960 3202 3030 qui
3225 2976 3388 3020 sanus
3414 2970 3530 3028 est,
3568 2962 3661 3017 sed
3687 2962 3774 3032 qui
3812 2971 3971 3033 paret

2379 3052 2512 3107 meis
2562 3052 2863 3123 praeceptis.
2891 3051 3187 3119 Quemnam
3222 3062 3400 3111 autem
3433 3053 3546 3107 odit
3570 3063 3625 3107 et
3656 3054 3971 3109 aversatur?

2378 3143 2512 3201 Eum
2542 3145 2631 3215 qui
2663 3153 2925 3215 praecepta
2952 3144 3070 3212 ejus
3090 3158 3196 3199 non
3217 3143 3361 3199 facit.
3390 3144 3615 3213 Quando
3638 3161 3767 3216 ergo
3802 3146 3964 3202 vitle-

2378 3236 2455 3289 ris
2481 3236 2735 3307 aliquem,
2767 3236 2856 3306 qui
2888 3245 3150 3306 praecepta
3194 3236 3312 3305 ejus
3348 3252 3455 3292 non
3496 3246 3708 3302 servat,
3751 3237 3969 3294 etiamsi

2378 3340 2543 3381 sanus
2565 3327 2654 3392 sit,
2675 3327 2883 3382 etiamsi
2907 3327 3097 3397 opibus
3124 3325 3339 3393 atlluat,
3376 3329 3517 3382 refer
3544 3343 3665 3381 cum
3693 3328 3744 3382 in
3770 3343 3966 3383 nume-

2379 3432 2498 3473 rum
2523 3432 2707 3474 eorum
2736 3418 2827 3489 qui
2858 3418 2985 3473 odio
3009 3417 3275 3473 habentur
3300 3436 3313 3471 :
3342 3419 3512 3473 virum
3549 3427 3725 3472 autem
3767 3420 3972 3477 virtute

2382 3508 2684 3579 pmditum,
2709 3508 2915 3565 etiamsi
2941 3518 3199 3580 aegrotum
3221 3508 3417 3566 videris
3444 3519 3495 3565 et
3535 3509 3708 3578 inopia
3733 3525 3964 3580 oppres-

2378 3612 2517 3663 sum,
2547 3599 2685 3653 inter
2708 3612 2804 3653 eos
2830 3599 2919 3668 qui
2946 3608 3197 3653 amantur
3221 3614 3534 3653 annumera.
3584 3598 3699 3654 Non
3726 3600 3870 3656 enim
3908 3601 3971 3657 its

2380 3690 2465 3746 liis
2482 3690 2725 3745 consistit
2749 3689 3002 3773 amicitia,
3028 3690 3123 3745 sed
3149 3689 3204 3745 in
3236 3690 3359 3744 illis.
3391 3691 3582 3744 Annon
3625 3689 3775 3744 vides
3800 3692 3967 3746 etiam

2381 3783 2437 3837 in
2479 3782 2635 3837 rebus
2665 3781 2949 3847 humanis,
2992 3796 3175 3851 regum
3213 3781 3414 3836 amicos
3444 3780 3500 3834 iu
3535 3780 3691 3835 bellis
3729 3781 3971 3836 maxima

2380 3873 2528 3927 adire
2555 3872 2811 3942 pericula,
2842 3880 2896 3927 et
2932 3873 3171 3941 accipere
3195 3871 3444 3935 vulnera,
3476 3880 3532 3931 et
3556 3886 3781 3941 peregre
3804 3872 3966 3942 proli-

2382 3962 2547 4017 cisci‘!
2587 3962 2701 4017 Non
2738 3961 2982 4017 audivisti
3011 3961 3151 4031 quod
3178 3961 3431 4031 scriptum
3456 3972 3576 4015 est:
3608 3961 3771 4026 Quem
3797 3962 3973 4033 diligis

2384 4053 2651 4116 Dominus,
2674 4050 2889 4123 castigat
2921 4069 2941 4107 :
2967 4053 3197 4124 ﬂagellat
3223 4061 3395 4108 autem
3423 4068 3620 4106 omnem
3642 4052 3966 4123 ﬁliumqut-us

2380 4146 2555 4214 recipit
2583 4143 2766 4213 (Hebr.
2800 4145 2887 4199 η.
2918 4144 3014 4210 6)?
3061 4145 3130 4199 At
3158 4142 3307 4199 multi
3329 4185 3344 4210 ,
3384 4143 3588 4211 inquit,
3613 4142 3967 4200 olfenduutur

2383 4236 2499 4291 haec
2527 4236 2786 4290 videntes.
2828 4235 2942 4290 Non
2965 4236 3201 4305 ipsorum
3230 4248 3412 4300 causa,
3440 4233 3537 4288 sed
3561 4243 3778 4303 propter
3809 4250 3960 4291 suam

2383 4327 2677 4384 stultitiam.
2719 4325 2833 4382 Non
2859 4326 3016 4381 datur
3038 4326 3181 4381 enim
3209 4324 3293 4379 hic
3324 4323 3475 4378 nobis
3503 4324 3746 4379 laborum
3782 4340 3969 4381 remu-

2384 4418 2589 4473 neratio
2606 4432 2627 4482 ;
2644 4416 2738 4471 sed
2760 4424 2885 4471 sunt
2908 4415 3220 4486 bicquidem
3235 4414 3463 4470 stadium
3489 4421 3545 4468 et
3556 4427 3720 4468 arena
3742 4428 3757 4466 :
3777 4424 3962 4485 postea

2383 4514 2560 4562 autem
2600 4516 2759 4560 erunt
2806 4505 3022 4576 praemia
3065 4512 3120 4558 et
3158 4517 3391 4557 coronas.
3444 4500 3501 4557 In
3547 4511 3789 4570 tempore
3831 4517 3963 4573 ergo

2384 4597 2539 4652 lucta:
2573 4603 2629 4652 et
2666 4596 2721 4652 in
2754 4595 2841 4650 die
2876 4592 3129 4662 pancratii
3171 4590 3246 4665 (ai
3290 4606 3358 4646 ne
3383 4604 3592 4660 quturas
3626 4591 3859 4660 quietem
3905 4599 3966 4647 es

2381 4686 2545 4744 animi
2570 4685 2973 4753 remissionem:
2994 4697 3096 4739 nec
3122 4679 3415 4737 confundas
3432 4686 3693 4750 tempora.
3719 4678 3789 4734 At
3806 4678 3961 4737 multi

2380 4785 2526 4843 sunt,
2558 4774 2749 4847 inquit,
2777 4771 3171 4830 imbecilliores.
3210 4768 3317 4827 Sed
3355 4768 3495 4825 Deus
3530 4768 3614 4825 his
3646 4769 3806 4826 etiam
3831 4785 3959 4842 pro-

2381 4865 2546 4933 vidit;
2574 4872 2630 4919 et
2649 4862 2891 4933 permisit
2913 4870 2973 4917 ut
3010 4860 3165 4916 multi
3200 4859 3361 4916 etiam
3396 4858 3527 4928 justi
3551 4858 3640 4914 hic
3664 4872 3876 4931 quoque
3902 4859 3958 4917 in

2381 4960 2731 5034 prosperitate
2754 4964 2992 5027 agerent,
3019 4968 3128 5010 nou
3172 4961 3391 5023 propter
3415 4952 3535 5007 illos
3556 4992 3575 5019 ,
3618 4951 3715 5009 sed
3741 4961 3959 5022 propter

2382 5046 2775 5106 imbecilliores.
2805 5044 2982 5111 Quare
3003 5042 3106 5099 etsi
3135 5050 3189 5098 te
3207 5040 3481 5097 otl‘endunt
3502 5041 3593 5111 qui
3618 5040 3805 5097 suntin
3821 5039 3962 5097 alli-

2381 5142 2579 5206 ctione,
2608 5136 2877 5193 :cdiilcent
2902 5148 3087 5191 rursus
3111 5132 3200 5204 qui
3228 5132 3284 5188 in
3322 5132 3502 5203 quiete
3528 5132 3692 5187 vitam
3713 5130 3913 5203 degunt
3938 5150 3959 5188 :

2380 5244 2437 5293 et
2455 5234 2501 5290 si
2528 5243 2582 5291 te
2608 5230 2951 5303 supplantant
2986 5226 3240 5295 scelesti,
3270 5226 3360 5297 qui
3403 5225 3567 5281 rebus
3610 5232 3833 5279 utuntur
3867 5239 3958 5281 sub

2442 5430 2465 5461 θ
2487 5418 2699 5477 διτιιξίη
2718 5421 3049 5485 textulegit,
3065 5423 3171 5485 utre
3201 5425 3426 5474 accurate
3448 5418 3769 5485 manus
3786 5428 3808 5485 ;_
3828 5418 3962 5470 idem

2380 5456 2699 5561 οοῇιἨἏῖ
3348 5456 3957 5540 ἦῖἴεῒοὲἓζᾶῑῆ

2380 5562 2528 5607 nunc,
2551 5548 2781 5598 omittunt
2801 5543 2967 5607 sanl_.,
2988 5551 3105 5607 neg.
3119 5540 3311 5607 etoolb.
3412 5600 3425 5607 _
3557 5606 3563 5607 ί
3651 5598 3663 5607 _
3820 5606 3829 5607 ί

2381 5668 2545 5721 autem
2577 5668 2797 5730 ludorum
2820 5678 3004 5730 genera
3025 5668 3259 5730 quinque,
3278 5677 3391 5730 quas
3410 5676 3507 5713 una
3528 5674 3856 5730 vocem
3878 5674 3961 5730 vg-

2382 5734 2631 5783 cabautur.
2652 5738 2746 5781 ttae
2761 5721 2905 5780 de're
2923 5721 3108 5783 vide'iu
3123 5721 3349 5791 Aittiduit.
3372 5730 3553 5785 nostra.
3573 5731 3719 5777 τωο
3738 5721 3878 5784 sum
3906 5722 3959 5773 5.

2386 5792 2625 5858 [333-2919
