4070 6498
42 1152 47 1231 i

48 1776 53 1821 ξ

48 1864 51 1901 π

46 1904 57 2025 l

155 488 319 553 elidi.
362 496 418 545 te
456 488 693 560 erigant
728 496 798 545 et.
833 494 1123 542 recrecnt
1149 484 1240 555 qui
1273 492 1585 554 torquentur
1610 496 1675 536 ac
1705 494 1802 551 pu-

158 579 351 635 I'utlr.
377 578 501 634 Non
535 578 830 633 audivisti
854 575 1167 631 Christum
1196 572 1462 629 dicentem
1489 590 1502 626 :
1529 571 1590 626 In
1616 571 1806 625 mundo

160 670 429 740 θρόου-
449 666 729 723 δοθεωὼ
762 667 982 737 (1m.
1016 665 1113 721 ιδ.
1143 662 1275 738 33)?
1298 662 1437 730 Quid
1464 678 1592 732 ergo
1609 663 1805 733 quaeris

164 763 352 830 qualem
396 776 525 815 cum
576 761 683 815 ille
734 760 877 815 hac
926 756 1185 812 dixerit?
1231 755 1346 812 Non
1386 754 1632 809 audivisti
1681 768 1804 809 eum

164 852 382 906 dicentem
410 868 429 905 :
463 850 726 905 laudas
754 848 1041 921 gaudebit
1060 863 1085 912 ,°
1123 863 1212 901 uos
1249 853 1417 900 autem
1442 845 1647 899 tristitia
1689 844 1803 915 ani-

366 941 542 1015 (ηδε.
591 959 649 997 u.
683 940 843 1013 ειη-ί
898 938 1155 995 Proinde
1194 946 1621 994 consentaneum
1660 945 1806 991 esset

165 1032 327 1088 Mi
348 1033 816 1104 insipientiores,
854 1030 909 1085 si
941 1031 1017 1085 iis
1050 1044 1175 1100 qua:
1198 1028 1333 1085 dixit
1358 1028 1637 1084 evenirent
1674 1042 1804 1082 con-

170 1130 299 1184 tra-ia
324 1146 342 1185 :
365 1130 447 1185 sin
474 1137 678 1184 autem
703 1128 923 1184 omnia
952 1127 1221 1183 eveniunt
1260 1142 1327 1184 ex
1374 1127 1754 1198 consequentia
1782 1167 1800 1194 ,

174 1235 249 1273 car
266 1237 385 1292 ergo
405 1219 726 1276 attenderis
742 1220 773 1272 τ
810 1219 887 1273 Et
916 1233 1049 1282 cur,
1065 1218 1258 1289 inquit,
1276 1217 1416 1274 Deus
1438 1218 1509 1272 ita
1526 1216 1801 1273 decrevit?

176 1310 238 1365 Ε
269 1313 504 1381 inquire,
548 1326 663 1367 nec
705 1312 797 1366 sis
849 1310 1092 1365 nimium
1136 1310 1397 1366 curiosus.
1452 1308 1634 1379 Neque
1658 1312 1797 1364 enim

178 1401 275 1455 6d
295 1402 589 1472 ﬁgmentum
622 1401 807 1472 figulo
824 1401 1023 1474 (Rom.
1048 1400 1102 1456 9.
1125 1398 1252 1474 20):
1279 1399 1381 1455 Cur
1403 1417 1482 1455 me
1504 1401 1578 1455 sic
1596 1401 1801 1472 fecisti?

182 1490 439 1560 Propterea
482 1493 658 1547 etiam
694 1490 986 1561 pmpheta
1018 1489 1335 1561 increpabat
1371 1488 1623 1559 Judtcos,
1654 1490 1797 1560 quod

184 1581 810 1637 «innumerabilibus
857 1589 1053 1636 essent
1095 1580 1251 1635 malis
1284 1579 1508 1647 referti,
1556 1580 1650 1636 Dei
1685 1581 1798 1635 vias

188 1670 321 1723 aith
345 1671 561 1727 curiose
589 1678 1020 1734 scrutarentur,
1055 1668 1239 1724 dicens
1278 1687 1292 1722 :
1348 1669 1493 1724 Scire
1530 1669 1637 1725 vias
1660 1686 1798 1725 utens

190 1761 489 1825 Manut,
541 1769 833 1829 tanquam
876 1760 1103 1830 populus
1129 1760 1217 1828 qui
1264 1759 1382 1830 fecit
1411 1759 1695 1831 justitiam,
1746 1769 1797 1816 et

188 1852 410 1919 ivdici-
450 1851 551 1907 Dei
590 1852 681 1908 sui
715 1869 830 1905 non
873 1852 1083 1923 reliquit
1114 1850 1266 1923 flaui.
1296 1852 1384 1907 58.
1410 1853 1480 1925 2)
1515 1868 1528 1904 :
1578 1854 1796 1924 perinde

194 1939 450 2001 Fide-tes.
473 1956 540 1997 ac
568 1942 621 1996 si
656 1942 792 2010 quis
814 1954 1011 1996 servus
1037 1942 1125 2010 qui
1154 1940 1462 1997 offendisset
1482 1983 1498 2006 ,
1539 1953 1592 1997 et
1635 1943 1792 1997 innu-

194 2031 503 2085 mbiiium
550 2041 709 2087 esset
734 2046 868 2085 reus
896 2032 1181 2085 criminum
1207 2072 1224 2097 ,
1264 2033 1516 2087 omittens
1560 2034 1793 2088 studium

194 2120 427 2177 mittere
443 2133 503 2177 ut
529 2123 767 2178 sedetur
791 2123 875 2177 ira
894 2121 1123 2188 domini,
1136 2123 1313 2194 exigat
1332 2123 1401 2179 ab
1419 2139 1486 2180 eo
1509 2135 1792 2193 mttoncm,

195 2227 276 2266 cur
311 2214 385 2268 sic
407 2213 626 2270 fouet-it.
675 2213 763 2269 Ne
790 2215 911 2269 base
945 2214 1123 2284 itaque
1154 2214 1391 2285 inquiras
1412 2257 1426 2280 ,
1477 2231 1577 2271 nec
1615 2230 1795 2272 cesses

197 2303 330 2365 lere,
356 2311 409 2357 et
434 2304 648 2371 lugere,
680 2312 737 2358 et
766 2312 854 2359 tua
881 2313 1099 2374 peccata
1126 2304 1362 2360 abluere.
1390 2305 1516 2361 Ητεο
1537 2305 1658 2362 dico
1686 2322 1792 2360 non

196 2394 323 2459 quod
354 2411 457 2449 non
486 2396 704 2464 possim
738 2396 1006 2451 rationem
1035 2396 1237 2465 dicere,
1290 2396 1386 2451 sed
1437 2397 1622 2453 volens
1650 2409 1702 2454 te
1726 2398 1794 2453 ab

199 2482 291 2539 bc
315 2485 470 2539 annis
498 2486 722 2540 curiosa
748 2486 1160 2556 investigatione
1180 2485 1247 2540 ad
1267 2486 1456 2541 salutis
1487 2496 1589 2542 tute
1607 2501 1790 2542 curam

198 2574 483 2630 ιπὼκετε.
528 2575 642 2630 Cur
665 2590 801 2646 ergo
831 2577 908 2631 sic
943 2575 1144 2647 jussit?
1176 2576 1419 2632 llumano
1452 2577 1790 2647 generi'par-

198 2680 339 2719 reas.
392 2666 661 2721 Laborem
688 2668 836 2721 enim
866 2668 951 2720 hic
970 2707 983 2731 ,
1002 2656 1101 2721 ‘nbi
1131 2666 1307 2721 brevis
1334 2677 1417 2722 est
1447 2666 1555 2722 vita
1580 2709 1596 2734 ,
1641 2668 1794 2721 attri-

196 2754 317 2814 buit.
338 2771 577 2812 erironas
603 2764 788 2811 autem
816 2757 870 2828 in
895 2754 1133 2811 futurum
1159 2758 1495 2823 reservavit,
1542 2757 1629 2812 ubi
1656 2756 1793 2811 senii

196 2861 393 2912 apri-5
437 2854 519 2901 est
571 2862 790 2912 aevum,
831 2856 886 2901 et
926 2862 1212 2918 numquam
1254 2848 1566 2903 finiendum.
1612 2849 1675 2904 Et
1706 2848 1792 2904 hic

194 2934 402 3002 eidem
430 2936 588 2991 labor
625 2936 879 2992 celeriter
916 2937 1141 2991 solvitur
1164 2946 1221 2993 et
1268 2936 1579 3006 pr.cterﬂuit
1626 2956 1641 2993 τ
1692 2939 1781 2995 illa

196 3040 363 3081 autem
412 3037 636 3084 manent
692 3029 1049 3095 immortalia,
1099 3039 1153 3085 et
1187 3047 1475 3101 numquam
1530 3032 1788 3090 desitnra.

199 3121 403 3190 Alioqui
428 3132 611 3177 autem
640 3130 861 3177 exercet
890 3123 1052 3177 etiam
1084 3124 1286 3178 animas
1310 3123 1376 3179 ad
1416 3139 1651 3181 amorem
1686 3127 1794 3181 vir-

198 3212 331 3266 ilis.
360 3212 591 3280 Quando
620 3214 767 3269 enim
795 3215 883 3270 vel
912 3230 1037 3269 cum
1077 3215 1350 3272 laboribus
1394 3218 1562 3286 ipsam
1605 3219 1786 3289 eligit,

196 3303 425 3356 nidum
464 3304 748 3373 pmmium
794 3305 1071 3375 accipiens
1096 3346 1112 3370 ,
1162 3305 1450 3362 meditatur
1492 3322 1619 3379 erga
1670 3324 1788 3365 eam

197 3395 588 3477 amantissime
613 3395 759 3450 al'lici
789 3412 805 3450 :
832 3396 1049 3466 quando
1085 3406 1262 3453 autem
1288 3399 1449 3454 etiam
1482 3413 1603 3455 cum
1630 3401 1786 3456 vuln-

202 3493 333 3551 ptate
361 3486 499 3557 fugit
519 3488 706 3542 vitium
733 3529 749 3551 ,
794 3490 1113 3559 supplicium
1142 3491 1385 3547 nondum
1421 3503 1637 3562 experta
1663 3535 1678 3560 ,
1721 3495 1787 3550 ad

201 3576 361 3645 ipim
380 3579 508 3632 odio
524 3578 829 3634 habendum
854 3588 909 3634 et
926 3580 1279 3637 aversandum
1306 3593 1606 3640 exercetur.
1637 3584 1790 3642 Unde

200 3670 279 3723 id
314 3680 377 3725 ut
421 3687 487 3724 ex
534 3670 641 3725 hoc
666 3671 898 3741 accipiat
925 3670 1164 3728 habitum
1190 3683 1244 3729 et
1266 3673 1373 3730 odii
1402 3675 1658 3732 adversus
1685 3677 1790 3732 im-

198 3762 505 3827 pubitatem
531 3804 547 3829 ,
600 3772 657 3817 et
697 3764 901 3819 amoris
946 3764 1002 3819 in
1042 3766 1313 3822 virtutem.
1349 3768 1446 3822 Est
1472 3769 1633 3824 etiam
1684 3771 1787 3825 alia

198 3856 339 3905 ratio.
367 3853 631 3920 Qtrrmm
656 3863 836 3909 autem
856 3869 920 3910 ea
942 3855 1062 3911 est?
1080 3855 1308 3912 Afﬂictio
1325 3872 1422 3913 nos
1442 3859 1526 3914 vel
1553 3862 1785 3917 maxime

198 3945 404 4006 excitat.
432 3945 741 4009 conﬁrmat,
776 3954 830 4000 et
857 3946 1106 4002 fortiores
1146 3948 1319 4003 reddit
1346 3949 1411 4003 ad
1432 3949 1666 4005 studium
1696 3967 1788 4007 sa-

473 4036 542 4090 Et
564 4052 690 4092 cum
713 4037 815 4091 hac
839 4039 1001 4092 etiam
1024 4038 1148 4093 alia.
1194 4038 1448 4108 Quaenam
1476 4050 1655 4097 autem
1684 4044 1786 4099 ea?

200 4126 307 4180 hit
335 4142 442 4183 nos
468 4128 669 4183 docere
699 4131 986 4199 pmontia
1016 4129 1320 4199 despicere,
1348 4142 1528 4189 etnon
1561 4134 1640 4190 eis
1663 4150 1786 4191 esse

194 4219 369 4275 ὡκ
392 4230 453 4275 et
477 4221 747 4292 alligatos.
777 4220 1065 4291 Propterea
1094 4222 1435 4282 afﬂictionem
1466 4227 1711 4285 attribuit
1729 4237 1785 4285 et

196 4310 417 4366 hom
448 4328 466 4364 :
494 4326 622 4379 quae
651 4323 832 4368 autem
862 4312 1000 4368 bona
1028 4322 1153 4369 sunt
1178 4315 1478 4386 etjueunda
1497 4359 1513 4386 ,
1546 4331 1605 4374 ut
1627 4319 1783 4377 facile

190 4400 517 4455 mla-rentur
541 4398 750 4478 eﬂ’ecit.
784 4398 1171 4465 Commetur
1193 4407 1419 4476 nequitia
1437 4418 1785 4478 peccatorum,

192 4496 234 4537 et
268 4493 461 4565 ﬁt,“
499 4494 734 4563 justam.
785 4492 921 4561 Quid
971 4505 1098 4562 est,
1149 4496 1570 4556 Consummetur?
1611 4500 1783 4569 lnfer,

190 4585 364 4651 mugiit,
389 4584 754 4655 supplicium.
788 4593 843 4638 et
861 4586 1121 4654 reprimes
1148 4587 1266 4643 illos
1287 4604 1323 4642 a
1342 4591 1490 4645 vitio.
1521 4590 1791 4659 Quemad-

185 4675 383 4731 κω
425 4678 580 4732 enim
617 4674 809 4729 ulcera
852 4676 1059 4745 putrida
1090 4677 1285 4734 cedunt
1328 4682 1525 4737 amaris
1553 4683 1789 4739 medica-

183 4770 354 4821 mentis
372 4810 393 4833 ,
436 4768 653 4845 ειειὶρηί
694 4776 753 4822 et
780 4766 1143 4825 sectionibus:
1175 4770 1244 4826 ita
1270 4772 1433 4829 etiam
1462 4790 1559 4845 per
1585 4777 1789 4848 suppli-

180 4869 297 4911 m
321 4868 552 4914 arcetur
578 4855 938 4924 improbitas.

229 4948 278 5005 9.
318 4950 577 5023 Legendi
610 4948 713 5019 qui
750 4956 869 5017 post
909 4960 1168 5019 pacatam
1210 4954 1291 5008 hic
1330 4971 1433 5010 non
1482 4958 1781 5028 puniuntur.

172 5038 253 5091 Cu
272 5051 579 5111 peccatore:
602 5055 716 5093 non
738 5038 872 5091 dant
897 5038 979 5092 hic
1007 5055 1181 5110 ptem
1210 5053 1551 5114 peccatorum.
1568 5048 1784 5105 —Cum

175 5132 403 5201 laeta-go
432 5127 875 5209 intelligamus,
924 5144 1032 5184 non
1070 5141 1283 5200 oportet
1325 5150 1419 5191 eos
1462 5135 1664 5194 deﬂere
1687 5140 1777 5210 qui

168 5222 435 5281 meatur
461 5234 525 5282 et
558 5220 854 5293 supplicio
877 5220 1206 5290 afﬁciuntur,
1226 5225 1531 5298 sedeosqui
1551 5245 1783 5300 peccan-

170 5320 229 5365 tu
248 5318 412 5373 muas
432 5315 690 5372 uncino
720 5325 925 5383 pinnas
954 5312 1135 5368 luunt.
1161 5313 1393 5371 Primum
1414 5320 1557 5373 enim
1586 5322 1782 5375 malum

166 5413 241 5467 es,
264 5421 486 5477 peccare
515 5426 535 5462 :
572 5403 903 5462 secundum
933 5410 1126 5457 autem
1150 5442 1166 5465 ,
1203 5404 1247 5458 si
1274 5409 1616 5475 peccantibus
1641 5410 1785 5467 nulla

169 5496 437 5558 litium:
462 5501 782 5559 medicina.
811 5498 941 5555 luto
964 5494 1056 5551 vel
1082 5494 1188 5551 hoc
1209 5499 1435 5567 primum
1447 5502 1571 5572 jure
1592 5504 1787 5561 dixerit

168 5592 393 5663 mi,
412 5608 475 5654 et
505 5598 675 5671 longe
693 5596 969 5671 gravius.
995 5588 1466 5656 Quemadmodum
1495 5596 1639 5650 enim
1671 5612 1779 5652 non

179 5694 289 5747 μη
310 5701 380 5747 αι
404 5705 703 5767 mare,
740 5688 859 5751 κά
892 5697 1039 5743 cum
1069 5683 1165 5752 qui
1195 5693 1417 5753 :rgrotat
1441 5701 1545 5741 non
1571 5688 1780 5756 curari;

184 5782 242 5832 lt
262 5793 355 5845 cla,-
384 5790 481 5867 qui
499 5792 706 5853 υιεετο
751 5778 1025 5863 putrida
1074 5770 1289 5828 laborat
1317 5774 1651 5849 simpliciter,
1684 5778 1779 5838 dc-

1350 366 1714 428 sxrosmo
1751 364 1820 423 tN
1856 363 2184 424 astutum
2228 370 2335 425 vn.
3431 375 3505 436 ω

1920 479 2131 547 ﬂemus,
2158 483 2251 539 sed
2271 484 2360 555 qui
2398 485 2601 541 laborat
2631 486 2845 557 quidem
2865 527 2883 554 ,
2911 496 2968 543 et
2997 487 3143 561 jacet
3180 489 3461 561 ncglectim
3483 533 3500 557 ,

1914 586 2013 625 nec
2062 571 2221 627 habet
2263 574 2531 630 medicum
2578 576 2668 647 qui
2698 578 2749 633 ei
2795 592 2985 633 manus
3027 577 3279 635 adliibeat
3321 599 3335 635 :
3380 596 3502 637 eum

1911 670 2088 715 autem
2119 663 2206 740 qui
2234 663 2494 721 scinditur
2521 675 2577 722 et
2605 667 2798 733 uritur,
2819 667 3114 724 dixerimus
3139 669 3241 724 iter
3263 670 3329 725 ad
3352 670 3502 725 sam-

1912 759 2071 807 tatem
2101 754 2326 823 ingredi,
2355 772 2460 810 non
2483 758 2803 827 aspicientes
2831 758 3071 815 dolorem
3090 760 3179 830 qui
3208 776 3280 816 ex
3310 762 3504 817 sectiu-

1909 856 1997 905 ne,
2030 842 2123 897 sed
2147 843 2451 911 sanitatem,
2484 862 2603 917 quae
2631 863 2699 904 ex
2728 864 2791 905 ea
2815 851 2991 906 oritur
3016 868 3031 905 :
3061 852 3131 906 ita
3158 851 3319 907 etiam
3342 866 3503 923 opor-

1910 943 1980 989 tet
2004 950 2101 990 nos
2123 935 2176 990 in
2201 936 2377 992 anima
2406 938 2544 994 attici
2570 980 2587 1006 ,
2620 940 2805 1011 lugere
2831 942 3044 1012 quidem
3083 952 3137 998 et
3178 942 3311 999 ﬂere
3334 984 3352 1011 ,
3390 958 3498 999 non

1906 1037 2001 1079 eos
2028 1026 2117 1089 qui
2143 1028 2428 1094 puniuntur
2457 1029 2763 1101 (trahuntur
2778 1032 2919 1087 enim
2947 1032 3014 1087 ad
3042 1032 3372 1105 sanitatem),
3400 1032 3496 1089 sed

1905 1128 1999 1169 eos
2027 1116 2262 1185 quicum
2294 1128 2532 1187 peccant,
2564 1136 2671 1176 non
2697 1121 2825 1177 dant
2855 1138 3060 1194 pinnas.
3100 1125 3167 1180 Et
3205 1126 3249 1180 si
3283 1140 3493 1195 pinum,

1904 1206 2135 1276 inquies.
2170 1219 2385 1277 peccata
2410 1211 2727 1280 prohibent,
2753 1228 2850 1269 cur
2892 1231 3001 1271 non
3027 1216 3265 1288 quotidie
3305 1217 3496 1273 damus

1906 1310 2091 1364 pwnas
2128 1301 2508 1366 peccatorum?
2545 1302 2807 1370 Quoniam
2844 1305 2891 1359 si
2934 1305 3037 1361 hoc
3075 1305 3272 1362 factum
3317 1318 3492 1371 esset,

1903 1396 2223 1456 praereptum
2252 1389 2438 1445 fuisset
2458 1392 2747 1449 humanum
2768 1409 2957 1465 genus,
2985 1405 3040 1451 et
3059 1397 3325 1452 sublatum
3349 1407 3495 1455 esset

1902 1483 2113 1546 tempus
2141 1480 2489 1549 poenitentim.
2536 1483 2593 1538 ld
2622 1484 2903 1541 considera
2933 1487 2984 1541 in
3027 1486 3214 1543 Paulo.
3257 1488 3312 1544 Si
3345 1490 3490 1545 enim

1901 1564 1993 1622 ille
2020 1567 2254 1625 dedisset
2286 1574 2716 1644 persequutiouis
2767 1566 2974 1646 prunas,
3021 1585 3075 1632 et
3101 1576 3290 1634 ﬁxisset
3311 1579 3489 1634 subla-

1899 1664 2005 1723 tus,
2035 1661 2304 1730 quomodo
2332 1662 2605 1720 habuisset
2644 1675 2854 1736 tempus
2876 1669 3065 1737 agendi
3092 1669 3489 1740 pteuitentiam,

1900 1756 1956 1803 et
1982 1760 2097 1819 post
2127 1751 2491 1819 pcenitentiam
2518 1754 2746 1811 faciendi
2776 1757 2915 1812 bona
2943 1758 3243 1824 innumera,
3267 1760 3487 1815 univer-

1901 1855 2127 1912 sumque
2157 1858 2293 1912 pene
2320 1853 2579 1900 terrarum
2600 1848 2785 1903 orbem
2804 1848 3097 1904 deducendi
3123 1850 3193 1903 ab
3211 1865 3395 1906 errore
3414 1850 3483 1907 ad

1898 1932 2220 1987 veritatem?
2267 1934 2383 1990 Non
2426 1937 2575 1993 vides
2601 1939 2761 1993 etiam
2807 1940 3077 2006 medicos,
3126 1942 3340 2009 quando
3366 1943 3488 2013 quis

1899 2021 2081 2078 multis
2109 2032 2192 2078 est
2218 2023 2437 2080 affectus
2472 2029 2784 2084 vulneribus
2804 2071 2818 2094 ,
2850 2044 2957 2084 non
2988 2039 3187 2084 tantam
3228 2031 3485 2088 adhibere

1899 2111 2214 2168 medicinam
2234 2155 2250 2179 ,
2285 2126 2538 2184 quantam
2565 2118 2795 2185 postulat
2821 2128 3007 2173 natura
3035 2120 3314 2175 vulnerum
3333 2161 3351 2189 ,
3390 2121 3485 2177 sed

1895 2215 2147 2274 quantam
2169 2205 2348 2261 ferunt
2374 2208 2514 2263 vires
2534 2209 2669 2279 ejus,
2690 2210 2781 2280 qui
2806 2221 2888 2265 est
2916 2211 3208 2277 sauciatus,
3239 2228 3329 2281 ne,
3355 2213 3483 2269 dum

1896 2295 2202 2351 vulneribus
2222 2297 2521 2363 medentur,
2553 2313 2810 2368 aegrotum
2840 2300 2909 2355 de
2940 2301 3117 2357 medio
3139 2302 3364 2358 tollant?
3408 2304 3485 2358 Ea

1894 2385 1963 2439 de
1987 2401 2145 2440 causa
2175 2388 2313 2443 Deus
2336 2404 2434 2444 nec
2455 2405 2643 2447 omnes
2662 2391 2820 2445 simul
2850 2393 3019 2461 punit,
3052 2408 3151 2448 nec
3172 2408 3360 2449 otuues
3385 2408 3485 2464 pro

1896 2478 2102 2534 meritis
2124 2520 2140 2543 ,
2182 2481 2291 2535 sed
2306 2483 2505 2537 sensim
2543 2492 2597 2538 et
2624 2483 2955 2554 aliquantum
2986 2487 3184 2541 cedens
3214 2504 3227 2540 :
3259 2496 3314 2542 et
3337 2502 3483 2556 stepc

1895 2583 2061 2624 unum
2102 2571 2326 2640 puniens
2354 2614 2370 2641 ,
2416 2574 2615 2630 multos
2655 2589 2750 2644 per
2795 2576 2946 2630 illum
2994 2577 3316 2632 emendavit.
3369 2577 3482 2633 Hoc

1894 2662 2053 2715 etiam
2091 2676 2236 2733 saepe
2278 2662 2337 2718 fit
2383 2664 2435 2719 in
2475 2679 2701 2735 corpore
2734 2684 2749 2723 :
2781 2668 2937 2721 unius
2967 2668 3191 2723 membri
3221 2668 3482 2725 abscissio

1895 2748 2137 2818 pluribus
2160 2752 2279 2805 aliis
2306 2754 2528 2822 praebuit
2552 2756 2855 2810 sanitatem.
2892 2756 3022 2811 Vide
3059 2767 3237 2813 autem
3262 2757 3483 2814 caritate

1895 2841 2105 2909 plenam
2130 2841 2263 2911 justi
2289 2845 2552 2910 animam,
2593 2847 2861 2915 quomodo
2888 2848 3080 2919 ubique
3114 2850 3303 2921 quierit
3337 2850 3480 2922 quod

1893 2940 1978 2987 est
2000 2936 2354 2989 communiter
2380 2938 2527 3001 utile,
2554 2946 2611 2991 ut
2638 2950 2915 3008 peccatum
2947 2941 3013 2995 de
3036 2941 3215 2996 medio
3241 2942 3479 3007 tollatur,

1895 3036 2000 3076 non
2047 3031 2108 3077 ut
2154 3034 2329 3078 sumat
2380 3041 2562 3094 pennas
2600 3027 2667 3083 de
2716 3029 2982 3096 inimicis,
3029 3031 3123 3086 sed
3177 3040 3238 3086 ut
3278 3032 3482 3088 inimici

1894 3120 2106 3167 cessent
2131 3115 2199 3167 ab
2230 3115 2587 3183 improbitate.
2622 3118 2734 3175 Hoc
2762 3135 2890 3191 ergo
2916 3136 3128 3191 semper
3152 3132 3482 3193 spectemus,

1893 3211 1953 3256 ut
1979 3205 2201 3259 sistatur
2227 3206 2436 3275 vitium,
2462 3218 2516 3263 et
2545 3210 2819 3281 lugeamus
2848 3229 2941 3268 eos
2966 3217 3055 3285 qui
3086 3216 3181 3270 illo
3207 3226 3482 3287 tenentur,

1894 3295 2104 3351 etiamsi
2133 3298 2321 3353 sericis
2351 3300 2586 3356 vestibus
2610 3303 2717 3356 sint
2741 3304 2907 3359 induti
2942 3323 2955 3359 :
2988 3321 3190 3378 eosque
3216 3324 3249 3365 e
3268 3309 3482 3366 diverso

1893 3385 2078 3442 beatos
2102 3388 2404 3458 judicemus
2443 3394 2534 3462 qui
2578 3402 2704 3449 sunt
2733 3388 2928 3451 virtute
2976 3397 3180 3468 prmditi
3211 3440 3228 3467 ,
3269 3403 3479 3457 etiamsi

1892 3496 2013 3535 cum
2043 3486 2279 3538 extrema
2324 3484 2502 3554 inopia
2530 3487 2881 3543 colluctentur
2904 3531 2918 3556 ,
2949 3490 3019 3545 ab
3047 3486 3401 3555 exterioiibus
3426 3494 3487 3550 in

1892 3573 2264 3643 cogitationem
2312 3578 2587 3649 utriusque
2611 3581 2921 3639 subeuntes.
2960 3583 3111 3640 Tunc
3153 3588 3297 3642 enim
3326 3586 3478 3644 vide-

1893 3666 2069 3721 bimus
2097 3668 2256 3739 hujus
2284 3668 2496 3727 divitias
2516 3714 2532 3739 ,
2564 3672 2709 3730 illius
2748 3675 3003 3745 inopiam.
3042 3676 3180 3745 Quid
3222 3680 3401 3745 enim,
3433 3681 3481 3737 si

1894 3758 2187 3833 Splendida
2208 3771 2357 3816 veste
2396 3765 2727 3821 extrinsecus
2751 3776 2834 3822 est
2861 3767 3114 3824 indutus?
3137 3772 3264 3840 quid
3303 3771 3483 3830 diﬂ'ert

1891 3850 1959 3905 ab
1984 3848 2213 3906 ofﬁcinis
2240 3861 2295 3906 et
2324 3854 2476 3924 lignis
2498 3872 2617 3926 qua:
2642 3872 2759 3911 eam
2789 3857 3011 3914 ferunt?
3057 3876 3161 3932 qua
3203 3861 3255 3917 in
3306 3878 3366 3920 re
3392 3875 3479 3921 est

1891 3940 1957 3996 iis
1982 3942 2321 4012 locupletior,
2345 3946 2435 4015 qui
2456 3962 2573 4003 eam
2600 3950 2931 4006 vendendam
2958 3954 3259 4023 accipiunt?
3276 3958 3347 4011 At
3370 3974 3480 4015 non

1891 4033 2152 4099 ejusmodi
2181 4045 2304 4090 sunt
2330 4036 2461 4107 justi
2504 4038 2723 4107 divitiae,
2770 4041 2867 4096 sed
2918 4042 3088 4099 tinum
3130 4053 3185 4100 et
3238 4040 3477 4104 stabiles.

1890 4123 2044 4190 Quod
2059 4126 2103 4181 si
2121 4141 2225 4180 non
2243 4128 2476 4183 sentiunt
2492 4130 2684 4186 divites
2697 4147 2756 4187 se
2773 4147 2893 4188 esse
2910 4134 2965 4188 in
2982 4145 3316 4206 paupertate,
3347 4138 3480 4197 nihil

1890 4215 2106 4270 mirum.
2122 4215 2234 4272 Nec
2247 4217 2283 4271 ii
2298 4219 2458 4273 etiam
2477 4220 2675 4274 malum
2692 4222 3041 4293 sentiunt,qui
3060 4224 3305 4282 laborant
3320 4228 3481 4297 phre-

1890 4306 2008 4361 nesi
2032 4324 2047 4360 :
2074 4315 2131 4363 et
2159 4318 2440 4380 propterea
2464 4320 2591 4366 sunt
2615 4314 2847 4369 maxime
2872 4316 3185 4385 miserandi,
3210 4334 3316 4375 non
3335 4321 3479 4377 beati

1889 4394 2140 4454 ducendi.
2158 4398 2216 4455 Si
2240 4401 2383 4455 enim
2401 4403 2683 4467 sentirent,
2711 4403 2776 4459 ad
2800 4405 3063 4462 medicum
3088 4420 3432 4467 occurrerent
3459 4428 3475 4467 :

1891 4505 2033 4547 nunc
2058 4501 2237 4547 autem
2258 4493 2360 4549 hoc
2382 4503 2466 4549 est
2486 4494 2538 4549 in
2562 4495 2688 4549 vitio
2708 4498 3099 4566 gravissimum.
3118 4501 3257 4570 quod
3287 4518 3409 4557 cum
3424 4498 3480 4559 in

1890 4596 1957 4636 eo
1973 4582 2100 4647 sint,
2121 4599 2189 4639 ne
2204 4600 2264 4639 se
2280 4585 2491 4655 quidem
2511 4586 2563 4639 iu
2576 4602 2642 4641 eo
2657 4603 2776 4653 esse
2803 4590 3055 4644 sentiunt.
3086 4591 3161 4647 Ne
3177 4592 3279 4649 hoc
3293 4609 3478 4665 respe-

1890 4673 2054 4738 xeris,
2079 4675 2220 4745 quod
2243 4690 2301 4730 se
2321 4691 2443 4732 esse
2457 4677 2674 4733 divitem
2707 4678 2917 4735 lat-itur
2943 4681 3113 4748 dives,
3140 4683 3235 4738 sed
3262 4694 3480 4754 propter

1894 4764 1999 4820 hoc
2024 4766 2195 4835 ipsum
2219 4766 2300 4822 vel
2329 4771 2560 4824 maxime
2589 4770 2747 4835 delle,
2778 4773 2921 4842 quod
2949 4790 3017 4829 ne
3042 4776 3235 4831 sentiat
3262 4776 3478 4847 quidem

1891 4856 1944 4911 in
1969 4862 2169 4927 quanto
2198 4860 2340 4915 malo
2376 4870 2636 4916 versetur.
2686 4862 2803 4918 Non
2847 4871 2934 4919 est
2959 4866 3102 4921 enim
3141 4865 3434 4924 humanum
3459 4912 3479 4937 ,

1890 4949 1986 5005 sed
2016 4965 2045 5004 a
2078 4952 2280 5005 ratione
2308 4952 2536 5007 maxime
2564 4954 2798 5009 alienum
2817 4996 2830 5017 ,
2863 4964 3149 5025 propterea
3177 4959 3476 5016 exsultare.

1892 5041 1961 5095 Et
1987 5043 2175 5114 dirigas
2189 5045 2410 5114 justum.
2444 5044 2580 5113 Quid
2613 5045 2715 5100 hoc
2742 5046 2863 5101 est?
2893 5047 3073 5103 Plexis
3102 5050 3246 5104 enim
3274 5051 3478 5121 impro-

1890 5132 1994 5197 bis,
2028 5134 2230 5205 inquit,
2259 5134 2392 5191 tiunt
2413 5136 2541 5207 justi
2564 5138 2899 5193 attentiores.
2943 5138 3174 5197 Proinde
3218 5142 3328 5198 duo
3354 5144 3480 5202 hinc

1890 5224 2030 5280 bona
2057 5228 2334 5283 oriuntur:
2370 5243 2491 5282 nam
2517 5238 2573 5285 et
2608 5230 2685 5284 illi
2714 5245 2745 5285 a
2774 5232 2901 5287 vitio
2924 5232 3220 5300 desistunt,
3242 5244 3298 5289 et
3328 5233 3380 5290 hi
3410 5236 3480 5293 ad

1892 5317 2143 5371 virtutem
2170 5318 2339 5389 magis
2362 5320 2643 5375 accedunt.
2664 5320 3125 5389 Quemadmodum
3152 5325 3295 5380 enim
3320 5326 3483 5384 homo

1890 5422 2051 5463 sanus
2078 5424 2196 5463 cum
2227 5410 2370 5464 videt
2399 5413 2701 5483 quempiam
2746 5415 2825 5468 uri
2867 5424 2959 5469 aut
3003 5416 3173 5471 secari
3194 5458 3209 5483 ,
3238 5417 3482 5472 redditur

1890 5500 2143 5555 attentior
2165 5496 2233 5555 ad
2260 5503 2540 5559 sanitatem
2582 5521 2596 5559 :
2640 5506 2712 5558 ita
2749 5504 2835 5560 hic
2860 5507 3044 5561 etiam.
3091 5506 3304 5562 Etenim
3330 5508 3480 5565 multi

1890 5604 2076 5644 eorum
2105 5591 2192 5660 qui
2224 5600 2347 5646 tunc
2372 5602 2525 5648 erant
2547 5633 2562 5658 ,
2607 5594 3017 5654 otl‘endebantur
3039 5639 3055 5665 ,
3102 5598 3262 5652 etiam
3293 5613 3479 5653 eorum

1890 5684 1980 5755 qui
2010 5684 2327 5739 videbantur
2355 5686 2590 5757 sibiipsis
2617 5688 2895 5743 attendere
2916 5731 2931 5757 ,
2967 5699 3186 5761 propter
3214 5692 3476 5745 malorum

1894 5776 2300 5849 prosperitatem
2329 5779 2503 5837 adhuc
2548 5780 2866 5840 imbecillius
2907 5783 3104 5841 allecti.
3146 5783 3475 5856 Quapropter
