4178 6428
669 396 739 451 95
1406 390 1463 445 S.
1501 386 1775 444 JOANNIS
1809 381 2224 443 CliRYSOSTOi

2329 378 2627 438 lRCHIEP.
2654 380 3185 441 CONSTANTINOP.
3860 394 3930 450 96

666 509 750 561 hic
774 506 932 561 etiam
972 505 1095 561 alibi
1124 508 1253 560 dicit
1300 502 1480 557 :Pene
1518 501 1666 568 effusi
1706 509 1821 555 sunt
1871 514 2071 571 gressus
2122 498 2239 560 mei,

663 598 900 665 quoniam
942 595 1209 673 mutatus
1236 609 1347 646 sum
1376 601 1580 660 propter
1606 588 2005 660 iniquos.(Psal.
2041 587 2126 640 7‘2.
2157 587 2241 655 2).

665 686 813 739 Alius
858 695 1032 737 autem
1070 697 1251 737 rursus
1288 699 1301 734 :
1339 681 1512 746 Quare
1554 681 1633 733 via
1667 680 1936 748 impiorum
1973 692 2243 747 prosperu-

664 772 919 843 tur(Jer.
966 771 1053 825 12.
1115 771 1221 838 ι)τ
1274 770 1575 837 Quinetiam
1619 768 1721 822 Job
1764 767 1927 821 multa
1972 766 2245 833 quaerebat

662 862 944 928 ejusmodi.
970 862 1075 917 Sed
1107 876 1245 917 nunc
1269 860 1480 931 quidem
1527 858 1887 929 imperfectius
1924 859 2094 912 allecti
2129 858 2242 911 iure

661 950 939 1015 dicebant,
965 960 1019 1005 et
1057 951 1169 1005 hinc
1196 950 1504 1019 qumrebant
1545 968 1560 1004 :
1602 965 1743 1003 nunc
1769 957 1944 1003 autem
1988 947 2131 1001 nulla
2160 957 2242 1001 est

664 1022 855 1111 dignus
886 1042 1036 1096 venia
1061 1083 1076 1106 ,
1118 1041 1207 1110 qui
1237 1040 1320 1095 his
1359 1040 1699 1110 perturbatur
1726 1054 1741 1091 :
1769 1040 1856 1108 qui
1898 1047 1971 1091 tot
2000 1047 2055 1092 et
2098 1044 2241 1091 tanta

668 1131 1012 1200 pliilowphiue
1041 1130 1175 1186 scita
1201 1130 1401 1192 didicit,
1448 1140 1503 1186 et
1526 1129 1594 1185 de
1619 1130 1807 1184 tuturis
1847 1129 1968 1182 talia
1993 1128 2242 1197 dogmata

662 1223 884 1291 accepit,
911 1230 965 1276 et
991 1220 1059 1275 de
1081 1220 1323 1291 gehenna
1344 1236 1408 1275 ac
1439 1235 1604 1290 regno
1624 1220 1859 1289 apertius
1892 1220 2114 1274 edoctus
2133 1229 2235 1286 est,

666 1313 773 1367 illic
796 1312 1031 1382 singulos
1056 1319 1369 1379 accepturos
1395 1325 1489 1380 pro
1518 1309 1742 1365 meritis.
1796 1307 2044 1365 Scrutans
2083 1309 2240 1363 corda

658 1414 706 1457 et
732 1419 874 1457 renes
900 1400 1038 1456 Deus
1057 1402 1241 1468 iustus.
1268 1403 1353 1457 Η.
1382 1402 1705 1473 Adjutoriunt
1728 1417 1891 1454 meum
1917 1418 1949 1454 ο
1975 1401 2197 1455 Domino
2221 1442 2236 1467 ,

656 1495 745 1563 qui
762 1495 927 1547 salvos
954 1494 1077 1563 facit
1106 1504 1264 1547 rectos
1283 1493 1452 1546 corde.
1490 1493 1643 1547 Alius
1685 1511 1700 1546 :
1733 1490 2071 1546 Euminator
2118 1509 2235 1546 cor-

660 1584 801 1637 dium
829 1594 874 1637 et
901 1600 1080 1637 rcnunt
1115 1581 1251 1636 Deus
1266 1584 1457 1653 justus,
1499 1582 1733 1653 defensor
1755 1598 1916 1637 meus.
1962 1581 2031 1636 Et
2057 1582 2191 1635 alius
2218 1597 2233 1635 :

658 1676 801 1730 Deus
840 1676 1023 1743 iustus.
1072 1674 1409 1745 Septuaginta
1427 1684 1605 1729 autem
1633 1674 1703 1728 ita
1729 1672 2044 1729 dixerunt‘:
2072 1673 2236 1727 Scru-

630 1790 631 1793 η
654 1778 766 1821 tam
782 1768 935 1821 corda
956 1775 1004 1820 et
1025 1782 1167 1819 renes
1188 1764 1345 1819 Deus.
1372 1763 1409 1817 Ι
1412 1774 1575 1818 ustum
1596 1763 1843 1820 cnsilium
1859 1780 2025 1818 meum
2045 1780 2079 1817 α
2099 1762 2231 1817 Deo.

658 1837 800 1911 Dixit
825 1873 943 1911 eum
970 1870 1090 1911 esse
1108 1855 1463 1925 judicaturum
1489 1855 1676 1911 orbem
1703 1864 1858 1910 terra:
1874 1896 1895 1922 ,
1921 1855 2050 1911 dicit
2075 1854 2229 1910 dein-

659 1963 788 2019 ceps
812 1948 972 2006 etiam
999 1946 1266 2018 quomodo
1294 1948 1364 2001 sit
1379 1946 1732 2017 judicaturus.
1779 1946 1920 2002 Dixit
1961 1962 2082 2001 eum
2126 1963 2231 2001 non

650 2052 812 2109 egere
848 2038 1090 2101 testibus,
1112 2052 1215 2092 non
1241 2035 1659 2107 probationibus,
1692 2052 1798 2092 non
1825 2037 2232 2093 demonstratio-

653 2129 827 2193 nibus,
854 2144 958 2182 non
988 2128 1198 2197 scriptis
1237 2135 1329 2181 aut
1366 2128 1730 2183 instrumentis
1754 2168 1772 2195 ,
1798 2138 1892 2183 aut
1938 2129 2044 2184 alio
2086 2128 2230 2199 ejus-

652 2218 794 2271 modi
827 2236 840 2271 :
874 2219 986 2287 ipse
1010 2227 1097 2273 est
1121 2214 1262 2272 enim
1288 2217 1378 2288 qui
1404 2219 1503 2273 scit
1530 2220 1690 2274 etiam
1724 2233 1844 2288 quae
1864 2228 1989 2274 sunt
2012 2236 2227 2276 arcana.

652 2306 729 2362 Nc
750 2310 887 2361 dicat
903 2322 1031 2376 ergo
1056 2307 1248 2361 stultus
1272 2307 1531 2377 quispiam
1561 2326 1577 2363 :
1605 2307 1674 2363 Et
1692 2309 1957 2379 quomodo
1971 2310 2231 2381 jndicabit

650 2396 903 2451 mundum
928 2397 1169 2450 tantum?
1194 2396 1294 2464 Qui
1324 2397 1465 2452 enim
1492 2396 1649 2465 fecit,
1683 2414 1802 2477 cum
1830 2416 1933 2455 non
1958 2411 2134 2469 esset,
2184 2404 2229 2458 is

650 2486 844 2541 factum
861 2486 1133 2555 judicnbit.
1155 2486 1331 2543 Renes
1345 2498 1521 2542 autem
1545 2487 1631 2542 hic
1653 2488 1783 2544 dicit
1806 2490 1999 2546 mentis
2013 2506 2225 2557 arcana,

648 2591 769 2647 qius
790 2586 911 2633 sunt
944 2579 1147 2645 intima,
1167 2594 1285 2648 quae
1314 2588 1437 2633 sunt
1453 2579 1879 2650 profundissima,
1898 2597 1964 2637 ex
1990 2584 2226 2653 positura

655 2671 822 2741 partis
842 2670 893 2724 id
924 2671 1167 2725 innitens.

720 2762 805 2816 10.
848 2762 981 2830 Quid
1009 2771 1110 2828 est,
1138 2760 1383 2818 Scrutaris
1399 2762 1425 2816 7
1447 2761 1600 2829 Quod
1626 2763 1764 2819 alius
1787 2763 1943 2831 dixit,
1967 2764 2222 2821 Probans.

647 2851 757 2908 Etsi
781 2852 889 2906 sint
915 2860 1093 2907 autem
1122 2852 1368 2907 humanm
1395 2852 1656 2909 dictiones
1673 2893 1689 2917 ,
1719 2862 1844 2909 sunt
1866 2862 2042 2911 tamen
2067 2870 2227 2912 sensa

652 2942 764 2996 Deo
792 2944 1178 2997 convenientia.
1210 2942 1663 3010 Quemadmodum
1704 2947 1844 2999 enim
1872 2945 2066 3002 Paulus
2102 2962 2224 3002 cum

650 3035 800 3099 dicit.
824 3035 924 3099 Qui
945 3046 1110 3089 autem
1130 3044 1383 3091 scmtatur
1406 3035 1559 3089 corda
1581 3035 1755 3105 (Rom.
1778 3036 1831 3092 8.
1856 3036 1973 3108 27),
1998 3040 2223 3094 scrutari

653 3126 820 3193 ponit,
852 3140 950 3196 pro
977 3135 1158 3194 aperte
1185 3125 1322 3179 scire
1352 3142 1365 3178 :
1394 3126 1554 3179 etiam
1585 3125 1671 3180 hic
1697 3136 1946 3195 scrutans,
1976 3143 2072 3198 pro
2101 3144 2223 3199 per-

644 3215 778 3272 fecte
800 3227 1172 3287 cognoscente.
1198 3216 1512 3272 Examinare
1537 3225 1715 3273 autem
1742 3228 1825 3274 est
1843 3219 2063 3287 nudare,
2081 3222 2224 3291 quod

641 3316 726 3363 est
755 3308 996 3378 perfecta:
1023 3308 1258 3363 scientia:
1286 3324 1301 3360 :
1334 3315 1394 3362 ut
1430 3309 1589 3364 etiam
1607 3309 1736 3364 dicit
1764 3309 1955 3365 Paulus
1988 3328 2002 3364 :
2034 3310 2220 3365 Omnia

642 3407 809 3451 autem
834 3406 949 3473 sunt
978 3397 1118 3450 nuda
1141 3407 1189 3451 et
1214 3400 1502 3469 resupinato
1523 3399 1682 3455 oculis
1704 3400 2015 3472 ejus(llebr.
2033 3403 2219 3473 4,13).

716 3460 962 3553 Quisnam
1002 3487 1214 3556 petenda
1255 3460 1391 3541 sunt.
1414 3460 1993 3546 -Ιιιιιιιιιιάιιέὶιὶαηι
2034 3460 2218 3547 meum.

642 3578 793 3635 Alius
820 3594 833 3629 :
859 3576 1037 3633 Justus
1062 3578 1296 3650 defensor
1321 3596 1477 3634 meus.
1502 3579 1638 3647 Quid
1668 3590 1769 3647 est,
1822 3581 2030 3637 Justum
2073 3585 2223 3641 auai-

646 3669 772 3721 b'mn
822 3683 984 3722 meum
1018 3683 1051 3721 α
1078 3665 1232 3723 Deo.’
1270 3666 1397 3723 Jure
1434 3684 1497 3724 ac
1539 3672 1732 3726 merito
1770 3673 1897 3729 mihi
1951 3678 2222 3747 continget

638 3773 669 3811 ιι
701 3758 809 3812 Deo
836 3775 849 3810 :
881 3757 1009 3812 nihil
1048 3758 1188 3812 enim
1230 3770 1355 3828 peto
1407 3759 1679 3830 injustum.
1734 3763 1911 3829 Quare
1935 3765 1980 3820 si
2028 3783 2218 3838 super-

639 3863 765 3902 num
842 3848 1093 3903 auxilium
1151 3849 1434 3920 impetrare
1498 3854 1778 3919 volumus,
1834 3870 1896 3911 ea
1952 3867 2075 3912 sunt
2128 3874 2221 3929 pe-

645 3938 804 3992 tenda
824 3978 841 4001 ,
873 3953 991 4007 quae
1028 3940 1186 3994 etiam
1211 3941 1335 4010 justi
1374 3939 1571 3996 habent
1608 3942 1866 3998 rationem
1901 3963 1915 4000 :
1946 3956 2003 4000 ut
2031 3956 2219 4003 nautra

642 4025 912 4094 petitionis
930 4026 1263 4083 attrahamus
1290 4030 1546 4085 auxilium
1573 4030 1720 4101 ejus,
1750 4030 1852 4099 Qui
1873 4044 2040 4103 servat
2057 4048 2218 4094 rectos

638 4118 810 4173 corde.
843 4117 955 4173 Hoc
979 4127 1062 4175 est
1088 4120 1207 4189 ejus
1228 4121 1459 4177 ofiicium
1479 4164 1496 4191 ,
1536 4121 1653 4178 haec
1680 4134 1763 4179 est
1789 4125 1841 4181 ei
1867 4129 2215 4186 consuetudo.

644 4210 903 4278 Quoniam
935 4226 1062 4281 ergo
1097 4227 1199 4269 nec
1226 4227 1326 4284 ego
1366 4228 1499 4272 cum
1534 4201 1722 4284 injuria
1764 4219 2042 4286 provocavi
2061 4261 2077 4287 ,
2119 4236 2219 4276 nec

623 4303 831 4361 ulcisci
858 4303 1105 4359 desidero
1136 4321 1151 4358 :
1182 4298 1464 4375 propterea
1493 4306 1620 4360 milii
1642 4306 1841 4377 justum
1873 4308 2027 4365 fuerit
2053 4325 2082 4365 a
2109 4311 2217 4368 Deo

641 4394 917 4451 auxilium.
948 4392 1075 4450 Haec
1091 4408 1220 4464 ergo
1239 4408 1360 4449 cum
1380 4395 1631 4463 sciamus,
1659 4396 1789 4454 nihil
1811 4407 2052 4469 petamus
2076 4401 2218 4471 ejus-

642 4482 786 4539 modi
805 4524 821 4549 ,
865 4483 1007 4554 quod
1047 4492 1190 4541 vetet
1223 4483 1587 4542 donationem.
1618 4487 1842 4557 Quando
1864 4492 2006 4546 enim
2031 4502 2215 4549 contra

640 4574 886 4631 inimicos
911 4575 1196 4647 petiveris,
1235 4592 1341 4633 non
1373 4588 1455 4634 est
1492 4579 1695 4651 justum
1720 4583 1861 4654 quod
1902 4587 2039 4657 petis
2062 4589 2213 4643 auxi-

641 4662 809 4729 lium;
851 4674 935 4720 est
974 4666 1116 4720 enim
1159 4670 1484 4725 contrarium
1531 4669 1635 4741 legi
1676 4671 1811 4742 ejus,
1854 4674 1944 4745 qui
1988 4677 2211 4746 praebet.

639 4752 828 4809 itidem
849 4756 1007 4811 etiam
1029 4756 1243 4827 quando
1261 4756 1494 4825 divitias,
1514 4761 1724 4831 quando
1743 4765 2209 4835 pulchritudinem,

638 4843 853 4913 quando
878 4845 1076 4915 aliquid
1119 4845 1263 4903 aliud
1298 4848 1439 4915 quod
1477 4850 1544 4904 ad
1587 4851 1722 4908 hanc
1762 4856 1922 4911 vitam
1963 4860 2208 4927 pertinet,

637 4934 780 5003 quod
810 4938 1149 5007 praeterﬂuit,
1179 4942 1463 5011 petiveris,
1492 4944 1545 4999 id
1574 4955 1657 5001 est
1686 4950 2008 5006 contrarium
2041 4952 2213 5021 philo-

638 5025 842 5095 sophias
861 5027 1075 5085 animae.
1098 5030 1349 5089 Petamus
1369 5049 1519 5106 ergo,
1540 5047 1599 5090 ut
1620 5038 1781 5093 etiam
1801 5054 2207 5112 consequamur.

640 5114 727 5171 ιι.
762 5114 902 5171 Deus
929 5120 1098 5188 judea:
1124 5122 1300 5192 justus
1320 5163 1336 5191 ,
1363 5126 1530 5195 fartis,
1559 5135 1607 5181 et
1636 5129 1856 5197 patiens,
1883 5141 1928 5185 et
1951 5132 2078 5187 iram
2108 5150 2211 5189 non

639 5209 863 5279 inmens
892 5228 983 5281 per
1016 5214 1242 5286 singulos
1268 5216 1395 5273 dies.
1434 5218 1583 5276 Alius
1608 5220 1739 5277 dicit
1768 5240 1783 5276 :
1812 5222 2054 5282 Fremant
2081 5244 2210 5297 quo-

700 5383 1047 5459 :unns‘oodex
1074 5400 1089 5437 :
1450 5396 2029 5459 Delsjudugmwiliwn
2049 5418 2210 5457 mentm

637 5450 898 5532 2.2m
1227 5449 1688 5532 εις.
1706 5449 1791 5532 es

634 5638 849 5702 versum,
873 5642 929 5702 ac_
948 5642 1123 5702 revera
1160 5647 1275 5702 non_
1289 5638 1958 5701 parum'variantem'an'erre.
1984 5638 2101 5701 illud
2124 5638 2208 5702 au-

630 5693 1069 5803 mg
1082 5693 1430 5760 exemplarium
1444 5693 1977 5773 proveniebatfde-quo

2353 492 2493 546 tidie.
2525 492 2778 549 Hebrazus
2806 506 2982 553 autem
3002 538 3019 562 ,
3056 497 3121 551 In
3160 498 3296 552 omni
3333 498 3431 552 vita
3454 501 3493 554 '.
3522 500 3587 554 Et
3613 502 3744 558 alius
3773 522 3787 556 :
3821 504 3924 558 Mi-

2350 599 2479 636 mms
2504 625 2519 647 ,
2549 584 2764 653 fremens
2788 627 2803 650 ,
2845 604 2947 640 non
2988 590 3221 656 puniens.
3264 589 3416 656 Quod
3442 602 3617 646 autem
3648 593 3810 659 dicit,
3846 604 3927 649 est

2348 676 2630 743 ejusmodi.
2656 678 2709 733 Si
2737 689 2818 733 est
2842 682 3036 747 justus,
3061 682 3203 737 volet
3230 686 3449 739 omnino
3478 690 3663 756 punire
3691 690 3928 758 iniquos;

2350 766 2392 817 si
2423 768 2591 830 tortis,
2620 769 2838 823 onmino
2864 773 3077 839 poterit.
3111 773 3175 826 Et
3204 774 3326 840 ubi,
3360 778 3549 847 inquit,
3580 790 3662 834 est
3685 782 3933 836 clemen-

2350 856 2417 907 tia
2440 896 2453 919 ,
2486 857 2528 909 si
2556 858 2697 925 jnste
2721 858 3021 926 judicnbit?
3059 863 3291 919 Primum
3319 867 3534 937 quidem
3567 871 3617 926 in
3646 888 3740 936 eo,
3780 875 3927 942 quod

2347 959 2455 999 non
2490 948 2667 1001 statim
2694 964 2879 1017 ρωιιιε
2907 950 3139 1023 inﬂigat.
3172 956 3539 1029 praecipueque
3568 962 3618 1016 in
3649 978 3749 1027 eo,
3782 965 3931 1034 quod

2346 1034 2451 1104 jam
2480 1038 2657 1091 omnia
2685 1050 2898 1107 peccata
2928 1044 3193 1098 remiserit
3222 1061 3317 1116 per
3346 1048 3613 1104 lavacrum
3644 1069 3927 1124 regenera-

2348 1128 2541 1191 t:onis;
2574 1129 2805 1183 secundo
2833 1142 3009 1185 autem
3030 1174 3044 1196 ,
3072 1134 3213 1204 quod
3242 1138 3398 1192 etiam
3425 1139 3632 1195 dederit
3662 1146 3934 1210 [militen-

2346 1215 2490 1269 tiatn.
2519 1218 2574 1272 Si
2604 1219 2744 1272 enim
2773 1221 3109 1291 cogitaveris,
3136 1240 3233 1281 nos
3262 1243 3487 1298 peccare
3513 1233 3768 1301 quotidie,
3798 1245 3933 1290 tunc

2343 1310 2574 1365 maxime
2600 1312 2801 1369 videbis
2836 1314 3151 1372 inetfabilem
3181 1320 3297 1388 ejus
3334 1322 3630 1379 clementiae
3659 1328 3932 1396 magnitu-

2341 1401 2543 1459 dinem.
2593 1404 2745 1471 Quod
2773 1408 2986 1477 quidem
3033 1412 3191 1466 etiam
3236 1415 3537 1484 signiﬁcans
3560 1458 3576 1483 ,
3606 1421 3928 1489 subjnnxit;

2340 1491 2526 1547 dicens
2554 1511 2567 1546 :
2599 1493 2735 1549 Deus
2749 1497 3138 1569 judesjustus,
3168 1502 3347 1571 fortis,
3379 1517 3426 1560 et
3454 1508 3669 1575 patiens.
3701 1510 3933 1568 Dubitas

2339 1598 2454 1648 cur,
2482 1599 2603 1639 cum
2635 1588 2762 1642 velit
2794 1598 2848 1644 et
2877 1593 3041 1660 possit
3062 1634 3079 1659 ,
3109 1610 3214 1649 non
3246 1598 3466 1665 puniat?
3515 1600 3694 1667 Disce,
3729 1605 3926 1673 inquit,

2338 1688 2461 1729 eum
2487 1690 2606 1730 esse
2636 1678 2945 1747 patientem,
2976 1697 3077 1737 nec
3102 1682 3415 1742 inferentem
3447 1689 3583 1745 iram
3614 1708 3708 1760 per
3730 1694 3925 1765 singu-

2340 1764 2423 1819 los
2448 1764 2584 1820 dies.
2614 1766 2693 1821 Nc
2720 1769 2840 1839 quis
2865 1771 3005 1825 enim
3033 1774 3224 1830 stultus
3250 1778 3519 1834 existimet
3544 1796 3664 1836 eum
3701 1764 3927 1854 propter

2336 1856 2751 1915 imbecillitatem
2772 1876 2878 1917 non
2901 1863 3103 1929 ulcisci,
3127 1868 3359 1923 ostendit
3377 1886 3589 1926 causam
3614 1875 3921 1933 dilationis:

2337 1949 2477 2018 quod
2502 1966 2691 2020 magna
2722 1952 2915 2009 habeat
2939 1957 3107 2025 spatia
3132 1968 3187 2012 et
3215 1975 3459 2030 magnam
3490 1980 3793 2021 mensuram
3823 1984 3925 2039 pa-

2338 2041 2540 2095 tientia.
2572 2041 2705 2109 Quia
2730 2045 2873 2099 enim
2902 2058 3186 2116 propterea
3212 2050 3353 2108 mitis
3381 2062 3465 2110 est
3504 2064 3559 2111 et
3584 2059 3788 2127 patiens
3810 2102 3827 2127 ,
3863 2071 3926 2117 ut

2338 2139 2390 2186 te
2413 2130 2641 2187 adducat
2663 2133 2731 2188 ad
2761 2137 3145 2204 pmnitentiam,
3176 2144 3389 2210 quando
3417 2145 3548 2201 nihil
3579 2150 3668 2203 tibi
3699 2150 3925 2219 prodest

2335 2222 2437 2277 hoc
2463 2224 2905 2283 medicamentum
2927 2269 2944 2295 ,
2972 2231 3132 2287 etiam
3159 2234 3450 2291 ulciscitur.
3490 2236 3600 2293 Nos
3628 2255 3754 2313 ergo
3782 2259 3917 2312 quo.

2336 2312 2463 2368 tidie
2485 2314 2629 2382 digni
2657 2330 2841 2373 sumus
2871 2320 2959 2389 qui
2989 2323 3289 2389 puniamur.
3318 2326 3429 2381 Nisi
3465 2328 3609 2384 enim
3646 2331 3716 2386 ita
3745 2343 3919 2401 esset,

2333 2416 2439 2456 non
2472 2412 2735 2475 tamquam
2764 2423 3014 2479 magnum
3043 2414 3308 2481 posuisset
3336 2416 3463 2472 illud
3496 2436 3509 2470 :
3538 2418 3661 2474 Non
3690 2423 3921 2492 inferens

2331 2492 2461 2581 iram
2498 2510 2589 2563 per
2630 2496 2854 2567 singulos
2890 2500 3033 2568 dies;
3072 2503 3166 2557 sed
3213 2514 3477 2577 tamquam
3508 2510 3667 2566 rebus
3695 2513 3919 2581 quidem

2331 2580 2433 2636 hoc
2458 2584 2878 2653 postulantibus,
2908 2589 3003 2644 Dei
3026 2600 3202 2658 autem
3231 2596 3510 2651 clementia
3533 2580 3729 2669 justam
3755 2602 3919 2658 cohi-

2328 2672 2489 2728 bente
2510 2677 2861 2746 punitionem,
2884 2679 2986 2737 hoc
3004 2682 3150 2739 dicit.
3175 2685 3339 2743 Vides
3356 2691 3622 2759 quomodo
3644 2693 3729 2748 hic
3747 2694 3916 2752 etiam

2329 2766 2563 2821 ostendit
2605 2768 2768 2824 Deum
2808 2786 2837 2825 a
2882 2774 3123 2830 molestia
3165 2778 3433 2849 alienum,
3482 2792 3537 2837 et
3581 2787 3915 2854 punitionem

2327 2855 2761 2923 appellatiram?
2789 2861 2957 2918 Nemo
2984 2865 3126 2919 enim
3152 2867 3285 2922 iram
3325 2869 3485 2925 infert
3510 2872 3599 2927 alii
3629 2891 3644 2926 :
3675 2875 3767 2930 Sed
3794 2877 3917 2946 ipso

2327 2947 2541 3015 quidem
2584 2948 2743 3006 habet
2787 2953 2957 3021 iram,
3004 2958 3322 3028 supplicium
3364 2972 3541 3019 autem
3588 2966 3746 3022 infert
3791 2970 3911 3025 alii.

2325 3034 2469 3090 Nihil
2513 3052 2642 3109 ergo
2669 3041 2932 3111 significat
2974 3046 3118 3102 aliud
3163 3065 3322 3119 quam
3370 3054 3695 3122 punitionem
3720 3099 3736 3118 .
3780 3073 3913 3117 cum

2327 3126 2491 3193 dicit,
2522 3128 2590 3182 Et
2614 3147 2713 3185 non
2754 3134 2975 3206 inferens
3003 3138 3132 3192 iram
3160 3158 3251 3210 per
3268 3142 3494 3213 singulos
3520 3145 3646 3200 dies.
3680 3147 3745 3202 Et
3772 3164 3915 3219 quo-

2328 3218 2488 3272 modo
2512 3219 2660 3288 dicit,
2689 3221 2793 3277 Per
2818 3226 3041 3296 singulos
3061 3228 3166 3283 dies
3186 3230 3249 3284 ⁸7
3275 3230 3604 3303 lngrediatur
3624 3218 3914 3307 unusquis-

2326 3324 2431 3379 que
2472 3324 2623 3365 suam
2670 3314 3083 3385 conscientiam,
3130 3328 3185 3374 et
3229 3329 3352 3375 tunc
3387 3322 3601 3378 videbit.
3652 3325 3721 3380 Ut
3760 3328 3910 3403 enim

2327 3406 2725 3474 praetermittam
2752 3422 2946 3465 arcana
2974 3411 3233 3483 cujusque
3272 3424 3516 3484 peccata,
3545 3416 3660 3471 haec
3689 3419 3909 3489 quidem

2324 3498 2626 3551 communia
2674 3499 2794 3567 quis
2836 3499 3093 3571 etl'ugiet?
3137 3502 3392 3570 Quaznam
3433 3516 3608 3561 autem
3650 3524 3711 3563 ea
3738 3513 3912 3567 sunt?

2326 3584 2455 3654 Quis
2484 3597 2569 3643 est
2598 3588 2712 3644 dies
2744 3591 2795 3645 in
2835 3607 2941 3660 quo
2985 3608 3093 3648 non
3133 3596 3364 3665 segniter
3405 3612 3652 3667 oremus,
3684 3611 3907 3657 eticmn

2326 3692 2515 3748 magna
2538 3680 2893 3750 negligentia?
2919 3683 3068 3750 Quod
3089 3694 3263 3741 autem
3287 3688 3387 3742 hoc
3405 3690 3563 3745 etiam
3589 3691 3662 3746 ira
3685 3693 3907 3764 dignum

2324 3769 2433 3834 sit,
2462 3770 2586 3826 hinc
2613 3773 2735 3827 sciri
2766 3782 2957 3843 potest.
2994 3776 3091 3831 Dic
3117 3780 3257 3833 enim
3300 3781 3431 3837 mihi
3460 3800 3477 3837 :
3504 3784 3551 3839 si
3577 3785 3642 3838 ad
3667 3785 3906 3856 judiwm

2324 3860 2558 3917 oscitans
2585 3864 2935 3933 accessisses,
2979 3875 3034 3922 ει
3074 3869 3344 3925 convictus
3386 3886 3570 3942 esses,
3614 3890 3719 3931 non
3748 3877 3816 3934 de
3847 3889 3908 3936 te

2322 3953 2501 4008 statim
2528 3956 2841 4025 sumpsisset
2874 3973 3059 4028 ptenas
3080 4000 3095 4024 ,
3140 3971 3196 4016 et
3236 3962 3470 4019 misisset
3516 3965 3571 4020 in
3611 3968 3856 4024 exsilium
3878 3970 3906 4025 τ

2320 4040 2502 4109 Certe,
2534 4044 2709 4116 inquis
2737 4065 2752 4103 :
2779 4047 2943 4104 homo
2962 4051 3105 4106 enim
3131 4061 3234 4107 est.
3264 4054 3331 4108 Et
3348 4055 3475 4125 quid
3501 4060 3647 4113 tum?
3670 4060 3725 4115 Si
3754 4062 3904 4119 enim

2322 4133 2485 4190 homo
2508 4135 2728 4193 allectus
2752 4148 2837 4195 est
2875 4142 3199 4197 contumelia
3218 4184 3234 4211 ,
3265 4160 3371 4200 non
3416 4147 3574 4204 fuerit
3601 4167 3811 4222 aequum
3841 4164 3905 4211 ut

2322 4226 2615 4294 irascatur;
2644 4228 2712 4283 ab
2736 4244 2802 4285 eo
2824 4230 2966 4285 enim
2990 4235 3310 4291 contumelia
3332 4237 3551 4294 allectus
3571 4251 3676 4309 est,
3703 4244 3791 4313 qui
3815 4255 3905 4301 est

2320 4316 2371 4372 ei
2402 4319 2603 4374 honore
2629 4320 2849 4390 :eqnalis
2874 4339 2890 4377 :
2922 4322 3059 4379 Deus
3085 4334 3264 4381 autem
3300 4332 3618 4388 contumelia
3651 4333 3898 4405 allectus,

2313 4407 2434 4481 jure
2457 4411 2772 4482 supplicium
2798 4413 3073 4483 intulerit;
3103 4418 3275 4490 majus
3299 4423 3442 4477 enim
3466 4433 3549 4479 est
3574 4424 3676 4505 hoc
3704 4441 3902 4497 pecca-

2319 4509 2432 4556 tum
2459 4516 2557 4569 eo,
2587 4504 2729 4574 quod
2755 4504 2817 4560 ﬁt
2852 4506 2907 4561 in
2936 4507 3229 4566 hominem.
3261 4512 3327 4568 Et
3363 4512 3526 4569 homo
3549 4504 3761 4587 quidem
3792 4520 3900 4577 hoc

2317 4590 2472 4659 facit,
2499 4608 2745 4663 querens
2771 4597 2914 4667 quod
2938 4614 3094 4655 suum
3123 4609 3207 4657 est
3234 4618 3247 4655 :
3277 4603 3418 4659 Deus
3441 4615 3617 4663 autem
3644 4609 3783 4679 quod
3809 4620 3900 4668 est

2318 4690 2488 4735 tuum.
2516 4682 2873 4750 Quamobrem
2903 4687 2988 4743 vel
3017 4688 3119 4744 hoc
3142 4693 3361 4749 nomine
3382 4692 3577 4763 justius
3611 4697 3894 4755 irascatur.

2315 4768 2429 4827 Non
2456 4780 2541 4828 est
2567 4774 2709 4829 enim
2739 4778 2945 4847 aquale
2961 4817 2979 4844 ,
3007 4793 3103 4835 eos
3128 4790 3472 4840 contemnere
3495 4786 3587 4856 qui
3624 4802 3721 4844 sua
3747 4805 3897 4860 quaa-

2315 4874 2467 4931 rnnt,
2499 4874 2555 4920 et
2578 4880 2700 4921 eum
2740 4866 2831 4937 qui
2854 4884 2974 4939 qua;
3000 4877 3107 4926 tua.
3154 4871 3267 4930 Hoc
3306 4876 3559 4945 majorem
3589 4882 3729 4935 enim
3758 4882 3894 4939 iram

2312 5156 2524 5207 uocaset
2546 5156 2786 5209 lectiones
2806 5156 3125 5224 Hexsplorum
3167 5164 3219 5213 in
3254 5165 3475 5225 margine
3512 5156 3758 5226 referunt,
3778 5156 3896 5220 alii

2312 5216 3194 5298 e'iﬁ'ﬂssibss._eai-esem
3231 5226 3382 5298 ἐπὶ*
3422 5228 3595 5298 micis
3626 5227 3784 5298 ιιιςτίε
3801 5230 3897 5298 (ἕρ-

2312 5280 2488 5359 ses-ipa
2508 5278 2805 5359 refer-unum
2826 5289 2877 5359 tu
2895 5278 3173 5340 Colbertino
3192 5292 3361 5337 autem
3377 5289 3604 5351 quopiam

2385 5350 2605 5421 margine
2619 5348 3003 5421 ξθσὶιιιιῇμμκ.
3025 5367 3170 5419 Μ,
3194 5370 3291 5421 qua
3319 5348 3443 5408 voce
3467 5348 3894 5421 equitumnam

2312 5409 2428 5485 illud
2464 5409 3324 5485 ιῑειρι-ειοιῑηιεοιιςρεῴὼῐηυϊνδω,
3363 5422 3448 5469 aut
3491 5409 3719 5472 ubi-arms
3760 5409 3895 5485 quis-

2312 5465 2978 5553 Βῗὲφηὲξίὲίξέηὲἷίεξμίβυδ

2312 5540 2584 5614 ιξιξιξιιξξςιεεθ
2606 5537 2879 5614 ﬂ???”
2896 5552 2983 5601 P"°
3182 5540 3343 5614 dim:
3364 5542 3705 5614 s‘P'imiﬂ-r-

2312 5597 2376 5645 ita
2400 5597 2585 5657 posuit,
2609 5609 2631 5647 ι
2653 5605 2696 5648 ιι
2715 5600 2868 5661 septo,
2890 5597 2985 5652 ἑκτὰ
3003 5597 3123 5654 εἰσιν
3146 5597 3238 5662 ω
3265 5616 3278 5652 :
3304 5597 3533 5654 moriens
3552 5597 3669 5654 sive
3684 5597 3891 5657 latebra;

2312 5668 2396 5731 ens
2414 5665 2703 5731 textuﬁper
2724 5662 3052 5731 totamyitmn.
3073 5671 3168 5731 Nec
3187 5663 3385 5715 aliunde
3662 5667 3777 5717 oriri
3802 5680 3889 5731 [που

2311 5696 2693 5796 ῖίιῖεξῖέῖῖέιῗαῐ
2717 5696 3761 5796 misisses-"autcum.

2376 5783 2398 5812 '
2415 5786 2531 5845 Reg.
2577 5782 2635 5830 Et
2653 5787 2885 5846 quomodo
2905 5782 3117 5850 quotidie
3139 5786 3230 5839 ire
3251 5786 3389 5852 digni
3406 5800 3570 5840 atauus
3586 5787 3613 5839 .’
