4178 6434
221 387 274 443 ιι
1433 381 1524 440 EX
1533 381 1795 475 l‘OSlTlO
1835 382 1837 434 ζ

1943 379 2261 439 νδειωιυιι
2301 382 2408 440 \‘ll.
3485 383 3552 441 98

237 514 459 564 tacetur
477 545 494 569 ,
521 505 748 576 quando
776 520 883 560 nec
922 519 986 560 ca
1014 503 1225 574 quidem
1268 503 1532 574 petiturus
1551 543 1566 565 ,
1595 515 1716 571 qua:
1747 499 1840 574 tibi

249 599 382 654 utilia
425 605 576 664 sunt,
605 597 780 664 sapis.
811 595 950 664 Quis
992 603 1074 648 est
1117 603 1294 650 autem
1335 595 1426 665 qui
1469 609 1576 648 non
1619 592 1840 648 fratrem

248 691 561 745 contumelia
611 689 732 744 sine
774 704 939 742 causa
981 679 1260 742 olfecerit?
1306 686 1414 742 Nec
1457 687 1586 742 mihi
1615 686 1836 753 dixeris,

252 799 461 838 servum
489 780 666 837 aﬂecit
692 779 1020 836 contumelia
1055 797 1068 832 :
1097 777 1162 833 In
1189 777 1391 833 Christo
1423 777 1566 832 enim
1611 794 1702 832 nec
1730 792 1839 829 ma-

249 878 441 938 sculus,
474 891 564 929 nec
601 875 791 944 [entitm
809 915 826 940 ,
855 889 945 942 nec
971 888 1143 926 servus
1170 881 1278 937 est,
1309 887 1400 924 nec
1437 870 1565 924 liber
1593 869 1610 940 (
1637 867 1754 922 Gul.
1783 869 1834 922 3.

247 971 378 1037 28).
423 967 559 1037 Quis
592 981 753 1038 porro
781 965 1081 1036 proximum
1129 978 1235 1018 non
1279 963 1583 1026 accusavit,
1631 975 1728 1016 nec
1757 969 1838 1015 est

251 1060 508 1115 nit-utitos
525 1057 551 1111 ἳ
585 1057 704 1128 quis
729 1057 1008 1112 mulierem
1040 1069 1144 1110 non
1171 1055 1379 1125 aspexit
1405 1052 1684 1122 impudicis
1701 1067 1837 1106 vocu-

250 1148 366 1202 list
405 1149 528 1218 quis
559 1163 664 1202 non
692 1144 909 1210 invidit,
941 1145 1061 1214 quis
1088 1158 1192 1199 non
1239 1143 1383 1197 inani
1413 1142 1581 1212 gloria
1623 1141 1838 1195 labora-

247 1238 367 1293 vit?
408 1241 531 1308 quis
576 1252 682 1290 non
727 1235 981 1305 loquutus
1023 1246 1103 1288 ρει
1130 1233 1352 1288 verbum
1396 1230 1673 1298 otiosum?
1715 1231 1840 1285 lla'c

245 1338 427 1383 autem
453 1327 632 1382 ontttia
665 1340 836 1396 pmnze
874 1336 999 1378 sunt
1021 1310 1282 1378 'obnoxia.
1316 1323 1382 1377 Et
1418 1323 1505 1388 si,
1542 1337 1661 1377 cum
1691 1322 1838 1399 itriis

244 1436 368 1491 qua
399 1419 468 1473 ad
500 1419 660 1472 vitam
701 1418 1004 1486 pertinent,
1046 1431 1149 1470 non
1191 1417 1361 1470 simus
1385 1405 1700 1485 diligentes,
1731 1429 1835 1468 non

247 1527 496 1569 essemus
521 1511 681 1565 etiam
709 1511 761 1565 in
793 1509 1174 1581 spiritualibus,
1207 1511 1358 1564 venia
1387 1508 1533 1579 digiti
1559 1523 1834 1562 essemus:

248 1618 393 1673 nth
415 1609 596 1657 autem
624 1600 738 1656 hinc
759 1614 972 1671 quoque
1001 1599 1152 1654 nobis
1178 1607 1437 1669 praerepta
1466 1607 1550 1654 est
1571 1596 1833 1652 defensio.

248 1695 465 1751 Etenim
491 1697 543 1749 in
577 1693 682 1749 illis
705 1694 920 1765 quidem
949 1707 1133 1748 sumus
1164 1691 1440 1762 vigilantes
1466 1709 1478 1743 :
1513 1691 1566 1746 in
1591 1689 1676 1746 his
1708 1706 1837 1745 vero

251 1787 410 1855 pbne
435 1785 632 1854 supini.
663 1784 740 1840 Ne
765 1794 942 1839 autem
966 1784 1058 1855 qui
1085 1782 1308 1837 audiunt
1334 1797 1456 1838 eum
1485 1796 1606 1837 esse
1633 1783 1838 1852 patien-

247 1887 377 1942 tem,
405 1875 535 1930 ﬂant
562 1875 991 1945 negligentiorcs,
1019 1873 1290 1942 subiunxit
1319 1891 1333 1927 :
1360 1873 1445 1928 13.
1473 1872 1593 1926 Nisi
1612 1872 1838 1926 conversi

245 1971 469 2039 (ueritis,
515 1966 744 2038 gladium
783 1982 934 2020 suum
976 1965 1209 2020 ribrabit.
1256 1964 1405 2020 Alius
1445 1971 1622 2019 autem
1662 1963 1785 2018 dicit
1818 1983 1832 2018 :

249 2061 435 2118 Ensent
460 2077 608 2116 suum
649 2070 814 2114 acuet.
858 2061 1044 2113 Areum
1079 2075 1225 2114 suum
1264 2058 1507 2123 tetendit,
1550 2067 1597 2112 et
1640 2059 1836 2126 pararit

245 2155 432 2222 ipsum.
458 2152 612 2206 Alius
638 2150 770 2205 dicit
795 2167 812 2201 :
837 2148 1090 2203 Intendet.
1123 2150 1208 2204 H.
1241 2148 1304 2202 Et
1335 2150 1386 2208 in
1413 2165 1470 2202 eo
1496 2148 1691 2218 paravit
1716 2163 1837 2201 vasa

245 2245 457 2308 intortis,
505 2245 716 2312 sagittas
759 2258 883 2296 suas
927 2241 1220 2295 ardentibus
1247 2226 1436 2309 eﬂ'ecit.
1469 2240 1623 2294 Alius
1661 2239 1788 2294 dicit
1818 2256 1832 2292 :

247 2337 328 2392 Ad
357 2333 770 2390 cootburendum.

319 2435 408 2488 il.
437 2433 628 2487 Contra
664 2430 1227 2503 Anthropornorpliitas.
1255 2458 1327 2470 -
1350 2428 1487 2497 Quid
1525 2428 1613 2485 hic
1653 2428 1838 2484 dicent

246 2526 337 2595 qni
368 2526 537 2582 Deum
563 2526 747 2580 dicunt
791 2526 1020 2580 humana
1050 2537 1171 2580 esse
1207 2521 1376 2577 fornta
1421 2521 1700 2592 praeditum
1720 2561 1736 2587 ,
1768 2535 1834 2577 ex

245 2633 315 2672 eo
341 2618 484 2690 quod
514 2617 724 2674 dicatur
767 2617 968 2672 habere
1011 2630 1198 2671 manus
1220 2656 1236 2680 ,
1284 2614 1480 2683 pedes,
1519 2621 1572 2668 et
1608 2611 1835 2668 oculos?

248 2707 459 2766 Suntne
487 2710 540 2764 in
569 2710 819 2780 supernis
844 2709 958 2765 ca‘li
986 2707 1293 2777 regionibus
1317 2721 1476 2760 arcus
1494 2746 1510 2770 ,
1539 2713 1593 2760 et
1619 2705 1752 2765 tela.
1781 2711 1838 2760 et

250 2816 364 2868 eos,
390 2811 447 2857 et
471 2800 713 2872 gladius,
742 2809 798 2855 et
825 2798 1074 2870 pharetra
1093 2800 1117 2849 ’ἐ
1147 2797 1303 2868 Atqui
1329 2795 1457 2851 dicit
1486 2795 1622 2850 alius
1651 2813 1664 2849 :
1697 2793 1834 2849 Dum

250 2904 306 2948 ts
329 2893 612 2961 rapuisti,
645 2891 981 2945 turbabuntur
1003 2906 1036 2942 α
1064 2899 1112 2942 te
1137 2897 1331 2942 montes
1360 2885 1560 2959 (Eccli.
1589 2885 1678 2940 16.
1705 2885 1772 2940 l9
1788 2884 1832 2955 ).

250 2986 317 3042 Et
340 2987 427 3040 hic
466 2985 623 3054 ipse:
661 2983 760 3050 Qui
785 2981 988 3050 respicit
1017 2982 1068 3034 in
1097 2991 1286 3034 terram
1326 2988 1374 3033 et
1415 2978 1538 3047 facit
1577 2967 1690 3031 eam
1731 2986 1834 3030 tre-

248 3093 384 3130 atere
421 3073 610 3146 (Psat.
639 3074 760 3128 105.
792 3071 862 3129 52
879 3071 922 3144 ).
967 3069 1208 3139 Quodsi
1250 3083 1373 3124 eum
1420 3079 1613 3124 terram
1657 3067 1833 3121 Solum

247 3169 470 3238 aspicit,
513 3165 746 3237 lapidum
789 3173 1032 3220 naturam
1077 3162 1380 3233 liquefacit,
1423 3171 1624 3228 quanto
1667 3159 1836 3229 magis

250 3258 352 3313 hoc
380 3259 553 3326 ipsum
583 3256 778 3326 poterit
819 3255 873 3310 in
902 3254 1204 3308 hominibus
1223 3254 1248 3306 ἲ
1295 3250 1402 3306 Cur
1425 3266 1553 3321 ergo
1587 3250 1675 3320 qui
1721 3249 1836 3304 solo

250 3349 438 3402 obtutu
467 3355 642 3416 potest
664 3346 849 3400 orbem
881 3357 1141 3399 terrarum
1171 3351 1434 3408 evertere,
1463 3342 1571 3396 imo
1599 3341 1688 3412 qui
1720 3341 1834 3396 sola

250 3442 522 3494 voluntate
550 3438 678 3511 (qui
704 3439 846 3494 enim
873 3451 971 3507 per
985 3437 1160 3492 solam
1187 3450 1309 3490 cum
1335 3433 1460 3489 fecit
1480 3433 1831 3498 voluntatem,

249 3533 452 3586 clarum
483 3539 568 3586 est
591 3530 732 3600 quod
771 3529 883 3584 sola
915 3537 1090 3599 potest
1113 3542 1234 3582 eum
1276 3526 1549 3580 voluntate
1583 3523 1767 3578 tolli-re
1787 3523 1832 3594 ),

249 3625 444 3679 dicitur
467 3623 700 3694 gladium
727 3631 780 3677 et
822 3635 1005 3675 arcum
1031 3619 1271 3679 habere?
1316 3617 1371 3673 Si
1398 3617 1558 3679 cnim
1584 3613 1655 3670 In
1683 3631 1836 3694 manu

250 3717 357 3784 ciu
377 3693 493 3770 an
517 3715 643 3784 ﬁnes
667 3723 813 3768 terra
835 3711 1002 3784 (I’sat.
1027 3711 1114 3768 at.
1138 3709 1217 3784 ι),
1238 3709 1302 3764 Et
1316 3711 1403 3781 qui
1426 3710 1479 3762 in
1495 3725 1556 3763 ea
1581 3693 1830 3774 habitant,

249 3816 306 3858 ut
332 3807 541 3860 basta
567 3823 580 3859 :
607 3813 665 3859 et
713 3803 898 3858 Omnes
951 3813 1122 3874 gentes
1171 3810 1427 3870 tamquam
1452 3809 1595 3871 gutta
1619 3815 1652 3852 α
1680 3799 1830 3864 cado,

250 3905 299 3951 α
323 3908 581 3968 tamquam
609 3896 813 3950 trutina
839 3903 1144 3948 momentum
1169 3892 1538 3959 reputabuntur
1563 3887 1713 3963 (lsai.
1741 3888 1832 3944 40.

250 3987 467 4057 22.15)
493 4004 507 4039 :
531 3986 639 4056 jam
667 4000 793 4040 vero
830 3983 1054 4054 angelus
1091 3997 1304 4053 quoque
1345 3981 1416 4036 ab
1456 3996 1523 4036 eo
1562 3995 1832 4051 egressus,

255 4076 400 4132 brevi
431 4085 707 4131 momento
751 4074 1006 4144 temporis
1049 4082 1265 4128 centum
1293 4071 1562 4141 octoginta
1602 4071 1835 4141 quinque

258 4170 420 4224 millia
448 4167 715 4224 interfecit
742 4167 818 4238 (ι.
841 4165 972 4236 Reg.
1017 4165 1102 4222 19.
1130 4162 1254 4236 55);
1281 4164 1406 4242 quid
1432 4165 1552 4219 dico
1576 4163 1836 4234 angelus?

253 4276 471 4328 musca,
494 4275 672 4316 eruca:
695 4269 749 4314 et
772 4272 978 4314 vermes
1000 4257 1370 4328 Egyptiorum
1397 4257 1689 4310 exercitum
1717 4271 1837 4323 per-

253 4353 501 4409 didemnt
532 4369 548 4405 :
579 4351 667 4406 ubi
704 4351 809 4406 illic
853 4365 979 4406 arcu
1023 4365 1158 4420 opus
1186 4359 1296 4413 est,
1342 4349 1428 4404 ubi
1469 4349 1689 4418 gladio?
1729 4347 1838 4404 Cur

253 4460 382 4516 ergo
420 4447 538 4500 lucc
578 4444 719 4498 dicta
747 4443 912 4499 sunt?
940 4443 1164 4512 Propter
1192 4442 1490 4496 auditorum
1523 4442 1836 4496 crassitudi-

255 4554 377 4593 nem
397 4579 413 4599 .
438 4548 494 4594 et
519 4546 576 4592 ut
611 4536 693 4591 his
715 4537 986 4592 consuetis
1011 4550 1281 4590 armorum
1311 4535 1616 4588 nominibus
1652 4550 1837 4589 eorum

257 4642 488 4684 mentem
537 4636 789 4683 terreant.
829 4626 991 4697 Cujus
1015 4626 1157 4680 enim
1186 4625 1238 4679 in
1283 4638 1446 4678 manu
1474 4635 1560 4680 est
1597 4626 1836 4680 ninnium

257 4732 495 4774 nostrum
527 4719 746 4790 spiritus
786 4716 963 4789 (Dan.
991 4718 1045 4774 5.
1071 4715 1219 4789 23),
1263 4726 1319 4775 et
1360 4730 1393 4772 a
1431 4716 1588 4786 cujus
1629 4716 1840 4787 frigoris

257 4810 388 4865 facie
413 4809 589 4865 nullus
613 4807 895 4864 sustinebit
917 4807 938 4880 (
961 4805 1106 4864 Psat.
1132 4807 1256 4864 147.
1284 4804 1386 4880 17)
1403 4848 1418 4874 ,
1459 4808 1728 4877 quomodo
1756 4808 1842 4863 hic

257 4901 422 4954 armis
446 4898 685 4970 indiget?
722 4899 850 4966 Sed,
879 4907 936 4955 ιιι
960 4898 1068 4954 disi
1094 4908 1273 4963 antea,
1303 4897 1419 4954 haec
1443 4905 1664 4968 preptcr
1687 4895 1841 4951 audi-

261 5001 433 5044 torum
476 4991 884 5046 crassitudinem
930 5000 986 5046 et
1035 4989 1338 5044 tarditatem
1387 4991 1457 5044 ita
1503 4987 1646 5046 dicta
1695 4997 1840 5044 sunt.

259 5081 394 5148 Quid
424 5090 506 5135 est
530 5089 727 5145 autem,
759 5079 824 5134 Et
849 5080 1055 5134 oibrabit
1078 5079 1105 5133 2
1132 5081 1320 5134 Aettet.
1346 5078 1548 5135 Cotene
1568 5094 1700 5148 opus
1722 5079 1844 5134 est?

261 5183 411 5227 estne
439 5171 626 5240 rubigo
657 5170 708 5224 in
732 5170 950 5240 gladio?
986 5169 1053 5224 Et
1076 5171 1348 5240 quisnam.
1383 5169 1471 5240 qui
1503 5171 1693 5239 sapiat.
1727 5169 1844 5226 haec

264 5263 330 5317 ita
356 5265 597 5334 accipere
627 5263 946 5329 sustinebit,
987 5271 1046 5316 ut
1085 5262 1226 5317 dicta
1255 5263 1420 5317 sunt?
1463 5262 1568 5320 Std
1589 5303 1605 5329 ,
1633 5273 1694 5316 ut
1721 5274 1845 5319 ante

264 5357 389 5422 disi,
425 5373 518 5426 per
545 5356 724 5412 omnia
750 5353 1004 5411 describit
1032 5354 1361 5425 punitionem
1382 5394 1402 5422 ,
1428 5367 1482 5412 et
1511 5353 1751 5425 procedit
1777 5354 1844 5410 ad

261 5460 321 5501 ca
356 5463 471 5518 quae
498 5456 627 5503 sunt
653 5446 919 5501 crassiora
939 5486 954 5510 ,
986 5455 1049 5499 ιιι
1070 5444 1231 5499 etiam
1269 5445 1360 5512 qui
1390 5454 1516 5500 sunt
1555 5443 1844 5499 admodum

262 5537 425 5603 stulti,
472 5537 773 5607 intelligant
814 5551 919 5589 non
945 5549 1066 5590 esse
1110 5535 1462 5591 insistendum
1501 5535 1843 5603 dictionibus,

261 5629 351 5685 sed
371 5646 488 5701 qua:
509 5630 625 5686 Deo
647 5627 974 5684 conveniunt
993 5640 1168 5690 sensa,
1194 5641 1312 5684 esse
1341 5642 1407 5684 ex
1428 5627 1493 5681 iis
1512 5627 1843 5698 accipienda.

261 5719 422 5790 Quare
447 5723 494 5779 si
541 5719 670 5792 quis
714 5718 924 5773 dubitat
952 5733 1055 5788 qua
1097 5717 1167 5773 de
1202 5733 1362 5774 causa
1406 5719 1846 5774 excandescentia

249 5824 298 5872 et
324 5817 397 5874 ira
422 5815 493 5874 de
520 5813 640 5871 Deo
667 5809 813 5868 dicta
843 5819 948 5876 est,
976 5809 1144 5866 multo
1169 5812 1336 5883 magis
1359 5822 1578 5882 propter
1606 5811 1718 5868 haec
1745 5811 1846 5868 du-

1949 499 2222 557 bitavcrit.
2247 501 2342 556 Sin
2369 509 2549 556 autem
2575 500 2690 556 lucc
2715 515 2820 557 non
2847 511 2972 557 sunt
2997 501 3305 572 accipienda
3331 515 3385 558 ut
3411 504 3549 558 dicta

1945 603 2104 661 sunt,
2138 593 2232 649 sed
2274 594 2344 648 ita
2377 601 2436 648 ιιι
2479 595 2590 650 Deo
2633 596 3001 651 conveniant:
3030 596 3234 651 clarum
3279 607 3364 652 est
3409 600 3550 668 quod

1945 685 2108 740 etiam
2137 684 2210 736 ira
2239 693 2289 738 et
2318 683 2801 752 excandescentia;
2849 699 3048 742 crassze
3073 696 3252 742 autem
3295 698 3424 744 sunt
3465 689 3547 744 di-

1944 775 2174 838 ctiones,
2216 784 2276 827 ttt
2319 773 2622 830 auditorum
2670 785 2952 846 penetrem
2996 777 3434 834 crassitudinem.
3481 779 3548 835 Et

1944 866 2068 920 ideo
2094 879 2194 921 nec
2225 866 2288 920 iis
2317 865 2532 936 quidem
2558 883 2678 937 qua:
2705 866 2848 921 dicta
2879 875 3045 934 sunt,
3093 868 3196 925 fuit
3219 880 3508 926 contentus
3534 888 3549 925 :

1942 960 2036 1015 sed
2068 970 2330 1015 terrorem
2376 959 2667 1029 adangcns,
2712 959 2890 1016 adlmc
2931 976 3084 1016 more
3119 961 3290 1031 magis
3317 961 3549 1017 humano

1947 1053 2207 1122 procedit.
2255 1052 2372 1107 Non
2419 1053 2597 1108 solum
2643 1054 2787 1108 enim
2836 1054 3039 1108 inducit
3088 1070 3213 1110 eum
3259 1055 3550 1111 habentem

1941 1145 2197 1214 gladium,
2241 1144 2333 1199 sed
2370 1146 2532 1199 etiam
2573 1155 2860 1199 armatum.
2906 1144 3039 1214 Quia
3066 1146 3210 1203 enim
3251 1160 3357 1200 non
3397 1161 3548 1216 mque

1943 1236 2062 1305 quis
2088 1236 2281 1289 metuit
2319 1235 2545 1290 audiens
2583 1237 2702 1290 acui
2729 1235 2989 1304 gladium,
3029 1245 3083 1290 ct
3109 1234 3334 1294 audiens
3361 1251 3544 1291 aremn

1942 1343 2062 1383 csse
2093 1327 2146 1380 in
2185 1327 2430 1382 manibus
2465 1342 2479 1379 :
2511 1342 2578 1382 ex
2609 1327 2794 1399 figuris
2824 1325 3074 1382 humanis
3113 1335 3348 1382 mentem
3393 1326 3545 1380 audi-

1945 1429 2121 1473 torum
2148 1419 2408 1483 concutit,
2437 1416 2628 1472 dicens
2658 1435 2673 1472 :
2701 1418 2890 1472 Arcum
2914 1434 3063 1472 suum
3089 1418 3300 1472 tetendit
3324 1426 3371 1472 et
3395 1433 3555 1487 para-

1944 1513 2010 1566 vit
2043 1513 2211 1578 illum,
2244 1511 2544 1565 auditorem
2572 1521 2798 1576 terrens,
2829 1511 2987 1565 simul
3011 1520 3068 1566 et
3094 1511 3404 1580 patientiam
3433 1510 3547 1580 ejus

1943 1616 1994 1660 et
2022 1605 2154 1658 iram
2183 1605 2446 1684 indicans.
2472 1603 2590 1659 Non
2619 1605 2761 1659 enim
2783 1603 2936 1668 dixit,
2968 1604 3216 1671 Immisit,
3242 1619 3361 1671 nec,
3387 1603 3544 1658 Jaco-

1941 1695 2081 1750 latus
2101 1705 2184 1751 est
2214 1713 2228 1749 :
2257 1695 2382 1763 sed,
2426 1688 2657 1750 Intendit
2685 1706 2733 1749 et
2759 1697 2957 1766 paravit
2982 1712 3002 1760 ;
3032 1695 3134 1750 hoc
3164 1703 3247 1750 est
3270 1737 3285 1764 ,
3331 1704 3547 1765 piratas

1941 1788 2007 1841 ad
2031 1787 2405 1842 emittendum.
2433 1788 2502 1842 Et
2521 1788 2645 1856 quid
2671 1786 2884 1842 miraris
2905 1787 2949 1841 si
2971 1786 3051 1842 sic
3073 1786 3125 1841 in
3141 1785 3322 1841 Veteri
3342 1784 3546 1839 dictum

1940 1887 2043 1944 est,
2067 1893 2191 1932 cum
2213 1879 2374 1934 etiam
2406 1880 2459 1934 in
2487 1878 2636 1934 Novo
2657 1878 2894 1934 Joannes
2919 1892 3042 1933 cum
3066 1877 3268 1933 Judteis
3293 1877 3395 1932 tale
3417 1876 3545 1945 quid

1942 1971 2130 2027 dicat?
2173 1970 2296 2026 Jam
2337 1983 2508 2026 autem
2552 1971 2622 2025 ad
2653 1971 2880 2028 radicem
2915 1971 3113 2026 arboris
3159 1971 3352 2026 securis
3380 1971 3547 2042 posita

1940 2072 2013 2120 est
2054 2061 2226 2134 (Luc.
2258 2063 2312 2118 3.
2349 2061 2447 2134 9).
2491 2061 2632 2131 Quid
2676 2063 2850 2134 ergo?
2891 2077 2958 2118 an
2998 2063 3364 2118 materiarium
3407 2062 3546 2116 Deus

1940 2154 2183 2209 imitatur
2210 2154 2388 2209 securi
2415 2154 2555 2224 ligna
2582 2152 2959 2208 scindentem?
2999 2168 3068 2207 an
3092 2151 3180 2208 hic
3216 2153 3422 2208 securis
3462 2152 3546 2204 in-

1923 2245 2231 2317 ‘telligenda
2257 2254 2339 2301 est
2357 2286 2371 2309 ,
2415 2255 2473 2301 et
2523 2245 2712 2315 ligna?
2738 2245 2894 2300 Absit
2922 2263 2934 2298 :
2966 2243 3417 2311 quemadmodum
3447 2259 3546 2296 ure

1940 2339 2144 2410 paleae,
2172 2353 2272 2394 nec
2316 2336 2645 2394 frumentum
2663 2379 2678 2402 ,
2705 2336 2920 2408 quando
2946 2336 3077 2392 dicit
3103 2354 3116 2389 :
3145 2334 3304 2407 Cujus
3331 2336 3545 2389 venum.

1941 2430 2087 2484 brum
2123 2429 2179 2484 in
2206 2446 2360 2484 manu
2386 2429 2531 2500 ejus,
2573 2437 2620 2484 et
2660 2427 2924 2482 ntundabit
2949 2444 3122 2483 aream
3145 2443 3290 2481 suum
3315 2468 3332 2492 ,
3360 2438 3405 2480 et
3434 2431 3543 2496 {rn-

1939 2531 2164 2577 mentum
2187 2522 2394 2594 quidem
2417 2521 2740 2592 congregabit
2779 2521 2834 2574 in
2871 2521 3316 2584 liorreurnlsunm,
3348 2521 3547 2589 paleam

1939 2626 2111 2672 autem
2139 2614 2392 2670 comburet
2434 2614 2553 2684 igne
2593 2612 2998 2684 inexstinguibiti
3037 2609 3273 2685 (Matth.
3318 2610 3372 2664 5.
3414 2608 3478 2664 12
3502 2621 3546 2681 ).

1939 2708 2073 2778 Qua:
2097 2715 2327 2776 estergo
2349 2703 2600 2760 securis?
2629 2703 2864 2770 Punitio,
2890 2702 3234 2774 supplicium.
3262 2700 3394 2770 Qua:
3419 2718 3546 2756 vero

1939 2811 2067 2858 sunt
2086 2801 2309 2856 arbores
2329 2799 2354 2853 ἲ
2381 2799 2662 2854 Homines.
2683 2797 2942 2865 Quwnam
2966 2793 3178 2867 palem?
3211 2793 3355 2848 Mali.
3391 2793 3544 2860 Quod

1941 2893 2318 2950 frumentum?
2356 2891 2513 2946 Boni.
2556 2889 2694 2958 Quid
2721 2889 3075 2946 ventilahrum
3098 2887 3434 2942 iDiscretio.
3472 2885 3545 2939 Ita

1939 2987 2101 3043 etiam
2136 2985 2245 3050 hic,
2292 2985 2529 3056 gladius,
2563 2997 2742 3051 arcus,
2785 2991 2841 3037 et
2878 2983 3086 3052 sagitta:
3126 2995 3286 3051 poena
3331 2988 3455 3034 sunt
3492 2989 3545 3035 et

1941 3078 2285 3150 supplicium.
2325 3073 2530 3130 Deinde
2555 3075 2723 3128 innuit
2753 3072 3095 3137 dilationem,
3129 3078 3187 3126 et
3207 3071 3396 3146 abesse
3422 3069 3547 3140 qui-

1941 3168 2062 3225 dem
2087 3183 2324 3239 ptenam,
2349 3166 2443 3222 sed
2468 3180 2574 3220 non
2599 3165 2780 3236 longe,
2818 3165 3012 3220 adesse
3040 3170 3218 3218 autem
3242 3162 3295 3218 in
3319 3160 3546 3229 foribus,

1941 3276 2040 3332 per
2067 3259 2362 3314 intendisse
2383 3267 2440 3313 et
2462 3271 2680 3326 parasse
2701 3254 2955 3311 ostendit.
2979 3253 3338 3309 instrumenta
3364 3261 3544 3307 autem

1942 3354 2133 3408 mortis
2183 3351 2314 3406 dicit
2365 3350 2610 3419 sagittas.
2669 3346 3133 3414 Quemadmodum
3191 3345 3546 3401 instrumenta

1941 3443 2303 3515 agriculturae,
2332 3455 2392 3496 ea
2422 3440 2618 3511 quibus
2641 3448 2787 3494 terra
2814 3439 3047 3502 colitur;
3091 3445 3146 3491 et
3169 3436 3544 3506 navigationis,

1941 3553 2063 3608 qua:
2100 3535 2166 3589 ad
2197 3533 2551 3604 navigandum
2590 3532 2912 3594 conferunt;
2954 3539 3008 3585 et
3047 3527 3317 3594 textrinm,
3354 3528 3549 3597 quibus

1943 3630 2144 3684 texitur
2173 3645 2186 3680 :
2219 3627 2289 3680 ita
2319 3626 2482 3680 etiam
2525 3624 2715 3679 mortis
2754 3623 3132 3687 instrumenta,
3170 3635 3290 3690 qua:
3315 3628 3545 3674 mortem

1940 3719 2199 3776 efficiunt.
2243 3715 2448 3772 Deinde
2487 3715 2850 3784 interpretans
2888 3726 3136 3782 quaenam
3179 3721 3305 3766 sunt
3345 3710 3546 3764 instru—

1940 3821 2122 3867 tneuta
2167 3809 2355 3864 mortis
2380 3849 2395 3874 ,
2439 3805 2744 3877 subiungit,
2795 3804 3026 3875 Sagittas
3052 3819 3210 3866 suas,
3251 3798 3546 3854 ostendens

1941 3905 2272 3960 celeritatem
2296 3900 2542 3972 supplicii
2564 3898 2780 3970 quando
2801 3895 3056 3952 voluerit.
3079 3895 3218 3963 Quid
3240 3904 3324 3950 est
3342 3905 3544 3958 autem,

1943 3997 2294 4054 Ardentibus?
2334 3995 2400 4050 lis
2429 3993 2520 4065 qui
2543 3993 2836 4064 puniuntur
2860 4031 2875 4054 ,
2931 3989 2998 4044 iis
3039 3987 3129 4059 qui
3167 3986 3298 4042 dant
3335 4000 3545 4056 poenas.

1943 4093 2022 4162 (a)
2045 4089 2296 4163 [Ergone
2332 4087 2470 4158 ignis
2492 4101 2598 4140 non
2640 4083 2859 4146 sufficit,
2883 4081 2977 4137 sed
2999 4079 3206 4150 sagittis
3228 4087 3312 4132 est
3330 4078 3505 4147 opus?
3534 4076 3547 4148 1

1944 4183 2108 4236 \‘ides
2148 4180 2327 4235 omnia
2377 4194 2471 4248 per
2516 4174 2921 4230 translationem
2965 4181 3022 4226 et
3062 4169 3364 4238 emphasim
3406 4165 3546 4221 dicta

1942 4289 2086 4337 esse,
2127 4281 2183 4327 et
2221 4280 2279 4326 ut
2310 4286 2404 4340 per
2444 4269 2559 4322 haec
2598 4276 2788 4322 cuncta
2824 4271 3114 4334 augeretur
3148 4258 3349 4314 timor?
3391 4258 3546 4326 Quod

1943 4365 2085 4420 enim
2117 4362 2282 4428 dicit,
2333 4361 2439 4416 tale
2479 4369 2582 4415 est.
2627 4357 2842 4414 Paravit
2883 4355 3144 4425 supplicia
3185 4353 3252 4407 iis
3288 4351 3379 4421 qui
3423 4361 3550 4404 sunt

1943 4453 2225 4525 puniendi.
2253 4451 2358 4508 Sed
2386 4452 2430 4506 si
2460 4465 2566 4506 non
2594 4449 2672 4504 sic
2697 4448 2944 4511 dixisset,
2973 4460 3078 4500 non
3119 4443 3190 4498 ita
3231 4444 3544 4496 terruisset:

1946 4561 2094 4601 nunc
2120 4555 2300 4599 autem
2340 4559 2462 4599 cum
2485 4544 2822 4613 sagittarum,
2845 4538 3029 4610 gladii,
3068 4551 3227 4593 arcus
3265 4535 3552 4590 innuissio—

1946 4638 2067 4701 nis,
2101 4637 2420 4693 intensionis
2459 4637 2941 4690 instrumentorum
2969 4629 3192 4696 mortis,
3232 4635 3288 4683 et
3319 4625 3550 4682 incendii

1947 4729 2217 4794 meminit,
2249 4729 2528 4782 nominum
2553 4726 2814 4780 varietate
2849 4731 3053 4779 metum
3078 4722 3320 4777 incussit.
3350 4719 3552 4775 Deinde

1949 4836 2138 4876 rursus
2165 4830 2366 4875 metum
2393 4819 2725 4884 consolatus,
2756 4815 3070 4886 subiunxit,
3103 4811 3430 4868 Ardeatibus.
3472 4811 3550 4866 Ne

1948 4911 2071 4982 quis
2117 4911 2261 4966 enim
2312 4909 2650 4980 insipientior
2688 4908 3060 4971 existimaret,
3111 4905 3165 4959 in
3201 4917 3390 4958 omnes
3427 4919 3553 4958 eum

1949 5019 2142 5060 manus
2170 5003 2425 5073 dirigere,
2457 5012 2513 5057 et
2540 5011 2806 5055 armatum
2837 5014 2980 5064 esse,
3009 4997 3284 5068 subjunsit
3306 5038 3322 5062 ,
3351 4997 3553 5050 Arden-

1949 5096 2103 5150 tibus.
2148 5093 2301 5162 Quod
2351 5096 2513 5149 etiam
2570 5092 2768 5147 Paulus
2815 5089 3083 5161 signiticnt
3124 5089 3193 5144 de
3246 5090 3556 5160 magistratu

1949 5187 2137 5242 dicens
2161 5203 2174 5240 :
2204 5185 2324 5239 Non
2346 5185 2478 5238 enim
2506 5186 2694 5254 frustra
2721 5181 2953 5254 gladium
2973 5189 3140 5251 portat
3167 5179 3346 5253 (Rom.
3366 5180 3453 5236 l5.
3472 5181 3553 5250 4).

1951 5278 2109 5346 Quod
2133 5279 2178 5334 si
2212 5278 2264 5333 in
2296 5275 2694 5348 magistratibus
2719 5274 2932 5343 gladius
2964 5275 3065 5328 hoc
3091 5271 3217 5328 facit
3255 5283 3311 5328 et
3350 5281 3554 5327 terret:

1952 5373 2125 5427 multo
2155 5371 2326 5441 magis
2358 5371 2411 5424 in
2437 5370 2566 5424 Deo.
2597 5367 2764 5423 Porro
2806 5367 2908 5424 hoc
2933 5374 3017 5422 est
3049 5381 3156 5421 non
3183 5365 3418 5436 vulgaris
3443 5365 3558 5420 cle—

1954 5463 2168 5532 mentia:
2208 5471 2604 5531 argumentum,
2647 5477 2744 5530 per
2772 5461 2935 5516 verba
2977 5469 3201 5525 terrere,
3246 5469 3302 5515 ct
3343 5475 3554 5529 [nntium

1953 5555 2322 5628 amplilieare,
2370 5570 2438 5610 ne
2479 5555 2654 5624 reipsa
2685 5568 2804 5610 eam
2849 5554 3213 5625 experiamur.
3263 5553 3557 5622 Propterea

2019 5759 2228 5820 (a)Qua:
2263 5758 2454 5808 uncinis
2485 5755 2780 5810 clauduntur
2813 5758 2862 5809 in
2894 5757 3041 5809 alitis
3073 5756 3283 5819 desunt;
3317 5755 3566 5807 habemur

1959 5831 2124 5872 autem
2146 5823 2197 5870 in
2219 5821 2414 5872 duobus
2435 5828 2536 5872 Mss.
