4178 6422
760 358 829 416 9ο
1457 352 1513 409 s.
1550 350 1828 408 manuus
1848 345 2295 405 cnmvsosrou

2407 343 2674 401 RCHIEP.
2703 344 3235 415 CONSTANTINOP.

751 469 896 524 enim
920 466 1166 532 intendit,
1206 474 1485 534 pmpt‘erca
1514 464 1715 533 paravit
1730 478 1755 527 ν,
1797 462 1919 516 ideo
1958 468 2176 529 sagittas
2216 458 2318 513 im-

754 559 961 627 posuit.
1000 556 1124 613 ideo
1160 569 1221 610 se
1258 554 1409 625 parat
1443 552 1511 609 ad
1547 553 1905 624 supplicium,
1942 565 2011 607 ne
2048 552 2223 605 veniat
2256 548 2323 603 ad

747 647 1088 721 supplicium.

818 736 908 793 12.
937 735 1240 793 Orationem
1259 744 1436 792 autem
1482 734 1655 791 reddit
1678 732 1974 804 gravior-em
1994 770 2013 798 ,
2037 740 2138 800 per
2161 727 2319 795 illud,

759 824 1001 893 “brabit,
1032 826 1276 897 supplicii
1300 825 1688 883 vehementiam
1718 831 1776 880 et
1791 822 2120 880 celeritatem
2138 830 2320 875 osten-

742 914 917 984 dens;
944 917 1179 991 perillud
1201 926 1401 984 autem,
1425 914 1671 981 fatesdit,
1697 914 2146 985 propinquitatem
2172 929 2187 966 :
2226 926 2321 982 per

747 1005 900 1075 illud,
933 1005 1172 1075 Paruit,
1218 1007 1272 1063 id
1312 1002 1454 1079 quod
1480 1006 1703 1063 omnino
1736 1002 1973 1062 futurum
1994 1012 2100 1071 est,
2140 1005 2191 1059 si
2213 1018 2320 1059 non

743 1096 943 1155 fuerint
989 1099 1179 1157 mutati
1226 1116 1242 1155 :
1290 1098 1552 1171 perbano
1584 1111 1792 1165 vocem,
1834 1097 2157 1164 Ardeatibus,
2199 1110 2321 1153 reos

741 1190 1051 1256 mandens,
1078 1198 1139 1244 ut
1153 1202 1250 1259 per
1270 1186 1388 1250 hac
1409 1188 1591 1244 omnia
1616 1187 1782 1255 docti,
1810 1185 2206 1257 improbitatem
2234 1202 2321 1242 re-

744 1280 1000 1350 primant.
1044 1276 1200 1348 Quod
1240 1278 1423 1335 sibszc
1458 1287 1640 1335 essent
1675 1276 1869 1334 furoris
1912 1284 1969 1332 et
2010 1276 2317 1344 iracundia,

742 1381 850 1423 non
875 1365 1328 1438 pradislaset'ela,
1353 1381 1415 1424 se
1439 1366 1746 1425 invasurum
1763 1381 1905 1424 esse.
1935 1366 2015 1422 Ira
2042 1367 2187 1452 enim
2210 1380 2318 1422 non

739 1454 845 1511 boc
890 1454 1037 1524 facit,
1066 1454 1163 1514 sed
1202 1458 1816 1525 contui-tumbam
1840 1457 2319 1529 quandosdsum-

736 1561 885 1605 unum
930 1547 1255 1620 pervenerit,
1279 1559 1338 1607 et
1358 1548 1623 1622 supplicio
1642 1565 1707 1607 se
1744 1549 1991 1623 supplicii
2035 1551 2315 1623 apparatui

738 1637 999 1696 imminet.
1024 1639 1218 1696 llostcs
1239 1649 1404 1709 certe,
1431 1650 1486 1698 et
1520 1640 1612 1712 qui
1630 1640 1809 1698 volunt
1838 1639 2154 1712 supplicium
2181 1640 2320 1697 inlli-

736 1742 887 1798 μη.
929 1742 1038 1783 non
1063 1729 1225 1785 modo
1250 1729 1302 1786 id
1329 1745 1435 1785 non
1464 1728 1667 1796 dicunt,
1696 1729 1794 1787 sed
1820 1731 1981 1787 etiam
2009 1729 2062 1786 id
2082 1730 2316 1789 celantes

732 1815 1013 1885 invadunt,
1037 1832 1105 1876 ne
1119 1819 1208 1891 qui
1233 1829 1355 1876 sunt
1377 1819 1626 1890 puniendi
1650 1820 1696 1876 si
1716 1820 2045 1886 resciverim,
2067 1830 2309 1877 caveant.

728 1905 804 1960 At
829 1920 937 1964 non
981 1908 1062 1963 sic
1088 1908 1253 1974 Deus,
1304 1910 1400 1965 sed
1440 1918 1626 1966 contra
1671 1911 1889 1967 omnino
1919 1926 1937 1965 l
1968 1909 2227 1981 praedicit,
2256 1920 2314 1967 et

728 1993 927 2064 (ἥσθη,
953 1998 1131 2055 verbis
1152 2007 1339 2067 terret,
1360 2009 1415 2055 et
1436 2000 1569 2055 nihil
1595 2014 1701 2056 non
1731 1999 1881 2069 facit,
1909 2010 1968 2056 nt
1988 2017 2109 2073 qua:
2133 2003 2312 2058 mina-

726 2096 817 2145 tur
841 2103 949 2147 non
978 2090 1218 2149 inducat.
1264 2091 1377 2149 Hoc
1408 2092 1569 2150 etiam
1607 2092 1729 2149 fecit
1775 2093 1829 2149 in
1871 2092 2134 2150 Ninivitis.
2176 2094 2311 2151 Nam

728 2180 834 2236 illic
851 2192 1063 2253 quoque
1107 2195 1289 2239 arcum
1318 2185 1564 2252 tetendit,
1608 2185 1843 2256 gladium
1873 2185 2114 2254 vibravit,
2130 2186 2313 2260 jacula‘

725 2272 953 2344 paravit,
979 2282 1035 2331 et
1075 2274 1236 2331 ictum
1284 2291 1392 2333 non
1436 2275 1646 2332 inﬂixit.
1679 2280 1764 2333 An
1808 2288 1913 2333 non
1940 2277 2039 2333 tibi
2064 2278 2312 2335 videntur

727 2363 887 2420 verba
913 2365 1187 2435 propheta
1210 2381 1333 2424 esse
1365 2382 1543 2436 arcus,
1572 2375 1629 2426 et
1654 2367 1838 2435 telum,
1865 2376 1921 2424 et
1945 2367 2158 2440 gladius
2180 2385 2310 2427 acu-

733 2464 845 2522 tus,
870 2458 1081 2525 quando
1106 2454 1239 2514 dicit"
1265 2476 1280 2514 :
1305 2459 1490 2514 Adhuc
1530 2470 1630 2514 tres
1654 2458 1770 2516 dies
1804 2457 1881 2534 (ιι)
1906 2466 1957 2517 el
1982 2456 2168 2517 Nitriae
2191 2461 2310 2517 sub-

726 2549 943 2601 rértelnr
957 2544 1128 2618 (lente
1158 2548 1214 2609 ὅ.
1229 2548 1289 2619 ι)
1308 2548 1340 2603 τ
1355 2548 1465 2605 Sed
1482 2550 1648 2605 telum
1663 2562 1777 2605 non
1789 2548 1969 2633 emisit
1994 2566 2010 2605 :
2035 2560 2143 2608 non
2161 2552 2307 2609 enim

723 2634 845 2691 ideo
864 2643 984 2703 erat
1007 2647 1340 2707 apparatum-
1355 2645 1411 2694 ιιι
1434 2638 1787 2705 emitteretur:
1806 2638 1986 2697 sedul
2008 2644 2313 2711 reponere?

722 2732 829 2781 tur.
873 2725 1008 2782 Nam
1052 2728 1249 2785 milites
1292 2728 1506 2800 quidem
1531 2742 1595 2785 ea
1632 2728 1705 2787 de
1726 2739 1893 2786 causa
1927 2741 2220 2801 armantur,
2247 2742 2315 2789 ut

720 2816 943 2887 puniant
968 2834 984 2871 :
1019 2818 1158 2875 Deus
1180 2831 1359 2876 autem
1380 2835 1486 2875 non
1511 2820 1610 2887 sic,
1646 2820 1744 2877 sed
1776 2829 1832 2876 ut
1857 2836 1978 2878 cum
2009 2823 2304 2880 reddiderit

719 2915 866 2963 metu
905 2907 1279 2977 modestiores,
1310 2909 1576 2965 abstth
1606 2923 1826 2967 manum
1861 2926 1891 2968 a
1917 2912 2196 2984 supplicio.
2224 2913 2302 2971 Ne

717 3007 849 3067 ergo
866 2997 1249 3054 conturbamur
1269 3015 1283 3053 :
1302 3004 1389 3055 est
1402 3000 1543 3056 enim
1565 3008 1737 3056 terror
1748 3000 2036 3057 verborum
2059 3003 2303 3060 maximat

717 3086 1038 3155 clementiae,
1057 3095 1114 3143 et
1150 3094 1259 3159 quo
1271 3085 1401 3146 dicit
1419 3088 1855 3158 uiolentiam,
1886 3106 1952 3147 eo
1976 3091 2067 3147 illa
2087 3108 2154 3149 ex
2177 3110 2298 3150 ma-

714 3174 822 3249 jori
862 3176 991 3236 dicit
1029 3180 1453 3237 mansuetudine.
1492 3178 1624 3237 Nam
1668 3190 1844 3253 patres
1884 3184 2045 3240 etiam
2086 3186 2301 3257 quando

716 3268 905 3322 nolunt
932 3269 1120 3338 punire
1168 3270 1329 3340 filios,
1369 3272 1549 3329 verbis
1586 3272 1720 3331 iram
1747 3275 1996 3331 attollunt
2022 3294 2043 3330 τ
2077 3278 2146 3333 ita
2184 3280 2305 3349 ipso

715 3359 901 3426 etiam,
929 3359 1052 3430 quia
1098 3376 1203 3417 non
1246 3362 1361 3418 vult
1404 3364 1622 3434 punire,
1664 3365 1844 3421 verbis
1891 3375 2092 3423 metum
2125 3366 2301 3425 reddit

660 3458 665 3463 ‘
714 3450 1034 3520 graviorem.
1060 3446 1201 3507 Dicit
1218 3452 1377 3509 etiam
1403 3467 1463 3510 se
1487 3467 1702 3524 parasse
1738 3457 2058 3526 gehennam,
2089 3473 2157 3513 ne
2176 3458 2299 3514 mit-

718 3548 794 3593 tat
837 3540 890 3594 in
920 3539 1218 3610 gehennam
1242 3583 1258 3608 ,
1285 3551 1340 3598 et
1367 3541 1490 3599 ideo
1515 3544 1675 3599 etiam
1716 3545 1771 3598 in
1801 3544 2099 3617 Evangeliis
2130 3547 2294 3604 multa

713 3628 963 3687 dicuntur
983 3631 1051 3688 de
1078 3634 1360 3703 supplicio,
1402 3648 1464 3690 ac
1493 3635 1644 3704 plura
1670 3650 1829 3706 quam
1851 3636 1920 3693 de
1943 3653 2130 3710 regno.
2159 3640 2294 3709 Quia

714 3721 858 3777 enim
887 3722 939 3778 in
964 3723 1032 3780 iis
1057 3724 1149 3794 qui
1191 3724 1386 3780 minori
1416 3735 1543 3781 sunt
1569 3741 1731 3782 sensu
1755 3728 1988 3799 prmditi,
2028 3746 2134 3785 non
2170 3741 2294 3786 tan-

716 3821 829 3868 tum
857 3813 1122 3870 bonorum
1170 3818 1471 3887 promissio,
1502 3833 1663 3888 quam
1692 3828 2081 3877 tormentorum
2120 3833 2294 3879 metus

713 3903 929 3960 adducit
949 3905 1012 3961 ad
1031 3905 1307 3973 virtutem,
1331 3917 1386 3963 et
1406 3908 1621 3964 abducit
1640 3910 1830 3973 a,vitio
1858 3928 1873 3965 :
1907 3922 2186 3983 prapterca
2234 3914 2289 3970 in

718 3995 783 4049 iis
807 3996 977 4066 magis
1017 4007 1352 4063 immoratur,
1404 4007 1461 4056 et
1485 4014 1550 4055 ea
1598 4001 1747 4071 ponit
1783 4002 2015 4059 assidue.
2058 4003 2137 4061 Ne
2162 4020 2290 4078 ergo

713 4084 957 4140 molestia
973 4084 1286 4155 afﬁciamnr,
1313 4088 1439 4144 dum
1464 4082 1643 4160 gravia
1668 4092 1828 4145 verba
1852 4093 2096 4150 audimus
2128 4113 2142 4151 :
2177 4111 2293 4150 ma-

713 4188 877 4243 gnum
910 4174 1053 4230 enim
1082 4176 1288 4232 lucrum
1320 4180 1376 4233 in
1399 4194 1459 4235 se
1494 4180 1803 4247 continent;
1847 4182 1944 4237 sed
1973 4184 2087 4252 ejus
2109 4186 2290 4240 consi-

713 4262 962 4318 derantes
1002 4273 1056 4337 et
1101 4266 1511 4337 patienti-amet
1556 4268 1759 4337 justum
1803 4270 2081 4340 judicium,
2128 4290 2195 4329 ne
2222 4276 2291 4331 de

713 4348 884 4409 mlute
928 4354 1313 4427 desperemus:
1342 4368 1426 4416 est
1462 4361 1613 4416 enim
1646 4362 1889 4432 patiens;
1933 4380 2105 4437 neque
2150 4368 2307 4425 tristi"

705 4444 887 4499 animo
907 4445 1118 4502 simus:
1150 4457 1233 4503 est
1262 4450 1403 4505 enim
1438 4450 1646 4520 justus;
1676 4452 1761 4509 hic
1809 4453 2019 4525 quidem
2068 4458 2287 4513 multam

707 4535 997 4592 ostendens
1025 4526 1355 4607 patientiam,
1382 4542 1490 4597 illic
1516 4550 1695 4599 autem
1723 4559 1819 4600 eos
1837 4545 1927 4616 qui
1956 4560 2060 4601 nnn
2088 4548 2177 4604 hic
2202 4549 2288 4603 lu-

706 4624 1045 4695 crifecerunt,
1078 4631 1442 4699 experimento
1472 4635 1685 4689 tradens
1727 4639 1969 4707 supplicii
1997 4656 2012 4702 ;
2042 4641 2183 4711 quod
2220 4658 2289 4700 ne

710 4715 819 4779 ttat,
848 4715 933 4771 hic
950 4720 1061 4787 jam
1088 4721 1415 4791 supplicium
1430 4724 1773 4794 depellamus.
1808 4728 1896 4783 15.
1942 4728 2076 4786 Ecce
2107 4742 2285 4801 pauit-

705 4806 791 4859 riit
819 4809 1138 4878 injustitiam.
1170 4811 1425 4867 Hebrmus
1444 4824 1641 4879 autem,
1667 4833 1761 4887 pro
1784 4822 2040 4889 parturiit,
2064 4821 2216 4878 Jebat
2242 4827 2281 4878 ⁸.

708 4896 943 4967 Concepit
968 4901 1209 4956 dolorem.
1240 4905 1409 4970 Alius,
1446 4904 1516 4959 Et
1539 4923 1651 4959 cum
1679 4911 2013 4978 parturiisset.
2047 4911 2115 4966 Et
2138 4930 2288 4985 pepe-

707 4990 771 5044 rit
796 4992 1125 5060 iniquitatem.
1156 4997 1325 5063 Alius,
1352 4996 1697 5053 Mendacium.
1724 5000 1813 5056 16.
1839 5000 2037 5057 Lacum'
2059 5006 2282 5075 aperuit,

769 5272 788 5305 ι
821 5276 957 5334 Reg.,
983 5270 1296 5335 (abeuntia,
1321 5273 1493 5327 lebat:
1516 5290 1611 5330 vox
1633 5280 1839 5331 Heln-aa
1860 5288 1952 5341 est,

764 5360 837 5434 (st)
860 5363 1190 5434 Antiquissima
1224 5365 1332 5414 haec
1364 5364 1510 5434 lectio
1534 5377 1627 5430 est,
1653 5376 1705 5419 et
1728 5372 1775 5419 in
1797 5375 2103 5434 Septuaginta
2126 5382 2280 5426 mter-

704 5427 872 5496 pretes
904 5424 1093 5496 invecta
1118 5435 1357 5496 :_t_:um_et
1384 5424 1623 5496 Hzebreus'
1656 5438 1708 5480 et
1745 5424 1903 5496 Syrus,
1932 5424 2001 5496 et
2025 5424 2190 5496 Aquila
2210 5424 2283 5488 vet

703 5484 1005 5556 symmetros
1042 5493 1105 5556 et‘
1130 5487 1422 5556 Τιιιθοίίοιὶο2
1454 5491 1669 5556 itemque
1694 5484 1906 5556 \‘ul'gata',
1932 5484 2161 5555 habeant,
2180 5484 2283 5547 ad;

703 5540 797 5607 lt'uc
811 5542 1137 5607 quadraginta
1160 5547 1279 5605 dies.
1297 5557 1343 5600 et
1364 5540 1525 5601 Ninive
1547 5540 2279 5607 adhucrtet‘itrtlustntus—autc'm

704 5602 970 5683 inflatos}!
1108 5602 1370 5683 .‘lryphone
1388 5602 1830 5683 guadrqginldtres
2050 5602 2197 5683 itaut
2206 5602 2279 5669 te;

702 5663 1218 5733 dphus‘lec-uombds-
1253 5683 1348 5733 “03
1387 5663 1507 5722 facta
1539 5663 1621 5725 si't'.
1642 5676 1735 5726 Sed
1773 5663 2287 5733 a'a'iuidéu'w«‘-‘
2220 5663 2279 5669 ’-

704 5722 795 5771 alia
822 5726 1136 5791 exemplaria,
1160 5736 1256 5781 tres
1280 5731 1399 5793 dies,
1426 5722 1629 5786 habere.

3917 357 4035 414 1οο

2428 468 2478 509 et
2500 453 2676 520 effodit
2704 471 2817 509 eum
2843 496 2859 523 ,
2883 468 2929 511 et
2955 455 3147 511 incidet
3171 460 3223 512 in
3246 459 3440 528 foueam
3463 477 3615 531 quant
3637 463 3777 531 fecit.
3807 466 3967 520 Alius
4010 485 4029 521 ε

2428 543 2495 599 In
2520 548 2777 600 interitura
2804 563 2951 618 quem
2974 550 3112 617 fecit.
3146 551 3290 605 Dixit
3324 552 3490 607 Deum
3513 567 3635 610 esse
3675 566 3922 624 paratum
3948 560 4027 613 ad

2430 638 2749 705 supplicium
2768 654 2792 703 ;.
2803 639 2937 693 dixit
2952 655 3074 694 eum
3088 641 3375 698 immittere
3390 644 3644 713 supplicia
3662 663 3678 698 :
3699 663 3794 717 per
3806 646 3910 703 hoc
3929 664 3999 703 ca
4010 681 4031 694 -

2424 726 2657 796 stigavit,
2686 736 2740 782 et
2764 729 3064 785 modestum
3104 731 3337 787 reddidit
3365 734 3686 802 auditorem,
3718 747 3776 791 ut
3799 740 3889 807 qni
3923 755 4027 794 su-

2424 830 2647 887 pernam
2675 819 2807 874 iram
2830 821 2881 874 ci
2916 820 3227 893 impendere
3254 824 3567 881 ostenderit.
3594 827 3728 883 Eum
3755 829 4030 900 deinceps

2424 905 2583 964 docet
2604 908 2763 983 etiam
2790 924 2857 964 es
2886 910 3051 966 rebus
3074 912 3203 983 ipsis
3226 914 3537 984 ostendens,
3560 917 3644 973 vel
3666 930 3789 975 ante
3807 922 4033 992 suppli-

2422 996 2584 1063 cium,
2610 996 2783 1068 lpsum
2810 998 2995 1055 vitium
3019 1016 3140 1081 esse
3164 1016 3396 1073 penam.
3425 1004 3577 1073 Quod
3605 1010 3817 1079 quidem
3844 1014 4025 1066 etiam

2423 1084 2621 1143 Paulus
2669 1088 3063 1159 demonstrans,
3104 1092 3329 1149 diccbat
3380 1111 3396 1149 :
3441 1094 3507 1150 Et
3535 1099 3812 1154 intercutem
3855 1117 4028 1169 quam

2421 1177 2685 1247 oportebat
2722 1180 3006 1236 multa
3047 1198 3105 1238 κ
3140 1185 3436 1254 recipientes
3482 1184 3661 1258 (Rom.
3706 1191 3760 1245 1.
3796 1189 3898 1262 27)
3924 1201 4029 1259 ;οι

2419 1264 2637 1322 adducit
2662 1267 2715 1322 ln
2744 1268 3197 1343 mediumeosqul
3213 1283 3452 1332 extrema
3476 1291 3507 1331 a
3532 1278 3661 1334 vitio
3686 1281 3829 1350 passi
3857 1292 4025 1338 sntit.

2421 1352 2556 1421 Quia
2581 1356 2729 1413 enim
2756 1360 2906 1415 multi
2931 1368 3000 1417 es
3033 1362 3384 1421 crassior-ibus
3411 1373 3538 1424 tunc
3563 1372 3795 1427 maxime
3830 1372 4027 1429 solent

2420 1446 2661 1516 reprimi,
2689 1456 2745 1505 et
2788 1450 3356 1525 moderatioreseftici,
3377 1458 3595 1537 quando
3622 1474 3718 1518 eos
3740 1464 3832 1533 qui
3861 1465 4023 1536 passi

2417 1547 2547 1593 sunt
2572 1537 2804 1597 viderint
2833 1559 2849 1598 :
2874 1553 3158 1616 propterea
3188 1545 3303 1617 ipse
3337 1565 3550 1622 quoque
3575 1568 3675 1609 eos
3701 1554 3929 1613 adducit
3955 1559 4017 1616 in

2416 1627 2673 1719 medium.
2702 1627 2779 1685 lta
2795 1632 2957 1688 etiam
2979 1634 3105 1691 Mt
3124 1634 3393 1705 Christus,
3414 1642 3503 1712 qui
3524 1657 3646 1700 cum
3668 1644 3737 1701 de
3757 1648 4021 1719 gehenna

2411 1716 2645 1775 multum
2664 1719 3027 1792 disseruisset,
3058 1740 3154 1783 eos
3174 1728 3336 1785 etiam
3356 1720 3447 1802 qui
3469 1733 3593 1790 illnc
3611 1716 3927 1808 mittuntur,
3954 1741 4013 1798 in

2417 1810 2651 1867 medium
2689 1813 2929 1884 adducit,
2961 1828 3021 1873 ut
3042 1817 3263 1877 divitem
3292 1822 3383 1894 qui
3409 1835 3523 1880 erat
3550 1833 3791 1899 tempore
3812 1830 4018 1889 Lauri

2417 1900 2976 1997 (-Lac.16.ll9.sqq.),
3009 1911 3243 1983 virgines
3262 1914 3465 1982 fatuas,
3512 1934 3635 1975 eum
3664 1923 3887 1995 insuper
3915 1927 4015 1997 qui

2414 1988 2577 2051 suum
2622 1990 2876 2054 utentum
2902 2002 3256 2060 aluconderat
3303 2006 3519 2076 (ιιαιιιι.
3547 2011 3640 2067 25.
3670 2013 3718 2069 t.
3754 1988 3866 2087 εἰη.
3912 1988 4017 2073 ἐι.

2411 2089 2586 2157 sqq);
2628 2096 2682 2143 et
2729 2087 2784 2143 in
2831 2092 3079 2160 pruenti
3109 2095 3217 2149 vita
3259 2110 3356 2153 eos
3405 2101 3496 2169 qui
3550 2101 3603 2156 in
3652 2106 3782 2161 turri
3826 2108 4015 2165 obruti

2410 2176 2639 2245 fuerant,
2663 2188 2719 2236 et
2758 2195 2985 2253 quorum
3032 2186 3341 2257 sanguinem
3395 2189 3593 2247 Pilatus
3622 2196 3832 2253 miscuit
3878 2214 4012 2256 cuni

2409 2266 2685 2325 sacriﬁciis
2729 2268 2901 2343 (an.
2930 2272 3019 2331 13.
3044 2276 3098 2329 l‘.
3123 2276 3177 2330 ι.
3199 2275 3246 2347 ).
3272 2276 3345 2333 Ita
3369 2280 3528 2335 etiam
3554 2281 3742 2340 Petrus
3781 2304 3907 2344 cunt
3939 2291 4015 2348 de

2408 2357 2650 2427 geheuna
2670 2361 2896 2417 multum
2937 2363 3309 2435 disseruisset,
3334 2383 3433 2426 eos
3459 2380 3583 2429 tunc
3609 2378 3842 2434 maxime
3874 2391 4010 2451 per-

2408 2447 2557 2513 culit,
2584 2450 2798 2519 quando
2839 2452 3103 2525 supplicio
3145 2456 3365 2515 allectos
3408 2461 3627 2519 adduxit
3655 2466 3709 2522 in
3740 2447 4007 2539 medium,

2407 2548 2463 2595 et
2499 2554 2625 2596 ante
2663 2542 2850 2600 oculos
2872 2546 3106 2603 ostendit
3149 2548 3372 2607 Ananiae
3399 2561 3457 2609 et
3472 2553 3750 2628 Sappblrze
3791 2567 4012 2636 suppli-

2406 2632 2547 2687 cium
2574 2633 2710 2705 (Act.
2731 2635 2787 2693 ε.
2807 2636 2858 2692 ι.
2891 2638 3051 2711 αη.);
3077 2640 3218 2711 quod
3243 2644 3457 2713 quidem
3476 2644 3600 2704 fecit
3618 2650 3778 2707 etiam
3805 2632 4008 2712 Paulus

2406 2721 2460 2777 in
2490 2739 2647 2795 mago
2671 2724 2810 2799 (Act.
2840 2728 2929 2786 l3.
2969 2730 3032 2787 11
3058 2730 3101 2803 ).
3128 2732 3241 2789 Hoc
3273 2732 3435 2792 etiam
3472 2737 3579 2795 alio
3615 2741 3775 2798 modo
3797 2746 4008 2802 confir-

2408 2821 2541 2877 mat,
2566 2815 2782 2885 quando
2809 2832 2995 2873 eorum
3031 2822 3119 2889 qui
3147 2821 3202 2876 in
3231 2824 3525 2884 solitudine
3566 2828 3778 2887 fuerant
3806 2837 4006 2892 memi-

2404 2903 2483 2958 nit
2504 2946 2520 2970 ,
2536 2906 2623 2962 sic
2654 2904 2840 2963 dicens
2866 2926 2881 2962 :
2914 2907 3054 2966 Nolo
3078 2928 3164 2967 eos
3187 2915 3443 2985 ignorare,
3471 2919 3659 2988 fratres
3679 2964 3695 2987 ,
3722 2926 3861 2994 quod
3887 2944 4002 2981 ein-

2402 3012 2492 3051 nes
2536 3007 2707 3067 patres
2739 3001 2904 3055 nostri
2927 3003 3018 3057 suo
3050 3005 3191 3060 nube
3219 3010 3446 3078 fuerant,
3477 3020 3525 3065 et
3570 3028 3741 3069 omnes
3767 3015 3822 3070 in
3852 3017 4005 3074 Hau

2403 3089 2651 3159 baptismi
2673 3100 2815 3157 sunt,
2842 3101 2890 3147 et
2907 3093 3074 3148 cibatu
3100 3096 3415 3167 spiritalem
3448 3101 3788 3171 comederunt,
3822 3118 3871 3161 et
3898 3124 4001 3178 po-

2400 3183 2507 3231 tum
2520 3179 2832 3250 spiritalem
2843 3183 3071 3239 biberunt
3086 3201 3105 3239 :
3123 3186 3213 3242 sed
3224 3203 3325 3243 non
3341 3190 3393 3244 in
3409 3191 3638 3262 pluribus
3651 3211 3823 3249 eorum
3849 3216 3996 3254 cont-

2401 3266 2645 3341 placiluut
2670 3282 2745 3327 est
2767 3272 2895 3341 Deo,
2924 3276 3013 3331 sed
3041 3278 3316 3347 petierunt,
3366 3292 3416 3335 et
3460 3284 3741 3340 ceciderunt
3764 3287 3843 3355 (l.
3870 3288 3994 3346 Cor.

2400 3359 2470 3415 10
2499 3360 2662 3433 1.-5).
2711 3361 2845 3430 Quia
2873 3364 3016 3420 enim
3034 3365 3289 3423 disseruit
3306 3370 3376 3426 de
3402 3369 3616 3440 futuris,
3638 3374 3993 3447 de'gcbenna,

2398 3449 2639 3522 inquam,
2672 3453 2742 3509 de
2772 3469 2945 3524 pana,
2977 3466 3031 3513 et
3059 3459 3344 3531 supplicio,
3376 3478 3443 3519 ex
3473 3468 3755 3534 νάιοι-ἰῆς
3780 3486 3995 3543 quoque

2395 3554 2583 3597 eorum
2613 3543 2769 3601 affert
2813 3547 3203 3618 probationem,
3237 3566 3334 3608 eos
3360 3554 3451 3625 qui
3480 3556 3625 3625 plesi
3654 3568 3779 3613 sunt
3814 3562 3991 3619 addu-

2399 3646 2532 3688 cens
2572 3635 2625 3689 in
2664 3637 2931 3721 medium,
2970 3639 3071 3695 hos
3104 3641 3321 3712 quidem
3370 3658 3401 3699 a
3444 3649 3819 3721 serpentibus,
3867 3654 3991 3710 illos

2394 3736 2524 3779 vero
2552 3724 2623 3779 ab
2656 3719 3091 3803 exteiminatore.
3123 3728 3278 3798 Quod
3300 3734 3516 3804 quidem
3544 3736 3637 3794 hic
3669 3719 3882 3815 quoque
3910 3746 3986 3801 fa-

2393 3814 2468 3868 cit
2524 3816 2695 3872 David
2716 3858 2733 3883 ,
2766 3819 2851 3875 vel
2888 3819 2957 3876 de
2984 3822 3341 3894 Acbitophele
3378 3828 3585 3897 dicens,
3604 3834 3701 3888 vel
3726 3814 3991 3893 σολυμ.

2393 3904 2537 3963 lene.
2584 3906 2832 3965 Nonnulli
2883 3910 3060 3983 itaque
3082 3913 3267 3972 dicunt
3307 3916 3448 3974 dicta
3493 3936 3615 3978 esse
3655 3922 3724 3979 de
3764 3928 3990 3985 Acliito-

2392 3996 2571 4067 pheie.
2598 3997 2717 4056 Non
2759 4002 2904 4057 enim
2931 4004 3172 4075 ejusdem
3202 4018 3319 4063 erat
3343 4010 3521 4069 dicere
3553 4031 3567 4066 :
3619 4014 3824 4072 Parcite
3859 4022 3988 4076 mihi

2392 4089 2556 4159 ﬁliolo
2576 4106 2690 4146 tneo
2711 4092 2974 4161 Absaloni,
3004 4105 3060 4153 et
3100 4107 3226 4170 post
3248 4116 3450 4169 casum,
3486 4104 3611 4171 Quis
3637 4108 3831 4163 dederit
3862 4112 3987 4166 mihi

2393 4189 2605 4235 mortem
2644 4199 2739 4253 pro
2763 4194 2812 4239 te
2836 4184 2911 4256 (2.
2942 4186 3073 4260 Reg.
3112 4189 3203 4245 18.
3243 4192 3300 4247 5.
3344 4193 3480 4265 δεμ
3504 4208 3559 4251 et
3596 4196 3713 4253 hmc
3742 4217 3882 4256 nunc
3903 4204 3984 4257 di-

2390 4283 2517 4327 cere
2550 4289 2566 4327 :
2595 4273 2689 4328 sed
2715 4273 2801 4329 illa
2824 4276 3037 4345 quidem
3063 4278 3276 4336 dicebat
3294 4281 3578 4354 instigante
3601 4298 3809 4355 natura,
3839 4307 3983 4348 llllllc

2394 4372 2522 4418 vero
2545 4362 2754 4441 amatus
2778 4381 2808 4421 a
2832 4368 3043 4438 spiritu.
3073 4371 3181 4427 Sed
3218 4374 3336 4431 sive
3361 4375 3431 4430 de
3458 4378 3747 4448 Absaione,
3776 4384 3891 4441 sive
3916 4385 3984 4441 de

2388 4451 2739 4525 A’chitophele
2775 4457 2915 4514 dicta
2964 4458 3215 4528 fuerunt,
3267 4468 3652 4525 consideranda
3695 4483 3821 4528 sunt
3860 4492 3983 4547 qum

2392 4543 2530 4598 dicta
2551 4554 2711 4601 sunt:
2740 4550 2913 4621 neque
2951 4553 3094 4607 enim
3122 4553 3191 4609 de
3214 4559 3457 4626 personis
3484 4574 3515 4614 τι
3544 4577 3630 4615 me
3654 4543 3982 4636 magnopere

2388 4638 2649 4717 agendum
2681 4652 2784 4697 est.

2460 4734 2547 4790 l5.
2566 4734 2711 4803 Quid
2722 4730 2924 4809 ergoes
2939 4736 3753 4816 boclocodiscimuslostendit,
3781 4750 3895 4809 fore
3921 4763 3981 4810 ut

2389 4822 2478 4894 qui
2505 4826 2803 4895 propinquo
2843 4828 2976 4882 fodit
3005 4828 3231 4899 foveam,
3261 4833 3375 4903 ipse
3413 4835 3466 4890 in
3495 4851 3613 4891 eam
3642 4839 3841 4897 incidat
3870 4862 3884 4897 :
3923 4853 3978 4900 et

2386 4915 2832 4984 quemadmodum
2854 4920 3106 4976 mulieres
3129 4927 3481 4991 parturientes
3504 4942 3534 4981 a
3563 4928 3839 4988 doloribus
3859 4934 3976 4989 dis-

2386 5017 2695 5078 cerpuntur,
2716 5011 2787 5064 ita
2805 5012 2963 5066 etiam
2979 5014 3069 5083 qui
3094 5014 3215 5069 facit
3229 5016 3430 5084 dolum,
3448 5021 3748 5091 priusquam
3769 5028 3976 5096 propino

2386 5112 2545 5167 quum
2568 5099 2757 5170 injuria
2785 5101 2999 5169 ofﬁciat,
3022 5106 3135 5174 ipse
3153 5108 3471 5178 discerpitur
3498 5121 3555 5166 et
3596 5116 3884 5183 cruciatur,
3918 5129 3974 5175 et

2386 5207 2491 5244 nun
2541 5190 2643 5246 levi
2670 5192 2847 5261 aliquo
2866 5235 2881 5257 ,
2904 5196 2996 5249 sed
3022 5197 3492 5257 vehementissimo
3519 5204 3703 5260 dolore
3723 5206 3971 5265 afﬁcitur.

2385 5279 2643 5347 Quocirca
2689 5297 2810 5337 cum
2841 5286 2996 5340 vellet
3048 5291 3392 5347 acerbitatem
3436 5294 3638 5351 doloris
3666 5300 3971 5367 ostendere,

2384 5386 2497 5425 rem
2524 5382 2705 5443 partus
2716 5372 2955 5431 dolorem
2973 5380 3277 5448 appellavit.
3293 5382 3516 5449 Quando
3531 5388 3671 5442 enim
3699 5388 3812 5443 vult
3828 5390 3971 5445 Scri-

2386 5472 2541 5533 ptura
2570 5465 2954 5523 intolerabilem
2982 5472 3213 5542 aliquem
3242 5474 3482 5531 dolorem
3509 5481 3819 5547 ostendere,
3856 5498 3965 5551 par-

2384 5563 2472 5609 tus
2490 5554 2694 5610 doloris
2716 5574 2837 5612 eum
2860 5562 3076 5617 nomine
3105 5562 3381 5620 describit.
3405 5568 3639 5625 Proinde
3658 5572 3783 5627 alibi
3807 5572 3967 5627 dicit:

2386 5642 2632 5701 Pariendi
2660 5647 2858 5703 dolores
2880 5662 3119 5718 ceperunt
3144 5656 3429 5713 habitantes
3458 5659 3736 5716 Philistiim
3763 5661 3961 5734 (Exod.

2385 5733 2477 5790 15.
2506 5734 2641 5807 14),
2669 5736 2770 5793 hoc
2799 5751 2899 5807 est,
2930 5742 3088 5799 timor
3109 5786 3124 5812 ,
3156 5756 3377 5817 tremor,
3406 5747 3593 5821 labor,
3622 5762 3677 5808 et
3703 5733 3879 5809 dolor.
3902 5752 3966 5809 Et
4010 5756 4015 5765 '
