4178 6424
153 476 227 531 illi
974 454 979 459 ’
1267 444 1630 508 EIPOSITIO
1670 444 1738 500 IN
1776 438 2103 499 PSALMUSI
2146 439 2259 499 νιι.

149 614 303 657 rursus
326 596 520 655 Paulus
548 614 563 650 :
592 590 822 662 Quando
859 596 1033 642 autem
1056 577 1275 638 dixerint
1305 616 1323 642 ,
1349 570 1470 630 Pas
1494 578 1542 627 et
1571 583 1719 662 secut-

149 694 269 756 νέω,
313 706 429 745 tunc
471 688 544 744 eis
586 656 893 755 repentinus
935 674 1161 731 imminet
1200 666 1456 756 interitus,
1488 656 1733 756 quintad-

153 750 325 837 ηιοάέυη
349 782 497 836 dolor
522 750 772 851 pariendi
815 773 862 828 ei
888 784 1001 841 qua:
1044 754 1517 851 utertttn'geritii.
1545 750 1728 808 Tum.

149 878 189 929 5.
216 875 284 943 ὃ).
325 871 418 929 me
441 847 553 925 duo
577 865 875 939 signiﬁcat,
906 870 961 917 et
1001 872 1122 914 esse
1146 847 1500 913 intolerabile,
1532 852 1734 943 etesse

154 937 466 1037 inopinatum.
496 961 566 1017 Et
587 937 859 1016 Eiecbias
884 972 899 1008 :
935 950 1081 1007 Venit
1096 946 1245 1002 dolor
1271 937 1575 1037 parturienii
1593 949 1732 1037 ,uon

152 1026 270 1114 habet
290 1068 451 1111 autem
480 1056 732 1109 virtutem
786 1045 1018 1119 pariendi
1057 1042 1079 1117 (
1096 1039 1227 1096 Iani.
1255 1036 1346 1093 57.
1377 1034 1414 1090 3
1434 1032 1456 1103 )
1477 1073 1493 1098 ,
1539 1026 1735 1085 intole-

152 1153 339 1208 rabiletn
355 1149 472 1221 eius
497 1146 761 1203 timorem
790 1150 847 1198 et
883 1138 1122 1194 laborem
1146 1147 1243 1204 per
1278 1127 1520 1221 dolorem
1546 1126 1735 1221 partus

152 1212 486 1299 indicansjlta
513 1239 689 1295 etiam
719 1234 811 1291 hic
838 1229 1117 1305 propheta.
1163 1222 1276 1282 Etsi
1324 1219 1471 1276 enim
1514 1215 1586 1271 sit
1613 1212 1734 1285 quis

152 1336 313 1389 millies
334 1330 633 1403 improbus,
686 1341 799 1383 non
831 1317 1295 1390 interitindicium
1335 1306 1684 1366 conscientia:
1714 1319 1728 1355 :

150 1428 358 1482 rstenim
386 1398 659 1486 naturale,
690 1427 751 1475 ct
790 1433 823 1473 a
850 1415 962 1471 Deo
991 1409 1148 1467 nobis
1175 1406 1245 1462 ab
1288 1401 1443 1460 initio
1489 1398 1729 1454 insitum.

153 1612 318 1677 feratis,
334 1610 629 1681 castigans,
648 1603 1042 1665 condemnans,
1066 1603 1122 1651 et
1153 1605 1317 1650 nemo
1332 1596 1417 1644 est
1438 1599 1624 1643 eorum
1642 1580 1733 1681 qui

150 1673 377 1760 scelerate
399 1673 615 1767 vivunt,
642 1697 739 1770 qui
766 1709 873 1750 non
903 1683 1325 1747 innumerabiles
1349 1677 1564 1736 dolores
1576 1673 1736 1730 susti-

151 1774 271 1859 ιιέιι,
306 1802 357 1849 et
382 1772 505 1849 cuin
540 1791 614 1847 de
663 1768 824 1844 malis
868 1781 1157 1847 consultat,
1202 1785 1405 1834 etcum
1448 1768 1733 1859 consilium

153 1890 194 1941 ia
218 1857 338 1957 opus
377 1883 578 1941 educit.
629 1879 774 1950 Quid
804 1877 949 1935 enim
991 1870 1209 1929 Acbabo
1250 1857 1733 1924 sceleratius?Sed

153 1993 302 2033 tamen
331 1992 450 2033 cum
480 1976 577 2031 ille
603 1974 822 2028 vineam
850 1965 1211 2037 concupisset,
1253 1956 1537 2015 considera
1565 1967 1737 2025 quan-

153 2079 242 2124 tum
263 2069 494 2124 dolorem
525 2064 770 2124 senserit
795 2062 875 2133 (3.
898 2060 1027 2131 Reg.
1055 2056 1148 2112 21.
1171 2054 1251 2126 4).
1278 2051 1464 2121 Itaque
1488 2062 1611 2104 cum
1641 2060 1733 2101 rex

152 2172 289 2225 esset,
313 2170 365 2216 et
386 2159 569 2215 omnia
596 2155 881 2212 dominatu
923 2156 1152 2216 teneret,
1181 2159 1281 2201 nec
1307 2143 1449 2199 ullus
1475 2148 1621 2197 esset
1644 2138 1735 2209 qui

151 2253 190 2305 ei
229 2249 640 2316 coutradiceret,
689 2240 944 2318 quoniam
996 2236 1345 2297 conscientia:
1372 2248 1478 2290 non
1530 2229 1737 2287 ferebat

153 2341 458 2407 sententiam,
487 2341 776 2409 ingressus
812 2342 898 2392 est
925 2330 1116 2396 tristis,
1144 2328 1397 2385 deorsum
1427 2320 1733 2384 inclinatus,

150 2432 391 2499 confusus,
418 2434 471 2487 in
500 2432 625 2502 ipso
649 2436 873 2501 aspectu
903 2424 1185 2495 caliginem
1216 2419 1419 2483 ferens,
1455 2413 1738 2471 conscien-

153 2528 223 2577 tia:
236 2522 637 2579 condemnantis
670 2519 926 2576 indicium
950 2516 1100 2571 vultu
1126 2510 1472 2569 denuntians.
1508 2520 1611 2562 nec
1640 2518 1733 2557 va.

153 2618 248 2671 lens
272 2625 460 2686 tegere,
512 2628 684 2685 quam
728 2610 912 2665 animo
936 2612 1278 2677 conceperat,
1333 2600 1626 2657 tristitiam.
1659 2594 1735 2651 Ita

150 2722 255 2775 ergo
277 2706 367 2761 fuit
400 2707 482 2761 vel
509 2704 582 2759 ab
625 2717 797 2759 uxore
824 2699 1210 2771 deprehensus.
1243 2693 1494 2751 Proditor
1517 2687 1735 2775 quidem

151 2810 289 2865 certe,
310 2799 395 2871 qui
423 2799 476 2853 in
516 2806 729 2852 tantum
760 2793 938 2849 scelus
961 2791 1279 2862 impegerat,
1309 2800 1433 2841 cum
1473 2797 1579 2838 non
1604 2772 1734 2852 pos-

154 2900 221 2943 set
269 2889 404 2946 ferre
466 2888 665 2960 iudicii
730 2882 1077 2942 conscientize
1128 2879 1370 2936 dolorem
1397 2919 1412 2943 ,
1485 2874 1736 2945 adaptato

153 2980 233 3035 sibi
276 2981 456 3053 laqueo
523 2982 697 3037 vitam
749 2977 923 3033 ﬁnivit
972 2975 1133 3048 (Act.
1184 2974 1236 3030 1.
1299 2973 1365 3028 18
1425 2967 1528 3044 5).
1586 2967 1739 3025 Sicut

152 3090 257 3145 ergo
280 3077 363 3146 qui
399 3073 649 3146 improbe
690 3072 840 3139 vivit,
894 3080 1036 3125 tanta
1065 3068 1263 3139 patitur
1306 3083 1321 3119 :
1360 3065 1429 3121 ita
1457 3063 1546 3134 qui
1569 3064 1735 3135 vitam

154 3180 207 3220 ex
242 3168 419 3223 virtute
467 3166 737 3231 instituit,
796 3160 1177 3233 tranquillitate
1218 3167 1274 3213 et
1315 3155 1499 3213 sedata
1552 3162 1736 3209 ntcnte

153 3256 330 3314 fruitur.
376 3258 675 3316 Considera
714 3264 915 3311 autem.
969 3252 1026 3309 Si
1090 3248 1323 3306 voluerit
1368 3247 1490 3319 quis
1546 3243 1734 3300 ulcisci

154 3350 441 3423 quempiam,
468 3350 558 3407 vel
593 3347 743 3419 prior
777 3343 1027 3417 iniuriam
1050 3342 1248 3405 facere,
1279 3339 1404 3395 vide
1433 3346 1568 3410 quot
1596 3336 1735 3391 mala

158 3443 341 3508 patitur.
356 3441 571 3497 Furore
599 3438 856 3511 repletur,
878 3436 1044 3493 ab‘ira
1072 3432 1416 3502 discerpitur,
1436 3438 1627 3487 movet
1650 3429 1735 3484 in-

157 3535 475 3591 numerabiles
489 3533 687 3602 [luctus
703 3530 1107 3603 cogitationum,
1125 3525 1272 3582 mille
1282 3524 1397 3579 vias
1409 3521 1733 3594 ingreditur;

159 3626 329 3680 invadit
354 3626 498 3681 illum
552 3625 739 3689 timor,
775 3635 941 3693 pavor
969 3634 1033 3674 ac
1062 3628 1296 3682 tremor;
1320 3614 1594 3687 quomodo
1617 3627 1733 3669 rem

158 3716 364 3784 perﬁciet
385 3760 399 3783 ,
421 3714 699 3788 quomodo
733 3713 1047 3776 ulciscetur;
1086 3718 1143 3765 et
1182 3716 1307 3763 ante
1327 3722 1451 3762 eum
1476 3720 1635 3779 quem
1653 3712 1736 3761 est

159 3810 320 3879 injuria
366 3812 682 3878 afl‘ccturus,
724 3807 961 3877 scipsutn
1006 3801 1204 3874 perdit.
1255 3800 1557 3870 Quiautem
1599 3798 1733 3853 iram

159 3902 350 3970 expulit,
378 3902 447 3958 ab
486 3902 575 3957 liis
604 3898 855 3956 omnibus
891 3895 1029 3951 liber
1050 3902 1163 3958 est;
1192 3901 1248 3947 et
1271 3892 1395 3961 jure
1418 3898 1587 3945 certe.
1622 3888 1735 3943 lloc

159 3995 275 4047 enim
299 4004 375 4049 est
402 3994 454 4049 in
480 3995 602 4064 eius
619 3998 905 4063 potestate,
936 3996 991 4043 et
1020 3986 1337 4041 universum
1361 3979 1597 4037 confecit
1624 3995 1639 4034 :
1673 3990 1733 4034 at

163 4083 270 4139 illud
292 4100 391 4140 non
430 4084 641 4152 itidem,
694 4080 791 4138 sed
839 4076 1242 4151 opportunitate
1272 4086 1410 4143 opus
1452 4080 1557 4138 est,
1591 4070 1732 4138 loco,

164 4175 411 4246 maleﬁcio,
440 4176 609 4232 armis
633 4217 649 4239 ,
682 4169 1193 4232 machinationibus,
1240 4174 1295 4221 et
1324 4161 1729 4228 offensionibus,

164 4267 454 4335 adulatione,
500 4267 761 4323 servitute
786 4306 802 4331 ,
843 4272 901 4319 et
947 4258 1311 4317 simulatione.
1373 4253 1533 4310 Vides
1572 4268 1734 4325 quam

166 4358 306 4415 facilis
330 4376 416 4418 res
433 4361 505 4417 sit
533 4359 726 4425 virtus,
750 4370 909 4428 quam
934 4351 1172 4409 difﬁcilis
1201 4348 1429 4405 vitium?
1457 4345 1731 4419 quomodo

165 4451 447 4522 illaquidem
475 4460 565 4508 est
602 4448 913 4522 tranquilla,
949 4447 1051 4500 hoc
1086 4458 1215 4499 vero
1244 4441 1397 4497 turba
1428 4450 1482 4497 et
1507 4438 1736 4495 tumultu

168 4540 390 4597 refertum
404 4544 429 4599 ἲ

230 4634 304 4692 γι.
340 4637 622 4699 verborum,
669 4631 1007 4704 parturiit....
1058 4625 1396 4696 concepit....
1438 4625 1734 4695 peperit....

172 4724 231 4781 De
267 4729 597 4795 peccatoribus
644 4725 980 4798 prolatorum.
1044 4720 1295 4789 lniquitm
1332 4727 1510 4789 partus
1550 4717 1736 4787 viperi-

168 4836 259 4873 και.
301 4851 369 4863 -
413 4821 530 4876 lloc
596 4832 726 4889 ergo
781 4814 1095 4871 describens
1146 4810 1359 4867 dicebat
1413 4807 1673 4879 propheta
1720 4825 1736 4865 :

170 4908 275 4965 Ecce
296 4913 524 4983 partui-iit
568 4910 888 4982 injustitiam,
919 4904 1145 4977 concepit
1182 4902 1432 4969 dolerent,
1474 4909 1521 4955 et
1550 4901 1742 4972 peperit

170 5001 467 5074 iniquitatem.
516 5002 597 5058 Ex
644 5002 747 5056 hoc
773 4999 1077 5056 ostenditur
1123 4994 1437 5067 iniustitiam
1466 5007 1574 5047 non
1619 5006 1742 5049 esse

173 5096 299 5152 nobis
344 5096 636 5153 secundum
685 5102 955 5159 naturam,
1001 5089 1095 5145 sed
1142 5103 1281 5145 esse
1310 5087 1438 5158 quid
1480 5086 1737 5140 alienum.

175 5185 367 5260 hietque
388 5204 551 5262 grave
575 5198 679 5252 est,
708 5193 765 5242 et
800 5185 975 5241 donec
1002 5183 1071 5238 ab
1099 5197 1165 5238 eo
1194 5178 1459 5237 fuerimus
1504 5177 1736 5244 liberati,

176 5283 301 5338 nobis
321 5283 531 5340 dolores
573 5280 829 5337 immittit.
865 5276 998 5335 Nam
1050 5274 1191 5333 fetus
1216 5275 1379 5330 etiam
1409 5272 1583 5329 donec
1614 5286 1742 5343 per-

176 5373 368 5443 ﬁciatur,
394 5364 686 5432 secundum
710 5381 957 5427 naturam
989 5368 1163 5425 ventri
1190 5366 1433 5423 adhaeret
1452 5384 1465 5421 :
1487 5373 1743 5435 propter-

176 5482 224 5519 η
247 5480 293 5522 et
317 5479 507 5535 manet,
530 5477 588 5522 et
617 5464 862 5522 dolorem
898 5478 1003 5516 non
1038 5459 1219 5515 liabet.
1250 5458 1539 5531 Postquam
1561 5466 1741 5512 autem

176 5561 405 5629 perfectus
449 5562 625 5625 fuerit,
666 5558 713 5613 si
763 5557 908 5612 intus
932 5561 1166 5621 maneat,
1214 5566 1369 5607 mora
1408 5558 1495 5607 est
1543 5558 1742 5623 praeter

179 5666 417 5720 naturam;
457 5654 598 5710 unde
640 5653 805 5707 etiam
839 5650 971 5703 fiunt
1002 5660 1184 5718 partus
1222 5645 1457 5703 dolores.
1491 5644 1741 5713 Quapro~

180 5754 273 5810 pter
312 5755 486 5802 vexata
516 5756 709 5801 natura
736 5757 862 5798 eum
909 5750 1137 5796 conatur
1162 5736 1454 5795 extrudere
1477 5776 1492 5799 ,
1525 5742 1585 5791 ut
1620 5750 1743 5806 qua:

182 5836 444 5893 mirer-sum
487 5837 675 5893 fecerit
704 5850 771 5892 ac
818 5832 1121 5905 perfecerit,
1165 5838 1221 5887 et
1246 5829 1389 5885 ferre
1416 5843 1522 5883 non
1575 5827 1746 5899 possit

182 5939 263 5995 ltiti
278 5926 388 5985 lius.
418 5928 520 5986 Sed
545 5929 653 5985 illic
685 5926 902 6000 quidem
921 5924 1064 5995 prius
1086 5923 1141 5977 tit
1169 5922 1466 5991 conceptio,
1491 5934 1552 5975 ac
1577 5918 1733 5974 dein-

3350 425 3464 486 ,σοι

1839 577 1971 635 eeps
2004 561 2161 620 dolor
2197 569 2383 633 partus
2413 577 2426 613 :
2462 556 2549 614 hic
2578 562 2760 612 autem
2809 551 3047 624 primum
3077 547 3366 621 parturiit,
3396 562 3462 604 ac

1842 654 2038 714 deinde
2058 652 2304 726 concepit
2327 661 2381 709 et
2405 649 2636 725 peperit.
2661 647 2801 717 Quid
2831 654 3012 704 autem
3044 642 3151 700 hoc
3176 641 3279 698 sibi
3303 640 3418 706 vult
3436 641 3462 694 9

1842 746 1998 817 Quod
2054 746 2163 803 illic
2220 744 2435 817 quidem
2467 743 2524 798 in
2570 751 2817 812 tempore
2850 747 3037 810 partus
3075 736 3147 792 sit
3170 734 3345 800 dolor,
3373 732 3463 790 hic

1841 849 2022 897 autem
2059 839 2217 894 dolor
2248 837 2319 892 sit
2346 852 2375 891 a
2405 833 2690 907 principio.
2718 831 2890 888 Simul
2924 844 2989 885 ac
3014 827 3160 885 enim
3190 817 3459 898 quispiam

1841 932 1911 988 de
1963 931 2107 986 malo
2156 927 2564 993 consultaverit,
2602 925 2766 981 etiam
2821 923 3131 994 priusquam
3177 920 3229 975 in
3255 919 3462 991 cogita.

1844 1023 2045 1079 tionem
2079 1020 2348 1085 deﬁxerit,
2379 1019 2640 1074 tumultus
2660 1032 2723 1072 ac
2742 1015 2894 1071 turba
2923 1022 3007 1070 est
3033 1014 3085 1068 in
3112 1011 3460 1083 cogitatione.

1845 1116 1904 1173 ln
1930 1115 2155 1172 muliere
2183 1113 2329 1169 enim
2359 1112 2631 1183 deiectum
2662 1108 2831 1167 semel
2861 1122 3048 1163 semen
3081 1107 3256 1176 ipsum
3296 1088 3461 1159 etiam

1845 1206 2111 1263 formatur
2138 1203 2208 1261 ad
2234 1202 2675 1259 constitutionem
2716 1208 2904 1271 partus
2933 1196 3025 1253 :in
3058 1198 3123 1252 iis
3151 1205 3333 1252 autem
3362 1196 3455 1267 qui

1842 1297 1997 1354 dolos
2012 1304 2333 1353 construunt
2346 1293 2633 1350 hazcbodie
2644 1291 2855 1361 deiecta
2870 1296 2955 1346 est
2968 1288 3243 1359 cogitatio,
3270 1294 3326 1343 et
3341 1302 3464 1342 cras

1846 1405 2034 1446 rursus
2054 1389 2158 1446 alia
2185 1406 2201 1457 ;
2231 1398 2286 1444 et
2311 1395 2437 1444 sunt
2452 1383 2875 1442 innumerabiles
2903 1380 3166 1436 malorum
3190 1378 3461 1435 seminum

1842 1485 2193 1556 dejectiones,
2224 1491 2281 1538 et
2303 1489 2431 1537 sunt
2462 1478 2689 1550 singulis
2714 1476 2907 1533 diebus
2951 1473 3335 1545 conceptiones
3359 1513 3374 1537 ,
3407 1484 3466 1528 et

1844 1586 2029 1648 partus
2056 1574 2276 1630 dolores
2302 1573 2393 1644 qui
2421 1571 2693 1643 perimunt
2719 1567 3123 1639 cogitationem,
3167 1579 3198 1621 ιι
3218 1580 3323 1636 qua
3353 1563 3457 1618 ista

1846 1669 2143 1741 pariuntur.
2172 1666 2292 1723 Non
2323 1664 2471 1720 cnim
2499 1664 2621 1720 talis
2651 1671 2858 1733 partus,
2888 1658 3066 1731 qualis
3085 1666 3169 1714 est
3189 1658 3244 1713 in
3274 1655 3460 1713 mulie-

1845 1763 2025 1830 ribus;
2061 1760 2156 1817 sed
2192 1756 2648 1833 quemadmodum
2677 1756 2731 1811 in
2761 1754 2983 1825 viperis,
3015 1762 3229 1809 uterum
3251 1751 3462 1808 discer-

1844 1863 1998 1925 punt,
2024 1863 2082 1909 et
2111 1853 2278 1908 latera
2301 1849 2627 1907 dilaniantes
2654 1846 2796 1903 fetus
2826 1843 3128 1916 procedunt
3154 1861 3168 1897 :
3197 1843 3270 1898 ita
3295 1841 3461 1900 etiam

1843 1947 1898 2003 in
1925 1944 2203 2002 fraudibus
2228 1951 2284 1999 et
2308 1944 2361 1998 in
2392 1940 2675 2012 injustitia.
2724 1937 2832 1995 Sed
2863 1936 3212 2009 quantumvis
3235 1944 3465 1992 conten-

1843 2039 2054 2106 damus,
2090 2053 2197 2093 non
2227 2036 2531 2109 poterimus
2556 2029 3115 2109 orationeexplicare
3155 2028 3461 2087 molestiora

1842 2149 1906 2191 ac
1933 2102 2201 2195 dolorem,
2229 2102 2393 2203 quem
2442 2127 2676 2200 improbi
2718 2124 3011 2182 sustinent.
3055 2102 3125 2179 Εἰ
3153 2122 3278 2180 ideo
3332 2121 3466 2179 dicit

1842 2226 2142 2299 quispiam:
2175 2224 2351 2280 Malus
2389 2238 2506 2279 vero
2543 2221 2684 2278 solus
2713 2218 2979 2275 ethiet
3001 2217 3137 2274 mata
3160 2216 3358 2292 (Prov.
3403 2217 3462 2274 9.

1844 2319 1972 2391 12).
2002 2318 2141 2389 Quid
2178 2318 2321 2375 enim
2368 2317 2555 2388 coqui
2584 2312 2790 2371 invidet
2810 2312 3052 2385 gravius,
3084 2320 3141 2369 et
3168 2311 3459 2370 miserabi-

1843 2415 1945 2469 lius
1969 2428 2035 2469 eo
2079 2412 2170 2483 qui
2218 2409 2521 2474 insidiatur,
2553 2417 2610 2464 et
2655 2421 2724 2464 eo
2760 2406 2853 2477 qui
2889 2405 3065 2462 aliena
3095 2403 3468 2476 concupiscit?

1842 2505 2044 2574 Quot-is
2086 2503 2339 2559 carniﬁce
2375 2500 2593 2574 gravius
2618 2497 3057 2571 perturbationes
3102 2495 3188 2554 ha:
3225 2506 3465 2554 mentem

1843 2596 2174 2653 excruciant.

1917 2689 2003 2744 14.
2032 2688 2220 2744 Merito
2244 2701 2374 2758 ergo
2396 2683 2612 2742 dolores
2647 2691 2833 2755 partus
2881 2682 2980 2739 Itas
3009 2687 3221 2736 vocavit
3260 2681 3468 2753 cogita-

1845 2781 2038 2835 tiones.
2059 2778 2167 2835 Sed
2191 2775 2647 2849 quemadmodum
2682 2774 2938 2831 mulieres
2969 2789 3038 2830 ex
3084 2774 3473 2846 congressione

1845 2874 2078 2944 pariunt,
2109 2880 2164 2927 et
2189 2872 2234 2926 si
2278 2879 2406 2925 sunt
2444 2884 2575 2925 sana
2624 2866 2841 2940 quidem
2881 2881 3133 2940 corpora,
3166 2867 3292 2923 talia
3333 2876 3464 2925 sunt

1843 2966 2006 3022 etiam
2038 2978 2160 3036 quae
2198 2970 2516 3036 nascuntur,
2539 2959 2623 3016 sin
2654 2968 2834 3016 autem
2877 2968 3155 3029 corrupta,
3181 2968 3469 3031 parentum

1844 3068 2091 3112 naturam
2136 3054 2415 3111 imitantur
2458 3068 2474 3107 :
2518 3052 2591 3107 ita
2634 3051 2797 3107 etiam
2838 3050 2893 3106 in
2938 3048 3372 3121 cogitationibus.
3409 3048 3471 3106 Si

1842 3164 1964 3205 cum
2011 3148 2169 3205 bonis
2207 3147 2460 3213 verseris,
2493 3145 2629 3199 tales
2651 3157 2867 3215 quoque
2890 3149 3051 3198 erunt
3080 3140 3154 3197 tui
3178 3141 3349 3207 fetus;
3381 3140 3467 3198 sin

1842 3250 2023 3297 autem
2066 3253 2190 3295 cum
2235 3237 2412 3303 malis,
2441 3244 2497 3293 et
2525 3251 2631 3291 non
2680 3234 2971 3299 attendas,
3013 3248 3269 3304 magnum
3319 3233 3469 3290 illinc

1843 3345 2055 3403 quoque
2070 3330 2324 3386 damnum
2341 3327 2544 3398 capies.
2559 3324 2698 3381 Audi
2715 3338 2849 3396 ergo
2863 3322 2989 3395 quid
3011 3322 3155 3379 dicat
3172 3324 3433 3395 propheta
3451 3340 3466 3379 ε

1843 3428 1887 3482 Α
1917 3426 2097 3481 timore
2124 3434 2211 3478 tuo
2253 3423 2309 3479 in
2354 3431 2498 3477 utero
2543 3420 2889 3490 concepimus,
2919 3427 2965 3474 et
3009 3418 3395 3489 parturivimus,
3420 3429 3470 3475 et

1844 3520 2133 3591 peperimus
2178 3499 2417 3587 spiritum
2455 3515 2635 3570 salutis
2659 3511 2811 3586 (Iani.
2841 3512 2933 3569 26.
2966 3510 3081 3584 18).
3113 3512 3173 3568 ln
3200 3512 3265 3568 iis
3285 3520 3467 3570 autem

1842 3611 1930 3683 qui
1958 3626 2026 3666 ex
2052 3607 2268 3665 diabolo
2299 3626 2312 3663 :
2348 3606 2458 3663 Ova
2504 3608 2745 3679 aspidum
2784 3608 3065 3679 fregerunt,
3095 3612 3142 3661 et
3170 3621 3377 3661 araneis
3396 3615 3471 3661 te-

1842 3704 1948 3758 lam
1989 3711 2167 3757 texunt
2205 3699 2360 3774 (Isai.
2389 3699 2478 3757 59.
2527 3699 2609 3772 5).
2652 3698 2942 3773 Fogiamus
2988 3714 3120 3771 ergo
3165 3699 3465 3771 improbos.

1842 3795 2129 3866 Quomodo
2154 3796 2299 3852 enim
2328 3810 2437 3850 non
2466 3805 2551 3851 est
2569 3793 2885 3860 absurdum,
2916 3808 3039 3849 cum
3084 3794 3243 3849 liccat
3274 3808 3339 3850 ex
3370 3794 3468 3851 Del

1844 3890 2128 3961 praeceptis
2164 3889 2450 3961 concipere
2476 3896 2532 3943 et
2553 3902 2762 3960 parere,
2794 3886 2847 3942 id
2873 3886 3038 3954 nolle,
3070 3886 3165 3942 sed
3190 3886 3467 3957 improbo-

1842 4000 1961 4040 rum
2000 3983 2250 4056 persequi
2297 3980 2732 4053 congressiones,
2764 3990 2819 4036 et
2847 3978 3072 4052 perinde
3118 3979 3298 4036 faccre
3327 3993 3391 4035 ac
3421 3981 3471 4037 si

1845 4079 2060 4145 mulier,
2091 4078 2143 4133 in
2175 4076 2329 4149 cujus
2353 4084 2437 4132 est
2462 4082 2731 4148 potestate
2751 4088 2873 4129 cum
2904 4088 3032 4145 rege
3056 4072 3336 4145 conjungi,
3357 4088 3469 4130 non

1844 4172 2128 4236 sustineat,
2154 4170 2249 4227 sed
2274 4185 2370 4239 pro
2406 4168 2499 4224 illo
2546 4167 2811 4223 latronem
2841 4174 2899 4222 et
2925 4181 3205 4222 murorum
3254 4165 3469 4237 perfos-

1845 4279 2024 4321 sarem
2072 4264 2201 4319 velit
2228 4263 2429 4319 habere
2457 4260 2785 4333 coniugem?
2818 4260 2904 4316 16.
2930 4258 3127 4315 Locum
3155 4260 3357 4330 aperuit
3376 4261 3392 4294 ι
3420 4273 3470 4317 οι
3514 4274 3517 4277 '

1846 4356 2024 4427 effodit
2067 4372 2205 4423 eum,
2240 4364 2285 4410 et
2310 4353 2497 4409 incidet
2521 4353 2575 4409 in
2607 4354 2807 4424 foveam
2845 4367 3000 4424 quam
3035 4352 3173 4424 fecit.
3205 4350 3349 4411 Usus
3382 4363 3472 4411 est

1849 4466 2040 4506 rursus
2073 4447 2536 4513 translationibus,
2582 4444 3037 4518 quemadmodum
3086 4459 3183 4514 per
3228 4445 3470 4517 parturi-

1851 4544 2073 4609 tioncm,
2103 4541 2375 4605 dolorem;
2409 4540 2479 4595 ita
2511 4553 2609 4609 per
2648 4537 2848 4602 lacum,
2880 4535 3157 4595 difﬁcilem
3186 4535 3467 4593 liberatio-

1854 4652 1975 4693 nem
2009 4634 2272 4691 indicans.
2308 4631 2377 4687 Et
2400 4632 2589 4686 incidet
2616 4630 2672 4685 in
2715 4634 2915 4703 foveam
2940 4644 3097 4699 quam
3140 4629 3280 4701 fecit.
3312 4626 3474 4696 Quod

1847 4729 1985 4783 alius
2014 4726 2145 4783 dicit
2176 4745 2190 4781 :
2222 4724 2323 4793 Qui
2364 4725 2494 4797 fodit
2522 4724 2722 4795 {niteant
2753 4723 2989 4793 proximo
3024 4737 3121 4777 suo
3142 4763 3161 4789 ,
3194 4721 3383 4777 incidet
3417 4720 3474 4777 in

1851 4821 2015 4890 ipsam
2032 4816 2324 4892 (Prov.?.6.
2346 4816 2464 4888 27).
2487 4816 2655 4871 Porro
2682 4814 2786 4870 hoc
2809 4828 3027 4887 quoque
3059 4813 3154 4870 Dei
3178 4812 3476 4887 benignita-

1853 4914 1920 4967 tis
1941 4921 2025 4967 est
2053 4919 2109 4967 et
2132 4910 2456 4976 clementim,
2491 4906 2703 4964 insidiis
2736 4907 2897 4963 talem
2921 4907 3159 4962 tribuere
3185 4914 3434 4963 naturam
3454 4946 3473 4975 ,

1852 5015 1910 5061 ut
1958 5004 2091 5061 retia
2149 5012 2429 5060 vertantur
2470 5000 2525 5058 in
2571 5003 2720 5073 ipsos
2782 5000 3165 5069 insidiatores,
3210 5007 3274 5056 ut
3330 5000 3457 5058 idco

1851 5098 2114 5154 desistant
2148 5112 2272 5153 cum
2313 5094 2562 5167 proximo
2598 5094 2940 5166 belligerare,
2977 5092 3311 5165 eteiparare
3351 5093 3473 5152 insl-

1851 5191 1989 5248 dias.
2044 5192 2157 5247 [loc
2199 5190 2361 5247 etiam
2402 5191 2455 5246 in
2480 5188 2628 5247 Mose
2657 5187 2874 5244 accidit.
2904 5186 3005 5259 Qui
3032 5187 3178 5244 enim
3204 5195 3323 5243 erat
3347 5202 3477 5260 per-

1857 5287 2126 5353 imendus,
2160 5293 2513 5341 conservatus
2551 5295 2636 5340 est
2668 5302 2684 5339 :
2716 5281 2931 5342 Pharao
2978 5290 3159 5339 autem
3205 5297 3304 5356 per
3332 5285 3476 5340 viam

1853 5396 2016 5451 quam
2042 5378 2305 5435 adversus
2329 5377 2562 5434 infantes
2578 5375 2922 5433 machinatus
2946 5382 3049 5443 est,
3080 5389 3182 5449 per
3198 5389 3319 5432 eam
3345 5389 3481 5447 per-

1855 5473 1935 5528 iit.
1964 5470 2096 5526 Cum
2127 5471 2272 5526 enim
2301 5469 2551 5540 iussisset
2583 5466 2815 5527 infantes
2846 5466 3106 5535 interimi,
3159 5466 3337 5538 coegit
3367 5482 3473 5523 ma-

1918 5676 1937 5709 ί
1963 5680 2065 5724 Duo
2084 5678 2214 5730 Mss,
2233 5668 2478 5730 Quomodo
2499 5666 2629 5719 enim
2647 5679 2744 5719 non
2760 5666 3113 5719 estabsurdnm
3129 5665 3381 5730 [tentiumn
3405 5665 3486 5730 cui

1854 5735 1996 5801 capia
2018 5738 2165 5786 datur
2181 5727 2293 5785 cum
2314 5745 2427 5798 rege
2451 5730 2697 5801 coniungi,
2724 5730 3012 5801 rtwtossenti
3039 5730 3075 5788 ὁ,
3100 5727 3188 5781 sed
3208 5741 3297 5794 pro
3313 5728 3483 5801 iliciu-

1856 5792 2043 5849 tronem
2065 5805 2113 5847 et
2134 5792 2391 5847 lttttl'omttt
2430 5794 2754 5907 [wgossorctu
2774 5792 2956 5857 eligere
2995 5792 3253 5855 (attingam
3276 5829 3290 5853 ,
3316 5798 3368 5842 te
3391 5806 3485 5842 au-

1858 5869 1975 5907 tem-
1997 5872 2111 5907 cum
2131 5871 2195 5907 ex
2215 5871 2259 5907 υ.
2276 5864 2473 5907 recentis
2532 5868 2676 5907 mnta
2699 5856 2841 5906 tit-eat
2859 5861 2906 5905 et
2937 5854 3194 5907 concipere
3216 5861 3261 5904 ct
3285 5865 3484 5907 narem

1858 5869 1975 5919 tem,
1997 5872 2111 5910 cum
2131 5871 2195 5909 ex
2215 5871 2259 5921 ν.
2276 5854 2473 5921 receptis
2496 5854 2676 5907 divinis
2699 5854 2906 5906 ιιι-εαιά
2937 5854 3194 5916 concipere
3216 5861 3265 5921 et
3278 5865 3484 5921 parere.

1860 5916 2189 5987 improborum
2215 5916 2437 5983 promisi
2463 5920 2825 5981 congressione-5
2843 5921 2867 5968 Υ
2893 5926 3067 5970 Locum
3093 5916 3300 5981 operuit,
3332 5925 3430 5968 etc.
