4178 6424
806 434 907 487 ωδ

802 558 937 602 trem
963 542 1119 598 licitis
1142 535 1391 595 infantem
1414 544 1634 605 propter
1660 540 1859 588 metum
1884 540 2183 599 exponere;
2223 522 2366 597 [cum

800 646 977 695 autem
1002 635 1106 691 tilia
1134 633 1423 689 Pharaonis
1446 629 1698 685 tlscellam
1717 628 1975 695 scirpeam
1990 622 2058 677 de
2078 620 2237 675 fluvio
2260 630 2371 672 sus-

802 731 1029 794 tulisset,
1057 737 1113 783 et
1135 728 1390 783 infantem
1428 720 1737 784 invenisset,
1766 732 1886 772 eum
1922 709 2191 783 nutrivit']
2231 724 2367 763 :au-

798 830 917 875 ctus
942 818 1029 873 ille
1055 828 1244 872 omnes
1273 810 1520 884 perdidit.
1555 809 1688 865 Uine
1716 817 1771 885 et
1798 804 1891 859 Dei
1929 802 2156 858 maxime
2195 800 2369 854 elucet

797 909 1032 975 solertia,
1059 916 1114 963 et
1140 902 1598 975 improbismagna
1628 896 1918 967 castigatio,
1946 903 2001 949 et
2028 893 2091 946 iis
2114 890 2203 961 qui
2237 886 2369 943 effu-

797 1000 950 1069 giunt
975 996 1236 1066 voluptas.
1267 993 1342 1047 Ita
1367 991 1526 1047 etiam
1548 989 1601 1043 in
1631 986 1884 1057 praeclaro
1920 979 2118 1049 Joseph
2153 976 2363 1033 accidit.

798 1085 932 1143 Cum
975 1083 1118 1145 enim
1164 1095 1285 1139 eum
1332 1078 1523 1136 fratres
1552 1082 1607 1137 in
1649 1075 1956 1132 servitutem
1994 1069 2363 1139 conjecisscnt,

797 1175 961 1233 multa
985 1174 1123 1245 passi
1145 1178 1287 1237 sunt,
1308 1180 1365 1226 et
1382 1184 1504 1224 eum
1541 1166 1752 1237 quidem
1800 1162 1929 1219 nihil
1971 1162 2241 1222 laser-unt,
2270 1156 2363 1211 sed

795 1268 955 1324 etiam
974 1267 1243 1337 juverunt,
1270 1261 1370 1333 ipsi
1411 1269 1585 1315 autem
1607 1255 1910 1328 tragmdiam
1936 1252 2078 1309 illam
2098 1250 2365 1307 sustinue-

796 1369 939 1414 runt.
960 1360 1092 1414 Cum
1126 1356 1287 1411 multa
1309 1362 1482 1409 autem
1504 1352 1707 1422 possint
1727 1347 1830 1404 dici
1854 1344 2136 1417 ejusmodi,
2193 1342 2367 1398 consi-

796 1450 923 1505 dera
952 1448 1109 1504 etiam
1132 1448 1183 1500 in
1208 1445 1347 1499 aliis.

869 1540 972 1605 Qui
994 1538 1160 1592 aliena
1195 1534 1405 1599 invadit,
1430 1533 1645 1603 seipstnn
1673 1530 1855 1603 perdit.
1876 1557 1946 1585 -τ
1970 1527 2155 1583 Aliena
2178 1524 2369 1580 invasit

795 1626 1017 1701 aliquis?
1040 1625 1285 1697 Seipsum
1318 1622 1573 1694 perdidit.
1601 1622 1735 1677 Eum
1761 1619 1926 1683 enim,
1946 1618 2009 1673 in
2034 1617 2187 1685 cujus
2230 1615 2366 1669 bona

802 1721 1013 1786 invasit,
1034 1732 1176 1789 sepe
1200 1717 1360 1774 etiam
1381 1714 1516 1786 juvit
1545 1731 1560 1767 :
1587 1727 1735 1769 suam
1773 1720 1947 1767 autem
1987 1709 2216 1763 animam
2245 1721 2369 1776 pro-

798 1812 951 1870 didit.
982 1810 1130 1867 Fecit
1166 1808 1356 1879 aliquis
1384 1805 1665 1877 iniuriam?
1686 1803 1831 1859 Ense
1856 1802 2086 1871 seipsum
2111 1798 2363 1855 confodit.

793 1901 912 1961 Non
938 1901 1081 1957 enim
1107 1898 1247 1954 male
1268 1896 1515 1952 electum
1542 1909 1682 1960 esse,
1699 1892 1794 1949 sed
1821 1892 1959 1947 male
1979 1890 2237 1953 adecisse,
2267 1888 2368 1943 hoc

794 1990 1058 2065 praecipuae
1082 1997 1163 2045 est
1188 1986 1325 2043 male
1363 1986 1491 2059 pati.
1520 1984 1585 2040 Et
1611 1984 1729 2040 ideo
1759 1982 1948 2038 Paulus
1992 1995 2201 2051 quoque
2239 1992 2358 2033 sua-

793 2084 975 2151 debat,
988 2082 1177 2154 injuria
1198 2080 1377 2152 potius
1396 2077 1557 2144 affici,
1575 2091 1731 2148 quam
1754 2074 1966 2131 afficere
1987 2072 2037 2143 (l
2050 2112 2063 2126 .
2082 2070 2201 2126 Cor.
2218 2071 2273 2126 ϐ.
2289 2070 2363 2140 7):

798 2180 855 2228 et
878 2170 1138 2237 Christus,
1156 2168 1321 2240 alapis
1340 2166 1543 2237 impeti,
1560 2175 1613 2222 et
1640 2180 1747 2221 non
1771 2172 1952 2221 contra
1982 2164 2254 2231 impetere,
2274 2159 2367 2215 sed

792 2265 951 2320 etiam
972 2262 1201 2331 seipsum
1222 2258 1287 2315 ad
1302 2257 1603 2329 patiendum
1623 2257 1814 2313 offerre
1831 2254 2036 2328 (Matth.
2055 2254 2107 2310 5.
2126 2252 2237 2324 39).
2260 2253 2370 2307 lioc

790 2362 875 2409 est
893 2352 1134 2408 maxima:
1149 2350 1375 2417 virtutis,
1393 2348 1495 2405 hoc
1512 2347 1673 2405 efficit
1688 2347 2041 2412 tolerantiam,
2063 2344 2164 2400 hoc
2180 2346 2367 2399 fortem

797 2441 973 2499 reddit
1011 2439 1381 2505 animam,hoc
1416 2438 1664 2494 omnibus
1686 2438 1847 2493 animi
1890 2435 2370 2507 perturbationibus

799 2532 1147 2603 potentiorem
1185 2530 1369 2587 efficit.
1398 2528 1499 2597 Qui
1526 2530 1668 2584 enim
1706 2528 1795 2583 alii
1828 2528 2072 2598 injuriam
2107 2527 2248 2594 facit,
2282 2526 2369 2583 vel

799 2640 922 2680 eum
941 2622 1205 2688 verberat,
1221 2629 1312 2677 aut
1336 2620 1653 2675 contumelia
1678 2618 1839 2674 afficit
1860 2620 1971 2689 ipse
1991 2620 2136 2689 prius
2161 2618 2229 2673 ab
2252 2618 2370 2673 anl-

789 2716 872 2771 mi
917 2714 1312 2785 perturbatione
1354 2713 1542 2778 victus,
1571 2713 1701 2768 etin
1742 2712 2051 2767 servitutem
2097 2710 2364 2778 redactus,

796 2818 921 2860 tunc
941 2804 1148 2859 videtur
1159 2803 1401 2873 proximo
1422 2802 1664 2873 injuriam
1682 2800 1853 2857 facere
1881 2820 1895 2857 :
1928 2802 2039 2872 ipse
2057 2809 2232 2857 autem
2250 2817 2370 2873 gra-

794 2898 938 2951 \‘ittt'a
965 2908 1153 2965 passus
1180 2904 1280 2960 est,
1297 2893 1350 2948 in
1367 2903 1655 2949 extremam
1674 2893 1918 2948 redactus
1932 2893 2259 2947 servitutem.
2279 2893 2367 2947 l7.

792 2991 1115 3047 Convertetttr
1131 2988 1277 3043 dolor
1290 2989 1397 3059 ejus
1412 2987 1465 3041 in
1482 2996 1630 3059 caput
1651 2988 1781 3057 ejus,
1816 2995 1862 3041 et
1888 2986 1940 3040 in
1966 2985 2193 3040 verticem
2213 2984 2370 3056 ipsius

792 3085 1027 3153 iniquitas
1050 3090 1161 3154 ejus
1185 3081 1465 3136 descendet.
1498 3079 1564 3135 Et
1588 3080 1659 3135 de
1680 3077 2023 3147 AchitOphcle
2046 3076 2183 3133 etde
2201 3077 2369 3131 Absa-

794 3176 917 3230 lone
940 3174 1052 3228 hmo
1096 3172 1232 3227 dicta
1274 3186 1394 3227 esse
1430 3177 1615 3241 putant
1668 3187 1682 3225 :
1716 3169 1989 3238 utriusque
2026 3169 2167 3223 enim
2209 3174 2367 3237 caput

791 3266 1065 3321 descendit
1087 3264 1153 3319 ad
1178 3263 1511 3335 supplicium.
1537 3262 1627 3317 ille
1652 3263 1796 3316 enim
1836 3262 2023 3331 laqueo
2052 3275 2178 3315 usus
2208 3259 2365 3314 vitam

794 3356 963 3411 ﬁnivit
991 3373 1005 3408 :
1034 3354 1119 3410 hic
1145 3370 1273 3409 vero
1292 3368 1410 3410 cum
1434 3352 1533 3408 sub
1552 3354 1793 3407 arborem
1825 3354 2054 3407 venisset
2082 3392 2097 3416 ,
2134 3358 2188 3404 et
2215 3364 2366 3405 coma

792 3447 978 3508 fuisset
1017 3459 1326 3516 suspensus,
1369 3444 1474 3499 illic
1519 3443 1677 3513 longo
1718 3451 1956 3515 tempore
1993 3440 2255 3511 pependit.
2293 3440 2366 3497 Ita

790 3538 955 3611 etiam
978 3534 1141 3593 Judas
1177 3536 1367 3607 laqueo
1408 3536 1565 3590 vitam
1603 3536 1786 3601 llnivit,
1809 3536 1980 3590 sciens
2005 3549 2065 3589 se
2089 3534 2205 3591 base
2246 3550 2365 3591 om-

798 3629 889 3698 nia
933 3626 1124 3683 fecisse
1168 3626 1223 3681 in
1248 3625 1539 3696 perniciem
1586 3627 1667 3681 sui
1704 3626 1909 3695 capitis.
1954 3626 2018 3681 Et
2051 3626 2365 3698 Aehitophel

788 3718 1128 3787 conspicatus
1168 3718 1386 3773 omnino
1428 3715 1660 3772 futurum
1691 3726 1747 3771 ut
1777 3716 1943 3771 David
1991 3717 2254 3782 vinceret,
2280 3734 2365 3773 se-

789 3808 964 3879 ipsum
989 3808 1336 3879 strangulavit
1362 3825 1376 3861 :
1412 3806 1643 3862 Ahsalon
1666 3815 1840 3863 autem
1868 3807 2059 3862 invitus
2091 3809 2362 3879 pependit,

787 3911 844 3958 ct
879 3915 985 3956 non
1026 3900 1203 3955 statim
1230 3898 1298 3955 de
1322 3898 1497 3954 medio
1530 3897 1765 3954 sublatus
1803 3907 1911 3962 est,
1958 3898 2049 3953 sed
2096 3907 2362 3970 tamquam

787 3991 843 4047 in
886 3990 1088 4061 judicio
1125 3990 1271 4061 prius
1312 4003 1600 4059 suspensus
1640 3998 1743 4064 est,
1786 3997 1861 4043 et-
1878 3988 2021 4059 ligno
2064 3988 2363 4055 affixus;ct

787 4085 900 4142 Deo
924 4100 956 4141 e
979 4085 1187 4156 superis
1233 4085 1434 4141 ferente
1454 4082 1769 4139 sententiam
1812 4082 1968 4154 longo
1990 4090 2227 4153 tempore
2266 4100 2361 4153 pe-

786 4178 1037 4250 pendit,a
1062 4176 1384 4233 conscientia
1422 4176 1671 4247 deinceps
1710 4175 2021 4247 ﬂagellatus.
2059 4175 2175 4247 Ipse
2216 4178 2359 4231 enim

783 4267 1029 4340 cupiebat
1055 4266 1108 4323 in
1138 4266 1303 4337 patris
1330 4275 1508 4337 guttur
1544 4266 1815 4322 dexteram
1860 4252 2164 4336 int-ingere;
2212 4277 2362 4336 pater

783 4369 964 4413 autem
991 4355 1075 4412 vel
1104 4344 1184 4412 sic
1200 4354 1420 4427 rogabat
1438 4356 1650 4422 milites,
1674 4365 1732 4411 ut
1754 4356 1805 4412 ei
1831 4366 2129 4426 parcerent.
2161 4359 2202 4410 Α
2228 4372 2361 4411 vana

781 4457 960 4504 autem
981 4444 1145 4519 gloria
1172 4453 1289 4501 erat
1312 4444 1448 4501 adeo
1474 4446 1701 4512 alienus,
1722 4446 1949 4502 utetiam
1979 4456 2096 4515 post
2135 4456 2359 4504 mortem

783 4552 907 4595 eum
928 4537 1148 4609 lugeret.
1174 4535 1241 4592 Et
1268 4546 1323 4592 ut
1347 4535 1484 4593 scias
1527 4536 1668 4607 quod
1712 4536 1907 4592 factum
1938 4546 2016 4593 est
2049 4552 2152 4593 non
2198 4538 2358 4596 fuisse

788 4628 1036 4684 humana:
1054 4626 1343 4708 industriae,
1365 4627 1460 4684 sed
1490 4635 1655 4684 totum
1682 4628 1845 4685 fuisse
1871 4629 2033 4685 divini
2055 4630 2256 4702 judicii,
2273 4646 2361 4686 ca-

784 4718 898 4791 pilli
929 4726 985 4774 et
1017 4718 1214 4790 lignum
1250 4733 1375 4774 eum
1410 4718 1707 4789 alligarunt,
1740 4727 1796 4776 et
1836 4720 2048 4776 brutum
2085 4737 2208 4777 eum
2245 4723 2362 4777 ani-

783 4809 892 4866 mal
918 4808 1146 4875 tradidit,
1174 4819 1227 4866 et
1254 4824 1353 4880 pro
1386 4807 1513 4864 fune
1538 4809 1749 4880 quidem
1774 4825 1949 4880 coma,
1975 4827 2074 4883 pro
2104 4814 2245 4883 ligno
2272 4829 2359 4869 ar-

780 4900 878 4960 bor
917 4902 1146 4967 exstitit;
1190 4914 1287 4972 pro
1329 4901 1495 4956 milite
1530 4902 1705 4957 autem
1737 4917 1861 4959 eum
1903 4904 2123 4961 adduxit
2160 4906 2353 4961 mulus.

782 4992 1072 5051 Considera
1109 5007 1224 5049 rem
1266 4992 1652 5049 admirandam.
1682 4993 1812 5049 Cum
1856 4998 1970 5051 htec
2015 5010 2204 5067 passus
2250 5006 2352 5065 est,

778 5100 939 5144 nemo
977 5100 1193 5142 suorum
1226 5086 1294 5142 ad
1318 5100 1440 5143 eum
1479 5086 1734 5144 accedere
1750 5103 1912 5144 ausus
1943 5099 2044 5157 est,
2077 5091 2356 5163 ipsumque

775 5178 901 5237 inde
917 5178 1215 5247 detrahere,
1236 5193 1359 5235 cum
1383 5187 1585 5236 tantum
1610 5178 1795 5237 fuisset
1823 5183 2076 5252 temporis
2103 5185 2353 5254 spatium.

774 5269 889 5329 Hoc
906 5279 1084 5328 autem
1101 5270 1242 5327 Deus
1256 5270 1578 5342 providerat,
1597 5282 1653 5327 ut
1669 5287 1840 5343 neque
1855 5272 2238 5340 detraheretur,
2256 5292 2354 5332 nec

774 5362 981 5418 vinctus
993 5361 1059 5418 ad
1075 5372 1278 5433 patrem
1292 5360 1589 5431 aﬂerrctur,
1606 5365 1854 5436 quoniam
1885 5374 2101 5436 paterna
2146 5368 2351 5423 viscera

839 5524 855 5554 ι
876 5529 989 5580 Qum
1008 5523 1197 5573 nncmis
1226 5521 1515 5587 clauduntur
1557 5523 1733 5587 omissa
1777 5531 1891 5574 sunt
1922 5536 1950 5574 a
1980 5524 2108 5587 Colit.
2134 5535 2185 5577 et
2207 5528 2348 5580 Savil.

771 5589 869 5632 vox
892 5590 1069 5649 Graeca,
1090 5596 1219 5649 qum,
1255 5581 1487 5647 ﬁscellam
1789 5592 1877 5649 est
1898 5581 2233 5649 intenti-emta,
2255 5600 2349 5649 est,

771 5597 869 5632 vox
892 5597 1069 5643 maca,
1125 5597 1219 5643 me,
1255 5597 1487 5647 psceuam
1519 5597 1773 5645 κιτραηη,
1800 5597 1877 5635 est
1898 5597 2233 5649 tntt'ﬂtl'elala,
2255 5600 2345 5649 est,

768 5654 890 5706 κη..
934 5647 1063 5706 circa
1090 5597 1241 5695 Ἱιιιω
1288 5656 1456 5695 vocem
1487 5650 1664 5695 Gram
1687 5645 1927 5698 lectiones
1972 5650 2171 5699 variant.
2204 5654 2345 5701 savii.

769 5705 1007 5757 et’ttorel.
1034 5706 1231 5761 habent,
1266 5717 1411 5766 κεν,
1432 5707 1741 5815 Septuaginta
1774 5707 1989 5767 habent,
2024 5722 2145 5769 ita...
2184 5715 2347 5775 Aquila

769 5775 820 5815 et
838 5768 1140 5815 srmotachus
1162 5766 1361 5815 habent.
1386 5778 1539 5815 κισ-τάν
1556 5808 1568 5815 .
1588 5778 1613 5813 a
1635 5780 1727 5815 ms.
1746 5780 1866 5815 wn..-
1893 5777 1939 5815 tn
1960 5774 2176 5815 Hebrum,
2199 5777 2343 5815 πται,

766 5775 820 5836 ει
835 5766 1364 5836 symmachushabent,
1386 5766 1539 5836 nent»
1556 5808 1568 5824 ,
1588 5766 1727 5836 alius,
1746 5780 1866 5828 οιιιτν.
1893 5777 1939 5821 tn
1960 5766 2181 5836 ttebrzeo,
2199 5766 2345 5826 Eiod.

769 5824 889 5890 *ἐκεῖ
916 5829 1093 5892 tegitur
1114 5833 1255 5884 mn.
1282 5828 1397 5879 vide
1422 5827 1632 5892 ttexapla
1651 5824 1829 5879 matrs.

1517 424 1573 475 S.
1613 417 1889 475 JO.\.\'NIS
1925 408 2399 472 CHRYSOSTOMI
2432 408 2741 465 ARCIIIEP.
2783 410 3313 466 CONSTANTINUP.

3957 416 4053 469 σοι

2474 522 2524 577 ei
2553 522 2691 591 parci
2717 522 2851 577 velle
2872 523 3005 577 ultra
3041 520 3258 578 modum
3277 524 3685 592 iudicaveraut';
3717 536 3771 581 et
3806 528 3948 598 quod
3972 538 4054 583 est

2476 613 2859 680 admirabilius,
2888 616 2976 686 qui
3010 624 3212 685 patrem
3235 615 3283 671 ei
3311 615 3693 683 reconciliavit,
3722 618 3767 674 is
3793 619 3966 688 ipsum
3986 622 4057 674 in-

2476 703 2703 770 terfecit,
2750 704 3130 775 propemodum
3173 704 3379 761 instans
3410 706 3701 763 vehemens
3733 720 4049 764 accusator:

2476 795 2572 851 sed
2612 796 2657 852 is
2697 797 2911 868 quidem
2952 811 3074 852 eum
3112 796 3326 865 occidit,
3365 796 3505 854 Deus
3541 808 3721 855 autem
3765 799 3885 855 tulit
3930 814 4054 857 scn-

2475 887 2713 943 tentiam.

2545 978 2633 1032 t5.
2673 976 2825 1047 Quod
2869 978 3011 1033 enim
3043 992 3075 1033 e
3116 979 3325 1049 superis
3364 979 3466 1033 lata
3496 979 3565 1034 sit
3606 982 3892 1049 sententia,
3933 980 4057 1037 audi

2472 1067 2739 1139 quomodo
2767 1069 2817 1123 id
2845 1069 2956 1139 ipse
2980 1070 3274 1125 ostenderit
3297 1088 3310 1124 :
3337 1084 3455 1125 cum
3478 1071 3619 1126 enim
3644 1070 3892 1140 dixisset,
3911 1070 3979 1126 Et
4006 1074 4061 1127 in

2473 1162 2703 1214 uerticem
2716 1162 2881 1230 ipsius
2904 1162 3141 1232 iniquitas
3165 1163 3277 1227 eius
3298 1160 3587 1229 ducenda,
3610 1162 3735 1218 dicit
3760 1181 3774 1216 :
3806 1164 3895 1218 i8.
3921 1162 4057 1217 Cou-

2472 1250 2649 1319 [itebor
2674 1249 2893 1305 Domino
2920 1253 3195 1306 secundum
3220 1254 3467 1321 iustitiam
3490 1254 3620 1325 ejus,
3644 1265 3694 1309 et
3713 1255 3935 1324 psallam
3962 1271 4058 1309 tro-

2474 1343 2600 1396 ntini
2635 1341 2845 1397 Domini
2886 1344 3135 1397 altissimi.
3177 1341 3385 1400 Gratias
3413 1360 3632 1415 agamus
3654 1386 3669 1409 .
3699 1346 3908 1415 inquit,
3950 1361 4057 1401 non

2471 1434 2696 1488 aliorum
2726 1434 2960 1505 gaudens
2982 1435 3218 1490 credibus
3237 1478 3253 1503 ,
3284 1436 3378 1492 sed
3404 1436 3501 1492 Dei
3528 1439 3847 1493 sententiam
3887 1440 4059 1495 susci-

2472 1526 2641 1595 piens.
2667 1524 2735 1579 Et
2759 1528 2877 1596 quis
2901 1535 3077 1596 potest
3101 1527 3154 1582 ei
3177 1527 3374 1596 gratias
3398 1542 3556 1599 agere
3584 1530 3875 1584 secundum
3899 1531 4059 1600 justi-

2476 1620 2598 1673 tiam
2627 1620 2741 1687 ejus
2761 1621 2786 1670 ?
2811 1624 2929 1689 quis
2972 1628 3147 1674 autem
3172 1635 3292 1675 eum
3321 1620 3588 1688 laudabit,
3615 1622 3752 1676 sicut
3778 1623 3905 1677 est?
3928 1622 4058 1677 Nul-

2472 1711 2574 1765 lus.
2601 1709 2738 1778 Quid
2764 1719 2845 1764 est
2862 1709 3151 1765 Secundum
3167 1710 3425 1779 justitiam
3456 1713 3565 1780 ejus
3586 1711 3612 1764 .’
3632 1711 3687 1766 id
3710 1720 3808 1777 est,
3839 1722 4061 1781 propter

2469 1802 2728 1871 justitiam
2752 1802 2888 1871 ejus.
2912 1800 2978 1856 Et
3008 1802 3225 1871 psallam
3255 1802 3477 1859 Domino
3504 1803 3784 1857 altissimo.
3818 1804 3949 1872 Ejus
3977 1812 4061 1859 est

2473 1895 2614 1949 enim
2643 1894 2880 1959 victoria,
2906 1893 3022 1961 ejus
3042 1902 3263 1962 tropaea,
3295 1908 3401 1949 non
3427 1909 3568 1949 mea.
3596 1894 4058 1961 Quemadmodum

2474 1986 2616 2041 enim
2647 1986 2699 2041 in
2725 1985 2876 2041 bellis
2903 2001 3023 2041 cum
3050 2001 3145 2041 rex
3172 1985 3317 2052 vicit,
3339 1983 3532 2041 choros
3558 1985 3813 2042 ducentes
3834 1996 4057 2052 cautim,

2472 2076 2654 2132 laudes
2685 2076 2735 2130 in
2760 2091 2881 2131 eum
2908 2076 3244 2131 conferentes
3268 2093 3286 2130 :
3318 2076 3391 2131 ita
3427 2090 3526 2147 ego
3566 2090 3778 2147 quoque
3824 2074 4018 2131 faciam
4040 2116 4056 2141 ,

2474 2169 2662 2239 inquit.
2698 2168 2981 2237 Propterea
3010 2182 3115 2223 non
3146 2167 3284 2223 dixit
3306 2167 3646 2234 ,Conliteor,
3671 2166 3765 2223 sed
3789 2208 3805 2234 ,
3834 2165 4060 2235 Conﬁte-

2472 2262 2563 2315 ιον
2584 2277 2603 2315 :
2627 2260 2931 2331 significans
2957 2274 3015 2315 se
3039 2274 3139 2315 nec
3164 2268 3441 2330 postquam
3466 2268 3546 2314 est
3584 2269 3925 2329 assequutus,
3957 2260 4057 2315 bo.

2474 2354 2673 2407 norum
2711 2351 2945 2407 oblivisci
2975 2367 2989 2403 :
3017 2365 3116 2406 nec
3146 2350 3577 2421 negligentiorem
3618 2363 3771 2413 esse,
3799 2344 3895 2404 sed
3926 2349 4061 2420 vigi-

2474 2441 2585 2498 lare
2612 2459 2625 2494 :
2659 2456 2765 2496 non
2790 2441 2929 2513 quod
2959 2441 3096 2497 Dens
3137 2442 3202 2495 iis
3247 2441 3513 2512 indigeat,
3543 2441 3638 2497 sed
3668 2442 3808 2511 quod
3851 2440 3957 2497 hoc
3990 2443 4059 2496 sit

2474 2532 2626 2591 nobis
2646 2532 2773 2587 utile
2797 2540 2852 2587 et
2874 2532 3232 2587 commodum.
3258 2531 3715 2599 Quemadmodum
3742 2531 3887 2587 enim
3919 2532 4060 2587 acci-

2474 2623 2653 2694 piebat
2678 2622 2931 2677 sacriﬁcia
2957 2663 2973 2687 ,
3004 2638 3110 2677 non
3150 2636 3311 2691 egens
3348 2622 3622 2677 sacrificiis
3648 2624 3667 2693 (
3693 2622 3754 2678 Si
3776 2623 3922 2678 enim
3949 2639 4060 2676 estt-

2471 2716 2623 2777 riero,
2648 2715 2835 2783 inquit,
2854 2730 2954 2768 non
2981 2716 3147 2767 dicant
3168 2714 3256 2767 tibi
3275 2711 3445 2785 [PsaL
3476 2714 3564 2768 i9.
3594 2713 3730 2787 12]).
3759 2712 3854 2769 sed
3886 2714 4059 2769 homi-

2473 2821 2570 2861 nes
2595 2804 2862 2861 deducens
2899 2803 2965 2859 ad
3010 2805 3175 2874 ipsius
3213 2803 3470 2859 honorem
3499 2819 3517 2858 :
3548 2805 3619 2858 ita
3644 2804 3801 2859 etiam
3827 2804 4059 2876 hymnos

2473 2895 2726 2964 suscipit,
2753 2901 2937 2949 nostra
2976 2894 3277 2949 laudatione
3321 2908 3426 2948 non
3457 2907 3621 2964 egens
3644 2934 3661 2961 ,
3692 2893 3785 2949 sed
3817 2906 4056 2949 nostram

2473 2985 2695 3040 salutem
2738 2984 3067 3040 desiderem.
3097 2984 3208 3040 Deo
3235 2985 3378 3040 enim
3406 2998 3614 3055 magnae
3637 3000 3779 3040 curae
3810 2994 3897 3041 est
3923 2994 3982 3041 ut
4007 2985 4058 3041 in

2472 3077 2661 3131 virtute
2680 3089 3001 3130 crescamus.

2542 3165 2857 3237 Colloquima
2890 3183 3006 3221 cum
3031 3166 3137 3223 Deo
3160 3167 3393 3222 virtutem
3425 3175 3592 3238 auget.
3613 3195 3687 3208 —
3711 3165 3852 3223 Nihil
3879 3176 4057 3223 autem

2472 3274 2623 3330 teque
2646 3260 2711 3315 ad
2750 3260 2998 3314 virtutem
3032 3267 3343 3330 promovet,
3372 3266 3529 3330 atque
3556 3273 3675 3315 cum
3708 3259 3817 3315 Deo
3841 3260 4059 3317 assidue

2472 3352 2673 3410 versari
2701 3360 2757 3407 et
2799 3351 3028 3423 colloqui
3052 3393 3067 3415 ,
3091 3351 3249 3421 eique
3292 3362 3548 3421 perpetuo
3589 3351 3785 3422 gratias
3814 3366 3979 3423 agere
4004 3360 4058 3407 et

2474 3446 2716 3519 psallere.
2750 3444 2931 3500 Psallit
2957 3454 3134 3499 autem
3167 3444 3276 3499 Deo
3299 3444 3499 3513 justum
3532 3442 3648 3514 ejus
3667 3443 3927 3513 judicium
3964 3440 4059 3499 ad-

2470 3538 2669 3593 mirans
2689 3546 2741 3591 et
2768 3536 3091 3607 patientiam.
3109 3533 3175 3591 Et
3194 3534 3305 3601 ubi,
3333 3534 3523 3606 inquit,
3550 3535 3667 3605 ejus
3693 3542 3775 3591 est
3802 3536 4055 3607 patientia

2470 3630 2749 3686 interfecto
2776 3626 3036 3700 tyranno?
3059 3626 3241 3699 Longe
3259 3636 3405 3683 certe
3433 3628 3682 3682 maxima.
3705 3627 3891 3701 Longo
3911 3630 4056 3686 enim

2470 3728 2709 3791 tempore
2734 3734 2853 3775 eum
2879 3718 3077 3774 dimisit
3101 3758 3117 3782 ,
3145 3725 3203 3772 ut
3231 3717 3439 3773 veniret
3463 3716 3530 3773 ad
3557 3719 3921 3786 pmnitentiam
3956 3738 3971 3775 :
4002 3728 4057 3775 et

2468 3812 2665 3883 regiam
2707 3810 2989 3868 tenendam
3037 3810 3205 3879 dedit,
3234 3818 3292 3866 ut
3318 3825 3441 3867 cum
3482 3809 3687 3868 videret
3733 3810 3953 3869 domum
4002 3813 4054 3868 in

2468 3919 2569 3975 qua
2597 3913 2835 3960 creverat
2876 3912 2931 3960 et
2953 3902 3209 3959 educatus
3236 3903 3442 3969 fuerat,
3469 3911 3524 3959 et
3562 3904 3728 3975 patris
3764 3905 3915 3977 signa
3940 3947 3955 3970 ,
3986 3906 4053 3961 ad

2468 3996 2829 4066 pmnitentiam
2849 3994 3072 4051 veniret.
3097 3992 3151 4050 Si
3176 3995 3320 4049 enim
3346 4009 3452 4049 non
3481 3992 3671 4051 fuisset
3692 3996 3940 4052 immanis
3962 3996 4053 4051 be-

2468 4090 2586 4153 stia,
2620 4103 2718 4143 nec
2746 4103 2841 4142 eor
2869 4086 3144 4142 habuisset
3169 4086 3457 4156 lapideum,
3488 4088 3667 4142 omnia
3697 4087 3784 4142 illa
3814 4088 4049 4144 sufﬁcie-

2466 4178 2597 4234 bant
2620 4178 2686 4233 ad
2726 4178 2870 4233 illum
2896 4178 3299 4234 reducendum:
3340 4192 3523 4234 mensa
3562 4177 3715 4247 cujus
3751 4193 3872 4234 cum
3900 4189 4050 4252 patre

2466 4280 2581 4327 erat
2601 4269 3096 4341 particeps,domus,
3128 4271 3330 4334 sedilia,
3360 4270 3449 4326 ubi
3479 4270 3639 4326 verba
3663 4286 3784 4328 eum
3808 4271 4048 4328 reconci-

2467 4360 2744 4427 liaverant,
2768 4376 2887 4417 cum
2911 4362 3071 4416 talem
3092 4361 3293 4417 eadem
3325 4370 3587 4431 patrasset
3610 4378 3624 4415 :
3651 4376 3769 4417 cum
3793 4362 3878 4418 his
3899 4371 4049 4419 erant

2465 4456 2623 4511 etiam
2670 4454 2791 4520 alia,
2822 4468 2940 4525 qua:
2983 4453 3051 4508 ad
3100 4469 3221 4508 eum
3268 4452 3647 4509 emolliendum
3689 4454 4046 4511 sufficiebant.

2464 4548 2719 4603 Audierat
2746 4548 2889 4604 enim
2913 4561 3033 4603 eum
3074 4546 3315 4603 exsulem
3339 4545 3561 4602 sedibus
3586 4546 3805 4603 incertis
3826 4561 4011 4603 errare
4029 4588 4043 4612 ,

2464 4650 2518 4697 et
2542 4640 2680 4695 mabt
2705 4641 2883 4710 gravia
2909 4640 3155 4695 tolerare.
3186 4639 3336 4709 Quod
3366 4640 3411 4695 si
3452 4655 3519 4695 ne
3549 4638 3663 4695 haec
3684 4640 3899 4713 quidem
3924 4655 4046 4697 eum

2465 4733 2787 4800 molliebant,
2820 4731 3101 4802 oportebat
3128 4747 3191 4788 ea
3216 4746 3336 4802 quae
3365 4731 3712 4803 Achitopbeli
3730 4742 4044 4797 evenerant,

2463 4840 2584 4882 eum
2613 4826 2892 4896 castigare,
2912 4824 3153 4895 laqueum
3173 4837 3364 4893 nempe
3387 4833 3441 4880 et
3466 4832 3715 4891 mortem,
3739 4833 3796 4880 ut
3816 4839 3913 4895 per
3935 4824 4044 4880 hac

2463 4918 2639 4974 omnia
2668 4918 2872 4972 veniret
2895 4915 2960 4970 ad
2984 4914 3370 4985 paenitentiam.
3394 4915 3575 4988 Neque
3599 4918 3742 4972 enim
3769 4918 4045 4988 ignorabat

2462 5026 2580 5083 qum
2605 5011 2776 5066 amico
2800 5008 3121 5065 acciderant.
3142 5008 3309 5077 Quam
3329 5019 3510 5067 autem
3530 5010 3739 5081 culpam
3764 5011 3818 5066 in
3841 5020 4043 5081 patrem

2461 5100 2760 5167 conferens,
2786 5100 2906 5157 hac
2930 5098 3197 5156 faciebat?
3214 5099 3366 5169 Quod
3387 5116 3511 5157 eum
3537 5101 3607 5156 ab
3625 5106 3844 5173 aspectu
3868 5116 4045 5160 remo-

2461 5194 2661 5259 visset?
2686 5192 2795 5251 Sed
2822 5208 2890 5250 eo
2914 5193 3131 5249 nomine
3158 5192 3388 5250 debebat
3416 5208 3541 5251 eum
3569 5192 3823 5250 admirari
3854 5202 3914 5251 et
3950 5209 4043 5250 su-

2460 5286 2666 5355 spicere
2687 5326 2704 5353 ,
2734 5283 2877 5355 quod
2916 5298 3037 5339 cum
3082 5283 3301 5342 fratrem
3342 5283 3732 5353 interfecisset,
3762 5299 3887 5342 eum
3941 5283 4042 5341 leni

2459 5377 2638 5432 animo
2667 5376 2893 5432 tulisset.
2935 5373 3045 5431 Sed
3068 5389 3191 5431 cum
3220 5375 3351 5431 nihil
3379 5376 3429 5433 ei
3460 5387 3641 5446 posset
3666 5377 3781 5433 dari
3809 5376 4037 5443 crimini,
4116 5388 4117 5393 ‘

2458 5466 2551 5522 sed
2578 5465 2876 5536 importuna
2908 5474 3176 5522 teneretur
3212 5466 3522 5537 cupiditate,
3554 5467 3715 5539 idque
3741 5482 3863 5525 cum
3894 5478 4038 5541 pater

2458 5567 2601 5614 esset
2632 5558 2741 5627 jam
2784 5571 2974 5622 senex,
3002 5566 3055 5613 et
3094 5567 3240 5615 esset
3266 5558 3597 5629 exspectatio
3620 5559 3674 5615 in
3703 5558 3907 5615 foribus
3928 5599 3947 5627 ,
3975 5571 4038 5614 ne

2459 5650 2721 5705 tantillum
2767 5648 2981 5720 quidem
3016 5651 3362 5721 exspectavit.
3390 5648 3672 5717 Quomodo
3716 5659 3897 5708 autem
3934 5663 4035 5707 non
4114 5662 4115 5721 ξ

2510 5786 2539 5855 ιε
2568 5791 2668 5855 nuo
2683 5788 2812 5855 I215...
2830 5782 3054 5855 qttqttiam
3075 5790 3277 5855 paterna
3308 5783 3495 5855 viscera
3522 5783 3721 5839 uiritim
3740 5792 3787 5838 et
3807 5784 4031 5853 iniam

2457 5848 2625 5900 stitvmt
2647 5844 2993 5908 indulgentiam
3010 5844 3362 5900 indicaverint.
3954 5844 3966 5853 '
4112 5872 4113 5875 η
