4154 6418
691 370 795 438 εστ

690 496 1051 563 apparuerunt
1098 501 1219 545 cum
1273 483 1613 557 vigilantibus
1664 480 1966 551 pastoribus
2023 485 2279 532 canentes

689 582 842 649 (an.
864 581 919 636 2.
953 580 1063 650 13).
1094 577 1383 634 Audiamus
1428 588 1558 645 ergo
1595 574 1697 628 hoc
1735 584 1947 642 quoque
1992 566 2279 623 canticum.

690 676 794 743 Qui
826 678 1091 729 terrenum
1116 670 1332 743 quidem
1354 683 1532 739 regem
1564 664 1799 728 laudant,
1821 678 1942 719 cum
1972 676 2039 717 eo
2065 661 2287 730 loquun-

691 777 782 821 tur
798 766 866 821 de
892 762 1135 833 imperio,
1166 760 1234 818 de
1265 761 1496 829 tropatis,
1524 758 1592 813 dc
1626 756 1844 813 victoria
1868 796 1885 821 ,
1906 761 1961 808 et
1983 757 2285 807 memorant

693 866 881 928 gentes
918 856 987 910 ab
1014 868 1081 909 eo
1122 855 1321 917 victas,
1352 858 1604 905 vocantes
1640 860 1735 903 eos
1776 850 2163 915 expugnatores
2186 879 2202 903 ,
2230 846 2285 893 et

691 948 1043 1005 barbarorum
1071 945 1321 1005 victores.
1352 952 1407 998 et
1444 942 1528 997 his
1567 938 1781 995 similia.
1815 933 2126 1005 Huiusmodi
2153 946 2281 988 ωηο

693 1040 860 1095 ticum
886 1038 1030 1094 canit
1057 1038 1218 1093 etiam
1248 1035 1335 1089 bic
1368 1034 1576 1090 beatus.
1607 1031 1799 1087 Narrat
1836 1029 1977 1093 enim
2007 1025 2281 1082 victoriam

689 1139 746 1183 et
772 1138 1031 1198 tropmum
1054 1169 1067 1191 ,
1096 1135 1150 1181 et
1177 1124 1315 1180 bella
1344 1122 1608 1188 confecta,
1639 1136 1744 1176 non
1773 1118 1989 1191 quidem
2018 1117 2162 1181 talia,
2187 1114 2281 1171 sed

691 1222 779 1277 his
823 1220 992 1275 multo
1028 1217 1347 1275 difficiliora.
1373 1216 1505 1270 Vide
1530 1224 1705 1269 autem
1750 1210 2019 1283 quomodo
2055 1207 2239 1279 incipit
2268 1224 2283 1261 :

694 1312 945 1377 Domine,
978 1308 1229 1365 Dominus
1267 1314 1454 1361 noster.
1486 1306 1723 1360 Aliorum
1749 1303 1891 1359 enim
1913 1300 2001 1372 qui
2028 1314 2133 1355 non
2161 1312 2282 1353 cre-

694 1404 829 1460 dunt
862 1405 917 1459 in
940 1402 1112 1473 ipsum
1134 1441 1149 1465 ,
1182 1413 1288 1454 uno
1308 1398 1470 1453 modo
1498 1406 1585 1453 est
1606 1396 1862 1451 Dominus
1903 1411 1917 1446 :
1946 1400 2129 1448 noster
2156 1404 2285 1445 vero

693 1494 893 1566 duplici
915 1493 1141 1556 ratione,
1170 1499 1226 1545 et
1253 1487 1393 1559 quod
1421 1503 1518 1543 nos
1540 1502 1606 1541 ex
1637 1485 1701 1541 iis
1722 1499 1840 1555 qua:
1869 1499 1976 1538 non
2003 1489 2178 1549 erant,
2203 1482 2284 1536 le-

693 1588 861 1651 cerit,
889 1593 943 1639 et
980 1581 1122 1654 quod
1160 1586 1478 1651 agnoscatur
1500 1592 1530 1631 a
1562 1575 1735 1630 nobis.
1764 1575 1844 1630 Ac
1866 1572 1989 1628 vide
2015 1570 2285 1643 quomodo

695 1677 875 1733 statim
902 1690 930 1727 a
964 1672 1227 1744 principio
1265 1669 1415 1738 ponit
1453 1680 1715 1722 summam
1746 1663 2012 1720 beneficii.
2040 1662 2096 1719 Si
2139 1662 2284 1717 enim

694 1766 947 1821 didiceris
978 1761 1245 1835 quomodo
1272 1760 1527 1814 Dominus
1547 1767 1667 1812 tuus
1685 1754 1858 1811 factus
1883 1755 1972 1819 sit,
2007 1752 2150 1823 quod
2190 1752 2286 1807 ab-

694 1860 955 1913 alienatos
978 1865 1031 1911 et
1059 1854 1303 1909 inimicos
1324 1862 1377 1908 et
1390 1858 1562 1906 morte
1578 1847 1813 1913 all‘ectos,
1841 1844 2132 1901 familiares
2156 1843 2286 1900 επε-

694 1952 829 2005 ccrit
857 1960 912 2005 et
939 1946 1322 2012 vivitlcaverit,
1362 1942 1583 2007 pulchre
1628 1938 1833 1996 ridebis
1875 1938 1978 1993 hoc
2020 1950 2284 1993 summam

696 2058 818 2097 esse
838 2038 1106 2095 beneficii.

767 2134 954 2188 Contra
981 2133 1266 2185 Ananiazos.
1289 2127 1485 2183 Nomen
1504 2125 1600 2181 Dei
1619 2124 1918 2181 admirabile
1930 2140 2045 2179 cum
2064 2122 2283 2179 Christo.

696 2253 768 2265 -—
787 2222 901 2278 Hoc
929 2236 1057 2293 ergo
1094 2220 1367 2276 admirans
1395 2217 1654 2289 prephcta
1673 2259 1687 2283 ,
1718 2216 1851 2273 dicit
1875 2233 1889 2270 :
1921 2214 2091 2283 Quam
2116 2213 2287 2268 admi—

696 2313 857 2367 rabile
898 2323 973 2365 est
1021 2326 1204 2365 nomen
1246 2310 1431 2363 tuum!
1460 2307 1565 2363 hoc
1588 2316 1701 2373 est,
1748 2306 1905 2362 valde
1949 2305 2284 2361 admirabile.

696 2406 870 2473 Quam
910 2402 1223 2457 admirabile
1247 2410 1424 2455 autem
1468 2400 1575 2467 sit,
1600 2414 1707 2455 non
1735 2398 1869 2456 dixit
1895 2416 1908 2453 :
1942 2414 2114 2469 neque
2142 2400 2285 2455 enim

699 2496 879 2551 metiri
905 2494 1099 2566 potuit,
1123 2493 1218 2549 sed
1266 2500 1471 2548 tantum
1499 2490 1962 2563 amplificationem
2002 2500 2059 2547 et
2093 2490 2288 2562 hyper-

697 2586 861 2643 bolen
920 2584 1113 2640 attulit.
1156 2583 1261 2640 Ubi
1300 2594 1426 2639 sunt
1473 2584 1566 2654 qui
1610 2582 1704 2638 Dei
1745 2582 2034 2638 essentiam
2078 2582 2289 2638 curiose

701 2674 1103 2747 pervcstigant?
1122 2672 1177 2730 Si
1207 2674 1349 2730 enim
1378 2688 1500 2730 cum
1520 2688 1713 2730 nomen
1739 2673 1856 2744 ejus
1880 2673 2130 2740 dixisset,
2152 2672 2289 2728 adeo

700 2764 995 2821 admiratus
1020 2772 1104 2821 est
1145 2773 1201 2819 ut
1230 2764 1633 2835 obstupesceret
1664 2782 1678 2816 :
1708 2762 1976 2835 quomodo
2018 2764 2170 2819 venia
2210 2763 2289 2818 eis

702 2856 915 2911 dabitur
947 2856 1036 2926 qui
1076 2870 1136 2911 se
1172 2854 1358 2910 dicunt
1406 2869 1565 2909 nosse
1595 2853 1689 2908 Dei
1719 2854 2037 2919 essentiam,
2068 2868 2191 2907 cum
2221 2868 2290 2909 ne

703 2944 964 3017 propheta
993 2944 1205 3015 quidem
1237 2958 1395 3015 quam
1426 2944 1497 2998 sit
1539 2943 1855 3000 admirabile
1897 2944 2015 3015 ejus
2064 2957 2285 3009 nomen,

702 3052 1028 3109 cognoscere
1091 3036 1366 3106 potuerit?
1422 3036 1586 3103 Quam
1634 3035 1937 3091 admirabile
1975 3045 2048 3091 est
2104 3052 2290 3090 nomen

703 3140 844 3184 tnnm
864 3129 888 3184 .'
912 3127 968 3184 In
997 3129 1213 3183 nomine
1239 3127 1381 3183 enim
1423 3135 1514 3182 tuo
1557 3141 1703 3182 mors
1731 3127 1869 3183 victa
1898 3136 1952 3183 et
1976 3126 2143 3181 fracta
2166 3134 2250 3183 est
2270 3168 2287 3195 ,

705 3219 879 3295 vincti
899 3227 1026 3275 sunt
1052 3217 1346 3282 daemones,
1369 3216 1555 3273 ca-lum
1578 3226 1821 3287 apertum
1845 3225 1948 3281 est,
1976 3216 2118 3273 tores
2141 3232 2292 3286 para-

704 3312 809 3367 disi
861 3319 1181 3383 patucrunt.
1231 3309 1463 3381 Spiritus
1514 3310 1781 3367 demissus
1828 3311 2122 3366 cst:servi
2166 3309 2289 3366 l‘acti

704 3409 831 3457 sunt
857 3401 1043 3464 liberi;
1077 3400 1276 3456 inimici
1298 3442 1315 3467 ,
1345 3399 1471 3463 lilii;
1500 3400 1653 3455 alieni
1672 3442 1686 3465 ,
1716 3398 1981 3465 heredes;
2022 3399 2287 3465 homines,

705 3490 901 3562 angeli.
934 3488 1069 3555 Quid
1102 3489 1253 3555 dico,
1286 3489 1503 3560 angeli?
1530 3489 1666 3545 Deus
1694 3469 1857 3545 homo
1895 3489 2067 3546 factus
2089 3500 2206 3558 est,
2237 3500 2289 3545 et

706 3581 869 3636 homo
900 3580 1078 3647 Deus;
1109 3580 1297 3634 ca‘lum
1343 3580 1551 3649 accepit
1597 3589 1840 3635 naturam
1882 3596 1913 3635 e
1953 3591 2093 3635 terra
2146 3596 2290 3635 sum-

705 3683 849 3743 ptam
877 3690 892 3739 ;
925 3681 1063 3729 terra
1088 3687 1209 3728 cum
1241 3672 1476 3742 suscepit
1501 3673 1591 3742 qui
1619 3672 1770 3727 sedet
1808 3689 1972 3744 super
1999 3672 2287 3729 Cherubim

706 3780 827 3819 eum
853 3766 1090 3819 exercitu
1118 3765 1378 3835 angelico.
1406 3764 1537 3832 Qua:
1567 3764 1930 3821 intercedebat
1954 3768 2183 3822 maceria
2210 3766 2291 3821 di-

705 3866 825 3912 ruta
855 3865 968 3920 est,
998 3856 1170 3911 soluta
1217 3866 1301 3911 est
1347 3870 1535 3925 sepes;
1570 3871 1689 3926 qua:
1730 3855 1897 3910 divisa
1936 3866 1989 3912 et
2030 3858 2292 3928 disjuncta

707 3955 894 4011 crant,
926 3947 1072 4000 unita
1122 3954 1284 4009 sunt;
1320 3945 1557 4000 tenebras
1599 3954 1725 4016 sunt
1757 3946 2053 4013 exstinctae,
2086 3948 2176 4003 lux
2205 3964 2291 4003 re-

708 4035 1001 4108 splenduit,
1029 4050 1175 4092 mors
1197 4036 1447 4106 absorpta
1470 4044 1572 4091 est.
1605 4036 1730 4091 [hec
1753 4036 1929 4093 omnia
1957 4039 2214 4107 cogitans,
2240 4050 2294 4095 et

710 4127 869 4197 longe
910 4126 995 4182 bis
1033 4127 1184 4198 plura
1210 4169 1223 4192 ,
1256 4125 1516 4198 preplieta
1562 4127 1825 4183 clamabat
1871 4127 2096 4183 dicens:
2128 4128 2292 4197 Quam

709 4220 1007 4274 admirabile
1026 4229 1097 4275 est
1125 4236 1304 4275 nomen
1327 4229 1465 4273 tuum
1491 4220 1544 4274 in
1571 4221 1800 4276 universa
1830 4230 1963 4275 terra
1986 4222 2008 4276 .'
2029 4219 2129 4277 Ubi
2154 4230 2295 4279 hunc

710 4318 837 4364 sunt
862 4309 1053 4375 Judmi,
1070 4310 1159 4381 qui
1178 4317 1302 4363 sunt
1330 4308 1667 4379 impudentes
1688 4311 1945 4367 adversus
1973 4312 2251 4369 veritatem
2272 4314 2296 4367 ?

714 4398 984 4455 Lubenter
1013 4398 1157 4454 enim
1198 4412 1294 4453 eos
1336 4398 1721 4468 interrogarem
1770 4399 1838 4455 de
1890 4416 2126 4471 quonam
2179 4402 2294 4459 haec

690 4489 987 4545 dicuntur.
1028 4490 1103 4544 De
1132 4489 1536 4557 Cmnipotetite,
1566 4488 1825 4560 inquient.
1872 4489 1980 4547 Sed
2028 4508 2133 4548 non
2180 4505 2297 4550 erat

714 4597 911 4638 nomen
960 4581 1080 4652 ejus
1120 4580 1434 4638 admirabile
1477 4583 1533 4638 in
1584 4583 1829 4640 universa
1859 4596 2020 4641 terra.
2052 4585 2297 4643 Testatur

714 4674 874 4758 Isaias
912 4674 1131 4730 dicens:
1169 4672 1389 4745 Propter
1415 4690 1502 4729 eos
1526 4674 1904 4745 blasphematur
1932 4694 2113 4733 nomen
2132 4695 2297 4734 meum

714 4768 848 4822 inter
871 4775 1039 4839 gentes
1067 4764 1217 4839 (Isai.
1250 4766 1339 4823 52.
1368 4766 1448 4835 5).
1473 4766 1530 4822 Si
1558 4776 1735 4824 autem
1764 4768 1854 4839 qui
1884 4782 2006 4823 eum
2048 4769 2299 4827 colebant

714 4860 767 4913 in
790 4873 949 4914 causa
972 4868 1127 4915 erant
1151 4867 1210 4912 ut
1236 4858 1347 4928 ipse
1375 4856 1855 4927 blasphemaretur,
1874 4859 1964 4915 ubi
1985 4868 2101 4916 erat
2124 4860 2296 4915 admi-

714 4950 1079 5019 rabile‘lQuod
1108 4952 1251 5007 enim
1281 4960 1468 5007 natura
1494 4951 1565 5006 sit
1590 4952 1922 5017 admirabile.
1950 4954 2153 5012 clarum
2179 4967 2293 5013 est:

716 5040 857 5109 apud
882 5040 1127 5097 homines
1152 5050 1330 5098 autem
1351 5056 1461 5098 non
1487 5052 1603 5098 erat
1632 5050 1758 5098 tunc
1784 5044 2023 5114 pluribus
2057 5046 2296 5103 admira-

714 5132 857 5197 bile,
889 5131 984 5187 sed
1024 5141 1081 5188 et
1105 5132 1213 5189 vile
1249 5142 1305 5189 et
1338 5133 1668 5205 despectum.
1709 5133 1815 5191 Sed
1852 5151 1958 5192 non
1996 5140 2074 5195 sic
2115 5156 2295 5197 nunc:

710 5223 835 5293 quia
856 5221 1069 5293 quando
1096 5224 1323 5279 accessit
1347 5224 1649 5296 unigenitus
1672 5224 1858 5291 Filius,
1884 5226 2077 5299 ubique
2103 5245 2296 5287 nomen

715 5318 833 5386 ejus
861 5326 943 5373 est
971 5316 1285 5374 admirabile
1310 5330 1431 5375 cum
1456 5317 1692 5375 Christo.
1716 5318 1789 5373 Ab
1811 5330 1925 5375 ortu
1946 5322 2088 5386 solis,
2108 5324 2294 5395 inquit,

715 5426 872 5474 usque
888 5410 959 5466 ad
976 5426 1213 5467 occasum
1240 5411 1579 5483 gloriﬁcatum
1596 5420 1669 5466 est
1689 5427 1870 5467 nomen
1893 5428 2060 5467 nteant
2094 5416 2147 5469 in
2170 5432 2297 5487 gm-

717 5502 848 5557 tibus
878 5501 1033 5573 (Hal.
1063 5503 1255 5573 1.11).
1290 5503 1358 5559 Et
1380 5516 1566 5560 rursus
1595 5494 1609 5555 ἐ
1638 5500 1705 5558 In
1752 5504 1891 5559 omni
1932 5504 2045 5560 loco
2089 5505 2300 5575 offertur

712 5594 971 5649 incensum
995 5596 1185 5650 nomini
1210 5611 1339 5662 meo,
1367 5605 1414 5651 et
1441 5596 1745 5665 sacri/icimn
1774 5598 2038 5655 mundum.
2078 5600 2180 5657 Vos
2208 5617 2301 5655 au-

716 5694 815 5739 tem
863 5683 1029 5753 ipsum
1065 5686 1350 5757 profanatis
1374 5684 1535 5757 (Ibid.
1560 5702 1610 5740 τ.
1643 5683 1754 5757 12).
1785 5686 1853 5742 Ει
1869 5688 2045 5746 alius:
2078 5690 2299 5763 Impleta

714 5782 787 5829 εει
818 5775 1048 5832 universa
1091 5784 1225 5831 terra
1246 5777 1541 5848 cognitione
1579 5774 1788 5831 Domini
1815 5776 1968 5852 (lsai.
2004 5782 2087 5839 ll.
2118 5782 2193 5858 9).
2232 5785 2296 5844 Et

1422 372 1478 428 S.
1520 368 1796 427 ιοιΝΝιε
1832 362 2305 423 ΟΙΙΙΙΫδΟΞἸὈὶΙΙ
2345 361 2660 420 AHCIIIEP.
2700 361 3242 420 CUNSTANTINOP.

2393 490 2577 530 rursus
2610 496 2622 529 :
2667 473 2877 530 Venient
2896 474 3117 530 dicentes
3135 517 3151 544 ,
3172 472 3352 530 Patres
3374 476 3535 530 nostri
3552 475 3688 547 falsa
3709 478 3845 531 idola
3863 494 3987 545 pos-

2386 567 2623 621 st'dernnt
2649 570 2663 599 '
2699 566 2832 638 (Jer.
2859 566 2941 623 16.
2972 565 3085 639 19).

2457 658 2510 713 2.
2540 658 2699 716 Vides
2737 660 2852 715 haec
2880 662 3057 715 omnia
3106 660 3249 716 dicta
3286 674 3406 716 esse
3448 659 3518 717 de
3559 658 3985 718 FiliolFactum

2388 760 2471 807 est
2520 752 2664 809 enim
2705 752 2823 823 ejus
2851 766 3045 808 nomen
3074 751 3388 808 admirabile
3430 753 3483 808 in
3526 753 3769 809 universa
3812 764 3983 809 terra.

2391 842 2646 909 Quoniam
2696 843 2888 898 elevata
2931 852 3003 898 est
3062 843 3442 913 magniﬁcentia
3479 854 3569 898 tua
3611 856 3764 914 super
3801 845 3984 898 ctelos.

2388 937 2557 1004 Alius,
2597 936 2700 1002 Qui
2744 936 2957 1007 posuisti
2993 934 3197 991 laudem
3249 946 3389 989 tuam
3440 952 3594 1006 super
3642 937 3811 1020 catos.
3841 936 3985 1004 Quia

2387 1031 2529 1086 enim
2580 1039 2738 1085 terra:
2780 1030 3047 1097 meminit,
3078 1028 3330 1085 transfert
3381 1030 3541 1085 etiam
3582 1031 3882 1087 orationem
3924 1033 3985 1087 in

2388 1120 2619 1186 calum;
2652 1118 2793 1191 quod
2845 1134 3065 1189 semper
3109 1120 3392 1177 consuevit
3426 1120 3633 1186 facere,
3686 1121 3987 1177 ostendens

2388 1216 2698 1269 universum
2719 1214 2905 1269 orbem
2932 1222 3196 1269 terrarum
3226 1214 3445 1269 laudare
3475 1213 3760 1269 Dominum
3796 1228 3984 1269 suum.

2389 1304 2501 1361 iloc
2544 1304 2703 1361 etiam
2743 1302 2831 1359 hic
2879 1303 3171 1360 ostendens
3220 1303 3392 1359 dicit:
3424 1301 3752 1359 Admirabile
3802 1303 3937 1358 inl’ra
3964 1346 3986 1367 .

2388 1396 2707 1452 admirabile
2767 1409 2952 1467 supra.
3003 1394 3119 1451 Non
3163 1396 3337 1451 solum
3382 1396 3526 1451 enim
3578 1394 3853 1460 homines,
3885 1396 3986 1451 sed

2386 1489 2547 1543 etiam
2592 1486 2770 1559 angeli
2805 1486 3023 1542 laudant
3050 1500 3112 1543 ea
3141 1502 3263 1557 qua:
3290 1486 3426 1543 facta
3455 1496 3579 1541 sunt
3599 1528 3615 1551 ,
3644 1494 3700 1542 et
3739 1486 3838 1557 pro
3862 1488 3990 1556 ejus

2390 1579 2443 1635 in
2469 1579 2717 1635 homines
2736 1577 3013 1635 beneﬁciis
3033 1586 3200 1650 agunt
3220 1577 3459 1649 gratias;
3489 1577 3633 1648 quod
3659 1578 3819 1633 etiam
3848 1577 3990 1633 fece-

2389 1680 2513 1725 runt
2534 1671 2585 1724 in
2608 1669 2895 1740 principio,
2928 1684 3052 1724 cum
3082 1669 3137 1723 in
3165 1669 3325 1725 terris
3348 1669 3548 1725 choros
3573 1668 3864 1724 duxerunt.
3884 1669 3986 1724 Vel

2388 1761 2492 1817 hoc
2516 1776 2645 1833 ergo
2682 1761 2833 1827 dicit,
2863 1762 3024 1817 etiam
3072 1761 3297 1832 angelos
3342 1775 3571 1829 canere,
3599 1760 3684 1815 vel
3723 1760 3839 1815 vult
3864 1761 3988 1829 ejus

2387 1851 2671 1907 ostendere
2725 1851 3168 1923 magnitudinem.
3224 1849 3454 1919 Quando
3507 1852 3655 1907 enim
3706 1850 3987 1921 Scriptura

2387 1944 2501 1999 vult
2524 1943 2725 2014 aliquid
2766 1958 3016 2015 magnum
3045 1942 3229 1998 dicere
3248 1984 3263 2007 ,
3296 1941 3606 1997 distantiam
3642 1942 3834 2002 horum
3865 1943 3985 1997 ele-

2387 2044 2691 2092 mentorum
2734 2034 2953 2091 adducit
2980 2034 3036 2089 in
3067 2033 3300 2089 medium
3319 2072 3337 2098 ,
3364 2042 3422 2087 ut
3449 2032 3663 2104 quando
3691 2033 3855 2087 dicit:
3879 2030 3984 2087 Se-

2388 2129 2611 2183 cundum
2638 2127 2961 2183 altitudinem
2985 2127 3096 2182 ccli
3124 2143 3157 2180 a
3179 2137 3334 2181 terra.
3358 2125 3425 2182 Et
3453 2141 3639 2182 rursus
3666 2142 3683 2178 :
3719 2124 3985 2193 Quantum

2390 2220 2541 2276 distat
2583 2230 2725 2275 ortus
2762 2220 2827 2275 ab
2858 2235 3074 2283 occasu,
3104 2220 3253 2290 longe
3274 2219 3390 2295 fecit
3426 2235 3460 2272 o
3503 2219 3648 2274 nobis
3688 2219 3983 2289 iniquitates

2389 2323 2591 2369 nostras
2612 2310 2929 2384 (Psal.102.
2965 2312 3051 2367 11.
3087 2310 3198 2381 12).
3231 2310 3331 2367 Hic
3353 2324 3483 2381 ergo
3505 2308 3800 2365 admiratur
3816 2323 3983 2380 quam

2390 2418 2580 2473 magna
2625 2404 2733 2458 sint
2760 2411 2815 2458 et
2840 2417 3001 2473 quam
3030 2401 3247 2473 grandia
3277 2417 3398 2473 quas
3426 2400 3561 2457 facta
3599 2409 3725 2456 sunt
3750 2400 3929 2456 omnia
3962 2417 3979 2453 :

2390 2508 2513 2549 nam
2557 2495 2796 2549 omnium
2834 2493 3072 2549 intimam
3113 2493 3466 2549 substantiam
3516 2492 3695 2549 eli‘ecit
3728 2491 3987 2548 omnibus

2389 2587 2745 2655 superiorem.
2774 2586 2828 2643 3.
2857 2584 2941 2640 Ea:
2968 2601 3057 2640 ore
3074 2586 3348 2657 infantium
3387 2594 3437 2640 et
3475 2584 3767 2639 lactentium
3806 2589 3983 2657 persz

2390 2678 2502 2731 cisti
2531 2676 2756 2732 laudem.
2779 2676 2930 2732 Alius
2952 2716 2968 2743 ,
3000 2674 3083 2730 Ea:
3106 2690 3193 2730 ore
3216 2675 3491 2746 infantium
3512 2674 3738 2746 fundasti
3766 2675 3982 2746 fortituo

2391 2770 2580 2825 dinem.
2606 2770 2753 2825 Alius
2778 2768 2879 2839 (a),
2900 2767 3216 2824 Constituisti
3240 2765 3413 2823 robur.
3440 2766 3592 2835 Quod
3613 2776 3791 2822 autem
3817 2765 3973 2833 dicit,

2390 2868 2474 2914 est
2520 2859 2784 2929 ejusmodi
2830 2874 2848 2914 :
2899 2857 3199 2915 Potentiam
3252 2868 3398 2913 tuam
3460 2872 3528 2913 ex
3578 2856 3696 2935 hoc_
3748 2856 3984 2913 maxime

2392 2949 2674 3005 ostendisti
2694 2992 2709 3015 ,
2738 2948 2881 3021 quod
2910 2951 3053 3005 vires
3082 2948 3325 3005 imbelles
3365 2948 3597 3004 moveris
3617 2989 3633 3018 ,
3656 2955 3713 3004 et
3746 2948 3983 3019 linguam

2394 3040 2776 3103 balbutientem
2804 3040 2869 3095 ad
2896 3039 3118 3110 gloriam
3148 3038 3497 3106 reddendam,
3514 3039 3713 3094 claram
3740 3047 3793 3094 et
3817 3053 3987 3108 espe-

2392 3133 2557 3190 ditam
2594 3133 2785 3189 feceris
2811 3134 2832 3164 ¹
2852 3129 3063 3206 (lauti.
3087 3132 3179 3186 2L
3210 3132 3327 3205 15).
3353 3131 3483 3201 Qua:
3508 3132 3650 3187 enim
3681 3130 3817 3186 facta
3846 3140 3928 3186 est
3950 3146 3985 3187 a

2395 3226 2573 3298 pueris
2596 3226 2650 3281 in
2681 3225 2879 3296 templo
2906 3225 3228 3298 hymnorum
3255 3224 3687 3303 decantationem
3712 3223 3799 3280 hic
3839 3238 3982 3293 prte-

2398 3316 2545 3373 dicit.
2578 3317 2645 3372 Et
2668 3333 2827 3388 quam
2864 3317 2934 3372 ob
2961 3330 3201 3383 causam,
3240 3315 3361 3372 aliis
3391 3301 3764 3387 praetermissis
3812 3314 3979 3369 mira-

2394 3409 2549 3474 culis,
2579 3417 2910 3464 mortuorum
2940 3407 3366 3473 resurrectione,
3394 3406 3727 3477 leprosorum
3758 3403 3984 3461 munda-

2395 3503 2561 3566 tione,
2588 3500 2893 3556 dannonum
2921 3500 3258 3569 expulsione,
3289 3512 3433 3554 nunc
3480 3513 3769 3569 puerorum
3816 3498 3983 3553 mira-

2394 3594 2504 3649 culi
2531 3593 2816 3649 meminit?
2844 3592 3106 3660 Quoniam
3138 3593 3223 3648 illa
3252 3591 3469 3663 quidem
3500 3594 3658 3647 etiam
3686 3602 3813 3646 ante
3846 3592 3984 3647 facta

2395 3695 2541 3749 sunt,
2571 3693 2627 3738 et
2649 3684 2692 3738 si
2720 3699 2824 3739 non
2851 3684 2949 3751 sic,
2975 3692 3150 3739 tamen
3178 3682 3312 3738 l‘acta
3343 3691 3503 3749 sunt,
3535 3691 3589 3738 et
3615 3672 3813 3753 aliquid
3846 3683 3987 3738 inter

2396 3791 2455 3832 se
2481 3791 2763 3833 commune
2794 3776 3115 3842 habuerunt,
3142 3774 3269 3831 licet
3294 3788 3401 3830 non
3427 3773 3667 3829 modum.
3685 3773 3987 3830 Suscitatus

2398 3881 2480 3927 est
2506 3871 2649 3927 enim
2687 3879 2930 3925 mortuus
2960 3868 3060 3924 sub
3089 3868 3284 3925 Elismo
3314 3867 3393 3937 (6.
3424 3866 3552 3939 Reg.
3586 3867 3639 3923 ι.
3671 3866 3785 3937 35).
3818 3876 3874 3922 et
3908 3867 3989 3923 ie-

2400 3976 2589 4033 prosus
2605 3961 2889 4017 mundatus
2908 3960 3071 4030 (Ibid.
3103 3961 3159 4016 5.
3186 3977 3234 4014 ιν.
3260 3959 3375 4031 ﬂ),
3396 3968 3450 4015 et
3468 3959 3678 4014 dtemtin
3702 3974 3797 4029 per
3820 3959 3986 4015 David

2395 4053 2651 4125 expulsus
2696 4062 2799 4119 est,
2831 4050 3045 4123 quando
3096 4049 3224 4105 Sail
3274 4048 3621 4105 invadebatur
3674 4064 3705 4103 a
3741 4048 3989 4107 dilanIIO

2397 4146 2475 4215 (l.
2504 4143 2630 4216 Reg.
2660 4143 2747 4200 16.
2775 4144 2871 4213 25)
2905 4161 2920 4197 :
2948 4142 3145 4199 chorus
3166 4149 3346 4197 autem
3374 4140 3653 4195 infantium
3677 4140 3989 4199 lactentium

2398 4250 2540 4291 nunc
2585 4236 2816 4307 primum
2853 4232 3103 4304 loquutus
3148 4240 3252 4289 est.
3298 4230 3377 4287 Ne
3397 4247 3527 4303 ergo
3560 4230 3901 4301 impudenter
3927 4246 3990 4290 se

2397 4337 2612 4399 gereret
2635 4327 2870 4392 Judmus,
2896 4325 3117 4393 dicens,
3149 4325 3265 4382 haec
3302 4326 3445 4381 dicta
3483 4340 3605 4380 esse
3644 4325 3713 4381 de
3756 4326 3821 4381 iis
3866 4342 3989 4398 qua:

2402 4418 2535 4476 laeta
2561 4428 2686 4475 sunt
2710 4420 2763 4474 in
2794 4418 2996 4485 Veteri,
3013 4417 3174 4488 elegit
3202 4419 3411 4489 signum
3428 4416 3572 4488 quod
3602 4427 3726 4472 tunc
3754 4418 3987 4487 primum

2400 4521 2456 4568 et
2497 4512 2668 4568 solum
2712 4510 2911 4568 factum
2952 4519 3056 4567 est.
3086 4511 3155 4567 Et
3178 4511 3376 4582 alioqui
3416 4526 3535 4582 quas
3584 4510 3801 4577 ﬁebant,
3832 4519 3990 4566 erant

2401 4614 2561 4678 typus
2586 4607 2951 4675 apostolorum
2987 4623 3001 4661 :
3029 4621 3153 4661 nam
3192 4621 3314 4662 cum
3350 4606 3388 4661 ii
3415 4616 3599 4663 essent
3628 4606 3783 4662 valde
3817 4605 3991 4661 inlan-

2403 4708 2504 4766 tcs,
2535 4708 2589 4756 et
2630 4699 2807 4770 magis
2861 4698 2998 4755 muti
3044 4712 3201 4770 quam
3254 4698 3355 4768 ipsi
3407 4696 3618 4768 pisces,
3679 4698 3988 4753 universum

2401 4793 2588 4849 orbem
2641 4800 2904 4847 terrarum
2956 4790 3284 4845 irretierunt.
3339 4788 3492 4857 Quod
3536 4798 3717 4845 autem
3764 4789 3868 4845 hoc
3920 4791 3989 4847 sit

2402 4884 2635 4941 maxime
2682 4881 2781 4938 Dei
2814 4880 2985 4937 virtus
3020 4890 3075 4937 et
3102 4882 3343 4953 potentia
3366 4922 3383 4948 ,
3414 4880 3538 4937 vide
3560 4882 3722 4937 etiam
3756 4882 3988 4952 prophe-

2406 4988 2513 5035 tam
2539 4980 2643 5037 boc
2662 4977 2731 5035 de
2757 4977 2919 5035 Patre
2944 4976 3235 5035 dicentem.
3258 4975 3394 5034 Cum
3416 4975 3573 5034 lose
3587 4978 3732 5033 enim
3763 4977 3992 5047 loquens

2418 5212 2422 5215 ‘
2470 5202 2486 5270 ξ
2512 5199 2748 5270 tiic_locus
2783 5198 2885 5270 alio
3090 5198 3395 5270 jacetgapud
3411 5198 3691 5270 Ieremiam,
3724 5194 3996 5270 Variana.

2403 5261 2635 5326 extremis
2656 5268 2822 5326 teme,
2839 5267 2887 5311 et
2907 5258 3210 5326 dicent,'etc.
3236 5258 3327 5311 sed
3348 5263 3714 5326 chrysostomus
3734 5273 3867 5323 saepe
3891 5258 3995 5312 loca

2404 5335 2500 5372 non
2525 5324 2717 5385 integra
2738 5321 2898 5381 aﬂ'crt,
2914 5326 2970 5371 ut
2992 5322 3091 5385 jam
3115 5322 3338 5372 vidimus.
3442 5321 3457 5326 “
3806 5321 3815 5323 ἡ

2468 5386 2489 5416 ¹
2523 5382 3184 5435 venumdatan
3208 5382 3993 5436 vimineluctabilemiueomaai-

2403 5444 3251 5516 meostendisgiqnodlenerrt'mam
3283 5451 3473 5497 atatem
3505 5446 3573 5498 ad
3613 5446 3685 5498 sic
3720 5443 3997 5511 αισι-ἐβια-

2405 5506 2523 5559 dum
2544 5509 2821 5570 ea:de
2844 5506 3039 5569 feceris.

2469 5609 2521 5690 ξιξ
2524 5610 2551 5690 ).
2556 5617 2732 5690 991?}!
2732 5609 3065 5690 Biﬁimﬂifii,
3072 5616 3160 5690 P3!
3156 5612 3252 5690 9?!
3254 5611 3327 5690 ⁵⁸ἐί
3341 5609 3998 5690 @‘L‘EFF';

2404 5684 2522 5783 33ῗὲ
2537 5671 4002 5804 iWﬁiéiii‘iiﬁ‘iimidii‘ﬁi

2410 5808 2504 5861 qua
2527 5796 2591 5847 de
2614 5808 2670 5847 re
2696 5795 2819 5846 hanc
2842 5800 3005 5845 notam
3041 5794 3125 5847 ille
3146 5794 3283 5845 dedit
3310 5808 3323 5844 :
3354 5812 3378 5843 ι
3408 5795 3475 5844 Ad
3504 5807 3657 5859 mg.
3697 5794 3774 5846 est
3795 5802 3844 5854 c,
3869 5802 4002 5858 Sym-
