4154 6418
186 333 272 391 109
552 358 555 361 λ
993 350 996 355 λ
1266 304 1637 373 EXPOSITIO
1675 299 1742 359 IN
1779 299 1786 356 1

1892 296 2111 355 unum
2148 296 2288 355 \‘lll.

187 446 251 499 ait
274 461 287 496 :
313 430 437 510 Quia
462 439 583 510 [erit
616 448 825 493 mutant
852 442 909 491 st
927 432 1140 490 surdus
1162 472 1178 495 .
1203 427 1464 485 ridentem
1492 433 1539 478 et
1568 433 1760 510 emunt

182 506 356 603 (ετῶ
378 530 433 587 ι.
463 506 601 599 ii)?
630 527 708 584 Et
732 540 922 583 rursus
950 542 967 581 :
996 523 1103 593 Qui
1125 521 1215 576 dat
1254 520 1460 591 linguas
1498 506 1763 584 expeditas

184 623 371 694 εἰκώ
395 632 513 677 sunt
532 616 879 691 impeditioris
915 616 1106 688 tinguat
1125 611 1279 681 (hui.
1305 610 1397 667 55.
1429 606 1510 680 ϐ).
1539 606 1609 661 Et
1637 616 1760 658 rur-

183 727 262 771 sus
288 731 304 770 :
327 711 576 768 Βοιώτιε
604 710 701 765 dat
731 710 857 764 mihi
895 708 1125 778 linguam
1165 700 1490 773 disciplina,
1524 705 1577 752 ut
1604 694 1765 750 sciam

182 804 359 876 quando
409 810 612 876 oportet
666 802 810 872 loqui
857 813 1137 857 sermonem
1193 793 1307 868 (id.
1351 791 1445 848 50.
1486 787 1569 859 ι).
1628 784 1766 840 Dicit

184 897 325 953 etiam
365 895 416 949 in
459 892 735 964 principio
769 910 785 948 :
821 890 995 947 Venite
1011 930 1035 957 ,
1058 884 1445 950 descendemus,
1472 889 1522 937 et
1548 880 1769 950 confnno

186 988 347 1041 anas
373 985 610 1056 ipsorum
654 985 860 1057 tinguat
888 981 1045 1053 (Gen.
1076 981 1168 1038 tl.
1198 980 1280 1051 7).
1308 977 1496 1047 Magna
1522 988 1653 1044 ergo
1682 979 1770 1026 est

186 1090 232 1136 et
246 1077 406 1135 ralida
431 1076 856 1135 demonstratio.
884 1074 947 1131 ln
971 1074 1092 1129 aliis
1117 1071 1288 1136 enim,
1310 1068 1415 1124 etsi
1442 1075 1645 1137 praeter
1678 1077 1770 1118 ra-

189 1165 384 1230 tionem,
409 1162 590 1233 aliqua
621 1171 805 1217 tamen
841 1165 1091 1231 suspecta
1118 1154 1392 1233 habebant
1427 1147 1771 1222 impudentes

189 1254 253 1309 illi
276 1273 289 1308 :
317 1254 401 1309 hic
424 1264 611 1309 autem
643 1251 781 1308 nihil
811 1256 1103 1323 potuerunt
1125 1245 1330 1313 dicere,
1357 1257 1481 1309 eum
1527 1241 1643 1311 ipsa
1674 1252 1772 1309 per

188 1361 239 1402 se
262 1356 442 1402 natura
467 1342 617 1400 nuda
646 1341 1019 1399 contenderet.
1042 1329 1111 1395 Et.
1144 1336 1269 1413 ideo
1309 1337 1420 1392 non
1458 1332 1600 1389 dixit
1638 1328 1773 1385 sim-

190 1437 393 1509 pliciter,
418 1434 751 1507 Infantiam,
790 1449 862 1505 ne
907 1433 1034 1505 quis
1076 1430 1399 1487 innocentes
1455 1434 1513 1482 et
1560 1422 1773 1495 simpli-

190 1529 342 1587 ciores
362 1542 485 1586 eum
512 1525 709 1583 dicere
731 1532 983 1597 putaret;
1012 1521 1111 1581 sed
1136 1520 1414 1593 subiunxit
1437 1560 1455 1588 ,
1486 1518 1555 1573 Et
1578 1516 1773 1572 tactat-

195 1621 329 1686 ήκω,
355 1628 571 1676 :etatem
601 1618 715 1675 cibi
740 1615 1047 1688 adjeetlone
1084 1614 1421 1686 exprimens.
1455 1608 1577 1668 Non
1625 1607 1773 1664 enim

191 1709 309 1768 dixit
344 1708 732 1777 solummodo,
761 1705 1081 1779 Infantiam,
1121 1703 1218 1761 sed
1249 1703 1415 1761 etiam
1461 1700 1628 1757 ubera
1677 1712 1773 1767 sue

193 1803 432 1873 gestiunt,
470 1802 567 1873 qui
613 1799 858 1857 nondum
884 1798 1043 1856 solidi
1071 1797 1179 1856 cibi
1203 1797 1424 1854 luerunt
1456 1810 1553 1869 par
1564 1793 1774 1867 tieipes.

194 1894 293 1952 Non
333 1904 417 1951 est
455 1909 591 1966 ergo
636 1894 745 1951 hoc
789 1892 967 1949 solum
1009 1889 1351 1957 admirabile,
1380 1886 1535 1960 quod.
1558 1899 1775 1953 vocem,

196 2004 397 2060 eamque
422 1988 628 2045 claram
674 1995 731 2043 et
776 2000 1087 2058 expressam
1136 1983 1440 2062 emiserint,
1464 1981 1564 2039 sed
1608 1981 1777 2060 etiam

197 2079 319 2151 quod
341 2073 553 2150 plenam
580 2078 743 2135 bonis
773 2076 1276 2134 innumerabilibus.
1305 2075 1441 2145 Quae
1463 2073 1613 2131 enim
1645 2086 1779 2145 apo-

200 2170 305 2225 stoli
327 2168 561 2225 nondum
584 2178 875 2236 noverant,
905 2182 971 2224 ea
996 2166 1148 2239 pueri
1178 2166 1396 2240 hymnis
1410 2164 1777 2222 celebrabant.

199 2258 272 2316 Ex
294 2258 392 2316 hoc
418 2259 588 2315 etiam
632 2256 836 2330 aliquid
865 2257 1013 2313 aliud
1038 2255 1343 2329 signiﬁcat,
1383 2270 1581 2327 nempe
1619 2268 1785 2327 opor-

201 2358 299 2406 tere
323 2363 447 2414 eos,
477 2349 574 2421 qui
625 2348 697 2404 ad
742 2345 996 2418 dogmata
1034 2347 1336 2413 accedunt,
1362 2347 1545 2403 animo
1581 2359 1783 2418 pueros

199 2437 343 2495 elici.
372 2437 430 2495 Si
453 2439 581 2510 quis
605 2439 755 2496 enim
778 2454 885 2495 non
911 2437 1211 2511 susceperit
1252 2452 1480 2509 regnum
1525 2436 1783 2492 calorum

201 2539 251 2585 st
271 2530 488 2600 puellus,
504 2531 706 2602 inquit,
724 2544 833 2585 non
854 2540 1029 2602 potest
1052 2530 1106 2585 in
1134 2528 1311 2599 ipsum
1341 2526 1549 2600 ingredi
1565 2527 1781 2601 (Matth.

202 2620 279 2677 l8.
303 2620 377 2692 3).
402 2618 631 2692 Propter
649 2619 884 2675 Murices
909 2628 1044 2676 tuos.
1072 2619 1211 2675 Dicit
1238 2620 1403 2676 etiam
1430 2632 1648 2675 causam
1687 2634 1790 2676 cur

204 2710 295 2767 hoc
326 2712 647 2767 miraculum
704 2709 908 2766 factum
953 2710 1043 2767 sit.
1072 2709 1191 2767 Alia
1229 2710 1375 2767 enim
1425 2725 1534 2767 non
1564 2720 1790 2783 propter

206 2800 432 2859 inimicos
476 2800 624 2858 facta
670 2809 831 2868 sunt,
862 2798 962 2857 sed
1004 2810 1062 2858 ut
1099 2801 1422 2858 accedentes
1460 2802 1789 2859 beneﬁcium

207 2894 513 2964 acciperem.
544 2904 598 2950 et
630 2894 724 2950 alii
750 2892 1111 2951 docerentur:
1133 2894 1237 2951 hoc
1259 2905 1441 2952 autem
1478 2911 1584 2951 non
1610 2896 1791 2953 solum

207 2993 467 3057 propterea
488 2985 692 3043 iactum
718 2992 834 3054 est,
858 2986 954 3043 sed
981 2997 1039 3044 ut
1065 2987 1451 3044 obturarentur
1480 3004 1573 3044 ora
1599 2987 1789 3044 inimi-

207 3092 372 3135 corum
388 3096 405 3133 :
420 3094 559 3152 quos
582 3080 747 3136 etiam
769 3079 911 3135 alius
927 3079 1127 3137 clarius
1139 3080 1468 3152 significans,
1485 3079 1635 3146 dicit,
1656 3078 1793 3136 Pro-

208 3172 582 3245 ptcrittigtmtes
622 3181 691 3228 te.
721 3171 763 3229 li
790 3172 936 3229 enim
979 3188 1105 3230 eum
1142 3172 1433 3246 alligarunt
1460 3173 1679 3231 ductum
1721 3173 1791 3229 ad

208 3278 422 3321 nucem.
453 3264 526 3322 ω
576 3266 812 3322 datum
848 3252 1196 3322 εηίωεσιηιέδ
1237 3268 1474 3323 ultorem.
1500 3267 1690 3335 Alius,
1721 3266 1792 3325 tu

208 3371 473 3428 arma
507 3358 810 3424 inimicum,
833 3367 881 3413 et
906 3359 997 3431 qui
1030 3359 1253 3430 seipsurn
1295 3346 1581 3429 ulciscild’r,
1623 3375 1796 3433 popu-

211 3449 306 3505 lant
328 3450 411 3506 hic
437 3451 633 3507 dicens
645 3448 951 3507 Iudaicum.
977 3450 1252 3507 Christum
1277 3452 1424 3508 enim
1450 3452 1797 3524 expellebant

212 3549 263 3594 ut
282 3541 575 3606 inimicum,
602 3556 715 3613 prae
741 3557 803 3598 se
824 3540 1075 3599 ferebant
1099 3553 1279 3598 autem
1310 3542 1413 3599 hoc
1444 3543 1623 3600 facere
1651 3552 1791 3599 tam-

211 3645 351 3701 quam
374 3631 594 3689 Patrem
621 3633 962 3690 ulciscentes.
991 3634 1057 3690 Et
1086 3634 1211 3692 ideo
1242 3637 1380 3692 hanc
1420 3636 1526 3692 illis
1567 3652 1794 3694 excusa-

214 3723 389 3780 tionem
410 3724 692 3789 sidereus.
714 3724 967 3784 dicebat:
999 3727 1100 3795 Qui
1114 3745 1193 3784 nte
1209 3729 1336 3797 odit,
1363 3731 1471 3785 odit
1504 3742 1551 3786 et
1581 3729 1795 3787 Patrem

211 3815 558 3885 statuam.
590 3817 680 3873 15.
706 3817 803 3890 23)
828 3834 844 3884 ;
872 3826 929 3873 et
967 3833 1203 3876 rursus:
1232 3818 1335 3888 Qui
1378 3821 1538 3876 credit
1582 3823 1637 3877 in
1678 3838 1791 3891 nte,

213 3906 352 3959 credit
382 3908 436 3962 in
462 3923 586 3963 eum
608 3905 694 3978 qui
723 3925 803 3963 nte
834 3908 970 3963 misit
998 3908 1019 3982 (
1046 3908 1138 3965 Id.
1173 3909 1261 3965 η.
1295 3911 1409 3985 ιι)
1432 3930 1447 3967 :
1471 3912 1665 3968 honori
1694 3927 1795 3969 suo

212 3995 479 4065 etinjttrize
525 4012 751 4069 setnper
799 3998 1018 4057 Patrem
1056 4001 1408 4075 conjungens.
1448 4003 1584 4061 Vide
1631 4021 1795 4077 quam

212 4097 436 4144 mrate
464 4090 724 4159 loquutus
748 4090 819 4145 sit
843 4092 1129 4163 propheta.
1162 4092 1278 4150 Non
1303 4095 1456 4159 dixit,
1484 4095 1553 4153 Ut
1579 4099 1794 4168 punias,

210 4175 295 4231 sed
324 4175 389 4232 Ut
410 4178 650 4235 destructa
667 4181 845 4251 :quod
878 4182 1019 4239 alius
1045 4185 1244 4241 clarius
1271 4187 1552 4258 signiﬁcat,
1584 4189 1794 4258 dicens,

215 4264 275 4322 ιι
297 4285 488 4327 cessere
515 4272 708 4345 facies,
733 4273 836 4330 hoc
865 4285 985 4343 est,
1004 4284 1063 4331 ut
1102 4292 1291 4333 eorum
1331 4280 1400 4335 de
1426 4279 1607 4336 medio
1636 4280 1797 4338 tollas

220 4358 606 4432 inpudentiam,
628 4382 734 4419 non
763 4376 821 4421 ut
838 4367 1037 4423 doceas
1059 4386 1073 4423 :
1098 4368 1409 4425 laborabant
1433 4373 1579 4427 enim
1606 4373 1798 4429 morbo

218 4449 498 4511 incurabili.
514 4454 656 4512 Cum
686 4472 814 4527 ergo
844 4459 949 4515 tale
977 4458 1222 4515 viderent
1250 4463 1605 4527 miraculum,
1630 4475 1687 4520 et
1716 4466 1800 4520 ui-

218 4539 282 4598 bil
305 4558 523 4615 possent
550 4556 739 4605 cuum
766 4548 947 4621 dicere
966 4592 984 4616 ,
1027 4551 1081 4606 in
1111 4551 1286 4621 ipsum
1316 4558 1793 4624 convertebantur,

217 4630 433 4693 dicentes
459 4655 476 4693 :
506 4636 637 4693 Non
672 4639 822 4695 audis
847 4641 976 4713 quid
1000 4642 1055 4696 ιη
1077 4643 1251 4698 dicant
1282 4643 1500 4722 (uana.
1528 4646 1623 4702 2i.
1657 4650 1798 4719 lli)?
1875 4637 1884 4643 '

219 4722 277 4779 Et
296 4741 409 4781 cum
429 4738 706 4800 oporteret
732 4730 986 4802 deinceps
1012 4733 1244 4790 adorare
1265 4745 1319 4792 et
1349 4736 1628 4805 admirari,
1643 4749 1799 4795 erant

217 4817 354 4874 uide
377 4822 624 4891 perplexi
643 4831 698 4877 et
729 4823 919 4888 incerti
948 4826 1076 4896 quid
1103 4838 1357 4897 agerent,
1386 4839 1441 4884 et
1469 4844 1593 4885 cum
1629 4829 1791 4887 debe-

218 4917 323 4963 rent
342 4910 485 4968 inter
519 4927 583 4968 se
618 4913 819 4979 dicere,
839 4914 955 4973 Non
1012 4920 1164 4976 audis
1215 4921 1343 4990 quid
1383 4922 1437 4976 lti
1486 4921 1797 4981 dicunt?id

218 5003 389 5073 Ieipsis
425 5004 671 5060 dimissis
704 5005 920 5063 Christo
943 5010 1209 5066 dicebant.
1243 5012 1310 5068 Et
1339 5029 1437 5068 cur
1464 5031 1571 5069 non
1598 5017 1795 5073 emissa

219 5106 290 5149 est
306 5113 401 5153 vos
425 5099 786 5168 angelorum?
806 5101 959 5170 Quod
999 5103 1127 5158 illud
1148 5104 1366 5176 quidem
1402 5119 1674 5179 spectrum
1716 5111 1797 5165 eis

219 5188 461 5254 potuisset
486 5188 653 5246 rideri
677 5209 692 5257 ;
714 5194 781 5246 ad
812 5193 914 5248 hoc
936 5207 1113 5250 autem
1142 5197 1272 5252 nihil
1301 5209 1549 5269 poterant
1576 5210 1796 5257 contra-

220 5276 396 5335 dicere.
421 5282 562 5347 Quid
603 5293 785 5338 autem
820 5283 1070 5343 dicebant
1118 5292 1306 5359 pueri?
1332 5291 1471 5347 Nihil
1506 5309 1671 5365 grate
1706 5306 1798 5352 aut

222 5366 584 5443 importunum,
613 5378 875 5447 uec‘quod
898 5395 991 5436 eos
1013 5382 1127 5450 iure
1155 5395 1333 5454 posset
1362 5390 1678 5457 perecllere,
1701 5392 1796 5447 sed

221 5464 343 5527 quod
369 5465 486 5536 ejus
525 5482 650 5523 cum
677 5468 841 5527 Patre
873 5476 1283 5533 consensionem
1322 5483 1555 5538 tmtxime
1595 5486 1797 5556 signiti-

221 5690 586 5808 22213321“?
607 5699 733 5759 inor,
764 5699 1052 5764 signilitans.
1080 5709 1233 5761 Litera
1259 5712 1389 5764 enim
1422 5726 1453 5767 ς
1484 5716 1646 5770 literae
1667 5726 1795 5772 Gre:-

3382 289 3487 346 110

1875 422 2046 470 caret.
2071 411 2406 477 Benedictus,
2433 408 2719 477 dicebant,
2750 407 2840 481 qui
2880 403 3015 462 ﬁuit
3048 405 3104 460 in
3146 403 3353 460 nantium
3383 400 3491 458 Do-

1872 505 1999 561 mini
2028 504 2241 577 (nam.
2268 503 2363 559 et.
2389 502 2466 575 9).

1946 599 2002 655 3.
2040 595 2215 653 Judai
2260 613 2353 652 cur
2389 603 2503 668 post
2531 591 2723 651 Cln‘isti
2750 597 2963 647 mortem
2997 587 3411 645 miserabiliores.
3442 613 3487 628 -

1874 692 2029 749 'l'unc
2071 706 2204 763 ergo
2254 704 2445 747 eorum
2486 688 2730 745 coercuit
2784 680 3177 754 impudentiam
3207 680 3226 714 ⁸
3253 721 3271 748 ,
3298 692 3490 749 postea

1875 795 2056 839 autem
2079 782 2271 837 urbem
2296 794 2513 852 quoque
2537 793 2727 835 eorum
2754 772 2972 835 evertit.
3008 786 3109 828 nec
3128 779 3214 827 est
3234 770 3339 826 ulla
3366 783 3493 840 pars

1876 878 2044 934 totius
2062 875 2214 931 orbis
2230 884 2494 931 terrarum
2513 914 2531 939 ,
2560 886 2682 943 qute
2716 872 2787 926 sit
2817 867 3131 924 Judutot'um
3166 863 3495 920 calamitatis

1875 983 2072 1040 expers
2102 989 2117 1024 :
2151 968 2245 1025 sed
2274 964 2730 1040 quemadmodum
2759 961 2852 1035 qui
2886 974 3118 1032 corpore
3144 968 3229 1014 est
3277 957 3490 1023 mutila,

1876 1064 2115 1133 undique
2134 1060 2525 1129 circumcursat
2540 1073 2635 1114 sua
2661 1058 2880 1133 vulnera
2899 1060 3202 1116 ostentans,
3226 1059 3283 1106 et
3304 1064 3498 1121 quem-

1876 1132 2168 1212 admodum
2201 1152 2413 1224 judiccs
2451 1166 2575 1206 cum
2609 1132 2813 1204 multos
2856 1143 3158 1201 homicidas
3194 1141 3264 1198 de
3314 1139 3497 1195 medio

1878 1245 2218 1309 sustulerint.
2241 1259 2410 1299 unum
2459 1241 2626 1297 furcae
2678 1238 2929 1311 alligant,
2967 1244 3027 1290 ut
3081 1233 3214 1305 ipsis
3265 1228 3498 1287 mortuis

1881 1349 2155 1411 tamquam
2195 1336 2458 1392 inuictum
2496 1324 2825 1405 supplicium
2867 1331 3022 1386 vivos
3076 1335 3331 1385 coerceat
3354 1333 3410 1381 et
3439 1323 3498 1380 in

1879 1429 2060 1488 cilicio
2082 1429 2358 1486 contineat
2389 1445 2406 1483 :
2444 1429 2517 1484 ita
2548 1426 2639 1483 hic
2662 1426 2825 1491 etiam
2853 1439 2963 1480 non
2988 1432 3269 1488 mortuos;
3296 1419 3393 1475 sed
3423 1418 3496 1474 vi-

1879 1538 1980 1580 vos
2009 1522 2264 1578 omnibus
2290 1520 2598 1591 exemplum
2640 1516 2959 1590 proposuit,
2992 1528 3090 1571 eos
3139 1513 3498 1582 dispergens:

1881 1624 1937 1671 et
1961 1615 2052 1686 qui
2082 1629 2241 1669 unam
2271 1611 2584 1667 habitabant
2611 1609 2888 1680 regionem
2909 1649 2926 1671 ,
2948 1620 3093 1662 nunc
3121 1614 3247 1660 sunt
3272 1600 3502 1672 dispersi

1883 1722 1981 1779 per
2010 1717 2182 1763 totum
2218 1706 2405 1760 orbem
2435 1715 2723 1759 terrarum.
2765 1701 2833 1756 Et
2861 1697 2908 1755 si
2933 1712 3153 1755 causam
3199 1692 3502 1764 rogaveris,

1884 1799 2085 1855 nullam
2114 1798 2275 1853 aliam
2301 1795 2565 1860 invenies,
2596 1807 2757 1864 quam
2786 1789 2931 1864 quod
2969 1788 3247 1844 Christum
3282 1784 3505 1843 cruciﬁ-

1885 1890 2137 1946 iixerunt.
2159 1888 2269 1945 Cur
2289 1886 2458 1954 enim,
2485 1884 2572 1941 dic
2595 1883 2749 1950 mihi,
2775 1883 2880 1939 hoc
2909 1882 2983 1938 ita
3014 1880 3215 1936 factum
3240 1893 3346 1933 non
3377 1876 3503 1932 est?

1883 1981 1992 2042 Sed
2019 1991 2075 2037 et
2111 1980 2157 2038 si
2186 1978 2241 2037 id
2265 1976 2557 2051 aliquando
2600 1976 2801 2033 factum
2826 1982 2933 2043 est,
2979 1974 3041 2030 in
3078 1987 3239 2029 unam
3283 1977 3502 2044 gentem

1886 2074 2103 2131 abducti
2127 2080 2283 2139 sunt,
2309 2081 2366 2129 et
2392 2070 2459 2127 ad
2492 2085 2692 2143 paucos
2736 2084 2912 2125 annos
2942 2085 2959 2124 :
2990 2082 3134 2124 nunc
3170 2075 3352 2122 autem
3398 2078 3505 2120 non

1887 2165 1989 2232 sic,
2016 2163 2113 2221 sed
2135 2162 2346 2229 inﬁnito
2364 2162 2633 2235 supplicio
2656 2160 2974 2233 puniuntur.
3001 2158 3071 2215 Et
3095 2157 3142 2214 si
3166 2172 3262 2213 eos
3281 2170 3509 2227 rogave-

1888 2258 1967 2315 ris
1992 2273 2011 2312 :
2036 2254 2147 2311 Cur
2170 2254 2447 2316 Christum
2476 2251 2861 2310 crucillxistisl
2900 2249 3089 2306 dicunt
3124 2246 3312 2319 :Quod
3361 2254 3509 2302 esset

1888 2347 2147 2420 deceptor
2162 2355 2224 2404 et
2240 2345 2615 2418 praistigiator.
2633 2342 2747 2400 Vos
2759 2358 2889 2415 ergo
2904 2341 3189 2414 oportebat
3214 2345 3506 2411 propterea

1890 2440 2231 2507 bonorari,et
2248 2438 2384 2494 lines
2399 2446 2608 2493 vestros
2621 2433 3093 2507 propagari,utqui
3113 2431 3225 2487 Deo
3246 2430 3511 2487 iccissctis

1890 2549 2008 2590 rem
2037 2541 2265 2605 gratam.
2294 2529 2396 2599 Qui
2428 2528 2574 2585 enim
2602 2527 2949 2598 deceptorem
2977 2532 3034 2580 et
3062 2520 3509 2594 prmstigiatorem

1891 2640 1958 2683 ac
1981 2625 2079 2682 Dei
2098 2622 2469 2681 adversarium
2492 2619 2561 2676 de
2586 2618 2767 2675 medio
2780 2616 3081 2685 sustulerit,
3104 2615 3151 2671 is
3177 2614 3282 2670 Dei
3299 2612 3511 2668 hostem

1894 2715 2159 2776 sustulit:
2190 2715 2283 2786 qui
2329 2720 2512 2769 autem
2538 2712 2751 2767 hostem
2791 2708 3028 2772 sustulit,
3065 2707 3112 2762 is
3145 2705 3271 2778 jure
3304 2702 3514 2774 optimo

1893 2808 2164 2865 laudetur.
2203 2806 2359 2863 Nunc
2394 2814 2575 2861 autem
2615 2801 2851 2858 Phincos
2892 2798 3037 2873 quod
3065 2814 3228 2855 unam
3259 2794 3514 2853 meretri-

1895 2913 2015 2955 cem
2047 2895 2379 2954 interfecerit
2402 2893 2597 2966 (Nam.
2623 2892 2720 2952 25.
2754 2892 2842 2949 t2.
2874 2892 2990 2965 i3),
3015 2878 3219 2946 tantam
3236 2887 3451 2944 laudent
3479 2901 3514 2943 a

1898 2991 2011 3047 Deo
2035 2998 2121 3047 est
2156 2995 2525 3060 consequutus
2548 3029 2566 3053 ,
2592 2994 2653 3041 ut
2690 2984 2997 3042 sacerdotio
3021 2992 3078 3040 et
3114 2990 3265 3038 tanto
3308 2981 3516 3037 honore

1897 3083 2091 3155 dignus
2117 3079 2280 3137 fuerit
2311 3095 2328 3133 :
2362 3095 2460 3134 vos
2487 3086 2691 3141 autem,
2716 3090 2858 3148 quos
2879 3076 3051 3131 multo
3080 3072 3273 3144 majori
3306 3071 3519 3127 honore

1896 3174 2040 3230 allici
2070 3179 2380 3245 oporteret,
2402 3170 2450 3227 si
2476 3169 2639 3226 modo
2659 3168 3008 3239 deceptorem
3034 3165 3393 3231 occidisse-tis,
3422 3178 3515 3220 ero

1897 3280 2063 3323 renes
2086 3273 2141 3320 et
2163 3262 2716 3331 exsules,nullam:|ue
2742 3271 2947 3318 certam
2971 3259 3159 3317 sedem
3179 3266 3272 3313 aut
3288 3258 3519 3328 patriam

1899 3357 2199 3421 habentes,
2231 3356 2337 3411 huc
2361 3362 2417 3410 et
2447 3352 2575 3409 illuc
2608 3352 2792 3408 obitis.
2835 3352 2949 3409 Hoc
2996 3367 3126 3424 ergo
3151 3351 3297 3407 nulla
3324 3350 3427 3404 alia
3448 3348 3518 3404 de

1900 3465 2061 3508 causa
2091 3449 2232 3519 passi
2260 3449 2413 3516 estis,
2442 3462 2604 3519 quam
2630 3432 2773 3518 quod
2804 3458 3090 3518 patronum
3116 3461 3180 3501 ac
3202 3443 3517 3499 benefacto-

1899 3558 2051 3611 rem,
2082 3550 2137 3598 et
2175 3540 2425 3597 veritatis
2464 3539 2745 3595 doctorem
2795 3536 3163 3594 crucitixistis.
3216 3536 3272 3591 Si
3328 3534 3520 3590 fuisset

1899 3638 2044 3695 enim
2064 3635 2339 3703 seductor,
2375 3643 2432 3692 et
2460 3635 2557 3691 Dei
2580 3633 2960 3701 adversarius,
2992 3643 3045 3689 et
3073 3646 3195 3686 cum
3245 3628 3387 3685 Deus
3408 3641 3517 3683 non

1900 3739 2067 3794 esset,
2096 3729 2356 3785 voluisset
2381 3741 2505 3783 esse
2526 3726 2694 3793 Deus,
2735 3734 2791 3781 et
2816 3724 2993 3781 Patris
3020 3724 3282 3779 honorem
3321 3719 3391 3774 ad
3419 3734 3512 3776 se-

1901 3821 2080 3893 ipsum
2107 3820 2439 3887 attraxisset,
2458 3828 2515 3876 et
2533 3818 2740 3874 Phineo
2772 3824 2829 3873 et
2849 3816 3102 3873 Samuele
3131 3822 3187 3870 et
3210 3813 3315 3868 illis
3342 3811 3522 3866 omni-

1902 3914 2006 3970 bus
2032 3912 2271 3985 oportuit
2288 3927 2384 3968 vos
2412 3911 2584 3980 magis
2614 3906 2985 3979 honorari,qui
3007 3907 3140 3977 legis
3161 3902 3520 3961 ἀυΐειιιιιειιιιω

1904 3984 2112 4062 tantum
2149 4007 2326 4062 zelum
2348 3984 2742 4062 bsteuderetis.
2799 4001 2953 4058 Nunc
2978 4011 3159 4056 autem
3190 3998 3333 4070 quod
3363 4014 3519 4052 num-

1902 4113 2063 4170 quam
2087 4099 2227 4169 passi
2256 4097 2410 4164 estis,
2437 4111 2561 4153 cum
2581 4095 2720 4151 idola
2746 4094 3018 4155 coleretis,
3046 4107 3170 4149 cum
3194 4090 3343 4162 impii
3364 4104 3518 4147 esse-

1904 4192 1993 4258 tis,
2016 4205 2140 4246 com
2161 4188 2298 4245 filios
2324 4186 2703 4244 iuteriiceretis
2724 4227 2739 4249 ,
2773 4184 2878 4241 hoc
2909 4184 3052 4255 passi
3084 4184 3217 4239 estis
3240 4223 3255 4245 .
3287 4192 3343 4237 et
3372 4181 3520 4236 nulla

1902 4280 2062 4337 datur
2087 4282 2227 4336 ratio
2247 4296 2345 4347 vos
2370 4278 2631 4336 liberandi
2661 4293 2692 4332 a
2725 4277 2899 4339 malis,
2921 4286 2975 4332 et
3003 4289 3253 4341 errones,
3276 4274 3513 4336 exsules,

1904 4375 2227 4447 vagabundi,
2258 4384 2312 4429 et
2338 4374 2705 4431 Romanorum
2734 4371 2945 4443 legibus
2963 4371 3283 4430 servientes,
3314 4375 3518 4423 terram

1903 4477 1961 4525 et
1988 4483 2137 4523 mare
2163 4466 2347 4534 obitis,
2369 4466 2686 4538 migrantes,
2713 4465 2889 4519 nullas
2919 4472 3099 4519 certas
3124 4462 3288 4517 sedes
3306 4502 3321 4526 ,
3352 4460 3517 4515 urbes

1902 4568 1999 4615 aut
2033 4559 2225 4615 domos
2256 4558 2516 4613 habentes
2539 4599 2556 4626 ,
2587 4564 2643 4613 et
2670 4556 2724 4611 in
2745 4555 3063 4611 servitutem
3103 4552 3305 4608 redacti
3331 4592 3349 4620 ,
3379 4567 3409 4604 a
3451 4549 3521 4606 li-

1903 4651 2133 4716 bertate,
2161 4666 2190 4703 a
2232 4650 2425 4720 patria,
2470 4665 2501 4705 a
2529 4638 2873 4714 sacerdotio,
2901 4655 2959 4702 et
2998 4646 3067 4702 ab
3095 4645 3369 4712 ommbus,
3400 4659 3523 4715 qua:

1904 4744 2055 4815 prius
2091 4743 2369 4799 habebatis
2388 4784 2404 4809 ,
2449 4741 2667 4814 expulsi
2708 4741 2862 4808 estis,
2893 4741 2947 4797 in
2974 4739 3170 4795 mediis
3193 4726 3438 4795 barbaris
3467 4747 3525 4795 et

1902 4836 2155 4907 gentibus
2235 4835 2533 4892 innumeris
2586 4832 2847 4905 dispersi,
2902 4832 3155 4888 omnibus
3210 4830 3524 4887 hominibus

1903 4928 2085 4995 exosi,
2120 4929 2437 4985 exsecrandi
2461 4971 2477 4995 ,
2500 4939 2558 4984 et
2574 4926 2824 4984 omnibus
2842 4926 2911 4989 ad
2932 4926 3184 4996 injuriam
3205 4924 3520 4996 opporttuii.

1904 5018 1974 5075 Et
2018 5021 2215 5074 merito
2272 5019 2538 5089 quidem:
2575 5035 2684 5075 non
2736 5018 2883 5075 enim
2938 5018 3161 5091 praemia
3208 5015 3520 5088 accepistis,

1904 5111 2048 5183 quod
2079 5113 2171 5169 Dei
2203 5112 2478 5168 inimicum
2523 5111 2831 5168 occideritis
2869 5128 2885 5165 :
2932 5110 3038 5167 hoc
3080 5123 3233 5165 mera
3258 5119 3344 5165 est
3373 5110 3519 5165 insae

1904 5204 1994 5260 nia
2023 5214 2078 5261 et
2098 5220 2275 5275 nugze.
2309 5203 2442 5275 Qua:
2468 5205 2614 5261 enim
2646 5219 2789 5259 nunc
2813 5202 3091 5275 patimini,
3125 5219 3235 5258 non
3265 5211 3394 5258 sunt
3422 5216 3523 5258 eo-

1904 5313 2024 5353 rum
2045 5298 2136 5369 qui
2171 5297 2262 5353 Dei
2306 5297 2555 5354 iuimicos
2583 5297 2870 5363 occidunt,
2907 5295 3004 5353 scd
3043 5311 3232 5352 eorum
3263 5294 3354 5366 qui
3382 5296 3524 5351 ωιιὶ-

1905 5404 2001 5446 cos
2040 5391 2373 5447 interimunt.
2431 5390 2563 5457 Sed,
2609 5407 2643 5445 ο
2682 5390 2877 5458 amice,
2924 5390 3208 5462 inquiunt,
3250 5389 3369 5446 ha-c
3414 5405 3524 5445 non

1904 5484 2136 5541 dicimus
2167 5501 2181 5538 :
2210 5494 2431 5557 propter
2450 5496 2633 5540 nostra
2653 5495 2872 5557 peccata
2896 5483 3014 5541 lucc
3047 5484 3281 5555 patimur
3306 5483 3349 5536 ³.
3374 5482 3529 5538 Nunc

1970 5665 1986 5698 ¹
2012 5671 2120 5715 Post
2140 5677 2331 5737 vocem,
2746 5665 2798 5716 in
2835 5661 3000 5715 Morel.
3025 5661 3238 5723 additur,
3259 5658 3526 5724 Scriptura:

1906 5724 2059 5778 allato
2079 5733 2361 5779 testrmomo.

1972 5792 1995 5824 ³
2029 5796 2139 5842 utet:
2164 5798 2240 5843 est
2264 5789 2411 5843 lectio
2440 5790 2624 5844 codicis
2647 5797 2716 5853 8.,
2745 5789 2944 5854 jtobata
2978 5801 3007 5840 a
3038 5787 3212 5842 sat-ilio
3236 5788 3284 5839 iu
3302 5790 3449 5848 notis,
3472 5793 3524 5836 et
