4154 6464
648 409 773 479 ιιι,

645 516 975 580 conﬁtemini
1030 508 1333 571 increduli?
1386 517 1444 565 et
1488 518 1732 577 quanam
1792 496 2091 572 peecastis?
2138 494 2221 551 An

647 629 793 671 nunc
834 611 1061 680 primum
1115 601 1415 677 peccastis?
1450 598 1600 671 Nunc
1639 602 1787 651 certe
1835 590 2227 680 moderatiores

647 678 914 759 evasistis.
955 697 1061 756 Sed
1098 694 1333 751 nondum
1365 692 1469 747 hoc
1494 689 1703 759 agimus
1735 707 1749 741 :
1777 691 1834 739 at
1873 695 1971 737 vos
2009 678 2136 734 illud
2164 678 2229 734 li-

594 840 597 841 ν
649 797 839 852 brnter
878 795 1293 861 interrogarem,
1339 800 1436 841 cur
1479 782 1625 853 prius
1663 791 1876 850 semper
1924 780 2227 845 peccantes,

654 888 747 942 Dei
777 883 1154 954 benignitatem
1184 888 1238 935 et
1268 873 1603 932 clementiam
1645 867 1919 931 sensistis,
1950 877 2091 919 nunc
2115 875 2233 954 au-

653 988 759 1031 tem
778 990 882 1030 non
904 952 1107 1035 itidem,
1130 980 1183 1025 et
1207 967 1347 1039 quod
1377 973 1460 1019 est
1483 959 1869 1021 admirabilius,
1890 968 2029 1010 nunc
2056 952 2233 1008 mino-

652 1084 710 1124 ra
726 1074 941 1141 peccata
954 1059 1385 1119 committentes?
1398 1057 1441 1113 Τ
1446 1072 1548 1111 unc
1562 1055 1705 1111 enim
1722 1062 1777 1107 et
1793 1044 2237 1141 Beeljiltegorln-

654 1133 944 1214 ιιιὲιηηιίιιι
967 1152 1151 1225 (Nunt.
1172 1150 1292 1216 ss),
1312 1158 1365 1203 et
1380 1146 1601 1203 vitulum
1623 1140 1882 1197 adorastis
1900 1136 2093 1207 (tam.
2114 1133 2230 1205 sa),

652 1260 711 1306 et
736 1248 871 1303 ﬁlios
888 1244 1179 1311 Occidistis,
1210 1252 1265 1299 et
1288 1241 1424 1297 tilias
1447 1240 1515 1297 de
1540 1236 1719 1293 medio
1742 1232 2034 1289 sustulistis
2060 1228 2231 1301 (Psal.

656 1340 781 1395 {05.
808 1338 899 1393 57.
931 1337 1047 1406 58),
1070 1334 1226 1403 idque
1252 1346 1373 1388 cum
1397 1329 1547 1385 vobis
1574 1328 1723 1398 signa
1748 1323 1959 1381 abunde
1985 1330 2235 1391 suppeteo

656 1439 777 1484 rent
810 1444 825 1481 :
851 1441 992 1482 nunc
1019 1432 1199 1480 autem
1218 1438 1338 1477 cum
1364 1436 1465 1477 nec
1500 1418 1723 1478 videatis
1752 1430 1902 1471 mare
1929 1412 2112 1477 dividi,
2138 1425 2237 1467 nec

658 1526 861 1589 petram
891 1516 1078 1586 frangi,
1104 1529 1205 1571 nec
1217 1513 1405 1570 adesse
1427 1510 1713 1583 prophetas
1736 1507 1939 1585 (Exod,
1956 1506 2023 1562 ﬂ
2048 1514 2097 1560 et
2124 1502 2236 1575 i‘l),

657 1624 758 1665 nec
800 1608 963 1664 vestri
1003 1614 1313 1662 consuetam
1357 1602 1600 1659 sentiatis
1630 1599 2038 1672 providentiam,
2071 1597 2241 1669 major

661 1708 840 1755 tamen
873 1705 1125 1767 appareat
1163 1694 1400 1767 probitas
1428 1710 1442 1747 :
1473 1707 1717 1763 quaenam
1751 1700 1831 1746 est
1870 1704 2068 1753 causa,
2098 1685 2241 1758 quod

558 1838 563 1841 .
661 1788 876 1861 quando
896 1789 1069 1842 minus
1095 1786 1345 1857 peccatis,
1364 1795 1420 1843 et
1435 1784 1606 1855 major
1623 1791 1707 1839 est
1729 1796 1903 1837 vestra
1923 1780 2239 1846 moderatio,

662 1880 835 1951 major
861 1880 930 1934 sit
959 1894 1114 1949 pinna
1138 1893 1202 1936 ac
1219 1878 1533 1948 supplicium
1551 1877 1574 1929 ?
1594 1871 1785 1931 Annon
1813 1875 1893 1930 vel
1932 1874 2106 1929 stultis
2128 1872 2243 1927 cla-

663 1986 783 2027 rum
811 1981 913 2036 est,
954 1971 1006 2024 id
1053 1970 1174 2027 ideo
1214 1969 1349 2034 ﬁeri,
1373 1969 1621 2041 quoniam
1658 1966 1831 2037 majus
1873 1975 1958 2021 est
2007 1974 2244 2021 vestrum

664 2057 806 2117 nunc
838 2071 1109 2133 pecudum
1130 2061 1156 2115 τ
1180 2059 1441 2129 Quamdiu
1481 2058 1625 2114 enim
1671 2057 1724 2111 in
1753 2069 1937 2111 servos
1964 2056 2243 2127 peccastis,

666 2158 876 2214 veniam
901 2156 1349 2225 estis-assequitti,
1378 2162 1436 2209 ιιι
1459 2168 1579 2209 cum
1607 2150 1895 2223 prophetas
1916 2149 2245 2207 interﬁcere-

669 2248 739 2303 tis
763 2257 818 2304 et
842 2247 1102 2318 lapidibus
1131 2245 1494 2317 impeterctis;
1529 2244 1623 2301 sed
1654 2252 1931 2314 postquam
1974 2254 2166 2297 manus
2193 2241 2248 2298 in

671 2338 950 2396 Dominum
981 2336 1268 2405 injecistis,
1299 2336 1450 2392 vobis
1473 2336 1727 2407 deinceps
1752 2336 1925 2392 evasit
1962 2334 2115 2391 uicus
2151 2334 2251 2390 im-

670 2428 1005 2484 medicabile.
1036 2428 1105 2484 Et
1152 2428 1275 2483 ideo
1297 2427 1664 2499 quadringenti
1686 2427 1797 2498 jam
1830 2426 1955 2483 anni
1990 2425 2252 2497 prateric-

670 2525 816 2581 runt,
839 2533 904 2572 ex
929 2533 1036 2589 quo
1054 2517 1282 2572 civitatis
1306 2517 1389 2574 vel
1415 2517 1587 2587 ipsum
1616 2517 1791 2571 solum
1818 2516 1975 2586 periit
1992 2512 2091 2589 (α),
2120 2513 2251 2571 sub-

673 2608 838 2666 latum
862 2619 943 2665 est
972 2608 1326 2674 sacerdotium
1351 2651 1367 2671 ,
1398 2624 1620 2679 regnum
1659 2608 1942 2679 abruptum
1960 2650 1976 2671 ,
2016 2606 2254 2665 confusa:

674 2700 873 2763 tribus.
906 2701 1159 2771 przeclara
1190 2701 1277 2757 illa
1307 2709 1362 2757 et
1398 2701 1673 2771 magniﬁca
1700 2704 2069 2765 evanuerunt,
2091 2706 2147 2754 et
2185 2711 2255 2753 ne

674 2793 953 2862 vestigium
976 2792 1189 2861 quidem
1213 2800 1297 2848 est
1322 2791 1460 2863 apud
1481 2806 1577 2848 vos
1602 2789 1865 2862 reliquum
1889 2808 1903 2846 :
1926 2789 2069 2861 quod
2094 2782 2254 2845 num-

674 2899 833 2954 quam
862 2892 986 2939 ante
1007 2882 1200 2938 factum
1220 2891 1324 2938 est.
1365 2883 1471 2939 Sed
1498 2886 1551 2937 in
1579 2881 1841 2952 principio
1868 2880 2083 2952 quidem
2132 2895 2256 2937 cum

676 2974 911 3030 dirutum
964 2983 1110 3030 esset
1161 2974 1440 3044 templum,
1499 2972 1844 3028 remanebant
1871 2970 2176 3041 prophetat,
2204 2979 2261 3028 et

673 3063 905 3135 Spiritus
930 3063 1092 3130 dona,
1119 3073 1175 3120 et
1200 3063 1449 3119 miracula
1475 3080 1490 3118 :
1517 3077 1657 3117 nunc
1675 3069 1853 3118 autem
1876 3103 1893 3127 ,
1922 3072 1978 3116 ut
2005 3062 2148 3118 clare
2172 3062 2259 3117 in-

666 3144 930 3225 telligatis
959 3154 1122 3209 Deum
1154 3168 1249 3209 vos
1271 3168 1394 3209 esse
1421 3164 1679 3223 perpetuo
1697 3163 2019 3217 aversatum,
2038 3168 2101 3209 ea
2125 3166 2261 3223 quo-

685 3263 794 3319 que
833 3248 1041 3303 sublata
1096 3255 1221 3303 sunt
1252 3266 1266 3303 :
1302 3261 1365 3303 ac
1404 3248 1635 3303 servitus
1681 3244 1855 3310 adest,
1887 3244 2165 3316 captivitas
2205 3254 2263 3302 et

679 3354 859 3396 rerum
886 3340 1122 3393 omnium
1151 3339 1378 3397 eversio.
1409 3346 1468 3394 et
1482 3337 1627 3409 quod
1642 3347 1725 3395 est
1748 3337 1987 3393 omnium
2011 3336 2265 3409 gravissi-

679 3443 850 3496 mum,
883 3427 975 3484 Dei
1002 3443 1032 3481 a
1065 3428 1212 3483 vobis
1239 3430 1495 3485 recessio.

751 3521 807 3577 4.
848 3524 925 3576 Ac
951 3521 1171 3590 perinde
1194 3521 1319 3577 fecit
1338 3522 1496 3586 Deus.
1519 3530 1574 3577 nt
1612 3522 1657 3578 si
1688 3523 1803 3591 quis
1831 3538 2042 3593 servum
2082 3522 2263 3594 ingra-

681 3620 823 3677 tum,
849 3626 991 3681 saepe
1020 3610 1198 3683 ﬁagris
1223 3626 1422 3668 cassum
1451 3623 1505 3667 et
1530 3628 1636 3668 non
1664 3622 1963 3668 correctum
1982 3655 1997 3677 ,
2023 3613 2262 3670 vestibus

680 3712 919 3769 exutum,
947 3704 1144 3757 nudum
1165 3746 1180 3768 ,
1208 3703 1503 3773 desertum,
1534 3704 1902 3775 vagabundum
1931 3720 2113 3761 errare
2138 3721 2264 3775 per-

682 3793 938 3858 mitteret,
991 3794 1380 3849 mendicantem
1416 3803 1470 3849 et
1519 3795 1753 3865 undique
1790 3795 2039 3864 ejecmm.
2094 3797 2265 3853 Antea

684 3893 863 3937 autem
894 3896 980 3938 res
1009 3892 1199 3937 vestrm
1230 3898 1336 3937 non
1364 3883 1434 3936 ita
1460 3898 1520 3938 se
1545 3883 1829 3958 habebant,
1858 3884 1952 3939 sed
1990 3885 2129 3951 apud
2168 3900 2264 3941 vos

684 3982 840 4039 erant
868 3972 1141 4042 propheta!
1172 3992 1185 4026 :
1216 3974 1267 4027 in
1289 3972 1544 4045 Egyptn,
1585 3961 1851 4045 Babylone
1867 3976 1984 4029 etin
2011 3975 2260 4032 deserto:

681 4049 857 4120 “rises
884 4065 937 4120 in
968 4064 1218 4135 Egypto,
1244 4064 1297 4118 in
1327 4065 1597 4137 Babylone
1630 4066 1810 4121 Daniel
1836 4075 1892 4122 et
1912 4066 2177 4130 Ezechiel,
2210 4067 2263 4122 in

683 4156 918 4230 Egypto
941 4173 1123 4211 rursus
1145 4156 1405 4213 Jeremias
1432 4175 1449 4212 :
1473 4165 1527 4212 et
1548 4156 1799 4211 miracula
1816 4157 2023 4227 adjecta
2037 4158 2266 4214 miracu-

689 4248 777 4312 lis,
807 4248 1107 4318 clariorque
1133 4258 1188 4303 et
1213 4248 1470 4303 illustrior
1488 4262 1623 4318 gens
1646 4248 1844 4310 evasit,
1865 4262 1988 4303 cum
2019 4264 2083 4305 es
2112 4250 2266 4305 vobis

684 4340 774 4410 qui
802 4340 995 4409 captivi
1018 4348 1172 4393 erant
1192 4342 1404 4410 regibus
1428 4347 1612 4394 essent
1632 4339 1959 4408 superiores.
1986 4338 2092 4395 Sed
2125 4354 2267 4397 nunc

684 4433 772 4488 illa
802 4434 981 4489 omnia
1009 4432 1311 4501 perierunt,
1342 4439 1395 4486 et
1428 4431 1745 4501 supplicium
1773 4439 1856 4486 est
1883 4431 2098 4501 gravius
2121 4432 2269 4501 prio.

683 4527 852 4591 ribus,
881 4540 987 4581 non
1015 4524 1189 4579 solum
1217 4531 1432 4593 propter
1458 4521 1842 4591 longitudinem
1865 4521 2143 4594 tempuis,
2170 4522 2267 4579 sed

683 4615 845 4669 etiam
866 4616 988 4684 quia
1012 4614 1143 4670 estis
1176 4613 1410 4685 undique
1440 4611 1701 4668 derelicti.
1739 4612 1980 4681 Quanam
2030 4629 2159 4684 ergo
2200 4614 2269 4669 de

682 4720 863 4769 mnu,
903 4704 1008 4769 die,
1057 4718 1264 4775 quaeso,
1294 4703 1506 4774 quando
1550 4704 1701 4774 plura
1752 4704 2072 4775 peccabatis,
2124 4713 2267 4759 tanta

684 4798 845 4851 vestri
874 4804 992 4851 erat
1022 4810 1148 4851 cura
1180 4810 1259 4851 ac-
1300 4782 1630 4865 providentia
1662 4813 1677 4850 :
1706 4796 1921 4867 quando
1950 4804 2128 4851 autem
2170 4811 2269 4867 pro

683 4889 803 4959 lege
838 4889 955 4945 zelo
981 4888 1192 4946 accensi
1219 4891 1389 4955 estis,
1417 4888 1559 4959 passi
1589 4889 1719 4945 estis
1744 4890 1986 4961 graviora
2003 4890 2029 4942 ἓ
2056 4889 2137 4945 Ex
2167 4892 2269 4946 hoc

682 4982 826 5037 enim
878 4981 1042 5036 Deum
1080 4979 1347 5035 damnatis
1395 4978 1703 5050 iniustitize,
1759 4980 1900 5050 quod
1954 4989 2268 5051 peccatores

683 5070 901 5142 quidem
931 5070 1221 5126 honoraret
1239 5110 1255 5135 ,
1287 5084 1384 5125 ens
1409 5078 1589 5125 autem
1618 5069 1795 5141 quise
1829 5078 1979 5126 recte
1998 5081 2051 5125 et
2071 5085 2140 5127 ex
2162 5070 2270 5125 vir-

685 5170 797 5217 tute
824 5161 1079 5233 gerebant
1113 5160 1402 5232 ignomiuia
1428 5159 1686 5217 olfecerit.
1732 5156 1791 5214 Si
1833 5160 1976 5214 enim
2008 5160 2271 5229 imposta—

685 5266 823 5319 rem,
855 5260 915 5307 ut
960 5250 1158 5319 dicitis,
1210 5250 1521 5320 sustulistis,
1568 5265 1667 5307 vos
1708 5258 1868 5333 recte
1909 5264 1973 5305 ac
2012 5250 2270 5323 praeclare
2320 5285 2323 5291 ε

693 5377 884 5446 ιιυτςιιι
913 5390 926 5426 :
954 5380 1101 5446 Reg,
1125 5377 1286 5446 9911).,
1322 5385 1387 5446 et_
1406 5376 1559 5429 Savil.
1590 5378 1720 5429 Edit.
1745 5392 1759 5428 :
1783 5379 1885 5430 Sed
1906 5392 2014 5431 cum
2037 5378 2160 5446 talia
2179 5395 2269 5433 nos

687 5437 952 5548 mitur,
994 5437 1090 5503 ip'si
1119 5437 1284 5491 dicunt
1303 5452 1321 5489 :
1346 5438 1559 5501 Propter
1596 5449 1763 5492 nostra
1800 5447 2001 5505 peccata
2037 5443 2140 5494 hinc
2178 5457 2271 5507 pa-

728 5512 857 5549 ιιιιιν.
1319 5529 1324 5532 ·
2206 5544 2211 5548 .

687 5565 942 5678 ὥραν
965 5570 1177 5635 erratum
1201 5562 1404 5613 exhibet
1438 5562 1800 5635 ghrysoswmus
1840 5564 1893 5615 in
1928 5564 2065 5616 libris
2099 5572 2268 5618 contra

877 5664 891 5678 .
915 5637 1029 5678 auia
1064 5623 1421 5678 cbrouoloalam
1443 5623 1529 5675 ille
1564 5636 1658 5675 non
1682 5623 1887 5676 multum
1915 5630 2131 5677 curabat.
2151 5636 2267 5677 Cum

877 5625 1029 5693 .quia
1064 5623 1421 5693 οδεςξιιοιοςιιαι
1443 5623 1544 5693 υἱέ
1564 5636 1658 5675 non
1682 5623 1887 5693 multum
1915 5630 2131 5693 curabat.
2151 5636 2267 5693 cum

685 5692 818 5739 enim
855 5684 947 5749 has'
979 5684 1377 5749 Expositiones'ln
1398 5684 1608 5738 Psalmos
1631 5686 1907 5749 Antiochiae,
1930 5694 1986 5737 ut
2007 5688 2056 5737 in
2094 5687 2265 5749 trala-

685 5753 820 5802 tione
839 5747 1032 5811 dictum
1048 5746 1280 5811 ediderit,
1319 5748 1399 5798 vix
1436 5748 1645 5811 ueceuti
1669 5749 1864 5811 triginta
1885 5751 1998 5801 anui
2018 5747 2263 5802 numerari

686 5819 912 5876 poterant
926 5810 990 5861 ab
1012 5805 1203 5860 excidio
1224 5805 1306 5860 illo
1327 5805 1747 5872 Jerosolymoruml

1354 392 1410 451 Β.
1450 386 1730 450 ιοΑΝΝιε
1762 379 2241 444 ΟΒΒἹΒΟΞΤΟΞΙΙ
2277 376 2594 435 ARCHIEP.
2633 371 3170 433 CONSTANTINOP.

2336 490 2577 563 gessistis
2616 491 2771 553 :vel.
2799 489 2845 544 si
2865 488 3041 560 justus
3060 484 3329 555 estDcus,
3358 495 3417 542 ut
3442 492 3701 543 cerch
3721 483 3937 557 justus,

2334 583 2603 639 honorare
2652 595 2751 636 vos
2782 576 3087 650 oportebat,
3128 592 3237 634 non
3289 577 3556 649 castigare
3590 594 3606 633 :
3644 578 3690 632 si
3739 585 3939 635 aute-

2334 676 2577 745 astigat,
2604 673 2805 728 clarum
2825 680 2909 728 est
2928 680 3105 727 vestra
3128 685 3269 725 nunc
3284 684 3406 727 esse
3420 669 3669 740 graviora
3682 676 3934 742 poema.

2337 768 2395 824 Si
2421 783 2551 824 vero
2570 780 2711 821 nunc
2737 780 2839 821 nec
2864 763 3008 834 impii
3029 763 3201 831 estis,
3232 777 3332 817 nec
3356 762 3514 827 ﬁlios,
3547 771 3606 817 ut
3648 771 3793 827 ante,
3841 774 3939 815 sa-

2337 860 2610 925 crificatis,
2638 856 2903 927 quodnam
2929 855 3185 911 estaliud
3204 864 3479 925 peccatum
3499 894 3517 920 ,
3546 863 3763 925 propter
3783 851 3940 923 quod

2336 953 2579 1023 graviora
2602 950 2744 1021 passi
2771 950 2939 1005 estis?
2968 950 3161 1004 Annon
3193 958 3277 1003 est
3326 946 3573 1013 evidens,
3609 946 3789 1002 crucis
3808 956 3949 1001 m-

2339 1054 2446 1100 eta:
2472 1042 2644 1098 scelus
2689 1054 2813 1096 esse
2852 1039 3018 1096 veluti
3055 1036 3341 1109 quemdam
3378 1035 3732 1107 colopboncm
3768 1036 3952 1092 maio-

2340 1132 2500 1189 rum?
2545 1132 2655 1189 Hoc
2682 1133 2852 1203 magis
2881 1145 2978 1187 vos
3003 1132 3238 1203 perdidit
3278 1144 3439 1202 quam
3468 1129 3733 1186 idolorum
3759 1141 3816 1187 et
3855 1129 3950 1185 vi-

2342 1224 2437 1279 tuli
2467 1225 2644 1280 cultus
2668 1232 2723 1280 et
2770 1224 2997 1280 ﬁliorum
3022 1224 3242 1280 occisio.
3288 1223 3408 1280 Non
3438 1224 3584 1280 enim
3627 1224 3778 1295 paria
3806 1229 3953 1280 sunt

2342 1313 2478 1380 haec.
2508 1316 2673 1370 lilium
2694 1331 2849 1372 suum
2876 1315 3203 1383 interﬁcere,
3228 1325 3285 1374 et
3318 1317 3601 1373 Dominum
3629 1331 3787 1373 suum
3808 1331 3953 1373 cru-

2342 1408 2577 1480 ciﬁgere.
2616 1407 2907 1480 Propterea
2926 1407 3141 1480 quando
3168 1410 3307 1465 ﬁlios
3319 1409 3622 1473 occidebas,
3641 1411 3857 1465 veniam
3881 1423 3953 1465 es

2342 1512 2704 1572 consequutus
2731 1521 2745 1556 :
2774 1502 2869 1559 sed
2893 1500 3107 1573 quando
3141 1502 3235 1558 Dei
3262 1500 3457 1558 Filium
3482 1510 3540 1558 et
3568 1511 3715 1557 tuum
3738 1500 3944 1558 Domi-

2345 1610 2472 1651 num
2498 1594 2763 1661 occidisti,
2794 1596 3072 1668 castigaris
3098 1583 3355 1666 deinceps
3379 1594 3583 1661 absque
3614 1595 3723 1651 uiIa
3745 1596 3938 1651 venia.

2420 1686 2559 1753 Quor
2578 1688 2700 1741 anni
2719 1685 2780 1740 ab
2803 1687 2940 1741 exitu
2963 1702 3026 1741 es
3043 1683 3276 1757 Επριο
3300 1688 3368 1740 ad
3384 1683 3661 1742 Christum.
3690 1716 3764 1728 -
3786 1687 3959 1755 Quos
4058 1732 4065 1733 κ

2346 1784 2477 1832 sunt
2524 1776 2650 1831 anni
2690 1776 2760 1832 ab
2789 1778 2934 1834 exitu
2968 1793 3035 1834 ex
3064 1776 3299 1849 Egypto
3341 1792 3511 1850 usque
3552 1778 3620 1835 ad
3648 1779 3954 1835 adventum

2347 1868 2591 1926 Christi?
2616 1869 2759 1927 ιιιιιε
2788 1879 2841 1927 et
2865 1871 3139 1943 quingenti
3165 1881 3313 1942 puto,
3338 1880 3396 1928 et
3414 1871 3617 1942 pitu-es.
3656 1872 3971 1941 Quomodo~

2349 1976 2479 2033 ergo
2500 1962 2551 2017 in
2579 1962 2662 2017 his
2689 1963 3049 2020 omnibusvos
3075 1974 3364 2036 peccantes
3395 1977 3587 2034 passus
3625 1972 3710 2020 est
3743 1983 3757 2021 :
3799 1980 3957 2022 nunc

2350 2062 2528 2129 autem
2555 2067 2650 2109 vos
2675 2053 2887 2125 abjecit.
2919 2054 3133 2126 quando
3152 2054 3383 2110 maxime
3397 2068 3657 2111 coronare
3680 2056 3967 2125 oportuit,

2351 2147 2452 2202 etsi
2476 2146 2640 2201 multa
2667 2146 3023 2218 peccassetis?
3044 2146 3365 2203 Praeclarum
3380 2148 3523 2203 enim
3540 2155 3685 2205 esset
3702 2156 3955 2204 vestrum

2353 2238 2582 2306 facinus,
2609 2239 2653 2295 si
2678 2239 3021 2313 deceptorem
3049 2238 3403 2296 occidissetis.
3430 2228 3565 2296 Cum
3616 2239 3720 2295 hoc
3762 2250 3958 2295 autem

2354 2347 2497 2389 ntmc
2548 2331 2768 2387 sabbata
2811 2331 3101 2388 observare
3138 2330 3411 2397 videmini,
3436 2340 3493 2387 et
3539 2330 3681 2386 idola
3723 2330 3961 2388 minimo

2356 2423 2609 2491 adoratis,
2637 2422 2847 2494 aliaque
2884 2436 3104 2479 servare
3143 2436 3338 2493 magno
3378 2420 3556 2477 studio
3598 2420 3956 2478 contenditis.

2356 2515 2585 2585 Quando
2610 2531 2739 2589 ergo
2767 2525 2823 2572 et
2847 2516 2954 2571 vita
2991 2525 3170 2572 vestra
3196 2523 3281 2571 est
3307 2514 3501 2571 melior
3519 2556 3535 2578 ,
3565 2524 3620 2570 et
3647 2522 3761 2573 tam
3804 2528 3960 2584 pras-

2357 2610 2585 2677 clarum,
2609 2618 2667 2664 ut
2688 2607 2887 2685 dicitis,
2913 2607 3119 2667 facinus
3134 2605 3356 2673 fecistis,
3377 2613 3507 2661 tunc
3529 2604 3714 2660 ultima
3736 2604 3965 2674 [utimi-

2358 2700 2434 2757 ni.
2460 2701 2596 2771 Quid
2637 2700 2738 2757 hac
2782 2699 2988 2756 insania
3029 2698 3192 2755 fuerit
3235 2696 3511 2755 deterius?
3539 2696 3667 2768 quid
3710 2695 3815 2773 hac
3853 2695 3961 2751 de-

2360 2793 2580 2860 mentis,
2620 2791 2762 2864 quod
2789 2806 2913 2848 eum
2944 2804 3042 2846 vos
3090 2788 3381 2845 defendere
3431 2786 3627 2851 velitis,
3654 2784 3965 2843 maledictis

2363 2885 2532 2942 Deum
2569 2883 2942 2941 insectamini?
2968 2882 3028 2939 Si
3052 2881 3197 2938 enim
3222 2878 3368 2952 quod
3393 2878 3653 2936 adversus
3680 2876 3967 2934 Christum

2363 2977 2661 3049 peccastis,
2701 2992 2809 3033 non
2845 2983 2932 3032 est
2974 2974 3079 3031 illis
3107 2971 3359 3031 omnibus
3387 2970 3646 3036 deterius,
3673 2969 3771 3026 sed
3818 2968 3874 3025 id
3930 2983 3965 3023 a

2360 3070 2535 3138 vobis,
2556 3078 2619 3125 ut
2651 3068 2851 3133 dicitis,
2889 3069 3034 3140 juste
3068 3065 3267 3125 factum
3308 3075 3393 3121 est
3421 3081 3439 3120 :
3466 3079 3563 3122 cur
3607 3077 3709 3121 vos
3734 3063 3967 3136 quidem

2363 3163 2514 3234 punit
2535 3204 2551 3228 ,
2581 3161 2662 3217 sic
2682 3170 2830 3218 recte
2852 3174 2950 3216 vos
2976 3168 3224 3231 gerentes
3243 3199 3260 3227 ,
3287 3156 3636 3230 peccantibus
3657 3166 3840 3214 autem
3865 3172 3969 3228 po-

2364 3255 2574 3328 percit‘i
2593 3254 2706 3311 Hoc
2756 3269 2865 3309 non
2914 3252 3089 3309 solum
3136 3252 3298 3319 licus,
3331 3249 3428 3307 sed
3466 3264 3568 3306 nec
3603 3248 3752 3308 ullus.
3791 3248 3967 3324 homo

2365 3349 2561 3405 mentis
2584 3360 2811 3420 compos
2844 3344 3019 3402 facere
3038 3344 3091 3399 in
3111 3343 3349 3398 animum
3378 3341 3667 3398 induxerit.
3688 3339 3798 3398 Sed
3814 3335 3965 3416 quid

2366 3437 2434 3494 ad
2462 3439 2578 3494 bare
2599 3436 2819 3493 dicunt?
2847 3434 3062 3506 Disjecti
3085 3448 3293 3500 sumus,
3321 3440 3382 3489 ut
3405 3446 3647 3488 essemus
3673 3431 3823 3487 orbis
3851 3442 3968 3488 tero

2366 3544 2443 3585 ra:
2471 3528 2741 3584 doctores.
2771 3526 2935 3598 Nuga
2960 3532 3087 3581 sunt
3120 3525 3256 3589 haec,
3284 3532 3340 3579 et
3378 3522 3612 3593 ineptire.
3666 3521 3777 3578 Eos
3811 3522 3965 3579 enim

2366 3620 2458 3692 qui
2480 3619 2654 3687 futuri
2669 3625 2795 3673 sunt
2816 3616 3089 3683 doctores,
3114 3629 3175 3671 se
3203 3615 3351 3685 prius
3374 3621 3523 3669 recte
3544 3613 3780 3685 gessisse
3794 3629 3967 3684 opor-

2369 3710 2490 3776 tuit,
2523 3719 2577 3764 et
2596 3718 2724 3763 tunc
2745 3692 2816 3761 ad
2836 3706 2887 3761 id
2916 3705 3092 3761 mitti:
3118 3704 3419 3775 cujusmodi
3446 3701 3663 3760 fuerunt
3681 3704 3966 3776 propr

2369 3811 2426 3859 et
2449 3801 2699 3873 apostoli.
2750 3798 2884 3855 Cum
2924 3807 3105 3857 autem
3142 3798 3244 3869 ipsi
3284 3798 3403 3875 sint
3421 3797 3659 3869 perversi
3684 3838 3699 3862 ,
3724 3806 3781 3853 et
3808 3798 3966 3853 omni

2368 3892 2498 3948 vitio
2518 3889 2701 3948 referti
2720 3930 2736 3957 ,
2764 3888 3036 3961 quomodo
3061 3886 3131 3944 ad
3162 3887 3463 3944 docendum
3488 3887 3641 3945 missi
3665 3889 3830 3945 sunt?
3866 3889 3967 3945 Vi-

2369 3982 2592 4038 deamus
2617 3995 2747 4054 ergo
2774 3980 2946 4051 qualis
2978 3993 3167 4037 eorum
3196 3978 3358 4037 fuerit
3382 3980 3489 4036 vita
3513 3996 3635 4051 qum
3660 3984 3963 4052 pracessit.

2370 4074 2705 4131 inveniemus
2728 4073 2872 4130 enim
2901 4086 2997 4128 eos
3024 4070 3219 4128 belluis
3239 4070 3403 4127 fuisse
3427 4072 3794 4129 immaniores.
3818 4072 3964 4129 Nam

2369 4173 2428 4221 et
2452 4164 2749 4234 parricida,
2778 4172 2833 4219 et
2860 4163 3150 4219 liberorum
3167 4160 3558 4228 interfectores,
3586 4162 3965 4237 idolorumque

2370 4255 2622 4322 cultores,
2655 4263 2713 4310 et
2738 4254 3034 4310 alienorum
3067 4252 3332 4309 bonorum
3371 4262 3724 4324 occupatores
3768 4254 3964 4324 fuere;

2371 4361 2556 4403 eorum
2583 4354 2761 4403 autem
2790 4354 2914 4401 sunt
2935 4344 3109 4415 plenae
3138 4344 3451 4415 prophetia.
3472 4349 3552 4401 Ac
3579 4355 3815 4402 vestram
3836 4347 3965 4419 qui-

2370 4438 2495 4496 dem
2519 4437 2793 4494 libidincm
2820 4435 3126 4507 signiﬁcans
3151 4436 3435 4503 Jeremias,
3460 4435 3673 4493 dicebat
3701 4455 3717 4492 :
3746 4436 3886 4509 Equi
3907 4439 3964 4493 its

2372 4545 2525 4598 quas
2552 4530 2856 4584 insanientes
2880 4527 3007 4597 [acti
3045 4536 3163 4582 sunt
3193 4544 3214 4581 :
3240 4526 3584 4596 unusquisque
3611 4528 3871 4584 hinniebat
3892 4528 3967 4584 ad

2372 4639 2581 4678 mrem
2630 4621 2848 4693 proximi
2900 4618 3034 4689 (λιιι.
3066 4620 3121 4676 5.
3146 4619 3227 4689 8).
3282 4618 3422 4688 Quid
3467 4618 3571 4676 hac
3603 4620 3766 4679 fuerit
3809 4624 3967 4696 pejus

2373 4713 2752 4771 immunditia?
2790 4712 2905 4769 Non
2934 4713 3078 4769 enim
3098 4722 3159 4768 ut
3185 4712 3428 4770 homines
3451 4728 3573 4770 cum
3596 4717 3711 4772 suis
3734 4717 3965 4774 invicem

2374 4807 2629 4865 uxoribus
2656 4806 2907 4863 coibant:
2938 4814 2995 4861 et
3030 4804 3152 4861 ideo
3178 4819 3363 4861 eorum
3412 4805 3647 4862 furorem
3675 4808 3967 4879 appellavit

2375 4896 2787 4956 hinnitum.Nec
2813 4912 2910 4954 eos
2937 4896 3111 4952 solum
3134 4898 3307 4968 arguit
3336 4896 3721 4965 fornicationis,
3745 4899 3839 4957 sed
3869 4894 3967 4957 eos

2373 4993 2533 5047 etiam
2556 5000 2773 5045 accusat
2790 4988 3060 5055 adulterii,
3089 4988 3234 5059 quod
3253 4990 3414 5047 etiam
3432 4990 3502 5045 ab
3521 4991 3601 5048 eis
3623 4991 3966 5063 impudenter

2372 5081 2756 5151 admittebatur
2781 5120 2799 5149 ,
2825 5078 3272 5152 quemadmodum
3293 5080 3347 5136 in
3378 5080 3571 5137 brutis.
3604 5083 3756 5140 Alius
3782 5093 3963 5142 autem

2374 5174 2633 5247 propheta
2653 5172 2784 5229 dicit
2815 5190 2830 5229 :
2860 5170 3085 5242 lngressi
3108 5180 3226 5226 sunt
3240 5171 3309 5225 ad
3328 5171 3590 5228 mulierem
3609 5175 3847 5245 facientes
3860 5192 3963 5229 on-

2373 5266 2489 5331 lrea,
2520 5265 2656 5335 ﬁlius
2677 5274 2725 5318 et
2754 5272 2898 5333 pater
2919 5263 2989 5317 ad
3006 5262 3234 5321 eath
3259 5263 3486 5329 puellam
3508 5262 3789 5336 (a)(Amos.
3806 5268 3861 5321 2.
3878 5267 3958 5336 7).

2374 5356 2662 5428 Propterea
2715 5368 2866 5426 ergo,
2895 5352 3002 5421 dic,
3024 5368 3230 5424 qureso,
3262 5368 3359 5409 vos
3406 5354 3567 5409 misit“
3603 5353 3874 5425 doctores,
3904 5366 3958 5411 ut

2370 5446 2751 5503 fornicationes
2774 5453 2832 5502 et
2869 5444 3133 5502 adulteria
3163 5443 3515 5512 disceremus,
3545 5455 3602 5503 et
3627 5447 3770 5517 quod
3801 5464 3957 5519 opor-

2372 5548 2482 5595 teat
2509 5548 2715 5611 palnem
2746 5545 2804 5593 et
2837 5535 3005 5591 ﬁlium
3038 5535 3179 5592 idem
3203 5535 3342 5592 inire
3370 5536 3593 5593 cubile?
3645 5536 3780 5605 Quid
3833 5554 3959 5595 vero

2372 5629 2665 5687 Ezechiel?
2702 5626 2789 5684 Ne
2816 5627 3096 5684 mundum
3121 5629 3347 5700 gentium
3393 5628 3592 5699 quidem
3629 5631 3855 5701 legitima
3880 5634 3952 5700 [e-

2434 5744 2509 5808 (a)
2540 5749 2655 5794 nec
2681 5742 2901 5810 omnino
2907 5739 3111 5810 diverse
3130 5737 3430 5810 referuntur
3453 5754 3504 5792 ιιι
3525 5748 3664 5796 textu
3688 5750 3829 5797 Amos
3851 5758 3955 5810 ιιι»

2372 5800 2553 5874 lineae
2574 5813 2629 5857 ut
2651 5803 2817 5856 videas
2832 5802 2882 5853 in
2904 5808 3107 5855 nctuaua
3129 5800 3367 5852 Editioue.
