4154 6464
84 250 121 439 ξ
218 412 221 413 ,

159 601 275 663 die
290 593 495 675 (laeti.
521 578 581 652 Β.
607 587 701 664 ⁸1),
731 579 1060 658 inquit.”
1085 586 1216 647 ergo
1243 569 1375 675 qui.
1386 574 1542 675 ent-ant
1563 562 1720 627 dete-

609 661 705 741 die
726 677 883 745 mihi,
908 674 1159 732 doctores
1185 663 1375 724 misit?
1402 661 1596 766 Factus
1632 668 1730 711 su-

163 752 250 846 Icn
269 752 431 845 ab'cis
464 777 649 838 credes
676 774 802 849 quis
820 771 965 829 ferre
987 761 1202 840 possit?
1253 758 1423 817 Filios
1471 752 1660 849 enim“
1672 754 1730 805 et

166 885 275 939 tilias
296 841 589 936 mactarunt
616 841 927 933 dzemoniis,
955 871 1012 919 et
1032 873 1130 918 eos
1148 854 1584 914 combusserunt.
1613 841 1731 899 Hoc

165 983 309 1031 autem
337 966 496 1025 David
522 975 749 1036 quoque
781 951 1038 1019 ostendit,
1077 950 1266 1006 dicens
1434 939 1728 1036 macta-runt

168 1024 397 1132 ἐξίησι
416 1067 465 1114 et
482 1024 625 1127 ﬁlias
648 1024 775 1111 snas
802 1042 1064 1105 daemoniis
1090 1037 1264 1112 (Psal.
1297 1028 1571 1132 105.57).
1592 1024 1730 1082 Pro-

167 1120 317 1230 pterea
338 1167 462 1225 ergo
482 1120 681 1211 'misit,
719 1152 779 1201 ut
801 1141 906 1198 hoc
929 1137 1165 1195 disceret
1192 1137 1386 1185 natura
1426 1120 1731 1230 hominum,

305 1210 542 1316 oporteat
568 1210 713 1296 ﬁlios
741 1244 795 1292 et
818 1234 957 1289 tilias
979 1236 1218 1285 mactare
1247 1212 1578 1321 dtemoniisII
1614 1210 1733 1315 lion

168 1302 465 1403 imbescitis,
486 1347 589 1389 nec
615 1328 826 1401 pudore
851 1320 1037 1381 δυσιιεί
1056 1331 1155 1374 vos
1174 1313 1372 1386 tegitis,
1404 1302 1737 1403 cumbujus-

170 1394 289 1484 mn.
340 1394 504 1496 Mt.
559 1394 1087 1478 comminiscimini?
1130 1408 1281 1465 Alius
1323 1401 1478 1458 enim
1522 1394 1655 1453 dicit
1714 1407 1732 1447 :

470 1515 691 1570 miscent
724 1507 963 1582 sanguini
991 1520 1011 1561 :
1036 1513 1081 1559 et
1105 1497 1384 1558 exsecratio
1406 1536 1421 1561 ,
1454 1502 1503 1547 et
1531 1487 1741 1547 menda-

171 1614 302 1676 cium,
320 1620 363 1665 et
383 1614 575 1671 {suum
594 1647 612 1672 ,
641 1613 693 1660 et
723 1598 1032 1657 adulterium
1061 1597 1234 1668 {usum
1258 1598 1333 1645 est
1354 1602 1517 1661 super
1547 1592 1739 1640 terram

174 1704 318 1773 (Osee.
344 1703 396 1760 ι.
421 1702 478 1774 2)
496 1698 603 1774 (a).
615 1697 770 1754 Alius
788 1701 965 1750 autem
996 1708 1010 1746 :
1044 1687 1210 1754 Facta
1221 1694 1291 1740 est
1313 1680 1568 1753 tibifacies
1582 1691 1745 1733 nters-

173 1768 306 1862 tricis,
336 1768 660 1865 “9......”
691 1785 834 1860 fuisti
858 1780 1124 1854 nuptam
1176 1777 1310 1849 (ιον.
1354 1774 1410 1829 s.
1453 1769 1536 1841 δ).
1593 1768 1748 1825 Alius

176 1858 332 1943 rursus
380 1858 724 1951 :vaPrincipes
775 1875 926 1932 uestri
981 1883 1241 1942 tamquam
1267 1866 1378 1938 lupi
1419 1861 1622 1919 Arabia
1665 1858 1742 1932 (b)

176 1978 359 2047 (Exerit.
375 1974 463 2031 22.
492 1973 617 2045 27').
646 1969 799 2027 Alius
820 1980 1041 2023 rursus:
1072 1961 1195 2017 Non
1221 1968 1294 2016 est
1318 1955 1625 2027 intelligens,
1644 1966 1748 2005 non

177 2045 237 2124 est
279 2069 524 2137 requirens
574 2064 747 2119 Deum
788 2057 979 2133 (Soph.
1025 2057 1081 2112 5.
1124 2055 1204 2126 5).
1253 2050 1443 2107 Omnes
1462 2045 1751 2104 declinave-

179 2170 297 2227 runt,
313 2159 461 2215 simul
483 2156 697 2213 inutiles
723 2152 849 2226 facti
872 2158 991 2206 sunt
1011 2146 1184 2223 (Ptol.
1214 2145 1304 2202 i3.
1326 2144 1384 2199 2.
1411 2140 1495 2214 5).

235 2254 283 2309 5.
321 2252 529 2325 Egressi
570 2262 707 2321 ergo
747 2244 879 2302 estis
908 2252 966 2300 ut
993 2242 1111 2306 haec
1137 2236 1441 2301 doceretis,
1467 2230 1757 2304 impudeno

182 2343 307 2409 tiam,
358 2322 654 2398 amentiam
680 2378 696 2404 ,
746 2332 1160 2398 fornicationes,
1190 2324 1483 2392 adulteria,
1536 2322 1753 2390 cades,

184 2449 372 2490 autumn
391 2434 533 2488 viam
561 2427 925 2501 improbitatis
941 2425 965 2481 l
981 2424 1097 2481 Non
1119 2420 1346 2479 cessatis
1369 2433 1471 2475 nos
1487 2430 1682 2488 cogere
1702 2421 1762 2470 ut

184 2536 339 2580 vestra
361 2524 499 2580 mala
526 2518 913 2578 traducamus?
966 2517 1076 2575 Vos
1095 2516 1226 2572 estis
1253 2511 1355 2580 Qui
1378 2508 1656 2583 portantini
1700 2522 1763 2564 es

185 2624 333 2682 utero,
361 2627 408 2670 et
434 2614 692 2670 docentini
733 2626 893 2683 usque
931 2609 1001 2664 ad
1039 2614 1343 2664 senectutem
1363 2600 1519 2676 (ικαὶ.
1549 2600 1642 2659 46.
1667 2598 1759 2670 5);

186 2722 268 2763 ros
290 2710 414 2765 estis
460 2706 595 2764 (neci
618 2747 638 2774 ,
674 2705 766 2776 qui
812 2716 912 2759 vos
937 2700 1170 2757 invicem
1209 2697 1266 2753 in
1307 2695 1521 2753 foveam
1570 2690 1765 2763 praeci-

187 2800 365 2870 pitatis.
399 2799 578 2855 Cacus
617 2796 762 2853 enim
785 2835 805 2864 ,
835 2793 1040 2864 inquit,
1061 2792 1107 2848 si
1132 2804 1324 2846 meum
1342 2786 1518 2851 ducat,
1548 2782 1770 2839 amboin

189 2891 361 2962 forem
391 2892 572 2947 cadent
614 2886 830 2963 (Matth.
876 2886 965 2943 15.
992 2882 1240 2950 tum.
1275 2881 1330 2937 6.
1362 2879 1480 2951 59).
1511 2878 1614 2947 Qui
1645 2890 1771 2946 pro-

192 2984 359 3056 pheta:
381 3000 601 3056 semper
621 2980 885 3039 habuistis
902 3020 919 3047 ,
948 2987 1005 3036 et
1028 2990 1320 3048 numquam
1345 2973 1469 3030 lacti
1493 2973 1627 3029 estis
1653 2985 1772 3027 me-

193 3077 353 3141 liores.
383 3077 553 3134 futuri
600 3075 734 3133 estis
772 3073 999 3129 aliorum
1038 3068 1335 3128 doctores?
1384 3065 1504 3123 Non
1548 3064 1774 3121 cessatis

196 3168 295 3226 hac
340 3170 555 3242 nugari,
587 3182 691 3224 nec
741 3173 976 3223 vestram
1014 3160 1308 3234 agnoscitis
1357 3157 1614 3230 culpam?
1659 3154 1775 3214 Hoc

194 3260 321 3317 enirn
347 3276 568 3332 semper
594 3271 687 3314 vos
715 3256 967 3330 perdidit,
999 3252 1141 3326 quod
1167 3262 1471 3310 vestrorum
1508 3249 1773 3307 malorum

196 3354 357 3409 nolitis
383 3353 797 3409 fundamentum
822 3360 1166 3419 cognoscere.
1194 3344 1509 3415 Propterea,
1537 3340 1682 3413 quod
1703 3341 1782 3396 la-

196 3447 328 3502 ciunt
348 3445 586 3527 iudices,
613 3445 705 3515 qui
731 3442 921 3515 iubent
949 3449 1071 3511 post
1094 3453 1212 3505 eos,
1234 3437 1325 3509 qui
1348 3435 1533 3506 flagris
1560 3434 1781 3491 catdun-

201 3548 292 3601 tur.
318 3540 463 3611 sequi
490 3538 634 3594 alios
660 3536 750 3608 qui
778 3535 1012 3591 clament
1032 3542 1089 3589 et
1114 3531 1316 3599 dicant,
1349 3545 1448 3586 cur
1468 3529 1744 3587 caedantur
1760 3569 1781 3597 ,

201 3646 314 3686 nam
361 3630 536 3695 iures,
566 3644 692 3683 num
724 3636 965 3697 raptores
986 3625 1096 3680 sint
1122 3639 1138 3677 :
1168 3623 1239 3679 ita
1281 3622 1445 3679 etiam
1497 3622 1639 3678 Deus
1685 3634 1785 3677 vos

201 3737 597 3796 quoquoversus
655 3721 967 3781 traducens.
988 3717 1150 3788 jussit
1172 3716 1326 3787 sequi
1353 3713 1661 3785 prophetas,
1694 3713 1785 3783 qui

204 3828 399 3870 causam
428 3814 677 3869 dicerent
703 3809 968 3880 supplicii.
992 3807 1201 3877 Ubique
1226 3807 1370 3863 enim
1389 3816 1653 3861 terrarum
1683 3819 1787 3858 una

206 3908 463 3961 vobiscum
496 3902 668 3958 vincti
713 3911 874 3970 sunt,
906 3902 996 3972 qui
1032 3901 1197 3957 etiam
1235 3914 1381 3955 nunc
1417 3897 1597 3953 adhuc
1636 3896 1791 3952 vobis

207 3998 497 4056 inclamant.
531 3998 601 4053 Et
628 3996 673 4052 si
706 3996 760 4052 in
788 4009 1084 4068 synagogas
1111 3991 1430 4065 ingrediaris
1450 4033 1465 4057 ,
1493 3990 1681 4045 audies
1705 4003 1794 4043 as-

207 4093 346 4147 sidue
365 4107 460 4149 eos
486 4090 608 4145 haec
630 4087 791 4144 verba
820 4087 1021 4143 dicere.
1047 4086 1113 4142 Et
1144 4083 1311 4140 David
1340 4083 1558 4154 quidem
1590 4082 1795 4137 descri-

210 4183 331 4239 bens
353 4184 507 4247 illud,
535 4180 677 4253 quod
710 4179 976 4236 latrocinii
1006 4179 1178 4235 instar
1198 4176 1433 4233 habebat
1459 4173 1681 4245 Caiphze
1701 4175 1795 4245 ju-

210 4275 415 4345 dicium,
441 4276 577 4333 dicit
600 4289 696 4330 vos
717 4282 1001 4345 propterea
1024 4272 1268 4344 periisse.
1298 4270 1434 4326 Cum
1464 4270 1609 4325 enim
1632 4269 1800 4324 dixi...

212 4380 304 4433 set.
330 4368 705 4436 Dirumpsutus
729 4367 932 4423 vincula
956 4382 1131 4422 eorum
1156 4407 1172 4433 ,
1196 4374 1245 4421 et
1268 4363 1576 4437 abjiciamns
1596 4381 1629 4417 a
1655 4365 1801 4418 nobis

214 4462 379 4532 iugum
410 4462 649 4531 ipsorum
687 4457 860 4530 (Psal.
887 4458 945 4513 2.
977 4458 1058 4529 3).
1087 4456 1407 4527 subjunxit:
1440 4453 1483 4510 Τ
1486 4472 1585 4510 unc
1624 4455 1803 4526 loque-

218 4560 293 4605 tur
312 4553 380 4606 ad
403 4569 492 4609 eos
512 4552 568 4605 in
604 4550 686 4604 ira
709 4566 801 4605 sua
820 4590 835 4613 ,
863 4559 911 4603 et
938 4549 993 4602 in
1021 4550 1197 4620 furore
1236 4565 1333 4605 suo
1360 4545 1684 4602 conturbabit
1720 4562 1807 4601 eos

223 4642 381 4712 (Ibid.
408 4662 460 4700 ιι.
482 4641 578 4709 5).
637 4642 799 4697 Isaias
837 4650 1018 4696 autem
1067 4655 1189 4696 cum
1219 4639 1474 4703 dixisset,
1501 4655 1623 4695 eum
1670 4640 1810 4695 sicut

222 4748 364 4790 ovetn
387 4734 614 4790 ductum
639 4747 762 4789 esse
788 4733 857 4793 ad
881 4731 1207 4788 occisionem
1226 4773 1242 4799 ,
1270 4731 1545 4801 subjunxit
1572 4746 1585 4784 :
1618 4729 1686 4784 Et
1712 4732 1811 4784 da-

226 4826 558 4899 bointprobos
597 4842 692 4896 pro
736 4827 1005 4896 sepultura
1045 4825 1176 4897 ejus,
1209 4836 1259 4880 et
1302 4825 1483 4880 divites
1516 4840 1611 4895 pro
1654 4834 1816 4879 morte

227 4921 329 4990 ejus
365 4919 524 4988 (Isai.
552 4920 643 4976 53.
666 4919 760 4991 9);
791 4928 848 4975 et
882 4933 1072 4977 rursus
1100 4918 1226 4973 alibi
1254 4917 1321 4973 de
1352 4918 1511 4973 vinea
1541 4917 1768 4987 loquens
1799 4933 1812 4970 :

231 5006 529 5081 Exspectavt'
547 5052 563 5077 ,
596 5019 653 5065 ut
671 5010 860 5081 [acuet
889 5010 1150 5081 justitiam
1176 5027 1194 5064 :
1228 5009 1349 5081 fecit
1384 5019 1556 5062 autem
1586 5008 1821 5076 iniquita-

231 5111 342 5169 tem,
366 5112 418 5160 et
436 5119 540 5158 nos
553 5102 833 5175 justitiam,
874 5102 963 5157 sed
992 5103 1268 5156 clamorem
1301 5099 1416 5171 (Id.
1446 5100 1498 5156 5.
1520 5100 1601 5161 7).
1622 5100 1823 5167 Quem-

234 5208 348 5251 nam
376 5206 559 5252 autem
586 5194 924 5251 clamorem?
947 5193 1203 5266 Cruciﬁge
1224 5234 1239 5260 ,
1268 5192 1510 5263 cruciﬁge
1540 5190 1695 5264 (Luc.
1729 5191 1823 5247 25.

234 5285 340 5361 2|).
370 5290 439 5346 Et
477 5287 755 5360 subiungit
781 5306 796 5341 :
825 5286 1106 5360 Pr0pterea
1145 5286 1349 5340 diruam
1390 5302 1561 5357 sepem
1601 5288 1714 5357 ejus
1735 5327 1751 5353 ,
1781 5293 1829 5340 et

238 5384 324 5436 erit
367 5383 425 5438 in
471 5382 908 5437 conculcationent
938 5397 957 5436 :
980 5390 1027 5437 et
1071 5379 1329 5435 nrandabo
1369 5380 1615 5444 nubibus,
1645 5388 1699 5434 ut
1730 5396 1831 5434 non

243 5475 416 5543 piunt
456 5474 801 5545 mperipsnm
837 5472 1066 5546 pluviam
1089 5471 1243 5547 (Issi.
1274 5473 1329 5530 5.
1357 5474 1412 5529 5.
1436 5472 1515 5544 6).
1547 5471 1663 5528 Non
1709 5471 1834 5529 ideo

246 5578 368 5638 ergo
393 5565 627 5637 dispersi
646 5567 806 5635 estis,
842 5564 939 5623 sed
961 5576 1184 5637 propter
1207 5580 1271 5623 ea
1303 5581 1424 5638 qua:
1445 5567 1504 5622 in
1527 5565 1690 5623 cruce
1719 5566 1838 5623 ausi

1193 451 1560 522 EXPOSITIO
1596 447 1664 508 IN
1703 440 2035 504 Ρειιωίωι
2075 435 2211 494 Vill.

3348 417 3449 475 Hd

1834 546 2005 620 estis;
2038 549 2199 620 idque
2225 541 2575 601 manifestum
2605 546 2691 595 est
2714 551 2781 593 ex
2808 530 3109 607 prophetis.
3145 526 3216 586 Et
3235 537 3293 584 ut
3311 526 3455 584 scias

1832 644 2034 721 Christi
2056 643 2338 705 virtutem,
2362 646 2525 708 atque
2547 639 2606 690 ut
2623 646 2694 688 ex
2714 629 2870 685 vobis
2894 625 3026 698 ipsis
3060 621 3307 688 discetis,
3333 634 3455 692 qua:

1834 716 1944 796 non
1969 734 2233 793 didicistis
2258 748 2288 795 a
2309 726 2612 802 prophetis,
2655 721 2780 780 vide
2818 732 2912 777 res
2953 731 3170 791 quoque
3208 715 3357 785 ipsas
3402 709 3457 767 id

1836 839 2117 890 testantes.
2144 800 2469 896 Quod-enim
2491 834 2586 874 vos
2615 818 2697 873 lex
2723 830 2832 871 non
2862 811 3069 875 docuit,
3098 807 3202 863 hoc
3222 821 3288 862 ex
3325 800 3457 860 red-

1838 919 2063 980 undauti
2101 916 2230 973 fecit
2267 910 2474 971 Christi
2517 906 2780 981 potentia.
2810 901 3079 973 Quamdiu
3101 898 3245 954 enim
3275 895 3456 967 legem

1840 1011 2128 1079 habuistis,
2153 1004 2486 1065 occidebatis
2506 1044 2521 1069 ,
2550 1001 2690 1056 lilios
2720 993 3040 1053 mactabatis
3058 1035 3074 1059 ,
3104 1001 3161 1050 et
3185 988 3456 1044 adultera-

1840 1105 1981 1163 batis
2007 1119 2022 1157 :
2048 1107 2331 1175 postquam
2358 1104 2536 1151 autem
2566 1091 2744 1148 illuxit
2772 1089 2855 1144 sol
2878 1083 3103 1157 iustitia:
3121 1123 3137 1148 ,
3172 1081 3241 1135 de
3261 1078 3457 1140 vestris

1841 1198 2002 1257 malis
2016 1170 2244 1252 multum
2259 1189 2511 1251 decessit,
2528 1195 2586 1242 ct
2600 1182 2931 1240 moderatius
2942 1180 3107 1232 vitam
3126 1170 3462 1239 instituistis,

1843 1290 2073 1349 correcti
2096 1302 2196 1359 per
2220 1296 2457 1342 vestram
2483 1280 2541 1337 in
2568 1292 2670 1334 nos
2695 1273 3123 1332 aemulationem.

1915 1357 2111 1441 Iudici
2130 1397 2223 1437 cur
2265 1372 2909 1449 dispersi.—Propterea
2948 1379 3045 1420 vos
3085 1357 3364 1427 dispersit,
3407 1363 3467 1418 ut

1846 1480 2059 1540 sciretis
2094 1485 2350 1550 quantam
2380 1472 2432 1528 in
2480 1468 2639 1526 terris
2664 1462 2922 1537 plantarit
2949 1455 3338 1529 rempublicam
3364 1467 3380 1518 ;
3410 1456 3466 1522 et

1847 1544 2128 1649 templum'
2143 1573 2306 1630 solvit
2324 1612 2341 1638 ,
2371 1582 2469 1624 vos
2510 1563 2597 1621 vel
2626 1561 2824 1619 invitos
2848 1573 2880 1613 a
2907 1555 3041 1621 vitio
3068 1549 3364 1608 abducens.
3400 1544 3469 1600 Et

1848 1670 1942 1729 ubi
1964 1640 2242 1740 templum
2280 1661 2381 1718 fuit
2421 1659 2657 1716 solutum
2685 1693 2703 1721 ,
2746 1651 2857 1709 illic
2893 1647 3057 1703 etiam
3094 1640 3340 1699 Christus
3381 1649 3470 1693 se-

1852 1762 2034 1836 pultus
2075 1729 2192 1821 est,
2220 1764 2278 1812 ut
2324 1758 2545 1824 propter
2582 1747 2727 1803 illius
2770 1739 3082 1813 sepulcrum
3126 1729 3470 1793 recedentes,

1855 1821 2102 1910 siderent
2145 1821 2610 1914 etiam'tropreum
2651 1837 2799 1899 illius
2835 1829 3203 1904 potentiat,et
3242 1821 3469 1879 verbum

1856 1953 2002 2002 stare
2021 1937 2165 2012 quod
2190 1938 2319 1997 dicit
2345 1954 2359 1991 :
2390 1911 2517 1989 Non
2545 1927 2766 1985 manebit
2793 1924 2877 1980 hic
2906 1921 3041 1993 lapis
3063 1932 3218 1989 super
3246 1911 3477 1986 lapidem

1860 2003 2076 2110 (Matth.
2097 2030 2214 2104 24).
2242 2028 2454 2099 Ubique
2490 2024 2637 2082 enim
2679 2028 2809 2077 sunt
2832 2016 2951 2087 ejus
2978 2022 3182 2083 tr0prea
3209 2015 3266 2064 et
3301 2003 3480 2099 moni-

1858 2088 2040 2187 inepta
2065 2088 2337 2198 potentiae.
2365 2088 2461 2179 'Sin
2489 2127 2670 2179 autem
2698 2121 2835 2176 erat.
2863 2118 2922 2166 ut
2950 2105 3151 2172 dicitis,
3181 2088 3400 2171 impius,
3421 2102 3481 2157 et

1862 2221 1958 2279 Dei
1984 2188 2350 2283 adsersarius,
2377 2212 2477 2268 etsi
2500 2202 2913 2270 innumerabilia
2939 2205 3161 2270 peccata
3190 2188 3476 2255 fecissetis,

1864 2329 1933 2369 ne
1952 2311 2032 2367 sic
2050 2307 2267 2381 quidem
2294 2302 2469 2377 puniri
2490 2297 2773 2371 oportebat
2794 2312 2808 2348 :
2837 2292 2939 2349 etsi
2964 2285 3269 2360 Oportebat,
3292 2289 3343 2337 at
3371 2293 3481 2334 non

1866 2415 2029 2462 tunc:
2068 2373 2139 2458 ne
2166 2373 2659 2471 quistexistimaret
2689 2400 2788 2451 vos
2818 2398 2918 2456 pro
2960 2382 3051 2436 illo
3076 2388 3266 2450 patrias
3305 2373 3481 2429 luere.

1868 2497 2062 2554 Annon
2097 2461 2326 2548 audistis
2369 2487 2542 2543 Deum
2584 2483 2894 2543 dicentem,
2942 2471 3161 2546 quando
3210 2464 3376 2522 eratis
3426 2461 3484 2517 in

1868 2587 2215 2659 captivitate:
2250 2580 2373 2637 Non
2402 2584 2612 2649 propter
2635 2587 2725 2628 vos
2753 2568 2911 2641 facio,
2938 2563 3028 2620 sed
3054 2570 3267 2634 propter
3296 2571 3395 2623 me,
3422 2567 3488 2608 ne

1870 2649 2041 2741 meum
2065 2692 2249 2735 nomen
2273 2675 2577 2747 profanetur
2616 2663 2832 2739 (Eucti.
2861 2658 2951 2726 36.
2983 2654 3123 2727 22)?
3152 2649 3315 2721 Atqui
3356 2655 3488 2703 tunc

1872 2782 1991 2832 erat
2014 2770 2187 2843 major
2211 2742 2391 2822 vestra
2420 2759 2755 2834 improbitas.
2784 2753 2892 2817 Sed
2921 2763 3101 2811 tamen
3127 2788 3143 2814 ,
3176 2742 3345 2815 inquit
3370 2782 3387 2809 ,
3419 2754 3492 2795 no

1875 2837 2184 2924 existiment
2208 2857 2421 2915 barbari
2444 2869 2531 2910 me
2550 2866 2673 2914 esse
2697 2845 3049 2912 imbecillum,
3073 2837 3287 2895 dimitto
3307 2840 3491 2895 vestra

1877 2964 2117 3030 peccata.
2142 2936 2207 3007 et'
2223 2962 2488 3005 conservo
2512 2957 2631 3000 vos.
2661 2941 2809 2997 Itane
2830 2946 2958 2997 tunc
2983 2931 3200 3004 quidem
3230 2941 3352 2993 vos,
3383 2921 3492 2978 ini-

1878 3018 1986 3121 que
2013 3060 2112 3102 vos
2135 3048 2407 3115 gerentes,
2433 3035 2689 3098 servavit,
2718 3045 2788 3093 ne
2809 3030 2931 3100 ejus
2956 3039 3153 3081 nomen
3180 3018 3497 3091 profanare-

1880 3104 2005 3201 tjur:
2054 3104 2198 3195 nunc
2235 3104 2415 3190 autem
2461 3130 2565 3185 hoc
2613 3142 2723 3184 non
2775 3117 3029 3187 fecisset?
3067 3114 3183 3172 Etsi
3221 3112 3366 3167 enim
3408 3104 3496 3163 vel

1882 3236 2162 3293 innumera
2185 3236 2406 3300 peccata
2433 3217 2807 3283 admisissetis,
2837 3230 2934 3270 vos
2962 3210 3092 3267 nihil
3118 3203 3359 3279 oportuit
3386 3199 3494 3273 pati

1881 3323 2151 3399 ejusmodi
2167 3292 2257 3390 ,-si
2290 3318 2479 3374 fuisset
2505 3315 2771 3385 impostor
2795 3307 3046 3364 Christus
3070 3344 3086 3372 ,
3117 3316 3186 3358 ne
3225 3296 3347 3370 quis
3376 3292 3495 3351 exi-

1886 3388 2133 3477 stimaret
2150 3388 2248 3471 vos
2274 3411 2362 3467 illa
2384 3418 2606 3482 propter
2629 3409 2804 3475 ipsum
2832 3414 2952 3463 esse
2979 3407 3189 3469 passos,
3216 3389 3312 3446 sed
3335 3388 3501 3445 etiam

1887 3517 2237 3569 conservatos
2258 3519 2355 3559 vos
2377 3480 2500 3558 esse
2524 3496 2790 3570 oportuit;
2821 3501 2878 3548 et
2904 3491 2948 3544 si
2969 3530 2987 3557 ,
3019 3498 3076 3542 ut
3096 3485 3206 3556 jam
3238 3480 3372 3547 dixi,
3401 3491 3501 3542 vos

1891 3602 2004 3676 pati
2044 3597 2315 3671 Oportuit,
2353 3603 2410 3649 at
2439 3607 2547 3647 non
2563 3568 2727 3644 tunc.
2765 3584 2919 3640 Nune
2957 3590 3139 3637 autem
3179 3574 3301 3631 brec
3342 3568 3506 3625 simul

1893 3667 2034 3753 iacta
2055 3667 2201 3749 sunt.
2244 3684 2473 3758 Quando
2509 3682 2654 3738 enim
2686 3694 2815 3738 crux
2846 3672 3147 3747 processit,
3193 3667 3353 3737 paulo
3382 3671 3507 3734 post
3624 3682 3626 3686 λ

1890 3788 2143 3846 ‘erierunt
2171 3755 2434 3855 apostoli,
2465 3786 2523 3833 et
2563 3772 2783 3830 difﬁcile
2821 3770 3021 3825 bellum
3056 3764 3317 3819 adversus
3361 3755 3509 3813 illaut

1895 3880 2169 3937 civitatem
2200 3851 2516 3931 suscitatam
2542 3877 2662 3926 est:
2691 3879 2747 3922 et
2772 3863 2915 3934 quod
2947 3869 3030 3915 est
3069 3860 3122 3912 in
3155 3851 3463 3924 Evangeliis
3494 3868 3509 3905 :

1907 3971 1998 4028 Vw
2021 3966 2323 4026 lactantibus
2344 3974 2389 4019 et
2411 3957 2793 4034 prregnantibus
2810 3952 3022 4027 (Matth.
3046 3949 3140 4007 ει.
3167 3947 3281 4017 l9),
3305 3940 3517 3998 omnia-

1900 4079 2006 4135 que
2034 4062 2123 4117 illa
2162 4059 2363 4114 exitum
2392 4032 2583 4110 sortita
2613 4057 2738 4104 sunt
2764 4067 2777 4102 :
2805 4055 2862 4102 et
2888 4042 3039 4103 illud,
3069 4038 3214 4094 Tum:
3239 4036 3331 4090 erit
3355 4032 3516 4088 tribtt~

1905 4125 2028 4215 latio
2049 4197 2064 4219 ,
2091 4150 2257 4224 qualis
2282 4160 2558 4218 numquam
2586 4152 2704 4197 ante
2730 4140 2825 4211 fuit
2860 4137 3013 4211 (Luc.
3045 4134 3138 4189 2|.
3166 4131 3267 4199 23)
3282 4169 3305 4200 δ
3329 4125 3522 4199 imple-

1908 4260 2019 4305 tum
2046 4222 2155 4303 est.
2186 4242 2319 4299 Nam
2353 4250 2409 4297 et
2452 4238 2706 4294 mulieres
2746 4231 2887 4289 ﬁlios
2916 4228 3302 4290 comederunt,
3336 4222 3521 4283 hostes

1908 4340 2281 4415 perfregerunt
2305 4342 2525 4390 ventres
2555 4336 2893 4384 mortuorum
2915 4365 2929 4389 ,
2961 4330 3018 4381 et
3043 4319 3183 4392 ignis
3209 4314 3523 4372 barbaricus

1910 4444 1992 4491 est
2036 4430 2216 4486 omnia
2263 4424 2639 4498 depoltulatus,
2669 4419 2961 4487 omniaque
3000 4420 3151 4468 erant
3198 4408 3354 4479 plena
3398 4419 3528 4462 San-

1911 4527 2092 4599 guine,
2115 4532 2171 4577 et
2196 4535 2348 4575 novat
2372 4514 2668 4587 tragtndizn,
2694 4522 2750 4568 et
2775 4510 3062 4567 universus
3088 4502 3234 4558 urbis
3260 4509 3529 4555 terrarum

1915 4589 2147 4677 refertus
2158 4622 2275 4671 erat
2287 4611 2441 4667 malis
2454 4608 2692 4666 Judaicis
2717 4601 2951 4677 (Ioseph.
2969 4599 3034 4654 de
3050 4597 3181 4652 Beit.
3204 4591 3358 4659 Jud.)
3369 4631 3383 4646 .
3405 4589 3535 4646 Haec

1917 4728 2047 4783 ergo
2089 4707 2232 4781 apud
2262 4720 2358 4761 vos
2387 4703 2687 4773 cogitantes
2711 4738 2728 4764 ,
2758 4703 3000 4751 vestrum
3034 4688 3319 4747 Dominum
3358 4690 3531 4755 agno-

1920 4771 2075 4863 scite.
2120 4771 2314 4858 nnnon
2361 4771 2651 4869 prophetas
2699 4785 3018 4847 occidistis?
3064 4798 3193 4838 num
3251 4778 3359 4835 tale
3406 4771 3539 4846 quid

1922 4898 2068 4973 passi
2110 4866 2497 4951 estis‘iNonne
2543 4884 2730 4941 altaria
2780 4876 3068 4937 diruistis?
3115 4868 3374 4942 numquid
3416 4866 3543 4924 talis

1923 4960 2078 5049 vobis
2123 4987 2349 5058 contigit
2402 4978 2721 5039 calamitas?
2763 4975 2954 5031 Nonne
3002 4969 3230 5024 vitulum
3274 4960 3545 5019 adorastis

1928 5083 2126 5156 (Exod.
2155 5051 2356 5149 52),vet
2379 5072 2712 5143 Beelphegor
2738 5068 2868 5124 estis
2897 5062 3087 5120 initiati
3108 5057 3303 5129 (Num.
3335 5055 3429 5111 25.
3460 5051 3545 5121 ὅ),

1928 5187 2285 5244 naturamque
2308 5166 2594 5241 ignorastis
2619 5164 2643 5219 't
2674 5158 2930 5231 numquid
2963 5157 3097 5213 tales
3125 5153 3312 5208 hostes
3336 5144 3553 5219 experti

1932 5268 2107 5327 eatis?
2134 5268 2325 5323 Annon
2366 5262 2450 5318 vel
2494 5260 2547 5315 in
2592 5257 2786 5314 mediis
2814 5251 3087 5310 beneliciis
3115 5249 3466 5305 immemores
3499 5252 3553 5299 et

1935 5360 2129 5433 ingrati
2156 5356 2352 5413 servati
2377 5352 2545 5411 estis?
2573 5350 2725 5409 Unde
2752 5362 2883 5419 ergo
2907 5347 3186 5400 innumera
3208 5340 3263 5394 in
3288 5351 3388 5392 vos
3414 5333 3557 5391 mala

1940 5426 2176 5527 profecta
2197 5446 2365 5505 sunt?
2391 5445 2578 5501 Nonne
2597 5442 2803 5499 clarum
2823 5446 2909 5499 est
2928 5453 2994 5492 ex
3016 5450 3103 5497 eo,
3126 5430 3269 5505 quod
3299 5431 3351 5485 in
3378 5426 3560 5484 Domi-

1943 5562 2070 5605 num
2096 5544 2212 5599 ausi
2241 5540 2371 5597 estis
2402 5552 2645 5611 peccare,
2680 5549 2788 5590 non
2818 5533 2873 5588 in
2903 5527 3134 5587 servos?
3162 5523 3319 5582 Unde
3350 5535 3451 5576 nec
3478 5524 3567 5574 est

1945 5642 2098 5697 vobis
2130 5654 2161 5693 a
2188 5635 2364 5703 malis,
2395 5648 2515 5705 quae
2544 5645 2643 5686 vos
2684 5630 2961 5688 invasere,
2995 5621 3242 5678 liberatio
3265 5658 3283 5685 ,
3312 5631 3415 5671 nec
3439 5613 3566 5669 erit.

305 5750 381 5814 (α)
410 5757 525 5802 πει
545 5751 665 5803 item
687 5750 886 5801 inverso
906 5746 1052 5799 modo
1085 5746 1387 5800 refer-unum
1412 5747 1533 5798 vide
1554 5748 1685 5798 hunc
1705 5752 1845 5797 Osee
1950 5736 2009 5794 Si
2039 5736 2184 5792 enim
2211 5738 2379 5796 esset,
2411 5743 2531 5784 eam
2557 5723 2942 5799 pra-dixissent
2960 5714 3260 5790 prophetae.
3291 5709 3443 5766 Nunc
3466 5721 3568 5760 au-

247 5813 421 5865 locum

310 5877 381 5938 (lt)
412 5884 529 5926 nec
547 5875 720 5933 verba.
745 5870 1383 5938 W.w-.«abi¢,
1407 5880 1524 5938 sunt
1559 5872 1608 5938 in
1632 5870 1841 5938 Sophon.

255 5935 300 5989 3.
315 5934 370 6001 δέ
386 5942 451 5989 ita
470 5947 528 5988 It
548 5940 695 6004 prim
721 5948 831 6002 pars
854 5934 920 5986 si
938 5934 1220 5996 milliens,
1245 5935 1459 5986 secumla
1478 5934 1747 5999 Sophonin.

1954 5838 2064 5884 tem
2091 5826 2342 5882 dixerunt
2363 5821 2582 5894 quidem
2609 5816 2997 5888 captivitatem,
3028 5809 3125 5867 sed
3155 5822 3265 5864 non
3294 5801 3571 5860 reditum:

1959 5922 2087 5978 licet
2117 5919 2254 5975 bona
2285 5911 2561 5987 suppliciis
2605 5907 2819 5966 assidue
2845 5902 3211 5967 admisceant,
3240 5904 3297 5952 et
3327 5904 3571 5965 tempora
