4154 6414
726 390 825 444 Ηῧ

712 501 983 560 deﬁniant.
1016 500 1219 555 Etenim
1257 494 1513 551 Jercmias
1554 492 1788 547 deﬁnivit
1816 488 2142 559 septuaginta
2182 500 2279 537 an-

712 610 812 651 Ios
838 592 972 665 (Jer.
1002 591 1095 647 29.
1123 586 1245 661 l0),
1275 596 1329 643 et
1368 584 1553 641 Daniel
1591 582 1835 638 similiter
1850 577 2225 648 trcsannos(a)
2239 582 2291 629 ct

714 684 993 742 dimidium
1070 684 1245 757 (Dan.
1301 684 1356 740 9.
1418 677 1509 733 23.
1537 675 1729 745 sqq.);‘
1755 674 1879 742 quin
1905 670 2064 727 etiam
2097 667 2292 737 pra'di-

714 786 859 835 etunt
911 785 993 831 est
1038 788 1133 829 eos
1179 768 1579 843 quadringentis
1641 776 1696 820 et
1750 763 1963 833 triginta
2031 759 2184 814 antiis
2239 759 2289 812 in

713 864 944 937 digypto
970 864 1260 920 servituros
1289 858 1441 934 (Gen.
1472 857 1555 913 l5.
1592 854 1701 927 l3).
1730 853 1899 918 Hujus
1923 862 2096 905 autem
2122 848 2292 916 capti-

713 958 891 1012 vitatis
906 970 1163 1025 nusquam
1185 953 1343 1008 situm
1368 959 1450 1005 est
1473 957 1701 1016 tempus,
1726 960 1821 998 nec
1839 942 1979 1008 ﬁnis,
2004 941 2096 995 sed
2113 939 2292 992 relicta

713 1058 797 1103 est
826 1056 999 1100 vestra
1033 1045 1223 1098 domus
1262 1040 1494 1105 deserta,
1526 1046 1581 1092 et
1600 1035 1835 1106 quotidie
1876 1047 1962 1087 res
2003 1039 2191 1085 vestra:
2240 1029 2291 1083 in

714 1137 949 1194 deterius
979 1132 1276 1205 procedunt
1304 1130 1515 1200 (Matth.
1548 1128 1638 1183 25.
1668 1127 1780 1196 38).

785 1226 839 1282 6.
881 1225 1005 1281 Haec
1038 1222 1218 1278 omnia
1247 1229 1449 1276 attente
1490 1217 1628 1287 apud
1657 1232 1749 1271 vos
1776 1214 2209 1275 considerantes,
2242 1221 2296 1265 et

714 1332 834 1388 quae
875 1316 1105 1371 breviter
1145 1312 1283 1367 dicta
1326 1320 1451 1367 sunt
1489 1308 1655 1364 fusius
1695 1315 1983 1361 tractantes
2012 1303 2117 1375 (Da
2153 1303 2296 1356 enim

712 1407 927 1479 sapienti
959 1406 1298 1469 occasionem,
1335 1412 1381 1456 et
1425 1401 1517 1455 erit
1560 1395 2039 1469 sapientior.[Prou.
2077 1394 2129 1449 9.
2158 1391 2288 1464 9]),

715 1497 923 1552 illorum
965 1493 1343 1563 impudentiam
1372 1491 1739 1558 ingratumque
1778 1487 2009 1539 animum
2058 1482 2295 1551 poteritis

714 1585 978 1641 refellere.
1006 1585 1058 1639 4.
1086 1582 1335 1649 Quoniam
1356 1579 1525 1634 uidebo
1546 1578 1692 1632 celos
1716 1587 1825 1630 tuos
1853 1592 2003 1644 opera
2025 1574 2295 1642 digitorum

715 1687 932 1731 tuorum.
957 1675 1125 1739 Alius,
1160 1672 1316 1726 Video
1340 1670 1659 1724 enimsales.
1688 1666 1884 1719 Lunam
1907 1673 1950 1717 et
1979 1664 2167 1726 stellas,
2186 1677 2298 1731 qua!

716 1775 771 1821 tu
796 1765 1036 1837 fundasti.
1062 1764 1208 1818 Alius
1228 1804 1243 1828 ,
1278 1760 1501 1814 Parastt'.
1531 1760 1677 1814 Alius
1696 1800 1711 1823 ,
1744 1756 2011 1813 Slabilt'isti
2043 1754 2135 1823 (b).
2166 1753 2293 1807 Cum

716 1855 954 1918 dixisset,
971 1851 1285 1908 Destruxisti
1307 1850 1567 1914 inimicos,
1583 1846 1870 1917 splendida:
1890 1844 2044 1911 hujus
2065 1843 2296 1896 victorias

715 1944 868 2000 alfert
884 1942 1269 2014 probationem.
1285 1939 1372 1994 ‘Tu
1394 1941 1558 2001 enim,
1586 1938 1773 2007 inquit,
1796 1936 1883 2003 qui
1906 1932 2193 1990 cruciﬁxus
2214 1948 2293 1997 es,

714 2034 815 2105 qui
834 2032 901 2087 de
934 2031 1112 2087 medio
1150 2030 1389 2085 sublatus
1410 2043 1503 2093 es,
1535 2026 1822 2096 apparuisti
1849 2025 1994 2078 orbis
2039 2036 2296 2077 terrarum

714 2122 934 2180 Creator
954 2130 1009 2178 et
1029 2122 1236 2191 Opifex.
1258 2121 1547 2191 Propterea
1569 2118 1698 2173 dicit
1719 2135 1733 2172 :
1776 2116 1958 2171 Videbo
1976 2115 2127 2170 celos
2147 2125 2256 2168 tuos
2276 2130 2295 2167 :

716 2215 1021 2285 signiﬁcans
1046 2214 1240 2268 multos
1269 2227 1373 2266 non
1413 2222 1567 2267 antea
1594 2211 1905 2278 cognovisse
1924 2251 1937 2271 .
1974 2219 2152 2277 postea
2182 2210 2299 2279 qui-

715 2303 839 2359 dem
864 2312 1010 2358 certe
1046 2316 1233 2357 omnes
1262 2302 1451 2355 scient.
1482 2301 1547 2355 Et
1572 2315 1668 2355 cur
1707 2316 1811 2354 non
1851 2299 2123 2354 universas
2151 2300 2297 2355 orbis

714 2402 874 2449 terra;
901 2404 1077 2464 partes
1097 2401 1455 2464 persequutus
1472 2390 1590 2446 est?
1612 2391 1763 2459 Quod
1792 2406 1976 2447 eorum
2005 2407 2122 2460 quae
2152 2391 2296 2447 vide-

716 2486 912 2539 bantur
933 2486 1311 2555 Opportuniora
1342 2493 1712 2556 persequutus,
1738 2482 1807 2538 de
1837 2483 1957 2538 aliis
1979 2483 2171 2539 docere
2192 2485 2296 2538 mi-

717 2575 862 2630 nime
884 2589 1019 2645 opus
1041 2573 1302 2629 habuerit.
1330 2574 1479 2628 Adeo
1500 2589 1627 2645 ergo
1649 2574 1902 2630 destructi
1928 2582 2054 2627 sunt
2074 2574 2292 2635 inimici,

716 2673 778 2723 stt
798 2664 887 2736 qui
912 2664 983 2720 ab
999 2665 1079 2720 eis
1101 2654 1482 2734 expellebatur,
1505 2676 1556 2719 et
1577 2665 1645 2719 ab
1671 2669 1749 2720 eis
1770 2666 1838 2720 de
1863 2663 2038 2719 medio
2058 2664 2296 2719 sitblatus

716 2763 818 2820 est,
861 2753 1096 2809 omnium
1121 2769 1239 2825 quae
1273 2753 1585 2809 videbantur
1625 2755 1929 2823 apparuerit
1968 2750 2176 2824 Opifex.
2228 2752 2298 2807 Et

715 2860 882 2916 quare
910 2861 1013 2899 non
1060 2844 1220 2912 dicit,
1265 2844 1512 2900 Mannum
1556 2856 1762 2901 tuarum
1783 2887 1798 2913 ,
1836 2847 1932 2902 sed
1953 2888 1969 2912 ,
2004 2846 2297 2918 Digitorum

714 2936 955 2991 tuorum?
980 2935 1207 2990 Minima:
1243 2935 1565 3004 operationis
1606 2940 1737 3006 opus
1764 2936 2050 2992 ostendens
2086 2954 2146 2994 ea
2176 2954 2295 3010 qua:

716 3027 995 3091 vitientur,
1048 3035 1101 3081 et
1150 3025 1460 3081 admirabile
1501 3025 1789 3095 opiﬁcium,
1830 3027 1973 3097 quod
2022 3042 2295 3097 suspensas

716 3116 883 3173 stella:
902 3132 1009 3172 non
1026 3116 1219 3171 cadant
1241 3134 1259 3173 :
1284 3116 1382 3171 etsi
1407 3123 1594 3172 natura
1616 3116 2078 3173 fundamentorum
2095 3119 2290 3189 exigat,

717 3216 777 3261 ut
802 3205 1027 3272 inferne,
1057 3220 1163 3261 non
1188 3220 1420 3275 superne
1438 3206 1702 3275 jaciautur
1726 3225 1739 3260 :
1769 3206 1863 3261 sed
1892 3207 2124 3276 optimus
2150 3209 2295 3261 Arti-

717 3298 825 3361 fex,
856 3298 946 3366 qui
969 3296 1092 3352 facit
1119 3296 1448 3352 admirabilia
1468 3338 1483 3362 ,
1516 3298 1569 3352 in
1597 3297 1677 3351 his
1705 3314 1825 3367 qua:
1863 3308 2119 3366 apparent
2143 3299 2292 3369 plura

719 3388 841 3443 fecit
865 3402 1025 3457 supra
1052 3396 1254 3442 natura:
1277 3387 1736 3457 consequentiam.
1774 3389 1839 3442 Et
1862 3404 2026 3459 quare
2056 3389 2183 3444 nilnl
2209 3389 2292 3443 di-

714 3479 787 3534 cit
812 3477 879 3533 de
904 3478 1251 3547 potestatibus
1273 3478 1616 3548 incorporeis,
1650 3488 1707 3533 ut
1731 3481 1854 3535 inde
1876 3495 2086 3551 quoque
2114 3492 2293 3536 osten-

712 3568 802 3622 dat
838 3568 953 3638 ejus
980 3568 1345 3623 creationem?
1373 3568 1524 3636 Quod
1572 3569 1820 3624 nimirum
1863 3574 1962 3626 hoc
2001 3572 2210 3626 interim
2242 3571 2291 3625 ei

713 3660 767 3714 in
795 3660 1067 3728 proposito
1095 3658 1270 3725 fuerit,
1297 3668 1356 3713 ut
1380 3660 1479 3728 ipsi
1509 3658 1778 3715 discerent
1806 3662 1873 3716 de
1900 3662 1963 3716 iis
1985 3676 2103 3731 qua:
2132 3677 2293 3731 appa-

714 3751 1017 3827 rebant..Et
1058 3756 1333 3821 propterea
1364 3752 1479 3819 ejus
1508 3766 1721 3822 quoque
1754 3752 1909 3806 Pater
1935 3768 2057 3808 cum
2098 3768 2295 3823 susque

713 3843 887 3910 deque
925 3857 1045 3896 cum
1089 3841 1286 3897 Judzeis
1325 3841 1649 3912 loqueretur,
1688 3858 1793 3897 non
1822 3843 1987 3898 dicit:
2034 3846 2143 3914 Ego
2190 3844 2292 3901 feci

711 3932 933 4003 angelos
958 3942 1014 3987 et
1041 3931 1328 3987 Cberubim
1352 3948 1367 3997 ;
1399 3931 1516 3998 sed,
1565 3932 1680 4004 Ego
1706 3932 1883 3989 celum
1912 3934 2107 3988 extendi
2134 3950 2154 3989 :
2178 3952 2290 3988 ma-

713 4039 809 4077 nus
832 4038 941 4077 mea
964 4033 1147 4077 terram
1172 4025 1422 4092 fundavit,
1447 4024 1624 4078 dextra
1645 4042 1753 4079 mea
1782 4027 1999 4094 ﬁrmavit
2022 4026 2174 4098 (lsai.
2197 4028 2287 4084 48.

715 4118 804 4187 l5)
833 4134 846 4171 :
872 4128 930 4185 et
950 4131 1161 4171 omnem
1182 4130 1394 4186 semper
1412 4118 1704 4172 orationem
1724 4120 1989 4173 consumit
2008 4121 2059 4174 in
2091 4121 2153 4175 iis
2171 4135 2291 4190 quae

713 4218 991 4278 apparent,
1021 4207 1197 4262 omnia
1236 4221 1398 4278 agens
1426 4207 1493 4262 ad
1538 4208 1763 4264 salutem
1808 4210 2128 4275 auditorum.
2157 4211 2288 4266 Cum

714 4297 858 4353 enim
887 4305 1068 4352 essent
1095 4298 1418 4362 crassiores,
1448 4297 1615 4368 magis
1647 4296 1977 4353 ducebantur
1996 4298 2065 4353 ab
2088 4299 2153 4355 iis
2172 4317 2291 4370 quae

711 4388 980 4457 videntur,
1021 4404 1180 4459 quam
1224 4389 1293 4444 ab
1334 4387 1399 4443 iis
1422 4404 1543 4459 qua:
1583 4389 1683 4444 sub
1708 4391 1879 4444 visum
1926 4406 2032 4446 non
2072 4392 2286 4448 cadunt.

712 4480 1002 4550 Propterea
1042 4481 1237 4535 Paulus
1257 4495 1469 4551 quoque
1508 4496 1721 4552 semper
1752 4482 2055 4553 ingrediens
2081 4493 2137 4539 et
2162 4499 2292 4539 con-

712 4572 932 4627 cionans
954 4612 970 4637 ,
998 4571 1145 4626 ducit
1171 4571 1448 4626 exordium
1490 4587 1521 4626 a
1547 4584 1788 4627 creatura
1830 4589 1951 4645 qua
1977 4573 2186 4630 videtur
2211 4574 2294 4630 di-

715 4676 880 4719 cens:
911 4660 1042 4717 Deus
1063 4662 1150 4732 qui
1169 4662 1284 4733 fecit
1308 4662 1486 4718 calum
1512 4672 1559 4718 et
1584 4672 1769 4718 terram
1795 4674 1843 4719 et
1869 4680 2029 4731 mare,
2047 4674 2094 4718 et
2122 4667 2292 4720 omnia

713 4769 828 4826 quc
841 4754 893 4807 in
915 4756 985 4808 eis
1008 4763 1127 4807 sunt
1153 4754 1285 4824 (Act.
1312 4756 1397 4810 l7.
1422 4754 1515 4824 24)
1538 4772 1555 4821 ;
1582 4764 1635 4811 et
1654 4770 1683 4811 a
1711 4756 1898 4825 pluviis
1924 4758 2113 4811 annuis
2132 4769 2292 4828 atque

712 4860 742 4898 a
763 4859 957 4914 genere
987 4846 1259 4900 hominum
1287 4860 1504 4916 semper
1530 4847 1676 4903 ducit
1705 4848 1982 4903 exordium
2013 4851 2287 4907 orationis.

714 4936 769 4989 Si
800 4936 942 4989 enim
962 4935 1149 4990 dixero
1167 4951 1290 4992 eum
1312 4935 1503 4993 fecisse
1524 4936 1835 5003 Cherubim,
1856 4939 1963 4995 duo
1985 4950 2140 4995 erunt
2162 4942 2290 4997 mihi

714 5026 1005 5095 probanda,
1035 5026 1173 5098 quod
1198 5026 1304 5082 sint
1325 5028 1611 5084 Cberubim
1631 5069 1646 5095 ,
1677 5027 1898 5097 etquod
1920 5044 1984 5086 ea
2009 5030 2120 5101 ipse
2145 5029 2295 5087 fece-

713 5117 815 5170 rit:
847 5114 901 5169 in
924 5114 989 5170 iis
1015 5123 1192 5172 autem
1219 5132 1337 5187 qua:
1357 5118 1605 5175 videntur
1626 5133 1789 5189 cogor
1810 5118 1985 5178 solum
2008 5122 2292 5178 ostendere

712 5220 834 5260 eum
876 5206 965 5262 illa
1002 5204 1211 5264 fecisse.
1241 5207 1500 5278 Quocirca
1527 5219 1612 5265 est
1644 5212 1807 5267 etiam
1845 5212 2017 5268 oratio
2043 5211 2287 5280 facilior;

785 5303 858 5367 ta)
883 5303 966 5353 Sic
993 5317 1125 5367 unus
1150 5305 1198 5362 (ὁ
1217 5304 1271 5367 δὲ
1292 5305 1461 5367 Δᾳνήλγ
1490 5304 1600 5367 τρία
1624 5304 1727 5367 hu)
1744 5317 1782 5367 ;7
1806 5302 1893 5367 alii
1915 5317 2090 5353 omnes
2113 5309 2166 5353 et
2208 5304 2299 5353 Sac

720 5364 956 5424 vil.,'tres
983 5364 1327 5430 hebdomadas
1343 5366 1486 5430 (τρεῖς
1508 5364 1811 5430 tempsam).
1840 5365 2085 5415 Neutrum
2108 5377 2299 5430 sequu-

725 5435 803 5496 tus
832 5435 921 5496 _est
965 5427 1259 5496 tientiauus.
1283 5424 1553 5496 ﬁer'vetus,
1576 5424 1709 5496 sed
1741 5424 1933 5496 posuit.
1989 5424 2300 5496 septuaginta

721 5489 1047 5540 hebdomadas
1070 5486 1114 5539 et
1136 5486 1413 5538 dimidium.
1445 5486 1636 5547 Omnia,
1663 5493 1719 5537 ut
1738 5486 1970 5545 diximus,
1992 5486 2300 5549 eiemplaria

722 5550 1054 5603 Chrysostoml
1090 5550 1258 5600 Graeca
1291 5551 1478 5598 habent
1520 5549 1644 5612 τρεῖς
1686 5550 1877 5609 eadem,
1906 5562 2023 5612 _uno
2057 5556 2293 5612 excepto,

720 5612 771 5660 in
810 5624 926 5681 quo.
950 5614 1149 5681 tegit-ur,
1190 5616 1289 5681 tres
1314 5623 1465 5681 annos
1487 5623 1505 5660 :
1531 5610 1695 5660 utrum
1731 5624 1849 5661 vero
1877 5610 1943 5659 sit
1985 5622 2123 5661 error
2145 5610 2299 5673 Chry-

723 5671 927 5723 sostomi
950 5671 1020 5721 au'
1048 5671 1254 5734 librarii,
1278 5671 1531 5734 quaeritur.

786 5734 857 5798 (ὁ)
879 5734 1010 5803 Vox,
1021 5732 1233 5803 parasti,
1253 5731 1335 5803 est
1349 5736 1488 5803 juxta
1508 5731 2299 5803 interpretstionemfvmmachi;

724 5794 847 5857 Voi,
870 5794 1131 5857 stabiliisti,
1157 5796 1298 5857 juxta
1324 5794 1785 5858 interpretatibnem
1811 5794 2185 5846 Theodotiouis.

1422 380 1480 433 8.
1524 374 1800 434 JOANNIS
1831 369 2299 431 CllRYSOSTUSll
2340 365 2658 423 ARCHIEP.
2697 364 3237 423 CONSTANTINOP.

2400 483 2560 538 habet
2594 483 2788 553 quippe
2831 484 3032 547 visum,
3080 490 3269 535 testem
3318 495 3504 535 eorum
3549 494 3667 551 quas
3714 477 3984 534 dicuntur.

2398 573 2555 629 Videt
2598 579 2739 628 enim
2774 573 2984 627 auditor
3021 571 3460 642 magnitudinem,
3505 569 3981 639 pulchritudinem,

2396 681 2549 721 usum
2578 674 2633 722 et
2664 667 2975 734 positionem
3003 707 3017 728 ,
3057 675 3499 731 constantemquo
3534 678 3597 717 ac
3638 677 3985 719 numerosum

2396 771 2633 811 cursum.
2665 756 2719 811 lu
2751 756 2852 809 hoc
2877 758 3054 828 itaque
3080 770 3187 810 uno
3225 766 3306 809 est
3337 755 3473 811 mihi
3508 755 3739 810 studium
3779 769 3989 823 ponen-

2397 847 2546 913 dum,
2579 858 2636 902 ut
2659 848 2937 902 ostendam
2962 849 3012 901 id
3043 848 3205 902 Deum
3235 848 3426 902 fecisse
3473 849 3537 903 Et
3558 862 3724 917 quare
3746 862 3848 901 non
3871 861 3992 901 me-

2400 934 2552 994 minit
2575 940 2704 993 solis
2725 981 2740 1004 ,
2783 938 2875 993 sed
2905 940 3065 1003 lunas,
3090 948 3144 993 ct
3176 932 3488 993 stellarum?
3516 939 3626 992 lloc
3660 954 3778 991 cum
3804 936 3946 991 dixit
3973 978 3992 1003 ,

2400 1030 2527 1084 illud
2567 1046 2777 1099 quoque
2811 1029 3147 1100 signiﬁcavit.
3194 1029 3454 1095 Quooiam
3486 1029 3629 1081 enim
3674 1026 3917 1081 nonnulli
3959 1040 3994 1079 a

2401 1121 2493 1175 Dei
2523 1121 2734 1189 opiﬁcio
2758 1132 2966 1174 noctem
2998 1129 3247 1189 separant
3266 1161 3280 1181 ,
3325 1134 3419 1188 per
3447 1121 3622 1172 lunam
3652 1132 3768 1172 eam
3802 1128 3993 1172 osten-

2398 1209 2509 1275 dit,
2541 1210 2726 1264 dit-ens
2753 1226 2873 1263 eum
2914 1211 3073 1263 etiam
3108 1210 3266 1277 hujus
3304 1223 3424 1283 esse
3458 1206 3730 1275 Opiﬁcem.
3764 1206 3879 1260 Non
3905 1214 3997 1260 est

2399 1313 2575 1354 autem
2600 1316 2756 1365 parva
2780 1302 3051 1355 stellarum
3087 1308 3334 1365 varietas,
3367 1310 3421 1353 et
3443 1300 3705 1353 lunarium
3730 1312 3992 1351 cursuum

2398 1391 2801 1448 demonstratio.
2830 1393 2881 1448 5.
2915 1392 3053 1459 Quid
3082 1402 3153 1446 est
3192 1392 3341 1444 homo
3382 1392 3516 1460 quod
3543 1406 3733 1443 memor
3759 1406 3808 1443 es
3839 1390 3955 1455 ejus
3974 1430 3991 1453 ,

2399 1495 2486 1537 aut
2511 1485 2649 1549 ﬁlius
2692 1484 2908 1537 hominis
2944 1484 3077 1552 quod
3110 1484 3281 1535 uisitus
3324 1498 3435 1534 eum
3457 1481 3483 1533 .’
3528 1480 3711 1543 Alius,
3752 1479 3888 1545 Quid
3918 1487 3996 1531 est

2399 1575 2735 1642 unusquisque
2777 1573 2948 1638 homo,
2992 1573 3128 1642 quod
3171 1573 3279 1640 ejus
3318 1567 3640 1623 recordaris?
3684 1569 3831 1621 Alius
3863 1583 3993 1638 pro,

2410 1663 2593 1717 Visitas
2618 1680 2733 1716 eum
2755 1704 2769 1727 ,
2802 1664 2961 1726 dicit,
3004 1660 3258 1715 Visitabis.
3294 1662 3576 1729 Postquam
3616 1660 3750 1713 dixit
3778 1659 3847 1712 de
3871 1658 3999 1727 opi-

2402 1755 2539 1820 ﬁcio,
2571 1763 2627 1810 et
2655 1756 2959 1809 universum
2989 1770 3053 1808 ex
3085 1764 3231 1823 parte
3261 1752 3593 1824 signiﬁcavit,
3628 1752 3811 1806 inserit
3836 1751 3997 1806 dein-

2400 1860 2526 1916 ceps
2572 1861 2874 1901 sermonem
2922 1846 2990 1901 de
3032 1843 3357 1913 providentia
3408 1843 3698 1897 hominum.
3729 1841 3859 1896 Nam
3901 1842 3994 1896 illa

2400 1941 2559 1995 etiam
2584 1980 2600 2004 ,
2628 1954 2746 2009 qua:
2774 1938 2913 1993 dicta
2947 1946 3109 2001 sunt,
3131 1948 3249 1991 sum
3278 1945 3490 2004 promer
3527 1947 3694 2002 genus
3723 1942 3992 1997 nostrum,

2399 2033 2687 2103 quinetiam
2730 2044 2810 2094 ea,
2842 2044 2960 2098 qua:
2995 2028 3060 2081 ad
3104 2026 3485 2095 providentiam
3523 2025 3639 2091 ejus
3682 2025 3991 2092 pertinent:

2400 2124 2646 2177 universa
2692 2120 2832 2175 enim
2879 2127 3121 2173 creatura
3170 2128 3387 2187 propter
3432 2116 3721 2171 hominem.
3786 2114 3991 2168 Verum

2400 2214 2540 2268 aliud
2568 2228 2775 2284 quoque
2798 2226 2965 2283 genus
2988 2219 3275 2279 pertractat
3302 2208 3667 2277 providentiae,
3699 2217 3752 2261 et
3778 2219 3883 2259 non
3912 2214 3993 2259 te-

2401 2321 2547 2361 mere
2570 2305 2636 2359 de
2659 2304 2740 2358 his
2764 2304 2941 2358 dicere
2967 2301 3293 2372 aggreditur,
3326 2302 3420 2354 sed
3441 2298 3595 2353 valde
3626 2298 3912 2365 prudenter
3936 2305 3992 2351 et

2402 2399 2586 2468 probe,
2616 2412 2709 2465 pro
2733 2404 2845 2450 toto
2866 2396 2995 2449 urbe
3025 2404 3284 2448 terrarum
3322 2406 3485 2462 agens
3516 2390 3739 2461 gratias,
3766 2393 3991 2443 univer-

2400 2503 2518 2541 sutn
2562 2500 2865 2541 memorans
2896 2483 3207 2538 beneﬁcium
3228 2523 3244 2547 ,
3275 2490 3325 2537 et
3354 2482 3642 2535 ostendens
3669 2477 3991 2548 magnitudi-

2400 2593 2520 2633 nem
2556 2579 2670 2647 ejus
2703 2577 3117 2645 dispensationis
3143 2576 3195 2628 in
3242 2573 3535 2628 hominem.
3574 2571 3630 2628 Si
3671 2573 3811 2626 enim
3852 2570 3991 2627 nihil

2398 2678 2515 2725 erat
2540 2680 2715 2731 antea,
2740 2668 2908 2721 multo
2928 2667 3095 2737 magis
3116 2664 3329 2736 quando
3354 2664 3600 2720 Christus
3619 2663 3844 2718 arcessit
3867 2673 3991 2734 post

2401 2770 2477 2816 tot
2499 2770 2554 2814 et
2573 2768 2715 2814 tanta
2739 2767 2970 2828 peccata.
3004 2756 3068 2811 Et
3090 2756 3323 2811 ostendit
3345 2755 3544 2809 Christi
3570 2756 3854 2810 adventum
3877 2770 3992 2809 non

2398 2866 2429 2905 a
2458 2850 2610 2905 venia
2637 2850 2867 2905 alienum
2906 2848 3088 2913 fuisse,
3119 2847 3226 2901 imo
3254 2861 3282 2899 a
3311 2861 3518 2900 summa
3542 2846 3839 2917 profectum
3865 2859 3991 2901 esse

2396 2940 2701 2998 clementia.
2738 2937 2871 2993 Nam
2905 2946 3171 3007 umquam
3204 2937 3436 3005 optimus
3479 2937 3669 3006 aliquis
3706 2935 3949 2991 medicus
3972 2976 3991 3003 ,

2395 3034 2541 3090 sanis
2568 3031 2788 3095 relictis,
2818 3030 2963 3083 venit
2982 3030 3047 3083 ad
3077 3042 3174 3081 nos
3191 3068 3208 3094 ,
3235 3029 3327 3098 qui
3353 3027 3543 3082 morbo
3570 3029 3945 3083 laborabamus
3971 3070 3989 3095 ,

2395 3127 2483 3197 qui
2510 3125 2640 3179 nihil
2666 3135 2901 3180 eramus.
2936 3120 3047 3175 Hoc
3072 3135 3201 3190 ergo
3229 3119 3539 3185 ostendens,
3570 3120 3811 3176 dicebat:
3850 3120 3993 3189 Quid

2396 3226 2466 3272 est
2484 3216 2677 3271 hante!
2707 3230 2803 3285 pro
2830 3228 2897 3270 eo
2915 3211 3058 3281 quod
3076 3223 3181 3277 est,
3204 3210 3343 3265 Nihil
3367 3220 3469 3278 est,
3497 3221 3581 3265 est
3604 3210 3728 3281 quid
3756 3210 3878 3266 vile.
3905 3211 3989 3266 Ad

2398 3318 2597 3363 tantam
2619 3308 2763 3364 enim
2800 3303 3093 3376 respiciens
3129 3302 3221 3357 Dei
3250 3317 3432 3357 curam
3471 3312 3526 3357 et
3556 3302 3945 3372 providentiam
3972 3344 3988 3366 ,

2395 3408 2450 3453 et
2476 3398 2542 3453 ad
2577 3413 2638 3454 ea
2663 3412 2783 3467 qua!
2819 3397 2941 3452 fecit
2970 3411 3066 3466 pro
3093 3392 3265 3452 salute
3292 3392 3564 3447 hominum
3582 3432 3596 3456 ,
3628 3391 3782 3447 valde.
3806 3402 3992 3463 stupet

2394 3498 2449 3544 et
2499 3488 2810 3551 admiratur,
2849 3502 2945 3542 cur
2978 3502 3098 3542 eum
3152 3495 3297 3542 tanta
3329 3484 3399 3538 sit
3439 3482 3768 3553 providentia
3797 3484 3991 3553 digna-

2396 3590 2499 3633 tus.
2523 3578 2707 3648 Cogita
2733 3579 2874 3632 enim
2895 3618 2909 3641 ,
2940 3588 3157 3648 propter
3189 3578 3367 3648 ipsum
3396 3587 3517 3628 esse
3544 3574 3722 3628 omnia
3757 3588 3879 3644 qua:
3906 3574 3991 3628 vi-

2395 3670 2604 3724 dentur.
2636 3669 2860 3737 PrOpter
2886 3670 3089 3737 ipsum,
3120 3683 3237 3738 qua:
3266 3668 3334 3721 ab
3363 3664 3534 3721 Adam
3563 3678 3736 3734 usque
3772 3664 3839 3718 ad
3864 3663 3988 3734 ejus

2395 3759 2675 3815 adventum
2715 3760 3017 3827 dispensata
3064 3768 3116 3813 et
3156 3758 3523 3813 administrata
3572 3763 3731 3821 sunt;
3766 3764 3987 3826 propter

2396 3851 2590 3922 ipsum,
2621 3851 2894 3919 paradisus
2932 3859 2988 3906 et
3034 3861 3319 3921 praecepta,
3367 3865 3541 3920 poenae
3588 3859 3643 3904 et
3682 3848 3939 3904 miracula
3964 3890 3981 3915 ,

2394 3944 2757 4013 suppliciaqne
2785 3953 2840 3998 et
2868 3941 3125 3999 beneﬁcia
3170 3952 3289 4013 post
3326 3943 3533 4012 legem;
3565 3955 3782 4011 propter
3806 3941 3983 4009 ipsum

2395 4034 2490 4090 Dei
2519 4034 2681 4088 l-‘ilius
2720 4033 2881 4089 homo
2908 4032 3077 4089 factus
3116 4041 3219 4088 est.
3259 4032 3389 4087 Nam
3427 4034 3551 4103 quid
3580 4032 3771 4088 attinet
3796 4032 3985 4087 dicere

2395 4123 2615 4179 futura?
2652 4123 2776 4179 Haec
2808 4138 2937 4194 ergo
2974 4124 3152 4179 omnia
3180 4133 3450 4195 reputans,
3490 4122 3658 4178 dicit:
3691 4122 3827 4190 Quid
3869 4133 3984 4178 tam

2395 4229 2643 4285 magnum
2674 4223 2756 4269 est
2797 4214 2995 4284 homo,
3026 4215 3167 4288 quod
3211 4224 3287 4270 tot
3315 4226 3370 4270 et
3396 4216 3557 4271 tantis
3589 4214 3744 4271 bonis
3787 4215 3980 4286 dignus

2392 4303 2552 4360 fuerit
2580 4304 2828 4360 habitus?

2464 4397 2517 4452 7.
2533 4396 2587 4454 Si
2608 4397 2726 4468 quis
2750 4398 2890 4453 enim
2906 4399 3323 4457 consideraverit
3341 4410 3535 4472 quotet
3551 4410 3743 4472 quanta
3762 4409 3981 4473 propter

2394 4488 2566 4559 ipsum
2595 4487 2728 4544 facta
2756 4499 2879 4544 sunt
2904 4499 2957 4545 et
2992 4490 3148 4555 ﬁant,
3176 4502 3230 4547 et
3257 4500 3452 4562 quanta
3483 4492 3552 4547 sit
3578 4504 3759 4562 postea
3785 4506 3979 4561 perce-

2390 4589 2597 4649 pturus,
2627 4581 2794 4635 multo
2813 4580 3033 4635 horrore
3060 4582 3379 4651 implebitur,
3405 4592 3458 4637 et
3475 4593 3599 4637 tunc
3613 4584 3755 4638 clare
3777 4581 3981 4637 videbit

2392 4679 2603 4739 quanta:
2617 4684 2758 4738 cura:
2782 4670 2889 4724 Deo
2913 4670 2982 4725 sit
3004 4657 3106 4724 hoc
3128 4672 3343 4725 animal.
3364 4671 3418 4725 6.
3436 4671 3664 4727 Minuisti
3683 4688 3795 4726 eum
3819 4672 3979 4743 paulo

2394 4762 2557 4816 minus
2597 4763 2660 4817 ab
2706 4763 2920 4833 angelis.
2967 4762 3140 4827 Alius,
3178 4761 3347 4817 Paulo
3384 4764 3550 4819 minus
3573 4780 3606 4817 a
3630 4762 3758 4818 Deo.
3800 4763 3975 4829 Alius,

2397 4851 2675 4907 Paululum
2694 4854 2935 4923 quiddam
2954 4852 3132 4907 aDeo.
3164 4854 3417 4909 Hebraeus
3439 4863 3639 4921 autem,
3661 4852 3981 4911 Outltasreou

2393 4953 2497 4997 mat
2521 4961 2599 4999 me
2627 4944 2795 4998 eloim.
2822 4943 2921 4998 Hic
2947 4944 3186 4999 meminit
3205 4944 3680 5013 condetnnationis,
3704 4954 3760 5000 et
3780 4946 3980 5004 veteris

2395 5034 2617 5103 peccati,
2643 5045 2868 5089 mortem
2896 5035 2948 5089 in
2977 5036 3205 5089 medium
3228 5036 3514 5091 adducens.
3541 5038 3606 5091 At
3626 5052 3745 5091 eam
3764 5052 3981 5107 quoque

2392 5124 2548 5179 solvit
2572 5165 2588 5190 ,
2615 5138 2734 5180 cum
2764 5125 2993 5180 venisset
3027 5124 3356 5197 Unigenitus.
3404 5126 3580 5181 Gloria
3598 5136 3646 5181 et
3675 5129 3866 5183 honors
3891 5143 3978 5182 co-

2392 5216 2581 5269 ronasti
2605 5232 2738 5270 eum.
2770 5216 2941 5281 Alius,
2969 5215 3144 5271 Gloria
3165 5228 3210 5271 et
3234 5218 3480 5290 dignitate
3505 5219 3766 5274 caronabis
3789 5219 3975 5291 ipsum.

2392 5305 2543 5362 Licet
2569 5305 2785 5377 quidem
2812 5306 2927 5362 haec
2949 5316 3003 5363 et
3032 5308 3313 5374 historice,
3347 5309 3470 5364 licet
3494 5316 3549 5364 et
3574 5310 3863 5382 anagogice
3888 5324 3971 5366 ao-

2393 5398 2592 5467 cipcrc.
2624 5397 2759 5452 Dicit
2783 5399 2926 5453 enim
2954 5407 3008 5455 et
3035 5400 3151 5470 ejus
3179 5401 3482 5471 imperium,
3506 5401 3649 5473 quod
3677 5404 3726 5457 ei
3751 5416 3874 5458 cum
3899 5401 3980 5461 fa-

2393 5498 2513 5546 ctus
2546 5498 2659 5555 est,
2695 5490 2945 5545 traditum
2976 5502 3090 5558 est;
3131 5492 3261 5547 dicit
3284 5494 3445 5548 etiam
3474 5509 3592 5564 quae
3620 5494 3759 5551 bona
3786 5508 3980 5551 conse-

2393 5589 2586 5651 quutus
2614 5580 2685 5633 sit
2711 5589 2829 5650 post
2852 5580 3139 5639 adventum
3176 5583 3392 5639 Christi.
3442 5584 3498 5639 ln
3539 5585 3800 5655 principio
3833 5584 3977 5642 enim

2392 5672 2595 5728 audivit
2652 5672 2859 5727 Tremor
2874 5684 2924 5729 et
2952 5684 3110 5729 metus
3131 5677 3278 5730 vestri
3296 5676 3389 5729 erit
3418 5691 3571 5745 super
3598 5692 3769 5731 omnes
3798 5676 3981 5732 bestias

2396 5775 2542 5822 terra!
2566 5762 2719 5839 (Cen.
2748 5764 2799 5823 9.
2828 5764 2917 5837 2);
2946 5775 3017 5833 ct,
3044 5767 3299 5840 Imperant
3323 5769 3538 5840 piscibus
3564 5769 3719 5826 maris
3746 5766 3897 5842 (Gen.
3922 5768 3976 5827 1.
