4154 6436
150 403 221 459 lli
1302 376 1664 442 EXPOSITIO
1701 374 1768 435 IN
1807 372 2136 433 PSALMUM
2179 371 2313 428 \‘lll.

58 530 65 587 ι
156 517 247 587 ξς).
276 512 404 569 l‘ost
421 508 551 567 haec
576 517 781 564 autem
814 523 832 560 :
864 504 1071 561 Calacte
1092 516 1246 572 super
1268 507 1525 569 serpentes
1542 504 1592 587 et
1617 508 1761 561 scor-_

164 586 485 681 pioscs(LIc.
513 599 759 672 10.49).
803 597 915 655 Sed
945 597 1031 652 his
1065 593 1337 657 dimissis,
1366 586 1608 645 cutttexit
1636 599 1762 639 ora-

162 677 349 756 tionem
368 715 439 754 ex
463 693 862 750 humilioribus
878 733 894 757 ,
929 689 1236 758 relinquens
1262 683 1348 738 illa
1373 677 1764 738 consideranda

162 795 215 849 iis
234 794 319 865 qui
349 797 576 863 possunt
604 786 825 842 acutius
848 794 1095 839 cernere.
1126 777 1310 834 Gloria
1338 775 1484 831 enim
1512 772 1684 842 major
1710 779 1768 826 et

156 863 317 941 limior
334 901 402 940 ea
429 891 583 946 Sunt,
609 895 735 951 qua:
757 878 891 932 lium
920 875 975 929 in
995 871 1144 927 Novo
1162 870 1530 932 Testamento,
1548 863 1766 935 quando

156 979 302 1033 habet
344 975 633 1031 Christum
672 977 869 1040 caput,
909 964 1121 1037 quando
1144 962 1263 1032 ejus
1287 973 1483 1028 corpus
1511 956 1761 1019 efficitur,

148 1068 364 1140 quando
410 1066 474 1121 lit
522 1066 691 1119 frater
735 1071 789 1115 et
828 1057 1072 1122 coheres,
1104 1063 1156 1109 et
1185 1050 1477 1107 conformis
1499 1051 1618 1118 ejus
1640 1061 1767 1102 cor-

150 1164 287 1234 pori,
316 1157 546 1233 quando
575 1156 835 1224 majorem
870 1164 1029 1220 quam
1070 1147 1246 1201 Moses
1281 1143 1477 1211 accipit
1513 1140 1765 1212 gloriam,

144 1258 285 1311 sicut
305 1249 641 1324 signillmvit
675 1246 867 1301 Paulus
891 1285 906 1307 .
932 1242 1251 1305 ostendens,
1292 1252 1394 1291 nos
1420 1251 1531 1290 non
1571 1247 1766 1304 quem-

146 1347 447 1402 admodum
489 1342 673 1397 Moses
712 1336 1019 1408 imponebat
1050 1333 1314 1397 velamen,
1345 1328 1439 1405 sed
1468 1342 1658 1383 omnes
1683 1341 1770 1380 re-

144 1441 322 1497 velata
370 1438 514 1492 facie
558 1433 765 1489 Domini
799 1430 1021 1503 gloriam
1050 1425 1509 1495 contemplaturns
1533 1435 1655 1476 esse
1686 1418 1764 1489 (2.

140 1529 264 1587 Cor.
289 1533 349 1588 3.
385 1529 481 1585 i3.
512 1527 606 1595 {8)
637 1543 652 1579 :
680 1535 732 1579 et
758 1524 880 1579 ideo
904 1522 1033 1578 dicit
1060 1540 1075 1575 :
1106 1518 1229 1573 Non
1262 1517 1396 1572 enim
1423 1516 1768 1588 gloriﬁcantia

142 1633 234 1687 at,
263 1620 411 1694 quod
438 1618 886 1691 gloriﬁcatmnest
906 1614 959 1667 in
979 1614 1075 1666 hac
1100 1618 1264 1681 parte,
1291 1608 1499 1679 propter
1525 1605 1768 1661 excellen-

141 1724 245 1767 tem
270 1712 501 1782 gloriam
534 1706 696 1773 (Ibid.
722 1722 767 1760 υ.
789 1704 900 1771 l0).
937 1704 1082 1759 Hanc
1098 1716 1227 1772 ergo
1246 1700 1471 1771 gloriam
1491 1698 1623 1753 dicit
1644 1712 1767 1767 pro-

144 1803 308 1873 pheta
336 1818 443 1874 per
466 1815 768 1870 anagogcn.
799 1796 936 1865 Quid
961 1796 1104 1852 enim
1134 1804 1218 1849 est
1245 1808 1367 1847 cum
1394 1806 1459 1847 ea
1486 1796 1769 1846 conteren-

152 1899 295 1961 lmn,
343 1894 573 1967 quando
610 1894 768 1948 simul
816 1906 937 1947 cum
986 1888 1193 1960 angelis
1241 1886 1440 1942 choros
1485 1884 1764 1947 ducimus,

145 1990 371 2062 quando
417 1990 475 2044 in
528 1987 666 2041 lllios
708 1985 1043 2055 adnptamttr,
1077 1979 1294 2049 quando
1334 1993 1434 2034 nec
1477 1976 1768 2048 Unigenito

146 2084 369 2155 quidem
413 2097 518 2153 pro
552 2080 709 2135 nobis
758 2076 1031 2149 parcitur?
1078 2075 1191 2143 Qua
1229 2087 1338 2129 non
1380 2086 1637 2143 purpura,
1660 2082 1769 2140 quo

151 2191 259 2230 non
301 2173 620 2231 diademate
645 2178 771 2227 sunt
797 2169 912 2224 hzcc
938 2169 1095 2239 longe
1122 2164 1489 2237 splendidiora
1509 2205 1524 2227 ,
1552 2160 1768 2233 quando

151 2276 387 2321 mortem
415 2262 744 2327 irridemus,
771 2260 988 2332 quando
1028 2259 1095 2313 ad
1137 2266 1464 2329 potestatum
1514 2255 1767 2324 incorpo-

154 2371 373 2413 rearum
397 2353 851 2424 impatibilitatem
873 2350 1099 2406 traducti
1126 2362 1333 2413 sumus,
1357 2345 1449 2417 qui
1481 2346 1630 2417 prius
1655 2358 1769 2399 era-

157 2466 275 2507 laus
300 2448 603 2518 contemjiti
625 2489 644 2515 ,
674 2445 883 2517 inglnrii
909 2486 925 2513 ,
956 2454 1009 2499 et
1036 2440 1394 2499 exsccrandi?
1432 2438 1602 2518 {ldum
1642 2451 1766 2492 cum

158 2557 256 2598 nec
282 2540 415 2599 boni
444 2512 547 2595 nec
569 2512 695 2593 mali
722 2512 850 2608 quid
875 2512 1121 2599 fecisset,
1151 2535 1332 2589 statim
1360 2512 1658 2587 honoratus
1685 2538 1769 2584 est

159 2648 279 2689 mm
307 2632 547 2703 primum
579 2629 749 2685 factus
774 2637 879 2684 est.
910 2625 1190 2696 Quomodo
1219 2625 1365 2685 enim
1392 2622 1607 2678 fecisset
1632 2662 1649 2687 ,
1675 2620 1767 2691 qui

162 2739 265 2780 non
300 2722 457 2779 erat?
500 2721 613 2778 Nos
650 2731 829 2775 autem
876 2719 967 2789 qui
1013 2716 1151 2772 mala
1197 2716 1423 2772 fecimus
1463 2716 1764 2779 innumera,

161 2818 316 2886 longe
355 2831 549 2871 smnus
587 2814 846 2886 majorem
889 2812 1149 2867 honorem
1177 2809 1472 2881 asscquuti.
1502 2806 1625 2862 Non
1651 2823 1768 2859 ant-

160 2912 323 2979 ph'as,
354 2910 561 2980 inquit,
588 2909 703 2962 dico
729 2922 815 2961 ros
841 2921 1010 2961 servos
1037 2920 1057 2959 :
1083 2919 1170 2958 vos
1189 2903 1325 2957 enim
1350 2900 1505 2956 amici
1525 2899 1624 2953 mei
1646 2899 1768 2953 estis

163 2999 338 3073 (1m.
364 3002 457 3057 15.
492 3000 581 3056 15.
613 2999 729 3070 υ).
772 2997 887 3053 Non
918 2996 1148 3066 amplius
1170 2993 1339 3049 nostri
1368 3006 1529 3047 causa
1563 2990 1766 3061 pudore

159 3094 557 3151 soll‘anduntur
571 3093 783 3164 angeli,
822 3091 919 3147 sed
955 3090 1117 3147 etiam
1158 3097 1359 3143 nostra:
1388 3086 1545 3141 saluti
1575 3084 1765 3140 deser-

160 3188 326 3242 viunt.
357 3186 494 3241 Nam
517 3195 571 3241 et
598 3184 666 3239 ad
690 3184 993 3254 Philippum
1015 3180 1159 3236 venit
1199 3179 1440 3250 angelus,
1462 3186 1517 3232 et
1538 3177 1603 3231 ad
1627 3177 1767 3231 mul-

160 3292 241 3337 tos
265 3279 409 3334 alios
440 3278 580 3349 (Act.
617 3277 671 3333 8.
698 3276 825 3347 25),
854 3284 910 3332 et
934 3273 1280 3345 Evangelium
1310 3271 1627 3329 nuntiabant
1665 3270 1766 3325 ho-

159 3371 391 3426 minibus
415 3367 573 3443 (Lac.
596 3367 652 3423 2.
674 3366 791 3439 ιθ).
817 3366 933 3421 Non
956 3381 1009 3421 tn
1034 3375 1173 3421 terra
1195 3376 1375 3421 autem
1399 3363 1647 3428 heredes,
1670 3362 1764 3418 scd

160 3463 421 3517 bonorum
452 3459 750 3515 caelestium
790 3471 976 3512 sumus
999 3498 1016 3523 ,
1045 3467 1101 3512 et
1126 3454 1326 3511 Christi
1356 3454 1643 3525 participes
1666 3496 1681 3520 ,
1711 3461 1768 3510 et

157 3569 411 3610 vocamur
433 3551 505 3627 ad
529 3552 965 3607 communionem
1006 3549 1275 3620 Uuigeniti
1308 3548 1400 3622 (l.
1426 3544 1545 3604 Cor.
1579 3548 1631 3603 1.
1661 3546 1761 3619 9).

156 3647 280 3703 Βία
300 3646 487 3702 omnia
511 3660 611 3717 per
636 3644 863 3716 gloriam
885 3652 940 3697 et
961 3642 1220 3697 honorem
1247 3638 1535 3713 significat.
1567 3640 1765 3707 Quam-

153 3737 342 3795 ουτω
365 3737 503 3792 dicit
528 3737 690 3792 etiam
717 3733 855 3789 alius
884 3734 985 3806 (a),
1013 3733 1192 3789 Gloria
1216 3743 1263 3788 et
1286 3732 1477 3786 honore
1500 3731 1767 3785 coronabis

151 3847 285 3894 an,
315 3829 624 3902 pradiceus
660 3817 804 3899 quod
847 3826 1081 3883 futurum
1109 3834 1245 3883 erat.
1279 3826 1332 3880 7.
1366 3823 1434 3878 Et
1462 3823 1767 3878 constituisti

151 3940 266 3977 ea.
292 3939 455 3993 super
473 3937 634 3992 apem
658 3935 900 3975 manuum
928 3927 1153 3972 tuarum.
1183 3916 1335 3971 Alius
1363 3914 1460 3986 (ὁ),
1496 3913 1687 3970 Fecisti
1712 3922 1767 3967 ut

151 4014 359 4069 habere!
386 4020 689 4083 potestatem
721 4026 931 4081 cperam
965 4025 1208 4063 manuum
1235 4016 1461 4062 tuarum.
1490 4006 1547 4062 8.
1579 4004 1768 4060 Omnia

150 4105 415 4176 abiecisti
438 4103 533 4159 sub
549 4104 760 4173 pedibus
778 4103 923 4173 ejus;
950 4118 1065 4157 oves
1088 4111 1136 4156 et
1157 4102 1303 4155 boves
1322 4099 1600 4160 universas,
1620 4098 1767 4152 insu-

153 4217 247 4268 per
287 4207 339 4255 α
383 4214 571 4269 pecora
607 4197 793 4268 campi.
839 4196 992 4251 Alius
1022 4193 1118 4265 (c),
1148 4193 1402 4264 Agrestia.
1426 4190 1480 4247 9.
1519 4189 1768 4245 Volttcres

151 4292 289 4357 ccli,
320 4302 372 4346 et
406 4290 572 4361 pisces
608 4289 783 4355 maris,
821 4289 909 4359 qui
953 4278 1306 4357 perambulatit
1346 4286 1553 4340 sentitas
1587 4284 1764 4339 maris.

152 4381 246 4439 {0.
274 4381 525 4447 Domine,
536 4380 781 4436 Dominus
816 4390 986 4435 noster
1006 4422 1021 4445 ,
1055 4396 1210 4450 quam
1249 4378 1550 4433 admirabile
1572 4386 1643 4432 est
1670 4392 1766 4431 no-

152 4493 271 4531 men
311 4488 460 4529 tuum
504 4475 558 4527 in
586 4475 817 4528 uitiuersa
854 4472 1027 4527 terra!
1060 4471 1524 4541 Quemadmodum
1550 4486 1672 4526 cum
1701 4470 1770 4526 de

153 4569 441 4625 creatione
473 4567 725 4636 loquitur,
751 4580 860 4622 non
882 4565 1055 4620 solum
1075 4579 1336 4633 supernas
1364 4563 1575 4633 attingit
1614 4570 1769 4632 pote-

156 4667 350 4723 states,
378 4655 475 4711 sed
504 4657 662 4710 etiam
683 4655 980 4711 orationem
1010 4654 1227 4709 deducit
1255 4654 1321 4707 ad
1348 4652 1621 4708 sonsihilia
1652 4669 1665 4706 :
1697 4652 1767 4706 ita

158 4751 325 4803 etiam
359 4764 489 4804 cum
518 4749 671 4803 docet
699 4747 766 4803 de
795 4748 1000 4802 honore
1035 4747 1343 4802 hominibus
1378 4746 1607 4811 collato,
1646 4760 1768 4801 cum

163 4854 377 4897 tantum
428 4826 1151 4896 subindicassetill.i"arcana
1194 4850 1249 4893 et
1298 4840 1610 4907 incorporea
1649 4852 1771 4907 quae

162 4934 537 4995 enumeravit,
569 4949 709 4988 nunc
731 4935 960 5003 amplius
981 4935 1294 4989 immoratur
1327 4933 1378 4987 in
1403 4932 1766 4995 sensibilibus,

165 5042 285 5095 qm:
311 5023 620 5081 mdiorihus
641 5026 868 5079 clariora
889 5033 1037 5080 sunt.
1054 5025 1310 5094 Qumnain
1332 5034 1509 5080 autem
1527 5039 1589 5080 ea
1606 5026 1770 5079 sunt?

167 5118 469 5174 Terrenum
502 5118 574 5172 illi
602 5118 784 5171 datum
812 5118 1115 5188 imperium.

242 5212 367 5265 Post
392 5223 655 5281 peccatum
694 5210 836 5265 Dens
875 5212 1049 5265 datum
1081 5213 1276 5267 homini
1309 5213 1574 5285 imperium
1598 5212 1770 5267 inuni-

176 5304 298 5367 aru't,
320 5320 423 5358 non
449 5304 702 5373 abrogat;
729 5319 824 5355 cur
848 5302 1062 5356 hominis
1086 5304 1355 5374 imperium
1378 5306 1431 5358 in
1461 5304 1644 5357 bestias
1670 5305 1767 5357 im-

180 5395 418 5449 Iu'tultttm
447 5398 532 5451 sit.
555 5393 810 5462 —-—Quod
852 5404 1024 5450 autem
1067 5407 1151 5451 est
1188 5396 1523 5461 admirabile,
1555 5407 1609 5451 et
1631 5398 1771 5466 quod

182 5488 397 5544 maxime
419 5486 813 5550 subindicavit,
841 5501 960 5540 cum
988 5487 1303 5543 honoratum
1329 5498 1451 5543 ante
1474 5498 1775 5559 transgres-

181 5579 386 5643 sionem,
419 5597 487 5637 uc
524 5588 655 5651 post
705 5587 985 5648 peccatum
1025 5580 1237 5650 quidem
1282 5582 1505 5650 privarit
1545 5580 1767 5637 honore.

226 5740 289 5799 (α)
321 5739 502 5803 Aquila.

220 5805 281 5850 Μ
319 5801 602 5853 fliroifutin.

215 5869 273 5932 fr)
306 5886 346 5929 ο.)
361 5864 655 5917 mundius.

3381 365 3485 420 tta

1875 488 2110 544 Minniin
2135 490 2304 553 enim,
2332 489 2526 560 inquit,
2553 505 2668 544 cum
2694 488 2850 557 paulo
2874 487 3039 541 minus
3061 485 3123 540 ab
3148 485 3361 556 angelis,
3382 483 3486 540 hoc

1872 592 1977 651 est,
2007 592 2182 641 morte
2222 583 2595 639 condcmnasti
2644 596 2765 636 cum
2811 590 3117 651 peccasset;
3160 593 3268 633 non
3304 587 3484 632 Lamcn

1874 687 2152 748 postquam
2191 692 2315 733 eum
2360 685 2539 732 morte
2583 673 2991 737 condcmnasti,
3034 670 3178 727 dono
3204 686 3327 727 eum
3354 678 3484 739 spo-

1873 773 2013 828 liasti
2035 790 2065 827 7:
2093 781 2148 827 et
2175 781 2461 842 propterea
2486 779 2769 841 postquam
2801 766 2931 822 illud
2960 766 3117 829 dixit,
3156 764 3260 819 hoc
3293 762 3441 832 ponit
3466 802 3484 827 ,

1871 864 2164 920 ostendens
2209 862 2625 923 ineuarrabilcm
2676 861 2771 916 Dei
2816 859 3182 924 clementiam,
3212 855 3355 927 quod
3400 854 3485 909 vel

1872 960 2197 1015 diminutum
2244 968 2463 1029 propter
2508 972 2659 1011 suam
2709 953 3189 1026 transgressionem
3240 949 3489 1019 permisit.

1873 1069 1995 1110 esse
2032 1054 2219 1125 glorite
2244 1052 2453 1107 honore
2482 1061 2834 1111 coronatum,
2865 1047 3039 1102 nceci
3070 1043 3346 1115 abrogavit
3382 1042 3486 1097 imu

1876 1148 2104 1218 perium.
2133 1144 2190 1200 Si
2221 1153 2399 1200 autem
2424 1158 2609 1212 parum
2635 1140 2763 1212 quid
2792 1138 3057 1204 detraxit,
3086 1137 3188 1192 hoc
3211 1145 3296 1190 cst
3322 1136 3485 1191 etiam

1873 1240 1993 1310 ejus
2018 1238 2389 1309 providentia).
2418 1236 2550 1290 Nam
2574 1244 2700 1289 ante
2725 1230 3144 1287 inobedientiam
3171 1228 3488 1284 dominaba-

1874 1342 1961 1388 tur
1991 1332 2217 1388 hestiii:
2245 1342 2366 1402 post
2392 1329 2811 1385 inobcdientiam
2853 1336 3034 1381 autem
3080 1324 3150 1379 de
3193 1323 3295 1379 hac
3338 1333 3488 1391 pote-

1873 1429 2013 1473 state
2060 1418 2392 1487 aliqnantum
2443 1416 2739 1469 detractum
2797 1423 2898 1466 est.
2950 1410 3084 1466 Nam
3135 1424 3279 1464 nunc
3323 1409 3487 1463 etiam

1872 1509 2180 1565 dominatur
2224 1509 2303 1564 eis
2341 1507 2607 1578 aliquibus
2652 1505 2878 1570 artibus,
2906 1503 3001 1560 sed
3042 1518 3165 1557 cum
3208 1502 3401 1557 timore
3425 1516 3489 1554 ac

1875 1614 2131 1658 tremore.
2178 1600 2362 1672 Neque
2399 1600 2544 1656 enim
2583 1609 2750 1654 totum
2774 1597 3079 1668 imperium
3105 1594 3356 1660 susmlit,
3387 1607 3488 1647 nec

1876 1706 2049 1751 totum
2072 1695 2309 1764 reliquit,
2336 1692 2431 1749 sed
2459 1706 2817 1764 quaecumque
2854 1700 3013 1744 erant
3055 1688 3104 1744 ei
3151 1685 3371 1758 quidem
3416 1685 3484 1739 ad

1872 1789 2188 1844 alimentum
2234 1798 2289 1843 ct
2330 1786 2399 1840 ad
2454 1799 2590 1855 opus
2634 1782 2993 1848 necessarizc,
3041 1780 3313 1849 suijczas
3366 1792 3491 1833 esse

1876 1884 2119 1954 permisit
2149 1899 2162 1935 :
2190 1898 2310 1952 quit:
2352 1890 2532 1935 autem
2574 1888 2702 1933 sunt
2740 1875 3097 1941 efferatiores,
3129 1888 3234 1927 non
3277 1870 3486 1933 itidem,

1876 1988 1934 2034 ut
1978 1995 2043 2033 cx
2085 1994 2181 2032 sua
2218 1991 2343 2030 cum
2386 1974 2490 2029 illis
2524 1972 2871 2028 contentione
2898 1968 3057 2039 primi
3088 1964 3328 2038 parentis
3354 1962 3489 2019 Adae

1873 2073 2076 2130 veteris
2103 2072 2310 2142 peccati
2341 2068 2745 2123 admoneretur.
2778 2061 2935 2121 Unde
2959 2061 3124 2118 etiam
3145 2074 3211 2115 ex
3233 2071 3323 2123 eo,
3343 2054 3489 2128 quod

1872 2188 1981 2228 non
2012 2171 2167 2225 valde
2196 2168 2352 2223 nobis
2378 2165 2736 2235 subjiciuntur
2759 2202 2774 2228 ,
2813 2174 3069 2231 magnum
3096 2157 3307 2212 lucrum
3332 2167 3491 2210 acce-

1873 2266 1972 2323 dit.
2019 2263 2158 2334 Quid
2198 2263 2344 2317 enim
2373 2274 2476 2315 nos
2495 2259 2712 2329 juvaret
2736 2296 2753 2320 ,
2783 2254 2829 2311 si
2860 2253 3074 2311 leonem
3102 2256 3304 2307 nostra:
3334 2256 3490 2317 pineo

1873 2360 1997 2415 stati
2044 2357 2336 2414 obnoxium
2381 2366 2437 2410 et
2480 2350 2906 2409 mansuefactum
2954 2343 3317 2403 haberemus?
3355 2339 3489 2413 quid

1872 2452 2031 2509 nobis
2085 2450 2401 2521 prodesset,
2450 2446 2495 2501 si
2549 2444 2777 2517 pardum
2828 2424 3154 2497 haberemus
3203 2434 3490 2493 cicurem?

1870 2546 2015 2603 Nihil
2046 2545 2148 2600 nisi
2174 2542 2243 2598 ad
2274 2540 2635 2613 arrogantiam
2665 2547 2871 2592 tantum
2897 2543 2955 2590 et
2979 2530 3311 2602 superbiam.
3346 2528 3484 2584 Pro-

1875 2648 2058 2710 pterea
2090 2637 2186 2691 bas
2215 2634 2432 2705 quidem
2464 2630 2711 2704 permisit
2736 2644 2860 2686 esse
2885 2620 3185 2697 excalptas
3205 2622 3277 2679 ab
3314 2624 3491 2693 impe-

1874 2733 1955 2787 rio
1987 2749 2000 2784 :
2030 2746 2155 2802 quas
2177 2738 2305 2783 sunt
2326 2735 2507 2782 autem
2537 2722 2693 2779 nobis
2715 2722 2907 2787 utiles,
2936 2718 3116 2776 effecit
3140 2722 3451 2774 mansuetas
3469 2755 3486 2780 ,

1870 2823 2063 2880 bovem
2094 2829 2335 2877 arantem
2356 2862 2372 2887 ,
2409 2828 2467 2874 et
2503 2832 2661 2872 ovem
2699 2815 3041 2870 amicicntetn
3070 2809 3243 2868 nostri
3271 2808 3487 2864 nudita-

1870 2926 1983 2973 tem
2023 2915 2286 2985 corporis,
2327 2923 2380 2968 ct
2415 2913 2656 2983 jumeuta
2697 2919 2821 2981 apta
2863 2910 2932 2962 ad
2979 2921 3045 2964 ea
3073 2902 3320 2961 vehenda
3365 2917 3488 2977 qua:

1873 3007 2150 3079 importari
2199 3017 2291 3062 aut
2334 3005 2606 3076 exportari
2652 3010 2902 3073 possunt,
2927 3013 3059 3056 aves
3098 3006 3156 3055 et
3198 2998 3398 3068 pisces,
3428 3005 3490 3051 ut

1870 3111 2016 3160 esset
2046 3101 2203 3158 nobis
2227 3115 2415 3156 mensa
2442 3098 2659 3154 lautior.

1942 3197 1997 3254 8.
2025 3193 2491 3267 Quemadmodum
2511 3191 2654 3248 enim
2680 3205 2803 3247 cum
2824 3188 2945 3261 quis
2965 3184 3262 3244 exheredat
3288 3182 3480 3251 filium,

1873 3309 1978 3346 non
2008 3290 2182 3361 privat
2206 3302 2331 3342 eum
2361 3284 2633 3349 omnibus,
2656 3282 2752 3339 sed
2776 3290 2929 3352 parte
2950 3280 3152 3351 aliqua,
3183 3286 3241 3333 ut
3269 3291 3332 3333 se
3355 3290 3483 3332 cor-

1872 3386 2030 3452 rigat,
2059 3382 2131 3436 ita
2158 3380 2319 3435 etiam
2346 3376 2489 3433 Deus
2513 3393 2527 3431 :
2552 3376 2660 3429 imo
2684 3387 2794 3428 non
2819 3372 2919 3438 sic,
2942 3370 3038 3427 sed
3061 3378 3250 3426 contra
3282 3367 3481 3439 potius.

1870 3474 2045 3530 llomo
2065 3474 2229 3537 enim,
2260 3470 2351 3542 qui
2377 3466 2670 3525 exheredat
2689 3507 2704 3530 ,
2738 3464 2928 3535 majori
2956 3470 3107 3534 parte
3132 3462 3308 3532 privat
3330 3500 3345 3525 ,
3377 3461 3484 3517 mi-

1870 3581 2063 3621 norem
2105 3578 2237 3619 vero
2284 3560 2537 3631 relinquit
2571 3577 2585 3613 :
2621 3560 2761 3615 Deus
2797 3565 2978 3613 autem
3019 3553 3213 3625 majori
3252 3552 3440 3609 relicta
3467 3593 3482 3613 .

1869 3660 2060 3732 exigua
2095 3658 2315 3729 privavit
2351 3654 2710 3726 portiuncula,
2740 3651 2902 3723 idque
2930 3649 2997 3704 ad
3022 3651 3145 3720 ejus
3172 3647 3481 3711 utilitatem.

1871 3774 1941 3817 ne
1978 3761 2083 3816 alia
2120 3757 2299 3813 omnia
2349 3754 2506 3811 facile
2539 3759 2839 3825 superaret.
2887 3748 2995 3805 Sed
3041 3748 3144 3802 hoc
3182 3746 3357 3817 ipsum
3400 3753 3486 3799 est

1870 3854 2032 3910 etiam
2060 3852 2153 3908 Dei
2182 3848 2531 3921 providentia:
2550 3889 2564 3912 ,
2598 3845 2689 3917 qui
2733 3841 2967 3898 hominis
2990 3838 3310 3911 sapientiam
3334 3834 3487 3892 esci-

1874 3955 2014 4014 tans,
2034 3943 2398 4016 arrogantiam
2425 3940 2757 4011 deprimens,
2781 3946 2837 3993 et
2857 3929 3483 4005 intempestivumotium

1874 4041 2273 4107 interrumpens
2301 4035 2373 4105 (si
2403 4034 2547 4087 enim
2567 4032 2618 4088 ei
2647 4028 2829 4085 omnia
2854 4042 2979 4084 cum
3010 4024 3269 4081 facilitate
3297 4035 3475 4078 succe-

1871 4132 2082 4196 derent,
2118 4128 2345 4200 supinus
2371 4134 2423 4183 et
2450 4124 2745 4180 dissolutus
2771 4116 3089 4189 evasisset),
3117 4111 3485 4185 comparando

1872 4240 2056 4283 rerum
2085 4224 2203 4279 usui
2229 4220 2517 4277 admiscuit
2543 4215 2832 4289 quamdam
2860 4212 3231 4269 difficultatem
3252 4251 3268 4277 ,
3302 4217 3358 4262 ct
3386 4221 3485 4261 nec

1872 4318 2126 4375 omnibus
2154 4331 2277 4371 cum
2306 4315 2524 4378 labore,
2571 4327 2673 4367 nec
2710 4307 2962 4364 omnibus
2998 4306 3115 4361 sine
3153 4303 3339 4358 labore
3380 4299 3483 4354 frui

1873 4411 2120 4484 permisit
2164 4410 2239 4465 illi
2268 4426 2283 4463 :
2316 4408 2411 4464 sed
2450 4422 2573 4478 quae
2599 4403 2667 4459 ad
2697 4419 2852 4459 usum
2890 4399 3108 4471 quidem
3148 4396 3337 4460 sunt‘,
3367 4393 3486 4448 sine

1874 4508 2060 4563 labore
2085 4515 2139 4562 ct
2164 4502 2364 4561 sudore
2394 4501 2595 4557 habere
2624 4496 2868 4569 permisit
2901 4512 2913 4547 :
2943 4507 3065 4564 quae
3094 4506 3226 4547 vero
3256 4495 3381 4542 sunt
3415 4484 3483 4539 ad

1873 4603 2096 4659 delicias
2117 4644 2134 4667 ,
2166 4615 2286 4659 cum
2316 4598 2499 4653 labore
2523 4587 2585 4652 et‘
2605 4594 2802 4650 sudore
2831 4610 2846 4646 :
2877 4590 3066 4645 volens
3099 4586 3241 4641 hanc
3273 4596 3483 4655 quoque

1876 4695 2031 4751 nobis
2054 4694 2273 4750 nimiam
2305 4688 2524 4761 υττερίαὶ
2546 4687 2913 4743 securitatem.

1950 4788 2203 4843 Ferarum
2227 4800 2352 4840 usus
2377 4784 2513 4854 quis.
2531 4810 2605 4823 -—
2627 4778 2683 4835 Si
2709 4777 2830 4848 quis
2852 4784 3030 4830 autem
3059 4772 3203 4827 dicat
3231 4788 3245 4824 :
3275 4768 3343 4825 Et
3368 4766 3490 4839 quis

1874 4896 1955 4940 est
2000 4880 2157 4937 nobis
2198 4893 2327 4934 usus
2374 4874 2645 4933 ferarum?
2673 4872 2914 4928 dicemus
2948 4886 2962 4923 :
2997 4867 3237 4923 Primum
3269 4861 3487 4935 quidem

1874 4976 2069 5030 anima:
2102 4971 2455 5027 humilitatem
2479 4966 2741 5029 cilicium,
2774 4973 2828 5017 et
2855 4971 2915 5017 ut.
2940 4959 3104 5015 homo
3128 4973 3187 5013 se
3212 4965 3489 5018 exerceat,

1876 5076 1932 5122 et
1960 5065 2025 5121 ad
2055 5076 2331 5121 certamen
2361 5068 2660 5130 comparet,
2689 5055 2742 5110 in
2770 5068 2928 5109 causa
2954 5060 3102 5115 sunt,
3133 5065 3198 5105 ac
3224 5050 3378 5103 valde
3404 5062 3493 5100 ar-

1877 5167 2155 5229 rogantem
2182 5154 2412 5225 prOpriie
2438 5162 2641 5205 natura:
2666 5148 2960 5202 admonent
2982 5186 2997 5211 ,
3029 5141 3247 5215 quando
3274 5141 3490 5196 brutum

1877 5264 1961 5311 cst
2014 5254 2062 5309 ei
2111 5250 2371 5306 terribile.
2424 5247 2543 5303 .lam
2584 5258 2713 5298 vero
2758 5239 3128 5298 laborantibus
3172 5237 3492 5308 corporibus

1880 5349 2045 5402 nuilta
2084 5362 2151 5400 ex
2187 5343 2269 5397 his
2309 5343 2441 5395 fiunt
2480 5339 2892 5393 medicamenta.
2927 5333 3029 5402 Qui
3058 5335 3173 5388 haec
3202 5340 3381 5387 autem
3412 5330 3488 5384 iu-

1880 5449 2149 5511 terrngat,
2180 5452 2277 5492 cur
2305 5436 2431 5489 ft'l'll!
2454 5436 2605 5487 l’actzc
2636 5432 2764 5494 sint,
2796 5426 3148 5498 interrogabit
3175 5426 3361 5488 etiam,
3395 5436 3485 5477 cut

1880 5532 1934 5586 in
1964 5533 2119 5586 nobis
2150 5531 2217 5583 sit
2247 5529 2370 5582 bilis
2400 5538 2451 5581 et
2486 5524 2711 5595 pituita?
2754 5522 2887 5577 Nam
2914 5536 2978 5576 ea
3005 5534 3242 5591 quoque,
3268 5518 3313 5573 si
3336 5515 3484 5573 exci-

1883 5634 1987 5678 tata
2012 5623 2230 5687 fuerint,
2256 5632 2456 5676 exeunt
2487 5620 2599 5674 fera
2628 5616 3021 5681 vehementius,
3047 5615 3252 5683 totique
3280 5610 3491 5680 corpori

1880 5717 2101 5771 exitium
2132 5714 2380 5768 aderunt.
2415 5714 2583 5767 Porro
2615 5710 2769 5765 nobis
2793 5725 3005 5780 quoque
3036 5709 3172 5763 inest
3211 5708 3288 5762 ira
3317 5713 3372 5761 et
3404 5720 3497 5757 cu-

1874 5877 1881 5885 -
1949 5858 1964 5888 ι
2003 5862 2147 5911 t‘nns.
2174 5849 2260 5902 sed
2287 5864 2394 5919 31:1?
2418 5852 2481 5897 In!
2504 5849 2678 5899 rictht
2699 5846 2957 5915 pertinent.
