  <div class='ocr_page' id='page_1' title='image "/cluster/home/n/w/nwhite01/storage/ocr_20150623/55/pst.000005712540/111.png"; bbox 0 0 4154 6414; ppageno 0'>
   <div class='ocr_carea' id='block_1_1' title="bbox 810 398 911 455">
    <p class='ocr_par' dir='ltr' id='par_1_1' title="bbox 810 398 911 455">
     <span class='ocr_line' id='line_1_1' title="bbox 810 398 911 455; baseline -0.04 1"><span class='ocrx_word' id='word_1_1' title='bbox 810 398 911 455; x_wconf 81' lang='lat' dir='ltr'><strong>H9</strong></span> 
     </span>
    </p>
   </div>
   <div class='ocr_carea' id='block_1_2' title="bbox 803 506 2382 582">
    <p class='ocr_par' dir='ltr' id='par_1_2' title="bbox 803 506 2382 582">
     <span class='ocr_line' id='line_1_2' title="bbox 803 506 2382 582; baseline -0.004 -16"><span class='ocrx_word' id='word_1_2' title='bbox 803 513 1027 581; x_wconf 86' lang='lat' dir='ltr'><strong>piditas,</strong></span> <span class='ocrx_word' id='word_1_3' title='bbox 1055 526 1173 582; x_wconf 71' lang='lat' dir='ltr'><strong>qua:</strong></span> <span class='ocrx_word' id='word_1_4' title='bbox 1210 509 1339 581; x_wconf 85' lang='lat' dir='ltr'><strong>ipsis</strong></span> <span class='ocrx_word' id='word_1_5' title='bbox 1370 522 1583 581; x_wconf 83' lang='lat' dir='ltr'><strong>quoque</strong></span> <span class='ocrx_word' id='word_1_6' title='bbox 1606 509 1734 566; x_wconf 77' lang='lat' dir='ltr'><strong>ieris</strong></span> <span class='ocrx_word' id='word_1_7' title='bbox 1763 509 1975 580; x_wconf 76' lang='lat' dir='ltr'><strong>gravius</strong></span> <span class='ocrx_word' id='word_1_8' title='bbox 2000 506 2152 563; x_wconf 89' lang='lat' dir='ltr'><strong>uobis</strong></span> <span class='ocrx_word' id='word_1_9' title='bbox 2178 506 2382 561; x_wconf 83' lang='lat' dir='ltr'><strong>incom-</strong></span> 
     </span>
    </p>
   </div>
   <div class='ocr_carea' id='block_1_3' title="bbox 802 598 2377 666">
    <p class='ocr_par' dir='ltr' id='par_1_3' title="bbox 802 598 2377 666">
     <span class='ocr_line' id='line_1_3' title="bbox 802 598 2377 666; baseline -0.006 -9"><span class='ocrx_word' id='word_1_10' title='bbox 802 602 1019 657; x_wconf 86' lang='lat' dir='ltr'><strong>modum</strong></span> <span class='ocrx_word' id='word_1_11' title='bbox 1051 601 1279 657; x_wconf 83' lang='lat' dir='ltr'><strong>all‘eront</strong></span> <span class='ocrx_word' id='word_1_12' title='bbox 1296 642 1312 666; x_wconf 87' lang='lat'><strong>,</strong></span> <span class='ocrx_word' id='word_1_13' title='bbox 1339 599 1440 655; x_wconf 91' lang='lat' dir='ltr'><strong>nisi</strong></span> <span class='ocrx_word' id='word_1_14' title='bbox 1466 614 1559 656; x_wconf 88' lang='lat' dir='ltr'><strong>eas</strong></span> <span class='ocrx_word' id='word_1_15' title='bbox 1581 614 1923 656; x_wconf 77' lang='lat' dir='ltr'><strong>coerceamus</strong></span> <span class='ocrx_word' id='word_1_16' title='bbox 1950 609 2004 653; x_wconf 91' lang='lat' dir='ltr'><strong>et</strong></span> <span class='ocrx_word' id='word_1_17' title='bbox 2028 598 2377 653; x_wconf 74' lang='lat' dir='ltr'><strong>refrenemus.</strong></span> 
     </span>
    </p>
   </div>
   <div class='ocr_carea' id='block_1_4' title="bbox 800 686 2377 762">
    <p class='ocr_par' dir='ltr' id='par_1_4' title="bbox 800 686 2377 762">
     <span class='ocr_line' id='line_1_4' title="bbox 800 686 2377 762; baseline -0.006 -13"><span class='ocrx_word' id='word_1_18' title='bbox 800 693 938 762; x_wconf 87' lang='lat' dir='ltr'><strong>Quid</strong></span> <span class='ocrx_word' id='word_1_19' title='bbox 983 702 1161 749; x_wconf 88' lang='lat' dir='ltr'><strong>autem</strong></span> <span class='ocrx_word' id='word_1_20' title='bbox 1198 692 1319 747; x_wconf 85' lang='lat' dir='ltr'><strong>dico</strong></span> <span class='ocrx_word' id='word_1_21' title='bbox 1354 691 1589 747; x_wconf 83' lang='lat' dir='ltr'><strong>animum</strong></span> <span class='ocrx_word' id='word_1_22' title='bbox 1620 700 1677 747; x_wconf 91' lang='lat' dir='ltr'><strong>et</strong></span> <span class='ocrx_word' id='word_1_23' title='bbox 1718 692 1872 758; x_wconf 88' lang='lat' dir='ltr'><strong>iram,</strong></span> <span class='ocrx_word' id='word_1_24' title='bbox 1905 704 2025 745; x_wconf 90' lang='lat' dir='ltr'><strong>cum</strong></span> <span class='ocrx_word' id='word_1_25' title='bbox 2070 690 2185 758; x_wconf 86' lang='lat' dir='ltr'><strong>ipse</strong></span> <span class='ocrx_word' id='word_1_26' title='bbox 2218 686 2377 741; x_wconf 88' lang='lat' dir='ltr'><strong>etiam</strong></span> 
     </span>
    </p>
   </div>
   <div class='ocr_carea' id='block_1_5' title="bbox 798 778 2377 852">
    <p class='ocr_par' dir='ltr' id='par_1_5' title="bbox 798 778 2377 852">
     <span class='ocr_line' id='line_1_5' title="bbox 798 778 2377 852; baseline -0.004 -14"><span class='ocrx_word' id='word_1_27' title='bbox 798 794 979 838; x_wconf 85' lang='lat' dir='ltr'><strong>noster</strong></span> <span class='ocrx_word' id='word_1_28' title='bbox 1004 782 1191 838; x_wconf 89' lang='lat' dir='ltr'><strong>oculus</strong></span> <span class='ocrx_word' id='word_1_29' title='bbox 1232 782 1285 837; x_wconf 88' lang='lat' dir='ltr'><strong>in</strong></span> <span class='ocrx_word' id='word_1_30' title='bbox 1326 782 1557 852; x_wconf 75' lang='lat' dir='ltr'><strong>pejores,</strong></span> <span class='ocrx_word' id='word_1_31' title='bbox 1586 796 1742 852; x_wconf 78' lang='lat' dir='ltr'><strong>quam</strong></span> <span class='ocrx_word' id='word_1_32' title='bbox 1767 779 1915 846; x_wconf 68' lang='lat' dir='ltr'><strong>ferte,</strong></span> <span class='ocrx_word' id='word_1_33' title='bbox 1942 778 2251 834; x_wconf 80' lang='lat' dir='ltr'><strong>aﬁectiones</strong></span> <span class='ocrx_word' id='word_1_34' title='bbox 2279 791 2377 831; x_wconf 87' lang='lat' dir='ltr'><strong>nos</strong></span> 
     </span>
    </p>
   </div>
   <div class='ocr_carea' id='block_1_6' title="bbox 797 873 2376 945">
    <p class='ocr_par' dir='ltr' id='par_1_6' title="bbox 797 873 2376 945">
     <span class='ocr_line' id='line_1_6' title="bbox 797 873 2376 945; baseline -0.006 -14"><span class='ocrx_word' id='word_1_35' title='bbox 797 873 1109 945; x_wconf 59' lang='lat' dir='ltr'><strong>pracipitet,</strong></span> <span class='ocrx_word' id='word_1_36' title='bbox 1138 884 1197 930; x_wconf 90' lang='lat' dir='ltr'><strong>ut</strong></span> <span class='ocrx_word' id='word_1_37' title='bbox 1223 873 1312 945; x_wconf 92' lang='lat' dir='ltr'><strong>qui</strong></span> <span class='ocrx_word' id='word_1_38' title='bbox 1342 888 1441 930; x_wconf 88' lang='lat' dir='ltr'><strong>nos</strong></span> <span class='ocrx_word' id='word_1_39' title='bbox 1466 874 1518 929; x_wconf 90' lang='lat' dir='ltr'><strong>in</strong></span> <span class='ocrx_word' id='word_1_40' title='bbox 1544 888 1780 927; x_wconf 87' lang='lat' dir='ltr'><strong>amorem</strong></span> <span class='ocrx_word' id='word_1_41' title='bbox 1802 873 2051 927; x_wconf 88' lang='lat' dir='ltr'><strong>acerbum</strong></span> <span class='ocrx_word' id='word_1_42' title='bbox 2081 878 2219 923; x_wconf 85' lang='lat' dir='ltr'><strong>totos</strong></span> <span class='ocrx_word' id='word_1_43' title='bbox 2241 882 2376 923; x_wconf 82' lang='lat' dir='ltr'><strong>con-</strong></span> 
     </span>
    </p>
   </div>
   <div class='ocr_carea' id='block_1_7' title="bbox 796 958 2372 1035">
    <p class='ocr_par' dir='ltr' id='par_1_7' title="bbox 796 958 2372 1035">
     <span class='ocr_line' id='line_1_7' title="bbox 796 958 2372 1035; baseline -0.001 -18"><span class='ocrx_word' id='word_1_44' title='bbox 796 966 957 1035; x_wconf 77' lang='lat' dir='ltr'><strong>ligat?</strong></span> <span class='ocrx_word' id='word_1_45' title='bbox 982 964 1087 1022; x_wconf 85' lang='lat' dir='ltr'><strong>Sed</strong></span> <span class='ocrx_word' id='word_1_46' title='bbox 1113 980 1219 1021; x_wconf 79' lang='lat' dir='ltr'><strong>non</strong></span> <span class='ocrx_word' id='word_1_47' title='bbox 1250 965 1370 1021; x_wconf 88' lang='lat' dir='ltr'><strong>ideo</strong></span> <span class='ocrx_word' id='word_1_48' title='bbox 1392 964 1651 1028; x_wconf 89' lang='lat' dir='ltr'><strong>dicemus,</strong></span> <span class='ocrx_word' id='word_1_49' title='bbox 1677 963 1787 1019; x_wconf 88' lang='lat' dir='ltr'><strong>Cur</strong></span> <span class='ocrx_word' id='word_1_50' title='bbox 1806 964 1920 1018; x_wconf 62' lang='lat' dir='ltr'><strong>haec</strong></span> <span class='ocrx_word' id='word_1_51' title='bbox 1940 962 2073 1018; x_wconf 87' lang='lat' dir='ltr'><strong>facta</strong></span> <span class='ocrx_word' id='word_1_52' title='bbox 2088 969 2212 1017; x_wconf 87' lang='lat' dir='ltr'><strong>sunt</strong></span> <span class='ocrx_word' id='word_1_53' title='bbox 2228 958 2254 1012; x_wconf 80' lang='lat'><strong>?</strong></span> <span class='ocrx_word' id='word_1_54' title='bbox 2279 958 2372 1015; x_wconf 79' lang='lat' dir='ltr'><strong>sed</strong></span> 
     </span>
    </p>
   </div>
   <div class='ocr_carea' id='block_1_8' title="bbox 791 1051 2371 1127">
    <p class='ocr_par' dir='ltr' id='par_1_8' title="bbox 791 1051 2371 1127">
     <span class='ocr_line' id='line_1_8' title="bbox 791 1051 2371 1127; baseline -0.003 -16"><span class='ocrx_word' id='word_1_55' title='bbox 791 1056 953 1113; x_wconf 86' lang='lat' dir='ltr'><strong>etiam</strong></span> <span class='ocrx_word' id='word_1_56' title='bbox 1000 1072 1097 1127; x_wconf 90' lang='lat' dir='ltr'><strong>pro</strong></span> <span class='ocrx_word' id='word_1_57' title='bbox 1134 1057 1381 1113; x_wconf 81' lang='lat' dir='ltr'><strong>omnibus</strong></span> <span class='ocrx_word' id='word_1_58' title='bbox 1431 1056 1653 1113; x_wconf 89' lang='lat' dir='ltr'><strong>Domino</strong></span> <span class='ocrx_word' id='word_1_59' title='bbox 1696 1056 1893 1127; x_wconf 75' lang='lat' dir='ltr'><strong>gratias</strong></span> <span class='ocrx_word' id='word_1_60' title='bbox 1936 1068 2173 1126; x_wconf 87' lang='lat' dir='ltr'><strong>agemus.</strong></span> <span class='ocrx_word' id='word_1_61' title='bbox 2218 1051 2371 1120; x_wconf 84' lang='lat' dir='ltr'><strong>Quod</strong></span> 
     </span>
    </p>
   </div>
   <div class='ocr_carea' id='block_1_9' title="bbox 792 1144 2371 1219">
    <p class='ocr_par' dir='ltr' id='par_1_9' title="bbox 792 1144 2371 1219">
     <span class='ocr_line' id='line_1_9' title="bbox 792 1144 2371 1219; baseline -0.001 -18"><span class='ocrx_word' id='word_1_62' title='bbox 792 1148 937 1203; x_wconf 90' lang='lat' dir='ltr'><strong>enim</strong></span> <span class='ocrx_word' id='word_1_63' title='bbox 960 1159 1041 1204; x_wconf 88' lang='lat' dir='ltr'><strong>est</strong></span> <span class='ocrx_word' id='word_1_64' title='bbox 1069 1162 1235 1219; x_wconf 91' lang='lat' dir='ltr'><strong>puero</strong></span> <span class='ocrx_word' id='word_1_65' title='bbox 1258 1148 1493 1213; x_wconf 85' lang='lat' dir='ltr'><strong>scutica,</strong></span> <span class='ocrx_word' id='word_1_66' title='bbox 1525 1147 1627 1203; x_wconf 89' lang='lat' dir='ltr'><strong>hoc</strong></span> <span class='ocrx_word' id='word_1_67' title='bbox 1671 1158 1754 1203; x_wconf 88' lang='lat' dir='ltr'><strong>est</strong></span> <span class='ocrx_word' id='word_1_68' title='bbox 1792 1146 1902 1201; x_wconf 75' lang='lat' dir='ltr'><strong>fera</strong></span> <span class='ocrx_word' id='word_1_69' title='bbox 1944 1144 2268 1201; x_wconf 87' lang='lat' dir='ltr'><strong>hominibus.</strong></span> <span class='ocrx_word' id='word_1_70' title='bbox 2313 1144 2371 1199; x_wconf 88' lang='lat' dir='ltr'><strong>Si</strong></span> 
     </span>
    </p>
   </div>
   <div class='ocr_carea' id='block_1_10' title="bbox 789 1236 2372 1310">
    <p class='ocr_par' dir='ltr' id='par_1_10' title="bbox 789 1236 2372 1310">
     <span class='ocr_line' id='line_1_10' title="bbox 789 1236 2372 1310; baseline -0.003 -15"><span class='ocrx_word' id='word_1_71' title='bbox 789 1238 933 1295; x_wconf 88' lang='lat' dir='ltr'><strong>enim</strong></span> <span class='ocrx_word' id='word_1_72' title='bbox 961 1253 1087 1295; x_wconf 83' lang='lat' dir='ltr'><strong>cum</strong></span> <span class='ocrx_word' id='word_1_73' title='bbox 1108 1240 1191 1295; x_wconf 77' lang='lat' dir='ltr'><strong>vel</strong></span> <span class='ocrx_word' id='word_1_74' title='bbox 1217 1248 1295 1295; x_wconf 91' lang='lat' dir='ltr'><strong>tot</strong></span> <span class='ocrx_word' id='word_1_75' title='bbox 1319 1240 1479 1295; x_wconf 85' lang='lat' dir='ltr'><strong>rebus</strong></span> <span class='ocrx_word' id='word_1_76' title='bbox 1499 1240 1701 1310; x_wconf 75' lang='lat' dir='ltr'><strong>asperis</strong></span> <span class='ocrx_word' id='word_1_77' title='bbox 1720 1240 2112 1305; x_wconf 86' lang='lat' dir='ltr'><strong>contineantur,</strong></span> <span class='ocrx_word' id='word_1_78' title='bbox 2133 1236 2372 1307; x_wconf 90' lang='lat' dir='ltr'><strong>plerique</strong></span> 
     </span>
    </p>
   </div>
   <div class='ocr_carea' id='block_1_11' title="bbox 789 1326 2383 1401">
    <p class='ocr_par' dir='ltr' id='par_1_11' title="bbox 789 1326 2383 1401">
     <span class='ocr_line' id='line_1_11' title="bbox 789 1326 2383 1401; baseline -0.001 -16"><span class='ocrx_word' id='word_1_79' title='bbox 789 1337 977 1386; x_wconf 73' lang='lat' dir='ltr'><strong>tamen</strong></span> <span class='ocrx_word' id='word_1_80' title='bbox 1016 1330 1069 1386; x_wconf 93' lang='lat' dir='ltr'><strong>in</strong></span> <span class='ocrx_word' id='word_1_81' title='bbox 1115 1340 1316 1387; x_wconf 85' lang='lat' dir='ltr'><strong>tantam</strong></span> <span class='ocrx_word' id='word_1_82' title='bbox 1360 1331 1686 1386; x_wconf 85' lang='lat' dir='ltr'><strong>extolluntur</strong></span> <span class='ocrx_word' id='word_1_83' title='bbox 1727 1331 2081 1401; x_wconf 70' lang='lat' dir='ltr'><strong>arrogantiam</strong></span> <span class='ocrx_word' id='word_1_84' title='bbox 2121 1347 2137 1384; x_wconf 90' lang='lat'><strong>:</strong></span> <span class='ocrx_word' id='word_1_85' title='bbox 2178 1329 2223 1384; x_wconf 92' lang='lat' dir='ltr'><strong>si</strong></span> <span class='ocrx_word' id='word_1_86' title='bbox 2264 1326 2383 1383; x_wconf 57' lang='lat' dir='ltr'><strong>hoc.</strong></span> 
     </span>
    </p>
   </div>
   <div class='ocr_carea' id='block_1_12' title="bbox 708 1418 2366 1491">
    <p class='ocr_par' dir='ltr' id='par_1_12' title="bbox 708 1418 2366 1491">
     <span class='ocr_line' id='line_1_12' title="bbox 708 1418 2366 1491; baseline -0.003 -13"><span class='ocrx_word' id='word_1_87' title='bbox 708 1425 715 1432; x_wconf 84' lang='grc'><strong>”</strong></span> <span class='ocrx_word' id='word_1_88' title='bbox 785 1420 945 1478; x_wconf 73' lang='lat' dir='ltr'><strong>etiam</strong></span> <span class='ocrx_word' id='word_1_89' title='bbox 987 1422 1196 1478; x_wconf 84' lang='lat' dir='ltr'><strong>frenum</strong></span> <span class='ocrx_word' id='word_1_90' title='bbox 1244 1422 1529 1487; x_wconf 80' lang='lat' dir='ltr'><strong>ademeris,</strong></span> <span class='ocrx_word' id='word_1_91' title='bbox 1570 1420 1848 1477; x_wconf 84' lang='lat' dir='ltr'><strong>considera</strong></span> <span class='ocrx_word' id='word_1_92' title='bbox 1888 1436 1998 1491; x_wconf 88' lang='lat' dir='ltr'><strong>quo</strong></span> <span class='ocrx_word' id='word_1_93' title='bbox 2043 1421 2115 1475; x_wconf 90' lang='lat' dir='ltr'><strong>sit</strong></span> <span class='ocrx_word' id='word_1_94' title='bbox 2152 1418 2366 1474; x_wconf 89' lang='lat' dir='ltr'><strong>tandem</strong></span> 
     </span>
    </p>
   </div>
   <div class='ocr_carea' id='block_1_13' title="bbox 789 1508 2366 1582">
    <p class='ocr_par' dir='ltr' id='par_1_13' title="bbox 789 1508 2366 1582">
     <span class='ocr_line' id='line_1_13' title="bbox 789 1508 2366 1582; baseline -0.001 -15"><span class='ocrx_word' id='word_1_95' title='bbox 789 1525 1099 1581; x_wconf 80' lang='lat' dir='ltr'><strong>processura</strong></span> <span class='ocrx_word' id='word_1_96' title='bbox 1142 1512 1471 1582; x_wconf 86' lang='lat' dir='ltr'><strong>improbitas.</strong></span> <span class='ocrx_word' id='word_1_97' title='bbox 1512 1511 1588 1569; x_wconf 83' lang='lat' dir='ltr'><strong>Ea</strong></span> <span class='ocrx_word' id='word_1_98' title='bbox 1617 1512 1685 1567; x_wconf 84' lang='lat' dir='ltr'><strong>de</strong></span> <span class='ocrx_word' id='word_1_99' title='bbox 1712 1525 1868 1566; x_wconf 90' lang='lat' dir='ltr'><strong>causa</strong></span> <span class='ocrx_word' id='word_1_100' title='bbox 1896 1510 2076 1565; x_wconf 90' lang='lat' dir='ltr'><strong>datum</strong></span> <span class='ocrx_word' id='word_1_101' title='bbox 2101 1518 2184 1565; x_wconf 86' lang='lat' dir='ltr'><strong>est</strong></span> <span class='ocrx_word' id='word_1_102' title='bbox 2213 1508 2366 1565; x_wconf 89' lang='lat' dir='ltr'><strong>nobis</strong></span> 
     </span>
    </p>
   </div>
   <div class='ocr_carea' id='block_1_14' title="bbox 784 1598 2366 1671">
    <p class='ocr_par' dir='ltr' id='par_1_14' title="bbox 784 1598 2366 1671">
     <span class='ocr_line' id='line_1_14' title="bbox 784 1598 2366 1671; baseline -0.001 -16"><span class='ocrx_word' id='word_1_103' title='bbox 784 1614 976 1671; x_wconf 84' lang='lat' dir='ltr'><strong>corpus</strong></span> <span class='ocrx_word' id='word_1_104' title='bbox 1002 1601 1137 1656; x_wconf 80' lang='lat' dir='ltr'><strong>adeo</strong></span> <span class='ocrx_word' id='word_1_105' title='bbox 1166 1602 1366 1656; x_wconf 86' lang='lat' dir='ltr'><strong>morbis</strong></span> <span class='ocrx_word' id='word_1_106' title='bbox 1389 1600 1698 1666; x_wconf 78' lang='lat' dir='ltr'><strong>obnoxium,</strong></span> <span class='ocrx_word' id='word_1_107' title='bbox 1730 1599 1965 1669; x_wconf 85' lang='lat' dir='ltr'><strong>patibile,</strong></span> <span class='ocrx_word' id='word_1_108' title='bbox 1991 1599 2131 1669; x_wconf 91' lang='lat' dir='ltr'><strong>quod</strong></span> <span class='ocrx_word' id='word_1_109' title='bbox 2152 1598 2366 1655; x_wconf 88' lang='lat' dir='ltr'><strong>obside-</strong></span> 
     </span>
    </p>
   </div>
   <div class='ocr_carea' id='block_1_15' title="bbox 785 1692 2360 1762">
    <p class='ocr_par' dir='ltr' id='par_1_15' title="bbox 785 1692 2360 1762">
     <span class='ocr_line' id='line_1_15' title="bbox 785 1692 2360 1762; baseline 0 -19"><span class='ocrx_word' id='word_1_110' title='bbox 785 1699 871 1746; x_wconf 91' lang='lat' dir='ltr'><strong>tur</strong></span> <span class='ocrx_word' id='word_1_111' title='bbox 891 1706 922 1745; x_wconf 86' lang='lat' dir='ltr'><strong>a</strong></span> <span class='ocrx_word' id='word_1_112' title='bbox 952 1692 1106 1747; x_wconf 91' lang='lat' dir='ltr'><strong>malis</strong></span> <span class='ocrx_word' id='word_1_113' title='bbox 1134 1692 1607 1747; x_wconf 78' lang='lat' dir='ltr'><strong>innumerabilibus</strong></span> <span class='ocrx_word' id='word_1_114' title='bbox 1634 1701 1727 1746; x_wconf 89' lang='lat' dir='ltr'><strong>:et</strong></span> <span class='ocrx_word' id='word_1_115' title='bbox 1757 1701 1916 1759; x_wconf 82' lang='lat' dir='ltr'><strong>tem,</strong></span> <span class='ocrx_word' id='word_1_116' title='bbox 1948 1707 2068 1762; x_wconf 70' lang='lat' dir='ltr'><strong>quae</strong></span> <span class='ocrx_word' id='word_1_117' title='bbox 2093 1706 2188 1746; x_wconf 89' lang='lat' dir='ltr'><strong>sua</strong></span> <span class='ocrx_word' id='word_1_118' title='bbox 2213 1700 2360 1759; x_wconf 85' lang='lat' dir='ltr'><strong>sunt,</strong></span> 
     </span>
    </p>
   </div>
   <div class='ocr_carea' id='block_1_16' title="bbox 782 1779 2363 1851">
    <p class='ocr_par' dir='ltr' id='par_1_16' title="bbox 782 1779 2363 1851">
     <span class='ocr_line' id='line_1_16' title="bbox 782 1779 2363 1851; baseline 0 -16"><span class='ocrx_word' id='word_1_119' title='bbox 782 1779 1027 1849; x_wconf 78' lang='lat' dir='ltr'><strong>producit</strong></span> <span class='ocrx_word' id='word_1_120' title='bbox 1065 1796 1189 1837; x_wconf 89' lang='lat' dir='ltr'><strong>cum</strong></span> <span class='ocrx_word' id='word_1_121' title='bbox 1232 1781 1541 1837; x_wconf 82' lang='lat' dir='ltr'><strong>laboribus:</strong></span> <span class='ocrx_word' id='word_1_122' title='bbox 1568 1790 1623 1836; x_wconf 90' lang='lat' dir='ltr'><strong>et</strong></span> <span class='ocrx_word' id='word_1_123' title='bbox 1665 1783 1907 1836; x_wconf 78' lang='lat' dir='ltr'><strong>universa</strong></span> <span class='ocrx_word' id='word_1_124' title='bbox 1944 1784 2049 1835; x_wconf 80' lang='lat' dir='ltr'><strong>vita</strong></span> <span class='ocrx_word' id='word_1_125' title='bbox 2089 1780 2242 1851; x_wconf 87' lang='lat' dir='ltr'><strong>plena</strong></span> <span class='ocrx_word' id='word_1_126' title='bbox 2280 1789 2363 1835; x_wconf 85' lang='lat' dir='ltr'><strong>est</strong></span> 
     </span>
    </p>
   </div>
   <div class='ocr_carea' id='block_1_17' title="bbox 778 1870 2359 1942">
    <p class='ocr_par' dir='ltr' id='par_1_17' title="bbox 778 1870 2359 1942">
     <span class='ocr_line' id='line_1_17' title="bbox 778 1870 2359 1942; baseline -0.001 -17"><span class='ocrx_word' id='word_1_127' title='bbox 778 1872 1086 1927; x_wconf 84' lang='lat' dir='ltr'><strong>sudoribus.</strong></span> <span class='ocrx_word' id='word_1_128' title='bbox 1122 1872 1381 1939; x_wconf 85' lang='lat' dir='ltr'><strong>Quoniam</strong></span> <span class='ocrx_word' id='word_1_129' title='bbox 1404 1887 1641 1942; x_wconf 74' lang='lat' dir='ltr'><strong>praesens</strong></span> <span class='ocrx_word' id='word_1_130' title='bbox 1669 1872 1771 1926; x_wconf 81' lang='lat' dir='ltr'><strong>vita</strong></span> <span class='ocrx_word' id='word_1_131' title='bbox 1794 1884 1879 1928; x_wconf 90' lang='lat' dir='ltr'><strong>est</strong></span> <span class='ocrx_word' id='word_1_132' title='bbox 1903 1873 2064 1927; x_wconf 69' lang='lat' dir='ltr'><strong>veluti</strong></span> <span class='ocrx_word' id='word_1_133' title='bbox 2092 1870 2359 1942; x_wconf 90' lang='lat' dir='ltr'><strong>quodnam</strong></span> 
     </span>
    </p>
   </div>
   <div class='ocr_carea' id='block_1_18' title="bbox 776 1961 2361 2033">
    <p class='ocr_par' dir='ltr' id='par_1_18' title="bbox 776 1961 2361 2033">
     <span class='ocr_line' id='line_1_18' title="bbox 776 1961 2361 2033; baseline -0.001 -17"><span class='ocrx_word' id='word_1_134' title='bbox 776 1962 1133 2033; x_wconf 76' lang='lat' dir='ltr'><strong>gymnasium,</strong></span> <span class='ocrx_word' id='word_1_135' title='bbox 1179 1964 1453 2032; x_wconf 89' lang='lat' dir='ltr'><strong>otiumque</strong></span> <span class='ocrx_word' id='word_1_136' title='bbox 1485 1972 1540 2016; x_wconf 93' lang='lat' dir='ltr'><strong>et</strong></span> <span class='ocrx_word' id='word_1_137' title='bbox 1581 1963 1825 2017; x_wconf 80' lang='lat' dir='ltr'><strong>remissio</strong></span> <span class='ocrx_word' id='word_1_138' title='bbox 1872 1961 2149 2031; x_wconf 87' lang='lat' dir='ltr'><strong>plerosque</strong></span> <span class='ocrx_word' id='word_1_139' title='bbox 2187 1961 2361 2030; x_wconf 85' lang='lat' dir='ltr'><strong>perdit</strong></span> 
     </span>
    </p>
   </div>
   <div class='ocr_carea' id='block_1_19' title="bbox 777 2051 2355 2125">
    <p class='ocr_par' dir='ltr' id='par_1_19' title="bbox 777 2051 2355 2125">
     <span class='ocr_line' id='line_1_19' title="bbox 777 2051 2355 2125; baseline 0 -20"><span class='ocrx_word' id='word_1_140' title='bbox 777 2052 1020 2109; x_wconf 77' lang='lat' dir='ltr'><strong>homines</strong></span> <span class='ocrx_word' id='word_1_141' title='bbox 1039 2094 1054 2118; x_wconf 91' lang='lat'><strong>,</strong></span> <span class='ocrx_word' id='word_1_142' title='bbox 1093 2063 1369 2125; x_wconf 79' lang='lat' dir='ltr'><strong>propterea</strong></span> <span class='ocrx_word' id='word_1_143' title='bbox 1399 2052 1664 2122; x_wconf 89' lang='lat' dir='ltr'><strong>negotium</strong></span> <span class='ocrx_word' id='word_1_144' title='bbox 1695 2062 1748 2105; x_wconf 90' lang='lat' dir='ltr'><strong>et</strong></span> <span class='ocrx_word' id='word_1_145' title='bbox 1777 2051 2010 2107; x_wconf 84' lang='lat' dir='ltr'><strong>laborem</strong></span> <span class='ocrx_word' id='word_1_146' title='bbox 2036 2052 2315 2107; x_wconf 83' lang='lat' dir='ltr'><strong>admiscuit</strong></span> <span class='ocrx_word' id='word_1_147' title='bbox 2339 2093 2355 2117; x_wconf 93' lang='lat'><strong>,</strong></span> 
     </span>
    </p>
   </div>
   <div class='ocr_carea' id='block_1_20' title="bbox 777 2142 2353 2215">
    <p class='ocr_par' dir='ltr' id='par_1_20' title="bbox 777 2142 2353 2215">
     <span class='ocr_line' id='line_1_20' title="bbox 777 2142 2353 2215; baseline 0 -20"><span class='ocrx_word' id='word_1_148' title='bbox 777 2151 834 2196; x_wconf 92' lang='lat' dir='ltr'><strong>ut</strong></span> <span class='ocrx_word' id='word_1_149' title='bbox 870 2152 1135 2214; x_wconf 88' lang='lat' dir='ltr'><strong>tamquam</strong></span> <span class='ocrx_word' id='word_1_150' title='bbox 1163 2159 1194 2197; x_wconf 89' lang='lat' dir='ltr'><strong>a</strong></span> <span class='ocrx_word' id='word_1_151' title='bbox 1218 2142 1532 2215; x_wconf 87' lang='lat' dir='ltr'><strong>quibusdam</strong></span> <span class='ocrx_word' id='word_1_152' title='bbox 1559 2142 1720 2198; x_wconf 76' lang='lat' dir='ltr'><strong>frenis</strong></span> <span class='ocrx_word' id='word_1_153' title='bbox 1745 2145 2031 2213; x_wconf 86' lang='lat' dir='ltr'><strong>castigetur</strong></span> <span class='ocrx_word' id='word_1_154' title='bbox 2064 2142 2353 2197; x_wconf 85' lang='lat' dir='ltr'><strong>acrimonia</strong></span> 
     </span>
    </p>
   </div>
   <div class='ocr_carea' id='block_1_21' title="bbox 774 2232 2356 2304">
    <p class='ocr_par' dir='ltr' id='par_1_21' title="bbox 774 2232 2356 2304">
     <span class='ocr_line' id='line_1_21' title="bbox 774 2232 2356 2304; baseline 0.002 -18"><span class='ocrx_word' id='word_1_155' title='bbox 774 2232 989 2287; x_wconf 89' lang='lat' dir='ltr'><strong>mentis.</strong></span> <span class='ocrx_word' id='word_1_156' title='bbox 1036 2232 1113 2288; x_wconf 84' lang='lat' dir='ltr'><strong>Tu</strong></span> <span class='ocrx_word' id='word_1_157' title='bbox 1156 2244 1332 2288; x_wconf 88' lang='lat' dir='ltr'><strong>autem</strong></span> <span class='ocrx_word' id='word_1_158' title='bbox 1362 2234 1639 2290; x_wconf 87' lang='lat' dir='ltr'><strong>considera</strong></span> <span class='ocrx_word' id='word_1_159' title='bbox 1664 2234 1934 2304; x_wconf 90' lang='lat' dir='ltr'><strong>quomodo</strong></span> <span class='ocrx_word' id='word_1_160' title='bbox 1959 2247 2020 2288; x_wconf 92' lang='lat' dir='ltr'><strong>ea</strong></span> <span class='ocrx_word' id='word_1_161' title='bbox 2049 2233 2208 2289; x_wconf 84' lang='lat' dir='ltr'><strong>etiam</strong></span> <span class='ocrx_word' id='word_1_162' title='bbox 2236 2250 2356 2302; x_wconf 65' lang='lat' dir='ltr'><strong>quae</strong></span> 
     </span>
    </p>
   </div>
   <div class='ocr_carea' id='block_1_22' title="bbox 773 2323 2355 2397">
    <p class='ocr_par' dir='ltr' id='par_1_22' title="bbox 773 2323 2355 2397">
     <span class='ocr_line' id='line_1_22' title="bbox 773 2323 2355 2397; baseline 0.004 -22"><span class='ocrx_word' id='word_1_163' title='bbox 773 2332 957 2378; x_wconf 85' lang='lat' dir='ltr'><strong>natant</strong></span> <span class='ocrx_word' id='word_1_164' title='bbox 978 2323 1501 2394; x_wconf 83' lang='lat' dir='ltr'><strong>perprufuuditatem</strong></span> <span class='ocrx_word' id='word_1_165' title='bbox 1527 2340 1803 2395; x_wconf 89' lang='lat' dir='ltr'><strong>aquarum,</strong></span> <span class='ocrx_word' id='word_1_166' title='bbox 1825 2335 1880 2381; x_wconf 91' lang='lat' dir='ltr'><strong>et</strong></span> <span class='ocrx_word' id='word_1_167' title='bbox 1900 2341 2017 2397; x_wconf 79' lang='lat' dir='ltr'><strong>qua:</strong></span> <span class='ocrx_word' id='word_1_168' title='bbox 2043 2327 2096 2381; x_wconf 90' lang='lat' dir='ltr'><strong>in</strong></span> <span class='ocrx_word' id='word_1_169' title='bbox 2126 2328 2355 2382; x_wconf 88' lang='lat' dir='ltr'><strong>sublime</strong></span> 
     </span>
    </p>
   </div>
   <div class='ocr_carea' id='block_1_23' title="bbox 772 2411 2353 2487">
    <p class='ocr_par' dir='ltr' id='par_1_23' title="bbox 772 2411 2353 2487">
     <span class='ocr_line' id='line_1_23' title="bbox 772 2411 2353 2487; baseline 0.004 -21"><span class='ocrx_word' id='word_1_170' title='bbox 772 2411 1059 2478; x_wconf 84' lang='lat' dir='ltr'><strong>tolluntur,</strong></span> <span class='ocrx_word' id='word_1_171' title='bbox 1105 2430 1198 2483; x_wconf 90' lang='lat' dir='ltr'><strong>per</strong></span> <span class='ocrx_word' id='word_1_172' title='bbox 1232 2424 1403 2470; x_wconf 89' lang='lat' dir='ltr'><strong>artem</strong></span> <span class='ocrx_word' id='word_1_173' title='bbox 1434 2416 1525 2470; x_wconf 90' lang='lat' dir='ltr'><strong>tibi</strong></span> <span class='ocrx_word' id='word_1_174' title='bbox 1558 2416 1809 2471; x_wconf 88' lang='lat' dir='ltr'><strong>Dominus</strong></span> <span class='ocrx_word' id='word_1_175' title='bbox 1833 2417 2138 2487; x_wconf 88' lang='lat' dir='ltr'><strong>subjeccrit.</strong></span> <span class='ocrx_word' id='word_1_176' title='bbox 2166 2418 2231 2473; x_wconf 88' lang='lat' dir='ltr'><strong>Et</strong></span> <span class='ocrx_word' id='word_1_177' title='bbox 2256 2432 2353 2473; x_wconf 89' lang='lat' dir='ltr'><strong>cur</strong></span> 
     </span>
    </p>
   </div>
   <div class='ocr_carea' id='block_1_24' title="bbox 769 2502 2350 2584">
    <p class='ocr_par' dir='ltr' id='par_1_24' title="bbox 769 2502 2350 2584">
     <span class='ocr_line' id='line_1_24' title="bbox 769 2502 2350 2584; baseline 0.007 -31"><span class='ocrx_word' id='word_1_178' title='bbox 769 2514 877 2555; x_wconf 91' lang='lat' dir='ltr'><strong>non</strong></span> <span class='ocrx_word' id='word_1_179' title='bbox 888 2502 1066 2557; x_wconf 85' lang='lat' dir='ltr'><strong>omnia</strong></span> <span class='ocrx_word' id='word_1_180' title='bbox 1081 2519 1200 2574; x_wconf 71' lang='lat' dir='ltr'><strong>qum</strong></span> <span class='ocrx_word' id='word_1_181' title='bbox 1228 2504 1494 2571; x_wconf 80' lang='lat' dir='ltr'><strong>videntur,</strong></span> <span class='ocrx_word' id='word_1_182' title='bbox 1510 2516 1858 2577; x_wconf 85' lang='lat' dir='ltr'><strong>persequutus</strong></span> <span class='ocrx_word' id='word_1_183' title='bbox 1884 2516 1986 2577; x_wconf 88' lang='lat' dir='ltr'><strong>est,</strong></span> <span class='ocrx_word' id='word_1_184' title='bbox 2007 2509 2234 2584; x_wconf 81' lang='lat' dir='ltr'><strong>plantas,</strong></span> <span class='ocrx_word' id='word_1_185' title='bbox 2260 2525 2350 2564; x_wconf 84' lang='lat' dir='ltr'><strong>ar-</strong></span> 
     </span>
    </p>
   </div>
   <div class='ocr_carea' id='block_1_25' title="bbox 767 2591 2345 2669">
    <p class='ocr_par' dir='ltr' id='par_1_25' title="bbox 767 2591 2345 2669">
     <span class='ocr_line' id='line_1_25' title="bbox 767 2591 2345 2669; baseline 0.005 -22"><span class='ocrx_word' id='word_1_186' title='bbox 767 2591 948 2657; x_wconf 82' lang='lat' dir='ltr'><strong>bores,</strong></span> <span class='ocrx_word' id='word_1_187' title='bbox 965 2602 1021 2649; x_wconf 87' lang='lat' dir='ltr'><strong>et</strong></span> <span class='ocrx_word' id='word_1_188' title='bbox 1046 2595 1289 2650; x_wconf 76' lang='lat' dir='ltr'><strong>semina?</strong></span> <span class='ocrx_word' id='word_1_189' title='bbox 1327 2597 1403 2651; x_wconf 86' lang='lat' dir='ltr'><strong>Ex</strong></span> <span class='ocrx_word' id='word_1_190' title='bbox 1434 2606 1580 2667; x_wconf 83' lang='lat' dir='ltr'><strong>parte</strong></span> <span class='ocrx_word' id='word_1_191' title='bbox 1601 2607 1766 2653; x_wconf 89' lang='lat' dir='ltr'><strong>totum</strong></span> <span class='ocrx_word' id='word_1_192' title='bbox 1794 2600 2128 2669; x_wconf 78' lang='lat' dir='ltr'><strong>signiﬁcavit,</strong></span> <span class='ocrx_word' id='word_1_193' title='bbox 2160 2610 2214 2657; x_wconf 85' lang='lat' dir='ltr'><strong>et</strong></span> <span class='ocrx_word' id='word_1_194' title='bbox 2239 2612 2345 2656; x_wconf 79' lang='lat' dir='ltr'><strong>stu-</strong></span> 
     </span>
    </p>
   </div>
   <div class='ocr_carea' id='block_1_26' title="bbox 768 2682 2347 2758">
    <p class='ocr_par' dir='ltr' id='par_1_26' title="bbox 768 2682 2347 2758">
     <span class='ocr_line' id='line_1_26' title="bbox 768 2682 2347 2758; baseline 0.008 -24"><span class='ocrx_word' id='word_1_195' title='bbox 768 2682 934 2737; x_wconf 89' lang='lat' dir='ltr'><strong>diosis</strong></span> <span class='ocrx_word' id='word_1_196' title='bbox 959 2693 1150 2739; x_wconf 65' lang='lat' dir='ltr'><strong>cetera</strong></span> <span class='ocrx_word' id='word_1_197' title='bbox 1176 2685 1399 2741; x_wconf 90' lang='lat' dir='ltr'><strong>dicenda</strong></span> <span class='ocrx_word' id='word_1_198' title='bbox 1430 2686 1662 2758; x_wconf 87' lang='lat' dir='ltr'><strong>reliquit.</strong></span> <span class='ocrx_word' id='word_1_199' title='bbox 1705 2688 1774 2743; x_wconf 77' lang='lat' dir='ltr'><strong>Et</strong></span> <span class='ocrx_word' id='word_1_200' title='bbox 1808 2705 1994 2746; x_wconf 82' lang='lat' dir='ltr'><strong>rursus</strong></span> <span class='ocrx_word' id='word_1_201' title='bbox 2020 2692 2071 2745; x_wconf 93' lang='lat' dir='ltr'><strong>iu</strong></span> <span class='ocrx_word' id='word_1_202' title='bbox 2097 2684 2347 2747; x_wconf 79' lang='lat' dir='ltr'><strong>eumdem</strong></span> 
     </span>
    </p>
   </div>
   <div class='ocr_carea' id='block_1_27' title="bbox 765 2770 2345 2848">
    <p class='ocr_par' dir='ltr' id='par_1_27' title="bbox 765 2770 2345 2848">
     <span class='ocr_line' id='line_1_27' title="bbox 765 2770 2345 2848; baseline 0.008 -22"><span class='ocrx_word' id='word_1_203' title='bbox 765 2770 963 2829; x_wconf 88' lang='lat' dir='ltr'><strong>desiuit</strong></span> <span class='ocrx_word' id='word_1_204' title='bbox 989 2774 1165 2841; x_wconf 88' lang='lat' dir='ltr'><strong>ﬁnem,</strong></span> <span class='ocrx_word' id='word_1_205' title='bbox 1196 2792 1260 2831; x_wconf 91' lang='lat' dir='ltr'><strong>ex</strong></span> <span class='ocrx_word' id='word_1_206' title='bbox 1291 2792 1396 2848; x_wconf 91' lang='lat' dir='ltr'><strong>quo</strong></span> <span class='ocrx_word' id='word_1_207' title='bbox 1420 2789 1655 2847; x_wconf 61' lang='lat' dir='ltr'><strong>coeperat</strong></span> <span class='ocrx_word' id='word_1_208' title='bbox 1681 2797 1694 2833; x_wconf 91' lang='lat'><strong>:</strong></span> <span class='ocrx_word' id='word_1_209' title='bbox 1728 2779 1942 2836; x_wconf 80' lang='lat' dir='ltr'><strong>Domine</strong></span> <span class='ocrx_word' id='word_1_210' title='bbox 1980 2781 2228 2838; x_wconf 84' lang='lat' dir='ltr'><strong>Dominus</strong></span> <span class='ocrx_word' id='word_1_211' title='bbox 2249 2801 2345 2838; x_wconf 84' lang='lat' dir='ltr'><strong>no-</strong></span> 
     </span>
    </p>
   </div>
   <div class='ocr_carea' id='block_1_28' title="bbox 763 2866 2345 2943">
    <p class='ocr_par' dir='ltr' id='par_1_28' title="bbox 763 2866 2345 2943">
     <span class='ocr_line' id='line_1_28' title="bbox 763 2866 2345 2943; baseline 0.009 -27"><span class='ocrx_word' id='word_1_212' title='bbox 763 2871 867 2916; x_wconf 86' lang='lat' dir='ltr'><strong>ster</strong></span> <span class='ocrx_word' id='word_1_213' title='bbox 887 2872 975 2918; x_wconf 86' lang='lat' dir='ltr'><strong>:et</strong></span> <span class='ocrx_word' id='word_1_214' title='bbox 995 2874 1118 2920; x_wconf 88' lang='lat' dir='ltr'><strong>ante</strong></span> <span class='ocrx_word' id='word_1_215' title='bbox 1138 2866 1521 2936; x_wconf 88' lang='lat' dir='ltr'><strong>probationem,</strong></span> <span class='ocrx_word' id='word_1_216' title='bbox 1544 2882 1597 2925; x_wconf 92' lang='lat' dir='ltr'><strong>et</strong></span> <span class='ocrx_word' id='word_1_217' title='bbox 1627 2882 1740 2940; x_wconf 90' lang='lat' dir='ltr'><strong>post</strong></span> <span class='ocrx_word' id='word_1_218' title='bbox 1763 2873 2132 2943; x_wconf 80' lang='lat' dir='ltr'><strong>probationem</strong></span> <span class='ocrx_word' id='word_1_219' title='bbox 2155 2876 2345 2931; x_wconf 90' lang='lat' dir='ltr'><strong>eadem</strong></span> 
     </span>
    </p>
   </div>
   <div class='ocr_carea' id='block_1_29' title="bbox 762 2956 2342 3040">
    <p class='ocr_par' dir='ltr' id='par_1_29' title="bbox 762 2956 2342 3040">
     <span class='ocr_line' id='line_1_29' title="bbox 762 2956 2342 3040; baseline 0.011 -31"><span class='ocrx_word' id='word_1_220' title='bbox 762 2956 924 3011; x_wconf 79' lang='lat' dir='ltr'><strong>verba</strong></span> <span class='ocrx_word' id='word_1_221' title='bbox 950 2972 1175 3027; x_wconf 92' lang='lat' dir='ltr'><strong>ponens.</strong></span> <span class='ocrx_word' id='word_1_222' title='bbox 1208 2961 1774 3037; x_wconf 23' lang='lat' dir='ltr'><strong>Perseveremusrergo</strong></span> <span class='ocrx_word' id='word_1_223' title='bbox 1800 2982 1899 3021; x_wconf 88' lang='lat' dir='ltr'><strong>nos</strong></span> <span class='ocrx_word' id='word_1_224' title='bbox 1917 2983 2128 3040; x_wconf 87' lang='lat' dir='ltr'><strong>quoque</strong></span> <span class='ocrx_word' id='word_1_225' title='bbox 2155 2972 2342 3026; x_wconf 90' lang='lat' dir='ltr'><strong>eadem</strong></span> 
     </span>
    </p>
   </div>
   <div class='ocr_carea' id='block_1_30' title="bbox 760 3048 2343 3133">
    <p class='ocr_par' dir='ltr' id='par_1_30' title="bbox 760 3048 2343 3133">
     <span class='ocr_line' id='line_1_30' title="bbox 760 3048 2343 3133; baseline 0.01 -31"><span class='ocrx_word' id='word_1_226' title='bbox 760 3048 974 3105; x_wconf 87' lang='lat' dir='ltr'><strong>assidue</strong></span> <span class='ocrx_word' id='word_1_227' title='bbox 998 3050 1197 3117; x_wconf 90' lang='lat' dir='ltr'><strong>dicere,</strong></span> <span class='ocrx_word' id='word_1_228' title='bbox 1219 3053 1543 3110; x_wconf 85' lang='lat' dir='ltr'><strong>admirantes</strong></span> <span class='ocrx_word' id='word_1_229' title='bbox 1569 3056 1685 3126; x_wconf 86' lang='lat' dir='ltr'><strong>ejus</strong></span> <span class='ocrx_word' id='word_1_230' title='bbox 1714 3058 2143 3127; x_wconf 85' lang='lat' dir='ltr'><strong>sollicitudinem,</strong></span> <span class='ocrx_word' id='word_1_231' title='bbox 2169 3065 2343 3133; x_wconf 87' lang='lat' dir='ltr'><strong>suspi-</strong></span> 
     </span>
    </p>
   </div>
   <div class='ocr_carea' id='block_1_31' title="bbox 758 3139 2341 3224">
    <p class='ocr_par' dir='ltr' id='par_1_31' title="bbox 758 3139 2341 3224">
     <span class='ocr_line' id='line_1_31' title="bbox 758 3139 2341 3224; baseline 0.012 -32"><span class='ocrx_word' id='word_1_232' title='bbox 758 3139 962 3196; x_wconf 90' lang='lat' dir='ltr'><strong>cientes</strong></span> <span class='ocrx_word' id='word_1_233' title='bbox 1006 3144 1356 3213; x_wconf 84' lang='lat' dir='ltr'><strong>sapientiam,</strong></span> <span class='ocrx_word' id='word_1_234' title='bbox 1402 3146 1777 3217; x_wconf 88' lang='lat' dir='ltr'><strong>clementiam,</strong></span> <span class='ocrx_word' id='word_1_235' title='bbox 1822 3160 1876 3207; x_wconf 92' lang='lat' dir='ltr'><strong>et</strong></span> <span class='ocrx_word' id='word_1_236' title='bbox 1920 3152 2035 3221; x_wconf 88' lang='lat' dir='ltr'><strong>ejus</strong></span> <span class='ocrx_word' id='word_1_237' title='bbox 2078 3168 2203 3224; x_wconf 84' lang='lat' dir='ltr'><strong>erga</strong></span> <span class='ocrx_word' id='word_1_238' title='bbox 2243 3171 2341 3211; x_wconf 90' lang='lat' dir='ltr'><strong>nos</strong></span> 
     </span>
    </p>
   </div>
   <div class='ocr_carea' id='block_1_32' title="bbox 760 3230 2339 3308">
    <p class='ocr_par' dir='ltr' id='par_1_32' title="bbox 760 3230 2339 3308">
     <span class='ocr_line' id='line_1_32' title="bbox 760 3230 2339 3308; baseline 0.011 -24"><span class='ocrx_word' id='word_1_239' title='bbox 760 3230 1162 3299; x_wconf 81' lang='lat' dir='ltr'><strong>providentiam.</strong></span> <span class='ocrx_word' id='word_1_240' title='bbox 1220 3235 1288 3290; x_wconf 83' lang='lat' dir='ltr'><strong>Et</strong></span> <span class='ocrx_word' id='word_1_241' title='bbox 1332 3236 1446 3293; x_wconf 66' lang='lat' dir='ltr'><strong>haec</strong></span> <span class='ocrx_word' id='word_1_242' title='bbox 1482 3239 1694 3308; x_wconf 87' lang='lat' dir='ltr'><strong>quidem</strong></span> <span class='ocrx_word' id='word_1_243' title='bbox 1724 3255 1753 3294; x_wconf 88' lang='lat' dir='ltr'><strong>a</strong></span> <span class='ocrx_word' id='word_1_244' title='bbox 1782 3241 1934 3297; x_wconf 89' lang='lat' dir='ltr'><strong>nobis</strong></span> <span class='ocrx_word' id='word_1_245' title='bbox 1958 3242 2096 3297; x_wconf 83' lang='lat' dir='ltr'><strong>dicta</strong></span> <span class='ocrx_word' id='word_1_246' title='bbox 2123 3256 2246 3299; x_wconf 87' lang='lat' dir='ltr'><strong>sunt</strong></span> <span class='ocrx_word' id='word_1_247' title='bbox 2272 3246 2339 3302; x_wconf 82' lang='lat' dir='ltr'><strong>ad</strong></span> 
     </span>
    </p>
   </div>
   <div class='ocr_carea' id='block_1_33' title="bbox 758 3321 2343 3413">
    <p class='ocr_par' dir='ltr' id='par_1_33' title="bbox 758 3321 2343 3413">
     <span class='ocr_line' id='line_1_33' title="bbox 758 3321 2343 3413; baseline 0.013 -38"><span class='ocrx_word' id='word_1_248' title='bbox 758 3321 1265 3411; x_wconf 77' lang='lat' dir='ltr'><strong>interpretationem.</strong></span> <span class='ocrx_word' id='word_1_249' title='bbox 1296 3328 1352 3384; x_wconf 90' lang='lat' dir='ltr'><strong>Si</strong></span> <span class='ocrx_word' id='word_1_250' title='bbox 1381 3339 1559 3386; x_wconf 89' lang='lat' dir='ltr'><strong>autem</strong></span> <span class='ocrx_word' id='word_1_251' title='bbox 1580 3333 1757 3399; x_wconf 80' lang='lat' dir='ltr'><strong>vultis,</strong></span> <span class='ocrx_word' id='word_1_252' title='bbox 1782 3348 1896 3389; x_wconf 91' lang='lat' dir='ltr'><strong>rem</strong></span> <span class='ocrx_word' id='word_1_253' title='bbox 1917 3336 2105 3405; x_wconf 86' lang='lat' dir='ltr'><strong>majori</strong></span> <span class='ocrx_word' id='word_1_254' title='bbox 2128 3354 2343 3413; x_wconf 88' lang='lat' dir='ltr'><strong>quoque</strong></span> 
     </span>
    </p>
   </div>
   <div class='ocr_carea' id='block_1_34' title="bbox 757 3415 2341 3495">
    <p class='ocr_par' dir='ltr' id='par_1_34' title="bbox 757 3415 2341 3495">
     <span class='ocr_line' id='line_1_34' title="bbox 757 3415 2341 3495; baseline 0.015 -29"><span class='ocrx_word' id='word_1_255' title='bbox 757 3415 1099 3471; x_wconf 75' lang='lat' dir='ltr'><strong>contendone</strong></span> <span class='ocrx_word' id='word_1_256' title='bbox 1121 3432 1361 3487; x_wconf 80' lang='lat' dir='ltr'><strong>agamus,</strong></span> <span class='ocrx_word' id='word_1_257' title='bbox 1384 3429 1439 3475; x_wconf 91' lang='lat' dir='ltr'><strong>et</strong></span> <span class='ocrx_word' id='word_1_258' title='bbox 1461 3420 1675 3477; x_wconf 71' lang='lat' dir='ltr'><strong>Iudaeos</strong></span> <span class='ocrx_word' id='word_1_259' title='bbox 1706 3439 1969 3495; x_wconf 82' lang='lat' dir='ltr'><strong>rogemus,</strong></span> <span class='ocrx_word' id='word_1_260' title='bbox 2003 3427 2219 3486; x_wconf 87' lang='lat' dir='ltr'><strong>ubinam</strong></span> <span class='ocrx_word' id='word_1_261' title='bbox 2248 3449 2341 3489; x_wconf 78' lang='lat' dir='ltr'><strong>vo-</strong></span> 
     </span>
    </p>
   </div>
   <div class='ocr_carea' id='block_1_35' title="bbox 758 3506 2341 3581">
    <p class='ocr_par' dir='ltr' id='par_1_35' title="bbox 758 3506 2341 3581">
     <span class='ocr_line' id='line_1_35' title="bbox 758 3506 2341 3581; baseline 0.015 -23"><span class='ocrx_word' id='word_1_262' title='bbox 758 3515 878 3559; x_wconf 85' lang='lat' dir='ltr'><strong>cem</strong></span> <span class='ocrx_word' id='word_1_263' title='bbox 899 3506 1058 3574; x_wconf 86' lang='lat' dir='ltr'><strong>puelli</strong></span> <span class='ocrx_word' id='word_1_264' title='bbox 1076 3509 1390 3565; x_wconf 83' lang='lat' dir='ltr'><strong>emiserint?</strong></span> <span class='ocrx_word' id='word_1_265' title='bbox 1414 3512 1500 3568; x_wconf 92' lang='lat' dir='ltr'><strong>ubi</strong></span> <span class='ocrx_word' id='word_1_266' title='bbox 1514 3513 1796 3573; x_wconf 80' lang='lat' dir='ltr'><strong>inimicum</strong></span> <span class='ocrx_word' id='word_1_267' title='bbox 1818 3516 1938 3575; x_wconf 86' lang='lat' dir='ltr'><strong>talis</strong></span> <span class='ocrx_word' id='word_1_268' title='bbox 1954 3536 2055 3576; x_wconf 80' lang='lat' dir='ltr'><strong>vox</strong></span> <span class='ocrx_word' id='word_1_269' title='bbox 2072 3522 2341 3581; x_wconf 68' lang='lat' dir='ltr'><strong>destruxe</strong></span> 
     </span>
    </p>
   </div>
   <div class='ocr_carea' id='block_1_36' title="bbox 757 3597 2337 3675">
    <p class='ocr_par' dir='ltr' id='par_1_36' title="bbox 757 3597 2337 3675">
     <span class='ocr_line' id='line_1_36' title="bbox 757 3597 2337 3675; baseline 0.014 -24"><span class='ocrx_word' id='word_1_270' title='bbox 757 3597 869 3653; x_wconf 68' lang='lat' dir='ltr'><strong>rit?</strong></span> <span class='ocrx_word' id='word_1_271' title='bbox 894 3601 1106 3669; x_wconf 88' lang='lat' dir='ltr'><strong>quando</strong></span> <span class='ocrx_word' id='word_1_272' title='bbox 1130 3602 1249 3675; x_wconf 87' lang='lat' dir='ltr'><strong>ejus</strong></span> <span class='ocrx_word' id='word_1_273' title='bbox 1274 3618 1467 3662; x_wconf 85' lang='lat' dir='ltr'><strong>nomen</strong></span> <span class='ocrx_word' id='word_1_274' title='bbox 1499 3609 1653 3665; x_wconf 88' lang='lat' dir='ltr'><strong>fuerit</strong></span> <span class='ocrx_word' id='word_1_275' title='bbox 1678 3612 2029 3669; x_wconf 71' lang='lat' dir='ltr'><strong>admirabile?</strong></span> <span class='ocrx_word' id='word_1_276' title='bbox 2062 3613 2169 3671; x_wconf 89' lang='lat' dir='ltr'><strong>Sed</strong></span> <span class='ocrx_word' id='word_1_277' title='bbox 2195 3616 2337 3673; x_wconf 89' lang='lat' dir='ltr'><strong>aliud</strong></span> 
     </span>
    </p>
   </div>
   <div class='ocr_carea' id='block_1_37' title="bbox 756 3698 2340 3775">
    <p class='ocr_par' dir='ltr' id='par_1_37' title="bbox 756 3698 2340 3775">
     <span class='ocr_line' id='line_1_37' title="bbox 756 3698 2340 3775; baseline 0.012 -31"><span class='ocrx_word' id='word_1_278' title='bbox 756 3698 963 3760; x_wconf 89' lang='lat' dir='ltr'><strong>tempus</strong></span> <span class='ocrx_word' id='word_1_279' title='bbox 984 3733 1002 3759; x_wconf 89' lang='lat'><strong>,</strong></span> <span class='ocrx_word' id='word_1_280' title='bbox 1042 3710 1203 3767; x_wconf 88' lang='lat' dir='ltr'><strong>quam</strong></span> <span class='ocrx_word' id='word_1_281' title='bbox 1236 3698 1335 3753; x_wconf 92' lang='lat' dir='ltr'><strong>hoc</strong></span> <span class='ocrx_word' id='word_1_282' title='bbox 1360 3740 1375 3763; x_wconf 92' lang='lat'><strong>,</strong></span> <span class='ocrx_word' id='word_1_283' title='bbox 1408 3714 1512 3754; x_wconf 92' lang='lat' dir='ltr'><strong>non</strong></span> <span class='ocrx_word' id='word_1_284' title='bbox 1552 3710 1800 3770; x_wconf 87' lang='lat' dir='ltr'><strong>poterunt</strong></span> <span class='ocrx_word' id='word_1_285' title='bbox 1826 3704 2027 3772; x_wconf 90' lang='lat' dir='ltr'><strong>dicere,</strong></span> <span class='ocrx_word' id='word_1_286' title='bbox 2057 3707 2199 3775; x_wconf 92' lang='lat' dir='ltr'><strong>quod</strong></span> <span class='ocrx_word' id='word_1_287' title='bbox 2226 3710 2340 3763; x_wconf 91' lang='lat' dir='ltr'><strong>sole</strong></span> 
     </span>
    </p>
   </div>
   <div class='ocr_carea' id='block_1_38' title="bbox 755 3781 2331 3862">
    <p class='ocr_par' dir='ltr' id='par_1_38' title="bbox 755 3781 2331 3862">
     <span class='ocr_line' id='line_1_38' title="bbox 755 3781 2331 3862; baseline 0.013 -27"><span class='ocrx_word' id='word_1_288' title='bbox 755 3781 946 3837; x_wconf 85' lang='lat' dir='ltr'><strong>clarius</strong></span> <span class='ocrx_word' id='word_1_289' title='bbox 971 3788 1202 3843; x_wconf 84' lang='lat' dir='ltr'><strong>ostendit</strong></span> <span class='ocrx_word' id='word_1_290' title='bbox 1224 3790 1328 3843; x_wconf 83' lang='lat' dir='ltr'><strong>vim</strong></span> <span class='ocrx_word' id='word_1_291' title='bbox 1348 3790 1601 3845; x_wconf 84' lang='lat' dir='ltr'><strong>veritatis.</strong></span> <span class='ocrx_word' id='word_1_292' title='bbox 1630 3792 1696 3845; x_wconf 89' lang='lat' dir='ltr'><strong>Et</strong></span> <span class='ocrx_word' id='word_1_293' title='bbox 1716 3793 1837 3848; x_wconf 91' lang='lat' dir='ltr'><strong>ideo</strong></span> <span class='ocrx_word' id='word_1_294' title='bbox 1859 3795 2005 3862; x_wconf 90' lang='lat' dir='ltr'><strong>dicit,</strong></span> <span class='ocrx_word' id='word_1_295' title='bbox 2022 3795 2212 3853; x_wconf 78' lang='lat' dir='ltr'><strong>Videbo</strong></span> <span class='ocrx_word' id='word_1_296' title='bbox 2236 3816 2331 3854; x_wconf 82' lang='lat' dir='ltr'><strong>ctr-</strong></span> 
     </span>
    </p>
   </div>
   <div class='ocr_carea' id='block_1_39' title="bbox 757 3876 2341 3956">
    <p class='ocr_par' dir='ltr' id='par_1_39' title="bbox 757 3876 2341 3956">
     <span class='ocr_line' id='line_1_39' title="bbox 757 3876 2341 3956; baseline 0.01 -27"><span class='ocrx_word' id='word_1_297' title='bbox 757 3876 835 3932; x_wconf 89' lang='lat' dir='ltr'><strong>los</strong></span> <span class='ocrx_word' id='word_1_298' title='bbox 856 3893 1013 3947; x_wconf 82' lang='lat' dir='ltr'><strong>opera</strong></span> <span class='ocrx_word' id='word_1_299' title='bbox 1031 3880 1305 3951; x_wconf 73' lang='lat' dir='ltr'><strong>digitorum</strong></span> <span class='ocrx_word' id='word_1_300' title='bbox 1332 3894 1531 3937; x_wconf 82' lang='lat' dir='ltr'><strong>tuorum</strong></span> <span class='ocrx_word' id='word_1_301' title='bbox 1558 3901 1577 3937; x_wconf 92' lang='lat'><em>:</em></span> <span class='ocrx_word' id='word_1_302' title='bbox 1606 3894 1661 3940; x_wconf 90' lang='lat' dir='ltr'><strong>et</strong></span> <span class='ocrx_word' id='word_1_303' title='bbox 1682 3894 1854 3941; x_wconf 91' lang='lat' dir='ltr'><strong>tamen</strong></span> <span class='ocrx_word' id='word_1_304' title='bbox 1876 3888 1987 3956; x_wconf 87' lang='lat' dir='ltr'><strong>jam</strong></span> <span class='ocrx_word' id='word_1_305' title='bbox 2008 3887 2214 3945; x_wconf 83' lang='lat' dir='ltr'><strong>dixerat</strong></span> <span class='ocrx_word' id='word_1_306' title='bbox 2231 3890 2341 3944; x_wconf 78' lang='lat' dir='ltr'><strong>Mo-</strong></span> 
     </span>
    </p>
   </div>
   <div class='ocr_carea' id='block_1_40' title="bbox 754 3968 2335 4055">
    <p class='ocr_par' dir='ltr' id='par_1_40' title="bbox 754 3968 2335 4055">
     <span class='ocr_line' id='line_1_40' title="bbox 754 3968 2335 4055; baseline 0.009 -33"><span class='ocrx_word' id='word_1_307' title='bbox 754 3983 842 4023; x_wconf 85' lang='lat' dir='ltr'><strong>ses</strong></span> <span class='ocrx_word' id='word_1_308' title='bbox 865 3968 961 4024; x_wconf 75' lang='grc' dir='ltr'><strong>ειη</strong></span> <span class='ocrx_word' id='word_1_309' title='bbox 974 3972 1221 4044; x_wconf 84' lang='lat' dir='ltr'><strong>principio</strong></span> <span class='ocrx_word' id='word_1_310' title='bbox 1233 3975 1351 4045; x_wconf 77' lang='lat' dir='ltr'><strong>fecit</strong></span> <span class='ocrx_word' id='word_1_311' title='bbox 1381 3974 1514 4030; x_wconf 86' lang='lat' dir='ltr'><strong>Deus</strong></span> <span class='ocrx_word' id='word_1_312' title='bbox 1540 3978 1719 4031; x_wconf 72' lang='lat' dir='ltr'><strong>calum</strong></span> <span class='ocrx_word' id='word_1_313' title='bbox 1746 3978 1797 4031; x_wconf 85' lang='lat' dir='ltr'><strong>el</strong></span> <span class='ocrx_word' id='word_1_314' title='bbox 1821 3988 2006 4033; x_wconf 86' lang='lat' dir='ltr'><strong>terram</strong></span> <span class='ocrx_word' id='word_1_315' title='bbox 2041 3980 2335 4055; x_wconf 78' lang='lat' dir='ltr'><strong>(Gen.l.l).</strong></span> 
     </span>
    </p>
   </div>
   <div class='ocr_carea' id='block_1_41' title="bbox 826 4058 2335 4132">
    <p class='ocr_par' dir='ltr' id='par_1_41' title="bbox 826 4058 2335 4132">
     <span class='ocr_line' id='line_1_41' title="bbox 826 4058 2335 4132; baseline 0.013 -19"><span class='ocrx_word' id='word_1_316' title='bbox 826 4058 1047 4116; x_wconf 81' lang='lat' dir='ltr'><strong>Paulum</strong></span> <span class='ocrx_word' id='word_1_317' title='bbox 1075 4064 1456 4121; x_wconf 82' lang='lat' dir='ltr'><strong>Samosatenum</strong></span> <span class='ocrx_word' id='word_1_318' title='bbox 1476 4069 1723 4123; x_wconf 84' lang='lat' dir='ltr'><strong>adoritur.</strong></span> <span class='ocrx_word' id='word_1_319' title='bbox 1745 4100 1817 4111; x_wconf 95' lang='lat'><strong>—</strong></span> <span class='ocrx_word' id='word_1_320' title='bbox 1834 4070 1939 4127; x_wconf 86' lang='lat' dir='ltr'><strong>Sed</strong></span> <span class='ocrx_word' id='word_1_321' title='bbox 1961 4072 2217 4131; x_wconf 80' lang='lat' dir='ltr'><strong>adversus</strong></span> <span class='ocrx_word' id='word_1_322' title='bbox 2237 4076 2335 4132; x_wconf 84' lang='lat' dir='ltr'><strong>Ju-</strong></span> 
     </span>
    </p>
   </div>
   <div class='ocr_carea' id='block_1_42' title="bbox 755 4150 2334 4233">
    <p class='ocr_par' dir='ltr' id='par_1_42' title="bbox 755 4150 2334 4233">
     <span class='ocr_line' id='line_1_42' title="bbox 755 4150 2334 4233; baseline 0.013 -28"><span class='ocrx_word' id='word_1_323' title='bbox 755 4150 902 4207; x_wconf 74' lang='lat' dir='ltr'><strong>dmos</strong></span> <span class='ocrx_word' id='word_1_324' title='bbox 930 4154 1142 4223; x_wconf 89' lang='lat' dir='ltr'><strong>quidem</strong></span> <span class='ocrx_word' id='word_1_325' title='bbox 1168 4156 1433 4213; x_wconf 86' lang='lat' dir='ltr'><strong>sufﬁciunt</strong></span> <span class='ocrx_word' id='word_1_326' title='bbox 1464 4160 1605 4223; x_wconf 64' lang='lat' dir='ltr'><strong>hanc,</strong></span> <span class='ocrx_word' id='word_1_327' title='bbox 1636 4172 1689 4215; x_wconf 91' lang='lat' dir='ltr'><strong>et</strong></span> <span class='ocrx_word' id='word_1_328' title='bbox 1708 4177 1827 4233; x_wconf 69' lang='lat' dir='ltr'><strong>qua:</strong></span> <span class='ocrx_word' id='word_1_329' title='bbox 1846 4172 1970 4220; x_wconf 87' lang='lat' dir='ltr'><strong>ante</strong></span> <span class='ocrx_word' id='word_1_330' title='bbox 1996 4164 2137 4221; x_wconf 91' lang='lat' dir='ltr'><strong>dicta</strong></span> <span class='ocrx_word' id='word_1_331' title='bbox 2168 4180 2291 4224; x_wconf 90' lang='lat' dir='ltr'><strong>sunt</strong></span> <span class='ocrx_word' id='word_1_332' title='bbox 2321 4189 2334 4225; x_wconf 93' lang='lat'><strong>:</strong></span> 
     </span>
    </p>
   </div>
   <div class='ocr_carea' id='block_1_43' title="bbox 754 4243 2337 4321">
    <p class='ocr_par' dir='ltr' id='par_1_43' title="bbox 754 4243 2337 4321">
     <span class='ocr_line' id='line_1_43' title="bbox 754 4243 2337 4321; baseline 0.011 -24"><span class='ocrx_word' id='word_1_333' title='bbox 754 4243 850 4298; x_wconf 88' lang='lat' dir='ltr'><strong>sed</strong></span> <span class='ocrx_word' id='word_1_334' title='bbox 893 4247 1141 4313; x_wconf 88' lang='lat' dir='ltr'><strong>quoniam</strong></span> <span class='ocrx_word' id='word_1_335' title='bbox 1186 4249 1273 4317; x_wconf 92' lang='lat' dir='ltr'><strong>qui</strong></span> <span class='ocrx_word' id='word_1_336' title='bbox 1319 4250 1529 4304; x_wconf 91' lang='lat' dir='ltr'><strong>illorum</strong></span> <span class='ocrx_word' id='word_1_337' title='bbox 1572 4252 1848 4321; x_wconf 84' lang='lat' dir='ltr'><strong>dogmata,</strong></span> <span class='ocrx_word' id='word_1_338' title='bbox 1881 4255 1925 4309; x_wconf 93' lang='lat' dir='ltr'><strong>si</strong></span> <span class='ocrx_word' id='word_1_339' title='bbox 1964 4254 2207 4313; x_wconf 87' lang='lat' dir='ltr'><strong>dematur</strong></span> <span class='ocrx_word' id='word_1_340' title='bbox 2227 4262 2337 4314; x_wconf 84' lang='lat' dir='ltr'><strong>cir-</strong></span> 
     </span>
    </p>
   </div>
   <div class='ocr_carea' id='block_1_44' title="bbox 755 4336 2340 4407">
    <p class='ocr_par' dir='ltr' id='par_1_44' title="bbox 755 4336 2340 4407">
     <span class='ocr_line' id='line_1_44' title="bbox 755 4336 2340 4407; baseline 0.011 -20"><span class='ocrx_word' id='word_1_341' title='bbox 755 4336 1044 4399; x_wconf 90' lang='lat' dir='ltr'><strong>cumcisio,</strong></span> <span class='ocrx_word' id='word_1_342' title='bbox 1086 4339 1435 4407; x_wconf 68' lang='lat' dir='ltr'><strong>mmulantur,</strong></span> <span class='ocrx_word' id='word_1_343' title='bbox 1469 4341 1613 4395; x_wconf 86' lang='lat' dir='ltr'><strong>Pauli</strong></span> <span class='ocrx_word' id='word_1_344' title='bbox 1644 4342 1975 4400; x_wconf 86' lang='lat' dir='ltr'><strong>Samosateni</strong></span> <span class='ocrx_word' id='word_1_345' title='bbox 2010 4350 2229 4403; x_wconf 65' lang='lat' dir='ltr'><strong>asseclze</strong></span> <span class='ocrx_word' id='word_1_346' title='bbox 2259 4351 2340 4405; x_wconf 84' lang='lat' dir='ltr'><strong>di-</strong></span> 
     </span>
    </p>
   </div>
   <div class='ocr_carea' id='block_1_45' title="bbox 755 4426 2337 4507">
    <p class='ocr_par' dir='ltr' id='par_1_45' title="bbox 755 4426 2337 4507">
     <span class='ocr_line' id='line_1_45' title="bbox 755 4426 2337 4507; baseline 0.009 -26"><span class='ocrx_word' id='word_1_347' title='bbox 755 4434 881 4481; x_wconf 90' lang='lat' dir='ltr'><strong>cunt</strong></span> <span class='ocrx_word' id='word_1_348' title='bbox 907 4426 1175 4483; x_wconf 88' lang='lat' dir='ltr'><strong>Christum</strong></span> <span class='ocrx_word' id='word_1_349' title='bbox 1198 4428 1358 4486; x_wconf 80' lang='lat' dir='ltr'><strong>fuisse</strong></span> <span class='ocrx_word' id='word_1_350' title='bbox 1377 4432 1444 4486; x_wconf 91' lang='lat' dir='ltr'><strong>ab</strong></span> <span class='ocrx_word' id='word_1_351' title='bbox 1470 4446 1536 4487; x_wconf 91' lang='lat' dir='ltr'><strong>eo</strong></span> <span class='ocrx_word' id='word_1_352' title='bbox 1561 4443 1828 4503; x_wconf 88' lang='lat' dir='ltr'><strong>tempore,</strong></span> <span class='ocrx_word' id='word_1_353' title='bbox 1862 4451 1923 4489; x_wconf 82' lang='lat' dir='ltr'><strong>ex</strong></span> <span class='ocrx_word' id='word_1_354' title='bbox 1956 4453 2062 4507; x_wconf 93' lang='lat' dir='ltr'><strong>quo</strong></span> <span class='ocrx_word' id='word_1_355' title='bbox 2087 4454 2150 4493; x_wconf 90' lang='lat' dir='ltr'><strong>ex</strong></span> <span class='ocrx_word' id='word_1_356' title='bbox 2178 4440 2337 4496; x_wconf 82' lang='lat' dir='ltr'><strong>Maria</strong></span> 
     </span>
    </p>
   </div>
   <div class='ocr_carea' id='block_1_46' title="bbox 759 4517 2339 4592">
    <p class='ocr_par' dir='ltr' id='par_1_46' title="bbox 759 4517 2339 4592">
     <span class='ocr_line' id='line_1_46' title="bbox 759 4517 2339 4592; baseline 0.011 -23"><span class='ocrx_word' id='word_1_357' title='bbox 759 4517 1017 4584; x_wconf 80' lang='lat' dir='ltr'><strong>processit</strong></span> <span class='ocrx_word' id='word_1_358' title='bbox 1050 4518 1271 4589; x_wconf 84' lang='lat' dir='ltr'><strong>(a),i|los</strong></span> <span class='ocrx_word' id='word_1_359' title='bbox 1295 4521 1453 4575; x_wconf 85' lang='lat' dir='ltr'><strong>etiam</strong></span> <span class='ocrx_word' id='word_1_360' title='bbox 1488 4538 1734 4592; x_wconf 86' lang='lat' dir='ltr'><strong>rogemus</strong></span> <span class='ocrx_word' id='word_1_361' title='bbox 1759 4544 1773 4579; x_wconf 90' lang='lat'><strong>:</strong></span> <span class='ocrx_word' id='word_1_362' title='bbox 1799 4526 2076 4592; x_wconf 85' lang='lat' dir='ltr'><strong>Quomodo</strong></span> <span class='ocrx_word' id='word_1_363' title='bbox 2106 4530 2149 4582; x_wconf 90' lang='lat' dir='ltr'><strong>si</strong></span> <span class='ocrx_word' id='word_1_364' title='bbox 2180 4530 2245 4583; x_wconf 88' lang='lat' dir='ltr'><strong>ab</strong></span> <span class='ocrx_word' id='word_1_365' title='bbox 2274 4547 2339 4585; x_wconf 90' lang='lat' dir='ltr'><strong>eo</strong></span> 
     </span>
    </p>
   </div>
   <div class='ocr_carea' id='block_1_47' title="bbox 759 4610 2336 4679">
    <p class='ocr_par' dir='ltr' id='par_1_47' title="bbox 759 4610 2336 4679">
     <span class='ocr_line' id='line_1_47' title="bbox 759 4610 2336 4679; baseline 0.01 -18"><span class='ocrx_word' id='word_1_366' title='bbox 759 4619 999 4677; x_wconf 89' lang='lat' dir='ltr'><strong>tempore</strong></span> <span class='ocrx_word' id='word_1_367' title='bbox 1023 4618 1140 4664; x_wconf 89' lang='lat' dir='ltr'><strong>erat</strong></span> <span class='ocrx_word' id='word_1_368' title='bbox 1157 4610 1423 4679; x_wconf 86' lang='lat' dir='ltr'><strong>Christus,</strong></span> <span class='ocrx_word' id='word_1_369' title='bbox 1447 4615 1608 4669; x_wconf 62' lang='lat' dir='ltr'><strong>melos</strong></span> <span class='ocrx_word' id='word_1_370' title='bbox 1626 4615 1912 4671; x_wconf 86' lang='lat' dir='ltr'><strong>fabricatus</strong></span> <span class='ocrx_word' id='word_1_371' title='bbox 1938 4629 2019 4673; x_wconf 90' lang='lat' dir='ltr'><strong>est</strong></span> <span class='ocrx_word' id='word_1_372' title='bbox 2039 4620 2061 4672; x_wconf 77' lang='grc'><strong>7</strong></span> <span class='ocrx_word' id='word_1_373' title='bbox 2080 4619 2336 4676; x_wconf 83' lang='lat' dir='ltr'><strong>Eumdem</strong></span> 
     </span>
    </p>
   </div>
   <div class='ocr_carea' id='block_1_48' title="bbox 761 4694 2340 4774">
    <p class='ocr_par' dir='ltr' id='par_1_48' title="bbox 761 4694 2340 4774">
     <span class='ocr_line' id='line_1_48' title="bbox 761 4694 2340 4774; baseline 0.008 -21"><span class='ocrx_word' id='word_1_374' title='bbox 761 4700 899 4755; x_wconf 80' lang='lat' dir='ltr'><strong>enim</strong></span> <span class='ocrx_word' id='word_1_375' title='bbox 948 4700 1034 4755; x_wconf 88' lang='lat' dir='ltr'><strong>hic</strong></span> <span class='ocrx_word' id='word_1_376' title='bbox 1071 4716 1189 4757; x_wconf 84' lang='lat' dir='ltr'><strong>esse</strong></span> <span class='ocrx_word' id='word_1_377' title='bbox 1227 4702 1384 4769; x_wconf 87' lang='lat' dir='ltr'><strong>dicit,</strong></span> <span class='ocrx_word' id='word_1_378' title='bbox 1416 4706 1503 4774; x_wconf 90' lang='lat' dir='ltr'><strong>qui</strong></span> <span class='ocrx_word' id='word_1_379' title='bbox 1534 4694 1608 4759; x_wconf 43' lang='lat' dir='ltr'><strong>ex.</strong></span> <span class='ocrx_word' id='word_1_380' title='bbox 1634 4723 1728 4760; x_wconf 86' lang='lat' dir='ltr'><strong>ore</strong></span> <span class='ocrx_word' id='word_1_381' title='bbox 1754 4708 2027 4763; x_wconf 80' lang='lat' dir='ltr'><strong>infantium</strong></span> <span class='ocrx_word' id='word_1_382' title='bbox 2055 4722 2107 4765; x_wconf 89' lang='lat' dir='ltr'><strong>et</strong></span> <span class='ocrx_word' id='word_1_383' title='bbox 2134 4712 2340 4767; x_wconf 78' lang='lat' dir='ltr'><strong>lacteu-</strong></span> 
     </span>
    </p>
   </div>
   <div class='ocr_carea' id='block_1_49' title="bbox 762 4790 2337 4866">
    <p class='ocr_par' dir='ltr' id='par_1_49' title="bbox 762 4790 2337 4866">
     <span class='ocr_line' id='line_1_49' title="bbox 762 4790 2337 4866; baseline 0.01 -23"><span class='ocrx_word' id='word_1_384' title='bbox 762 4792 888 4845; x_wconf 91' lang='lat' dir='ltr'><strong>tinm</strong></span> <span class='ocrx_word' id='word_1_385' title='bbox 920 4790 1127 4847; x_wconf 83' lang='lat' dir='ltr'><strong>laudem</strong></span> <span class='ocrx_word' id='word_1_386' title='bbox 1162 4793 1420 4861; x_wconf 83' lang='lat' dir='ltr'><strong>perfecit,</strong></span> <span class='ocrx_word' id='word_1_387' title='bbox 1453 4805 1507 4849; x_wconf 90' lang='lat' dir='ltr'><strong>et</strong></span> <span class='ocrx_word' id='word_1_388' title='bbox 1534 4797 1621 4866; x_wconf 90' lang='lat' dir='ltr'><strong>qui</strong></span> <span class='ocrx_word' id='word_1_389' title='bbox 1651 4798 1809 4851; x_wconf 75' lang='lat' dir='ltr'><strong>caelos</strong></span> <span class='ocrx_word' id='word_1_390' title='bbox 1839 4799 2123 4855; x_wconf 81' lang='lat' dir='ltr'><strong>fabricatus</strong></span> <span class='ocrx_word' id='word_1_391' title='bbox 2149 4813 2250 4856; x_wconf 86' lang='lat' dir='ltr'><strong>est.</strong></span> <span class='ocrx_word' id='word_1_392' title='bbox 2282 4804 2337 4859; x_wconf 90' lang='lat' dir='ltr'><strong>Si</strong></span> 
     </span>
    </p>
   </div>
   <div class='ocr_carea' id='block_1_50' title="bbox 760 4884 2337 4955">
    <p class='ocr_par' dir='ltr' id='par_1_50' title="bbox 760 4884 2337 4955">
     <span class='ocr_line' id='line_1_50' title="bbox 760 4884 2337 4955; baseline 0.007 -20"><span class='ocrx_word' id='word_1_393' title='bbox 760 4893 933 4937; x_wconf 79' lang='lat' dir='ltr'><strong>autem</strong></span> <span class='ocrx_word' id='word_1_394' title='bbox 972 4891 1053 4937; x_wconf 88' lang='lat' dir='ltr'><strong>est</strong></span> <span class='ocrx_word' id='word_1_395' title='bbox 1090 4884 1343 4940; x_wconf 71' lang='lat' dir='ltr'><strong>caelorum</strong></span> <span class='ocrx_word' id='word_1_396' title='bbox 1384 4887 1587 4955; x_wconf 76' lang='lat' dir='ltr'><strong>apifex,</strong></span> <span class='ocrx_word' id='word_1_397' title='bbox 1630 4897 1793 4941; x_wconf 75' lang='lat' dir='ltr'><strong>restat</strong></span> <span class='ocrx_word' id='word_1_398' title='bbox 1821 4898 1875 4940; x_wconf 90' lang='lat' dir='ltr'><strong>ut</strong></span> <span class='ocrx_word' id='word_1_399' title='bbox 1903 4888 2060 4943; x_wconf 89' lang='lat' dir='ltr'><strong>fuerit</strong></span> <span class='ocrx_word' id='word_1_400' title='bbox 2089 4901 2212 4946; x_wconf 89' lang='lat' dir='ltr'><strong>ante</strong></span> <span class='ocrx_word' id='word_1_401' title='bbox 2238 4909 2337 4946; x_wconf 71' lang='lat' dir='ltr'><strong>czc-</strong></span> 
     </span>
    </p>
   </div>
   <div class='ocr_carea' id='block_1_51' title="bbox 760 4976 2343 5045">
    <p class='ocr_par' dir='ltr' id='par_1_51' title="bbox 760 4976 2343 5045">
     <span class='ocr_line' id='line_1_51' title="bbox 760 4976 2343 5045; baseline 0.006 -18"><span class='ocrx_word' id='word_1_402' title='bbox 760 4976 875 5029; x_wconf 83' lang='lat' dir='ltr'><strong>los:</strong></span> <span class='ocrx_word' id='word_1_403' title='bbox 920 4992 1018 5031; x_wconf 86' lang='lat' dir='ltr'><strong>nec</strong></span> <span class='ocrx_word' id='word_1_404' title='bbox 1055 4977 1203 5031; x_wconf 86' lang='lat' dir='ltr'><strong>duxit</strong></span> <span class='ocrx_word' id='word_1_405' title='bbox 1240 4978 1442 5033; x_wconf 85' lang='lat' dir='ltr'><strong>initium</strong></span> <span class='ocrx_word' id='word_1_406' title='bbox 1480 4996 1543 5033; x_wconf 79' lang='lat' dir='ltr'><strong>ex</strong></span> <span class='ocrx_word' id='word_1_407' title='bbox 1570 4981 1763 5045; x_wconf 82' lang='lat' dir='ltr'><strong>Maria,</strong></span> <span class='ocrx_word' id='word_1_408' title='bbox 1809 4982 1912 5035; x_wconf 91' lang='lat' dir='ltr'><strong>imo</strong></span> <span class='ocrx_word' id='word_1_409' title='bbox 1943 4994 2054 5037; x_wconf 90' lang='lat' dir='ltr'><strong>erat</strong></span> <span class='ocrx_word' id='word_1_410' title='bbox 2085 4996 2208 5039; x_wconf 87' lang='lat' dir='ltr'><strong>ante</strong></span> <span class='ocrx_word' id='word_1_411' title='bbox 2234 4986 2343 5039; x_wconf 80' lang='lat' dir='ltr'><strong>Ma-</strong></span> 
     </span>
    </p>
   </div>
   <div class='ocr_carea' id='block_1_52' title="bbox 761 5070 2337 5150">
    <p class='ocr_par' dir='ltr' id='par_1_52' title="bbox 761 5070 2337 5150">
     <span class='ocr_line' id='line_1_52' title="bbox 761 5070 2337 5150; baseline 0.007 -27"><span class='ocrx_word' id='word_1_412' title='bbox 761 5070 911 5124; x_wconf 87' lang='lat' dir='ltr'><strong>riam.</strong></span> <span class='ocrx_word' id='word_1_413' title='bbox 958 5070 1244 5125; x_wconf 86' lang='lat' dir='ltr'><strong>Considera</strong></span> <span class='ocrx_word' id='word_1_414' title='bbox 1297 5083 1471 5127; x_wconf 81' lang='lat' dir='ltr'><strong>autem</strong></span> <span class='ocrx_word' id='word_1_415' title='bbox 1524 5074 1793 5142; x_wconf 71' lang='lat' dir='ltr'><strong>propheta:</strong></span> <span class='ocrx_word' id='word_1_416' title='bbox 1844 5078 2175 5145; x_wconf 83' lang='lat' dir='ltr'><strong>sapientiam.</strong></span> <span class='ocrx_word' id='word_1_417' title='bbox 2224 5080 2337 5150; x_wconf 82' lang='lat' dir='ltr'><strong>Non</strong></span> 
     </span>
    </p>
   </div>
   <div class='ocr_carea' id='block_1_53' title="bbox 760 5165 2337 5235">
    <p class='ocr_par' dir='ltr' id='par_1_53' title="bbox 760 5165 2337 5235">
     <span class='ocr_line' id='line_1_53' title="bbox 760 5165 2337 5235; baseline 0.005 -18"><span class='ocrx_word' id='word_1_418' title='bbox 760 5165 899 5217; x_wconf 83' lang='lat' dir='ltr'><strong>enim</strong></span> <span class='ocrx_word' id='word_1_419' title='bbox 948 5178 1068 5217; x_wconf 90' lang='lat' dir='ltr'><strong>eum</strong></span> <span class='ocrx_word' id='word_1_420' title='bbox 1110 5165 1443 5219; x_wconf 87' lang='lat' dir='ltr'><strong>solummodo</strong></span> <span class='ocrx_word' id='word_1_421' title='bbox 1484 5166 1678 5219; x_wconf 85' lang='lat' dir='ltr'><strong>inducit</strong></span> <span class='ocrx_word' id='word_1_422' title='bbox 1722 5168 2003 5235; x_wconf 64' lang='lat' dir='ltr'><strong>opiﬁt-em,</strong></span> <span class='ocrx_word' id='word_1_423' title='bbox 2048 5170 2140 5224; x_wconf 78' lang='lat' dir='ltr'><strong>sed</strong></span> <span class='ocrx_word' id='word_1_424' title='bbox 2179 5172 2337 5225; x_wconf 85' lang='lat' dir='ltr'><strong>etiam</strong></span> 
     </span>
    </p>
   </div>
   <div class='ocr_carea' id='block_1_54' title="bbox 761 5256 2339 5325">
    <p class='ocr_par' dir='ltr' id='par_1_54' title="bbox 761 5256 2339 5325">
     <span class='ocr_line' id='line_1_54' title="bbox 761 5256 2339 5325; baseline 0.004 -17"><span class='ocrx_word' id='word_1_425' title='bbox 761 5256 1106 5309; x_wconf 75' lang='lat' dir='ltr'><strong>fabricantem</strong></span> <span class='ocrx_word' id='word_1_426' title='bbox 1138 5272 1257 5310; x_wconf 90' lang='lat' dir='ltr'><strong>cum</strong></span> <span class='ocrx_word' id='word_1_427' title='bbox 1291 5272 1477 5325; x_wconf 81' lang='lat' dir='ltr'><strong>magna</strong></span> <span class='ocrx_word' id='word_1_428' title='bbox 1501 5257 1769 5310; x_wconf 70' lang='lat' dir='ltr'><strong>facilitate.</strong></span> <span class='ocrx_word' id='word_1_429' title='bbox 1801 5259 1862 5311; x_wconf 85' lang='lat' dir='ltr'><strong>Et</strong></span> <span class='ocrx_word' id='word_1_430' title='bbox 1890 5259 2009 5312; x_wconf 84' lang='lat' dir='ltr'><strong>ideo</strong></span> <span class='ocrx_word' id='word_1_431' title='bbox 2037 5261 2163 5315; x_wconf 89' lang='lat' dir='ltr'><strong>dicit</strong></span> <span class='ocrx_word' id='word_1_432' title='bbox 2194 5279 2205 5313; x_wconf 92' lang='lat'>:</span> <span class='ocrx_word' id='word_1_433' title='bbox 2253 5262 2339 5315; x_wconf 71' lang='lat' dir='ltr'><strong>Fi-</strong></span> 
     </span>
    </p>
   </div>
   <div class='ocr_carea' id='block_1_55' title="bbox 759 5346 2341 5418">
    <p class='ocr_par' dir='ltr' id='par_1_55' title="bbox 759 5346 2341 5418">
     <span class='ocr_line' id='line_1_55' title="bbox 759 5346 2341 5418; baseline 0.004 -20"><span class='ocrx_word' id='word_1_434' title='bbox 759 5346 882 5399; x_wconf 82' lang='lat' dir='ltr'><strong>debo</strong></span> <span class='ocrx_word' id='word_1_435' title='bbox 922 5347 1069 5399; x_wconf 66' lang='lat' dir='ltr'><strong>caelos</strong></span> <span class='ocrx_word' id='word_1_436' title='bbox 1107 5364 1260 5415; x_wconf 80' lang='lat' dir='ltr'><strong>Opera</strong></span> <span class='ocrx_word' id='word_1_437' title='bbox 1289 5348 1554 5418; x_wconf 75' lang='lat' dir='ltr'><strong>digitorum</strong></span> <span class='ocrx_word' id='word_1_438' title='bbox 1585 5358 1782 5401; x_wconf 82' lang='lat' dir='ltr'><strong>tuorum</strong></span> <span class='ocrx_word' id='word_1_439' title='bbox 1803 5391 1817 5412; x_wconf 93' lang='lat'><strong>,</strong></span> <span class='ocrx_word' id='word_1_440' title='bbox 1850 5364 1952 5403; x_wconf 87' lang='lat' dir='ltr'><strong>non</strong></span> <span class='ocrx_word' id='word_1_441' title='bbox 1980 5352 2116 5418; x_wconf 84' lang='lat' dir='ltr'><strong>quod</strong></span> <span class='ocrx_word' id='word_1_442' title='bbox 2152 5353 2341 5407; x_wconf 73' lang='lat' dir='ltr'><strong>habent</strong></span> 
     </span>
    </p>
   </div>
   <div class='ocr_carea' id='block_1_56' title="bbox 762 5437 2342 5509">
    <p class='ocr_par' dir='ltr' id='par_1_56' title="bbox 762 5437 2342 5509">
     <span class='ocr_line' id='line_1_56' title="bbox 762 5437 2342 5509; baseline 0.006 -19"><span class='ocrx_word' id='word_1_443' title='bbox 762 5438 899 5492; x_wconf 80' lang='lat' dir='ltr'><strong>Deus</strong></span> <span class='ocrx_word' id='word_1_444' title='bbox 921 5437 1113 5509; x_wconf 80' lang='lat' dir='ltr'><strong>digitos</strong></span> <span class='ocrx_word' id='word_1_445' title='bbox 1137 5474 1152 5504; x_wconf 80' lang='lat'><strong>,</strong></span> <span class='ocrx_word' id='word_1_446' title='bbox 1181 5439 1273 5494; x_wconf 90' lang='lat' dir='ltr'><strong>sed</strong></span> <span class='ocrx_word' id='word_1_447' title='bbox 1304 5440 1534 5493; x_wconf 73' lang='lat' dir='ltr'><strong>minium</strong></span> <span class='ocrx_word' id='word_1_448' title='bbox 1558 5455 1675 5494; x_wconf 88' lang='lat' dir='ltr'><strong>esse</strong></span> <span class='ocrx_word' id='word_1_449' title='bbox 1704 5442 2029 5509; x_wconf 85' lang='lat' dir='ltr'><strong>operationis</strong></span> <span class='ocrx_word' id='word_1_450' title='bbox 2057 5445 2342 5500; x_wconf 81' lang='lat' dir='ltr'><strong>ostendens</strong></span> 
     </span>
    </p>
   </div>
   <div class='ocr_carea' id='block_1_57' title="bbox 825 5568 2343 5634">
    <p class='ocr_par' dir='ltr' id='par_1_57' title="bbox 825 5568 2343 5634">
     <span class='ocr_line' id='line_1_57' title="bbox 825 5568 2343 5634; baseline 0.001 -15"><span class='ocrx_word' id='word_1_451' title='bbox 825 5569 899 5632; x_wconf 88' lang='lat' dir='ltr'><strong>(a)</strong></span> <span class='ocrx_word' id='word_1_452' title='bbox 927 5568 1107 5634; x_wconf 53' lang='lat' dir='ltr'><strong>Paulus</strong></span> <span class='ocrx_word' id='word_1_453' title='bbox 1127 5576 1465 5634; x_wconf 83' lang='lat' dir='ltr'><strong>Samosatcnus</strong></span> <span class='ocrx_word' id='word_1_454' title='bbox 1484 5568 1679 5634; x_wconf 81' lang='lat' dir='ltr'><strong>dicebat</strong></span> <span class='ocrx_word' id='word_1_455' title='bbox 1706 5570 1960 5629; x_wconf 81' lang='lat' dir='ltr'><strong>Christum,</strong></span> <span class='ocrx_word' id='word_1_456' title='bbox 2002 5574 2147 5621; x_wconf 87' lang='lat' dir='ltr'><strong>etiam</strong></span> <span class='ocrx_word' id='word_1_457' title='bbox 2166 5580 2343 5634; x_wconf 11' lang='lat' dir='ltr'><strong>qualic-</strong></span> 
     </span>
    </p>
   </div>
   <div class='ocr_carea' id='block_1_58' title="bbox 760 5630 2342 5692">
    <p class='ocr_par' dir='ltr' id='par_1_58' title="bbox 760 5630 2342 5692">
     <span class='ocr_line' id='line_1_58' title="bbox 760 5630 2342 5692; baseline 0.003 -13"><span class='ocrx_word' id='word_1_458' title='bbox 760 5642 853 5679; x_wconf 84' lang='lat' dir='ltr'><strong>nus</strong></span> <span class='ocrx_word' id='word_1_459' title='bbox 880 5630 1033 5680; x_wconf 53' lang='lat' dir='ltr'><strong>&#39;t-‘ilius</strong></span> <span class='ocrx_word' id='word_1_460' title='bbox 1057 5638 1161 5679; x_wconf 86' lang='lat' dir='ltr'><strong>erat</strong></span> <span class='ocrx_word' id='word_1_461' title='bbox 1179 5632 1279 5689; x_wconf 78' lang='lat' dir='ltr'><strong>Dei,</strong></span> <span class='ocrx_word' id='word_1_462' title='bbox 1306 5638 1421 5679; x_wconf 92' lang='lat' dir='ltr'><strong>tunc</strong></span> <span class='ocrx_word' id='word_1_463' title='bbox 1445 5631 1689 5680; x_wconf 76' lang='lat' dir='ltr'><strong>exsistere</strong></span> <span class='ocrx_word' id='word_1_464' title='bbox 1715 5634 1920 5692; x_wconf 71' lang='lat' dir='ltr'><strong>cmpisse</strong></span> <span class='ocrx_word' id='word_1_465' title='bbox 1968 5647 2078 5682; x_wconf 85' lang='lat' dir='ltr'><strong>cum</strong></span> <span class='ocrx_word' id='word_1_466' title='bbox 2116 5630 2342 5683; x_wconf 54' lang='lat' dir='ltr'><strong>ex&#39;Maria</strong></span> 
     </span>
    </p>
   </div>
   <div class='ocr_carea' id='block_1_59' title="bbox 761 5692 2343 5755">
    <p class='ocr_par' dir='ltr' id='par_1_59' title="bbox 761 5692 2343 5755">
     <span class='ocr_line' id='line_1_59' title="bbox 761 5692 2343 5755; baseline 0.004 -17"><span class='ocrx_word' id='word_1_467' title='bbox 761 5692 1011 5755; x_wconf 73' lang='lat' dir='ltr'><strong>processit,</strong></span> <span class='ocrx_word' id='word_1_468' title='bbox 1039 5698 1095 5755; x_wconf 83' lang='lat' dir='ltr'><strong>et</strong></span> <span class='ocrx_word' id='word_1_469' title='bbox 1116 5692 1180 5741; x_wconf 90' lang='lat' dir='ltr'><strong>ita</strong></span> <span class='ocrx_word' id='word_1_470' title='bbox 1211 5692 1667 5749; x_wconf 82' lang='lat' dir='ltr'><strong>consubstantialem,</strong></span> <span class='ocrx_word' id='word_1_471' title='bbox 1716 5706 1895 5755; x_wconf 61' lang='lat' dir='ltr'><strong>graece,</strong></span> <span class='ocrx_word' id='word_1_472' title='bbox 1943 5707 2149 5755; x_wconf 59' lang='lat' dir='ltr'><strong>6_mo0mav,</strong></span> <span class='ocrx_word' id='word_1_473' title='bbox 2193 5695 2343 5745; x_wconf 71' lang='lat' dir='ltr'><strong>fuisse</strong></span> 
     </span>
    </p>
   </div>
   <div class='ocr_carea' id='block_1_60' title="bbox 762 5747 2342 5819">
    <p class='ocr_par' dir='ltr' id='par_1_60' title="bbox 762 5747 2342 5819">
     <span class='ocr_line' id='line_1_60' title="bbox 762 5747 2342 5819; baseline 0.004 -18"><span class='ocrx_word' id='word_1_474' title='bbox 762 5747 903 5812; x_wconf 65' lang='lat' dir='ltr'><strong>Patri,</strong></span> <span class='ocrx_word' id='word_1_475' title='bbox 929 5759 982 5801; x_wconf 86' lang='lat' dir='ltr'><strong>ut</strong></span> <span class='ocrx_word' id='word_1_476' title='bbox 1004 5747 1130 5819; x_wconf 73' lang='lat' dir='ltr'><strong>nulla</strong></span> <span class='ocrx_word' id='word_1_477' title='bbox 1154 5763 1285 5803; x_wconf 83' lang='lat' dir='ltr'><strong>esset</strong></span> <span class='ocrx_word' id='word_1_478' title='bbox 1310 5766 1620 5819; x_wconf 77' lang='lat' dir='ltr'><strong>personarum</strong></span> <span class='ocrx_word' id='word_1_479' title='bbox 1644 5747 1915 5819; x_wconf 40' lang='lat' dir='ltr'><strong>disiinctio&#39;;</strong></span> <span class='ocrx_word' id='word_1_480' title='bbox 1941 5747 2037 5819; x_wconf 73' lang='lat' dir='ltr'><strong>quo</strong></span> <span class='ocrx_word' id='word_1_481' title='bbox 2059 5747 2204 5807; x_wconf 68' lang='lat' dir='ltr'><strong>Sl&#39;ltsll</strong></span> <span class='ocrx_word' id='word_1_482' title='bbox 2229 5772 2342 5817; x_wconf 71' lang='lat' dir='ltr'><strong>vox,</strong></span> 
     </span>
    </p>
   </div>
   <div class='ocr_carea' id='block_1_61' title="bbox 761 5815 1909 5877">
    <p class='ocr_par' dir='ltr' id='par_1_61' title="bbox 761 5815 1909 5877">
     <span class='ocr_line' id='line_1_61' title="bbox 761 5815 1909 5877; baseline -0.001 -13"><span class='ocrx_word' id='word_1_483' title='bbox 761 5828 969 5877; x_wconf 53' lang='lat' dir='ltr'><strong>ipsaseas»,</strong></span> <span class='ocrx_word' id='word_1_484' title='bbox 993 5815 1213 5864; x_wconf 83' lang='lat' dir='ltr'><strong>damnata</strong></span> <span class='ocrx_word' id='word_1_485' title='bbox 1240 5822 1313 5863; x_wconf 85' lang='lat' dir='ltr'><strong>est</strong></span> <span class='ocrx_word' id='word_1_486' title='bbox 1330 5817 1378 5863; x_wconf 86' lang='lat' dir='ltr'><strong>in</strong></span> <span class='ocrx_word' id='word_1_487' title='bbox 1402 5815 1585 5877; x_wconf 71' lang='lat' dir='ltr'><strong>synodo</strong></span> <span class='ocrx_word' id='word_1_488' title='bbox 1602 5818 1909 5865; x_wconf 72' lang='lat' dir='ltr'><strong>Antiochena.</strong></span> 
     </span>
    </p>
   </div>
   <div class='ocr_carea' id='block_1_62' title="bbox 1544 388 3326 453">
    <p class='ocr_par' dir='ltr' id='par_1_62' title="bbox 1544 388 3326 453">
     <span class='ocr_line' id='line_1_62' title="bbox 1544 388 3326 453; baseline 0 -1"><span class='ocrx_word' id='word_1_489' title='bbox 1544 394 1603 452; x_wconf 84' lang='lat'><strong>8.</strong></span> <span class='ocrx_word' id='word_1_490' title='bbox 1628 392 1907 453; x_wconf 76' lang='lat' dir='ltr'><strong>JOANNIS</strong></span> <span class='ocrx_word' id='word_1_491' title='bbox 1934 388 2404 449; x_wconf 75' lang='lat' dir='ltr'><strong>CllRYSOSTOMI</strong></span> <span class='ocrx_word' id='word_1_492' title='bbox 2442 391 2763 449; x_wconf 74' lang='lat' dir='ltr'><strong>ARCIHEP.</strong></span> <span class='ocrx_word' id='word_1_493' title='bbox 2790 392 3326 452; x_wconf 73' lang='lat' dir='ltr'><strong>CONSTANTINOP.</strong></span> 
     </span>
    </p>
   </div>
   <div class='ocr_carea' id='block_1_63' title="bbox 3977 398 4079 456">
    <p class='ocr_par' dir='ltr' id='par_1_63' title="bbox 3977 398 4079 456">
     <span class='ocr_line' id='line_1_63' title="bbox 3977 398 4079 456; baseline 0.02 -2"><span class='ocrx_word' id='word_1_494' title='bbox 3977 398 4079 456; x_wconf 67' lang='grc'><strong>120</strong></span> 
     </span>
    </p>
   </div>
   <div class='ocr_carea' id='block_1_64' title="bbox 2492 505 4077 576">
    <p class='ocr_par' dir='ltr' id='par_1_64' title="bbox 2492 505 4077 576">
     <span class='ocr_line' id='line_1_64' title="bbox 2492 505 4077 576; baseline 0.008 -21"><span class='ocrx_word' id='word_1_495' title='bbox 2492 518 2611 573; x_wconf 74' lang='lat' dir='ltr'><strong>qtne</strong></span> <span class='ocrx_word' id='word_1_496' title='bbox 2636 505 2909 573; x_wconf 74' lang='lat' dir='ltr'><strong>videntur,</strong></span> <span class='ocrx_word' id='word_1_497' title='bbox 2953 508 3302 564; x_wconf 74' lang='lat' dir='ltr'><strong>familiaribus</strong></span> <span class='ocrx_word' id='word_1_498' title='bbox 3328 506 3483 565; x_wconf 90' lang='lat' dir='ltr'><strong>nobis</strong></span> <span class='ocrx_word' id='word_1_499' title='bbox 3513 508 3813 565; x_wconf 88' lang='lat' dir='ltr'><strong>nominibus</strong></span> <span class='ocrx_word' id='word_1_500' title='bbox 3838 512 4039 567; x_wconf 81' lang='lat' dir='ltr'><strong>docens</strong></span> <span class='ocrx_word' id='word_1_501' title='bbox 4061 554 4077 576; x_wconf 87' lang='lat'><strong>.</strong></span> 
     </span>
    </p>
   </div>
   <div class='ocr_carea' id='block_1_65' title="bbox 2487 597 4077 677">
    <p class='ocr_par' dir='ltr' id='par_1_65' title="bbox 2487 597 4077 677">
     <span class='ocr_line' id='line_1_65' title="bbox 2487 597 4077 677; baseline 0.006 -29"><span class='ocrx_word' id='word_1_502' title='bbox 2487 605 2915 677; x_wconf 68' lang='lat' dir='ltr'><strong>quaesuntsupra</strong></span> <span class='ocrx_word' id='word_1_503' title='bbox 2942 612 3059 652; x_wconf 87' lang='lat' dir='ltr'><strong>nos.</strong></span> <span class='ocrx_word' id='word_1_504' title='bbox 3078 597 3211 653; x_wconf 79' lang='lat' dir='ltr'><strong>Nam</strong></span> <span class='ocrx_word' id='word_1_505' title='bbox 3227 600 3387 654; x_wconf 89' lang='lat' dir='ltr'><strong>etiam</strong></span> <span class='ocrx_word' id='word_1_506' title='bbox 3413 598 3625 669; x_wconf 89' lang='lat' dir='ltr'><strong>quando</strong></span> <span class='ocrx_word' id='word_1_507' title='bbox 3647 600 3774 655; x_wconf 88' lang='lat' dir='ltr'><strong>dicit</strong></span> <span class='ocrx_word' id='word_1_508' title='bbox 3806 601 3945 669; x_wconf 63' lang='grc' dir='ltr'><strong>πρωὶ</strong></span> <span class='ocrx_word' id='word_1_509' title='bbox 3972 620 4077 657; x_wconf 78' lang='lat' dir='ltr'><strong>me-</strong></span> 
     </span>
    </p>
   </div>
   <div class='ocr_carea' id='block_1_66' title="bbox 2486 682 4057 763">
    <p class='ocr_par' dir='ltr' id='par_1_66' title="bbox 2486 682 4057 763">
     <span class='ocr_line' id='line_1_66' title="bbox 2486 682 4057 763; baseline 0.008 -29"><span class='ocrx_word' id='word_1_510' title='bbox 2486 682 2611 736; x_wconf 81' lang='lat' dir='ltr'><strong>titur</strong></span> <span class='ocrx_word' id='word_1_511' title='bbox 2651 686 2831 739; x_wconf 74' lang='lat' dir='ltr'><strong>celant</strong></span> <span class='ocrx_word' id='word_1_512' title='bbox 2866 687 3066 757; x_wconf 84' lang='lat' dir='ltr'><strong>palmo,</strong></span> <span class='ocrx_word' id='word_1_513' title='bbox 3100 696 3153 741; x_wconf 78' lang='lat' dir='ltr'><strong>et</strong></span> <span class='ocrx_word' id='word_1_514' title='bbox 3192 698 3379 742; x_wconf 76' lang='lat' dir='ltr'><strong>terram</strong></span> <span class='ocrx_word' id='word_1_515' title='bbox 3404 690 3600 761; x_wconf 70' lang='lat' dir='ltr'><strong>pugillo</strong></span> <span class='ocrx_word' id='word_1_516' title='bbox 3628 688 3777 762; x_wconf 75' lang='lat' dir='ltr'><strong>(leui.</strong></span> <span class='ocrx_word' id='word_1_517' title='bbox 3809 691 3902 747; x_wconf 76' lang='grc' dir='ltr'><strong>ω.</strong></span> <span class='ocrx_word' id='word_1_518' title='bbox 3933 692 4057 763; x_wconf 67' lang='lat' dir='ltr'><strong>i2):</strong></span> 
     </span>
    </p>
   </div>
   <div class='ocr_carea' id='block_1_67' title="bbox 2485 764 4073 849">
    <p class='ocr_par' dir='ltr' id='par_1_67' title="bbox 2485 764 4073 849">
     <span class='ocr_line' id='line_1_67' title="bbox 2485 764 4073 849; baseline 0.009 -24"><span class='ocrx_word' id='word_1_519' title='bbox 2485 788 2591 827; x_wconf 90' lang='lat' dir='ltr'><strong>non</strong></span> <span class='ocrx_word' id='word_1_520' title='bbox 2632 776 2885 847; x_wconf 90' lang='lat' dir='ltr'><strong>pugillum</strong></span> <span class='ocrx_word' id='word_1_521' title='bbox 2914 788 2968 832; x_wconf 91' lang='lat' dir='ltr'><strong>et</strong></span> <span class='ocrx_word' id='word_1_522' title='bbox 2998 764 3232 847; x_wconf 77' lang='lat' dir='ltr'><strong>palmum</strong></span> <span class='ocrx_word' id='word_1_523' title='bbox 3262 778 3606 849; x_wconf 73' lang='lat' dir='ltr'><strong>signiﬁcans,</strong></span> <span class='ocrx_word' id='word_1_524' title='bbox 3637 781 3751 836; x_wconf 63' lang='lat' dir='ltr'><strong>hare</strong></span> <span class='ocrx_word' id='word_1_525' title='bbox 3776 781 3908 838; x_wconf 89' lang='lat' dir='ltr'><strong>dicit</strong></span> <span class='ocrx_word' id='word_1_526' title='bbox 3928 823 3947 847; x_wconf 88' lang='lat'><strong>,</strong></span> <span class='ocrx_word' id='word_1_527' title='bbox 3979 783 4073 839; x_wconf 79' lang='lat' dir='ltr'><strong>sed</strong></span> 
     </span>
    </p>
   </div>
   <div class='ocr_carea' id='block_1_68' title="bbox 2482 863 4074 940">
    <p class='ocr_par' dir='ltr' id='par_1_68' title="bbox 2482 863 4074 940">
     <span class='ocr_line' id='line_1_68' title="bbox 2482 863 4074 940; baseline 0.007 -24"><span class='ocrx_word' id='word_1_528' title='bbox 2482 863 2672 919; x_wconf 76' lang='lat' dir='ltr'><strong>volens</strong></span> <span class='ocrx_word' id='word_1_529' title='bbox 2721 866 2818 921; x_wconf 88' lang='lat' dir='ltr'><strong>Dei</strong></span> <span class='ocrx_word' id='word_1_530' title='bbox 2862 865 3122 922; x_wconf 80' lang='lat' dir='ltr'><strong>inﬁnitam</strong></span> <span class='ocrx_word' id='word_1_531' title='bbox 3151 868 3441 923; x_wconf 85' lang='lat' dir='ltr'><strong>ostendere</strong></span> <span class='ocrx_word' id='word_1_532' title='bbox 3464 872 3773 939; x_wconf 78' lang='lat' dir='ltr'><strong>potentiam.</strong></span> <span class='ocrx_word' id='word_1_533' title='bbox 3792 872 4074 940; x_wconf 73' lang='lat' dir='ltr'><strong>Quomodo</strong></span> 
     </span>
    </p>
   </div>
   <div class='ocr_carea' id='block_1_69' title="bbox 2482 955 4074 1023">
    <p class='ocr_par' dir='ltr' id='par_1_69' title="bbox 2482 955 4074 1023">
     <span class='ocr_line' id='line_1_69' title="bbox 2482 955 4074 1023; baseline 0.009 -16"><span class='ocrx_word' id='word_1_534' title='bbox 2482 967 2611 1023; x_wconf 86' lang='lat' dir='ltr'><strong>ergo</strong></span> <span class='ocrx_word' id='word_1_535' title='bbox 2636 955 2858 1011; x_wconf 70' lang='lat' dir='ltr'><strong>audent</strong></span> <span class='ocrx_word' id='word_1_536' title='bbox 2906 958 3147 1013; x_wconf 89' lang='lat' dir='ltr'><strong>nonnulli</strong></span> <span class='ocrx_word' id='word_1_537' title='bbox 3192 958 3384 1014; x_wconf 81' lang='lat' dir='ltr'><strong>Filium</strong></span> <span class='ocrx_word' id='word_1_538' title='bbox 3428 958 3613 1015; x_wconf 88' lang='lat' dir='ltr'><strong>dicere</strong></span> <span class='ocrx_word' id='word_1_539' title='bbox 3656 962 4074 1021; x_wconf 77' lang='lat' dir='ltr'><strong>administrum?</strong></span> 
     </span>
    </p>
   </div>
   <div class='ocr_carea' id='block_1_70' title="bbox 2480 1042 4074 1125">
    <p class='ocr_par' dir='ltr' id='par_1_70' title="bbox 2480 1042 4074 1125">
     <span class='ocr_line' id='line_1_70' title="bbox 2480 1042 4074 1125; baseline 0.011 -29"><span class='ocrx_word' id='word_1_540' title='bbox 2480 1042 2581 1112; x_wconf 87' lang='lat' dir='ltr'><strong>Qui</strong></span> <span class='ocrx_word' id='word_1_541' title='bbox 2610 1046 2752 1100; x_wconf 89' lang='lat' dir='ltr'><strong>enim</strong></span> <span class='ocrx_word' id='word_1_542' title='bbox 2782 1062 2850 1101; x_wconf 88' lang='lat' dir='ltr'><strong>ne</strong></span> <span class='ocrx_word' id='word_1_543' title='bbox 2877 1048 3179 1104; x_wconf 76' lang='lat' dir='ltr'><strong>universam</strong></span> <span class='ocrx_word' id='word_1_544' title='bbox 3207 1051 3421 1121; x_wconf 87' lang='lat' dir='ltr'><strong>quidem</strong></span> <span class='ocrx_word' id='word_1_545' title='bbox 3444 1066 3593 1106; x_wconf 85' lang='lat' dir='ltr'><strong>suam</strong></span> <span class='ocrx_word' id='word_1_546' title='bbox 3616 1056 3779 1110; x_wconf 80' lang='lat' dir='ltr'><strong>movit</strong></span> <span class='ocrx_word' id='word_1_547' title='bbox 3794 1056 4074 1125; x_wconf 81' lang='lat' dir='ltr'><strong>operatio-</strong></span> 
     </span>
    </p>
   </div>
   <div class='ocr_carea' id='block_1_71' title="bbox 2480 1136 4072 1215">
    <p class='ocr_par' dir='ltr' id='par_1_71' title="bbox 2480 1136 4072 1215">
     <span class='ocr_line' id='line_1_71' title="bbox 2480 1136 4072 1215; baseline 0.011 -27"><span class='ocrx_word' id='word_1_548' title='bbox 2480 1148 2603 1189; x_wconf 87' lang='lat' dir='ltr'><strong>nem</strong></span> <span class='ocrx_word' id='word_1_549' title='bbox 2622 1174 2640 1200; x_wconf 94' lang='lat'><strong>,</strong></span> <span class='ocrx_word' id='word_1_550' title='bbox 2679 1136 2893 1206; x_wconf 86' lang='lat' dir='ltr'><strong>quando</strong></span> <span class='ocrx_word' id='word_1_551' title='bbox 2935 1140 3125 1195; x_wconf 73' lang='lat' dir='ltr'><strong>cadum</strong></span> <span class='ocrx_word' id='word_1_552' title='bbox 3166 1138 3343 1196; x_wconf 76' lang='lat' dir='ltr'><strong>facere</strong></span> <span class='ocrx_word' id='word_1_553' title='bbox 3369 1144 3606 1212; x_wconf 87' lang='lat' dir='ltr'><strong>oportuit</strong></span> <span class='ocrx_word' id='word_1_554' title='bbox 3637 1160 3652 1197; x_wconf 90' lang='lat'><strong>:</strong></span> <span class='ocrx_word' id='word_1_555' title='bbox 3680 1146 3806 1215; x_wconf 87' lang='lat' dir='ltr'><strong>quid</strong></span> <span class='ocrx_word' id='word_1_556' title='bbox 3834 1148 3961 1203; x_wconf 84' lang='lat' dir='ltr'><strong>dico</strong></span> <span class='ocrx_word' id='word_1_557' title='bbox 3986 1158 4072 1203; x_wconf 84' lang='lat' dir='ltr'><strong>to-</strong></span> 
     </span>
    </p>
   </div>
   <div class='ocr_carea' id='block_1_72' title="bbox 2478 1225 4071 1307">
    <p class='ocr_par' dir='ltr' id='par_1_72' title="bbox 2478 1225 4071 1307">
     <span class='ocr_line' id='line_1_72' title="bbox 2478 1225 4071 1307; baseline 0.011 -30"><span class='ocrx_word' id='word_1_558' title='bbox 2478 1232 2585 1278; x_wconf 92' lang='lat' dir='ltr'><strong>tam</strong></span> <span class='ocrx_word' id='word_1_559' title='bbox 2610 1225 2636 1279; x_wconf 81' lang='lat'><strong>?</strong></span> <span class='ocrx_word' id='word_1_560' title='bbox 2653 1226 2748 1283; x_wconf 85' lang='lat' dir='ltr'><strong>sed</strong></span> <span class='ocrx_word' id='word_1_561' title='bbox 2768 1229 2858 1298; x_wconf 92' lang='lat' dir='ltr'><strong>qui</strong></span> <span class='ocrx_word' id='word_1_562' title='bbox 2889 1243 2957 1283; x_wconf 89' lang='lat' dir='ltr'><strong>ne</strong></span> <span class='ocrx_word' id='word_1_563' title='bbox 2976 1230 3254 1287; x_wconf 85' lang='lat' dir='ltr'><strong>minimam</strong></span> <span class='ocrx_word' id='word_1_564' title='bbox 3278 1233 3491 1303; x_wconf 84' lang='lat' dir='ltr'><strong>quidem</strong></span> <span class='ocrx_word' id='word_1_565' title='bbox 3516 1276 3535 1301; x_wconf 93' lang='lat'><strong>,</strong></span> <span class='ocrx_word' id='word_1_566' title='bbox 3562 1236 3656 1291; x_wconf 90' lang='lat' dir='ltr'><strong>sed</strong></span> <span class='ocrx_word' id='word_1_567' title='bbox 3680 1238 3821 1307; x_wconf 91' lang='lat' dir='ltr'><strong>quod</strong></span> <span class='ocrx_word' id='word_1_568' title='bbox 3844 1249 3966 1294; x_wconf 88' lang='lat' dir='ltr'><strong>erat</strong></span> <span class='ocrx_word' id='word_1_569' title='bbox 3985 1242 4071 1295; x_wconf 71' lang='lat' dir='ltr'><strong>vel</strong></span> 
     </span>
    </p>
   </div>
   <div class='ocr_carea' id='block_1_73' title="bbox 2475 1318 4074 1401">
    <p class='ocr_par' dir='ltr' id='par_1_73' title="bbox 2475 1318 4074 1401">
     <span class='ocr_line' id='line_1_73' title="bbox 2475 1318 4074 1401; baseline 0.009 -31"><span class='ocrx_word' id='word_1_570' title='bbox 2475 1318 2709 1373; x_wconf 80' lang='lat' dir='ltr'><strong>maxime</strong></span> <span class='ocrx_word' id='word_1_571' title='bbox 2752 1320 2999 1389; x_wconf 88' lang='lat' dir='ltr'><strong>pusillum</strong></span> <span class='ocrx_word' id='word_1_572' title='bbox 3037 1338 3053 1376; x_wconf 93' lang='lat'>:</span> <span class='ocrx_word' id='word_1_573' title='bbox 3090 1323 3359 1392; x_wconf 90' lang='lat' dir='ltr'><strong>quomodo</strong></span> <span class='ocrx_word' id='word_1_574' title='bbox 3385 1325 3543 1381; x_wconf 90' lang='lat' dir='ltr'><strong>fuerit</strong></span> <span class='ocrx_word' id='word_1_575' title='bbox 3560 1325 3912 1383; x_wconf 79' lang='lat' dir='ltr'><strong>administer?</strong></span> <span class='ocrx_word' id='word_1_576' title='bbox 3933 1346 4074 1401; x_wconf 90' lang='lat' dir='ltr'><strong>quo-</strong></span> 
     </span>
    </p>
   </div>
   <div class='ocr_carea' id='block_1_74' title="bbox 2472 1409 4070 1493">
    <p class='ocr_par' dir='ltr' id='par_1_74' title="bbox 2472 1409 4070 1493">
     <span class='ocr_line' id='line_1_74' title="bbox 2472 1409 4070 1493; baseline 0.008 -29"><span class='ocrx_word' id='word_1_577' title='bbox 2472 1409 2633 1465; x_wconf 90' lang='lat' dir='ltr'><strong>modo</strong></span> <span class='ocrx_word' id='word_1_578' title='bbox 2660 1411 2974 1468; x_wconf 90' lang='lat' dir='ltr'><strong>administer</strong></span> <span class='ocrx_word' id='word_1_579' title='bbox 2991 1454 3008 1478; x_wconf 90' lang='lat'><strong>,</strong></span> <span class='ocrx_word' id='word_1_580' title='bbox 3032 1414 3078 1469; x_wconf 92' lang='lat' dir='ltr'><strong>si</strong></span> <span class='ocrx_word' id='word_1_581' title='bbox 3108 1413 3237 1480; x_wconf 71' lang='lat' dir='ltr'><strong>Qui:</strong></span> <span class='ocrx_word' id='word_1_582' title='bbox 3264 1417 3388 1487; x_wconf 80' lang='lat' dir='ltr'><strong>facit</strong></span> <span class='ocrx_word' id='word_1_583' title='bbox 3417 1414 3605 1484; x_wconf 84' lang='lat' dir='ltr'><strong>Pater,</strong></span> <span class='ocrx_word' id='word_1_584' title='bbox 3632 1435 3692 1473; x_wconf 88' lang='lat' dir='ltr'><strong>ea</strong></span> <span class='ocrx_word' id='word_1_585' title='bbox 3718 1437 3919 1489; x_wconf 78' lang='lat' dir='ltr'><strong>quoque</strong></span> <span class='ocrx_word' id='word_1_586' title='bbox 3939 1425 4070 1493; x_wconf 82' lang='lat' dir='ltr'><strong>facit</strong></span> 
     </span>
    </p>
   </div>
   <div class='ocr_carea' id='block_1_75' title="bbox 2472 1499 4072 1578">
    <p class='ocr_par' dir='ltr' id='par_1_75' title="bbox 2472 1499 4072 1578">
     <span class='ocr_line' id='line_1_75' title="bbox 2472 1499 4072 1578; baseline 0.009 -24"><span class='ocrx_word' id='word_1_587' title='bbox 2472 1499 2643 1557; x_wconf 79' lang='lat' dir='ltr'><strong>Filius</strong></span> <span class='ocrx_word' id='word_1_588' title='bbox 2682 1504 2915 1559; x_wconf 80' lang='lat' dir='ltr'><strong>similiter</strong></span> <span class='ocrx_word' id='word_1_589' title='bbox 2954 1505 3132 1577; x_wconf 84' lang='lat' dir='ltr'><strong>(Joan.</strong></span> <span class='ocrx_word' id='word_1_590' title='bbox 3173 1508 3229 1563; x_wconf 84' lang='lat'><strong>5.</strong></span> <span class='ocrx_word' id='word_1_591' title='bbox 3257 1508 3390 1578; x_wconf 72' lang='lat' dir='ltr'><strong>i9)?</strong></span> <span class='ocrx_word' id='word_1_592' title='bbox 3419 1506 3520 1564; x_wconf 86' lang='lat' dir='ltr'><strong>Ubi</strong></span> <span class='ocrx_word' id='word_1_593' title='bbox 3550 1520 3633 1565; x_wconf 85' lang='lat' dir='ltr'><strong>est</strong></span> <span class='ocrx_word' id='word_1_594' title='bbox 3654 1512 3795 1567; x_wconf 88' lang='lat' dir='ltr'><strong>enim</strong></span> <span class='ocrx_word' id='word_1_595' title='bbox 3824 1513 3960 1569; x_wconf 88' lang='lat' dir='ltr'><strong>illud</strong></span> <span class='ocrx_word' id='word_1_596' title='bbox 3981 1515 4072 1570; x_wconf 85' lang='lat' dir='ltr'><strong>Si-</strong></span> 
     </span>
    </p>
   </div>
   <div class='ocr_carea' id='block_1_76' title="bbox 2469 1593 4067 1675">
    <p class='ocr_par' dir='ltr' id='par_1_76' title="bbox 2469 1593 4067 1675">
     <span class='ocr_line' id='line_1_76' title="bbox 2469 1593 4067 1675; baseline 0.008 -30"><span class='ocrx_word' id='word_1_597' title='bbox 2469 1593 2684 1657; x_wconf 78' lang='lat' dir='ltr'><strong>militer,</strong></span> <span class='ocrx_word' id='word_1_598' title='bbox 2730 1595 2776 1649; x_wconf 90' lang='lat' dir='ltr'><strong>si</strong></span> <span class='ocrx_word' id='word_1_599' title='bbox 2820 1594 2907 1651; x_wconf 92' lang='lat' dir='ltr'><strong>hic</strong></span> <span class='ocrx_word' id='word_1_600' title='bbox 2944 1596 3157 1666; x_wconf 88' lang='lat' dir='ltr'><strong>quidem</strong></span> <span class='ocrx_word' id='word_1_601' title='bbox 3184 1606 3265 1652; x_wconf 85' lang='lat' dir='ltr'><strong>est</strong></span> <span class='ocrx_word' id='word_1_602' title='bbox 3292 1597 3636 1663; x_wconf 87' lang='lat' dir='ltr'><strong>administer,</strong></span> <span class='ocrx_word' id='word_1_603' title='bbox 3669 1600 3757 1656; x_wconf 90' lang='lat' dir='ltr'><strong>ille</strong></span> <span class='ocrx_word' id='word_1_604' title='bbox 3785 1618 3915 1657; x_wconf 73' lang='lat' dir='ltr'><strong>vero</strong></span> <span class='ocrx_word' id='word_1_605' title='bbox 3944 1606 4067 1675; x_wconf 86' lang='lat' dir='ltr'><strong>opi-</strong></span> 
     </span>
    </p>
   </div>
   <div class='ocr_carea' id='block_1_77' title="bbox 2468 1683 4070 1764">
    <p class='ocr_par' dir='ltr' id='par_1_77' title="bbox 2468 1683 4070 1764">
     <span class='ocr_line' id='line_1_77' title="bbox 2468 1683 4070 1764; baseline 0.007 -26"><span class='ocrx_word' id='word_1_606' title='bbox 2468 1683 2553 1738; x_wconf 85' lang='lat' dir='ltr'><strong>l&#39;ex</strong></span> <span class='ocrx_word' id='word_1_607' title='bbox 2576 1683 2598 1738; x_wconf 72' lang='grc' dir='ltr'><strong><em>τ</em></strong></span> <span class='ocrx_word' id='word_1_608' title='bbox 2622 1683 2904 1750; x_wconf 90' lang='lat' dir='ltr'><strong>Quomodo</strong></span> <span class='ocrx_word' id='word_1_609' title='bbox 2931 1697 3109 1742; x_wconf 87' lang='lat' dir='ltr'><strong>autem</strong></span> <span class='ocrx_word' id='word_1_610' title='bbox 3140 1688 3270 1743; x_wconf 83' lang='lat' dir='ltr'><strong>dicit</strong></span> <span class='ocrx_word' id='word_1_611' title='bbox 3297 1688 3413 1758; x_wconf 84' lang='lat' dir='ltr'><strong>ejus</strong></span> <span class='ocrx_word' id='word_1_612' title='bbox 3431 1704 3552 1745; x_wconf 88' lang='lat' dir='ltr'><strong>esse</strong></span> <span class='ocrx_word' id='word_1_613' title='bbox 3571 1705 3755 1759; x_wconf 81' lang='lat' dir='ltr'><strong>Opera,</strong></span> <span class='ocrx_word' id='word_1_614' title='bbox 3776 1693 4070 1764; x_wconf 87' lang='lat' dir='ltr'><strong>aliquando</strong></span> 
     </span>
    </p>
   </div>
   <div class='ocr_carea' id='block_1_78' title="bbox 2466 1773 4063 1855">
    <p class='ocr_par' dir='ltr' id='par_1_78' title="bbox 2466 1773 4063 1855">
     <span class='ocr_line' id='line_1_78' title="bbox 2466 1773 4063 1855; baseline 0.006 -27"><span class='ocrx_word' id='word_1_615' title='bbox 2466 1773 2680 1844; x_wconf 87' lang='lat' dir='ltr'><strong>quidem</strong></span> <span class='ocrx_word' id='word_1_616' title='bbox 2706 1776 2891 1832; x_wconf 89' lang='lat' dir='ltr'><strong>dicens</strong></span> <span class='ocrx_word' id='word_1_617' title='bbox 2914 1818 2929 1841; x_wconf 90' lang='lat'><strong>,</strong></span> <span class='ocrx_word' id='word_1_618' title='bbox 2961 1777 3210 1846; x_wconf 82' lang='lat' dir='ltr'><strong>Domine,</strong></span> <span class='ocrx_word' id='word_1_619' title='bbox 3243 1790 3297 1834; x_wconf 81' lang='lat' dir='ltr'><strong>tu</strong></span> <span class='ocrx_word' id='word_1_620' title='bbox 3326 1780 3389 1834; x_wconf 79' lang='lat' dir='ltr'><strong>alt</strong></span> <span class='ocrx_word' id='word_1_621' title='bbox 3409 1781 3554 1835; x_wconf 87' lang='lat' dir='ltr'><strong>initio</strong></span> <span class='ocrx_word' id='word_1_622' title='bbox 3580 1792 3765 1838; x_wconf 81' lang='lat' dir='ltr'><strong>terram</strong></span> <span class='ocrx_word' id='word_1_623' title='bbox 3794 1786 4063 1855; x_wconf 74' lang='lat' dir='ltr'><strong>fundasti,</strong></span> 
     </span>
    </p>
   </div>
   <div class='ocr_carea' id='block_1_79' title="bbox 2466 1872 4065 1937">
    <p class='ocr_par' dir='ltr' id='par_1_79' title="bbox 2466 1872 4065 1937">
     <span class='ocr_line' id='line_1_79' title="bbox 2466 1872 4065 1937; baseline 0.009 -19"><span class='ocrx_word' id='word_1_624' title='bbox 2466 1874 2513 1927; x_wconf 78' lang='lat' dir='ltr'><strong>et</strong></span> <span class='ocrx_word' id='word_1_625' title='bbox 2548 1882 2705 1937; x_wconf 81' lang='lat' dir='ltr'><strong>opera</strong></span> <span class='ocrx_word' id='word_1_626' title='bbox 2734 1883 2973 1921; x_wconf 71' lang='lat' dir='ltr'><strong>manuum</strong></span> <span class='ocrx_word' id='word_1_627' title='bbox 2992 1878 3197 1923; x_wconf 78' lang='lat' dir='ltr'><strong>tuarum</strong></span> <span class='ocrx_word' id='word_1_628' title='bbox 3223 1881 3343 1925; x_wconf 87' lang='lat' dir='ltr'><strong>sunt</strong></span> <span class='ocrx_word' id='word_1_629' title='bbox 3368 1873 3479 1926; x_wconf 69' lang='lat' dir='ltr'><strong>celi</strong></span> <span class='ocrx_word' id='word_1_630' title='bbox 3508 1888 3529 1927; x_wconf 86' lang='lat'><strong><em>:</em></strong></span> <span class='ocrx_word' id='word_1_631' title='bbox 3559 1872 3645 1929; x_wconf 89' lang='lat' dir='ltr'><strong>hic</strong></span> <span class='ocrx_word' id='word_1_632' title='bbox 3672 1890 3798 1929; x_wconf 78' lang='lat' dir='ltr'><strong>vero</strong></span> <span class='ocrx_word' id='word_1_633' title='bbox 3817 1916 3832 1937; x_wconf 90' lang='lat'><strong><em>.</em></strong></span> <span class='ocrx_word' id='word_1_634' title='bbox 3869 1874 4065 1932; x_wconf 68' lang='lat' dir='ltr'><strong>Videbo</strong></span> 
     </span>
    </p>
   </div>
   <div class='ocr_carea' id='block_1_80' title="bbox 2464 1958 4061 2038">
    <p class='ocr_par' dir='ltr' id='par_1_80' title="bbox 2464 1958 4061 2038">
     <span class='ocr_line' id='line_1_80' title="bbox 2464 1958 4061 2038; baseline 0.01 -30"><span class='ocrx_word' id='word_1_635' title='bbox 2464 1960 2616 2010; x_wconf 64' lang='lat' dir='ltr'><strong>celos</strong></span> <span class='ocrx_word' id='word_1_636' title='bbox 2661 1972 2815 2026; x_wconf 86' lang='lat' dir='ltr'><strong>opera</strong></span> <span class='ocrx_word' id='word_1_637' title='bbox 2855 1958 3131 2029; x_wconf 79' lang='lat' dir='ltr'><strong>digitorum</strong></span> <span class='ocrx_word' id='word_1_638' title='bbox 3174 1970 3378 2015; x_wconf 77' lang='lat' dir='ltr'><strong>tuorum</strong></span> <span class='ocrx_word' id='word_1_639' title='bbox 3411 1961 3584 2032; x_wconf 85' lang='lat' dir='ltr'><strong>(Psal.</strong></span> <span class='ocrx_word' id='word_1_640' title='bbox 3631 1964 3750 2020; x_wconf 89' lang='lat' dir='ltr'><strong>l0l.</strong></span> <span class='ocrx_word' id='word_1_641' title='bbox 3777 1965 3917 2038; x_wconf 69' lang='lat'><strong>26)?</strong></span> <span class='ocrx_word' id='word_1_642' title='bbox 3942 1967 4061 2024; x_wconf 83' lang='lat' dir='ltr'><strong>Non</strong></span> 
     </span>
    </p>
   </div>
   <div class='ocr_carea' id='block_1_81' title="bbox 2463 2046 4061 2124">
    <p class='ocr_par' dir='ltr' id='par_1_81' title="bbox 2463 2046 4061 2124">
     <span class='ocr_line' id='line_1_81' title="bbox 2463 2046 4061 2124; baseline 0.008 -24"><span class='ocrx_word' id='word_1_643' title='bbox 2463 2048 2608 2101; x_wconf 89' lang='lat' dir='ltr'><strong>enim</strong></span> <span class='ocrx_word' id='word_1_644' title='bbox 2648 2046 3081 2103; x_wconf 87' lang='lat' dir='ltr'><strong>administrorum</strong></span> <span class='ocrx_word' id='word_1_645' title='bbox 3102 2059 3229 2105; x_wconf 89' lang='lat' dir='ltr'><strong>sunt</strong></span> <span class='ocrx_word' id='word_1_646' title='bbox 3250 2066 3411 2119; x_wconf 79' lang='lat' dir='ltr'><strong>Opera</strong></span> <span class='ocrx_word' id='word_1_647' title='bbox 3434 2092 3449 2117; x_wconf 92' lang='lat'><strong>,</strong></span> <span class='ocrx_word' id='word_1_648' title='bbox 3480 2052 3573 2107; x_wconf 88' lang='lat' dir='ltr'><strong>sed</strong></span> <span class='ocrx_word' id='word_1_649' title='bbox 3598 2053 3847 2124; x_wconf 79' lang='lat' dir='ltr'><strong>opiﬁcum</strong></span> <span class='ocrx_word' id='word_1_650' title='bbox 3882 2073 3896 2108; x_wconf 89' lang='lat'><strong>:</strong></span> <span class='ocrx_word' id='word_1_651' title='bbox 3928 2067 3987 2113; x_wconf 93' lang='lat' dir='ltr'><strong>ct</strong></span> <span class='ocrx_word' id='word_1_652' title='bbox 4015 2060 4061 2113; x_wconf 88' lang='lat' dir='ltr'><strong>si</strong></span> 
     </span>
    </p>
   </div>
   <div class='ocr_carea' id='block_1_82' title="bbox 2462 2140 4059 2215">
    <p class='ocr_par' dir='ltr' id='par_1_82' title="bbox 2462 2140 4059 2215">
     <span class='ocr_line' id='line_1_82' title="bbox 2462 2140 4059 2215; baseline 0.008 -22"><span class='ocrx_word' id='word_1_653' title='bbox 2462 2140 2581 2210; x_wconf 90' lang='lat' dir='ltr'><strong>quis</strong></span> <span class='ocrx_word' id='word_1_654' title='bbox 2623 2140 2689 2194; x_wconf 90' lang='lat' dir='ltr'><strong>sit</strong></span> <span class='ocrx_word' id='word_1_655' title='bbox 2731 2141 3076 2206; x_wconf 87' lang='lat' dir='ltr'><strong>administer,</strong></span> <span class='ocrx_word' id='word_1_656' title='bbox 3108 2158 3211 2197; x_wconf 92' lang='lat' dir='ltr'><strong>non</strong></span> <span class='ocrx_word' id='word_1_657' title='bbox 3243 2142 3316 2199; x_wconf 92' lang='lat' dir='ltr'><strong>illi</strong></span> <span class='ocrx_word' id='word_1_658' title='bbox 3346 2144 3656 2200; x_wconf 88' lang='lat' dir='ltr'><strong>attribuitur</strong></span> <span class='ocrx_word' id='word_1_659' title='bbox 3679 2162 3815 2215; x_wconf 87' lang='lat' dir='ltr'><strong>opus</strong></span> <span class='ocrx_word' id='word_1_660' title='bbox 3838 2190 3855 2213; x_wconf 94' lang='lat'><strong>,</strong></span> <span class='ocrx_word' id='word_1_661' title='bbox 3880 2150 3979 2204; x_wconf 87' lang='lat' dir='ltr'><strong>sed</strong></span> <span class='ocrx_word' id='word_1_662' title='bbox 4008 2152 4059 2205; x_wconf 88' lang='lat' dir='ltr'><strong>ei</strong></span> 
     </span>
    </p>
   </div>
   <div class='ocr_carea' id='block_1_83' title="bbox 2460 2230 4057 2305">
    <p class='ocr_par' dir='ltr' id='par_1_83' title="bbox 2460 2230 4057 2305">
     <span class='ocr_line' id='line_1_83' title="bbox 2460 2230 4057 2305; baseline 0.006 -20"><span class='ocrx_word' id='word_1_663' title='bbox 2460 2232 2552 2302; x_wconf 91' lang='lat' dir='ltr'><strong>qui</strong></span> <span class='ocrx_word' id='word_1_664' title='bbox 2596 2230 2902 2287; x_wconf 85' lang='lat' dir='ltr'><strong>fabricatur.</strong></span> <span class='ocrx_word' id='word_1_665' title='bbox 2930 2233 3069 2303; x_wconf 83' lang='lat' dir='ltr'><strong>Ergo</strong></span> <span class='ocrx_word' id='word_1_666' title='bbox 3097 2248 3159 2289; x_wconf 87' lang='lat' dir='ltr'><strong>ea</strong></span> <span class='ocrx_word' id='word_1_667' title='bbox 3190 2234 3353 2289; x_wconf 87' lang='lat' dir='ltr'><strong>etiam</strong></span> <span class='ocrx_word' id='word_1_668' title='bbox 3384 2250 3502 2305; x_wconf 69' lang='lat' dir='ltr'><strong>quae</strong></span> <span class='ocrx_word' id='word_1_669' title='bbox 3528 2244 3651 2290; x_wconf 82' lang='lat' dir='ltr'><strong>ante</strong></span> <span class='ocrx_word' id='word_1_670' title='bbox 3679 2252 3710 2290; x_wconf 91' lang='lat' dir='ltr'><strong>a</strong></span> <span class='ocrx_word' id='word_1_671' title='bbox 3739 2237 3883 2292; x_wconf 70' lang='grc' dir='ltr'><strong>ηυδε</strong></span> <span class='ocrx_word' id='word_1_672' title='bbox 3911 2238 4057 2295; x_wconf 89' lang='lat' dir='ltr'><strong>dicta</strong></span> 
     </span>
    </p>
   </div>
   <div class='ocr_carea' id='block_1_84' title="bbox 2459 2322 4057 2396">
    <p class='ocr_par' dir='ltr' id='par_1_84' title="bbox 2459 2322 4057 2396">
     <span class='ocr_line' id='line_1_84' title="bbox 2459 2322 4057 2396; baseline 0.004 -19"><span class='ocrx_word' id='word_1_673' title='bbox 2459 2331 2586 2377; x_wconf 87' lang='lat' dir='ltr'><strong>sunt</strong></span> <span class='ocrx_word' id='word_1_674' title='bbox 2615 2322 2683 2377; x_wconf 84' lang='lat' dir='ltr'><strong>de</strong></span> <span class='ocrx_word' id='word_1_675' title='bbox 2720 2322 2889 2389; x_wconf 83' lang='lat' dir='ltr'><strong>Filio,</strong></span> <span class='ocrx_word' id='word_1_676' title='bbox 2936 2338 3128 2393; x_wconf 84' lang='lat' dir='ltr'><strong>nempe</strong></span> <span class='ocrx_word' id='word_1_677' title='bbox 3165 2323 3336 2379; x_wconf 85' lang='lat' dir='ltr'><strong>illud:</strong></span> <span class='ocrx_word' id='word_1_678' title='bbox 3368 2323 3434 2378; x_wconf 85' lang='lat' dir='ltr'><strong>lu</strong></span> <span class='ocrx_word' id='word_1_679' title='bbox 3473 2326 3723 2396; x_wconf 68' lang='lat' dir='ltr'><strong>principio</strong></span> <span class='ocrx_word' id='word_1_680' title='bbox 3768 2329 3887 2396; x_wconf 80' lang='lat' dir='ltr'><strong>fecit</strong></span> <span class='ocrx_word' id='word_1_681' title='bbox 3912 2327 4057 2385; x_wconf 84' lang='lat' dir='ltr'><strong>Deus</strong></span> 
     </span>
    </p>
   </div>
   <div class='ocr_carea' id='block_1_85' title="bbox 2459 2413 4058 2487">
    <p class='ocr_par' dir='ltr' id='par_1_85' title="bbox 2459 2413 4058 2487">
     <span class='ocr_line' id='line_1_85' title="bbox 2459 2413 4058 2487; baseline 0.008 -22"><span class='ocrx_word' id='word_1_682' title='bbox 2459 2413 2639 2466; x_wconf 71' lang='lat' dir='ltr'><strong>ett-lum</strong></span> <span class='ocrx_word' id='word_1_683' title='bbox 2674 2423 2720 2467; x_wconf 81' lang='lat' dir='ltr'><strong>et</strong></span> <span class='ocrx_word' id='word_1_684' title='bbox 2763 2424 2977 2478; x_wconf 84' lang='lat' dir='ltr'><strong>terram,</strong></span> <span class='ocrx_word' id='word_1_685' title='bbox 3008 2425 3061 2468; x_wconf 89' lang='lat' dir='ltr'><strong>et</strong></span> <span class='ocrx_word' id='word_1_686' title='bbox 3089 2415 3219 2467; x_wconf 86' lang='lat' dir='ltr'><strong>illud</strong></span> <span class='ocrx_word' id='word_1_687' title='bbox 3247 2435 3259 2467; x_wconf 90' lang='lat'><strong>:</strong></span> <span class='ocrx_word' id='word_1_688' title='bbox 3292 2413 3632 2470; x_wconf 81' lang='lat' dir='ltr'><strong>Domineutur</strong></span> <span class='ocrx_word' id='word_1_689' title='bbox 3655 2418 3872 2487; x_wconf 72' lang='lat' dir='ltr'><strong>piscibus</strong></span> <span class='ocrx_word' id='word_1_690' title='bbox 3895 2422 4058 2477; x_wconf 82' lang='lat' dir='ltr'><strong>maris</strong></span> 
     </span>
    </p>
   </div>
   <div class='ocr_carea' id='block_1_86' title="bbox 2459 2488 4055 2575">
    <p class='ocr_par' dir='ltr' id='par_1_86' title="bbox 2459 2488 4055 2575">
     <span class='ocr_line' id='line_1_86' title="bbox 2459 2488 4055 2575; baseline 0.008 -20"><span class='ocrx_word' id='word_1_691' title='bbox 2459 2500 2612 2575; x_wconf 80' lang='lat' dir='ltr'><strong>(Gen.</strong></span> <span class='ocrx_word' id='word_1_692' title='bbox 2659 2504 2711 2557; x_wconf 97' lang='grc'><strong>1.</strong></span> <span class='ocrx_word' id='word_1_693' title='bbox 2757 2504 2807 2558; x_wconf 93' lang='grc'><strong>1.</strong></span> <span class='ocrx_word' id='word_1_694' title='bbox 2843 2512 2892 2556; x_wconf 86' lang='lat' dir='ltr'><strong>et</strong></span> <span class='ocrx_word' id='word_1_695' title='bbox 2931 2502 3046 2573; x_wconf 72' lang='grc'><strong>21)).</strong></span> <span class='ocrx_word' id='word_1_696' title='bbox 3090 2488 3140 2557; x_wconf 86' lang='lat' dir='ltr'><strong>ls</strong></span> <span class='ocrx_word' id='word_1_697' title='bbox 3168 2504 3345 2569; x_wconf 86' lang='lat' dir='ltr'><strong>cuitu,</strong></span> <span class='ocrx_word' id='word_1_698' title='bbox 3382 2505 3471 2575; x_wconf 90' lang='lat' dir='ltr'><strong>qui</strong></span> <span class='ocrx_word' id='word_1_699' title='bbox 3504 2505 3719 2573; x_wconf 85' lang='lat' dir='ltr'><strong>perfecit</strong></span> <span class='ocrx_word' id='word_1_700' title='bbox 3744 2508 3959 2566; x_wconf 84' lang='lat' dir='ltr'><strong>laudem</strong></span> <span class='ocrx_word' id='word_1_701' title='bbox 3987 2529 4055 2568; x_wconf 84' lang='lat' dir='ltr'><strong>ex</strong></span> 
     </span>
    </p>
   </div>
   <div class='ocr_carea' id='block_1_87' title="bbox 2455 2590 3941 2657">
    <p class='ocr_par' dir='ltr' id='par_1_87' title="bbox 2455 2590 3941 2657">
     <span class='ocr_line' id='line_1_87' title="bbox 2455 2590 3941 2657; baseline 0.007 -12"><span class='ocrx_word' id='word_1_702' title='bbox 2455 2605 2551 2647; x_wconf 92' lang='lat' dir='ltr'><strong>ore</strong></span> <span class='ocrx_word' id='word_1_703' title='bbox 2566 2590 2844 2646; x_wconf 77' lang='lat' dir='ltr'><strong>infantium</strong></span> <span class='ocrx_word' id='word_1_704' title='bbox 2870 2601 2924 2647; x_wconf 92' lang='lat' dir='ltr'><strong>et</strong></span> <span class='ocrx_word' id='word_1_705' title='bbox 2945 2593 3284 2657; x_wconf 84' lang='lat' dir='ltr'><strong>lacteutium,</strong></span> <span class='ocrx_word' id='word_1_706' title='bbox 3320 2594 3363 2649; x_wconf 89' lang='lat' dir='ltr'><strong>is</strong></span> <span class='ocrx_word' id='word_1_707' title='bbox 3390 2594 3620 2650; x_wconf 75' lang='lat' dir='ltr'><strong>visitavit</strong></span> <span class='ocrx_word' id='word_1_708' title='bbox 3648 2596 3941 2656; x_wconf 83' lang='lat' dir='ltr'><strong>hominem.</strong></span> 
     </span>
    </p>
   </div>
   <div class='ocr_carea' id='block_1_88' title="bbox 2524 2681 4050 2753">
    <p class='ocr_par' dir='ltr' id='par_1_88' title="bbox 2524 2681 4050 2753">
     <span class='ocr_line' id='line_1_88' title="bbox 2524 2681 4050 2753; baseline 0.007 -16"><span class='ocrx_word' id='word_1_709' title='bbox 2524 2682 2579 2737; x_wconf 88' lang='lat'><strong>9.</strong></span> <span class='ocrx_word' id='word_1_710' title='bbox 2606 2681 2855 2753; x_wconf 62' lang='lat' dir='ltr'><strong>digitales</strong></span> <span class='ocrx_word' id='word_1_711' title='bbox 2875 2694 3058 2737; x_wconf 82' lang='lat' dir='ltr'><strong>natura</strong></span> <span class='ocrx_word' id='word_1_712' title='bbox 3084 2682 3236 2737; x_wconf 85' lang='lat' dir='ltr'><strong>Pater</strong></span> <span class='ocrx_word' id='word_1_713' title='bbox 3255 2695 3300 2737; x_wconf 91' lang='lat' dir='ltr'><strong>et</strong></span> <span class='ocrx_word' id='word_1_714' title='bbox 3316 2682 3505 2743; x_wconf 82' lang='lat' dir='ltr'><strong>Filius.</strong></span> <span class='ocrx_word' id='word_1_715' title='bbox 3527 2685 3694 2744; x_wconf 78' lang='lat' dir='ltr'><strong>Filius</strong></span> <span class='ocrx_word' id='word_1_716' title='bbox 3714 2708 3746 2743; x_wconf 93' lang='lat' dir='ltr'><strong>a</strong></span> <span class='ocrx_word' id='word_1_717' title='bbox 3770 2691 3925 2745; x_wconf 80' lang='lat' dir='ltr'><strong>Patre</strong></span> <span class='ocrx_word' id='word_1_718' title='bbox 3939 2693 4050 2748; x_wconf 80' lang='lat' dir='ltr'><strong>dis-</strong></span> 
     </span>
    </p>
   </div>
   <div class='ocr_carea' id='block_1_89' title="bbox 2452 2774 4052 2850">
    <p class='ocr_par' dir='ltr' id='par_1_89' title="bbox 2452 2774 4052 2850">
     <span class='ocr_line' id='line_1_89' title="bbox 2452 2774 4052 2850; baseline 0.008 -24"><span class='ocrx_word' id='word_1_719' title='bbox 2452 2774 2697 2846; x_wconf 82' lang='lat' dir='ltr'><strong>tinguitur</strong></span> <span class='ocrx_word' id='word_1_720' title='bbox 2722 2775 3207 2847; x_wconf 52' lang='lat' dir='ltr'><strong>hypostasia—Qua‘.</strong></span> <span class='ocrx_word' id='word_1_721' title='bbox 3228 2792 3354 2850; x_wconf 79' lang='lat' dir='ltr'><strong>ergo</strong></span> <span class='ocrx_word' id='word_1_722' title='bbox 3368 2781 3437 2835; x_wconf 86' lang='lat' dir='ltr'><strong>de</strong></span> <span class='ocrx_word' id='word_1_723' title='bbox 3464 2782 3968 2848; x_wconf 75' lang='lat' dir='ltr'><strong>Patredicitllloses.</strong></span> <span class='ocrx_word' id='word_1_724' title='bbox 3986 2801 4052 2841; x_wconf 88' lang='lat' dir='ltr'><strong>ea</strong></span> 
     </span>
    </p>
   </div>
   <div class='ocr_carea' id='block_1_90' title="bbox 2453 2867 4051 2944">
    <p class='ocr_par' dir='ltr' id='par_1_90' title="bbox 2453 2867 4051 2944">
     <span class='ocr_line' id='line_1_90' title="bbox 2453 2867 4051 2944; baseline 0.007 -23"><span class='ocrx_word' id='word_1_725' title='bbox 2453 2867 2649 2922; x_wconf 88' lang='lat' dir='ltr'><strong>Paulus</strong></span> <span class='ocrx_word' id='word_1_726' title='bbox 2673 2868 2742 2923; x_wconf 92' lang='lat' dir='ltr'><strong>de</strong></span> <span class='ocrx_word' id='word_1_727' title='bbox 2771 2868 2909 2927; x_wconf 85' lang='lat' dir='ltr'><strong>Filio</strong></span> <span class='ocrx_word' id='word_1_728' title='bbox 2936 2873 3162 2943; x_wconf 90' lang='lat' dir='ltr'><strong>accipit,</strong></span> <span class='ocrx_word' id='word_1_729' title='bbox 3193 2888 3439 2943; x_wconf 85' lang='lat' dir='ltr'><strong>magnam</strong></span> <span class='ocrx_word' id='word_1_730' title='bbox 3467 2877 3825 2944; x_wconf 59' lang='lat' dir='ltr'><strong>aequalitatem</strong></span> <span class='ocrx_word' id='word_1_731' title='bbox 3855 2888 4051 2931; x_wconf 87' lang='lat' dir='ltr'><strong>osten-</strong></span> 
     </span>
    </p>
   </div>
   <div class='ocr_carea' id='block_1_91' title="bbox 2450 2958 4049 3035">
    <p class='ocr_par' dir='ltr' id='par_1_91' title="bbox 2450 2958 4049 3035">
     <span class='ocr_line' id='line_1_91' title="bbox 2450 2958 4049 3035; baseline 0.008 -23"><span class='ocrx_word' id='word_1_732' title='bbox 2450 2958 2605 3013; x_wconf 90' lang='lat' dir='ltr'><strong>dens.</strong></span> <span class='ocrx_word' id='word_1_733' title='bbox 2651 2958 2788 3016; x_wconf 90' lang='lat' dir='ltr'><strong>Cum</strong></span> <span class='ocrx_word' id='word_1_734' title='bbox 2817 2979 2946 3033; x_wconf 90' lang='lat' dir='ltr'><strong>ergo</strong></span> <span class='ocrx_word' id='word_1_735' title='bbox 2971 2964 3127 3019; x_wconf 85' lang='lat' dir='ltr'><strong>liceat</strong></span> <span class='ocrx_word' id='word_1_736' title='bbox 3164 2965 3362 3018; x_wconf 89' lang='lat' dir='ltr'><strong>sanctis</strong></span> <span class='ocrx_word' id='word_1_737' title='bbox 3382 3006 3398 3030; x_wconf 93' lang='lat'><strong>,</strong></span> <span class='ocrx_word' id='word_1_738' title='bbox 3428 2980 3549 3035; x_wconf 78' lang='lat' dir='ltr'><strong>qua:</strong></span> <span class='ocrx_word' id='word_1_739' title='bbox 3574 2966 3644 3021; x_wconf 91' lang='lat' dir='ltr'><strong>de</strong></span> <span class='ocrx_word' id='word_1_740' title='bbox 3670 2967 3828 3023; x_wconf 80' lang='lat' dir='ltr'><strong>Patre</strong></span> <span class='ocrx_word' id='word_1_741' title='bbox 3852 2967 4049 3023; x_wconf 89' lang='lat' dir='ltr'><strong>dicun-</strong></span> 
     </span>
    </p>
   </div>
   <div class='ocr_carea' id='block_1_92' title="bbox 2447 3051 4045 3127">
    <p class='ocr_par' dir='ltr' id='par_1_92' title="bbox 2447 3051 4045 3127">
     <span class='ocr_line' id='line_1_92' title="bbox 2447 3051 4045 3127; baseline 0.004 -23"><span class='ocrx_word' id='word_1_742' title='bbox 2447 3059 2535 3105; x_wconf 89' lang='lat' dir='ltr'><strong>tur</strong></span> <span class='ocrx_word' id='word_1_743' title='bbox 2552 3092 2567 3117; x_wconf 96' lang='lat'><strong>,</strong></span> <span class='ocrx_word' id='word_1_744' title='bbox 2592 3051 3052 3110; x_wconf 81' lang='lat' dir='ltr'><strong>iudiscrimiuatim</strong></span> <span class='ocrx_word' id='word_1_745' title='bbox 3086 3056 3221 3109; x_wconf 84' lang='lat' dir='ltr'><strong>Filio</strong></span> <span class='ocrx_word' id='word_1_746' title='bbox 3248 3057 3483 3111; x_wconf 87' lang='lat' dir='ltr'><strong>tribuere</strong></span> <span class='ocrx_word' id='word_1_747' title='bbox 3505 3098 3520 3124; x_wconf 93' lang='lat'><strong>,</strong></span> <span class='ocrx_word' id='word_1_748' title='bbox 3552 3068 3604 3111; x_wconf 85' lang='lat' dir='ltr'><strong>et</strong></span> <span class='ocrx_word' id='word_1_749' title='bbox 3632 3074 3752 3127; x_wconf 66' lang='lat' dir='ltr'><strong>quae</strong></span> <span class='ocrx_word' id='word_1_750' title='bbox 3778 3060 3846 3114; x_wconf 91' lang='lat' dir='ltr'><strong>de</strong></span> <span class='ocrx_word' id='word_1_751' title='bbox 3872 3058 4045 3123; x_wconf 84' lang='lat' dir='ltr'><strong>Filio,</strong></span> 
     </span>
    </p>
   </div>
   <div class='ocr_carea' id='block_1_93' title="bbox 2446 3140 4043 3223">
    <p class='ocr_par' dir='ltr' id='par_1_93' title="bbox 2446 3140 4043 3223">
     <span class='ocr_line' id='line_1_93' title="bbox 2446 3140 4043 3223; baseline 0.009 -31"><span class='ocrx_word' id='word_1_752' title='bbox 2446 3140 2592 3199; x_wconf 86' lang='lat' dir='ltr'><strong>Patri</strong></span> <span class='ocrx_word' id='word_1_753' title='bbox 2623 3144 2835 3214; x_wconf 83' lang='lat' dir='ltr'><strong>(Omnia</strong></span> <span class='ocrx_word' id='word_1_754' title='bbox 2862 3148 3004 3200; x_wconf 89' lang='lat' dir='ltr'><strong>enim</strong></span> <span class='ocrx_word' id='word_1_755' title='bbox 3032 3162 3121 3215; x_wconf 87' lang='lat' dir='ltr'><strong>per</strong></span> <span class='ocrx_word' id='word_1_756' title='bbox 3144 3147 3311 3216; x_wconf 82' lang='lat' dir='ltr'><strong>ipsum</strong></span> <span class='ocrx_word' id='word_1_757' title='bbox 3341 3151 3477 3216; x_wconf 79' lang='lat' dir='ltr'><strong>facta</strong></span> <span class='ocrx_word' id='word_1_758' title='bbox 3504 3159 3618 3200; x_wconf 84' lang='lat' dir='ltr'><strong>sunt</strong></span> <span class='ocrx_word' id='word_1_759' title='bbox 3650 3146 3829 3220; x_wconf 83' lang='lat' dir='ltr'><strong>[Joan.</strong></span> <span class='ocrx_word' id='word_1_760' title='bbox 3864 3153 3918 3205; x_wconf 89' lang='grc'><strong>1.</strong></span> <span class='ocrx_word' id='word_1_761' title='bbox 3941 3150 4043 3223; x_wconf 74' lang='lat'><strong>5]).</strong></span> 
     </span>
    </p>
   </div>
   <div class='ocr_carea' id='block_1_94' title="bbox 2450 3235 4048 3295">
    <p class='ocr_par' dir='ltr' id='par_1_94' title="bbox 2450 3235 4048 3295">
     <span class='ocr_line' id='line_1_94' title="bbox 2450 3235 4048 3295; baseline 0.004 -6"><span class='ocrx_word' id='word_1_762' title='bbox 2450 3237 2538 3289; x_wconf 90' lang='lat' dir='ltr'><strong>ubi</strong></span> <span class='ocrx_word' id='word_1_763' title='bbox 2584 3235 2885 3290; x_wconf 91' lang='lat' dir='ltr'><strong>administri</strong></span> <span class='ocrx_word' id='word_1_764' title='bbox 2930 3252 3127 3291; x_wconf 86' lang='lat' dir='ltr'><strong>nomen</strong></span> <span class='ocrx_word' id='word_1_765' title='bbox 3171 3238 3389 3291; x_wconf 90' lang='lat' dir='ltr'><strong>omnino</strong></span> <span class='ocrx_word' id='word_1_766' title='bbox 3418 3239 3578 3292; x_wconf 91' lang='lat' dir='ltr'><strong>situm</strong></span> <span class='ocrx_word' id='word_1_767' title='bbox 3616 3240 3740 3293; x_wconf 85' lang='lat' dir='ltr'><strong>est?</strong></span> <span class='ocrx_word' id='word_1_768' title='bbox 3772 3239 3883 3294; x_wconf 89' lang='lat' dir='ltr'><strong>lloc</strong></span> <span class='ocrx_word' id='word_1_769' title='bbox 3913 3258 4048 3295; x_wconf 83' lang='lat' dir='ltr'><strong>nus-</strong></span> 
     </span>
    </p>
   </div>
   <div class='ocr_carea' id='block_1_95' title="bbox 2448 3327 4049 3398">
    <p class='ocr_par' dir='ltr' id='par_1_95' title="bbox 2448 3327 4049 3398">
     <span class='ocr_line' id='line_1_95' title="bbox 2448 3327 4049 3398; baseline 0.005 -20"><span class='ocrx_word' id='word_1_770' title='bbox 2448 3342 2605 3397; x_wconf 88' lang='lat' dir='ltr'><strong>quam</strong></span> <span class='ocrx_word' id='word_1_771' title='bbox 2633 3328 2826 3382; x_wconf 77' lang='lat' dir='ltr'><strong>viderit</strong></span> <span class='ocrx_word' id='word_1_772' title='bbox 2847 3328 3133 3398; x_wconf 88' lang='lat' dir='ltr'><strong>quispiam.</strong></span> <span class='ocrx_word' id='word_1_773' title='bbox 3166 3327 3310 3393; x_wconf 83' lang='lat' dir='ltr'><strong>lmo,</strong></span> <span class='ocrx_word' id='word_1_774' title='bbox 3336 3328 3534 3398; x_wconf 83' lang='lat' dir='ltr'><strong>inquit,</strong></span> <span class='ocrx_word' id='word_1_775' title='bbox 3566 3328 3761 3384; x_wconf 91' lang='lat' dir='ltr'><strong>dictum</strong></span> <span class='ocrx_word' id='word_1_776' title='bbox 3790 3340 3903 3398; x_wconf 88' lang='lat' dir='ltr'><strong>est,</strong></span> <span class='ocrx_word' id='word_1_777' title='bbox 3941 3332 4049 3386; x_wconf 78' lang='lat' dir='ltr'><strong>Per</strong></span> 
     </span>
    </p>
   </div>
   <div class='ocr_carea' id='block_1_96' title="bbox 2445 3418 4039 3488">
    <p class='ocr_par' dir='ltr' id='par_1_96' title="bbox 2445 3418 4039 3488">
     <span class='ocr_line' id='line_1_96' title="bbox 2445 3418 4039 3488; baseline 0.004 -18"><span class='ocrx_word' id='word_1_778' title='bbox 2445 3419 2627 3488; x_wconf 80' lang='lat' dir='ltr'><strong>ipsum.</strong></span> <span class='ocrx_word' id='word_1_779' title='bbox 2660 3418 2797 3485; x_wconf 90' lang='lat' dir='ltr'><strong>Quid</strong></span> <span class='ocrx_word' id='word_1_780' title='bbox 2819 3460 2834 3483; x_wconf 91' lang='lat'><strong>,</strong></span> <span class='ocrx_word' id='word_1_781' title='bbox 2865 3418 3007 3488; x_wconf 91' lang='lat' dir='ltr'><strong>quod</strong></span> <span class='ocrx_word' id='word_1_782' title='bbox 3034 3420 3135 3478; x_wconf 88' lang='lat' dir='ltr'><strong>hoc</strong></span> <span class='ocrx_word' id='word_1_783' title='bbox 3162 3419 3333 3488; x_wconf 89' lang='lat' dir='ltr'><strong>ipsum</strong></span> <span class='ocrx_word' id='word_1_784' title='bbox 3359 3420 3521 3479; x_wconf 87' lang='lat' dir='ltr'><strong>etiam</strong></span> <span class='ocrx_word' id='word_1_785' title='bbox 3551 3420 3618 3473; x_wconf 91' lang='lat' dir='ltr'><strong>de</strong></span> <span class='ocrx_word' id='word_1_786' title='bbox 3645 3420 3801 3477; x_wconf 86' lang='lat' dir='ltr'><strong>Patre</strong></span> <span class='ocrx_word' id='word_1_787' title='bbox 3830 3422 4039 3477; x_wconf 90' lang='lat' dir='ltr'><strong>dictum</strong></span> 
     </span>
    </p>
   </div>
   <div class='ocr_carea' id='block_1_97' title="bbox 2446 3508 4048 3584">
    <p class='ocr_par' dir='ltr' id='par_1_97' title="bbox 2446 3508 4048 3584">
     <span class='ocr_line' id='line_1_97' title="bbox 2446 3508 4048 3584; baseline 0.004 -23"><span class='ocrx_word' id='word_1_788' title='bbox 2446 3509 2573 3562; x_wconf 81' lang='lat' dir='ltr'><strong>est?</strong></span> <span class='ocrx_word' id='word_1_789' title='bbox 2611 3509 2746 3562; x_wconf 82' lang='lat' dir='ltr'><strong>Audi</strong></span> <span class='ocrx_word' id='word_1_790' title='bbox 2788 3520 2967 3562; x_wconf 87' lang='lat' dir='ltr'><strong>autem</strong></span> <span class='ocrx_word' id='word_1_791' title='bbox 3003 3508 3292 3577; x_wconf 90' lang='lat' dir='ltr'><strong>quomodo.</strong></span> <span class='ocrx_word' id='word_1_792' title='bbox 3338 3508 3534 3564; x_wconf 70' lang='lat' dir='ltr'><strong>Fidele</strong></span> <span class='ocrx_word' id='word_1_793' title='bbox 3569 3509 3706 3565; x_wconf 85' lang='lat' dir='ltr'><strong>Deus</strong></span> <span class='ocrx_word' id='word_1_794' title='bbox 3738 3528 3756 3564; x_wconf 91' lang='lat'><em>:</em></span> <span class='ocrx_word' id='word_1_795' title='bbox 3782 3530 3870 3581; x_wconf 78' lang='lat' dir='ltr'><strong>per</strong></span> <span class='ocrx_word' id='word_1_796' title='bbox 3895 3531 4048 3584; x_wconf 80' lang='lat' dir='ltr'><strong>quem</strong></span> 
     </span>
    </p>
   </div>
   <div class='ocr_carea' id='block_1_98' title="bbox 2444 3599 4043 3671">
    <p class='ocr_par' dir='ltr' id='par_1_98' title="bbox 2444 3599 4043 3671">
     <span class='ocr_line' id='line_1_98' title="bbox 2444 3599 4043 3671; baseline 0.004 -16"><span class='ocrx_word' id='word_1_797' title='bbox 2444 3601 2607 3655; x_wconf 73' lang='lat' dir='ltr'><strong>vocati</strong></span> <span class='ocrx_word' id='word_1_798' title='bbox 2621 3601 2740 3655; x_wconf 88' lang='lat' dir='ltr'><strong>estis</strong></span> <span class='ocrx_word' id='word_1_799' title='bbox 2755 3602 2807 3654; x_wconf 84' lang='lat' dir='ltr'><strong>in</strong></span> <span class='ocrx_word' id='word_1_800' title='bbox 2827 3602 3109 3655; x_wconf 85' lang='lat' dir='ltr'><strong>societatem</strong></span> <span class='ocrx_word' id='word_1_801' title='bbox 3126 3599 3251 3653; x_wconf 82' lang='lat' dir='ltr'><strong>Filii</strong></span> <span class='ocrx_word' id='word_1_802' title='bbox 3266 3602 3345 3655; x_wconf 79' lang='lat' dir='ltr'><strong>sui</strong></span> <span class='ocrx_word' id='word_1_803' title='bbox 3361 3602 3437 3665; x_wconf 88' lang='grc'><strong>(1.</strong></span> <span class='ocrx_word' id='word_1_804' title='bbox 3452 3600 3601 3657; x_wconf 69' lang='grc' dir='ltr'><strong>(ἴοι-,1</strong></span> <span class='ocrx_word' id='word_1_805' title='bbox 3615 3644 3628 3656; x_wconf 92' lang='grc'><strong>.</strong></span> <span class='ocrx_word' id='word_1_806' title='bbox 3648 3603 3723 3671; x_wconf 90' lang='lat'><strong>9).</strong></span> <span class='ocrx_word' id='word_1_807' title='bbox 3739 3603 3806 3658; x_wconf 83' lang='lat' dir='ltr'><strong>Et</strong></span> <span class='ocrx_word' id='word_1_808' title='bbox 3823 3621 4013 3661; x_wconf 87' lang='lat' dir='ltr'><strong>rursus</strong></span> <span class='ocrx_word' id='word_1_809' title='bbox 4030 3648 4043 3662; x_wconf 98' lang='lat'><strong>.</strong></span> 
     </span>
    </p>
   </div>
   <div class='ocr_carea' id='block_1_99' title="bbox 2446 3690 4041 3771">
    <p class='ocr_par' dir='ltr' id='par_1_99' title="bbox 2446 3690 4041 3771">
     <span class='ocr_line' id='line_1_99' title="bbox 2446 3690 4041 3771; baseline 0.006 -25"><span class='ocrx_word' id='word_1_810' title='bbox 2446 3691 2644 3746; x_wconf 83' lang='lat' dir='ltr'><strong>Paulus</strong></span> <span class='ocrx_word' id='word_1_811' title='bbox 2671 3693 2931 3761; x_wconf 83' lang='lat' dir='ltr'><strong>apostolus</strong></span> <span class='ocrx_word' id='word_1_812' title='bbox 2964 3690 3090 3745; x_wconf 79' lang='lat' dir='ltr'><strong>Jesu</strong></span> <span class='ocrx_word' id='word_1_813' title='bbox 3132 3691 3317 3746; x_wconf 84' lang='lat' dir='ltr'><strong>Christi</strong></span> <span class='ocrx_word' id='word_1_814' title='bbox 3360 3710 3449 3761; x_wconf 82' lang='lat' dir='ltr'><strong>per</strong></span> <span class='ocrx_word' id='word_1_815' title='bbox 3488 3695 3794 3749; x_wconf 76' lang='lat' dir='ltr'><strong>voluntatem</strong></span> <span class='ocrx_word' id='word_1_816' title='bbox 3824 3696 3921 3752; x_wconf 83' lang='lat' dir='ltr'><strong>Dei</strong></span> <span class='ocrx_word' id='word_1_817' title='bbox 3950 3701 4041 3771; x_wconf 72' lang='lat'><strong>(2.</strong></span> 
     </span>
    </p>
   </div>
   <div class='ocr_carea' id='block_1_100' title="bbox 2450 3783 4035 3863">
    <p class='ocr_par' dir='ltr' id='par_1_100' title="bbox 2450 3783 4035 3863">
     <span class='ocr_line' id='line_1_100' title="bbox 2450 3783 4035 3863; baseline 0.006 -25"><span class='ocrx_word' id='word_1_818' title='bbox 2450 3784 2579 3838; x_wconf 87' lang='lat' dir='ltr'><strong>Tim.</strong></span> <span class='ocrx_word' id='word_1_819' title='bbox 2610 3786 2660 3840; x_wconf 91' lang='grc'><strong>1.</strong></span> <span class='ocrx_word' id='word_1_820' title='bbox 2692 3783 2765 3856; x_wconf 86' lang='grc'><strong>1).</strong></span> <span class='ocrx_word' id='word_1_821' title='bbox 2799 3786 2866 3839; x_wconf 85' lang='grc' dir='ltr'>Ει</span> <span class='ocrx_word' id='word_1_822' title='bbox 2891 3799 3113 3841; x_wconf 83' lang='lat' dir='ltr'><strong>rursus:</strong></span> <span class='ocrx_word' id='word_1_823' title='bbox 3142 3785 3395 3853; x_wconf 83' lang='lat' dir='ltr'><strong>Quoniam</strong></span> <span class='ocrx_word' id='word_1_824' title='bbox 3432 3789 3790 3858; x_wconf 80' lang='lat' dir='ltr'><strong>peripsum,et</strong></span> <span class='ocrx_word' id='word_1_825' title='bbox 3817 3794 4035 3863; x_wconf 63' lang='lat' dir='ltr'><strong>etipso,</strong></span> 
     </span>
    </p>
   </div>
   <div class='ocr_carea' id='block_1_101' title="bbox 2444 3878 4044 3953">
    <p class='ocr_par' dir='ltr' id='par_1_101' title="bbox 2444 3878 4044 3953">
     <span class='ocr_line' id='line_1_101' title="bbox 2444 3878 4044 3953; baseline 0.007 -22"><span class='ocrx_word' id='word_1_826' title='bbox 2444 3888 2490 3931; x_wconf 79' lang='lat' dir='ltr'><strong>et</strong></span> <span class='ocrx_word' id='word_1_827' title='bbox 2533 3879 2585 3930; x_wconf 87' lang='lat' dir='ltr'><strong>in</strong></span> <span class='ocrx_word' id='word_1_828' title='bbox 2625 3879 2734 3947; x_wconf 88' lang='lat' dir='ltr'><strong>ipso</strong></span> <span class='ocrx_word' id='word_1_829' title='bbox 2771 3879 2940 3932; x_wconf 84' lang='lat' dir='ltr'><strong>omnia</strong></span> <span class='ocrx_word' id='word_1_830' title='bbox 2985 3878 3169 3949; x_wconf 80' lang='lat' dir='ltr'><strong>(Rom.</strong></span> <span class='ocrx_word' id='word_1_831' title='bbox 3209 3880 3295 3933; x_wconf 91' lang='grc'><strong>11.</strong></span> <span class='ocrx_word' id='word_1_832' title='bbox 3327 3878 3455 3948; x_wconf 73' lang='lat'><strong>36).</strong></span> <span class='ocrx_word' id='word_1_833' title='bbox 3524 3880 3765 3949; x_wconf 88' lang='lat' dir='ltr'><strong>Quanam</strong></span> <span class='ocrx_word' id='word_1_834' title='bbox 3800 3897 3933 3953; x_wconf 87' lang='lat' dir='ltr'><strong>ergo</strong></span> <span class='ocrx_word' id='word_1_835' title='bbox 3974 3887 4044 3941; x_wconf 91' lang='lat' dir='ltr'><strong>de</strong></span> 
     </span>
    </p>
   </div>
   <div class='ocr_carea' id='block_1_102' title="bbox 2444 3967 4044 4030">
    <p class='ocr_par' dir='ltr' id='par_1_102' title="bbox 2444 3967 4044 4030">
     <span class='ocr_line' id='line_1_102' title="bbox 2444 3967 4044 4030; baseline 0.007 -11"><span class='ocrx_word' id='word_1_836' title='bbox 2444 3982 2601 4020; x_wconf 89' lang='lat' dir='ltr'><strong>causa</strong></span> <span class='ocrx_word' id='word_1_837' title='bbox 2631 3983 2751 4022; x_wconf 91' lang='lat' dir='ltr'><strong>eum</strong></span> <span class='ocrx_word' id='word_1_838' title='bbox 2791 3967 2968 4021; x_wconf 91' lang='lat' dir='ltr'><strong>dicitis</strong></span> <span class='ocrx_word' id='word_1_839' title='bbox 2994 3967 3409 4022; x_wconf 81' lang='lat' dir='ltr'><strong>administrum?</strong></span> <span class='ocrx_word' id='word_1_840' title='bbox 3449 3969 3517 4024; x_wconf 90' lang='lat' dir='ltr'><strong>Ut</strong></span> <span class='ocrx_word' id='word_1_841' title='bbox 3563 3970 3774 4026; x_wconf 89' lang='lat' dir='ltr'><strong>Patrem</strong></span> <span class='ocrx_word' id='word_1_842' title='bbox 3807 3974 4044 4030; x_wconf 87' lang='lat' dir='ltr'><strong>honore-</strong></span> 
     </span>
    </p>
   </div>
   <div class='ocr_carea' id='block_1_103' title="bbox 2444 4059 4040 4129">
    <p class='ocr_par' dir='ltr' id='par_1_103' title="bbox 2444 4059 4040 4129">
     <span class='ocr_line' id='line_1_103' title="bbox 2444 4059 4040 4129; baseline 0.006 -18"><span class='ocrx_word' id='word_1_843' title='bbox 2444 4074 2595 4125; x_wconf 90' lang='lat' dir='ltr'><strong>mus,</strong></span> <span class='ocrx_word' id='word_1_844' title='bbox 2636 4060 2901 4129; x_wconf 90' lang='lat' dir='ltr'><strong>inquiunt.</strong></span> <span class='ocrx_word' id='word_1_845' title='bbox 2933 4060 3088 4129; x_wconf 82' lang='lat' dir='ltr'><strong>Atqui</strong></span> <span class='ocrx_word' id='word_1_846' title='bbox 3111 4060 3237 4113; x_wconf 86' lang='lat' dir='ltr'><strong>dicit</strong></span> <span class='ocrx_word' id='word_1_847' title='bbox 3260 4059 3431 4115; x_wconf 87' lang='lat' dir='ltr'><strong>Filius</strong></span> <span class='ocrx_word' id='word_1_848' title='bbox 3461 4079 3473 4114; x_wconf 76' lang='grc' dir='ltr'>ε</span> <span class='ocrx_word' id='word_1_849' title='bbox 3507 4060 3574 4116; x_wconf 87' lang='lat' dir='ltr'><strong>Ut</strong></span> <span class='ocrx_word' id='word_1_850' title='bbox 3600 4080 3770 4118; x_wconf 78' lang='lat' dir='ltr'><strong>omnes</strong></span> <span class='ocrx_word' id='word_1_851' title='bbox 3790 4065 4040 4122; x_wconf 79' lang='lat' dir='ltr'><strong>honorent</strong></span> 
     </span>
    </p>
   </div>
   <div class='ocr_carea' id='block_1_104' title="bbox 2446 4150 4041 4228">
    <p class='ocr_par' dir='ltr' id='par_1_104' title="bbox 2446 4150 4041 4228">
     <span class='ocr_line' id='line_1_104' title="bbox 2446 4150 4041 4228; baseline 0.006 -23"><span class='ocrx_word' id='word_1_852' title='bbox 2446 4152 2659 4216; x_wconf 80' lang='lat' dir='ltr'><strong>Filium,</strong></span> <span class='ocrx_word' id='word_1_853' title='bbox 2682 4152 2809 4205; x_wconf 86' lang='lat' dir='ltr'><strong>sicut</strong></span> <span class='ocrx_word' id='word_1_854' title='bbox 2838 4155 3089 4205; x_wconf 79' lang='lat' dir='ltr'><strong>honorant</strong></span> <span class='ocrx_word' id='word_1_855' title='bbox 3116 4150 3321 4205; x_wconf 86' lang='lat' dir='ltr'><strong>Patrem</strong></span> <span class='ocrx_word' id='word_1_856' title='bbox 3352 4151 3529 4224; x_wconf 84' lang='lat' dir='ltr'><strong>(Joan.</strong></span> <span class='ocrx_word' id='word_1_857' title='bbox 3556 4155 3609 4210; x_wconf 82' lang='lat'><strong>5.</strong></span> <span class='ocrx_word' id='word_1_858' title='bbox 3653 4153 3771 4228; x_wconf 78' lang='lat'><strong>‘23).</strong></span> <span class='ocrx_word' id='word_1_859' title='bbox 3805 4157 3904 4224; x_wconf 87' lang='lat' dir='ltr'><strong>Qui</strong></span> <span class='ocrx_word' id='word_1_860' title='bbox 3936 4174 4041 4214; x_wconf 82' lang='lat' dir='ltr'><strong>au-</strong></span> 
     </span>
    </p>
   </div>
   <div class='ocr_carea' id='block_1_105' title="bbox 2448 4241 4037 4315">
    <p class='ocr_par' dir='ltr' id='par_1_105' title="bbox 2448 4241 4037 4315">
     <span class='ocr_line' id='line_1_105' title="bbox 2448 4241 4037 4315; baseline 0.003 -17"><span class='ocrx_word' id='word_1_861' title='bbox 2448 4254 2550 4299; x_wconf 86' lang='lat' dir='ltr'><strong>tem</strong></span> <span class='ocrx_word' id='word_1_862' title='bbox 2580 4257 2685 4296; x_wconf 93' lang='lat' dir='ltr'><strong>non</strong></span> <span class='ocrx_word' id='word_1_863' title='bbox 2708 4242 2937 4297; x_wconf 91' lang='lat' dir='ltr'><strong>honorat</strong></span> <span class='ocrx_word' id='word_1_864' title='bbox 2962 4241 3390 4309; x_wconf 78' lang='lat' dir='ltr'><strong>Filium,clarum</strong></span> <span class='ocrx_word' id='word_1_865' title='bbox 3408 4253 3490 4299; x_wconf 91' lang='lat' dir='ltr'><strong>est</strong></span> <span class='ocrx_word' id='word_1_866' title='bbox 3508 4245 3649 4315; x_wconf 92' lang='lat' dir='ltr'><strong>quod</strong></span> <span class='ocrx_word' id='word_1_867' title='bbox 3681 4263 3778 4302; x_wconf 89' lang='lat' dir='ltr'><strong>nec</strong></span> <span class='ocrx_word' id='word_1_868' title='bbox 3799 4247 4037 4303; x_wconf 83' lang='lat' dir='ltr'><strong>Patrem.</strong></span> 
     </span>
    </p>
   </div>
   <div class='ocr_carea' id='block_1_106' title="bbox 2444 4334 4040 4410">
    <p class='ocr_par' dir='ltr' id='par_1_106' title="bbox 2444 4334 4040 4410">
     <span class='ocr_line' id='line_1_106' title="bbox 2444 4334 4040 4410; baseline 0.004 -22"><span class='ocrx_word' id='word_1_869' title='bbox 2444 4334 2580 4401; x_wconf 84' lang='lat' dir='ltr'><strong>Quid</strong></span> <span class='ocrx_word' id='word_1_870' title='bbox 2622 4349 2782 4403; x_wconf 83' lang='lat' dir='ltr'><strong>ergo,</strong></span> <span class='ocrx_word' id='word_1_871' title='bbox 2842 4334 3042 4405; x_wconf 89' lang='lat' dir='ltr'><strong>inquit,</strong></span> <span class='ocrx_word' id='word_1_872' title='bbox 3088 4334 3298 4389; x_wconf 90' lang='lat' dir='ltr'><strong>Patrem</strong></span> <span class='ocrx_word' id='word_1_873' title='bbox 3346 4335 3522 4391; x_wconf 85' lang='lat' dir='ltr'><strong>dicam</strong></span> <span class='ocrx_word' id='word_1_874' title='bbox 3566 4335 4040 4410; x_wconf 73' lang='lat' dir='ltr'><strong>FiliumiNequa-</strong></span> 
     </span>
    </p>
   </div>
   <div class='ocr_carea' id='block_1_107' title="bbox 2443 4423 4038 4498">
    <p class='ocr_par' dir='ltr' id='par_1_107' title="bbox 2443 4423 4038 4498">
     <span class='ocr_line' id='line_1_107' title="bbox 2443 4423 4038 4498; baseline 0.005 -19"><span class='ocrx_word' id='word_1_875' title='bbox 2443 4442 2622 4498; x_wconf 84' lang='lat' dir='ltr'><strong>quam.</strong></span> <span class='ocrx_word' id='word_1_876' title='bbox 2667 4426 2779 4480; x_wconf 76' lang='lat' dir='ltr'><strong>Non</strong></span> <span class='ocrx_word' id='word_1_877' title='bbox 2818 4426 2961 4480; x_wconf 89' lang='lat' dir='ltr'><strong>enim</strong></span> <span class='ocrx_word' id='word_1_878' title='bbox 3002 4423 3173 4480; x_wconf 82' lang='lat' dir='ltr'><strong>dicit:</strong></span> <span class='ocrx_word' id='word_1_879' title='bbox 3205 4426 3277 4481; x_wconf 88' lang='lat' dir='ltr'><strong>Ut</strong></span> <span class='ocrx_word' id='word_1_880' title='bbox 3320 4442 3406 4481; x_wconf 91' lang='lat' dir='ltr'><strong>me</strong></span> <span class='ocrx_word' id='word_1_881' title='bbox 3430 4426 3618 4483; x_wconf 88' lang='lat' dir='ltr'><strong>dicatis</strong></span> <span class='ocrx_word' id='word_1_882' title='bbox 3649 4429 3858 4485; x_wconf 75' lang='lat' dir='ltr'><strong>Patrem</strong></span> <span class='ocrx_word' id='word_1_883' title='bbox 3894 4450 3910 4485; x_wconf 89' lang='lat'><strong>:</strong></span> <span class='ocrx_word' id='word_1_884' title='bbox 3941 4433 4038 4487; x_wconf 67' lang='lat' dir='ltr'><strong>sed</strong></span> 
     </span>
    </p>
   </div>
   <div class='ocr_carea' id='block_1_108' title="bbox 2442 4516 4037 4588">
    <p class='ocr_par' dir='ltr' id='par_1_108' title="bbox 2442 4516 4037 4588">
     <span class='ocr_line' id='line_1_108' title="bbox 2442 4516 4037 4588; baseline 0.004 -18"><span class='ocrx_word' id='word_1_885' title='bbox 2442 4517 2609 4588; x_wconf 87' lang='lat' dir='ltr'><strong>quid?</strong></span> <span class='ocrx_word' id='word_1_886' title='bbox 2633 4516 2699 4573; x_wconf 91' lang='lat' dir='ltr'><strong>Ut</strong></span> <span class='ocrx_word' id='word_1_887' title='bbox 2723 4516 2912 4570; x_wconf 87' lang='lat' dir='ltr'><strong>Filium</strong></span> <span class='ocrx_word' id='word_1_888' title='bbox 2936 4528 3235 4571; x_wconf 87' lang='lat' dir='ltr'><strong>manentem</strong></span> <span class='ocrx_word' id='word_1_889' title='bbox 3262 4516 3535 4572; x_wconf 71' lang='lat' dir='ltr'><strong>honoretis</strong></span> <span class='ocrx_word' id='word_1_890' title='bbox 3554 4528 3613 4572; x_wconf 90' lang='lat' dir='ltr'><strong>ut</strong></span> <span class='ocrx_word' id='word_1_891' title='bbox 3630 4519 3858 4574; x_wconf 82' lang='lat' dir='ltr'><strong>Patrem.</strong></span> <span class='ocrx_word' id='word_1_892' title='bbox 3876 4521 4037 4587; x_wconf 79' lang='lat' dir='ltr'><strong>Quod</strong></span> 
     </span>
    </p>
   </div>
   <div class='ocr_carea' id='block_1_109' title="bbox 2444 4606 4038 4669">
    <p class='ocr_par' dir='ltr' id='par_1_109' title="bbox 2444 4606 4038 4669">
     <span class='ocr_line' id='line_1_109' title="bbox 2444 4606 4038 4669; baseline 0.003 -6"><span class='ocrx_word' id='word_1_893' title='bbox 2444 4610 2487 4663; x_wconf 88' lang='lat' dir='ltr'><strong>si</strong></span> <span class='ocrx_word' id='word_1_894' title='bbox 2512 4609 2721 4664; x_wconf 81' lang='lat' dir='ltr'><strong>Patrem</strong></span> <span class='ocrx_word' id='word_1_895' title='bbox 2752 4608 2956 4662; x_wconf 84' lang='lat' dir='ltr'><strong>dixeris</strong></span> <span class='ocrx_word' id='word_1_896' title='bbox 2982 4608 3196 4669; x_wconf 90' lang='lat' dir='ltr'><strong>Filium,</strong></span> <span class='ocrx_word' id='word_1_897' title='bbox 3227 4608 3405 4661; x_wconf 88' lang='lat' dir='ltr'><strong>omnia</strong></span> <span class='ocrx_word' id='word_1_898' title='bbox 3429 4606 3757 4664; x_wconf 77' lang='lat' dir='ltr'><strong>confoderis.</strong></span> <span class='ocrx_word' id='word_1_899' title='bbox 3784 4611 4038 4669; x_wconf 83' lang='lat' dir='ltr'><strong>Maneute</strong></span> 
     </span>
    </p>
   </div>
   <div class='ocr_carea' id='block_1_110' title="bbox 2443 4700 4037 4773">
    <p class='ocr_par' dir='ltr' id='par_1_110' title="bbox 2443 4700 4037 4773">
     <span class='ocr_line' id='line_1_110' title="bbox 2443 4700 4037 4773; baseline 0.001 -15"><span class='ocrx_word' id='word_1_900' title='bbox 2443 4719 2570 4773; x_wconf 81' lang='lat' dir='ltr'><strong>ergo</strong></span> <span class='ocrx_word' id='word_1_901' title='bbox 2601 4702 2697 4755; x_wconf 89' lang='lat' dir='ltr'><strong>hac</strong></span> <span class='ocrx_word' id='word_1_902' title='bbox 2724 4702 3049 4769; x_wconf 81' lang='lat' dir='ltr'><strong>proprietate</strong></span> <span class='ocrx_word' id='word_1_903' title='bbox 3067 4742 3082 4765; x_wconf 88' lang='lat'><strong>,</strong></span> <span class='ocrx_word' id='word_1_904' title='bbox 3103 4709 3184 4755; x_wconf 91' lang='lat' dir='ltr'><strong>est</strong></span> <span class='ocrx_word' id='word_1_905' title='bbox 3208 4700 3381 4754; x_wconf 86' lang='lat' dir='ltr'><strong>honor</strong></span> <span class='ocrx_word' id='word_1_906' title='bbox 3405 4703 3721 4755; x_wconf 89' lang='lat' dir='ltr'><strong>communis.</strong></span> <span class='ocrx_word' id='word_1_907' title='bbox 3745 4703 4037 4773; x_wconf 85' lang='lat' dir='ltr'><strong>Propterea</strong></span> 
     </span>
    </p>
   </div>
   <div class='ocr_carea' id='block_1_111' title="bbox 2443 4790 4037 4865">
    <p class='ocr_par' dir='ltr' id='par_1_111' title="bbox 2443 4790 4037 4865">
     <span class='ocr_line' id='line_1_111' title="bbox 2443 4790 4037 4865; baseline 0 -14"><span class='ocrx_word' id='word_1_908' title='bbox 2443 4797 2581 4851; x_wconf 88' lang='lat' dir='ltr'><strong>enim</strong></span> <span class='ocrx_word' id='word_1_909' title='bbox 2613 4794 2744 4847; x_wconf 81' lang='lat' dir='ltr'><strong>dixit</strong></span> <span class='ocrx_word' id='word_1_910' title='bbox 2772 4791 2959 4845; x_wconf 86' lang='lat' dir='ltr'><strong>Filium</strong></span> <span class='ocrx_word' id='word_1_911' title='bbox 2984 4801 3036 4845; x_wconf 87' lang='lat' dir='ltr'><strong>et</strong></span> <span class='ocrx_word' id='word_1_912' title='bbox 3066 4791 3277 4845; x_wconf 82' lang='lat' dir='ltr'><strong>Patrem</strong></span> <span class='ocrx_word' id='word_1_913' title='bbox 3303 4830 3319 4855; x_wconf 96' lang='lat'><strong>,</strong></span> <span class='ocrx_word' id='word_1_914' title='bbox 3351 4806 3417 4845; x_wconf 87' lang='lat' dir='ltr'><strong>ne</strong></span> <span class='ocrx_word' id='word_1_915' title='bbox 3444 4790 3837 4848; x_wconf 79' lang='lat' dir='ltr'><strong>confunderetis</strong></span> <span class='ocrx_word' id='word_1_916' title='bbox 3860 4794 4037 4865; x_wconf 83' lang='lat' dir='ltr'><strong>hypo-</strong></span> 
     </span>
    </p>
   </div>
   <div class='ocr_carea' id='block_1_112' title="bbox 2442 4881 4041 4954">
    <p class='ocr_par' dir='ltr' id='par_1_112' title="bbox 2442 4881 4041 4954">
     <span class='ocr_line' id='line_1_112' title="bbox 2442 4881 4041 4954; baseline -0.006 -13"><span class='ocrx_word' id='word_1_917' title='bbox 2442 4897 2631 4941; x_wconf 88' lang='lat' dir='ltr'><strong>stases.</strong></span> <span class='ocrx_word' id='word_1_918' title='bbox 2684 4883 2738 4937; x_wconf 90' lang='lat' dir='ltr'><strong>Si</strong></span> <span class='ocrx_word' id='word_1_919' title='bbox 2785 4892 2962 4936; x_wconf 86' lang='lat' dir='ltr'><strong>autem</strong></span> <span class='ocrx_word' id='word_1_920' title='bbox 3008 4897 3110 4935; x_wconf 92' lang='lat' dir='ltr'><strong>non</strong></span> <span class='ocrx_word' id='word_1_921' title='bbox 3156 4889 3300 4935; x_wconf 87' lang='lat' dir='ltr'><strong>esset</strong></span> <span class='ocrx_word' id='word_1_922' title='bbox 3334 4881 3517 4933; x_wconf 84' lang='lat' dir='ltr'><strong>eadem</strong></span> <span class='ocrx_word' id='word_1_923' title='bbox 3546 4881 3868 4947; x_wconf 86' lang='lat' dir='ltr'><strong>substantia,</strong></span> <span class='ocrx_word' id='word_1_924' title='bbox 3902 4901 4041 4954; x_wconf 74' lang='lat' dir='ltr'><strong>quo.</strong></span> 
     </span>
    </p>
   </div>
   <div class='ocr_carea' id='block_1_113' title="bbox 2444 4971 4041 5045">
    <p class='ocr_par' dir='ltr' id='par_1_113' title="bbox 2444 4971 4041 5045">
     <span class='ocr_line' id='line_1_113' title="bbox 2444 4971 4041 5045; baseline 0 -15"><span class='ocrx_word' id='word_1_925' title='bbox 2444 4977 2603 5030; x_wconf 87' lang='lat' dir='ltr'><strong>modo</strong></span> <span class='ocrx_word' id='word_1_926' title='bbox 2633 4979 2890 5045; x_wconf 68' lang='lat' dir='ltr'><strong>arqualem</strong></span> <span class='ocrx_word' id='word_1_927' title='bbox 2922 4974 3175 5025; x_wconf 85' lang='lat' dir='ltr'><strong>honorem</strong></span> <span class='ocrx_word' id='word_1_928' title='bbox 3203 4971 3512 5041; x_wconf 79' lang='lat' dir='ltr'><strong>exegisset?</strong></span> <span class='ocrx_word' id='word_1_929' title='bbox 3542 4972 3779 5038; x_wconf 87' lang='lat' dir='ltr'><strong>Quanam</strong></span> <span class='ocrx_word' id='word_1_930' title='bbox 3810 4989 3944 5043; x_wconf 75' lang='lat' dir='ltr'><strong>ergo</strong></span> <span class='ocrx_word' id='word_1_931' title='bbox 3973 4978 4041 5032; x_wconf 90' lang='lat' dir='ltr'><strong>de</strong></span> 
     </span>
    </p>
   </div>
   <div class='ocr_carea' id='block_1_114' title="bbox 2445 5061 4039 5129">
    <p class='ocr_par' dir='ltr' id='par_1_114' title="bbox 2445 5061 4039 5129">
     <span class='ocr_line' id='line_1_114' title="bbox 2445 5061 4039 5129; baseline -0.001 -6"><span class='ocrx_word' id='word_1_932' title='bbox 2445 5082 2603 5123; x_wconf 85' lang='lat' dir='ltr'><strong>eausa</strong></span> <span class='ocrx_word' id='word_1_933' title='bbox 2652 5068 2777 5119; x_wconf 89' lang='lat' dir='ltr'><strong>dicit</strong></span> <span class='ocrx_word' id='word_1_934' title='bbox 2826 5066 3069 5119; x_wconf 87' lang='lat' dir='ltr'><strong>Christus</strong></span> <span class='ocrx_word' id='word_1_935' title='bbox 3112 5062 3274 5115; x_wconf 88' lang='lat' dir='ltr'><strong>multa</strong></span> <span class='ocrx_word' id='word_1_936' title='bbox 3325 5061 3533 5129; x_wconf 77' lang='lat' dir='ltr'><strong>abiecta</strong></span> <span class='ocrx_word' id='word_1_937' title='bbox 3565 5074 3614 5115; x_wconf 89' lang='lat' dir='ltr'><strong>et</strong></span> <span class='ocrx_word' id='word_1_938' title='bbox 3644 5065 3902 5118; x_wconf 82' lang='lat' dir='ltr'><strong>humilia?</strong></span> <span class='ocrx_word' id='word_1_939' title='bbox 3929 5066 4039 5121; x_wconf 81' lang='lat' dir='ltr'><strong>Nos</strong></span> 
     </span>
    </p>
   </div>
   <div class='ocr_carea' id='block_1_115' title="bbox 2446 5154 4037 5225">
    <p class='ocr_par' dir='ltr' id='par_1_115' title="bbox 2446 5154 4037 5225">
     <span class='ocr_line' id='line_1_115' title="bbox 2446 5154 4037 5225; baseline -0.001 -12"><span class='ocrx_word' id='word_1_940' title='bbox 2446 5160 2645 5213; x_wconf 83' lang='lat' dir='ltr'><strong>docens</strong></span> <span class='ocrx_word' id='word_1_941' title='bbox 2678 5157 3030 5209; x_wconf 88' lang='lat' dir='ltr'><strong>humilitatem</strong></span> <span class='ocrx_word' id='word_1_942' title='bbox 3057 5196 3071 5218; x_wconf 91' lang='lat'><strong>,</strong></span> <span class='ocrx_word' id='word_1_943' title='bbox 3100 5162 3153 5207; x_wconf 84' lang='lat' dir='ltr'><strong>ct</strong></span> <span class='ocrx_word' id='word_1_944' title='bbox 3182 5162 3402 5222; x_wconf 89' lang='lat' dir='ltr'><strong>propter</strong></span> <span class='ocrx_word' id='word_1_945' title='bbox 3429 5154 3794 5208; x_wconf 86' lang='lat' dir='ltr'><strong>indumentum</strong></span> <span class='ocrx_word' id='word_1_946' title='bbox 3816 5160 3999 5211; x_wconf 87' lang='lat' dir='ltr'><strong>carnis</strong></span> <span class='ocrx_word' id='word_1_947' title='bbox 4020 5200 4037 5225; x_wconf 91' lang='lat'><strong>,</strong></span> 
     </span>
    </p>
   </div>
   <div class='ocr_carea' id='block_1_116' title="bbox 2445 5246 4034 5319">
    <p class='ocr_par' dir='ltr' id='par_1_116' title="bbox 2445 5246 4034 5319">
     <span class='ocr_line' id='line_1_116' title="bbox 2445 5246 4034 5319; baseline -0.005 -14"><span class='ocrx_word' id='word_1_948' title='bbox 2445 5268 2505 5305; x_wconf 88' lang='lat' dir='ltr'><strong>ac</strong></span> <span class='ocrx_word' id='word_1_949' title='bbox 2558 5262 2773 5319; x_wconf 86' lang='lat' dir='ltr'><strong>prepter</strong></span> <span class='ocrx_word' id='word_1_950' title='bbox 2817 5258 3084 5316; x_wconf 89' lang='lat' dir='ltr'><strong>stuporem</strong></span> <span class='ocrx_word' id='word_1_951' title='bbox 3134 5246 3479 5310; x_wconf 80' lang='lat' dir='ltr'><strong>Juda-orum,</strong></span> <span class='ocrx_word' id='word_1_952' title='bbox 3512 5257 3564 5299; x_wconf 89' lang='lat' dir='ltr'><strong>et</strong></span> <span class='ocrx_word' id='word_1_953' title='bbox 3607 5248 3748 5315; x_wconf 88' lang='lat' dir='ltr'><strong>quod</strong></span> <span class='ocrx_word' id='word_1_954' title='bbox 3788 5261 4034 5318; x_wconf 69' lang='lat' dir='ltr'><strong>Opttrteat</strong></span> 
     </span>
    </p>
   </div>
   <div class='ocr_carea' id='block_1_117' title="bbox 2447 5336 4035 5412">
    <p class='ocr_par' dir='ltr' id='par_1_117' title="bbox 2447 5336 4035 5412">
     <span class='ocr_line' id='line_1_117' title="bbox 2447 5336 4035 5412; baseline -0.001 -17"><span class='ocrx_word' id='word_1_955' title='bbox 2447 5356 2611 5412; x_wconf 79' lang='lat' dir='ltr'><strong>genus</strong></span> <span class='ocrx_word' id='word_1_956' title='bbox 2653 5340 2928 5393; x_wconf 88' lang='lat' dir='ltr'><strong>hominum</strong></span> <span class='ocrx_word' id='word_1_957' title='bbox 2967 5338 3227 5391; x_wconf 89' lang='lat' dir='ltr'><strong>deducere</strong></span> <span class='ocrx_word' id='word_1_958' title='bbox 3259 5337 3509 5404; x_wconf 80' lang='lat' dir='ltr'><strong>paulatim</strong></span> <span class='ocrx_word' id='word_1_959' title='bbox 3548 5336 3612 5389; x_wconf 88' lang='lat' dir='ltr'><strong>ad</strong></span> <span class='ocrx_word' id='word_1_960' title='bbox 3640 5339 4035 5406; x_wconf 80' lang='lat' dir='ltr'><strong>cognitionem,</strong></span> 
     </span>
    </p>
   </div>
   <div class='ocr_carea' id='block_1_118' title="bbox 2447 5428 4039 5503">
    <p class='ocr_par' dir='ltr' id='par_1_118' title="bbox 2447 5428 4039 5503">
     <span class='ocr_line' id='line_1_118' title="bbox 2447 5428 4039 5503; baseline -0.003 -15"><span class='ocrx_word' id='word_1_961' title='bbox 2447 5447 2499 5491; x_wconf 89' lang='lat' dir='ltr'><strong>et</strong></span> <span class='ocrx_word' id='word_1_962' title='bbox 2538 5434 2677 5503; x_wconf 84' lang='lat' dir='ltr'><strong>quod</strong></span> <span class='ocrx_word' id='word_1_963' title='bbox 2708 5442 2891 5487; x_wconf 86' lang='lat' dir='ltr'><strong>essent</strong></span> <span class='ocrx_word' id='word_1_964' title='bbox 2930 5429 3220 5498; x_wconf 79' lang='lat' dir='ltr'><strong>imperfecti</strong></span> <span class='ocrx_word' id='word_1_965' title='bbox 3252 5428 3523 5482; x_wconf 87' lang='lat' dir='ltr'><strong>auditores</strong></span> <span class='ocrx_word' id='word_1_966' title='bbox 3544 5469 3557 5493; x_wconf 95' lang='lat'><strong>,</strong></span> <span class='ocrx_word' id='word_1_967' title='bbox 3591 5438 3643 5483; x_wconf 89' lang='lat' dir='ltr'><strong>et</strong></span> <span class='ocrx_word' id='word_1_968' title='bbox 3667 5430 3865 5496; x_wconf 84' lang='lat' dir='ltr'><strong>alioqui</strong></span> <span class='ocrx_word' id='word_1_969' title='bbox 3892 5448 4039 5502; x_wconf 69' lang='lat' dir='ltr'><strong>saepe</strong></span> 
     </span>
    </p>
   </div>
   <div class='ocr_carea' id='block_1_119' title="bbox 2449 5521 4038 5597">
    <p class='ocr_par' dir='ltr' id='par_1_119' title="bbox 2449 5521 4038 5597">
     <span class='ocr_line' id='line_1_119' title="bbox 2449 5521 4038 5597; baseline 0 -14"><span class='ocrx_word' id='word_1_970' title='bbox 2449 5528 2679 5597; x_wconf 86' lang='lat' dir='ltr'><strong>loquitur</strong></span> <span class='ocrx_word' id='word_1_971' title='bbox 2720 5526 2786 5579; x_wconf 87' lang='lat' dir='ltr'><strong>ad</strong></span> <span class='ocrx_word' id='word_1_972' title='bbox 2831 5523 3128 5577; x_wconf 87' lang='lat' dir='ltr'><strong>auditormn</strong></span> <span class='ocrx_word' id='word_1_973' title='bbox 3172 5522 3499 5591; x_wconf 90' lang='lat' dir='ltr'><strong>opinionem.</strong></span> <span class='ocrx_word' id='word_1_974' title='bbox 3549 5521 3866 5577; x_wconf 86' lang='lat' dir='ltr'><strong>Sublimiora</strong></span> <span class='ocrx_word' id='word_1_975' title='bbox 3895 5534 4038 5583; x_wconf 75' lang='lat' dir='ltr'><strong>enim</strong></span> 
     </span>
    </p>
   </div>
   <div class='ocr_carea' id='block_1_120' title="bbox 2434 5613 4038 5688">
    <p class='ocr_par' dir='ltr' id='par_1_120' title="bbox 2434 5613 4038 5688">
     <span class='ocr_line' id='line_1_120' title="bbox 2434 5613 4038 5688; baseline 0 -14"><span class='ocrx_word' id='word_1_976' title='bbox 2434 5628 2573 5687; x_wconf 82' lang='lat' dir='ltr'><strong>sunt</strong></span> <span class='ocrx_word' id='word_1_977' title='bbox 2602 5633 2664 5673; x_wconf 90' lang='lat' dir='ltr'><strong>ea</strong></span> <span class='ocrx_word' id='word_1_978' title='bbox 2706 5631 2825 5687; x_wconf 64' lang='lat' dir='ltr'><strong>quae</strong></span> <span class='ocrx_word' id='word_1_979' title='bbox 2870 5624 2995 5670; x_wconf 89' lang='lat' dir='ltr'><strong>sunt</strong></span> <span class='ocrx_word' id='word_1_980' title='bbox 3018 5615 3182 5667; x_wconf 84' lang='lat' dir='ltr'><strong>solius</strong></span> <span class='ocrx_word' id='word_1_981' title='bbox 3210 5613 3518 5683; x_wconf 78' lang='lat' dir='ltr'><strong>dignitatis;</strong></span> <span class='ocrx_word' id='word_1_982' title='bbox 3552 5614 3633 5667; x_wconf 70' lang='lat' dir='ltr'><strong>vel</strong></span> <span class='ocrx_word' id='word_1_983' title='bbox 3668 5616 3843 5683; x_wconf 87' lang='lat' dir='ltr'><strong>potius</strong></span> <span class='ocrx_word' id='word_1_984' title='bbox 3870 5622 4038 5688; x_wconf 59' lang='lat' dir='ltr'><strong>quod.</strong></span> 
     </span>
    </p>
   </div>
   <div class='ocr_carea' id='block_1_121' title="bbox 2450 5706 4103 5783">
    <p class='ocr_par' dir='ltr' id='par_1_121' title="bbox 2450 5706 4103 5783">
     <span class='ocr_line' id='line_1_121' title="bbox 2450 5706 4103 5783; baseline -0.002 -14"><span class='ocrx_word' id='word_1_985' title='bbox 2450 5728 2679 5783; x_wconf 82' lang='lat' dir='ltr'><strong>cumque</strong></span> <span class='ocrx_word' id='word_1_986' title='bbox 2697 5709 2765 5766; x_wconf 88' lang='lat' dir='ltr'><strong>de</strong></span> <span class='ocrx_word' id='word_1_987' title='bbox 2792 5710 2899 5763; x_wconf 89' lang='lat' dir='ltr'><strong>Deo</strong></span> <span class='ocrx_word' id='word_1_988' title='bbox 2920 5708 3115 5761; x_wconf 81' lang='lat' dir='ltr'><strong>dixeris</strong></span> <span class='ocrx_word' id='word_1_989' title='bbox 3136 5749 3150 5773; x_wconf 94' lang='lat'><strong>,</strong></span> <span class='ocrx_word' id='word_1_990' title='bbox 3174 5715 3253 5761; x_wconf 88' lang='lat' dir='ltr'><strong>est</strong></span> <span class='ocrx_word' id='word_1_991' title='bbox 3283 5706 3438 5775; x_wconf 81' lang='lat' dir='ltr'><strong>longe</strong></span> <span class='ocrx_word' id='word_1_992' title='bbox 3464 5707 3548 5760; x_wconf 85' lang='lat' dir='ltr'><strong>illa</strong></span> <span class='ocrx_word' id='word_1_993' title='bbox 3577 5707 3870 5765; x_wconf 80' lang='lat' dir='ltr'><strong>subsmntia</strong></span> <span class='ocrx_word' id='word_1_994' title='bbox 3903 5714 4036 5769; x_wconf 82' lang='lat' dir='ltr'><strong>inle-</strong></span> <span class='ocrx_word' id='word_1_995' title='bbox 4102 5734 4103 5777; x_wconf 55' lang='grc' dir='ltr'><strong>ι</strong></span> 
     </span>
    </p>
   </div>
   <div class='ocr_carea' id='block_1_122' title="bbox 2452 5798 4035 5874">
    <p class='ocr_par' dir='ltr' id='par_1_122' title="bbox 2452 5798 4035 5874">
     <span class='ocr_line' id='line_1_122' title="bbox 2452 5798 4035 5874; baseline 0 -13"><span class='ocrx_word' id='word_1_996' title='bbox 2452 5808 2563 5865; x_wconf 87' lang='lat' dir='ltr'><strong>rius</strong></span> <span class='ocrx_word' id='word_1_997' title='bbox 2587 5846 2601 5874; x_wconf 91' lang='lat'><strong>,</strong></span> <span class='ocrx_word' id='word_1_998' title='bbox 2633 5812 2687 5858; x_wconf 90' lang='lat' dir='ltr'><strong>ct</strong></span> <span class='ocrx_word' id='word_1_999' title='bbox 2716 5802 2781 5858; x_wconf 88' lang='lat' dir='ltr'><strong>ad</strong></span> <span class='ocrx_word' id='word_1_1000' title='bbox 2810 5799 3106 5855; x_wconf 83' lang='lat' dir='ltr'><strong>auditorum</strong></span> <span class='ocrx_word' id='word_1_1001' title='bbox 3136 5806 3349 5868; x_wconf 84' lang='lat' dir='ltr'><strong>captum</strong></span> <span class='ocrx_word' id='word_1_1002' title='bbox 3378 5798 3592 5853; x_wconf 88' lang='lat' dir='ltr'><strong>dicitur.</strong></span> <span class='ocrx_word' id='word_1_1003' title='bbox 3624 5798 3759 5867; x_wconf 82' lang='lat' dir='ltr'><strong>Quid</strong></span> <span class='ocrx_word' id='word_1_1004' title='bbox 3788 5802 3868 5856; x_wconf 71' lang='lat' dir='ltr'><strong>vis</strong></span> <span class='ocrx_word' id='word_1_1005' title='bbox 3894 5820 4035 5861; x_wconf 86' lang='lat' dir='ltr'><strong>enun</strong></span> 
     </span>
    </p>
   </div>
  </div>
