4154 6420
123 398 191 453 εει
1242 368 1604 431 EXPOSl'l‘iO
1642 365 1705 423 IN
1746 365 2072 425 rSALnun
2114 365 2206 423 ix.

118 510 296 575 dicae,
336 503 559 575 lagona
602 496 790 565 Dens?
828 492 990 565 Atqui
1017 491 1119 548 hoc
1143 496 1228 545 est
1248 500 1504 559 parvum,
1530 484 1575 539 si
1604 481 1675 538 de

121 603 203 657 Deo
240 599 475 659 dicatur;
522 604 783 663 magnum
825 588 1010 650 enim,
1060 579 1402 656 quantumvis
1448 578 1519 633 sit
1564 588 1685 630 ma-

118 706 274 763 plan,
311 698 393 745 est
426 684 650 743 licitum
689 698 705 737 :
746 680 844 737 sed
883 678 1027 735 Deus
1065 683 1151 733 est
1187 670 1447 763 inﬁnitus.
1480 667 1548 763 lit
1574 665 1679 763 hoc

118 758 246 839 etiam
276 792 492 854 parvum
520 783 647 843 est,
675 772 723 830 si
765 772 835 829 de
862 770 974 827 Deo
996 768 1225 825 dicatur.
1256 760 1579 854 Quodrenim
1608 758 1676 813 ti-

121 851 328 931 nennoa
352 870 550 925 habeat
568 909 586 935 ,
619 866 738 923 seio
763 880 780 919 :
808 862 906 921 sed
926 858 1054 933 quid
1081 857 1153 915 sit
1173 899 1190 926 ,
1211 864 1306 911 aut
1334 853 1424 910 ubi
1449 851 1548 917 sit,
1582 864 1679 905 ne-

120 969 222 1022 scio.
259 964 323 1020 Et
356 963 402 1019 si
444 961 751 1033 sapientem
773 1000 791 1025 ,
819 954 949 1013 etsi
977 953 1176 1008 bonum
1214 946 1451 1013 dixeris,
1483 952 1539 1002 et
1563 944 1681 1001 haec

120 1058 285 1114 inﬁnita
301 1097 319 1122 ,
348 1053 485 1112 nihil
506 1052 581 1109 de
606 1052 702 1108 illa
725 1048 1025 1107 substantia
1053 1042 1234 1101 dixisti
1263 1055 1362 1111 pro
1386 1038 1676 1124 dignitate,

119 1153 191 1209 sed
213 1154 364 1209 verbo
387 1152 583 1207 adesse
612 1155 831 1218 oportet
857 1156 1074 1200 sensum
1096 1140 1208 1196 Deo
1227 1137 1462 1207 dignum.
1482 1131 1542 1192 Si
1562 1131 1680 1186 inec

118 1260 219 1317 ergo
251 1244 379 1301 adeo
416 1257 614 1314 magna
665 1239 975 1312 dignitatem
1014 1248 1121 1290 non
1155 1228 1449 1315 ostendunt
1488 1243 1501 1281 :
1547 1239 1680 1297 quo-

121 1338 248 1395 modo
279 1339 423 1394 venia
466 1334 624 1407 digni
673 1332 903 1397 fuerint,
934 1328 1024 1400 qui
1049 1327 1167 1382 haec
1188 1336 1405 1395 quoque
1428 1319 1679 1376 mutilare

122 1428 380 1485 uisantur?
420 1426 723 1498 Fugiamus
762 1435 894 1493 ergo
933 1433 1118 1477 eorum
1146 1410 1515 1473 cdnventicula
1538 1410 1557 1443 ⁸
1581 1450 1599 1474 ,
1625 1418 1683 1465 et

120 1536 216 1575 ann
253 1518 595 1575 didicerimus
644 1511 913 1585 Unigeniti
951 1519 1076 1565 ante
1119 1505 1315 1564 stecula
1347 1502 1636 1559 essentiam
1660 1540 1676 1565 ,

122 1612 296 1668 creandi
318 1611 627 1667 [leuitatem
649 1650 667 1677 ,
695 1604 1013 1664 auctoritate
1035 1600 1315 1673 praeditam
1338 1603 1679 1666 potestatem,

124 1718 201 1759 nec
232 1704 377 1758 ullam
399 1700 518 1773 ejus
542 1714 675 1757 esse
696 1713 729 1754 a
755 1697 911 1755 Patre
933 1690 1297 1749 diversitatem
1315 1729 1333 1754 ,
1364 1684 1682 1743 oeconomia:

122 1792 479 1857 domusionem.
509 1787 868 1859 multiplicem
892 1784 1009 1854 ejus
1031 1782 1084 1838 in
1106 1793 1206 1836 nos
1224 1793 1370 1835 cura:
1390 1775 1682 1849 providen-

126 1885 223 1937 tiam
260 1882 391 1952 (haec
432 1881 585 1937 enim
615 1877 800 1935 omnia
829 1884 885 1933 et
908 1874 996 1931 his
1020 1872 1205 1944 plura,
1242 1868 1557 1933 thesaurus,
1587 1865 1679 1935 qui

125 1974 167 2028 in
202 1973 394 2029 Pssimo
437 1973 581 2028 situs
606 1977 697 2026 est
715 2009 733 2036 ,
769 1981 865 2024 eos
891 1965 1047 2022 docet
1072 1962 1164 2034 qui
1192 1960 1478 2029 diligenter
1504 1964 1682 2012 atten-

131 2340 407 2411 ben'guitate
434 2338 652 2396 Domini
680 2334 851 2392 nostri
880 2332 1007 2390 Jesu
1032 2328 1271 2395 Christi,
1296 2341 1421 2383 cum
1446 2338 1554 2397 quo
1578 2323 1684 2378 Pa-

130 2431 181 2488 tri
203 2448 294 2488 una
312 2447 429 2488 cum
457 2439 654 2487 sancto
670 2428 872 2499 Spiritu
892 2424 1114 2494 ,lhonor
1130 2430 1186 2478 et
1207 2420 1376 2493 gloria
1408 2418 1461 2474 in
1488 2417 1687 2473 sarcula

130 2524 425 2580 seculorum.
452 2525 656 2579 Amen.

363 2676 734 2738 exrosmo
763 2676 834 2733 IN
860 2673 1179 2733 rsawuu
1211 2628 1407 2742 txl(a).

134 2818 175 2871 l.
208 2814 264 2872 la
294 2817 441 2888 ﬁnem
483 2832 580 2889 pro
612 2815 827 2870 occultis
850 2811 982 2882 ﬁlii,
1015 2810 1256 2865 Paulinus
1283 2807 1466 2861 Dauid.
1501 2805 1689 2871 Alius,

188 2906 491 2977 Trisnzplrale
527 2922 625 2979 pro
664 2914 825 2961 morte
859 2902 957 2974 lilii
996 2901 1250 2956 canticum
1284 2898 1470 2953 David.
1501 2896 1688 2963 Alius,

187 2998 445 3056 lacrimis
462 3000 582 3069 ius.

134 3112 176 3167 2.
202 3114 468 3183 Coaﬁtcbor
496 3113 591 3167 tibi
608 3153 625 3174 ,
651 3109 897 3173 Domine,
928 3108 981 3161 in
1006 3115 1110 3160 toto
1131 3103 1283 3158 corde
1301 3116 1442 3166 meo,
1473 3098 1692 3155 narrabo

187 3207 336 3261 auia
360 3204 616 3260 mirabilia
640 3212 749 3257 tua.

189 3342 234 3395 l.
251 3338 502 3413 Cmfeasio
523 3336 735 3408 duplex.
757 3335 961 3404 Quanta
982 3348 1062 3389 res
1075 3334 1142 3389 sit
1159 3332 1352 3404 gratias
1373 3312 1524 3402 agere
1541 3331 1694 3387 etiam

136 3432 743 3501 prostrauit—Longus
760 3436 843 3486 est
871 3426 958 3483 hic
978 3426 1243 3481 Psalmus.
1266 3424 1379 3479 Hoc
1404 3433 1583 3479 autem
1610 3431 1697 3479 est

134 3524 263 3579 etiam
284 3526 558 3597 sapientia:
576 3522 824 3594 Spiritus.
839 3521 1022 3591 Neque
1048 3519 1191 3574 enim
1214 3516 1339 3573 fecit
1362 3530 1551 3571 omnes
1567 3515 1694 3571 bre-

136 3631 228 3681 ves,
250 3633 411 3689 neque
428 3630 624 3671 omnes
652 3613 780 3669 fecit
808 3613 1061 3683 prolixos,
1088 3609 1186 3666 sed
1218 3606 1495 3680 multiplici
1535 3621 1693 3662 men-

136 3722 237 3763 sura
253 3708 382 3766 hunc
402 3709 600 3765 librum
627 3705 878 3772 variavit,
912 3702 1238 3775 longitudine
1264 3701 1477 3772 quidem
1506 3714 1696 3757 socor-

135 3799 251 3854 diam
263 3803 527 3865 excitans,
554 3800 813 3855 brevitate
832 3806 1010 3853 autem
1039 3797 1221 3851 levans
1250 3793 1699 3862 laborem.Conﬁ.

136 3892 247 3947 labor
270 3894 351 3947 tibi
365 3933 386 3959 ,
410 3892 667 3958 Domine,
714 3892 767 3945 in
797 3899 900 3945 toto
926 3890 1079 3945 corde
1103 3905 1215 3945 meo
1233 3930 1249 3955 ,
1276 3887 1498 3943 narrabo
1526 3886 1700 3943 omnia

138 3984 353 4040 mirabilia
395 3995 506 4075 ag.
548 3984 750 4055 Duplex
776 3990 856 4039 est
892 3998 1062 4055 genus
1086 3981 1467 4038 confessionis.
1491 3981 1590 4038 Vel
1614 3990 1699 4038 est

137 4076 255 4129 enim
292 4078 629 4148 propriorum
671 4084 1011 4148 peccatorum
1048 4075 1466 4143 condemnatio,
1508 4077 1594 4132 vel
1644 4076 1696 4130 in

142 4163 278 4222 Deum
310 4170 597 4239 gratiarum
636 4167 798 4223 actio.
840 4167 941 4223 Hic
970 4168 1187 4239 quidem
1213 4168 1481 4239 signiﬁcat
1504 4169 1702 4239 gratia-

141 4273 236 4313 nun
276 4264 564 4318 actionem.
601 4260 741 4328 Quid
779 4272 864 4317 est
900 4271 1116 4329 autem,
1146 4260 1213 4316 In
1240 4271 1343 4315 toto
1367 4261 1519 4316 corde
1540 4277 1651 4316 meo
1677 4263 1704 4316 7

140 4347 249 4405 Cum
273 4354 413 4409 otnni
441 4354 723 4409 alacritate
749 4353 950 4421 animi,
980 4368 1101 4409 cum
1126 4353 1334 4419 studio,
1360 4354 1552 4424 inquit.
1583 4353 1701 4409 Non

142 4456 221 4507 pro
241 4460 407 4501 rerum
431 4461 694 4517 prospero
719 4460 972 4503 successu
993 4489 1010 4515 ,
1032 4446 1129 4503 sed
1148 4449 1317 4505 etiam
1339 4457 1556 4519 propter
1575 4462 1705 4504 cono

144 4533 297 4588 traria.
342 4536 453 4593 Hoc
497 4536 642 4591 enim
672 4546 755 4592 est
791 4538 1023 4594 maxime
1065 4538 1204 4608 grati
1245 4539 1453 4605 animi,
1484 4538 1587 4595 hoc
1612 4556 1702 4595 sa-

144 4624 322 4691 pientiae
356 4627 625 4693 studiosi,
669 4628 722 4685 in
768 4629 927 4684 rebus
960 4629 1121 4685 etiam
1150 4636 1358 4702 asperis
1383 4640 1438 4688 et
1462 4632 1704 4690 adversis

143 4720 310 4783 gratias
356 4737 555 4793 agere.
602 4736 702 4792 pro
744 4722 994 4778 omnibus
1039 4722 1211 4793 gloria
1257 4723 1425 4780 Deum
1452 4724 1702 4793 afﬁcere,

147 4824 233 4865 uua
265 4814 431 4869 solum
477 4827 579 4884 pro
620 4813 895 4870 beneﬁciis
920 4856 937 4881 ,
976 4813 1071 4870 sed
1095 4814 1257 4871 etiam
1282 4831 1381 4888 pro
1406 4818 1702 4888 suppliciis.

150 4898 240 4957 llos
273 4906 409 4960 enim
438 4904 701 4976 majorem
738 4905 1039 4962 mercedem
1069 4907 1338 4964 conciliat.
1372 4908 1503 4965 Nam
1533 4912 1585 4966 in
1614 4910 1709 4967 bo-

148 4991 215 5048 nis
228 4996 429 5065 quidem
455 4997 658 5069 gratias
680 5012 865 5070 agens,
890 4998 1169 5056 reddidisti
1198 5001 1438 5058 debitum
1474 5024 1487 5059 :
1515 5005 1567 5060 in
1589 5022 1708 5063 ma-

195 5085 1043 5167 ξριξᾱμξπίιίυφν
1089 5096 1402 5167 Sauariam?!
1448 5099 1711 5167 (συλλογι-

148 5151 307 5223 μ».
330 5151 507 5223 Lectio
535 5151 792 5223 Earlier-ini
816 5151 1055 5223 prestat-ia
1093 5151 1266 5223 statim
1306 5151 1529 5223 videtur.
1564 5151 1711 5216 alii.

148 5216 260 5278 τρω-
275 5219 537 5265 conum
574 5216 793 5278 retinui,
818 5218 938 5278 quia
971 5220 1247 5278 lugeateris
1269 5222 1503 5275 omnibus
1532 5239 1708 5276 exem-

150 5271 472 5352 [ἮἏεεξέε
503 5271 917 5352 9.519399%
953 5276 1170 5344 dicitur.
1209 5271 1708 5352 [αρένέὶοὶιυὲὶιὶἇέη

151 5342 285 5397 QQ...
303 5333 473 5397 ﬁgere
493 5333 822 5395 ωιιὸσίεηιοὶ.

910 5403 987 5453 usi
1026 5416 1197 5455 sumus
1234 5406 1410 5473 codice
1430 5408 1711 5462 Colbertino

156 5450 217 5536 at-
236 5450 334 5511 ρο.
368 5460 639 5511 rem
664 5450 801 5522 LXX,
827 5450 1715 5536 meammeam:

156 5534 241 5597 ei;
456 5541 656 5637 Aquila:
701 5544 935 5598 nebraiea
964 5547 1038 5598 sic
1073 5530 1305 5614 leguntur
1326 5530 1419 5637 τὺ
1453 5530 1709 5624 τῆξ-59,

155 5628 1716 5753 suasissemsuasissem

428 5696 521 5757 ,ἀε
887 5698 997 5769 ﬁlii.
1017 5694 1715 5769 vermstuemeanégiaa.

160 5749 745 5874 uersam
766 5762 1210 5893 arma

3291 364 3396 423 μη

1792 480 1858 537 lis
1882 490 2086 545 autem,
2106 482 2274 539 Deum
2302 481 2623 539 constituisti
2650 480 2973 538 debitorem.
3004 481 3105 552 Qui
3132 482 3275 537 enim
3296 481 3398 541 beo

1788 574 1983 631 neﬁcio
2020 574 2246 631 allectus
2268 584 2386 642 est,
2412 583 2470 631 et
2493 577 2605 646 agit
2630 576 2832 645 gratias
2854 619 2870 641 ,
2899 573 3077 630 reddit
3106 572 3347 630 debitum
3377 592 3391 630 :

1786 668 1880 738 qui
1919 674 2099 721 autem
2139 665 2281 722 male
2303 665 2528 723 aﬂ‘ectus
2555 677 2677 733 est,
2708 676 2765 722 et
2792 666 2959 738 gloria
2990 664 3199 732 afﬁcit,
3233 667 3278 723 is
3300 665 3397 725 de-

1787 760 1957 815 bitum
1997 759 2247 830 acquirit.
2277 757 2385 815 Pro
2414 758 2501 814 illa
2530 758 2824 830 gratiarum
2854 758 3068 814 actione
3096 757 3262 814 multa
3290 757 3398 814 alia

1789 852 1929 910 bona
1968 854 2111 909 Deus
2151 861 2207 908 et
2237 861 2364 907 tunc
2390 859 2448 907 et
2471 865 2619 908 nunc
2647 849 2824 907 reddit
2854 866 2871 917 ;
2898 864 3065 921 quare
3094 863 3195 907 nec
3223 849 3398 905 malo-

1786 962 1906 1003 rum
1930 945 2151 1019 quidem
2177 959 2371 1002 sensus
2396 944 2464 1001 ad
2494 957 2596 1001 nos
2622 945 2925 1015 perveniet.
2953 941 3127 1000 Nemo
3153 944 3300 999 enim
3327 940 3398 999 de

1788 1040 1856 1096 iis
1879 1039 2070 1097 dolore
2093 1038 2357 1106 afﬁcitur,
2390 1055 2488 1110 pro
2510 1038 2706 1110 quibus
2732 1037 2843 1094 Deo
2863 1038 2972 1109 agit
2998 1038 3200 1107 gratias
3224 1055 3239 1092 :
3262 1051 3399 1109 quo-

1786 1133 1930 1189 circa
1960 1131 2105 1188 aliud
2129 1144 2346 1203 quoque
2384 1130 2513 1189 hinc
2540 1128 2935 1185 iucrilaciemus
2961 1170 2978 1197 ,
3008 1143 3211 1199 nempe
3234 1129 3397 1201 aegri-

1788 1227 2026 1284 tudinem
2072 1226 2237 1281 animi
2277 1224 2647 1281 discutiemus.
2696 1221 2923 1292 Quando
2969 1222 3115 1279 enim
3160 1222 3402 1293 privatus

1788 1320 1955 1377 fueris
2002 1320 2287 1391 pecuniis,
2320 1307 2390 1374 ‘et
2432 1318 2635 1387 gratias
2678 1316 2888 1388 egeris,
2936 1331 3047 1370 non
3091 1324 3300 1372 tantum
3347 1324 3402 1371 te

1788 1412 2039 1468 mordere
2064 1422 2241 1482 petest
2268 1411 2522 1466 damnum
2547 1452 2564 1475 ,
2590 1421 2848 1481 quantum
2878 1408 3061 1465 laetitia
3089 1407 3259 1465 afﬁcit
3276 1422 3401 1480 gra-

1787 1509 1981 1559 tiarum
2021 1505 2182 1560 actio.
2229 1503 2343 1561 Hoc
2385 1503 2600 1560 diabolo
2628 1504 2789 1560 letale
2810 1503 3004 1560 vulnus
3032 1502 3224 1576 inﬂigit
3250 1521 3268 1559 :
3299 1503 3405 1559 hoc

1789 1596 1964 1653 reddit
2007 1596 2241 1652 animam
2286 1596 2465 1653 studio
2501 1581 2781 1667 sapientiae
2816 1596 3098 1668 prteditam
3142 1613 3156 1650 :
3191 1595 3296 1651 hoc
3334 1597 3405 1653 de

1787 1688 1953 1744 rebus
2002 1687 2358 1758 praesentibus
2394 1702 2580 1743 verum
2624 1696 2907 1758 comparat
2925 1686 3213 1758 judicium.
3242 1686 3400 1743 Multi

1788 1782 1932 1837 enim
1960 1781 2209 1837 homines
2233 1796 2342 1836 non
2371 1779 2572 1837 habent
2600 1795 2783 1835 veram
2810 1780 2880 1837 de
2908 1780 2991 1836 his
3017 1795 3140 1852 qua:
3168 1778 3257 1835 hic
3273 1787 3405 1836 sunt

1789 1875 2112 1931 sententiam
2137 1916 2153 1941 ,
2199 1885 2255 1931 et
2302 1877 2427 1932 ideo
2466 1885 2758 1949 anguntur.
2788 1876 2860 1931 Ita
2888 1878 3051 1932 etiam
3072 1876 3164 1945 qui
3198 1875 3407 1931 insani-

1793 1977 1918 2033 unt,
1949 1983 2185 2039 ea’smpe
2210 1970 2601 2040 pertimescunt
2618 2010 2634 2035 ,
2665 1984 2787 2039 qum
2817 1983 2928 2023 non
2955 1976 3081 2024 sunt
3107 1966 3364 2023 terribilia
3386 2008 3403 2035 ,

1790 2070 1848 2115 et
1874 2076 2020 2129 saepe
2048 2060 2337 2116 formidant
2363 2075 2426 2117 ea
2456 2075 2578 2132 quae
2605 2077 2713 2116 non
2742 2060 3076 2127 subsistunt,
3104 2069 3157 2115 ct
3184 2058 3406 2115 umbras

1656 2168 1685 2182 ·
1794 2154 2017 2225 fugiunt.
2052 2153 2148 2209 liis
2169 2163 2296 2211 sunt
2317 2153 2523 2211 similes
2554 2155 2587 2208 ii
2618 2154 2709 2224 qui
2732 2153 2988 2209 damnmn
3019 2152 3262 2224 pecuniae
3282 2166 3401 2208 me-

1794 2254 1975 2302 linunt.

1865 2338 2036 2393 Metus
2075 2354 2177 2392 non
2220 2346 2418 2393 natum
2460 2348 2571 2402 est,
2616 2336 3041 2419 sedroolantatia.
3065 2365 3135 2375 —
3165 2332 3285 2389 Non
3319 2342 3405 2390 est

1792 2432 1938 2488 enim
1984 2443 2190 2487 naturae
2222 2443 2436 2499 metus,
2481 2430 2578 2488 sed
2610 2429 2799 2486 liberae
2825 2428 3141 2485 voluntatis.
3172 2428 3233 2485 Si
3261 2427 3407 2485 enim

1793 2532 1939 2580 esset
1981 2539 2071 2580 res
2092 2521 2347 2582 molesta.
2362 2530 2637 2594 oporteret
2660 2536 2853 2578 omnes
2874 2519 3064 2577 dolere
3089 2519 3180 2591 qui
3210 2519 3403 2590 privati

1795 2628 1921 2672 sunt
1940 2622 1992 2685 l;
2019 2617 2063 2673 si
2086 2625 2263 2673 autem
2285 2631 2392 2672 non
2414 2629 2605 2674 omnes
2619 2616 2711 2688 qui
2732 2615 2798 2671 iis
2824 2616 3119 2688 privamur,
3131 2611 3405 2677 dolemus,

1796 2728 1903 2768 non
1931 2720 2017 2767 est
2045 2711 2149 2767 hoc
2175 2712 2359 2782 utique
2385 2709 2463 2767 rei
2493 2717 2701 2765 natura:
2720 2712 2748 2777 ,'
2768 2708 2863 2765 sed
2893 2705 3193 2779 imperfecti
3215 2704 3405 2761 animi.

1796 2804 2260 2874 Quemadmodum
2286 2803 2432 2859 enim
2452 2802 2507 2858 in
2536 2800 2774 2857 tenebris
2797 2813 2945 2870 saepe
2968 2798 3090 2871 quis
3112 2797 3199 2854 vel
3220 2795 3406 2853 funem

1798 2900 1987 2967 timet,
2030 2910 2339 2968 serpentem
2368 2910 2493 2953 esse
2520 2903 2792 2964 ratus,ret
2817 2894 2999 2950 omnia
3028 2892 3191 2950 habet
3219 2906 3411 2963 suspe-

1795 2999 1883 3045 cta
1903 3030 1919 3055 ,
1957 2998 2015 3045 et
2050 2990 2254 3045 amicos
2279 2988 2463 3045 hostes
2490 3001 2615 3044 esse
2642 2986 2915 3043 existimat
2944 3002 2959 3040 :
2986 2985 3061 3040 ita
3088 2987 3249 3039 etiam
3273 2998 3411 3055 quo-

1796 3097 1917 3139 rum
1940 3081 2080 3137 ratio
2099 3080 2304 3149 deﬁcit,
2328 3087 2601 3151 tamquam
2622 3076 2900 3149 profundis
2922 3075 3243 3149 quibusdam
3264 3076 3408 3147 capti

1800 3174 2036 3230 tenebris
2059 3213 2075 3240 ,
2120 3188 2302 3229 rerum
2344 3180 2589 3226 naturam
2634 3185 2739 3226 non
2771 3177 3142 3242 cognoscunt,
3169 3166 3267 3225 sed
3297 3167 3415 3223 vol-

1800 3277 1998 3322 vuntur
2037 3267 2092 3322 in
2118 3266 2267 3333 luto,
2300 3280 2402 3321 nec
2426 3263 2633 3323 ftenum
2662 3262 2977 3319 existimant
3000 3276 3125 3318 esse
3152 3259 3357 3319 ftenum
3393 3276 3409 3319 :

1799 3371 1856 3418 et
1883 3360 2027 3432 pleni
2053 3359 2276 3416 avaritia
2299 3401 2313 3424 ,
2349 3367 2544 3414 tetrum
2555 3356 2796 3421 ,odorem
2825 3372 2932 3410 non
2954 3355 3199 3411 sontium
3225 3372 3237 3406 :
3262 3353 3407 3425 quod

1800 3458 1847 3511 si
1892 3453 2030 3510 forte
2068 3452 2430 3519 recesserint,
2462 3461 2591 3507 tunc
2615 3450 2809 3508 scient.
2840 3447 2910 3503 Et
2935 3448 3077 3503 sicut
3103 3446 3195 3517 qui
3224 3445 3408 3501 defor-

1801 3547 1904 3602 mis
1942 3544 2185 3601 mulieris
2219 3558 2407 3599 amore
2448 3544 2589 3615 capti
2633 3551 2794 3608 sunt,
2840 3550 3126 3612 postquam
3160 3552 3192 3594 a
3220 3536 3413 3593 morbo

1800 3636 2210 3705 convaluerint,
2256 3644 2383 3692 tunc
2425 3636 2603 3691 sciunt
2650 3631 3050 3689 deformitatem
3091 3646 3106 3684 :
3150 3632 3220 3686 ita
3247 3629 3411 3685 etiam

1800 3731 1894 3803 qui
1939 3739 2191 3787 tenentur
2227 3744 2414 3785 amore
2449 3729 2714 3800 pecunire.
2758 3725 2826 3781 Et
2851 3724 3126 3797 quomodo
3150 3766 3166 3793 ,
3199 3723 3410 3795 inquit,

1804 3835 1995 3897 potero
2031 3839 2248 3882 cessare
2291 3825 2359 3881 ab
2382 3823 2606 3880 amore?
2634 3822 2769 3880 Utar
2794 3836 2983 3877 rursus
3007 3818 3197 3877 eodem
3224 3833 3412 3876 exem—

1806 3922 1915 3992 plo.
1959 3919 2425 3989 Quemadmodum
2470 3919 2563 3989 qui
2586 3917 2885 3974 deformem
2916 3925 3064 3972 amat
3090 3915 3370 3971 mulierem
3396 3956 3415 3984 ,

1806 4017 1850 4073 si
1891 4016 2107 4072 assidue
2143 4029 2266 4069 cum
2310 4029 2373 4069 ea
2412 4011 2611 4069 habeat
2648 4010 3095 4067 consuetudinem
3117 4050 3135 4076 ,
3165 4009 3418 4065 accendit

1806 4110 2075 4167 fornacem
2109 4126 2123 4163 :
2151 4109 2232 4164 sin
2254 4114 2435 4163 autem
2460 4121 2646 4176 parum
2672 4104 2910 4177 seipsum
2939 4104 3260 4174 sejunxerit,
3286 4119 3420 4176 pau-

1808 4204 1957 4260 latim
1994 4200 2168 4258 efﬂuit
2203 4180 2418 4258 aﬂ'ectio
2446 4219 2461 4257 :
2487 4202 2561 4257 ita
2588 4199 2750 4255 etiam
2780 4209 2835 4255 tu
2866 4213 3157 4270 parumper
3183 4197 3416 4267 secede,

1809 4296 2078 4366 paululmn
2120 4294 2357 4351 concede
2378 4336 2395 4363 ,
2437 4303 2494 4350 et
2529 4284 2753 4365 parvu'tn
2784 4292 2916 4349 illud
2944 4293 3046 4349 erit
3074 4290 3304 4348 multum
3332 4292 3420 4348 in-

1810 4389 2113 4445 tervallum.
2146 4386 2326 4458 Incipe
2356 4394 2734 4451 tantum‘recte
2758 4387 2957 4444 facere.
2991 4386 3174 4443 Habes
3196 4385 3420 4443 domum

1808 4479 2182 4550 superﬂuam?
2210 4478 2395 4565 Vende
2418 4519 2435 4545 ,
2479 4487 2535 4534 et
2567 4477 2637 4533 da
2662 4477 2731 4533 iis
2748 4478 2842 4546 qui
2871 4478 3149 4550 indigent,
3176 4492 3285 4534 non
3314 4477 3424 4536 hoc

1810 4584 2069 4646 reputans
2089 4616 2104 4639 ,
2147 4583 2200 4630 te
2238 4588 2361 4629 eam
2381 4575 2666 4640 amittere,
2695 4573 2793 4631 sed
2823 4573 2918 4629 tibi
2947 4572 3127 4644 magis
3146 4574 3421 4645 propriam

1810 4669 2050 4728 eflicere.
2096 4668 2214 4724 Non
2253 4678 2529 4739 sumptum
2575 4669 2859 4724 considera
2884 4709 2901 4736 ,
2944 4667 3042 4725 sed
3083 4666 3426 4725 emolumen-

1812 4772 1926 4819 tum
1948 4803 1966 4830 ,
2012 4777 2121 4817 non
2150 4760 2295 4833 quod
2340 4775 2402 4818 ea
2446 4760 2533 4817 hic
2569 4761 2801 4833 privaris
2822 4801 2837 4828 ,
2867 4760 2965 4817 sed
2994 4761 3139 4833 quod
3166 4761 3285 4832 ejus
3313 4760 3425 4818 illic

1813 4854 2064 4911 dominus
2100 4852 2356 4910 efliceris.
2388 4852 2465 4909 ita
2493 4854 2655 4911 etiam
2684 4861 2944 4924 perpetuo
2972 4853 3176 4925 poteris
3202 4867 3426 4911 narrare

1816 4950 1908 5005 Dei
1935 4949 2214 5006 miracula.
2245 4948 2364 5005 Hoc
2388 4952 2534 5005 enim
2562 4947 2694 5006 dicit
2721 4948 2968 5006 Psalmus
2990 4949 3061 5007 ab
3086 4949 3263 5006 initio.
3287 4947 3424 5005 Nam

1814 5046 1904 5115 qui
1933 5052 2146 5101 tenetur
2169 5058 2359 5100 amore
2379 5045 2620 5115 pecunia:
2640 5085 2658 5113 ,
2683 5060 2792 5101 non
2824 5044 2979 5101 value
3001 5054 3179 5117 potest
3201 5045 3257 5101 in
3281 5060 3347 5103 ea
3369 5062 3430 5104 re

1816 5137 2020 5194 versari
2046 5156 2060 5193 :
2087 5153 2211 5193 nam
2239 5148 2499 5209 perpetuo
2518 5139 2812 5196 meditatur
2836 5154 3048 5205 usuras,
3076 5148 3390 5197 contractus
3411 5180 3430 5208 ,

1816 5233 2153 5305 syngraphas
2184 5273 2201 5296 ,
2241 5233 2493 5302 venalia,
2532 5243 2894 5302 testamenta,
2942 5248 3197 5306 agrorum
3240 5234 3437 5292 domo-

1818 5341 2048 5398 rumque
2075 5329 2247 5399 pretia
2271 5368 2287 5395 ,
2315 5327 2464 5385 lucra
2484 5369 2501 5396 ,
2533 5343 2810 5398 cauponas
2826 5370 2849 5398 ,
2872 5336 2931 5386 et
2959 5344 3183 5386 narrare
3201 5342 3267 5385 ac
3284 5330 3433 5401 cogi-

1821 5431 1935 5477 tare
1976 5437 2088 5479 non
2128 5431 2328 5480 cessat.
2376 5423 2477 5481 Ubi
2517 5434 2602 5481 est
2630 5434 2815 5482 autem
2846 5423 3131 5481 thesaurus
3158 5424 3430 5495 hominis,

1822 5515 1931 5571 illic
1950 5524 2035 5572 est
2057 5516 2219 5573 etiam
2247 5530 2345 5572 cor
2370 5517 2487 5588 ejus
2518 5517 2737 5589 (Matth.
2758 5517 2814 5575 6.
2841 5517 2960 5591 2i).
2993 5510 3391 5589 Hzec'loquitur
3417 5560 3435 5588 ,

1822 5607 1940 5665 hanc
1975 5609 2297 5681 meditatur,
2339 5620 2397 5669 et
2417 5612 2871 5685 quemadmodum
2897 5614 3041 5671 servi
3067 5629 3132 5681 ea
3158 5629 3280 5688 qua:
3309 5624 3441 5673 sunt

1890 5787 1907 5817 ι
1943 5784 2165 5853 lu_(x_iib.,
2191 5788 2275 5851 qui
2318 5790 2499 5851 primi
2527 5796 2656 5853 sunt,
2686 5790 2850 5843 deest.
2888 5789 3133 5843 sedum
3172 5792 3441 5846 [ortionem
3518 5766 3521 5767 ⁷

1834 5848 1964 5900 bene
1987 5848 2181 5903 habere
2203 5848 2337 5915 puto.
