4154 6440
675 373 779 432 123

668 488 1007 569 dominorum
1045 483 1399 546 meditantur,
1431 481 1503 536 ita
1531 481 1619 535 hic
1641 479 1802 536 etiam
1830 493 1895 533 ea
1920 476 2247 569 meditatur,

669 565 793 648 qua:
827 586 954 632 sunt
991 572 1199 631 Domini
1230 583 1246 629 :
1277 571 1416 638 Quid
1438 570 1642 641 jussit?
1666 568 1791 639 quid
1817 567 2109 637 perlectum
2132 565 2254 622 est?

670 667 799 735 quid
846 666 1080 730 nondum
1120 662 1409 734 perlectum
1446 669 1564 722 est.
1602 658 1697 715 sed
1725 670 1811 717 est
1835 650 2283 730 perliciendum!

672 758 933 827 Quocirca
958 766 1011 811 te
1038 754 1293 811 adhortor
1309 796 1326 820 ,
1348 764 1406 809 ut
1429 752 1497 809 ab
1523 752 1607 808 illa
1636 750 1949 807 obsessione
1975 748 2251 812 libentes,

675 846 907 904 verseris
932 846 987 902 in
1016 845 1098 900 his
1129 844 1521 899 narrationibus
1544 884 1560 907 ,
1602 858 1827 897 narrans
1868 840 1961 896 Dei
2000 838 2253 907 miracula

670 954 791 1009 quin
820 938 954 993 ﬁunt
976 936 1213 1009 quotidie
1235 977 1252 1002 ,
1282 951 1402 1006 quae
1422 935 1665 1006 privatim
1686 978 1702 999 ,
1732 949 1853 1005 qua:
1880 932 2252 999 communiter,

669 1044 790 1100 qua:
818 1030 873 1084 in
898 1043 1105 1095 omnes,
1132 1043 1250 1099 qua:
1272 1028 1331 1082 in
1356 1039 1807 1097 unumquemque.
1828 1024 1991 1081 Plena
2010 1032 2094 1089 est
2111 1024 2255 1080 enim

671 1123 777 1175 vita
799 1120 884 1176 his
914 1117 1343 1183 narrationibus;
1373 1128 1429 1174 et
1453 1116 1823 1187 undecumque
1849 1116 2113 1186 inceperis
2131 1156 2150 1183 ,
2178 1116 2259 1170 vi-

669 1212 823 1267 debis
868 1210 1193 1279 luculentum
1237 1222 1486 1264 emanare
1513 1206 1827 1277 prooemium
1848 1248 1863 1272 ,
1894 1188 2063 1261 sive'a
2088 1205 2253 1272 caelo,

671 1306 785 1359 sive
803 1318 834 1358 a
860 1312 999 1361 terra
1025 1344 1041 1367 ,
1070 1303 1183 1359 sive
1210 1302 1277 1356 ab
1296 1316 1422 1357 aere
1440 1343 1455 1366 ,
1486 1301 1599 1356 sive
1618 1315 1649 1354 a
1678 1298 1848 1355 brutis
1866 1339 1884 1365 ,
1910 1298 2023 1353 sive
2042 1313 2073 1351 a
2098 1297 2260 1353 semi-

672 1396 864 1463 nibus,
906 1398 1019 1451 sive
1058 1410 1089 1449 a
1118 1394 1315 1465 plantis
1337 1403 1393 1450 et
1420 1393 1734 1459 arboribus;
1765 1394 1809 1447 si
1843 1392 1973 1448 velis
1999 1391 2135 1446 dona
2160 1406 2257 1445 an-

673 1487 817 1559 tiqua
894 1501 1176 1543 recensere
1198 1528 1213 1550 ,
1259 1488 1305 1541 si
1348 1500 1470 1556 quae
1498 1478 1682 1555 legem
1723 1490 2160 1544 antecesserunt,
2212 1482 2257 1536 si

670 1594 792 1650 quae
834 1578 1045 1634 luerunt
1084 1580 1137 1634 in
1177 1580 1329 1649 lege,
1379 1578 1423 1632 si
1451 1591 1571 1648 quae
1598 1575 1804 1651 sunt-in
1832 1574 1997 1644 gmtia
2022 1615 2038 1637 ,
2070 1575 2113 1627 si
2140 1588 2257 1642 quae

671 1676 793 1737 post
828 1684 1111 1724 excessum
1152 1684 1217 1723 ex
1252 1668 1356 1722 vita
1384 1709 1399 1731 ,
1430 1668 1474 1721 si
1504 1680 1622 1736 qua:
1650 1666 1701 1719 in
1731 1665 1841 1735 ipsa
1872 1673 2076 1729 morte,
2107 1664 2256 1717 inve—

671 1762 790 1816 nies
841 1761 1157 1816 immensum
1211 1758 1425 1828 pelagus
1476 1757 1859 1813 narrationum.
1909 1754 2131 1821 Quantzc
2173 1765 2258 1807 εει

670 1867 800 1923 ergo
824 1852 1064 1907 stultitia:
1084 1895 1098 1917 ,
1132 1866 1251 1906 cum
1280 1859 1359 1905 tot
1384 1849 1584 1905 narrari
1616 1848 1821 1917 possint
1850 1863 1944 1917 per
1968 1863 2085 1917 qua:
2111 1846 2233 1900 vuln

674 1957 827 2017 ptas.
857 1945 1061 2000 lucrum
1087 1952 1143 1998 et
1170 1942 1371 1998 utilitas
1398 1942 1604 2015 possint
1630 1940 1821 1993 animae
1847 1937 2122 2001 accedere,
2149 1937 2259 1990 luto

672 2036 933 2090 rationem
968 2033 1244 2104 inquinare
1262 2073 1278 2097 ,
1307 2032 1373 2086 de
1393 2031 1615 2085 avaritia
1636 2039 1690 2083 ct
1709 2028 1892 2099 rapina
1915 2037 2215 2082 narrantem
2241 2028 2255 2079 !

748 2129 804 2183 2.
856 2126 1044 2181 Rerum
1073 2125 1382 2180 naturalium
1407 2122 1696 2188 descriptio.
1730 2152 1798 2161 —
1822 2119 1973 2188 Quod
2001 2120 2047 2175 si
2076 2118 2208 2173 velis
2236 2160 2252 2185 ,

672 2219 917 2289 supernis
941 2199 1168 2283 relictis,
1191 2215 1259 2271 de
1289 2224 1426 2271 terra
1449 2214 1795 2277 disseramus,
1824 2212 1892 2267 de
1912 2211 2029 2281 ejus
2056 2211 2261 2281 magni-

675 2310 882 2376 tudine,
913 2309 1196 2378 positione,
1228 2322 1347 2371 usu,
1374 2314 1583 2371 natura,
1632 2304 1855 2358 assiduo
1886 2311 2035 2372 partu
2056 2343 2070 2366 ,
2102 2301 2261 2356 rebus

673 2401 837 2455 variis
861 2409 914 2455 et
941 2398 1167 2455 diversis
1197 2413 1315 2467 quae
1357 2412 1423 2452 ex
1470 2412 1533 2451 ea
1581 2397 1889 2467 gignuntur,
1921 2394 2216 2448 seminibus
2240 2430 2256 2457 ,

675 2494 875 2559 herbis,
907 2493 1122 2562 plantis,
1155 2490 1399 2556 ﬂoribus,
1435 2489 1617 2560 pratis.
1650 2489 1839 2543 hortis.
1872 2488 1956 2543 Ab
1978 2488 2059 2541 his
2075 2500 2260 2541 rursus

674 2588 881 2643 arboris
900 2586 1318 2656 uniuscujusque
1343 2583 1563 2654 ﬁguram
1595 2582 1799 2636 ratione
1824 2580 2140 2643 dividamus,
2168 2596 2262 2649 p0-

675 2680 945 2741 sitionem,
974 2676 1329 2740 altitudinem,
1354 2673 1547 2729 bonum
1573 2673 1814 2738 odorem,
1840 2670 2087 2734 fructum,
2123 2680 2258 2724 tem-

678 2783 810 2839 pus,
859 2768 1245 2833 ministerium,
1288 2765 1392 2820 alia
1438 2765 1615 2833 omnia
1653 2771 1833 2818 mente
1879 2763 2256 2827 revolventes,

678 2862 950 2929 ipsamque
974 2868 1167 2913 terram
1219 2870 1313 2910 seu
1357 2854 1624 2919 feracem,
1676 2868 1771 2909 seu
1817 2853 2101 2908 sterilem:
2144 2856 2259 2921 ejus

675 2951 816 3007 enim
859 2950 991 3005 nihil
1031 2959 1114 3004 est
1143 2949 1347 3004 inutile.
1394 2948 1602 3003 Etenim
1632 2953 1748 3002 haec
1783 2945 1997 3017 quidem
2028 2944 2256 3009 ferrum,

676 3041 768 3097 illa
794 3056 924 3097 vero
953 3056 1063 3104 tes;
1096 3040 1209 3094 haec
1246 3054 1466 3103 aurum,
1511 3038 1601 3092 illa
1645 3037 1763 3092 tulit
1807 3045 2118 3107 argentum;
2147 3035 2261 3090 haec

678 3141 938 3195 aromata,
968 3131 1058 3185 illa
1087 3144 1216 3185 vero
1242 3130 1625 3185 medicamenta
1654 3128 1798 3182 varia
1828 3137 1881 3181 ct
1902 3127 2075 3181 omnis
2099 3140 2261 3195 gene-

680 3224 773 3279 ris.
792 3222 929 3292 Quid
946 3224 1133 3303 attinet
1146 3222 1325 3277 dicere
1337 3220 1615 3275 utilitatem
1630 3234 1906 3289 aquarum,
1924 3216 2257 3288 potabilium,

678 3314 963 3377 salsarum,
1016 3328 1169 3368 usum
1217 3314 1497 3378 montium,
1538 3311 1750 3367 metalla
1796 3310 2066 3365 variorum
2117 3324 2261 3363 mar-

681 3422 912 3471 morum,
945 3406 1121 3460 fontes
1164 3406 1254 3475 qui
1286 3414 1409 3459 sunt
1434 3405 1485 3459 in
1512 3404 1660 3473 ipsis,
1707 3404 1929 3459 arbores
1972 3417 2091 3473 quae
2140 3409 2264 3455 sunt

680 3507 820 3567 apta:
844 3497 910 3551 ad
942 3504 1077 3551 tecta
1100 3504 1154 3551 et
1192 3493 1455 3551 aedilicia?
1498 3494 1622 3549 Hac
1664 3495 1843 3548 omnia
1888 3501 2017 3548 sunt
2062 3494 2261 3547 fructus

678 3589 1007 3654 solitudinis;
1037 3588 1153 3644 haec
1178 3598 1233 3644 et
1258 3587 1505 3643 animalia
1530 3594 1585 3642 et
1606 3601 1793 3642 omnes
1820 3586 1961 3641 feras
1982 3586 2094 3640 alit.
2132 3583 2262 3639 Nam

679 3681 808 3753 quid
835 3682 1025 3736 attinet
1042 3681 1224 3737 dicere
1249 3680 1416 3744 lacus,
1443 3678 1639 3745 fontes,
1666 3671 1888 3734 fluvios?
1909 3676 2263 3745 Quemadmo-

678 3776 805 3827 dum
832 3772 974 3827 enim
996 3771 1247 3826 mulieres
1265 3786 1383 3842 quae
1402 3780 1744 3840 pepererunt,
1762 3768 1959 3824 fontem
1982 3768 2133 3823 lactis
2154 3783 2267 3838 pro-

681 3861 984 3929 luudeutes,
1008 3861 1145 3917 natis
1174 3860 1413 3930 praebent
1435 3860 1746 3925 alimentum
1775 3876 1789 3912 :
1818 3859 1888 3913 ita
1922 3858 2081 3913 etiam
2116 3867 2256 3911 terra

682 3952 854 4008 hortis
890 3959 943 4007 et
974 3950 1233 4006 viridariis
1275 3949 1465 4004 ﬂuvios
1490 3958 1545 4005 et
1572 3930 1745 4004 fontes
1785 3958 2052 4020 tamquam
2092 3962 2265 4003 mam-

686 4058 804 4098 mas
843 4042 1141 4112 porrigens,
1174 4055 1237 4096 ea
1261 4038 1461 4096 affatim
1508 4040 1710 4111 irrigat.
1739 4039 1846 4096 Sed
1871 4039 1926 4094 in
1955 4026 2266 4093 mulieribus

628 4190 636 4198 ,
681 4133 895 4204 quidem
925 4140 1136 4201 Oportet
1163 4129 1418 4186 infantem
1438 4128 1505 4185 ad
1526 4145 1809 4185 mammam
1826 4129 2119 4188 accedere:
2151 4128 2266 4184 hare

683 4233 859 4279 autem
884 4224 993 4295 ipsa
1019 4221 1257 4279 extendit
1290 4222 1475 4290 ubera,
1507 4222 1739 4293 undique
1766 4238 1828 4278 ea
1852 4236 1916 4276 ex
1944 4222 2052 4278 alto
2076 4221 2268 4278 demit-

684 4325 824 4369 tcns.
1336 4304 1341 4309 ’

760 4402 1063 4459 Solitudinis
1090 4418 1389 4477 ειισοιιιιιιιιι.
1408 4432 1481 4443 -
1512 4402 1609 4458 Est
1635 4403 1794 4457 etiam
1824 4402 1958 4459 alius
1982 4418 2109 4459 usus
2136 4404 2267 4460 soli-

688 4493 910 4550 tudinis.
939 4493 1038 4549 Est
1061 4497 1221 4549 etiam
1265 4495 1437 4565 aptior
1481 4495 1549 4549 ad
1591 4494 1872 4558 sanitatem
1916 4495 2178 4566 corporis,
2210 4505 2267 4551 ιιι

687 4601 809 4657 qua:
850 4585 1050 4655 prmbet
1094 4584 1359 4655 puriorem
1399 4585 1771 4655 respirandum
1814 4601 2017 4654 aerem,
2060 4598 2115 4643 ct
2151 4588 2271 4643 uni-

685 4692 899 4733 versum
924 4677 1109 4733 orbem
1131 4686 1287 4733 terra
1311 4691 1377 4734 ex
1402 4678 1510 4734 alto
1548 4678 2106 4750 circumspiciendum,
2136 4681 2269 4736 etin

688 4770 976 4825 solitudine
1002 4768 1349 4840 philosophias
1367 4770 1705 4837 exercitium,
1728 4780 1825 4825 eta
1843 4770 1963 4826 vita:
1983 4771 2126 4827 curis
2158 4781 2273 4826 tan-

691 4862 857 4917 tillam
873 4862 1297 4931 respirationem.
1315 4860 1451 4928 Quid
1463 4875 1598 4933 opus
1613 4870 1694 4917 est
1707 4875 2131 4919 commemorare
2146 4877 2273 4919 aves

687 4966 808 5022 qua
831 4960 1046 5015 canunt.
1064 4960 1119 5008 et
1140 4951 1467 5018 animalium,
1489 4966 1610 5023 quae
1637 4961 1827 5008 venatu
1853 4954 2159 5025 capiuntur,
2186 4954 2271 5008 vi-

691 5042 1028 5099 tamHlabet
1061 5044 1220 5099 etiam
1262 5043 1427 5098 alium
1472 5058 1627 5098 usum
1672 5043 1922 5100 solitudo.
1953 5046 2107 5115 Saepe
2126 5047 2271 5101 enim

695 5132 909 5202 praediis
931 5147 1203 5188 murorum
1249 5133 1422 5188 vicem
1451 5132 1709 5203 praebuit,
1736 5132 1936 5189 habens
1986 5143 2195 5189 montes
2220 5135 2271 5188 in

692 5224 860 5279 altum
900 5208 1130 5287 erectos,
1178 5222 1478 5294 voragines,
1504 5236 1559 5279 et
1595 5223 1906 5294 prurcipitia.
1948 5224 2086 5293 Quid
2128 5227 2274 5281 enim

692 5314 892 5370 dixeris
919 5313 986 5369 de
1012 5302 1192 5369 herbis
1216 5328 1337 5384 qua:
1365 5316 1418 5369 in
1448 5314 1578 5385 ipsis
1622 5324 1932 5383 nascuntur,
1963 5332 2083 5385 qua:
2122 5316 2275 5372 labo-

693 5405 932 5463 rantibus
953 5404 1266 5476 corporibus
1289 5421 1533 5476 magnam
1558 5421 1713 5476 opem
1738 5405 2064 5462 afferunt?Si
2097 5416 2276 5463 autem

695 5488 1027 5553 desertoi-um
1056 5507 1112 5551 et
1138 5499 1396 5552 montium
1443 5507 1619 5553 tantus
1639 5507 1722 5553 est
1749 5513 1900 5563 usus,
1935 5508 2186 5571 tantaque
2209 5514 2275 5555 ex

697 5591 777 5645 eis
806 5590 1063 5645 bonorum
1088 5600 1174 5645 est
1213 5573 1366 5661 copia
1399 5608 1413 5644 :
1443 5591 1489 5646 si
1519 5591 1586 5645 ad
1616 5600 1813 5646 terram
1853 5591 2064 5647 veneris
2100 5592 2276 5648 arabi-

697 5680 826 5745 lem,
854 5689 910 5735 et
934 5682 1153 5751 supinos
1195 5696 1436 5751 campos,
1478 5682 1757 5737 considera
1800 5693 2028 5753 quantos
2073 5683 2277 5742 videbis

695 5768 874 5827 fontes
917 5772 1300 5830 narrationum.
1340 5772 1490 5832 Sicut
1531 5772 1675 5831 enim
1715 5774 1771 5830 in
1818 5782 2001 5832 nostro
2045 5789 2273 5848 corpore

1376 370 1435 427 8.
1472 366 1748 427 JOANNIS
1783 360 2259 423 (ιιιιιῖεοετοιιι
2296 358 2617 419 ΔΒΕΙΙΙΕΡ.
2654 361 3190 425 ωΝετΑιπιΝορ.

3843 368 3950 429 123

2363 470 2478 527 hac
2506 472 2721 543 quidem
2747 483 2873 531 sunt
2895 489 3039 543 ossa,
3056 476 3146 532 illa
3170 490 3299 533 vero
3324 478 3608 536 nervi.th
3632 492 3808 539 autem
3826 496 3950 537 ear-

2360 576 2456 619 ncs
2485 581 2499 617 :
2530 565 2602 620 ita
2630 566 2789 621 etiam
2816 567 2869 621 in
2891 575 3054 633 terra,
3071 568 3172 623 alia
3196 569 3410 639 quidem
3435 580 3560 627 sunt
3584 582 3811 638 utentes,
3842 572 3953 629 alia

2359 654 2663 725 voragines,
2691 656 2794 712 alia
2816 656 3027 728 pinguia
3063 658 3265 729 predia
3293 678 3309 717 ;
3336 670 3461 716 sunt
3486 661 3601 718 hac
3624 672 3803 718 autem
3822 680 3915 719 om
3933 696 3952 705 -

2361 742 2447 796 nia
2476 744 2642 798 utilia.
2673 744 2777 800 Sed
2805 746 2929 816 quid
2957 745 3078 802 dico
3102 756 3319 815 terram,
3340 765 3460 819 quae
3490 760 3693 806 tantum
3720 760 3800 807 est
3828 752 3949 808 cleo

2361 839 2641 892 mentum?
2659 838 2713 893 Si
2732 838 2887 897 unius
2909 840 3118 895 arboris
3138 840 3270 896 velis
3295 841 3474 898 dicere
3500 841 3742 914 ﬁguram,
3766 859 3953 910 usum,

2360 925 2613 996 fructum,
2646 928 2790 994 folia.
2829 940 3055 1003 tempus,
3081 933 3183 989 alia
3228 934 3424 999 omnia,
3456 950 3701 1007 magnam
3745 935 3955 992 videbis

2360 1022 2610 1077 narrandi
2656 1023 2973 1090 materiam;
3016 1024 3143 1081 item
3178 1026 3225 1080 si
3262 1028 3522 1082 montium
3563 1030 3747 1094 situm,
3774 1030 3816 1084 si
3847 1027 3957 1083 alia

2361 1113 2540 1168 omnia
2570 1131 2585 1168 :
2614 1114 2659 1169 si
2688 1124 2865 1169 autem
2895 1114 3038 1172 hunc
3067 1118 3237 1186 ipsum
3266 1117 3537 1174 hominem
3562 1120 3803 1176 oratione
3829 1135 3954 1191 pcr-

2362 1202 2624 1273 sequaris,
2651 1212 2707 1258 et
2727 1204 2896 1274 ipsius
2923 1209 3165 1277 corporis
3189 1207 3583 1274 lormationem,
3612 1209 3739 1265 hinc
3763 1225 3961 1267 rursus

2364 1292 2605 1351 invenies
2633 1296 2950 1352 immensum
2980 1299 3197 1369 pelagus
3218 1303 3603 1358 narrationum.
3631 1301 3689 1358 in
3712 1302 3795 1359 his
3819 1319 3963 1375 ergo

2362 1400 2657 1452 versemur,
2680 1388 2802 1445 hinc
2842 1391 2945 1446 erit
2975 1392 3131 1447 nobis
3173 1394 3416 1464 voluptas
3447 1395 3698 1458 maxima,
3724 1395 3849 1451 hinc
3871 1395 3964 1451 ln-

2363 1492 2546 1543 crum,
2594 1478 2718 1534 hinc
2768 1480 3051 1538 ineﬂ'abilis
3090 1483 3445 1554 philosophia.
3496 1485 3609 1552 Qua
3648 1486 3808 1542 dere
3852 1485 3966 1542 hoc

2363 1568 2691 1637 significans,
2718 1571 3007 1645 subjunxit
3035 1616 3051 1641 ,
3080 1575 3135 1629 5.
3170 1575 3405 1631 Ltetabor
3427 1586 3473 1632 et
3513 1578 3772 1632 multabo
3804 1578 3861 1631 in
3885 1587 3958 1633 te.

2365 1659 2513 1714 Alius
2546 1678 2560 1714 :
2590 1660 2657 1714 Et
2682 1663 2910 1731 gaudebo
2934 1664 3035 1732 (ιι).
3061 1664 3293 1720 Psallam
3321 1667 3515 1721 nomini
3537 1678 3645 1735 tua,
3676 1668 3958 1724 Altinius.

2364 1749 2533 1815 Alius,
2569 1750 2762 1806 Canam
2811 1771 2991 1809 nomen
3034 1767 3195 1810 tuum.
3220 1757 3335 1811 Non
3367 1769 3444 1813 est
3479 1754 3581 1813 [ioc
3608 1774 3829 1829 parvum
3853 1775 3963 1831 ge-

2364 1856 2467 1895 nus
2508 1840 2882 1913 philosophiae,
2915 1844 3085 1900 laetari
3114 1848 3164 1901 in
3192 1847 3321 1902 Deo.
3351 1848 3452 1916 Qui
3478 1849 3621 1904 enim
3658 1851 3711 1904 in
3742 1850 3875 1917 Deo,
3899 1860 3965 1907 ut

2366 1940 2600 2001 oportet,
2629 1932 2858 1997 laetatur,
2883 1950 3097 1991 omnem
3126 1939 3436 1994 stecularem
3464 1941 3689 2009 expellit
3708 1943 3971 2011 voluptas.-

2366 2031 2491 2078 tem.
2522 2022 2658 2090 Quid
2701 2034 2785 2080 est
2806 2036 3008 2093 autem,
3040 2026 3275 2083 Lit-tuber
3298 2032 3351 2083 in
3384 2032 3467 2085 te?
3495 2033 3630 2086 Cum
3659 2033 3839 2099 talem,
3868 2036 3962 2089 in-

2364 2115 2497 2183 quit,
2527 2114 2752 2171 habeam
2798 2116 3101 2185 Dominum,
3132 2119 3236 2176 hoc
3265 2131 3347 2177 cst
3388 2123 3518 2177 mibi
3560 2124 3824 2193 voluptas,
3852 2123 3964 2181 hoc

2364 2219 2445 2261 est
2475 2207 2780 2262 exsultatio.
2821 2207 2876 2264 Si
2897 2210 3018 2279 quis
3058 2210 3193 2267 hanc
3219 2214 3367 2267 novit
3396 2215 3465 2267 ita
3498 2224 3556 2267 ut
3586 2230 3745 2271 ιιοεδθ
3791 2231 3959 2286 opor-

2367 2306 2462 2363 tet,
2493 2314 2599 2353 nou
2622 2299 2787 2355 sentit
2824 2301 2982 2356 aliam
3018 2302 3363 2373 voluptatem.
3394 2305 3509 2361 Hoc
3537 2308 3680 2361 enim
3706 2317 3790 2362 est
3832 2321 3936 2377 pro

2366 2392 2483 2462 prie
2519 2392 2930 2463 voluptas:alia
2972 2410 3103 2451 vero
3129 2398 3306 2451 omnia
3356 2398 3467 2452 sola
3496 2409 3622 2453 sunt.
3665 2399 3959 2470 voluptatis

2366 2487 2603 2553 nomina,
2635 2502 2696 2542 re
2716 2488 2829 2556 ipsa
2869 2486 3180 2543 destituta‘.
3210 2490 3333 2545 llzec
3354 2491 3635 2546 sublimem
3681 2492 3958 2548 hominem

2364 2578 2561 2642 ellicit;
2600 2576 2716 2633 hac
2758 2577 2990 2632 animam
3036 2579 3281 2634 liberata
3312 2596 3569 2651 corpore;
3614 2583 3728 2638 hmc
3764 2582 3956 2651 ellicit,

2366 2678 2423 2723 ut
2447 2668 2512 2722 ad
2533 2668 2720 2723 ca-lum
2758 2670 2990 2739 aspirct;
3021 2669 3137 2724 hare
3185 2673 3432 2739 terrenis,
3463 2683 3518 2728 et
3542 2672 3607 2728 iis
3637 2689 3755 2743 quae
3783 2673 3848 2728 ad
3876 2676 3961 2729 vi-

2363 2766 2509 2813 ctum
2536 2760 2805 2828 pertinent
2833 2760 3076 2816 altiorem
3116 2761 3426 2828 constituit;
3458 2762 3573 2818 haec
3598 2779 3628 2817 a
3657 2764 3798 2820 vitiis
3818 2764 3960 2821 libe-

2364 2860 2447 2906 rat
2479 2870 2492 2905 :
2515 2863 2569 2907 et
2596 2853 2807 2907 merito.
2824 2852 2880 2908 Si
2906 2854 3048 2909 enim
3066 2856 3154 2925 qui
3180 2854 3397 2910 oulchra
3417 2871 3479 2909 ac
3496 2857 3749 2927 praeclara
3772 2867 3960 2913 amant

2363 2943 2753 3012 corpora,nihil
2776 2958 2960 2999 eorum
2977 2947 3367 3016 sentiunt,qua-.
3382 2946 3448 3001 ad
3477 2950 3637 3002 vitam
3667 2949 3957 3017 pertinent,

2365 3035 2457 3089 sed
2489 3037 2540 3088 in
2572 3051 2679 3089 uno
2705 3036 2823 3091 solo
2844 3038 3032 3092 amica:
3056 3050 3276 3106 aspectu
3316 3051 3599 3095 versantur
3630 3059 3645 3095 :
3672 3042 3761 3111 qui
3787 3041 3958 3097 Deum

2364 3137 2505 3181 amat
2535 3136 2593 3181 ut
2615 3136 2848 3197 oportet,
2874 3127 3125 3198 quidnam
3148 3129 3401 3201 deinceps
3437 3132 3517 3186 vel
3548 3129 3670 3185 ιιόηί
3702 3132 3785 3187 vel
3826 3132 3957 3188 mali

2365 3219 2564 3272 sentiet
2603 3233 2811 3283 eorum,
2844 3235 2961 3288 quae
2989 3227 3115 3273 sunt
3145 3220 3195 3274 in
3224 3220 3365 3275 vita?
3386 3221 3561 3287 Nihil;
3588 3222 3682 3277 sed
3709 3223 3811 3276 erit
3831 3238 3957 3277 om-

2368 3310 2525 3365 nibus
2554 3313 2816 3380 superior,
2847 3312 3231 3367 immortalium
3251 3314 3523 3384 voluptate
3548 3314 3814 3384 perfusus,
3831 3330 3959 3371 omni

2369 3402 2489 3456 talis
2512 3404 2583 3457 sit
2612 3404 2679 3469 is,
2707 3404 2794 3472 qui
2820 3403 2887 3457 ab
2904 3404 2981 3459 eis
3000 3413 3228 3459 amatur.
3247 3404 3347 3471 Qui
3368 3407 3511 3460 enim
3533 3417 3710 3462 autaut
3730 3407 3960 3473 alia,vel

2368 3491 2518 3547 inviti
2559 3493 2667 3548 cito
2706 3493 3054 3548 traducuntur
3074 3494 3139 3547 ad
3168 3494 3512 3563 oblivionem,
3543 3512 3664 3552 cum
3690 3498 3962 3557 intereant

2368 3594 2421 3639 et
2443 3583 2759 3641 ﬂaccescant
2793 3601 2913 3655 quin
2954 3597 3201 3641 amantur
3229 3604 3243 3640 :
3273 3586 3359 3641 hic
3403 3603 3557 3642 amor
3582 3599 3665 3643 cst
3694 3588 3959 3659 inﬁnitus,

2369 3676 2460 3746 qui
2490 3692 2597 3731 non
2627 3686 2804 3745 potest
2830 3677 3098 3742 desinere,
3127 3678 3217 3745 qui
3246 3689 3302 3734 et
3327 3679 3582 3749 majorem
3606 3679 3765 3737 habet
3791 3680 3952 3736 vuln—

2371 3777 2593 3837 ptatem,
2626 3777 2679 3823 et
2704 3769 2819 3838 plus
2844 3769 2975 3823 lucri
3007 3787 3019 3822 :
3049 3780 3101 3825 et
3129 3769 3232 3824 hoc
3268 3770 3387 3839 ipso
3411 3781 3679 3827 ama‘utem
3724 3772 3960 3828 delectat

2371 3869 2425 3914 et
2448 3869 2674 3926 recreat,
2697 3860 2838 3930 quod
2858 3870 3149 3930 numquam
3168 3861 3497 3918 dissolvitur.
3519 3862 3745 3918 Psallam
3765 3865 3964 3921 nomini

2371 3939 2479 4017 tuo,
2508 3954 2778 4009 Altissime.
2805 3952 2916 4008 lloc
2939 3955 3077 4009 solet
3098 3953 3329 4009 maxime
3359 3953 3476 4010 ﬁeri
3504 3954 3574 4010 ab
3603 3963 3835 4053 amante.
3854 3954 3964 4025 Qui

2370 4047 2514 4100 enim
2557 4054 2761 4111 amant,
2792 4056 2991 4113 canunt
3020 4046 3073 4100 in
3099 4060 3193 4100 eos
3218 4061 3354 4116 quos
3374 4056 3558 4100 amant
3583 4046 3821 4113 cantica;
3854 4050 3962 4105 etsi

2372 4136 2491 4190 illos
2513 4149 2617 4189 non
2646 4137 2878 4201 videant,
2898 4149 2997 4204 per
3038 4134 3302 4189 canticum
3345 4124 3552 4205 seipsos
3588 4137 3960 4194 consolantur.

2372 4226 2448 4282 Ita
2470 4230 2631 4282 etiam
2670 4225 2796 4281 facit
2843 4225 3101 4296 pr0pheta
3130 4244 3143 4281 :
3171 4228 3422 4298 quoniam
3453 4228 3593 4283 Deus
3632 4228 3804 4285 videri
3849 4217 3962 4286 non

2373 4324 2567 4387 potest,
2596 4316 2722 4371 facit
2749 4317 2802 4371 in
2829 4318 3001 4386 ipsum
3048 4317 3274 4382 cantica,
3308 4332 3403 4387 per
3443 4328 3635 4373 cantus
3673 4334 3796 4375 cum
3840 4319 3964 4391 ipso

2370 4408 2743 4479 congrediens,
2783 4407 3108 4463 desiderium
3151 4408 3473 4476 accendens,
3511 4418 3562 4464 et
3592 4410 3766 4480 ipsum
3794 4426 3855 4466 se
3875 4410 3963 4467 vi-

2372 4501 2503 4557 dere
2524 4500 2877 4556 existimans:
2903 4500 2983 4555 vel
3026 4501 3203 4570 potius
3239 4511 3399 4555 cantu
3429 4511 3484 4556 et
3510 4501 3722 4572 hymnis
3766 4502 3965 4560 multo-

2373 4610 2492 4651 rum
2514 4593 2807 4671 inﬂammat
2844 4592 3197 4649 desiderium.
3217 4591 3672 4659 Quemadmodum
3701 4596 3846 4652 enim
3868 4596 3965 4666 qui

2374 4693 2575 4749 amant,
2594 4698 2781 4741 eorum
2804 4697 2939 4754 quos
2962 4690 3147 4760 amant
3169 4682 3441 4739 celebrant
3463 4684 3726 4749 encomia,
3745 4694 3800 4741 et
3819 4684 3966 4755 ipso-

2375 4792 2496 4832 rum
2529 4777 2747 4835 nomina
2788 4773 3303 4831 circmnl'eruntzita
3346 4776 3433 4831 hic
3475 4776 3661 4842 etiam,
3704 4775 3963 4846 Psallam,

2380 4871 2570 4941 inquit,
2601 4870 2793 4925 nomini
2822 4879 2929 4935 tuo,
2961 4868 3232 4924 Altissime.

2447 4962 2503 5019 5.
2537 4961 2669 5017 Vide
2688 4961 2957 5031 quomodo
2996 4961 3227 5035 seipsum
3247 4976 3279 5017 e
3305 4964 3443 5017 terra
3468 4963 3716 5029 erexerit,
3732 4972 3789 5020 et
3810 4978 3966 5023 suam

2380 5064 2545 5109 totam
2568 5053 2636 5107 ad
2662 5052 2807 5107 illam
2851 5051 3136 5106 essentiam
3166 5053 3443 5118 extulerit,
3469 5054 3705 5124 seipsum
3735 5055 3845 5110 Deo
3868 5054 3965 5112 de-

2378 5147 2584 5202 dicans.
2611 5146 2677 5199 Et
2701 5142 2822 5198 ideo
2839 5152 3016 5197 versat
3042 5144 3159 5213 ejus
3184 5158 3377 5199 nomen
3395 5146 3637 5202 assidue:
3661 5147 3707 5203 is
3722 5156 3803 5203 est
3821 5148 3967 5205 enim

2381 5251 2499 5292 mos
2544 5234 2794 5290 amantis.
2819 5234 2873 5287 4,
2902 5234 3027 5287 Cum
3061 5251 3328 5289 convenas
3371 5238 3523 5307 fuerit
3558 5238 3796 5293 inimicus
3826 5254 3966 5295 tum

2380 5336 2674 5391 retrorsum,
2703 5324 3110 5392 inﬁrmabuntur,
3131 5336 3179 5380 et
3195 5327 3428 5397 peribunt
3466 5328 3650 5397 afacie
3672 5338 3779 5385 tua.
3792 5329 3966 5396 Alius,

2381 5416 2642 5475 Conversis
2662 5416 2879 5469 inimicis
2908 5416 3027 5470 meis
3053 5426 3208 5472 retro.
3235 5433 3295 5471 ac
3318 5418 3507 5473 collisis
3530 5431 3680 5491 atque
3700 5420 3910 5492 perditis
3934 5437 3966 5478 ι

2394 5617 2399 5623 .
2447 5579 2464 5611 ι
2499 5585 2581 5628 Hae
2602 5580 2769 5632 voces.
2793 5589 2849 5627 re
2863 5573 2970 5640 ἱρέα
2991 5572 3236 5633 destituta,
3259 5572 3441 5625 desunt
3460 5574 3511 5624 in
3530 5571 3665 5624 Colh.

2444 5664 2524 5738 ίαι.
2558 5664 2675 5715 Haec
2716 5660 2890 5738 ιεξειίίι.
2911 5663 3046 5738 if";
3086 5660 3313 5738 unum.
3338 5664 3434 5738 ιςαι
3477 5664 3758 5738 mea?)
3805 5664 3968 5738 tenve

2379 5724 2574 5790 Aquilae
2604 5738 2717 5777 esse
2757 5727 2807 5775 lu
2857 5724 2985 5790 ﬁdit;
3016 5724 3191 5782 Savil..
3224 5728 3326 5790 sed;
3361 5724 3645 5790 Aquilae'et
3681 5724 3965 5789 Symmachi

2377 5786 2693 5853 in'Hexaplis
2716 5786 2933 5839 nostris:
2959 5799 3180 5852 sequens
3200 5794 3282 5839 est
3302 5786 3601 5851 Syminachi.
