4154 6416
654 368 757 423 123

651 484 874 544 ὀπίσω,
909 480 1320 545 ἀσθενήσουσι
1344 518 1359 541 ,
1389 480 1486 533 καί
1520 480 1888 535 ἀπολοῦνται
1934 478 2052 533 ἀπὸ
2080 495 2223 545 προ·

650 565 861 620 σώπου
896 582 1034 619 σου.
1067 563 1257 626 ’Δλλος
1277 603 1291 623 ,
1331 562 1817 631 Ἀνατραπέντων
1846 562 1963 615 τῶν
1997 560 2225 630 ἐχθρῶν

648 667 769 719 μου
819 649 1012 702 ὀπίσω
1031 687 1046 710 ,
1081 644 1560 715 προσκοψάντων
1602 648 1699 700 καί
1738 644 2128 714 ἀπολομένων
2153 644 2222 696 ἐκ

652 730 977 798 προσώπου
1007 744 1142 783 σου.
1178 729 1287 782 Καὶ
1313 727 1471 781 τοῦτο
1499 728 1730 799 μάλιστα
1764 726 2039 797 φιλοῦντος
2084 730 2220 788 ἐστι,

600 859 608 866 .
652 821 717 872 16
750 817 848 880 1&;
872 815 1184 886 εὐεργεσίας
1229 814 1408 882 λέγειν
1435 815 1523 868 διὰ
1551 816 1751 877 παντὸς
1770 855 1784 874 ,
1828 815 1924 867 καὶ
1950 813 2223 881 ἐγκαλλω-

654 899 902 965 πίζεσθαι
930 898 1153 961 ταύταις
1174 916 1187 929 ·
1218 897 1327 951 ἀπό
1353 914 1411 951 τε
1436 897 1543 968 7&9
1570 895 1790 968 φίλτρου
1817 896 1977 951 τοῦτο
1992 897 2220 965 γίνεται,

653 980 748 1035 καὶ
790 968 921 1035 αὐτο
954 982 1115 1034 πάλιν
1148 980 1372 1033 ἀνάπτει
1418 978 1479 1032 16
1511 980 1749 1050 φίλτρον.
1784 981 1896 1034 Οὐκ
1941 979 2009 1033 ἀν
2055 979 2112 1032 δέ
2140 997 2224 1044 τις

654 1065 889 1134 ἁμάρτοι
940 1062 1107 1117 εἰπὼν
1151 1064 1245 1115 καὶ
1287 1064 1506 1131 νοητοὺς
1536 1062 1764 1133 ἐχθροὺς
1803 1061 2033 1116 ἐνταῦθα
2061 1062 2224 1115 αὐτὸν

653 1146 851 1216 λέγειν.
895 1145 1345 1215 ’Δποστρέφονται
1386 1144 1495 1216 γὰρ
1545 1146 1639 1199 καὶ
1680 1139 1859 1208 0610:,
1892 1146 2020 1198 ὅταν
2046 1144 2223 1215 ψυχήν

653 1228 908 1296 γενναίαν
953 1227 1173 1297 εῦρωσι.
1200 1227 1462 1299 Καθάπερ
1504 1228 1611 1298 7&9
1654 1229 1733 1289 εἰς
1761 1227 1961 1282 ἀσπίδα
1985 1227 2224 1298 ἐμπεσὸν

651 1312 779 1382 δόρυ
800 1352 815 1373 ,
852 1308 1095 1380 μαλακὴν
1117 1310 1213 1380 μὲν
1247 1305 1411 1363 οὖσαν
1437 1308 1710 1379 διατέμνει
1734 1348 1748 1372 ,
1774 1308 2013 1379 σκληρὰν
2040 1308 2098 1363 δὲ
2130 1309 2223 1362 καὶ

654 1392 944 1446 ἀντίτυπον
970 1391 1119 1444 οὐδὲν
1172 1390 1462 1460 ἐργάζεται
1485 1431 1499 1454 ,
1542 1389 1675 1444 ἀλλά
1722 1392 1820 1460 τῆς
1855 1391 2057 1461 αἰχμῆς
2096 1391 2226 1443 ἀνα-

654 1474 998 1544 καμφθείσης
1048 1472 1299 1525 ἐκπίπτει
1326 1489 1339 1503 ο
1368 1470 1510 1525 οὕτω
1557 1473 1623 1539 δή
1663 1472 1757 1525 καὶ
1788 1475 1881 1526 ἐπὶ
1908 1474 2005 1543 τῆς
2046 1472 2223 1541 ψυχῆς

654 1555 957 1627 συμϐαίνει.
991 1555 1089 1607 ’Δν
1122 1556 1218 1625 μὲν
1246 1554 1353 1627 7&9
1384 1554 1628 1625 μαλακὴν
1658 1554 1793 1627 εὕρῃ
1821 1557 1913 1607 καὶ
1938 1553 2132 1624 χαῦνον
2157 1554 2223 1607 τά

651 1640 805 1712 παρά
842 1639 935 1693 τοῦ
969 1638 1214 1693 διαϐόλου
1262 1640 1588 1709 πεμπόμενα
1624 1638 1751 1709 βέλη
1778 1677 1793 1699 ,
1827 1638 2097 1692 διαδύεται
2146 1640 2225 1702 εἰς

649 1723 713 1776 16
743 1722 932 1793 βάθος’
968 1722 1063 1775 ἐὰν
1100 1721 1157 1775 δέ
1179 1721 1429 1793 ,σκληρὰν
1455 1721 1546 1774 καὶ
1577 1721 1947 1792 ἰσχυροτέραν,
1984 1721 2142 1783 αὐτός
2165 1737 2225 1773 τε

652 1808 931 1876 ἄπρακτος
962 1805 1178 1866 ἀπεισι,
1217 1804 1311 1857 καὶ
1356 1805 1436 1867 εἰς
1490 1803 1692 1871 ταύτην
1733 1803 1883 1857 οὐδὲν
1935 1804 2226 1873 εἰργάσατο

652 1889 822 1942 δεινόν
845 1905 860 1919 ·
894 1889 988 1941 καὶ
1020 1886 1114 1940 δύο
1143 1886 1347 1952 γίνεται
1380 1885 1579 1957 κέρδη,
1612 1886 1809 1955 μᾶλλον
1845 1885 1903 1939 δὲ
1936 1887 2029 1938 καὶ
2055 1886 2182 1956 τρία
2206 1902 2221 1917 ⁸

653 1972 824 2041 αὐτήν
872 1987 932 2022 τε
962 1969 1071 2038 7&9
1100 1968 1250 2021 οὐδὲν
1277 1966 1528 2040 εϐλαψεν,
1558 1966 1673 2039 [97]
1714 1965 1849 2020 ἀλλὰ
1887 1968 1981 2019 καὶ
2009 1968 2224 2038 ἰσχυρο-

654 2053 817 2121 τέραν
838 2052 1087 2121 ἐποίησεν
1108 2090 1123 2115 ,
1155 2048 1316 2113 αὐτός
1347 2065 1407 2101 τε
1433 2048 1819 2119 ἀσθενέστερος
1856 2048 2103 2102 ἐντεῦθεν
2131 2048 2225 2116 γέ-

655 2151 797 2202 γονε.
822 2133 1016 2186 Σκόπει
1041 2132 1098 2185 δὲ
1122 2131 1240 2194 πῶς
1267 2130 1626 2200 ἀνακηρύττει
1653 2130 1746 2183 τοῦ
1766 2129 1900 2184 Θεοῦ
1919 2130 2018 2200 τὴν
2051 2131 2221 2200 ἰσχύν.

670 2216 1119 2281 Ἀσθενήσουσι.
1149 2215 1303 2283 φησί,
1326 2212 1423 2267 καί
1463 2211 1833 2268 ἀπολοῦνται
1885 2214 2006 2267 ἀπὸ
2036 2228 2225 2281 προσ-

655 2302 823 2355 ώπου
844 2315 982 2355 σου.
1000 2299 1167 2353 Πάλιν
1187 2299 1474 2369 πρόσωπον
1488 2297 1719 2361 ἀκούων,
1741 2297 1903 2367 μηδὲν
1920 2297 2227 2367 σωματικὸν

622 2418 628 2429 ι
658 2382 1022 2456 ὑποπτεύσῃς.
1070 2380 1333 2437 Ἐνταῦθα
1360 2380 1467 2452 7&9
1495 2380 1593 2451 τὴν
1643 2380 1920 2451 ἐνέργειαν
1942 2422 1957 2443 ,
1986 2382 2087 2450 τήν
2111 2382 2229 2433 ἑπι-

657 2472 884 2538 φάνειαν
908 2468 1073 2522 αὐτοῦ
1095 2467 1262 2537 δηλοῖ,
1292 2467 1391 2538 τὴν
1411 2466 1660 2521 εὐκολίαν
1691 2466 1854 2520 αὐτοῦ
1888 2466 1986 2535 τῆς
2026 2466 2225 2537 ἰσχύος.

669 2552 759 2615 Ὠς
781 2550 1013 2621 ἀλλαχοῦ
1047 2567 1209 2621 φησιν
1228 2566 1242 2581 ο
1285 2550 1338 2603 Ὀ
1368 2548 1703 2603 ἐπιϐλέπων
1720 2548 1817 2603 ἐπὶ
1842 2549 1957 2615 τὴν
1982 2548 2115 2619 γῆν,
2133 2550 2229 2603 καί

659 2632 849 2687 ,ποιῶν
867 2632 1061 2693 αὐτὴν
1086 2632 1321 2701 τρέμειν
1336 2648 1350 2662 ·
1383 2631 1525 2685 οὕτω
1550 2631 1615 2702 δή
1638 2633 1733 2687 καὶ
1756 2632 1989 2685 ἐνταῦθα
2018 2632 2080 2684 τὸ
2100 2633 2230 2686 αὐτό

659 2733 848 2789 φησιν.
884 2716 1069 2787 ’Λρκεί
1100 2715 1208 2785 7&9
1241 2713 1376 2784 μόνη
1426 2716 1459 2784 ή
1514 2714 1777 2767 ἐποπτεία
1810 2713 2071 2767 ἀπολέσαι
2104 2716 2229 2777 τοὺς

660 2798 949 2869 πονηρούς.
987 2797 1049 2851 Εἰ
1092 2797 1200 2868 γάρ
1234 2796 1403 2864 άγίων
1436 2796 1707 2866 παρουσία
1735 2795 1935 2866 ἀσθενῆ
1964 2797 2230 2867 δαιμόνων

659 2883 804 2936 ποιεί
832 2879 929 2951 τήν
963 2880 1112 2950 ἰσχὺν
1134 2918 1149 2941 ,
1188 2877 1365 2948 πολλῷ
1413 2876 1611 2948 μᾶλλον
1639 2876 1795 2933 Θεοῦ.
1818 2879 1882 2931 Εἰ
1910 2879 1944 2949 ή
1977 2877 2232 2947 ἀστραπὴ

661 2964 821 3020 αὐτοῦ
854 2964 1151 3034 φαινομένη
1178 2961 1548 3031 καταπλήττει
1580 2959 1788 3025 πάντας
1806 3001 1821 3025 ,
1851 2962 2102 3031 ἐννόησον
2134 2962 2234 3031 τὴν

660 3047 887 3117 δύναμιν
936 3045 1034 3116 τὴν
1083 3043 1385 3115 ἀνώλεθρον
1419 3042 1653 3113 ἐκείνην,
1690 3042 1808 3107 πῶς
1842 3044 2229 3114 καταπλήττει,

662 3129 780 3193 πῶς
816 3127 1077 3183 ἀπόλλυσι
1114 3128 1239 3187 τοὺς
1289 3123 1552 3195 πονηρούς
1578 3137 1624 3177 ι.
1657 3121 1809 3188 Εἶδες
1842 3124 2024 3196 ὓμνων
2060 3120 2231 3191 εἰδοςς

661 3209 801 3274 εἶδες
825 3210 1131 3276 δοξολογίας
1166 3208 1384 3278 τρόπον,
1411 3205 1505 3259 καὶ
1532 3205 1648 3270 πῶς
1676 3209 1803 3277 περὶ
1828 3207 1927 3277 τῆς
1954 3206 2235 3277 δυνάμεως

663 3290 828 3349 αὐτοῦ
857 3293 1119 3361 διηγεῖται
1139 3306 1154 3355 ;
1177 3290 1250 3345 Οὐ
1283 3289 1474 3359 μικρὸν
1501 3288 1793 3343 κάντεῦθεν
1820 3288 2061 3342 παιδεύει
2087 3289 2237 3357 φιλο-

665 3376 856 3443 σοφίας
883 3374 1059 3444 δόγμα
1079 3411 1095 3433 ,
1126 3370 1203 3443 τῷ
1225 3374 1452 3444 εἰπεῖν,
1484 3370 1665 3425 Ψαλῶ
1700 3370 1782 3437 τῷ
1810 3371 2054 3441 ὅνόματι
2096 3388 2233 3435 σου,

665 3442 931 3527 ’ἴψιστα
950 3442 1051 3524 Ἐν
1070 3454 1149 3521 τῷ
1172 3442 1634 3524 ἀετοστραφῆναι
1658 3456 1766 3508 τὸν
1786 3456 2003 3525 ἐχθρόν
2017 3473 2136 3525 μου
2149 3458 2233 3521 εἰς

663 3542 737 3595 τὰ
763 3541 972 3594 ὀπίσω.
999 3539 1155 3591 Ποῖον
1181 3537 1245 3608 δὴ
1273 3536 1456 3601 τοῦτο;
1481 3538 1599 3591 ’Ότι
1624 3540 1685 3591 οὐ
1708 3538 1868 3608 μόνον
1896 3540 1954 3591 ἐν
1980 3540 2099 3603 ταῖς
2125 3536 2237 3591 θλί-

661 3622 818 3694 ψεσιν
842 3664 857 3688 ,
885 3620 1018 3674 ἀλλὰ
1046 3620 1141 3673 καὶ
1171 3619 1229 3672 ἐν
1258 3621 1376 3683 ταῖς
1412 3619 1663 3673 άνέσεσιν
1697 3620 1881 3691 ἔνηφε.
1914 3620 2104 3674 Πολλοὶ
2137 3620 2237 3691 μὲν

662 3704 772 3776 γὰρ
793 3703 898 3756 ὑπὸ
915 3705 1022 3755 τῶν
1050 3701 1233 3755 κακῶν
1262 3702 1695 3773 ταπεινούμενοι,
1727 3702 2129 3775 σπουδαιότεροι
2161 3703 2238 3771 γί-

664 3806 845 3843 νονται
866 3806 879 3819 ο
911 3788 1015 3841 ὑπὸ
1044 3788 1101 3841 δὲ
1121 3787 1228 3840 τῶν
1264 3787 1504 3854 ἀγαθῶν,
1542 3788 1895 3859 ῥᾳθυμότεροι
1928 3789 2023 3843 καὶ
2050 3790 2239 3859 χαυνό-

663 3892 846 3948 τεροι·
880 3875 910 3928 6
955 3876 1084 3943 περὶ
1134 3874 1244 3929 τῶν
1287 3876 1555 3930 Ἰουδαίων
1603 3876 1807 3948 προῖὼν
1836 3877 2014 3945 λέγει·
2062 3880 2239 3931 Ὅταν

664 3958 1015 4014 ἀπέκτεινεν
1048 3957 1303 4023 αὐτοὺς,
1344 3957 1476 4012 τότε
1506 3957 1825 4023 ἐξεζῆτουν
1849 3962 2056 4015 αὐτόν.
2096 3959 2236 4013 Ἀλλ’

664 4042 765 4112 οὐχ
806 4034 961 4103 οὗτος
988 4039 1256 4102 τοιοῦτος’
1299 4040 1433 4094 άλλά
1475 4043 1574 4095 καὶ
1602 4044 1659 4096 ἐν
1706 4043 2025 4113 εὐημερίαις
2054 4045 2234 4113 νήφει,

665 4125 760 4177 καὶ
790 4122 1150 4194 διεγήγερται.
1178 4122 1253 4175 Οὐ
1287 4124 1481 4194 μικρὸν
1512 4126 1592 4187 εἰς
1629 4125 1943 4194 φιλοσοφίαν
1978 4126 2035 4179 δὲ
2058 4126 2231 4179 τοῦτο.

668 4210 796 4258 '01:
821 4205 1117 4271 ἐποίησας
1139 4203 1254 4272 τὴν
1274 4206 1478 4273 κρίσιν
1500 4224 1619 4276 μου
1649 4208 1744 4260 καί
1768 4209 1881 4276 τὴν
1901 4208 2080 4277 δίκην
2093 4226 2231 4278 μοις.

670 4286 897 4349 Ἀλλος,
943 4286 1398 4354 Ὑπερεδικασάς
1425 4306 1544 4356 μου
1570 4289 1618 4343 δ.
1658 4288 1963 4356 Ἐκάθισας
1984 4291 2082 4344 ἐπὶ
2112 4293 2239 4359 θρό-

668 4386 781 4423 νον
822 4372 855 4423 ό
882 4370 1105 4436 κρίνων
1135 4368 1546 4437 δικαιοσύνην.
1590 4372 1982 4440 Ἐπετίμησας
2010 4373 2231 4437 ἔθνεσι,

668 4452 767 4507 καί
786 4451 1058 4506 ἀπώλετο
1112 4454 1145 4505 ό
1190 4452 1433 4519 ἀσεϐής.
1470 4453 1662 4518 Ἀλλος
1686 4493 1702 4519 ,
1762 4456 2113 4521 ’Δπώλεσας.
2166 4458 2235 4511 Τὸ

668 4537 855 4605 ὄνομα
874 4534 1056 4588 αὑτοῦ
1081 4532 1410 4602 ἐξήλειψας
1428 4538 1513 4602 εἰς
1536 4536 1642 4589 τὸν
1665 4536 1851 4591 αἰῶνα
1877 4537 1983 4591 τοῦ
2000 4538 2233 4605 αἰῶνος.

669 4618 811 4687 Ὅρα
842 4616 999 4670 πάλιν
1021 4615 1121 4686 τὴν
1141 4615 1456 4686 φιλοσοφίαν
1480 4617 1575 4670 τοῦ
1605 4618 1796 4691 ἀνδρὸς
1817 4659 1833 4683 ,
1864 4619 1981 4683 πῶς
2006 4622 2106 4673 οὐκ
2140 4623 2236 4674 αὐ-

666 4703 757 4765 τος
781 4700 1043 4769 ἀμύνεται
1065 4700 1192 4761 τοὺς
1224 4699 1451 4770 ἐχθροὺς
1469 4740 1485 4767 ,
1510 4700 1645 4754 ἀλλά
1677 4702 1754 4771 τῷ
1772 4700 1891 4773 Θεῷ
1922 4706 2239 4775 παραχωρεῖ

665 4784 767 4854 τῆς
791 4783 945 4851 δίκης
966 4823 980 4844 ,
1012 4782 1074 4835 16
1120 4782 1471 4837 άποστολικὸν
1496 4784 1679 4855 τηρῶν
1706 4786 2070 4857 παράγγελμα
2087 4803 2099 4816 ·
2137 4786 2234 4854 Μὴ

666 4865 918 4931 ἑαυτοὺς
936 4864 1334 4931 ἐκδικοῦντες.
1354 4867 1427 4919 Οὐ
1454 4867 1611 4921 τοῦτο
1638 4868 1695 4922 δὲ
1722 4870 1881 4939 μόνον
1914 4869 2061 4923 ἐστιν
2088 4870 2235 4935 ἰδεῖν,

667 4948 783 5002 ἀλλ’
810 4949 891 5002 61:
922 4949 1013 5002 καὶ
1037 4948 1237 5012 ἀδίκως
1274 4948 1448 5003 ταῦτα
1475 4949 1727 5019 ἔπασχεν.
1760 4953 1821 5005 Εἰ
1871 4952 1946 5024 μή
1978 4955 2086 5026 7&9
2126 4954 2239 5008 ἀδί-

668 5049 780 5095 κως
820 5030 1053 5101 ἐπασχεν
1081 5072 1095 5096 ,
1130 5031 1229 5085 οὐκ
1258 5032 1324 5086 ἂν
1344 5033 1373 5085 6
1402 5032 1533 5097 Θεὸς
1572 5034 1885 5105 ἐπεξῆλθεν.
1918 5037 2239 5106 Ἐκάθισας

665 5114 765 5168 ἐπί
793 5116 1007 5183 θρόνου
1040 5118 1073 5169 ό
1100 5116 1320 5182 κρίνων
1344 5116 1755 5180 δικαιοσύνην.
1797 5121 2237 5192 ’Δνθρωπινώτε-

669 5214 763 5268 ρον
802 5196 1129 5266 φθέγγεται,
1154 5198 1340 5268 θρόνον
1370 5202 1463 5253 καὶ
1501 5200 1767 5272 καθέδραν
1808 5203 1996 5272 λέγων.
2044 5205 2118 5258 T6
2156 5206 2234 5273 δὲ,

677 5279 742 5334 '0
770 5280 989 5349 κρίνων
1007 5272 1423 5349 δικαιοσῦνην,
1450 5283 1511 5336 τὸ
1562 5283 1787 5353 σύνηθες
1823 5285 1915 5338 τοῦ
1944 5286 2077 5339 Θεοῦ
2100 5328 2115 5353 ,
2145 5289 2239 5341 καὶ

667 5366 940 5436 ἐξαίρετον
966 5364 1133 5419 αὐτοῦ
1155 5366 1256 5435 τῆς
1286 5368 1472 5433 οὐσίας
1497 5370 1676 5439 φησίν.
1712 5372 1832 5425 Ἐπὶ
1865 5373 1962 5443 μὲν
1992 5374 2101 5447 γάρ
2128 5374 2238 5429 τῶν

666 5447 965 5520 ἀνθρώπων
1009 5451 1167 5503 τοῦτο
1210 5450 1311 5504 οὐκ
1365 5450 1509 5506 ἐστιν
1545 5456 1738 5507 εἰπεῖν.
1771 5456 1846 5509 υύ
1881 5457 1988 5532 7&9
2021 5458 2239 5525 πάντως

667 5533 908 5604 κρίνουσι
934 5533 1296 5605 δικαιοσύνην,
1326 5535 1429 5589 κᾶν
1455 5537 1717 5607 μυριάκις
1744 5533 1845 5592 ὦσι
1862 5540 2079 5606 δίκαιοι,
2108 5544 2237 5597 ποτὲ

671 5615 768 5685 μὲν
796 5616 1007 5689 ἀγνοίᾳ,
1044 5617 1173 5670 ποτὲ
1193 5617 1250 5671 δὲ
1277 5618 1517 5690 ῥᾳθυμίᾳ
1548 5621 1868 5688 ἀγνοοῦντες
1892 5625 1952 5678 τὸ
1988 5625 2192 5680 δίκαιον
2218 5643 2233 5659 ·

667 5701 694 5751 6
723 5698 780 5752 δὲ
812 5699 944 5763 Θεὸς
966 5700 1169 5753 τούτων
1198 5701 1453 5756 ἁπάντων
1479 5703 1899 5775 ἀπηλλαγμένος
1916 5749 1930 5772 ,
1957 5711 2049 5763 καὶ
2079 5712 2234 5775 εἰδὼς

726 5832 751 5860 ⁸
777 5830 913 5879 Co").
936 5832 1044 5887 τοὺς
1070 5832 1315 5888 ἐναντιους.

724 5891 890 5970 ἰιιιςνρ
934 5894 1098 5970 ἰοειίο,
1124 5895 1479 5970 ηῦπερεδίπασάς
1525 5916 1631 5960 μου,
1679 5908 1752 5952 es!
1792 5902 2235 5970 Aquilagecqucns

669 5965 828 6003 autem
853 5956 1103 6011 ἀπώλεσας
1124 5957 1417 6017 Symmachi.
1621 5956 1627 5960 ⁷
1786 5970 1796 5978 ·

1322 364 1379 420 S.
1412 364 1694 420 JOANNIS
1726 362 2217 420 CIIRYSOSTOMI
2254 360 2567 418 ARCHIEP.
2608 362 3155 428 CONSTANTINOP.

3793 380 3903 440 1‘20

2332 480 2425 532 καί
2455 480 2772 552 βουλόμενος
2813 481 3025 538 δικαίαν
3068 484 3290 557 ἐκφέρει
3316 486 3415 560 τήν
3441 489 3639 561 ψῆφον.
3671 495 3745 549 T6
3781 493 3902 564 οὖν,

2343 569 2659 635 Ἐκάθισας
2693 570 2791 623 ἐκί
2820 573 3038 639 θρόνου
3056 614 3071 633 ,
3102 574 3353 636 ἐδίκασάς
3379 576 3545 638 ἐστιν,
3582 578 3901 651 ἐπεξῆλθες,

2330 652 2559 721 ήμυνας.
2603 654 3001 723 Ἔπετίμησας
3033 656 3259 717 ἔθνεσι,
3282 657 3379 711 καί
3411 658 3681 717 ἀπώλετο
3708 665 3743 717 ό
3767 663 3907 719 ἀσε-

2331 734 2459 800 ϐής.
2498 736 2660 807 ὐρᾷς
2688 736 2805 800 πιῖις
2839 738 2937 807 οὐχ
2962 737 3141 792 ὃπλων
3171 738 3320 811 αὐτῷ
3354 740 3455 799 δεῖ.
3497 742 3558 795 οὐ
3603 744 3905 816 μαχαίρας,

2330 818 2390 871 οὐ
2420 818 2590 885 τόξων
2613 819 2707 872 καὶ
2733 818 2930 889 βελῶν.
2957 820 3073 875 ἀλλ’
3105 822 3585 895 ἀνθρωπινώτερον
3619 829 3800 882 ἐκεῖνα
3828 830 3911 882 εί-

2334 923 2491 976 ρηται
2510 924 2524 937 ·
2551 907 2713 978 ἀρκεῖ
2729 907 2838 979 γὰρ
2858 908 3184 979 ἐπιτιμῆσαι
3215 909 3294 980 τῷ
3312 910 3453 981 Θεῷ,
3487 914 3580 965 καὶ
3608 911 3908 966 ἀπολέσθαι

2329 994 2456 1057 τοὺς
2488 993 2807 1059 κολάζεσθαι
2836 995 3148 1061 μέλλοντας.
3173 996 3292 1049 ’ἰνα
3318 996 3376 1049 δὲ
3410 998 3587 1069 μάθῃς
3610 997 3777 1052 αὐτοῦ
3803 999 3909 1066 τὴν

2333 1076 2520 1144 ἰσχὺν,
2560 1077 2720 1130 ἀκουε
2753 1078 2847 1131 καὶ
2891 1079 2997 1132 τῶν
3031 1078 3179 1148 ἐξῆς·
3221 1079 3293 1133 Τὸ
3337 1080 3525 1148 ὄνομα
3568 1081 3768 1135 αὐτῶν
3791 1075 3912 1144 ‘65-

2330 1158 2589 1227 ήλειψας
2612 1163 2699 1225 εἰς
2713 1159 2821 1214 τὸν
2837 1160 3044 1224 αἰῶνα.
3066 1165 3162 1215 καί
3188 1164 3276 1228 εἰς
3299 1162 3407 1217 τὸν
3434 1162 3620 1216 αἰῶνα
3647 1164 3754 1218 τοῦ
3769 1162 3912 1219 αἰῶ-

2329 1260 2451 1308 νος.
2476 1242 2807 1313 Προρῥίζους
2838 1244 3127 1309 ἀπώλεσας
3144 1289 3158 1311 ,
3183 1247 3494 1309 ἀνέσπασας
3515 1287 3530 1309 ,
3560 1246 3733 1311 οὕτως
3761 1248 3911 1316 ἠφά-

2331 1342 2482 1389 νισας
2498 1365 2513 1387 ,
2546 1325 2659 1397 [98]
2685 1326 2761 1389 ὡς
2783 1327 2877 1380 καὶ
2905 1326 3002 1397 τὴν
3030 1330 3247 1399 μνήμην
3269 1328 3446 1382 αὐτῶν
3472 1328 3912 1400 παραπολέσθαι.

2336 1408 2447 1462 Τοῦ
2477 1408 2693 1476 ἐχθροῦ
2722 1408 3005 1473 ἐξέλιπον
3031 1412 3091 1463 αἰ
3114 1410 3399 1479 ρομφαῖαι
3434 1414 3523 1476 εἰς
3550 1410 3741 1477 τέλος.
3772 1410 3909 1465 ’Δλ-

2330 1490 2420 1553 λος
2442 1531 2457 1551 .
2498 1490 2573 1545 Τὰ
2602 1491 2848 1558 ἐρείπια.
2891 1491 2949 1545 '0
2981 1490 3036 1544 δὲ
3079 1492 3363 1563 Ἐϐραῖος,
3399 1493 3629 1561 Ἀρϐὡθ.
3674 1493 3915 1548 Κοικό-

2329 1576 2459 1637 λεις
2503 1573 2795 1638 καθεῖλες.
2844 1574 2913 1626 Τί
2960 1575 3075 1627 ἐστι
3109 1574 3300 1636 τοῦτο;
3336 1574 3458 1628 '01:
3508 1574 3607 1637 1&;
3660 1574 3914 1645 μηχανάς

2332 1655 2495 1710 αὐτοῦ
2529 1656 2622 1710 καὶ⁸
2650 1656 2751 1719 τὰς
2782 1657 2979 1727 βουλάς
3007 1657 3290 1722 ἀναλώσας
3309 1698 3324 1718 ,
3355 1660 3539 1727 φησὶν,
3568 1658 3773 1729 ἔρημον
3805 1659 3912 1711 αὐ-

2331 1740 2421 1793 τὸν
2442 1739 2550 1792 τῶν
2568 1739 2783 1793 οἰκείων
2808 1740 2989 1795 ὃπλων
3013 1742 3292 1813 ἐποίησας.
3313 1741 3565 1796 Τοιοῦτον
3583 1743 3691 1813 γάρ
3710 1742 3745 1813 ἡ
3769 1742 3913 1812 ὀργή

2332 1822 2424 1875 τοῦ
2467 1822 2637 1875 Θεοῦ·
2668 1822 2846 1877 πάντα
2891 1824 3143 1890 ἀφανίζει
3185 1826 3281 1878 καὶ
3324 1824 3634 1879 ἀπόλλυσιν.
3668 1825 3738 1877 Ἦ
3772 1825 3914 1891 ὅπερ

2331 1906 2517 1975 ἕτερος
2548 1906 2885 1977 ἑρμηνευτὴς
2907 1906 3147 1960 διδάσκει
3170 1946 3186 1967 .
3220 1908 3473 1976 Ἕρημα,
3505 1907 3695 1961 εἰπών’
3736 1908 3819 1960 61:
3849 1907 3913 1959 ού

2331 1988 2430 2052 τὰς
2457 1988 2640 2051 πόλεις
2662 1988 2839 2041 αὐτῶν
2866 1990 3044 2058 μόνον.
3079 1988 3215 2043 ἀλλά
3246 1990 3341 2042 καὶ
3362 1992 3463 2053 τὰς
3495 1990 3735 2060 ἐρήμους
3764 1988 3915 2057 ἠφά-

2332 2088 2516 2135 νισας,
2550 2073 2646 2126 καὶ
2684 2070 2865 2134 πόλεις
2894 2071 3159 2136 καθεῖλες.
3186 2071 3342 2127 Οὕτω
3360 2072 3468 2143 γάρ
3491 2073 3521 2125 6
3546 2072 3752 2135 δίκαιος
3784 2073 3917 2125 ἐπο-

2333 2155 2488 2223 λέμει
2513 2195 2529 2218 .
2567 2154 2715 2210 οὕτω
2749 2154 3045 2209 κατέϐαλλε
3089 2156 3213 2219 τοὺς
3258 2156 3561 2219 ἐναντίους,
3590 2156 3688 2225 οὐχ
3727 2155 3918 2217 ὅπλοις

2335 2240 2427 2293 καὶ
2444 2238 2633 2310 δόρασι
2662 2238 2999 2309 κεχρημένος
3018 2277 3034 2301 ,
3056 2237 3191 2292 ἀλλὰ
3221 2237 3319 2306 τὴν
3347 2238 3500 2309 παρά
3528 2238 3623 2291 τοῦ
3652 2236 3789 2291 Θεοῦ
3823 2238 3919 2308 ῥο-

2335 2320 2442 2393 πήν
2474 2321 2631 2391 ἔχων.
2660 2320 2759 2374 Διά
2808 2320 2967 2375 τοῦτο
2997 2319 3091 2374 καὶ
3135 2320 3164 2373 6
3197 2318 3431 2390 πόλεμος
3460 2319 3611 2390 αὐτῷ
3663 2318 3918 2389 λαμπρὸς

2336 2404 2429 2458 καὶ
2453 2402 2756 2474 περιφανὴς
2780 2444 2796 2469 ,
2826 2403 2923 2461 καὶ
2960 2402 3102 2457 κατὰ
3132 2401 3331 2471 κράτος
3365 2405 3398 2473 ή
3436 2403 3583 2473 νίκη.
3620 2400 3921 2456 Ἀπιῖκιετο

2337 2485 2403 2539 τὸ
2421 2487 2819 2554 μνημόσυνον
2840 2486 3026 2541 αὐτοῦ
3044 2487 3171 2555 μετ’
3192 2485 3369 2555 ἤχου.
3402 2486 3595 2549 ’Δλλος
3613 2524 3629 2546 ,
3660 2485 3784 2540 Σὺν
3811 2486 3921 2539 αὐ·-

2338 2568 2480 2635 τοῒς.
2526 2570 2587 2621 ’0
2635 2569 2693 2621 δὲ
2731 2568 3009 2640 Ἑϐραῖος,
3046 2571 3153 2636 "Ep
3187 2581 3234 2623 ε.
3283 2570 3349 2621 τί
3380 2572 3495 2622 ἐστι
3518 2611 3531 2628 .
3565 2566 3921 2637 Μετ’ἥχουδ

2342 2653 2411 2704 Ἦ
2442 2651 2541 2720 τὴν
2573 2650 2944 2719 πανωλεθρίαν
2978 2652 3143 2722 φησὶν
3163 2690 3178 2711 ,
3211 2651 3242 2721 ἢ
3282 2650 3342 2704 16
3369 2650 3652 2720 διωλύγιον
3683 2650 3793 2705 τῶν
3820 2668 3924 2704 κα-

2338 2735 2469 2788 κῶν.
2498 2732 2608 2787 Καὶ
2637 2731 2794 2786 τοῦτο
2825 2733 2882 2786 δὲ
2913 2733 3012 2802 τῆς
3044 2734 3138 2786 τοῦ
3172 2733 3307 2787 Θεοῦ
3350 2733 3675 2805 κηδεμονίας
3698 2776 3713 2797 ,
3746 2730 3808 2786 16
3842 2734 3921 2803 μὴ

2338 2817 2703 2887 λανθανόντως
2723 2817 2897 2871 ταῦτα
2926 2820 3119 2882 ποιεῖν,
3138 2820 3226 2873 ἵνα
3246 2821 3365 2883 ταῖς
3389 2820 3589 2889 ἐτέρων
3613 2819 3923 2888 συμφοραῖς

2341 2902 2435 2955 καὶ
2461 2901 2639 2971 ἕτεροι
2682 2903 2941 2967 γένωνται
2973 2900 3231 2971 βελτίους.
3262 2902 3337 2955 T6
3382 2901 3681 2973 περιφανὲς
3708 2895 3802 2954 οῦν
3827 2900 3925 2970 δη-

2340 2983 2427 3036 λοῖ
2455 2982 2553 3050 τῆς
2580 2982 2873 3045 ἀπωλείας.

2410 3064 2454 3116 δ’
2464 3106 2475 3116 .
2496 3062 2605 3117 Καὶ
2620 3066 2655 3116 ό
2671 3066 2887 3132 Κύριος
2900 3067 2987 3130 εἰς
3004 3064 3111 3119 τὸν
3123 3064 3308 3119 αἰῶνα
3322 3066 3506 3135 μένει.
3536 3064 3748 3127 Ἀλλος,
3764 3067 3923 3119 Καθ’

2341 3144 2575 3200 εϐεῖται.
2624 3145 2698 3199 T6
2723 3146 2829 3217 7&9
2864 3146 3133 3220 καθῆσθαι
3160 3147 3428 3218 πολλαχοῦ
3454 3148 3546 3203 ἐπὶ
3568 3148 3661 3200 τοῦ
3692 3146 3924 3217 μονίμου

2341 3229 2439 3299 τῆς
2466 3228 2652 3292 οὐσίας
2672 3231 2846 3281 κεῖται
2862 3246 2877 3259 ’
2907 3228 2983 3293 ὡς
3011 3232 3106 3283 καὶ
3150 3231 3416 3301 Ἱερεμίας
3441 3231 3591 3299 δηλοῖ
3617 3230 3809 3297 λέγων,
3834 3229 3927 3284 Σὺ

2344 3309 2680 3377 καθήμενος
2707 3312 2795 3376 εἰς
2817 3311 2927 3365 τὸν
2955 3312 3159 3367 αἰῶνα.
3196 3314 3307 3367 Καὶ
3343 3314 3372 3365 6
3412 3312 3661 3381 Ἐϐραῖος
3692 3312 3928 3366 ἐνταῦθα

2356 3393 2558 3461 ’Ῐησήϐ
2580 3411 2733 3463 φησι.
2764 3392 3011 3465 Συνεχῶς
3047 3394 3203 3449 τοῦτο
3232 3394 3379 3464 λέγει
3425 3395 3456 3447 6
3494 3396 3778 3465 προφήτης
3829 3395 3928 3448 ἐπὶ

2343 3477 2440 3546 τῆς
2466 3476 2741 3540 ἀπωλείας
2769 3476 2877 3530 τῶν
2912 3475 3231 3548 ἀνθρώπων,
3276 3478 3491 3541 δεικνὺς
3511 3477 3674 3531 αὐτοῦ
3705 3477 3767 3530 16
3794 3478 3928 3532 ἀτε-

2343 3559 2600 3630 λεύτητον
2626 3562 2726 3629 τῆς
2764 3558 2953 3622 οὐσίας
2977 3600 2991 3619 .
3020 3559 3112 3614 καὶ
3153 3561 3235 3613 ὅτι
3266 3560 3327 3614 16
3357 3561 3456 3630 μὲν
3484 3560 3593 3613 τῶν
3620 3560 3929 3632 ἀνθρώπων

2343 3643 2498 3711 γένος
2535 3641 2814 3711 ἐπίκηρον.
2861 3643 2924 3695 Ὴ
2955 3641 3012 3695 δέ
3044 3642 3253 3695 ἐκείνου
3284 3643 3441 3697 οὐσία
3471 3643 3565 3696 καὶ
3598 3644 3632 3710 ή
3674 3642 3929 3713 μεγαλωο

2347 3726 2478 3795 σύνη
2509 3715 2880 3792 ἀτελεύτητος.
2916 3721 3086 3778 Τοῦτο
3122 3724 3180 3777 δὲ
3208 3728 3353 3779 ποιεῖ
3398 3726 3490 3779 τὴν
3540 3724 3705 3793 φόϐον
3747 3726 3929 3797 ἐπαρ-

2346 3807 2453 3859 τῶν
2475 3847 2489 3865 ,
2517 3805 2602 3858 ἵνα
2634 3805 2970 3877 ἑκατέρωθεν
3008 3799 3140 3859 ὦσιν
3178 3807 3339 3861 αὐτὸν
3371 3808 3687 3879 τρέμοντες,
3717 3808 3812 3860 καὶ
3836 3807 3931 3863 διὰ

2343 3890 2405 3942 16
2453 3888 2679 3957 μέγεθος
2710 3888 2873 3942 αὐτοῦ
2923 3891 3022 3959 τῆς
3059 3888 3245 3958 δόξης,
3280 3891 3374 3943 καὶ
3402 3888 3491 3943 διὰ
3516 3889 3576 3941 16
3606 3889 3793 3953 ἀτελὲς
3823 3890 3929 3958 τῆς

2344 3973 2547 4035 οἰκείας
2575 3970 2765 4033 οὐσίας
2785 4010 2799 4031 ,
2829 3970 2923 4022 καὶ
2950 3971 3025 4034 ὼς
3059 3971 3145 4024 ἀεὶ
3175 3971 3424 4041 μένοντα,
3460 3972 3553 4026 καὶ
3580 3972 3656 4034 ὼς
3682 3970 3770 4025 ἀεὶ
3804 3970 3930 4040 μεθ’

2346 4054 2647 4126 ὑπερϐολῆς
2676 4054 2989 4119 κολάζοντα.
3020 4056 3083 4107 Εἰ
3110 4055 3167 4107 δὲ
3197 4057 3301 4126 χρή
3332 4072 3386 4109 τι
3418 4057 3511 4110 καὶ
3540 4056 3680 4109 κατά
3705 4055 3927 4124 ἀναγω-

2344 4138 2444 4209 γὴν
2482 4139 2691 4200 εἰπεῖν,
2722 4137 2783 4189 οὐ
2818 4136 3203 4207 παραιτητέον.
3240 4136 3321 4191 Τά
3370 4138 3471 4207 μὲν
3508 4139 3615 4209 7&9
3670 4138 3784 4191 ἔστι
3829 4138 3929 4192 καὶ

2346 4219 2621 4290 θεωρῆσαι
2641 4234 2656 4251 ο
2686 4220 2754 4271 τά
2798 4218 2854 4271 δὲ
2880 4217 3023 4271 061m
3045 4218 3126 4272 δεῖ
3153 4222 3293 4272 νοεῖν
3317 4259 3333 4281 ,
3367 4220 3442 4283 ὼς
3484 4220 3696 4290 εἰρηται
3725 4219 3889 4289 μόνον
3910 4238 3923 4250 ·

2341 4302 2418 4365 ὼς
2443 4302 2524 4362 τὸ,
2555 4302 2649 4353 Ἐν
2676 4300 2833 4370 ἀρχῇ
2857 4302 3147 4369 ἐποίησεν
3168 4306 3201 4357 ὀ
3223 4302 3367 4368 Θεὸς
3402 4302 3509 4356 τὸν
3538 4303 3800 4372 οὐρανὸν
3823 4301 3929 4357 κ(ιί

2343 4384 2459 4450 τὴν
2506 4383 2772 4457 ἠνοιτά
2817 4385 2872 4438 66
2928 4386 3254 4448 ἀπεναντίας
3294 4389 3413 4449 ταῖς
3448 4387 3688 4453 λέξεσιν·
3730 4387 3805 4451 ὡς
3837 4388 3925 4451 16,

2348 4469 2614 4535 Ἔλαφος
2653 4467 2857 4535 φιλίας
2884 4507 2899 4526 ,
2944 4467 3041 4521 καί
3075 4466 3278 4534 πῶλος
3308 4467 3437 4522 σῶν
3470 4470 3758 4538 χαρίτων,
3799 4472 3928 4537 ὀμι-

2342 4549 2516 4627 λείτω
2535 4564 2655 4602 σοι.
2671 4550 2777 4601 Καὶ
2796 4548 2955 4602 πάλιν
2972 4564 2985 4577 '
3016 4550 3215 4603 Ἔστω
3242 4564 3341 4603 σοι
3364 4555 3527 4618 μόνῳ
3553 4550 3927 4619 ὑπάρχοντα,

2344 4631 2441 4684 καί
2482 4630 2695 4699 μηδεὶς
2727 4632 3043 4698 ἀλλότριος
3094 4632 3441 4700 μετασχέτω
3494 4634 3616 4688 σοί.
3662 4634 3725 4687 Ἠ
3758 4632 3925 4702 πηγή

2344 4728 2461 4766 σου
2493 4707 2599 4767 τοῦ
2626 4711 2845 4777 ὕδατός
2875 4727 2975 4766 σοι
2999 4712 3156 4765 ἔστω
3187 4715 3371 4781 μόνῳ.
3403 4715 3573 4768 Τοῦτο
3594 4716 3703 4786 7&9
3726 4755 3741 4776 .
3764 4714 3829 4769 ἂν
3864 4716 3928 4768 16

2344 4796 2593 4864 κείμενον
2621 4794 2851 4865 νοήσῃς,
2881 4795 2975 4847 καὶ
3010 4795 3082 4865 μὴ
3110 4794 3287 4867 φύγῃς
3317 4799 3413 4866 μὲν
3438 4798 3499 4851 16
3523 4799 3692 4868 ῥῆμα,
3720 4796 3929 4869 διώκῃς

2344 4878 2401 4931 δὲ
2430 4878 2491 4930 16
2519 4878 2698 4947 νόημα
2722 4918 2736 4940 ,
2773 4877 2869 4930 καὶ
2895 4876 3095 4947 πολλῆς
3116 4879 3507 4950 ἀπανθρωπίας
3536 4882 3673 4946 ἐστὶ,
3698 4881 3758 4934 τὸ
3788 4882 3926 4951 μηδὲ

2346 4960 2535 5024 ὖδατός
2560 4978 2664 5013 τινι
2702 4960 3051 5029 μεταδοῦναι·
3084 4961 3199 5014 ἀλλ’
3234 4962 3468 5017 ἐνταῦθα
3498 4964 3628 5035 περὶ
3664 4964 3927 5033 γυναικὸς

2344 5045 2373 5096 ὁ
2415 5041 2599 5110 λόγος,
2649 5042 2791 5095 ὥστε
2823 5043 2993 5113 αὐτῆς
3022 5044 3315 5098 ἀπολαύειν
3360 5047 3499 5115 μετά
3546 5046 3922 5118 σωφροσύνης,

2346 5127 2527 5195 πηγὴν
2555 5124 2732 5177 καλῶν
2765 5125 2957 5194 αὐτὴν,
2982 5126 3073 5180 καὶ
3103 5126 3324 5195 ἔλαφον,
3350 5127 3441 5181 διὰ
3462 5128 3522 5181 τὺ
3550 5128 3791 5200 καθαρὸν
3819 5130 3926 5200 τῆς

2344 5208 2436 5262 τοῦ
2460 5208 2639 5279 γάμου
2672 5207 2975 5271 συνουσίας.
3000 5210 3109 5263 Καὶ
3134 5209 3367 5264 ἐνταῦθα
3401 5210 3499 5282 μὲν
3522 5212 3695 5276 οὕτως
3720 5230 3732 5244 ·
3761 5213 3926 5269 ἀλλα-

2410 5346 2431 5376 ε
2460 5344 2574 5406 Ἐμη
2599 5355 2728 5403 nm
2754 5342 3018 5405 legendum
3044 5343 3172 5392 haud
3191 5342 3340 5392 dubie
3362 5344 3509 5407 ιμμα,
3535 5349 3589 5393 οι
3607 5344 3658 5392 in
3682 5343 3925 5407 Hexaplis

2345 5414 2543 5478 nostris.
2578 5415 2778 5478 783111.:
2812 5412 3129 5478 ιΔιωλύγιονζ
3170 5412 3322 5478 ἠχοῦν
3370 5414 3446 5463 ἐπὶ
3501 5414 3642 5475 πολὺ,
3682 5417 3803 5478 μέγα
3840 5420 3923 5465 καὶ

2346 5477 2549 5539 σφοδρὸν
2572 5476 2919 5539 διατεταμένον.
2946 5474 3160 5539 Hesych.
3182 5474 3268 5539 Chi
3306 5478 3645 5539 assentiuntur
3666 5474 3815 5539 ᾀιίόω
3836 5480 3922 5527 alii
4002 5518 4007 5523 .

2345 5536 2664 5598 giauimatici.
2688 5536 3025 5601 Etymolpgus,
3048 5537 3380 5601 διωλύγιον,τὸ
3395 5536 3925 5601 διόλωλίόνειιιιετρτθε

2347 5597 2510 5657 aliter,
2550 5604 2754 5646 secutus
2778 5598 3002 5645 nimirum
3028 5597 3436 5659 signiﬁCalionem
3470 5598 3611 5647 verbi
3644 5597 3870 5659 δλολΰζω.
3894 5618 3921 5644 ι

2347 5661 2427 5708 Sic.
2450 5672 2597 5719 porro
2634 5661 2785 5707 vertit
2821 5658 3390 5719 lnlerpres’HeI-velus:
3436 5661 3493 5708 16
3525 5658 3774 5720 διωλύγιον
3824 5662 3924 5709 τῶν

2346 5723 2526 5777 κακῶν,
2548 5720 2787 5782 malorum
2810 5730 3082 5779 maerorem,
3103 5735 3213 5782 qua
3230 5733 3349 5770 sane
3369 5734 3569 5771 sensum
3589 5721 3923 5782 Chrysoslomi

2349 5796 2441 5830 non
2470 5781 2689 5849 perfgaclc
2716 5782 3016 5849 exprimunt:
3058 5780 3176 5849 Nam
3200 5785 3414 5845 explicat
3452 5784 3543 5834 illc
3566 5780 3775 5849 quidsit
3797 5782 3919 5849 illud

2342 5856 2450 5891 rum
2490 5844 2671 5910 εοηὶιιι,Δ
2716 5852 2770 5891 ιη
2815 5845 2924 5910 Iugo
2954 5844 3153 5910 _clar_ius
3196 5844 3320 5910 01:;
3367 5858 3531 5910 qurq
3570 5848 3716 5904 longe
3759 5847 3923 5910 aptius

2347 5911 2522 5967 guttas.
2566 5903 2799 5967 ululatum
2844 5902 2901 5952 ob
2949 5902 3164 5957 immissa
3226 5902 3568 5956 malm-Paulo
3617 5902 3726 5967 [ιόδί
3775 5902 3918 5965 ἰὴσήξ

2342 5965 2595 6015 Hebraicis
2616 5966 2793 6017 litteris
2815 5970 2884 6014 est
2913 5976 3040 6025 πων.
