4154 6432
203 392 292 451 ii?»

223 510 331 583 focis
357 518 467 564 tu.
509 506 618 565 ilic
643 506 869 579 quoque
894 512 976 559 est
1001 515 1117 558 mos
1142 500 1392 566 amantis,
1436 505 1693 567 perpetuo
1738 494 1819 550 di-

229 599 651 667 cet-ebenehcia,
702 607 763 652 et
799 597 860 664 in
882 595 948 649 iis
990 591 1092 647 sibi
1138 589 1387 661 placere:
1420 588 1525 643 hoc
1566 587 1709 643 enim
1756 585 1826 641 ab

230 708 397 749 amore
422 689 816 765 proficiscitur,
850 695 906 742 et
931 686 1104 756 ipsum
1133 698 1322 738 rursus
1350 676 1601 735 amorem
1627 692 1823 737 ειαςθιιτ

230 790 318 844 dit.
343 787 464 843 Non
494 783 767 842 aberrarit
793 790 971 836 autem
999 777 1282 849 quispiam,
1314 774 1360 830 si
1381 773 1715 828 dixeritennt
1738 770 1826 825 hic

230 884 381 937 etaim
408 880 597 934 dicere
625 875 894 940 inimicos,
915 870 1005 942 qui
1034 862 1216 925 mente
1240 866 1416 922 solum
1440 863 1822 935 percipiuntur.

228 974 353 1028 Nam
370 971 406 1025 ii
422 982 642 1040 quoque
657 972 991 1026 avertuntur,
1013 958 1228 1032 quando
1246 970 1564 1028 generosam
1590 954 1824 1007 animam

230 1062 551 1119 invenerint.
582 1053 1041 1125 Quemadmodum
1087 1046 1231 1106 enim
1275 1048 1429 1102 basta
1458 1051 1583 1119 ‘qote
1622 1044 1677 1098 in
1713 1047 1826 1114 c:y-'

228 1152 616 1227 perimineidit,
645 1151 693 1206 si
712 1148 890 1204 mollis
915 1145 1129 1217 quidem
1153 1143 1242 1207 slt,
1269 1138 1698 1227 eutnfexscindit,
1728 1138 1828 1191 du-

226 1263 286 1302 ro
307 1255 494 1300 autem
524 1254 580 1299 et
604 1239 917 1312 repugnanti
955 1235 1088 1291 nihil
1110 1233 1256 1299 iacit,
1288 1229 1385 1287 sed
1428 1228 1628 1285 reﬂexa
1668 1227 1784 1283 aa-ie
1805 1270 1821 1292 ,

228 1353 360 1395 vana
383 1346 443 1395 et
473 1334 678 1391 inutilis
696 1331 894 1389 excidit
923 1347 938 1384 :
967 1330 1037 1384 ita
1063 1329 1225 1384 etiam
1265 1313 1515 1381 usuvenit
1543 1322 1595 1376 in
1623 1322 1824 1376 auium.

226 1430 284 1487 Si
307 1428 531 1486 mollem
562 1425 707 1481 enim
735 1412 1096 1480 etdelicatam
1125 1415 1426 1472 invenerint
1442 1414 1548 1469 tela
1568 1404 1828 1482 qummit-

227 1527 411 1575 tantur
434 1534 467 1572 a
488 1516 723 1576 diabolo,
749 1514 802 1569 in
824 1509 1143 1583 profundum
1166 1506 1467 1579 pervadunt
1496 1522 1510 1559 :
1541 1506 1623 1559 sin
1646 1510 1828 1557 autem

226 1612 416 1667 duram
445 1618 503 1664 et
529 1605 873 1678 validiorem,
899 1611 954 1658 et
981 1601 1097 1671 ipse
1120 1599 1234 1653 abit
1261 1611 1320 1652 re
1342 1595 1559 1659 inlecta,
1592 1595 1716 1649 etei
1750 1596 1825 1645 ni-

228 1704 300 1759 hil
324 1702 454 1758 mali
484 1700 633 1765 facit,
658 1697 894 1767 duoque,
943 1696 1052 1748 iino
1075 1706 1203 1747 vero
1232 1690 1331 1745 tria
1355 1704 1424 1744 ex
1453 1702 1519 1743 eo
1546 1686 1830 1756 atpiunlttt‘

226 1794 511 1852 conanda
552 1809 568 1846 :
615 1805 737 1845 nam
763 1791 934 1859 ipsam
961 1784 1093 1840 nihil
1132 1783 1311 1849 laedit,
1342 1780 1437 1835 sed
1464 1780 1641 1835 reddit
1666 1788 1827 1835 etiam

229 1889 530 1951 ﬁrmiorem,
557 1894 616 1940 et
651 1884 767 1954 ipse
788 1896 859 1938 ex
881 1894 948 1936 eo
974 1876 1288 1933 imbecillior
1312 1873 1512 1930 evadit.
1539 1870 1830 1955 Considera

230 1992 407 2037 autem
423 1973 701 2049 quomodo
721 1972 814 2028 Dei
835 1970 1083 2025 virtutem
1103 1966 1375 2037 praedicat.
1400 1963 1828 2031 lit/irinabnntur,

232 2072 423 2143 inttnit,
446 2079 496 2124 et
512 2066 745 2139 peribunt
760 2080 793 2115 ιι
812 2062 943 2133 [acie
957 2070 1061 2113 tua.
1083 2059 1285 2112 liursus
1298 2070 1419 2111 eum
1437 2053 1591 2108 audis
1605 2052 1793 2106 faciem
1811 2091 1827 2118 ,

236 2142 361 2219 nihil
378 2160 674 2232 suspiceris
684 2169 1022 2228 corporeum.
1042 2151 1138 2206 llic
1150 2152 1294 2206 enim
1312 2148 1679 2218 Operationem
1692 2142 1831 2214 ejus,

236 2255 545 2319 adventum,
575 2258 630 2306 et
651 2249 769 2320 ejus
789 2245 981 2303 .virium
1023 2242 1329 2299 facilitatem
1358 2238 1623 2311 signiﬁcat
1654 2254 1669 2291 :
1696 2237 1836 2292 sicut

239 2348 359 2402 alibi
380 2346 559 2402 dicit:
594 2342 695 2408 Qui
734 2338 935 2410 respicit
971 2346 1202 2391 terram:
1228 2345 1276 2388 et
1305 2333 1427 2406 facit
1473 2348 1584 2385 eam
1626 2339 1837 2385 tremere

242 2434 561 2510 (PsalJOS.
588 2433 671 2504 2),
697 2434 771 2486 ita
797 2432 883 2484 hic
921 2429 1079 2484 etiam
1107 2426 1249 2480 idem
1275 2424 1420 2479 dicit.
1456 2422 1667 2478 Suillcit
1690 2422 1835 2477 enim

246 2531 395 2584 stilus
418 2527 643 2582 obtutus
688 2521 756 2579 ad
782 2519 1085 2593 perdendos
1103 2515 1397 2586 improbos.
1424 2513 1481 2569 Si
1524 2514 1667 2568 enim
1707 2527 1834 2567 san-

244 2634 449 2676 etorum
490 2614 772 2688 prmseutia
820 2611 947 2666 facit
983 2609 1124 2666 vires
1166 2609 1470 2662 dmmonum
1514 2604 1837 2675 imbecillas,

248 2716 410 2770 multo
436 2711 608 2784 magis
635 2709 751 2764 Dei.
781 2706 841 2763 Si
865 2707 981 2776 ejus
1008 2703 1182 2774 fulgur
1208 2713 1473 2771 apparens
1508 2712 1697 2754 omnes
1727 2706 1837 2751 ter-

248 2824 366 2865 rore
382 2804 571 2870 allicit,
596 2799 877 2858 considera
903 2797 1042 2852 illam
1067 2794 1358 2867 potentiam
1378 2791 1447 2846 ab
1470 2790 1685 2845 interitu
1706 2789 1837 2844 alie-

251 2914 405 2965 nam,
448 2893 718 2968 quomodo
765 2899 968 2955 terret,
1016 2885 1285 2958 quomodo
1329 2883 1506 2954 perdit
1544 2879 1838 2950 improbos.

255 2993 438 3050 Vidisti
468 3004 638 3062 genus
682 2981 1052 3057 hymnorum?
1093 2979 1271 3035 vidisti
1316 2976 1533 3032 modum
1572 2973 1842 3046 gloriﬁca-

254 3086 429 3152 tiouis,
450 3093 506 3139 et
536 3078 808 3153 quomodo
836 3076 952 3147 ejus
991 3081 1171 3128 narrat
1215 3068 1539 3142 potentiam?
1572 3066 1688 3123 Non
1717 3080 1845 3136 par-

254 3194 374 3234 vum
402 3185 586 3231 autem
632 3174 756 3226 hinc
784 3170 941 3225 docet
977 3166 1169 3235 dogma
1214 3159 1586 3235 philosophiae,
1615 3173 1737 3213 cum
1764 3158 1845 3212 di-

254 3274 347 3337 xit,
375 3268 611 3325 Psallam
629 3263 823 3321 nomini
847 3272 956 3326 tito,
984 3258 1258 3313 Altissime.
1287 3254 1415 3311 Cum
1439 3266 1708 3307 conversus
1735 3245 1847 3322 fue-
1890 3294 1893 3297 λ

253 3362 576 3418 rit
592 3373 733 3412 nscas
751 3365 1047 3410 retrorsum.
1076 3348 1229 3418 Quod
1258 3362 1387 3403 vero
1421 3346 1522 3399 hoc
1546 3343 1667 3399 est?
1690 3341 1845 3411 Quod

257 3471 358 3511 non
396 3451 577 3510 solum
603 3450 658 3505 in
684 3443 1078 3509 afﬂictionibus,
1106 3440 1200 3497 sed
1224 3438 1387 3495 etiam
1412 3438 1465 3491 in
1496 3438 1657 3491 rebus
1698 3446 1847 3488 tran-

254 3544 429 3617 qoillis
454 3557 516 3599 se
540 3539 815 3595 moderate
855 3532 1039 3607 gessit.
1067 3530 1214 3587 Multi
1252 3530 1394 3584 enim
1420 3527 1577 3581 malis
1613 3523 1848 3617 humiles

254 3614 448 3703 euecti,
478 3630 776 3689 redduntur
820 3626 1067 3683 meliores
1098 3640 1113 3678 :
1145 3622 1302 3683 bonis
1340 3629 1542 3686 autem,
1569 3614 1849 3674 socordio-

266 3743 349 3784 res
370 3737 427 3783 et
441 3723 745 3796 ignaviores
766 3737 782 3774 :
804 3718 944 3791 quod
973 3715 1186 3788 quidem
1217 3711 1351 3767 infra
1371 3712 1500 3767 dicit
1519 3712 1587 3766 de
1604 3708 1805 3765 Judacis
1830 3724 1845 3762 :

265 3818 481 3888 Quando
508 3814 766 3869 occidebat
800 3812 959 3880 ipsos,
986 3817 1104 3861 tunc
1143 3802 1431 3875 quwrebant
1475 3802 1643 3873 ipsum
1672 3796 1847 3871 (Psal.

263 3914 348 3969 77.
366 3913 482 3982 54).
498 3908 605 3966 Sed
626 3921 737 3962 non
756 3913 840 3961 est
860 3903 947 3957 hic
959 3899 1221 3973 ejusmodi
1242 3916 1258 3965 ',
1283 3898 1389 3951 imo
1414 3897 1575 3951 etiam
1601 3894 1654 3947 in
1685 3893 1849 3947 rebus

261 4004 505 4063 modis
552 4002 858 4057 moderatus
893 4006 1009 4061 est,
1034 4005 1093 4050 et
1117 3992 1363 4063 vigilans.
1408 3988 1524 4044 Non
1563 3998 1647 4043 est
1670 3995 1851 4042 autem

266 4099 364 4155 hoc
388 4112 574 4170 parum
601 4093 669 4150 ad
696 4090 1104 4164 philosOpbiam.
1129 4088 1181 4144 ὅ.
1214 4085 1466 4154 Quoniam
1514 4081 1676 4156 fecisti
1700 4079 1853 4152 judi-

264 4195 393 4246 tium
432 4206 616 4253 meum,
644 4198 691 4242 et
719 4200 923 4249 causam
952 4198 1135 4237 meam.
1163 4182 1335 4251 Alius,
1356 4176 1611 4231 Judicasti
1655 4190 1749 4246 pro
1775 4189 1857 4228 me

266 4286 359 4360 (a).
387 4284 581 4342 Sedisti
606 4298 758 4352 super
784 4280 1019 4333 thronum
1042 4276 1129 4346 qui
1146 4259 1354 4345 judicas
1380 4270 1645 4337 iustitiam.
1674 4264 1856 4360 (inin-

503 4386 694 4447 gentes,
719 4383 768 4427 et
783 4370 927 4442 periit
952 4370 1162 4433 impius.
1191 4366 1340 4420 Alius
1370 4381 1384 4418 :
1410 4360 1707 4417 Perdidisti.
1738 4356 1854 4412 No-

270 4488 378 4525 men
400 4471 512 4540 ejus
536 4465 714 4520 delati
734 4464 787 4517 in
807 4472 1071 4527 uernum,
1091 4467 1139 4513 et
1164 4459 1219 4511 in
1240 4457 1481 4511 saxulum
1507 4451 1703 4506 surculi.
1723 4448 1859 4505 Vide

269 4579 449 4618 rursus
489 4560 589 4614 viri
621 4553 1032 4629 philosophiam,
1058 4548 1329 4622 quomodo
1359 4562 1466 4601 non
1495 4545 1611 4615 ipse
1640 4543 1858 4598 ulcisci-

270 4652 633 4715 turiuimieos,
656 4648 750 4703 sed
776 4643 1141 4702 Deoconeedit
1165 4640 1448 4712 judicium,
1466 4651 1690 4692 servans
1722 4650 1859 4705 prae-

270 4758 475 4816 ceptum
514 4741 892 4815 apostolicum,
920 4734 1042 4791 Non
1086 4750 1172 4789 vos
1201 4733 1338 4804 ipsos
1365 4730 1655 4784 ulciscentes
1676 4727 1858 4799 (Rom.

276 4842 356 4895 ιι.
393 4835 629 4908 19).Νοιι
658 4835 765 4889 hoc
786 4839 964 4886 autem
991 4828 1165 4884 solum
1192 4824 1374 4879 videre
1414 4836 1730 4892 possumus;
1762 4818 1860 4874 sed

273 4932 410 5004 ιιιιιιιι
438 4932 556 4985 lucc
578 4929 738 4984 etiam
778 4924 973 4996 injuste
1019 4934 1205 4992 passus
1223 4920 1313 4974 sit.
1337 4915 1449 4971 Nisi
1474 4913 1619 4970 enim
1662 4913 1865 4983 injuste

274 5039 412 5084 esset
441 5039 654 5097 jussus,
686 5036 749 5075 ea
782 5020 920 5074 Deus
960 5033 1064 5071 non
1088 5021 1235 5070 esset
1283 5013 1446 5066 ultus.
1475 5008 1669 5064 Sedisti
1714 5024 1867 5077 supa-

277 5124 505 5177 thronum
527 5112 838 5189 qai'judicas
865 5111 1139 5179 iustitiam.
1162 5105 1410 5163 llumano
1432 5116 1583 5158 more
1610 5101 1865 5171 loquitur,

277 5220 456 5273 dicens
478 5213 733 5270 thronum
761 5218 814 5265 et
841 5203 1174 5262 cathedram.
1206 5199 1338 5255 Illud
1359 5210 1561 5263 autem,
1594 5194 1694 5259 Qui
1721 5194 1869 5264 λιιιιὶ-

278 5327 358 5363 cas
376 5307 650 5382 justitiam,
676 5300 732 5356 id
763 5298 890 5355 dicit
912 5294 1055 5369 quod
1088 5302 1174 5350 est
1202 5292 1311 5348 Deo
1339 5301 1676 5382 consuetum,
1706 5296 1762 5341 et
1788 5295 1871 5340 est

281 5378 391 5473 ejus
431 5394 749 5456 substantia:
796 5390 1141 5462 przecipuum.
1172 5385 1231 5440 In
1254 5381 1564 5439 hominibus
1593 5378 1736 5433 enim
1763 5392 1870 5473 non

282 5470 399 5550 licet
415 5493 521 5547 hoc
538 5490 742 5546 dicere.
768 5483 885 5540 Non
903 5480 1145 5552 jndicant
1162 5476 1307 5532 enim
1324 5473 1607 5547 justitiam,
1626 5473 1727 5526 etsi
1751 5470 1873 5525 mil-

282 5588 370 5644 lies
382 5586 513 5659 ξαειὶ
529 5582 663 5646 sint,
694 5588 751 5632 ιιι
776 5575 869 5648 qui
898 5568 1181 5644 aliquando
1202 5575 1421 5641 propter
1454 5564 1748 5631 inscitiam,
1769 5563 1871 5618 ali-

331 5787 402 5839 ta)
430 5786 549 5831 ﬂre
586 5772 765 5829 lectio,
804 5763 1058 5839 .tnilicusti
1100 5778 1192 5827 pro
1214 5777 1295 5839 _t_ne
1331 5759 1712 5839 ,ιξὺςιςεῇεὸξκρισᾴξ
1743 5757 1882 5839 nec),

282 5822 626 5905 es'i'ltiiriiinl.
677 5822 905 5897 sequens
948 5822 1154 5890 autem,
1204 5822 1487 5878 l’cidiilt’sli
1543 5822 1883 5887 (ἀπώλεσας),

271 5901 569 5972 Sj‘tuitiachi.

1408 384 1767 445 EXPOSl'l‘lO
1805 383 1871 441 IN
1910 382 2234 441 PSALMUM
2274 384 2363 440 IX.

3439 396 3540 453 £26

1932 494 2146 566 quando
2173 507 2393 567 propter
2411 497 2735 565 socordiam,
2756 499 2899 573 quod
2927 500 3127 570 justum
3147 514 3232 560 est
3252 504 3535 576 ignorent:

1931 588 2075 644 Dens
2095 604 2222 644 vero
2243 591 2331 658 qui
2352 591 2421 645 ab
2443 591 2527 647 bis
2544 592 2797 648 omnibus
2822 594 2959 651 liber
2976 606 3083 659 est.
3103 608 3161 653 et
3175 600 3351 654 sciens
3366 612 3422 657 et
3444 616 3539 657 vo-

1930 679 2047 735 lens
2067 679 2271 749 justam
2303 681 2406 735 l‘ert
2428 684 2775 738 sententiam.
2803 685 2938 742 Illud
2974 704 3124 759 ergo,
3157 688 3350 745 Sedistt
3384 710 3539 764 super

1932 772 2192 838 thronum,
2218 773 2779 845 judicasti,signilieat,
2812 789 3170 849 persequutus
3190 796 3271 846 es,
3294 782 3438 838 ultos
3456 799 3538 839 es.

1932 859 2219 931 lncrepasti
2259 871 2450 933 gentes,
2476 875 2525 918 et
2554 865 2703 934 periit
2730 867 2939 937 impius.
2966 867 3126 925 Vides
3148 871 3419 939 quomodo
3443 888 3538 927 ar-

1931 953 2034 1009 mis
2051 951 2161 1008 Deo
2182 967 2288 1008 non
2310 968 2445 1023 opus
2463 965 2567 1020 est,
2586 971 2691 1011 oon
2711 957 2912 1028 gladio,
2933 974 3039 1013 non
3061 975 3211 1027 arcu,
3237 977 3345 1016 non
3372 964 3536 1032 sagit-

1934 1040 2134 1106 tis,sed
2165 1042 2251 1097 illa
2277 1042 2514 1099 humano
2543 1061 2694 1103 more
2708 1047 2850 1103 dicta
2867 1057 3027 1104 sunt:
3049 1050 3161 1105 Deo
3182 1052 3324 1106 enim
3342 1054 3542 1109 sul‘licit

1933 1133 2212 1204 increpare
2233 1145 2287 1190 et
2308 1136 2539 1206 perdere
2567 1152 2662 1195 eos
2677 1140 2768 1210 qui
2791 1142 3045 1209 puniendi
3084 1144 3230 1198 sunt.
3258 1144 3327 1203 Ut
3357 1157 3539 1203 autem
3568 1166 3573 1172 ·

1931 1226 2047 1295 ejus
2071 1227 2366 1297 potentiam
2398 1219 2685 1299 inti-liigas,
2720 1233 2842 1287 :zudi
2868 1235 3031 1290 etiam
3052 1250 3175 1305 qua:
3216 1252 3535 1310 sequuntur.

1935 1312 2140 1369 Nomen
2165 1332 2339 1371 eorum
2360 1318 2542 1373 delesti
2556 1320 2608 1374 in
2626 1329 2892 1389 teter-num,
2921 1333 2967 1376 et
2996 1325 3050 1377 in
3066 1332 3312 1381 siccatum
3334 1331 3534 1385 siccati.

1935 1405 2212 1462 Radicitus
2252 1410 2557 1477 perdidisti,
2596 1402 2932 1487 ροιινιιιδὶειί,
2960 1417 3031 1469 ita
3058 1416 3327 1486 delevisti,
3358 1433 3414 1476 ut
3442 1438 3540 1477 eo-

1935 1514 2051 1553 rum
2097 1502 2262 1555 etiam
2312 1505 2530 1573 perierit
2566 1509 2848 1563 memoria.
2895 1509 2948 1563 7.
2996 1509 3203 1566 Inimici
3250 1513 3543 1586 defecerunt

1935 1592 2143 1657 frontem
2158 1592 2210 1645 in
2227 1593 2399 1660 ﬁnem.
2416 1594 2588 1664 Alius,
2616 1597 2820 1654 Ruinw.
2845 1599 3105 1658 llebrmus
3120 1615 3322 1671 autem,
3346 1607 3541 1661 Arboth

1935 1679 2037 1751 (a).
2070 1680 2136 1735 Et
2171 1684 2395 1755 civitates
2417 1687 2733 1745 destruxisti.
2775 1691 2915 1759 Quid
2950 1692 3052 1749 hoc
3078 1696 3200 1750 est?
3241 1697 3535 1765 Machinis,

1937 1768 2127 1844 inquit,
2155 1784 2213 1831 et
2252 1778 2496 1834 consiliis
2539 1784 2895 1853 censumptis,
2935 1802 3059 1840 eum
3089 1784 3342 1858 propriis
3376 1794 3542 1847 armis

1935 1864 2245 1923 destituisti.
2271 1869 2416 1926 Talis
2441 1881 2523 1927 est
2551 1873 2693 1928 enim
2719 1875 2795 1929 ira
2824 1876 2952 1932 Dei:
2976 1881 3153 1933 omnia
3170 1863 3315 1936 delet
3336 1892 3393 1936 et
3418 1898 3543 1951 per-

1936 1959 2034 2013 dit.
2071 1958 2162 2015 Vel
2189 1966 2329 2031 quod
2359 1964 2499 2020 alios
2525 1966 2686 2045 docet
2730 1968 3025 2037 interpres,
3055 1971 3262 2036 dicens,
3292 1971 3542 2040 Deserta;

1938 2049 1992 2105 id
2022 2062 2125 2119 est,
2151 2052 2269 2108 Non
2301 2052 2473 2111 solum
2498 2074 2687 2113 eorum
2717 2060 2988 2129 civitates,
3014 2063 3109 2119 sed
3139 2065 3300 2120 etiam
3327 2065 3543 2124 deserta

1937 2144 2205 2224 delevisti,
2236 2158 2292 2203 et
2332 2150 2493 2205 urbes
2536 2152 2768 2208 diruisti.
2803 2154 2879 2209 Ita
2925 2156 3070 2229 enim
3114 2157 3293 2227 justus
3342 2159 3543 2215 bellum

1937 2239 2193 2308 gerebat,
2244 2241 2315 2294 ita
2366 2245 2704 2301 adversarios
2761 2248 3180 2318 prosteruebat,
3231 2265 3340 2305 non
3390 2260 3548 2308 utens

1939 2332 2104 2385 armis
2132 2343 2188 2389 ct
2217 2335 2402 2401 liastis,
2446 2336 2544 2391 sed
2593 2337 2685 2393 Dei
2731 2340 2956 2395 auxilio.
3008 2341 3303 2414 Propterea
3328 2346 3379 2402 ei
3408 2360 3547 2417 quo-

1940 2436 2048 2491 que
2092 2424 2289 2478 beflum
2318 2433 2404 2480 est
2451 2429 2765 2496 praclarum
2789 2442 2839 2485 et
2870 2430 3100 2503 insigne,
3128 2442 3184 2489 et
3213 2434 3263 2489 vi
3293 2444 3443 2506 parta
3465 2446 3554 2493 est

1941 2518 2186 2574 victoria.
2227 2518 2384 2574 Periit
2412 2537 2588 2576 eorum
2617 2516 2997 2580 metum-iacent
3019 2528 3206 2582 sonitu.
3231 2528 3549 2597 Alius,Cunt

1941 2610 2089 2677 ipsis.
2141 2610 2401 2667 Hebraeus
2444 2624 2644 2679 autem,
2675 2614 2796 2669 Em.
2843 2615 2985 2683 Quid
3026 2628 3131 2683 est,
3172 2617 3301 2678 Cum
3342 2623 3555 2676 sonitu?

1949 2700 2045 2756 Vel
2086 2701 2217 2756 dicit
2269 2703 2713 2768 internecionem,
2752 2708 2840 2762 vel
2884 2709 3143 2763 ululatum
3191 2711 3263 2766 oh
3310 2712 3552 2768 immisso

1945 2793 2106 2847 mala.
2155 2793 2268 2851 lloe
2304 2806 2388 2851 est
2434 2799 2596 2852 etiam
2628 2798 2720 2853 Dei
2764 2801 3136 2869 providentiae,
3166 2803 3309 2873 quod
3338 2820 3444 2862 non
3475 2808 3556 2859 l'a-

1947 2884 2053 2941 ciat
2080 2884 2183 2941 hoc
2232 2889 2479 2950 latenter.
2508 2895 2574 2943 ut'
2593 2889 2820 2946 aliorum
2868 2893 3267 2950 calamitatibus
3291 2895 3381 2949 alii
3426 2896 3553 2951 red-

1948 2973 2143 3030 dantur
2169 2976 2443 3035 meliores.
2480 2979 2755 3051 Signilirat
2780 2996 2910 3051 ergo
2936 2981 3280 3038 manifestum
3305 2986 3555 3042 exitium.

2021 3070 2075 3125 4.
2116 3067 2185 3123 Et
2223 3068 2472 3127 Dominus
2514 3074 2569 3128 in
2600 3085 2845 3129 aeternum
2873 3087 3137 3146 permanet
3162 3077 3237 3148 (tt.
3268 3078 3348 3151 8).
3377 3080 3554 3147 Alius,

1906 3223 1925 3231 κ
1951 3160 2181 3217 Sedebit.
2224 3162 2428 3220 Sedere
2480 3166 2625 3219 enim
2682 3180 2827 3237 sn-pc
2874 3168 3093 3236 ponitur
3134 3184 3231 3239 pro
3274 3171 3454 3226 stabili
3502 3181 3558 3228 et

1954 3267 2306 3325 permanente
2336 3258 2675 3325 substantia;
2708 3268 2765 3315 ut
2806 3260 3044 3316 declarat
3079 3263 3245 3317 etiam
3269 3262 3560 3333 Jeremias,

1951 3349 2140 3405 dicens
2172 3367 2186 3404 :
2228 3348 2313 3405 Tu
2349 3351 2493 3407 sedes
2520 3353 2574 3406 in
2605 3354 2852 3407 saxulum
2876 3352 3109 3427 (Bartsch
3162 3356 3220 3411 3.
3254 3357 3335 3428 3).
3365 3357 3432 3412 Et
3458 3358 3562 3413 lle-

1954 3442 2133 3497 branus
2157 3442 2242 3497 bic
2269 3441 2440 3499 Jcseb.
2471 3444 2743 3515 Propheta
2766 3446 2869 3500 hoc
2889 3445 3020 3501 dicit
3046 3447 3264 3503 assidue
3295 3450 3346 3503 in
3378 3449 3561 3511 homi-

1953 3553 2081 3593 num
2131 3539 2369 3605 interitu,
2403 3539 2695 3595 ostendens
2721 3539 3121 3595 interminatam
3146 3541 3266 3612 ejus
3294 3557 3414 3597 esse
3435 3544 3563 3599 sub.

1956 3630 2231 3698 stantiam,
2259 3640 2315 3688 et
2341 3630 2620 3686 hominum
2645 3625 2861 3702 quidem
2887 3646 3058 3703 genus
3076 3645 3201 3688 esse
3223 3632 3485 3688 caducum
3508 3641 3566 3689 et

1955 3732 2393 3779 momentaneum
2417 3740 2431 3776 :
2453 3722 2592 3777 illius
2613 3731 2793 3777 autem
2819 3721 3117 3777 substantia
3138 3730 3194 3778 et
3214 3722 3563 3794 magniﬁcen-

1959 3814 2028 3869 tia
2057 3814 2218 3870 linem
2244 3829 2536 3884 numquam
2565 3815 2779 3884 accipit.
2805 3813 2919 3871 Hoc
2941 3823 3123 3869 autem
3153 3814 3283 3870 facit
3309 3814 3561 3870 timorem

1956 3908 2244 3974 incutiens,
2270 3918 2329 3964 ut
2349 3909 2557 3965 duabus
2578 3909 2834 3965 decausis
2856 3924 2983 3964 eum
3007 3908 3255 3976 timeant,
3268 3920 3324 3968 et
3342 3918 3569 3980 propter

1960 3999 2379 4072 magnitudinem
2424 3998 2649 4071 glorim,
2680 4008 2738 4055 et
2782 4010 3005 4071 propter
3034 4001 3295 4057 vilitatem
3335 4003 3599 4072 proprite‘

1959 4091 2294 4156 substantiae,
2324 4099 2382 4146 et
2409 4099 2466 4145 ut
2493 4104 2710 4161 semper
2740 4098 3072 4158 manentem,
3098 4078 3261 4162 atque
3281 4100 3342 4146 ut
3368 4093 3572 4147 miran-

1959 4183 2089 4240 dum
2133 4184 2187 4239 in
2221 4183 2439 4239 modum
2488 4184 2820 4254 punientem.
2871 4182 3027 4251 Quod
3078 4185 3127 4239 si
3160 4184 3361 4256 aliquid
3403 4185 3571 4242 etiam

1961 4286 2174 4350 oportet
2195 4277 2377 4334 dicere
2391 4277 2707 4349 anagogice,
2732 4277 2786 4334 id
2807 4292 2916 4333 non
2942 4286 3026 4334 est
3053 4278 3431 4333 recusandum.
3453 4279 3576 4336 Alia

1965 4374 2109 4429 enim
2138 4386 2428 4444 possumus
2447 4372 2610 4427 etiam
2636 4371 2993 4443 contemplari
3025 4389 3039 4427 :
3071 4372 3176 4427 alia
3204 4387 3336 4429 vero
3363 4374 3434 4429 ita
3448 4383 3580 4431 sunt

1964 4467 2141 4521 solum
2170 4464 2520 4538 intelligenda
2580 4465 2720 4521 sicut
2741 4465 2888 4522 dicta
2927 4475 3050 4521 sunt
3077 4480 3093 4530 ;
3123 4464 3578 4536 quemadmodum

1967 4557 2097 4615 illud
2140 4576 2155 4615 :
2192 4557 2336 4615 Fecit
2377 4558 2520 4615 Deus
2551 4560 2736 4615 aetum
2782 4571 2832 4614 et
2861 4571 3048 4617 terram
3080 4557 3236 4632 (Gen.
3268 4561 3322 4615 l.
3356 4557 3435 4632 l);
3475 4559 3579 4615 alia

1966 4665 2100 4707 vero
2132 4651 2289 4706 aliter
2315 4666 2475 4722 quam
2521 4650 2757 4706 habeant
2804 4650 3105 4717 dictiones,
3159 4649 3309 4705 verbi
3363 4650 3579 4721 gratia:

1968 4745 2129 4800 Cerva
2164 4746 2420 4812 amicitias,
2454 4754 2503 4799 et
2542 4744 2788 4800 hinnulus
2830 4746 3117 4817 gratiarum
3148 4754 3375 4811 tuarum,
3416 4752 3581 4799 tecum

1970 4837 2151 4893 habeat
2193 4837 2607 4892 consuetudinem
2652 4834 2837 4910 (Prov.
2860 4837 2917 4893 5.
2948 4837 3061 4903 l9).
3091 4836 3159 4891 Et
3198 4850 3432 4891 rursus:
3465 4834 3587 4891 Sint

1972 4931 2061 4985 tibi
2101 4928 2199 4984 soli
2232 4946 2346 5000 quin
2388 4931 2540 4984 habes
2562 4971 2577 4996 ,
2606 4939 2653 4985 et
2697 4946 2847 4983 nemo
2874 4930 3072 4984 alienus
3105 4929 3172 4984 sit
3214 4929 3304 4984 tibi
3335 4930 3589 4999 particeps

1973 5024 2139 5095 (Ibid.
2170 5040 2218 5078 υ.
2252 5024 2363 5096 17).
2397 5024 2464 5078 Et
2491 5039 2679 5079 rursus
2704 5040 2718 5077 :
2751 5023 2897 5077 Fons
2919 5039 3065 5093 aqua:
3088 5025 3152 5078 sit
3182 5023 3273 5077 tibi
3298 5022 3396 5078 soli
3421 5021 3586 5093 (Ibid.

1972 5137 2020 5174 υ.
2057 5120 2171 5187 18).
2200 5117 2312 5172 Hoc
2340 5118 2506 5181 enim,
2527 5117 2575 5172 si
2602 5116 2919 5188 respexeris
2951 5114 3003 5171 id
3030 5114 3174 5187 quod
3201 5117 3461 5185 scriptum
3481 5124 3589 5183 est,

1977 5226 2078 5267 uec
2105 5225 2136 5265 a
2181 5208 2361 5264 verbis
2404 5207 2683 5276 declines,
2727 5219 2786 5262 ut
2814 5222 3037 5263 sensum
3069 5206 3413 5277 persequaris
3440 5248 3456 5273 ,
3486 5207 3593 5263 erit

1979 5310 2134 5365 valde
2161 5308 2537 5373 inhumanum,
2579 5315 2639 5360 ut
2662 5320 2733 5361 ne
2770 5318 2967 5375 aquam
3007 5301 3226 5373 quidem
3256 5301 3349 5356 ttlli
3388 5302 3591 5373 imper-

1980 5405 2079 5459 tias
2107 5421 2120 5459 :
2149 5402 2244 5459 sed
2269 5402 2357 5457 hic
2373 5400 2595 5472 quidem
2618 5398 2857 5470 loquitur
2880 5396 2951 5453 de
2976 5410 3170 5464 uxore,
3196 5404 3332 5451 utea
3355 5394 3595 5450 fruamur

1978 5514 2104 5555 cum
2149 5497 2525 5567 temperantia,
2576 5492 2781 5549 fontem
2831 5505 3030 5547 vocans
3076 5504 3222 5557 eam,
3254 5499 3309 5545 et
3353 5501 3593 5555 cervam,

1984 5599 2202 5663 propter
2224 5589 2509 5660 puritatem
2537 5600 2865 5657 congressus
2891 5583 3215 5655 eonjugalis.
3248 5581 3317 5639 Et
3341 5579 3430 5637 hic
3463 5580 3590 5652 qui.

1984 5686 2105 5741 dent
2133 5684 2237 5738 hoc
2265 5682 2428 5737 modo
2450 5697 2465 5734 :
2495 5678 2689 5734 alicubi
2716 5691 2849 5735 vero
2872 5675 3089 5748 etquod
3110 5674 3372 5748 scriptum
3394 5679 3481 5728 est
3506 5685 3596 5727 ac-

2066 5866 2143 5937 (¹’)
2180 5870 2370 5930 md)“,
2402 5872 2606 5925 tlest‘l'ltt.
2633 5870 2748 5920 llitti:
2772 5867 2967 5917 Arabia.
