4154 6418
193 390 277 445 liii
1317 364 1678 427 EXPOSITIO
1715 361 1779 419 IN

1885 360 2148 420 SALIIUI
2187 362 2285 421 lx.

188 499 397 575 operari.
422 495 526 567 Qui
546 495 702 551 enim
730 492 835 547 fcrt
857 489 1134 555 auxilium,
1164 486 1214 544 ei
1244 485 1348 541 fert
1374 483 1464 554 qui
1492 488 1766 551 operatur.

189 569 288 653 lion
309 598 518 663 oportet
540 602 679 657 ergo
695 576 895 641 otiosos
921 596 1062 649 esse,
1093 587 1148 635 et
1170 580 1352 633 animo
1379 576 1636 634 deficere,
1667 569 1767 626 sed

189 695 237 741 et
269 696 446 755 preces
480 678 688 735 aﬂert‘e
714 716 730 741 ,
758 684 814 730 et
854 674 1246 742 eleemosynas,
1275 675 1332 722 et
1368 665 1548 721 omnia
1578 679 1702 733 qua:
1738 676 1769 714 a

190 751 326 833 nobis
358 773 488 844 ipsis
530 767 722 825 σπαιτί
750 773 994 837 possunt.
1039 762 1142 832 Qui
1173 760 1319 817 enim
1361 758 1416 813 in
1452 755 1594 811 bello
1639 751 1773 807 socii

190 880 314 935 sunt,
341 868 406 922 iis
433 862 522 935 qui
556 869 804 934 pugnant
824 873 979 930 opem
1016 854 1215 918 ferunt,
1248 865 1354 905 non
1381 848 1447 903 iis
1473 846 1562 918 qui
1590 844 1772 900 animo

191 960 457 1023 deﬁciunt,
482 963 544 1012 et
585 968 652 1010 se
688 950 895 1007 dedunt
935 947 1067 1004 otio.
1100 944 1157 1001 Si
1191 943 1273 999 vis
1314 954 1442 1011 ergo
1474 937 1568 993 Dei
1610 950 1768 1006 opem

190 1050 427 1122 assequi,
478 1059 780 1116 numquam
828 1057 946 1112 qua
994 1046 1083 1093 tua
1143 1043 1269 1091 sunt
1320 1028 1636 1122 prodideris.
1695 1025 1769 1081 ita

191 1144 276 1203 Joh
295 1119 454 1199 latum
488 1147 578 1197 est
599 1136 861 1192 auxilium
883 1172 900 1200 ,
929 1128 1090 1186 stanti
1127 1139 1182 1183 et
1207 1126 1414 1180 fortiter
1452 1119 1720 1177 dimicanti
1754 1135 1768 1172 :

192 1238 255 1291 ita
299 1234 457 1291 etiam
502 1227 771 1301 apostolis
801 1267 819 1295 ,
875 1221 1099 1295 pulchre
1141 1215 1528 1274 laborantibus.
1575 1212 1665 1267 tl.
1702 1208 1771 1301 ξι

191 1332 369 1398 sperati
410 1323 467 1379 in
523 1298 576 1376 te
630 1320 721 1392 qui
761 1322 1002 1372 noua-unt
1044 1326 1227 1366 nomen
1266 1318 1427 1362 tuum.
1483 1303 1666 1364 Alius,
1702 1298 1772 1353 Et

192 1394 440 1489 conﬁdent.
488 1412 766 1483 Propheta
813 1408 916 1464 hoc
960 1405 1085 1470 facit
1130 1400 1426 1464 assidue,-a
1469 1394 1772 1466 precatione

190 1514 248 1570 ad
274 1487 718 1568 exhortationem
773 1507 1094 1559 convertens
1139 1503 1461 1551 sermonem
1503 1530 1520 1554 ,
1565 1495 1623 1543 ut
1680 1487 1769 1556 qui

192 1608 251 1663 sit
288 1600 585 1662 communis
639 1597 829 1653 doctor
876 1592 1023 1648 orbis
1076 1600 1377 1649 terrarum,
1429 1590 1486 1638 et
1530 1579 1769 1649 philoso-

193 1699 312 1769 phia!
347 1694 664 1752 thesaurum
695 1697 997 1759 proponens
1045 1685 1099 1738 in
1145 1677 1401 1734 medium.
1432 1672 1663 1730 Pulchre
1691 1669 1773 1725 di-

195 1765 261 1847 xit
294 1788 552 1859 :Sperent
590 1785 651 1839 in
678 1792 726 1837 te
759 1780 847 1851 qui
884 1783 1128 1834 noverunt
1160 1788 1345 1827 nomen
1381 1779 1547 1822 tuum.
1583 1765 1683 1834 Qui
1720 1773 1773 1819 te

195 1888 435 1938 noverunt
453 1919 471 1945 ,
513 1874 727 1947 inquit,
758 1879 815 1927 et
835 1866 1087 1924 auxilium
1115 1873 1172 1919 et
1198 1860 1562 1917 defensionem
1590 1866 1732 1910 tuam
1751 1894 1771 1923 ,

196 1974 398 2031 validam
438 1969 649 2027 habent
687 1977 969 2026 ancoram,
1000 1973 1151 2030 spem
1180 1969 1341 2027 quam
1371 1953 1425 2008 in
1455 1962 1508 2006 te
1534 1950 1767 2013 habent,

195 2065 400 2121 validum
426 2061 701 2118 auxilium
727 2098 744 2122 ,
772 2066 830 2112 et
882 2052 1070 2109 turrim
1118 2046 1431 2112 infractam,
1477 2057 1603 2100 eum
1626 2081 1643 2108 ,
1680 2040 1770 2111 qui

197 2150 286 2212 non
321 2152 491 2212 solum
522 2148 812 2224 pollicetur
850 2142 1218 2201 liberationem
1260 2152 1291 2192 a
1336 2135 1529 2202 malis,
1568 2131 1665 2189 sed
1704 2146 1773 2186 ne

196 2247 525 2322 grassantibus
542 2241 764 2317 quidem
797 2233 1198 2295 difﬁcultatibus
1230 2227 1527 2322 perturbari
1548 2225 1774 2297 permit-

198 2320 265 2395 tit.
285 2339 379 2407 Qui
402 2337 549 2393 enim
573 2342 665 2390 est
698 2329 957 2387 liberatus
980 2326 1049 2382 ab
1084 2320 1334 2380 humanis
1359 2361 1377 2387 ,
1404 2327 1461 2376 et
1483 2334 1517 2383 a
1538 2331 1772 2388 superna

196 2445 278 2500 spe
298 2427 590 2501 dependet,
626 2438 738 2479 non
766 2420 939 2477 solum
969 2415 1222 2473 adsciscit
1245 2411 1351 2469 sibi
1377 2409 1713 2501 celerrimum
1740 2422 1773 2462 a

198 2520 333 2576 nalis
350 2500 725 2576 liberationem
743 2528 759 2577 ;
785 2510 882 2569 sed
901 2525 971 2566 ne
992 2509 1045 2564 in
1072 2503 1203 2579 ipsis
1223 2502 1437 2578 quidem
1454 2500 1609 2556 malis
1623 2513 1777 2556 vexa-

198 2621 272 2669 tur
292 2620 345 2668 et
379 2607 762 2682 perturbatur,
787 2611 849 2659 ut
878 2600 966 2658 cui
1002 2598 1139 2655 ferat
1166 2610 1326 2667 opem
1349 2608 1475 2667 spes
1501 2592 1647 2648 illius
1678 2604 1777 2645 an-

197 2719 338 2761 cora.
354 2703 428 2759 lta
444 2716 579 2773 ergo
600 2709 713 2754 tres
733 2694 882 2767 pueri
908 2707 1013 2749 non
1039 2690 1214 2747 solum
1238 2686 1447 2745 liberati
1473 2694 1601 2742 sunt
1616 2698 1647 2739 a
1667 2683 1778 2770 for-

198 2793 487 2867 nace(Den.
508 2766 601 2864 ξ),
626 2766 818 2845 sedne
835 2784 961 2842 dum
989 2784 1043 2839 in
1084 2781 1301 2837 fornace
1326 2777 1544 2851 quidem
1586 2766 1773 2832 versa-

202 2897 390 2955 reutur,
430 2879 912 2944 conturbabantur.
947 2873 1153 2933 Norant
1184 2872 1329 2930 enim
1362 2869 1467 2927 sibi
1504 2868 1697 2925 adesse
1720 2884 1753 2923 a

202 2979 299 3037 Deo
314 2978 596 3035 auxilium.
620 2973 691 3031 Et
707 2971 830 3029 ideo
846 2969 983 3025 alius
1001 2967 1133 3023 dicit
1153 2984 1168 3023 :
1192 2962 1262 3019 Et
1280 2962 1538 3034 conﬁdent
1554 3004 1571 3028 ,
1596 2956 1651 3022 id
1669 2966 1774 3027 est,

200 3069 452 3128 habebunt
463 3066 743 3127 Muciam.
763 3061 993 3133 imperio
1009 3058 1153 3115 enim
1182 3053 1399 3129 quodin
1422 3050 1779 3125 perturbatio-

201 3175 283 3218 aes
300 3171 377 3217 est
399 3160 563 3231 longe
577 3153 751 3226 major
764 3161 847 3210 est
860 3149 1058 3215 cautio,
1076 3161 1197 3219 quas
1211 3161 1277 3203 ex
1291 3159 1391 3215 spe
1406 3145 1459 3201 in
1480 3142 1651 3218 Deum
1670 3141 1781 3198 ori-

200 3260 291 3307 tur.
305 3249 407 3307 illa
424 3251 577 3307 enim
597 3254 723 3303 sunt
742 3243 1008 3308 humanae,
1030 3238 1136 3295 hoc
1153 3251 1283 3294 vero
1303 3236 1541 3305 divinum
1562 3244 1617 3290 et
1637 3233 1782 3288 inex-

203 3341 483 3413 pugnabile.
508 3334 955 3409 Quandoquidem
975 3331 1110 3388 dixit
1128 3344 1251 3411 eum
1271 3326 1441 3384 fuisse
1456 3325 1778 3396 adiutorem,

201 3434 421 3491 etfuisse
444 3430 738 3503 refugium,
763 3427 893 3485 dicit
917 3426 1078 3482 etiam
1096 3419 1373 3494 quomodo
1384 3420 1477 3509 ’sit.
1499 3414 1781 3487 Quomodo

202 3536 357 3582 autem
376 3536 459 3581 est
480 3525 511 3578 ἲ
549 3520 775 3592 Quando
803 3520 857 3574 in
876 3531 1000 3573 eum
1028 3512 1246 3571 assidue
1277 3523 1499 3582 sperare
1528 3522 1781 3579 perseve-

205 3634 383 3674 ramus.
410 3617 575 3686 Quod
616 3616 664 3670 si
702 3626 810 3668 non
839 3609 1018 3666 statim
1066 3605 1227 3663 solvit
1266 3598 1609 3661 difficultates
1631 3641 1647 3666 ,
1676 3598 1782 3655 hoc

204 3724 393 3782 quoque
414 3712 472 3764 tit
506 3719 607 3779 pro
632 3713 723 3761 tua
749 3700 1082 3775 probatione.
1124 3694 1585 3768 Quemadmodum
1610 3692 1778 3761 enim,

204 3816 309 3858 cum
333 3812 514 3875 posset
539 3814 646 3854 non
677 3795 1004 3868 permittere,
1034 3801 1096 3848 ut
1121 3798 1175 3846 te
1198 3788 1534 3853 invaderent,
1562 3784 1783 3855 permit—

206 3894 259 3949 tit
284 3903 451 3951 tamen
488 3899 555 3948 ut
583 3901 639 3946 te
666 3888 863 3944 faciant
906 3882 1265 3942 robustiorem
1295 3898 1309 3935 :
1340 3881 1413 3935 ita
1459 3879 1619 3933 etiam
1661 3890 1782 3931 cum

209 3996 369 4057 posset
394 3986 463 4042 ab
508 3984 662 4040 initio
690 3979 901 4037 solvere
921 4019 937 4045 ,
966 3988 1153 4033 rursus
1178 3981 1459 4031 cunctatur
1482 3977 1538 4027 et
1562 3967 1781 4035 differt,

208 4085 336 4131 tuam
357 4088 567 4147 angens
587 4070 941 4129 comtantiam
956 4108 975 4136 ,
999 4078 1056 4124 et
1083 4075 1227 4122 tuam
1255 4079 1405 4135 spem
1426 4074 1706 4128 exercens,
1730 4072 1785 4115 et

209 4174 336 4222 tuam
357 4169 410 4222 in
437 4168 618 4236 ipsum
651 4160 987 4218 affectionem
1011 4156 1244 4214 reddens
1283 4152 1741 4211 vehementiorem
1766 4192 1782 4217 ,

207 4268 253 4311 et
286 4272 451 4329 neque
496 4267 713 4324 semper
742 4250 1009 4323 permittit
1029 4246 1293 4319 opprimi,
1323 4260 1393 4300 ne
1432 4242 1783 4307 deficiamus;

209 4361 294 4404 tice
334 4360 555 4418 semper
599 4342 875 4414 quieScere
916 4348 973 4395 et
1016 4337 1278 4418 relaxari,
1326 4350 1396 4390 ne
1434 4333 1784 4387 coliabamur.

212 4414 577 4506 Mantinea
602 4430 909 4503 dereliquisti
932 4438 1212 4503 querentes
1234 4414 1303 4493 te,
1329 4425 1568 4481 Domine.
1595 4424 1784 4479 Alius:

213 4526 316 4583 Non
353 4532 491 4585 enim
536 4525 801 4595 reliquisti.
849 4522 927 4578 ita
952 4520 1114 4577 etiam
1156 4518 1288 4575 dicit
1323 4516 1460 4572 alius
1493 4533 1509 4571 :
1542 4513 1792 4585 Respicite

209 4622 417 4691 antiqua
436 4617 807 4692 permotiones,
833 4624 880 4669 et
897 4613 1060 4668 videte
1080 4611 1193 4679 quis
1214 4608 1435 4681 sperauit
1456 4608 1511 4661 in
1529 4604 1753 4661 Domino
1769 4645 1785 4671 ,

212 4722 251 4766 et
279 4714 464 4783 pudore
490 4708 704 4778 eiectus
725 4716 799 4763 est
819 4707 846 4761 7
871 4715 960 4762 aut
982 4705 1095 4776 quis
1120 4703 1366 4759 inuocauit
1393 4699 1672 4756 Dominum
1694 4741 1711 4769 ,
1743 4709 1792 4756 et

212 4800 691 4878 dereliniHEcdi.
717 4800 773 4855 2.
818 4800 907 4855 li.
950 4796 1088 4869 l2)?
1132 4794 1200 4851 Et
1224 4792 1534 4865 quomodo,
1580 4792 1789 4864 inquit,

213 4897 452 4964 queritur
493 4893 636 4973 Deus
660 4893 864 4963 quiest
886 4886 1122 4959 ubique?
1163 4885 1353 4942 Studia
1391 4893 1447 4940 et
1490 4884 1707 4950 animo,
1736 4892 1793 4939 et

214 4987 251 5040 si
275 4986 337 5042 ab
361 4988 434 5042 iis
460 4984 711 5041 omnibus
735 4998 856 5053 quae
878 4980 947 5037 ad
971 4979 1228 5036 saeculum
1259 4976 1531 5049 pertinent
1548 5016 1573 5061 ,
1596 4975 1796 5031 libere-

216 5094 333 5133 ων.
356 5077 525 5134 Inita
545 5075 688 5133 enim
709 5088 833 5128 cum
853 5081 978 5128 ante
995 5071 1183 5127 oculos
1200 5078 1254 5124 et
1271 5068 1324 5124 in
1345 5065 1592 5122 manibus
1604 5064 1795 5121 habea-

216 5184 317 5226 ltus
338 5170 633 5233 nescimus,
678 5165 774 5221 sed
814 5164 1298 5220 circumcursamus
1324 5174 1470 5230 saepe
1491 5165 1794 5229 qumrentes

217 5274 320 5330 (Ic
342 5272 627 5324 tenemus,
651 5250 866 5327 quando
890 5268 1044 5311 mens
1078 5253 1186 5309 alio
1208 5265 1365 5308 versa
1391 5248 1578 5307 fuerit.

274 5352 325 5409 ι.
372 5349 691 5419 Quaerenda
717 5347 859 5404 Deus
897 5356 945 5402 et
980 5344 1339 5416 eatquirendus.
1390 5340 1657 5397 Habitatio
1704 5338 1796 5393 Dei

216 5462 313 5516 qua
361 5444 699 5517 intelligatur.
724 5472 795 5484 --
816 5439 1099 5511 Quomodo
1152 5452 1283 5509 ergo
1333 5437 1502 5517 Deum
1553 5447 1798 5506 qumrerc

221 5514 483 5609 posuimus
498 5514 771 5604 {Quando
795 5533 921 5589 illuc
946 5531 1182 5587 animum
1211 5514 1558 5595 intendimus,
1581 5523 1799 5597 quando

220 5630 278 5684 ab
299 5631 359 5687 iis
383 5646 505 5702 qua:
533 5626 602 5682 ad
633 5626 767 5681 hanc
800 5625 962 5681 vitam
986 5623 1260 5695 pertinent
1285 5619 1546 5677 fuerimus
1568 5618 1796 5675 liberati.

220 5721 305 5788 Qui
330 5725 470 5780 enim
498 5719 693 5792 qumrit
715 5761 732 5785 ,
759 5720 936 5773 omnia
963 5734 1027 5773 ex
1056 5715 1238 5772 animo
1266 5715 1489 5781 eiiciens
1510 5754 1526 5779 ,
1554 5712 1701 5768 venit
1724 5711 1793 5766 ad

218 5815 333 5872 illud
372 5814 515 5891 quod
544 5813 756 5886 qna-rit.
785 5811 895 5869 Nec
932 5820 1142 5885 oportet
1189 5808 1362 5864 solum
1405 5819 1670 5879 qurercne,
1700 5802 1795 5859 sed

3384 366 3491 425 130

1883 476 2045 531 etiam
2070 476 2376 546 exquirere.
2398 473 2502 544 Qui
2526 476 2779 547 exquirit,
2801 491 2910 533 non
2932 477 3046 549 ipse
3067 477 3244 535 solum
3270 484 3486 549 qttaarit,

1881 568 1973 624 sed
1994 570 2220 624 aliorum
2240 567 2404 625 etiam
2425 583 2530 639 ope
2551 570 2736 636 utitur,
2764 579 2822 625 ut
2842 570 3081 627 inveniat
3103 571 3244 643 quod
3266 575 3486 645 quaerit.

1881 659 1986 715 Sed
2010 660 2066 715 in
2095 661 2161 716 iis
2188 659 2408 729 quidem
2426 676 2548 731 quae
2574 659 2642 715 ad
2669 660 2809 716 hanc
2837 661 3000 716 vitam
3033 665 3326 733 pertinent,
3355 680 3480 721 cum

1864 764 2025 820 saepe
2052 750 2427 819 qttznsierimus
2448 791 2466 818 ,
2498 766 2607 806 non
2648 751 2951 809 invenimus
2981 770 2996 806 :
3024 754 3076 808 in
3119 754 3489 825 Spintuaiibus

1878 851 2056 898 autem
2085 840 2187 899 hoc
2229 856 2335 896 non
2374 843 2537 910 licet,
2582 842 2681 899 sed
2702 844 2923 900 omnino
2950 860 3175 902 necesse
3201 858 3283 903 est
3312 858 3370 904 ut
3394 850 3487 920 qui

1878 933 2072 1003 quznrit
2134 934 2389 990 inveniat.
2449 933 2509 990 Si
2557 934 2701 988 cnim
2752 934 2819 989 ad
2873 936 3220 1005 quatrendum
3275 947 3487 995 tantum

1879 1022 2079 1094 egressi
2107 1022 2365 1078 fuerimus
2391 1067 2407 1088 ,
2437 1038 2543 1078 non
2574 1025 2839 1095 permittit
2873 1026 3013 1081 Deus
3040 1036 3099 1081 ut
3126 1042 3224 1082 nos
3256 1030 3483 1085 multum

1880 1128 2136 1168 vexemur
2161 1151 2174 1178 ,
2216 1127 2274 1169 et
2308 1113 2436 1172 ideo
2481 1114 2615 1169 dicit
2644 1134 2658 1168 :
2693 1112 2874 1170 Omnis
2918 1117 3005 1185 qui
3042 1109 3262 1188 quierit,
3297 1121 3488 1175 invenit

1883 1203 2109 1275 (Matth,
2136 1205 2190 1260 '7.
2218 1204 2300 1275 8).
2322 1204 2410 1260 12.
2438 1203 2659 1259 Psallite
2683 1204 2908 1260 Domino
2929 1208 3015 1276 qui
3037 1210 3231 1262 habitat
3256 1210 3308 1264 in
3331 1209 3486 1267 Sion.

1878 1296 2029 1349 Alius
2047 1336 2064 1362 ,
2096 1295 2198 1362 Qui
2224 1295 2361 1349 sedet
2378 1288 2425 1349 ‘.
2457 1296 2768 1351 Annuutiate
2792 1296 2925 1367 inter
2949 1310 3123 1369 gentes
3147 1300 3319 1353 studia
3346 1302 3482 1374 ejus.

1878 1388 2031 1442 Alius
2055 1386 2222 1450 dicit,
2266 1386 2333 1441 In
2377 1389 2582 1460 populis
2624 1389 3024 1458 machinationes
3052 1393 3183 1463 ejus.
3230 1391 3369 1461 Quid
3399 1394 3486 1449 di-

1878 1478 1997 1533 cis?
2051 1476 2215 1547 Cujus
2260 1479 2451 1533 caelum
2510 1479 2670 1535 sedes
2724 1489 2849 1548 est,
2892 1489 2947 1536 et
3004 1490 3143 1537 terra
3189 1484 3488 1540 scabellum

1880 1570 2072 1639 pedum
2095 1570 2251 1640 (lsai.
2284 1569 2375 1626 66.
2410 1570 2489 1643 l),
2519 1571 2673 1641 cujus
2704 1572 2757 1626 in
2787 1589 2946 1627 manu
2977 1584 3102 1630 sunt
3143 1575 3277 1631 fines
3323 1587 3484 1633 teme

1879 1659 2053 1732 (Psal.
2077 1660 2167 1717 94.
2187 1662 2268 1727 4),
2295 1661 2340 1716 is
2363 1661 2567 1717 ltabitat
2582 1663 2639 1722 in
2656 1662 2830 1720 Sion?
2855 1663 3017 1720 Certe
3049 1683 3062 1718 :
3094 1665 3484 1724 habitationem

1878 1752 2020 1806 enim
2067 1751 2155 1807 hic
2203 1752 2372 1817 dicit,
2420 1768 2527 1809 non
2585 1754 2704 1809 loco
2750 1756 3100 1813 circumcludi
3157 1759 3177 1829 (
3213 1768 3298 1814 est
3334 1760 3483 1816 enim

1878 1841 2085 1898 infinita
2109 1842 2227 1913 ejus
2255 1842 2629 1918 magnitudo),
2660 1844 2757 1901 sed
2786 1848 3112 1916 peculiarem
3142 1849 3483 1908 affectionem

1878 1932 1947 1987 ad
1976 1934 2152 1989 locum
2177 1976 2193 2001 ,
2238 1944 2292 1990 et
2330 1936 2653 2006 peculiarem
2679 1937 2735 1992 in
2779 1952 2902 1993 cum
2934 1940 3354 2011 propensionem
3375 1982 3393 2008 ,
3428 1953 3488 1998 ut

1878 2024 2093 2081 Judams
2121 2041 2215 2096 per
2238 2025 2377 2081 hanc
2403 2028 2484 2082 sui
2514 2028 2898 2105 dentissiouem
2940 2028 3008 2086 ad
3054 2045 3114 2087 se
3142 2033 3440 2090 attmlteret
3468 2051 3485 2093 :

1880 2127 2163 2187 propterea
2207 2117 2350 2171 enim
2396 2128 2579 2172 nostra
2610 2134 2824 2188 quuqtte
2852 2118 3047 2176 demus
3091 2136 3214 2178 esse
3251 2122 3484 2193 dicitur,

1879 2206 2020 2278 quod
2076 2207 2419 2277 peculiariter
2464 2210 2516 2262 in
2559 2223 2681 2265 eam
2738 2211 3059 2267 afficiantur.
3090 2213 3209 2269 Jam
3256 2231 3387 2271 vero
3429 2218 3486 2273 in

1881 2299 2034 2355 nobis
2058 2313 2272 2370 quoque
2314 2299 2557 2355 habitare
2600 2287 2833 2367 dicitur,
2886 2317 2996 2357 non
3049 2305 3193 2376 quod
3244 2322 3275 2361 a
3329 2306 3487 2363 nobis

1881 2388 2402 2460 commeltendatur,
2432 2390 2527 2445 sed
2553 2390 2695 2462 quod
2724 2395 2943 2463 proprie
2967 2409 3033 2448 ac
3060 2395 3401 2465 peculiariter
3432 2398 3488 2454 in

1880 2494 1980 2535 nos
2008 2479 2289 2536 afficiatur.
2321 2481 2450 2536 Sion
2477 2492 2659 2537 autem
2684 2481 2926 2537 Ecclesia
2952 2484 3247 2557 anagogice
3266 2486 3486 2543 dicitur.

1879 2571 2173 2627 Acressistis
2191 2572 2325 2627 enim
2348 2573 2418 2627 ad
2446 2581 2665 2627 montem
2688 2572 2817 2629 Sion
2844 2584 2891 2628 et
2922 2572 3207 2629 Ecclesium
3232 2578 3489 2649 primoge-

1879 2663 2102 2719 nitarum
2133 2662 2331 2738 (Hebr.
2365 2663 2451 2719 l2.
2468 2664 2585 2735 22).
2613 2664 2681 2720 Et
2704 2665 2898 2722 merito
2934 2683 3091 2721 mons
3109 2676 3196 2723 est
3221 2667 3487 2736 Ecclesia,

1879 2757 2023 2830 quod
2051 2756 2124 2814 sit
2152 2757 2304 2813 firma
2329 2798 2345 2826 ,
2391 2766 2449 2815 et
2489 2758 2727 2827 stabilis,
2752 2774 2857 2814 nec
2903 2759 3073 2828 possit
3116 2748 3489 2831 conquassari.

1880 2847 2340 2919 Quemadmodum
2361 2851 2506 2905 enim
2532 2865 2688 2905 mons
2708 2866 2814 2905 non
2844 2858 3018 2921 potest
3043 2850 3391 2917 labefactari,
3416 2853 3491 2908 ita

1882 2954 1985 2997 uec
2012 2941 2106 2997 Dei
2133 2940 2397 2997 Ecclesia.
2442 2942 2755 2996 Annuntiate
2777 2940 2910 2996 inter
2946 2952 3119 3013 gentes
3151 2944 3490 3015 studia'ejus.

1885 3026 2011 3088 vult
2028 3046 2122 3088 eos
2139 3046 2263 3088 esse
2282 3043 2560 3103 praecones
2580 3031 2674 3087 Dei
2694 3031 3102 3099 beneficiorum,
3123 3042 3179 3089 et
3198 3048 3490 3105 numquam

1882 3122 1999 3193 ejus
2026 3122 2204 3178 celare
2234 3121 2516 3178 beneficia.
2565 3121 2633 3179 Et
2661 3122 2767 3177 hoc
2804 3124 2935 3179 dicit
2985 3133 3095 3178 tam
3141 3134 3363 3194 propter
3390 3139 3488 3180 eos

1883 3213 1974 3285 qui
2003 3212 2184 3268 dicunt
2211 3253 2251 3279 ,κ
2278 3227 2439 3283 quam
2488 3222 2712 3283 propter
2741 3228 2838 3269 eos
2877 3214 2967 3284 qui
2996 3213 3243 3271 audiunt.
3275 3214 3411 3270 Nam
3437 3226 3496 3273 et

1885 3303 1981 3367 hi,
2013 3312 2068 3358 et
2114 3302 2190 3357 illi
2232 3302 2607 3368 lucrifaciunt,
2650 3302 2697 3358 si
2737 3304 3208 3360 attenderi.tt..l3.
3240 3304 3497 3372 Quoniam

1884 3395 2144 3466 requirens
2162 3394 2463 3465 sanguith
2482 3410 2658 3448 eorum
2678 3394 2977 3451 recordatus
3004 3404 3101 3453 est.
3126 3395 3320 3460 Vidisti
3346 3412 3495 3469 qua:-

1887 3502 2010 3542 nam
2040 3486 2186 3542 dicat
2220 3501 2410 3542 eorum
2440 3485 2660 3541 studia?
2708 3486 3005 3544 Beneficia.
3050 3488 3150 3544 llic
3181 3490 3346 3545 etiam
3383 3506 3499 3545 ma-

1884 3593 2049 3650 gnum
2098 3577 2369 3649 quoddam
2416 3577 2610 3649 dogma
2659 3577 2929 3648 significat
2973 3599 2988 3634 :
3038 3594 3147 3634 non
3198 3581 3497 3651 perpetrari

1887 3672 2052 3727 ullam
2079 3672 2318 3755 cantem,
2350 3670 2420 3727 de
2447 3685 2552 3741 qua
2594 3685 2771 3741 ptume
2796 3686 2905 3726 non
2932 3684 3215 3727 sumantur
3237 3714 3252 3739 ,
3293 3684 3351 3729 et
3372 3689 3496 3745 quae

1888 3778 1996 3819 non
2019 3763 2351 3819 vindicetur:
2371 3762 2515 3834 quod
2541 3765 2706 3818 etiam
2730 3763 2909 3820 Moses
2933 3765 3172 3821 ostendit
3196 3765 3251 3821 in
3277 3761 3495 3835 Genesi,

1888 3857 2077 3914 dicens
2104 3874 2118 3911 :
2146 3855 2466 3929 Sanguinem
2486 3864 2707 3911 uestrum
2730 3856 2987 3927 requiram
3004 3857 3024 3929 (
3042 3855 3171 3911 Gen.
3193 3856 3247 3913 9.
3269 3852 3350 3930 5).
3387 3859 3503 3916 Hoc

1890 3961 1973 4007 est
2000 3950 2253 4007 iudicium
2281 3951 2503 4005 infinitae
2530 3949 2649 4019 ejus
2678 3948 3053 4019 providentiae,
3082 3950 3421 4023 ingentisque
3443 3964 3503 4010 et

1892 4044 2112 4113 prolixa:
2131 4058 2295 4098 curae.
2319 4041 2377 4098 Si
2403 4049 2583 4097 autem
2612 4056 2719 4096 non
2750 4042 2931 4096 statim
2960 4043 3207 4113 requirit,
3238 4049 3308 4099 ne
3327 4046 3502 4102 mire-

1893 4136 1969 4190 ris
1999 4152 2012 4187 :
2041 4134 2136 4189 dat
2170 4135 2312 4190 enim
2353 4133 2726 4204 peccatoribus
2773 4134 3115 4190 occasionem
3145 4137 3501 4205 pcenitentiaz.

1838 4270 1841 4271 ν
1895 4211 2017 4282 Non
2043 4236 2117 4282 est
2144 4226 2330 4281 oblitus
2356 4226 2629 4280 clamorem
2657 4220 2938 4296 pauperum
2964 4225 3142 4298 (Rom.
3179 4229 3236 4282 2.
3269 4229 3350 4300 4).
3376 4228 3507 4288 Vide

1892 4335 2081 4374 rursus
2103 4333 2223 4375 esse
2250 4320 2301 4373 in
2330 4318 2535 4374 honore
2563 4333 2847 4388 pauperes.
2870 4318 2988 4374 Non
3010 4330 3188 4375 autem
3208 4320 3339 4376 dicit
3366 4321 3505 4378 sim«

1894 4411 2108 4483 pliciter
2135 4424 2419 4481 pauperes,
2452 4409 2546 4465 sed
2580 4410 2704 4464 illos
2728 4410 2817 4480 qui
2845 4417 2972 4465 sunt
2997 4425 3263 4481 pauperes
3287 4412 3505 4484 spiritu,

1894 4505 2032 4559 sicut
2076 4503 2206 4558 dicit
2245 4501 2489 4558 Christus
2522 4501 2732 4575 (Matth.
2780 4503 2833 4559 5.
2879 4502 2962 4571 5).
3005 4503 3046 4558 li
3088 4504 3234 4558 enim
3274 4505 3511 4561 maxime

1895 4594 2253 4650 esaudiuutur
2294 4592 2422 4648 dtnn
2466 4600 2657 4660 orant,
2709 4592 2800 4663 qui
2843 4601 2967 4647 sunt
3011 4592 3176 4648 corde
3218 4592 3407 4650 humili
3448 4605 3513 4650 et

1897 4685 2151 4740 contrito.
2180 4683 2281 4739 llic
2312 4693 2493 4739 autem
2523 4683 2633 4738 duo
2660 4684 2842 4753 ponit,
2874 4692 2929 4737 et
2955 4684 3290 4751 orationem,
3323 4693 3379 4740 et
3403 4684 3509 4740 ltu-
3578 4682 3581 4687 ⁴

1898 4776 2205 4832 militatem.
2230 4775 2313 4829 Ad
2334 4791 2485 4845 quem
2510 4774 2675 4838 enim,
2707 4776 2901 4844 inquit,
2930 4776 3201 4846 respiciam
3226 4777 3327 4830 nisi
3352 4793 3513 4848 super

1899 4868 2164 4935 humilem,
2192 4878 2239 4922 et
2267 4867 2511 4939 quietum,
2542 4876 2590 4921 et
2616 4867 2873 4922 timentem
2902 4870 3051 4922 uerba
3080 4885 3192 4922 mea
3222 4868 3379 4939 (Isai.
3413 4871 3506 4928 66.
3614 4882 3623 4891 "

1897 4960 1997 5033 2)?
2029 4960 2237 5031 Ubique
2262 4968 2444 5015 autem
2488 4960 2749 5016 orationis
2776 4960 3078 5015 vehiculum
3109 4961 3383 5019 invenitur
3412 4964 3504 5019 hu-

1901 5055 2123 5112 militas.
2175 5054 2352 5126 Prope
2396 5055 2542 5110 enim
2586 5064 2671 5111 est
2721 5054 2982 5112 Dominus
3033 5059 3280 5114 contritis
3324 5059 3513 5116 corde.

1888 5147 2127 5220 Oportet
2152 5148 2335 5218 itaque
2353 5161 2477 5204 cum
2502 5151 2591 5217 qui
2617 5158 2735 5202 orat
2756 5148 2991 5202 maxime
3014 5149 3230 5203 liberari
3251 5164 3282 5204 a
3303 5157 3519 5207 tumore

1904 5257 1969 5298 ac
1992 5240 2155 5297 fastu.
2176 5239 2338 5310 Quod
2368 5240 2529 5295 etiam
2559 5239 2757 5294 Paulus
2786 5240 2977 5309 qumrit
3003 5280 3022 5306 ,
3068 5240 3255 5295 dicens
3278 5254 3294 5295 :
3317 5239 3520 5313 Absque

1903 5330 1984 5393 ira
1997 5343 2046 5391 et
2060 5335 2425 5407 disceptatione
2438 5335 2486 5406 (l
2500 5373 2514 5388 .
2534 5332 2671 5388 Tim.
2689 5332 2745 5388 2.
2762 5332 2841 5405 8).
2867 5331 3033 5390 Recte
3059 5333 3214 5399 dixit,
3230 5332 3521 5390 Clamorem

1905 5445 2219 5503 pauperum,
2268 5442 2466 5500 nempe
2510 5424 2706 5483 mentis
2750 5423 3126 5493 affectionem,
3177 5439 3286 5481 non
3335 5437 3517 5482 autem

1974 5589 1991 5621 ι
2016 5583 2534 5657 fitec‘interpretatiq
2550 5591 2632 5638 est
2659 5588 2873 5657 Aquilae.
2900 5591 3057 5657 Paulo
3080 5586 3293 5657 post,_in
3314 5588 3521 5657 populis

2306 5647 2469 5720 ζῴη,
2521 5649 2629 5720 hac
2656 5647 3034 5720 interpretatio
3048 5715 3060 5720 _
3076 5647 3498 5720 «(amntem
3508 5690 3520 5701 .

1910 5712 2011 5760 Sed
2036 5710 2289 5774 Agellius,
2315 5709 2547 5773 D'rusius,
2565 5709 2852 5776 Corderius,
2870 5720 2925 5763 et
2942 5715 3143 5777 quidam
3166 5709 3285 5765 llas.
3312 5713 3524 5777 habent,

1912 5799 2045 5845 artas
2083 5794 2191 5855 eius
2218 5794 2324 5859 (τὰς
2361 5796 2578 5860 μηχανὰς
2603 5797 2794 5861 αὐτοϋ).
2824 5775 3128 5849 Hebraicum
3158 5805 3240 5850 est
