4070 6436
1154 4 1189 13 ‘,
1360 4 1367 13 ,
1395 4 1400 11 ,
1417 0 1577 13 θύη-...νη
1580 4 1737 11 -ο--η---
1754 4 1823 11 νήια

744 376 842 439 {Si

746 464 891 552 vocis
914 489 1298 560 intensionem;
1324 506 1445 548 cum
1471 502 1650 548 autem
1678 492 1839 558 dicit,
1868 489 1993 547 Non
2017 501 2089 547 est
2113 491 2324 557 oblitus,

743 587 1062 660 significavit
1104 601 1200 643 eos
1240 585 1490 643 invocare
1535 586 1784 655 assidue,
1829 595 1885 643 et
1924 596 2101 641 tamen
2145 603 2253 643 non
2293 602 2327 641 a

743 680 1006 750 principio
1022 678 1253 748 assequi.
1273 676 1413 746 Quid
1432 687 1515 732 est
1536 692 1665 749 ergo
1683 678 1825 749 quod
1846 678 2006 733 dicit?
2029 676 2107 734 Ne
2128 679 2326 748 putetis

663 755 669 760 ’
747 758 910 826 Deum
934 785 1055 827 esse
1073 770 1318 836 oblitum,
1337 780 1391 826 et
1409 769 1531 825 ideo
1550 784 1657 825 non
1682 769 1849 824 ultum
1872 784 1995 825 esse
2010 787 2026 824 :
2043 769 2163 840 ejus
2181 771 2323 824 enim

742 872 826 917 est
848 862 1147 932 proprium,
1168 875 1232 916 ea
1257 876 1376 931 qua:
1399 869 1524 916 sum
1536 859 1809 931 ejusmodi
1829 876 2091 932 querere,
2115 862 2325 917 etiamsi

745 968 904 1009 nemo
930 961 1109 1024 roget;
1135 953 1349 1023 quando
1375 961 1549 1009 autem
1578 963 1784 1021 rogant,
1808 962 1865 1010 et
1883 955 1974 1024 qui
2000 965 2186 1026 rogant
2200 964 2327 1012 sunt

743 1043 1009 1109 humiles,
1053 1044 1224 1099 multo
1251 1046 1439 1115 magis.
1483 1046 1571 1102 η.
1612 1044 1854 1104 lliserers
1892 1048 2028 1114 mei,
2075 1046 2322 1116 Domine,

740 1136 855 1190 cide
872 1135 1205 1192 humilitatem
1228 1152 1389 1191 nteant
1410 1138 1473 1193 de
1492 1138 1711 1194 inimicis
1730 1140 1871 1195 suis.
1893 1140 1983 1197 15.
2010 1140 2111 1208 Qui
2129 1142 2323 1197 mltos

739 1242 821 1281 nte
846 1228 911 1281 de
944 1228 1103 1298 portis
1130 1228 1302 1282 mortis
1324 1268 1340 1294 ,
1380 1235 1435 1283 ut
1479 1230 1773 1284 enuntiem
1800 1245 1973 1285 ma
2008 1231 2324 1286 laudationes

742 1328 856 1373 tuas
882 1318 934 1373 in
961 1318 1120 1389 portis
1144 1318 1269 1386 ﬁlia
1300 1317 1639 1411 SionrAlius
1660 1360 1676 1383 ,
2081 1320 2324 1411 decepta-

741 1408 902 1463 tiones
944 1417 1077 1463 tuas.
1116 1408 1288 1475 Alius,
1327 1406 1527 1464 Laudes
1569 1419 1701 1466 tuas.
1743 1409 1875 1467 Vide
1919 1426 2040 1468 eum
2066 1406 2324 1484 perpetuo

740 1488 969 1555 orationi
1011 1500 1253 1556 affixum.
1281 1503 1323 1555 A
1352 1502 1506 1556 malis
1532 1502 1674 1557 enim
1705 1496 1993 1571 liberatus;
2034 1515 2091 1561 et
2130 1505 2181 1561 in
2209 1515 2324 1562 tuto

741 1590 1059 1654 collocatus,
1099 1605 1205 1645 non
1231 1602 1409 1648 cessat
1433 1606 1618 1646 rursus
1637 1606 1793 1648 orare
1811 1634 1827 1658 ,
1848 1593 2055 1660 dicens,
2087 1593 2326 1651 Miserere

744 1681 864 1743 mei.
891 1690 946 1736 et
970 1696 1160 1751 rogare
1182 1696 1302 1736 eum
1331 1695 1428 1752 pro
1452 1680 1661 1738 futuris.
1686 1683 1911 1763 semper
1934 1684 2079 1741 enim
2105 1702 2325 1757 egemus

746 1768 838 1824 Dei
884 1769 1251 1841 providentia;
1298 1771 1529 1827 maxime
1568 1782 1746 1828 autem
1787 1773 1915 1829 dum
1962 1774 2252 1833 liberamur
2291 1794 2322 1834 a

745 1859 917 1916 malis.
951 1860 1109 1916 Aliud
1147 1862 1289 1917 enim
1334 1863 1529 1919 bellum
1573 1866 1770 1936 excipit
1816 1868 1980 1936 priori
2018 1866 2318 1939 difficilius,

741 1942 1005 2009 socordia:
1029 1960 1085 2006 et
1113 1947 1466 2023 arrogantiae;
1504 1962 1630 2011 tunc
1654 1958 1796 2011 enim
1838 1959 2005 2027 spirat
2030 1960 2323 2018 vehemen-

744 2041 852 2097 tius
875 2042 1147 2099 diabolus.
1160 2042 1337 2110 Quare
1362 2045 1593 2101 maxime
1611 2046 1888 2118 postquam
1915 2049 2117 2106 liberati
2137 2066 2322 2111 sumus

743 2148 774 2189 a
799 2133 955 2189 malis
973 2130 1003 2199 ,‘
1029 2134 1121 2191 illo
1143 2148 1277 2208 opus
1302 2134 1558 2193 habemus
1581 2139 1776 2195 auxilio
1796 2180 1813 2204 ,
1852 2148 1911 2196 ut
1938 2140 2091 2199 facile
2116 2160 2202 2199 res
2233 2160 2322 2202 se-

741 2224 946 2282 cundas
987 2224 1239 2283 feramus.
1292 2226 1423 2284 Nam
1468 2226 1641 2286 Judtei
1686 2243 1898 2302 quoque
1937 2233 2007 2288 ab
2051 2234 2322 2308 Egyptiis

739 2315 967 2382 liberati,
994 2316 1223 2385 graviori
1252 2315 1397 2374 bello
1422 2319 1781 2388 vexabantur,
1809 2326 2111 2395 arrogantia
2140 2336 2196 2382 et
2232 2343 2321 2384 so-

738 2406 942 2462 cordia.
971 2405 1121 2462 Tunc
1145 2408 1323 2479 itaque
1348 2408 1577 2466 maxime
1602 2411 1983 2479 moriebantur,
2015 2423 2073 2470 ut
2099 2418 2191 2487 qui
2214 2434 2320 2475 non

738 2512 959 2570 possent
986 2511 1134 2559 recte
1157 2503 1353 2560 ducere
1389 2506 1705 2562 exercitum.
1744 2506 1877 2575 Quia
1898 2508 2061 2585 enim
2092 2527 2191 2567 nec
2217 2513 2316 2568 ad-

737 2604 927 2645 versus
955 2591 1237 2663 ingluviem
1258 2636 1275 2660 ,
1306 2609 1407 2650 nec
1444 2595 1700 2655 adversus
1721 2597 1913 2667 abjecti
1943 2601 2105 2655 animi
2135 2604 2319 2659 vitium

737 2680 817 2755 (α)
846 2682 1054 2739 fortiter
1093 2685 1149 2740 in
1175 2686 1293 2742 acie
1320 2695 1614 2759 steterunt,
1660 2688 1753 2745 sed
1792 2688 2166 2769 ASgyptiorum
2195 2697 2319 2752 vitia

735 2781 860 2828 sunt
878 2774 1133 2839 smulati,
1157 2784 1217 2830 ea
1246 2778 1367 2833 illos
1394 2776 1758 2847 perdiderunt.
1784 2781 1947 2838 David
1967 2799 2177 2856 quoque
2196 2804 2316 2843 cum

732 2872 787 2917 et
810 2878 839 2916 a
867 2862 1041 2920 Saulis
1066 2865 1467 2924 difficultatibus
1490 2909 1507 2935 ,
1537 2878 1595 2926 et
1618 2870 1686 2927 ab
1709 2871 1829 2927 aliis
1854 2876 2105 2932 omnibus
2141 2876 2315 2935 hosti-

735 2954 834 3009 bus
859 2953 1047 3031 fuisset
1070 2956 1324 3013 liberatus
1348 2976 1362 3012 :
1387 2969 1667 3032 postquam
1705 2963 1936 3034 quietem
1966 2976 2019 3023 et
2047 2967 2322 3024 laxamen-

733 3052 847 3100 tum
898 3057 1216 3117 asscquutus
1258 3057 1380 3115 est,
1434 3045 1706 3108 difficilius
1757 3054 1949 3111 bellum
2002 3073 2187 3127 passus
2237 3069 2319 3126 est

734 3138 1113 3195 incontinentis
1134 3141 1458 3209 cupiditatis,
1488 3146 1629 3214 quod
1656 3161 1778 3203 eum
1797 3150 1957 3204 etiam
1981 3152 2168 3221 majori
2190 3168 2318 3223 sup-

735 3227 893 3304 plicio
919 3228 1115 3285 aﬂ'e'cit.
1149 3232 1408 3299 Quocirca
1452 3243 1575 3311 tunc
1604 3239 1837 3295 maxime
1877 3241 2167 3297 timendum
2196 3252 2313 3309 est,

734 3320 951 3390 quando
982 3318 1235 3377 fuerimus
1262 3324 1472 3380 liberati
1499 3326 1567 3382 ab
1591 3330 1862 3384 aerumnis.

807 3410 859 3462 7.
881 3409 1347 3479 Quemadmodum
1379 3415 1521 3469 enim
1549 3418 1818 3488 alligatam
1845 3420 2068 3477 bestiam
2107 3438 2212 3479 non
2243 3424 2312 3480 ita

734 3498 1017 3567 timemus,
1061 3510 1122 3556 ut
1159 3502 1406 3558 emissam
1441 3522 1455 3558 :
1494 3506 1563 3560 ita
1606 3510 1765 3561 etiam
1787 3509 1970 3565 vitium
2000 3527 2113 3569 non
2136 3521 2217 3569 est
2244 3516 2314 3570 ita

734 3591 1025 3647 timendum
1082 3591 1137 3647 in
1183 3593 1496 3660 afﬂictione;
1550 3606 1677 3653 tunc
1721 3600 1864 3654 enim
1916 3602 2184 3672 alligatum
2232 3617 2315 3661 est

728 3684 922 3739 animae
948 3684 1282 3755 aegritudine,
1309 3698 1365 3742 et
1392 3690 1508 3743 aliis
1534 3690 1760 3745 vinculis
1787 3710 1799 3746 :
1822 3693 1915 3747 sed
1940 3705 2057 3763 post
2081 3699 2314 3766 quietem

733 3783 787 3827 et
812 3774 1181 3830 remissionem
1210 3778 1440 3832 maxime
1470 3778 1761 3834 timendum
1790 3790 1892 3836 est.
1927 3783 1993 3838 Et
2023 3784 2144 3840 ideo
2171 3802 2315 3858 saepe

734 3861 938 3917 videbis
978 3879 1260 3934 prosperos
1298 3883 1476 3921 rerum
1522 3884 1799 3927 successus
1826 3874 2024 3941 majora
2055 3876 2191 3929 mala
2223 3893 2315 3947 pa-

731 3968 891 4016 rere,
937 3969 1097 4024 quam
1141 3972 1231 4011 res
1266 3959 1536 4014 adversas.
1583 3961 1657 4015 lta
1694 3963 1853 4015 etiam
1897 3963 2155 4020 Ezechias
2199 3977 2316 4036 post

732 4054 992 4113 tropteum
1020 4053 1136 4100 erat
1163 4048 1450 4115 periturus.
1494 4049 1749 4117 Quocirca
1792 4053 1905 4121 ipse
1947 4070 2160 4126 quoque
2188 4057 2313 4113 alibi

729 4133 896 4190 dicit:
919 4133 1119 4191 Bonum
1139 4139 1280 4203 mihi,
1308 4142 1443 4209 quod
1468 4159 1543 4196 me
1563 4142 1842 4199 Itumiliasti
1864 4144 2032 4218 (Psal.
2054 4150 2173 4205 ll8.
2199 4151 2309 4223 7f).

731 4224 933 4292 Quaerit
956 4238 1131 4283 autem
1156 4231 1575 4290 misericordiam
1604 4238 1761 4291 etiam
1786 4249 1903 4307 post
1925 4240 2311 4311 liberationem,

734 4326 791 4372 et
818 4316 973 4371 affert
999 4333 1211 4373 causam
1240 4316 1509 4391 petitionis
1536 4326 1916 4383 misericordia:
1935 4370 1950 4392 ,
1997 4334 2136 4402 quod
2178 4337 2315 4391 male

732 4408 803 4460 sit
836 4406 1075 4477 allectus.
1116 4408 1238 4463 Vide
1262 4413 1402 4466 enim
1434 4414 1764 4489 humilitatem
1795 4437 1956 4474 meum
1994 4423 2058 4477 de
2093 4426 2313 4481 inimicis

732 4492 876 4557 meis,
903 4499 956 4545 et
974 4491 1130 4545 aliam
1152 4508 1369 4549 rursus:
1392 4497 1493 4564 Qui
1518 4500 1711 4555 exultas
1742 4519 1820 4556 me
1842 4504 1905 4559 de
1923 4508 2080 4575 portis
2117 4512 2310 4564 mortis.

736 4577 817 4633 Ad
845 4594 966 4634 cum
995 4580 1136 4633 enim
1168 4584 1254 4649 qui
1286 4586 1587 4653 auxiliatur,
1621 4592 1831 4661 meique
1858 4610 2041 4650 curam
2070 4599 2224 4667 gerit,
2253 4616 2316 4656 ac

736 4682 951 4738 semper
973 4685 1159 4725 manus
1192 4673 1317 4726 mihi
1346 4677 1565 4743 praebet,
1597 4680 1863 4752 confugio.
1894 4684 2081 4742 Vidisti
2107 4704 2229 4744 eum
2261 4692 2313 4745 in

734 4759 1029 4816 futurorum
1056 4764 1307 4832 petitione
1330 4782 1425 4836 pro
1445 4774 1724 4841 prmtcritis
1744 4777 1901 4831 etiam
1916 4782 2114 4849 gratias
2134 4800 2312 4855 agere,

732 4858 788 4905 et
831 4851 1023 4921 duplex
1051 4853 1230 4910 dicere
1271 4857 1627 4917 beneficium?
1665 4865 1779 4920 Non
1829 4871 1969 4923 enim
2010 4851 2188 4940 dixit;
2214 4851 2311 4941 Qui

736 4942 928 4996 liberas
956 4960 1041 4999 me
1069 4946 1135 5000 de
1165 4952 1327 5016 portis
1346 4953 1553 5018 mortis,
1585 4954 1699 5019 sed,
1724 4956 1826 5021 Qui
1850 4962 2046 5017 exultas
2076 4980 2170 5017 me.
2195 4966 2311 5021 Non

734 5030 876 5084 enim
910 5032 958 5086 in
987 5049 1173 5089 eorum
1214 5039 1366 5092 malis
1412 5049 1614 5096 tantum
1656 5046 1923 5102 solvendis
1962 5052 2196 5107 Substitit
2222 5057 2310 5115 Dei

736 5120 1044 5178 beneficium
1069 5127 1193 5182 :sed
1220 5127 1341 5182 fecit
1363 5146 1457 5186 eos
1486 5134 1643 5188 etiam
1669 5136 2027 5203 admirabiles,
2056 5144 2309 5217 insignes,

734 5224 787 5270 et
809 5216 1078 5273 ciarioies.
1103 5219 1215 5274 Non
1238 5221 1367 5276 dixit
1385 5234 1582 5291 autem,
1606 5228 1682 5281 Ex
1711 5240 1878 5298 porta,
1896 5234 2009 5297 sed,
2033 5234 2113 5291 Ex
2130 5240 2309 5307 portis,

793 5416 865 5501 fa)
881 5424 951 5501 ,ἓξ
972 5424 1161 5501 circa.
1187 5432 1567 5501 uisurus».
1585 5428 1733 5501 "RES!
1746 5431 2058 5501 russea,
2072 5445 2309 5501 tamen.

734 5479 857 5553 apud
880 5479 1056 5527 Patres
1071 5479 1432 5553 scriptorestlite
1454 5479 1829 5553 feccfesiasticos
1852 5479 2091 5553 significat
2144 5479 2312 5543 simul;

732 5542 889 5615 totum,
918 5540 1275 5615 contenti?an
1312 5540 1603 5615 discidium;
1643 5548 1733 5615 etsi
1759 5540 2074 5615 primavjllius
2096 5540 2229 5603 vocis
2251 5540 2314 5603 si-

734 5596 973 5675 gnuicatio
996 5604 1073 5675 sit,
1100 5596 1310 5675 defectus
1334 5610 1378 5654 et
1400 5596 1599 5675 pusillus
1615 5596 1821 5675 tulimus.
1850 5596 1963 5675 \_‘_ide
1980 5596 2315 5675 qum‘in‘lian'c

734 5673 903 5735 vocem
926 5662 1137 5711 diximus
1155 5662 1208 5711 in
1247 5662 1546 5735 onomastico
1568 5670 1627 5717 ad
1651 5669 1887 5735 Athanasii
1910 5662 2087 5735 Opera.
2108 5662 2311 5725 uocau-

733 5730 832 5800 teJm
856 5722 1235 5800 lqco'utrumque
1260 5728 1464 5789 intelligi
1484 5742 1623 5790 posse
1650 5732 1853 5791 videtur,
1871 5722 2213 5798 et,'tdtjcctttin,
2228 5722 2308 5800 cl,

734 5783 797 5833 ad
824 5782 1374 5848 rebellttndttm'promtm
1396 5782 1624 5839 tnttitttmt.

1444 380 1502 437 8.
1538 378 1818 437 JOANNIS
1849 376 2329 439 CHRYSOSTOII
2367 376 2686 437 ARCHIBP.
2724 378 3256 442 CONSTANTINOP.
3932 389 4010 446 131

2433 489 2598 545 multa
2642 494 2876 563 pericula
2918 495 3245 567 signiﬁcans.
3280 498 3352 556 Ut
3384 503 3682 559 “nuntiem
3705 520 3883 565 omnes
3909 514 4001 565 tau

2433 583 2662 642 dotiones
2700 597 2812 643 tuas
2852 592 2905 644 in
2934 594 3095 662 portis
3133 595 3259 663 [Elite
3304 597 3452 654 Sion.
3498 600 3653 671 Quod
3695 606 3871 663 suasit
3908 612 4009 667 aliit

2433 675 2630 745 facere,
2655 680 2769 749 ipse
2786 678 2910 737 facit
2930 699 2947 739 :
2969 684 3283 743 Annumiate
3300 691 3463 757 enim,
3487 693 3675 767 inquit,
3698 698 3835 754 inter
3855 714 4009 775 gente

2432 767 2604 821 studia
2627 772 2755 840 ejus.
2784 770 2901 829 Hoc
2925 788 3027 845 ego
3048 791 3263 850 quoque
3290 797 3431 839 nunc
3455 782 3645 842 faciam
3665 828 3683 856 ,
3710 798 3767 847 et
3794 767 3908 848 non
3939 810 4005 851 so

2434 858 2710 917 lummodo
2739 861 2929 920 faciam
2967 882 3076 923 uno
3108 882 3390 939 prasente,
3426 877 3511 932 vel
3557 876 3787 948 duobus,
3813 885 3905 941 vel
3938 888 4009 943 tri

2430 950 2556 1020 bos,
2596 952 2692 1009 sed
2730 954 2784 1010 in
2814 956 2996 1015 medio
3034 959 3262 1019 theatro.
3294 964 3383 1022 16.
3414 966 3699 1027 Exsulta“
3723 975 3779 1030 ist
3807 979 4010 1034 salutat

2433 1051 2540 1098 tuo.
2573 1043 2686 1103 [loc
2724 1055 2810 1103 est
2852 1050 2983 1105 mihi
3008 1066 3239 1120 corona,
3271 1054 3373 1112 hoc
3414 1058 3694 1131 diadema,
3722 1078 3952 1139 propter
3979 1080 4010 1125 tt

2433 1141 2689 1205 tropaeum
2731 1138 2961 1211 erigere,
3010 1154 3231 1215 propter
3274 1156 3328 1204 te
3367 1150 3595 1210 salutem
3644 1138 3897 1228 adipisci.
3951 1162 4010 1219 lt:

2429 1224 2594 1280 etiam
2637 1240 2737 1283 nos
2776 1244 2991 1302 quoque
3027 1248 3333 1304 queremus
3361 1254 3469 1296 non
3509 1224 4009 1306 omnino-servari.

2430 1330 2537 1370 non
2564 1320 2786 1376 omnino
2809 1336 2841 1378 a
2870 1323 3026 1381 malis
3054 1326 3269 1385 liberari
3289 1371 3305 1396 ,
3345 1332 3441 1389 sed
3481 1338 3776 1395 secundum
3822 1340 4002 1399 Deum

2432 1403 2546 1462 Hoc
2567 1417 2745 1464 autem
2774 1410 2895 1466 dico
2935 1404 3155 1485 propter
3195 1433 3292 1474 eos
3324 1424 3414 1492 qui
3455 1424 3509 1480 in
3556 1428 3760 1487 morbis
3796 1442 4010 1492 utuntut

2429 1495 2895 1591 incantationibus,
2926 1514 2981 1561 et
2998 1506 3131 1564 alias
3147 1512 3437 1586 exquirunt
3451 1519 3750 1591 przestigias
3773 1522 3843 1581 ad
3864 1540 4010 1583 suan

2428 1583 2708 1645 levardam
2754 1594 3143 1664 egritudincm.
3191 1599 3302 1657 Hoc
3336 1583 3479 1660 enim
3510 1583 3729 1667 nonest
3768 1619 4009 1675 servari.

2430 1674 2524 1731 sed
2555 1679 2749 1746 perire.
2796 1682 3024 1741 Itasima
3070 1692 3214 1746 enim
3256 1696 3403 1751 salus
3440 1706 3525 1753 est
3567 1716 3664 1768 per
3700 1704 3869 1760 Deum
3898 1724 4010 1767 esst

2427 1777 2719 1829 servatum.
2765 1770 2952 1843 Inﬁce
2988 1790 3105 1833 sunt
3132 1792 3305 1852 genus
3337 1786 3393 1841 its
3430 1788 3667 1861 interitu,
3699 1811 3851 1865 quasi
3878 1801 4010 1870 fere.

2426 1869 2566 1951 runt.
2609 1864 2780 1929 Alius,
2827 1866 3381 1951 tinnimentum.
3423 1864 4010 1950 lnteritumsive‘cor.

2427 1941 2726 2020 ruptionem
2751 1957 2883 2013 dicit
2910 1962 3095 2018 vitium
3120 1982 3133 2014 :
3158 1941 3301 2022 nihil
3319 1941 3461 2027 enim
3505 1941 4009 2055 aequeconrru'mp'il.

2428 2051 2486 2097 ut
2504 2044 2709 2101 vitium.
2734 2046 2980 2119 lmprobo
3004 2056 3145 2111 enim
3170 2057 3383 2118 homine
3402 2064 3535 2121 nihil
3554 2044 3638 2124 est
3658 2044 3984 2133 imbecillius
4007 2100 4010 2137 ;

2427 2138 2657 2206 propriis
2684 2144 2848 2198 armis
2876 2147 3083 2218 capitur
3109 2152 3463 2223 vinciturque.
3496 2168 3554 2215 ut
3577 2159 3778 2220 ferrum
3803 2181 3837 2221 a
3861 2168 4010 2227 rubi.

2425 2228 2571 2319 gine,
2599 2240 2655 2286 et
2678 2232 2797 2287 lana
2818 2250 2847 2289 a
2871 2238 3007 2292 tinea
3032 2258 3045 2294 :
3067 2242 3135 2295 ita
3161 2244 3318 2299 etiam
3340 2246 3617 2319 impmbus
3638 2268 3671 2310 a
3692 2257 3839 2314 vitio.
3858 2258 4009 2319 Und.

2426 2318 2585 2420 etiam
2614 2331 2739 2379 ante
2766 2328 3085 2397 supplicium
3106 2335 3247 2405 quod
3272 2352 3305 2393 a
3330 2338 3440 2396 Deo
3468 2342 3711 2413 infertur,
3735 2350 3909 2420 ipsum
3933 2318 4010 2409 vi.

2431 2410 2559 2517 tjium
2589 2414 2657 2469 ab
2676 2428 2745 2471 eo
2766 2419 2856 2488 qui
2882 2420 2936 2475 id
2966 2420 3090 2479 facit
3106 2440 3293 2497 pinnas
3316 2432 3496 2504 exigit.
3518 2436 3651 2505 Quia
3682 2410 3823 2498 enim
3842 2447 4010 2517 multa

2424 2500 2494 2556 de
2512 2516 2741 2573 superna
2763 2509 2965 2577 iustitia
2992 2515 3263 2586 disseruit,
3294 2531 3350 2577 et
3375 2500 3445 2581 de
3472 2500 3564 2583 Dei
3590 2532 3809 2599 auxilio,
3838 2508 4010 2607 ipsum

2423 2602 2601 2650 autem
2630 2613 2736 2652 non
2762 2602 2939 2657 statim
2955 2607 3119 2673 venit,
3135 2610 3232 2667 sed
3253 2625 3532 2674 cunctatur
3544 2629 3601 2676 et
3615 2621 3810 2690 diﬂ'ert,
3832 2602 3885 2682 et
3910 2628 4010 2687 hoc

2425 2685 2620 2740 multos
2645 2688 2808 2746 efficit
2828 2692 3148 2765 ignaviores,
3174 2705 3409 2761 ostendit
3430 2723 3550 2765 esse
3574 2710 3629 2767 in
3662 2685 4010 2790 foribussups

2425 2777 2660 2847 plicium,
2677 2791 2732 2837 et
2745 2786 2914 2841 malos
2930 2787 2981 2843 id
3000 2794 3223 2863 perpeti,
3239 2796 3371 2852 sicut
3387 2798 3516 2855 dicit
3529 2803 3688 2859 etiam
3699 2805 3895 2866 Paulus
3911 2830 3923 2864 :
3941 2777 4010 2870 fit

2424 2872 2703 2930 mercedem
2720 2874 2871 2945 quam
2901 2884 3122 2952 oportuit
3140 2890 3328 2944 erroris
3346 2892 3428 2947 sui
3443 2892 3497 2947 in
3522 2896 3701 2967 seipsis
3718 2902 4010 2969 recipientes

2427 2961 2602 3055 (nam.
2632 2967 2683 3021 l.
2709 2968 2825 3039 27).
2855 2971 2984 3028 Vide
3003 2984 3179 3033 autem
3208 2996 3365 3050 quam
3392 2961 3607 3055 proprie
3625 2998 3801 3046 utatur
3821 2961 4010 3051 uacuo-

2422 3053 2596 3110 nibus.
2644 3056 2831 3127 Inﬁxae
2869 3075 3021 3133 sunt;
3059 3066 3160 3123 hoc
3197 3080 3307 3137 est,
3343 3089 3439 3142 per
3466 3053 3571 3131 vim
3599 3065 3819 3138 retentae
3844 3098 3969 3140 sunt
3994 3131 4010 3152 ,

2420 3155 2545 3200 sunt
2592 3149 2641 3203 ei
2689 3150 3021 3212 inevitabiles
3064 3168 3264 3228 parate
3311 3164 3535 3222 insidiae.
3580 3170 3646 3225 Et
3689 3189 3891 3237 rursus,
3940 3149 4010 3234 In

2420 3234 2599 3305 laqueo
2635 3239 2733 3293 isto
2760 3259 2907 3314 quem
2947 3248 3340 3319 absconderant,
3381 3260 3771 3325 comprehensus
3807 3234 3889 3319 est
3920 3285 4010 3336 pes

2421 3340 2616 3380 eorum.
2652 3328 2907 3398 Vinculis,
2939 3337 3129 3408 inquit,
3158 3357 3276 3412 qua:
3301 3346 3437 3401 solvi
3463 3364 3751 3420 nequeunt,
3778 3328 4010 3414 adstrin-

2417 3428 2615 3507 guntur
2634 3420 2881 3491 improbi.
2905 3427 3027 3485 Haec
3047 3436 3305 3500 apostolis
3324 3449 3377 3492 et
3396 3438 3597 3497 Judaeis
3621 3424 4009 3507 usuvenernnt.

2418 3506 2641 3574 Quando
2677 3514 2819 3605 enim
2864 3516 3059 3573 bellum
3099 3526 3358 3593 gerebant
3393 3545 3513 3586 cum
3558 3538 3833 3605 apostolis,
3881 3506 4010 3599 illos

2419 3600 2631 3690 quidem
2662 3604 2792 3660 nihil
2826 3608 3107 3680 ltedebant,
3140 3619 3293 3672 malis
3322 3633 3498 3677 autem
3530 3600 4010 3690 innumerabilibus

2418 3688 2626 3760 seipsos
2671 3696 3037 3781 implicabant,
3086 3708 3319 3775 civitate,
3372 3727 3427 3769 et
3465 3706 3742 3785 libertate.
3790 3735 3845 3780 et
3884 3688 4010 3784 aliis

2418 3786 2665 3883 omnibus
2690 3794 2885 3859 eversi,
2911 3804 2966 3849 et
2989 3801 3261 3857 crescebat
3288 3806 3499 3874 quidem
3530 3813 3855 3883 praedicatio,
3884 3818 4009 3874 dis-

2417 3873 2776 3977 perdeba-ntu-r
2796 3893 2972 3977 autem
2996 3890 3083 3957 qui
3117 3873 3371 3959 parabant
3399 3873 3639 3957 insidias.
3675 3904 3742 3960 Et
3764 3873 3854 3977 qui
3892 3873 4010 3967 tres

2419 3976 2612 4030 pueros
2641 3967 2695 4022 in
2726 3969 3103 4043 Babylonieam
3148 3980 3417 4041 fornacem
3466 3967 3802 4050 immiserunl
3836 3998 3903 4053 ab
3936 4016 4003 4055 ca

2420 4068 2604 4148 rursus
2628 4062 2768 4130 capti
2796 4074 2919 4118 sunt
2959 4068 3233 4140 (b):quod
3274 4078 3433 4133 etiam
3466 4082 3517 4135 in
3551 4083 3766 4144 Daniele
3806 4091 4002 4148 factum

2420 4154 2521 4245 est.
2550 4145 2654 4245 Sed
2700 4151 2751 4204 in
2800 4154 3019 4245 Daniefe
3064 4162 3277 4231 quidem
3321 4166 3423 4224 hoc
3451 4173 3648 4229 merito
3676 4145 4003 4245 accidit,

2418 4234 2561 4289 enim
2594 4238 2764 4309 ipsum
2797 4244 3088 4313 iniecerant
3114 4270 3127 4306 :
3150 4252 3205 4308 in
3238 4258 3406 4314 tribus
3432 4270 3608 4318 autem
3641 4269 3819 4337 pueris

2421 4340 2540 4379 nam
2571 4339 2653 4384 est
2682 4331 2734 4385 in
2761 4348 2940 4403 causa,
2973 4341 3112 4410 quod
3135 4358 3254 4400 cum
3284 4363 3379 4404 rex
3400 4331 3695 4424 peccasset,
3720 4361 3754 4414 ii
3778 4331 4009 4431 qui-sta;

2419 4418 2547 4474 bant
2570 4432 2691 4479 ante
2718 4427 2986 4486 fornacem
3008 4474 3023 4498 ,
3054 4439 3347 4506 puniuntur
3366 4418 3691 4511 {Quoniam
3732 4454 3765 4507 ii
3792 4418 4005 4527 quoque

2418 4512 2506 4578 qui
2544 4513 2691 4570 fuere
2733 4522 3031 4590 combusti,
3063 4533 3272 4598 tyranni
3310 4533 3482 4603 jussui
3526 4512 4009 4611 inservicra'nt,'et

2418 4614 2631 4658 auream
2659 4615 2887 4665 statuam
2915 4615 3285 4675 adoraverant.
3309 4622 3374 4678 In
3402 4627 3598 4697 laqueo,
3622 4647 3767 4702 quem
3790 4635 4009 4693 abscon-

2418 4693 2618 4751 derunt.
2638 4699 2772 4758 1Vide
2789 4708 3059 4786 quomodo
3075 4714 3369 4770 ostenderit
3390 4693 3793 4780 inenarrabilem
3814 4743 4001 4786 eorum

2417 4802 2535 4844 esse
2578 4784 3039 4863 vituperationem.
3092 4804 3221 4872 Quia
3266 4811 3408 4865 enim
3454 4816 3594 4883 quod
3651 4817 3826 4885 fiebat,
3883 4836 4002 4879 erat

2419 4879 2632 4949 plenum
2677 4884 2984 4956 ignominia,
3027 4893 3147 4949 ideo
3180 4900 3384 4968 celant,
3431 4915 3485 4959 et
3526 4919 3785 4965 conantur
3812 4912 3999 4971 latere.

2418 4971 2505 5025 17.
2537 4972 2868 5045 Cognoscitur
2908 4980 3153 5041 Dominus
3183 4989 3384 5059 judicia
3430 4995 3641 5064 faciens.
3678 5001 3856 5065 Alius,
3902 5001 4001 5057 σο.

2417 5066 2586 5132 gnitus
2613 5078 2685 5123 est
2700 5071 2958 5140 judicium
2980 5078 3187 5144 faciens.
3215 5081 3327 5137 lfoc
3347 5096 3428 5139 est
3451 5087 3694 5155 puniens.
3720 5094 3999 5163 ulciscens,

2418 5168 2763 5228 persequens.
2795 5161 2984 5220 Vidisti
3011 5168 3151 5224 aliud
3181 5187 3348 5241 genus
3380 5176 3623 5235 beneficii
3665 5198 3732 5236 ex
3774 5161 4001 5256 castiga;

2481 5366 2713 5447 (aluei).
2741 5365 2912 5447 ΊξἭὩ.
2940 5382 3049 5447 ture
3093 5377 3433 5447 interpretatio
3455 5383 3645 5447 videtur
3669 5390 3864 5441 omnino
3887 5407 4003 5447 esse

2410 5428 3184 5518 ξ¹¹¹ί³ε³¹ῖ¹¹υ³ο¹¹υωςειυίνοοεπξι
3200 5428 3999 5518 ’έπῖἓῷεὴἷῐὸῶὲῖὶὲέἔτίέῖξῖῖ

2417 5498 2623 5565 hoc‘est,
2640 5499 2893 5565 immersus
2915 5520 3041 5565 sum,
3063 5509 3230 5559 Psalm.
3266 5498 3345 5563 68.
3362 5516 3413 5563 5.

2480 5558 2729 5637 (b)4§_avtl_.
2757 5577 2824 5637 :_c
2851 5572 2959 5617 Hac
2983 5558 3091 5637 pars
3108 5558 3345 5631 historiae,
3366 5558 3474 5637 quae
3511 5578 3777 5629 etiamnum
3802 5583 3849 5632 in
3872 5586 4002 5634 chal-

2419 5619 2542 5694 dago’
2562 5619 3001 5698 exstat,"temporé
3027 5619 3472 5698 μὴηὲώὶὀῆἶὶῗῖιῖ
3493 5619 3700 5698 videtur,
3746 5645 3794 5691 in

2420 5686 2566 5751 etiam
2597 5684 2845 5768 (Ξοαίρῇὺυε
2870 5684 3281 5768 Iexstabat;.qmt:
3326 5684 3455 5747 nunc
3499 5684 3830 5768 iniam-nibus,
3863 5684 4001 5768 Etth

2423 5745 2587 5821 sciam,
2606 5748 2779 5816 Graecis
2806 5749 3010 5821 vulgatis
3031 5745 3355 5821 (lesidératur.
3382 5776 3403 5804 ι
3434 5745 3483 5809 iu
3502 5745 4000 5821 Vv—ulgatawtatit'cu'uo:

2427 5813 2526 5853 stra
2550 5805 2743 5867 legitur.
2772 5805 2950 5860 Daniél.
2976 5814 3020 5861 5.
3037 5814 3114 5863 22.
