4154 6414
136 436 211 489 na
1229 402 1595 476 nxrosme
1633 400 1697 457 IN
1740 397 2060 457 PSALMUM
2105 398 2196 454 ix.

132 548 272 607 tione?
312 546 415 602 Non
458 543 635 599 solum
682 538 861 604 cuitu,
904 534 1101 604 inquit,
1144 529 1265 584 facit
1294 541 1389 581 eos
1421 521 1673 578 meliores

133 643 195 714 qui
229 640 567 709 castigantur,
616 631 715 687 sed
764 629 890 684 facit
925 626 1083 681 etiam
1106 666 1120 684 ,
1153 630 1209 714 ut
1242 617 1333 714 Dei
1361 612 1683 685 cognitionis

132 712 294 790 eluceat
315 730 442 785 ratio
462 746 477 782 :
494 734 545 782 et
569 740 631 780 er
672 738 740 780 eo
766 720 934 791 magis
959 716 1167 771 videtur
1191 712 1469 767 hominum
1496 719 1681 763 curam

134 840 293 897 prere.
311 823 437 880 Cum
463 823 647 890 itaque
679 814 915 887 permisit
939 803 1151 882 gregem
1182 819 1467 897 porcorum
1492 802 1680 897 detur-

133 893 242 981 iuri,
278 925 326 970 ct
349 914 397 968 in
426 911 559 966 mari
602 906 878 977 submergi
920 902 1133 974 (Marc.
1163 899 1216 954 5.
1249 896 1397 967 ιε),
1430 905 1557 949 tunc
1585 893 1680 948 ad-

134 1006 357 1061 miratione
399 1003 633 1058 maxima
681 995 912 1069 perculsi
944 1000 1085 1048 sunt.
1135 988 1191 1044 In
1241 987 1423 1043 Veteri
1469 998 1683 1057 quoque

133 1099 420 1154 Testamento
450 1092 647 1155 Judmi,
700 1086 920 1156 Quando
959 1101 1044 1138 eos
1093 1081 1383 1141 occidebat,
1418 1087 1551 1133 tunc‘
1569 1092 1686 1130 eum

134 1188 400 1253 parebant,
444 1178 904 1254 quemadmodum
935 1174 1066 1230 dicit
1093 1172 1352 1244 propheta
1381 1168 1557 1240 (Psal.
1592 1168 1681 1222 77.

135 1279 219 1348 Si).
246 1276 304 1332 Et
329 1291 419 1332 cur
448 1289 555 1329 non
589 1273 699 1328 hoc
729 1270 856 1326 facit
884 1264 1256 1339 frequentius?
1279 1263 1543 1333 Quoniam
1569 1260 1686 1329 vult

135 1386 211 1423 non
234 1384 318 1439 per
340 1369 441 1422 vim
469 1376 526 1423 et
549 1362 982 1434 compulsionem
1003 1402 1017 1424 ,
1065 1357 1160 1415 sed
1192 1373 1289 1428 per
1316 1356 1542 1411 liberam
1582 1369 1683 1409 vo-

135 1461 338 1515 luntatem
356 1460 604 1514 virtutem
625 1455 892 1521 exerceri,
912 1463 965 1508 et
981 1451 1243 1507 beneﬁcio
1262 1450 1443 1521 potius
1463 1448 1685 1503 allectos

136 1569 257 1623 quam
280 1554 497 1623 punitos.
530 1550 601 1606 Et
627 1557 861 1620 quanto,
904 1545 1034 1601 dicit
1059 1543 1356 1615 quispiam,
1384 1542 1577 1597 melius
1603 1548 1688 1595 est

136 1658 224 1698 esse
244 1643 541 1698 necessitate
565 1641 771 1697 bonum
793 1681 809 1705 ,
839 1652 997 1709 quam
1025 1635 1227 1690 malum
1259 1633 1428 1688 libero
1454 1630 1685 1702 eligendi

136 1732 343 1788 arbitrio?
368 1732 478 1787 Non
522 1738 706 1801 potest
733 1728 852 1800 quis
886 1741 1006 1783 esse
1033 1725 1206 1781 bonus
1246 1739 1310 1779 ex
1342 1722 1683 1779 necessitate.

137 1821 211 1889 Qui
227 1824 349 1879 enim
376 1822 588 1879 vinculo
609 1821 928 1891 illaqueatus
955 1819 1126 1873 bonus
1151 1824 1254 1881 est,
1283 1830 1392 1870 non
1418 1814 1522 1870 erit
1545 1829 1689 1870 sem-

141 1930 211 1982 per
230 1915 380 1970 bonus
398 1956 414 1980 ,
452 1913 550 1969 sed
578 1927 610 1967 a
639 1910 959 1967 necessitate
996 1908 1255 1963 liberatus
1292 1914 1594 1962 revertetur
1618 1905 1686 1961 ad

139 2008 279 2061 vitium
302 2024 315 2060 :
335 2007 416 2077 qui
440 2014 623 2062 autem
655 2006 728 2059 ita
756 2002 1071 2069 instituitur,
1100 2009 1159 2056 ut
1185 2014 1279 2055 sua
1302 2000 1469 2054 libera
1490 1998 1684 2055 volun-

138 2106 217 2152 tate
238 2097 316 2152 llat
354 2099 539 2159 bonus,
588 2111 718 2153 cum
760 2095 934 2150 bonus
978 2091 1151 2147 factus
1194 2090 1388 2157 fuerit,
1430 2098 1685 2145 constans

140 2201 275 2243 manet
302 2201 350 2247 et
372 2189 605 2245 Stabilis.
643 2188 710 2243 In
749 2187 986 2259 operibus
1026 2202 1272 2241 manuum
1300 2201 1510 2239 suarum
1538 2200 1684 2238 com-

144 2283 366 2348 prehensus
400 2293 472 2337 est
512 2290 773 2352 peccator.
803 2278 919 2335 Non
948 2278 1107 2345 dixit,
1140 2276 1391 2332 Mannum
1420 2276 1538 2344 Dei,
1566 2274 1680 2342 sed,

138 2373 332 2430 llanuum
358 2377 675 2447 peccatoris.

188 2468 230 2522 8.
258 2468 550 2535 Quibusdam
580 2468 647 2522 de
672 2464 897 2522 versibus
924 2463 1356 2536 praecedentibus,
1384 2478 1564 2517 rursus
1588 2462 1689 2516 ad-

138 2562 294 2626 mittis,
306 2561 802 2633 subsequentiumque
812 2559 1171 2630 expositionem
1189 2574 1356 2624 orsus,
1373 2557 1687 2612 demonstrat

140 2664 424 2721 paupertatem
442 2654 511 2707 ad
537 2656 775 2708 virtutem
806 2652 1052 2723 aptiorem
1076 2666 1184 2706 esse
1209 2650 1417 2704 divitiis.
1443 2678 1515 2689 —
1535 2647 1688 2703 Vidi-

139 2745 186 2797 sti
210 2748 445 2814 quomodo
465 2747 648 2801 variat
670 2745 991 2811 orationem,
1016 2752 1071 2799 et
1099 2742 1241 2814 quod
1269 2758 1335 2798 ex
1362 2742 1497 2798 czelo
1521 2740 1685 2797 infer-

142 2840 509 2907 tur'supplicium
553 2839 828 2902 inferens,
860 2845 914 2891 et
946 2849 1133 2906 poenas
1171 2849 1291 2905 qua:
1318 2849 1347 2887 a
1376 2834 1505 2888 vitio
1535 2833 1685 2890 inlli-

139 2935 291 2994 guntnr
314 2929 601 2985 inducens?
631 2927 914 2997 Quomodo
945 2925 1262 2997 supplicium
1285 2924 1427 2995 quod
1456 2924 1687 2981 infertur

138 3031 185 3071 ex
204 3008 343 3075 earlo?
367 3020 718 3093 Cognoscitur,
749 3020 941 3090 inquit,
967 3018 1220 3072 Dominus
1238 3017 1442 3088 judicia
1468 3018 1681 3085 faciens.

138 3110 362 3175 Quomodo
390 3130 573 3184 pcenas
602 3130 726 3186 qua:
754 3112 1068 3185 infliguntur
1094 3128 1121 3167 a
1151 3112 1323 3166 vitio?
1354 3108 1385 3164 1
1390 3111 1544 3179 nﬁxa:
1567 3118 1686 3165 sunt

140 3215 264 3268 grates
288 3205 333 3258 in
364 3206 597 3270 interitu,
629 3221 779 3277 quem
805 3209 1056 3275 fecerunt.
1103 3202 1169 3257 Et
1211 3216 1399 3256 rursus
1428 3216 1522 3256 eas
1556 3215 1685 3277 qum

143 3296 491 3360 [vmﬁciscuntur
520 3298 592 3354 ab
638 3297 976 3368 improbitate
1015 3312 1028 3348 :
1071 3294 1137 3348 In
1177 3293 1411 3365 aperibus
1439 3309 1685 3347 manuum

141 3401 302 3441 tuarum
325 3391 712 3460 comprehensus
738 3397 811 3443 est
838 3395 1087 3457 peccator.
1115 3384 1234 3441 Non
1265 3385 1409 3441 enim
1437 3384 1567 3441 dicit
1596 3399 1684 3440 so-

141 3479 220 3533 lum
256 3483 552 3553 supplicium
585 3480 731 3552 quod
772 3495 805 3535 a
845 3480 957 3535 Deo
1001 3478 1393 3548 proﬁciscitur,
1426 3477 1683 3548 quoniam

141 3582 246 3638 sape
268 3581 533 3629 cunctatur
559 3582 615 3629 et
644 3571 824 3627 differt
848 3590 861 3625 :
891 3585 1065 3641 neque
1093 3569 1269 3626 solum
1297 3568 1441 3640 quod
1471 3584 1502 3624 a
1527 3569 1679 3636 vitio,

140 3664 335 3729 quoniam
362 3667 507 3721 multi
550 3665 605 3719 in
636 3679 703 3721 eo
733 3664 961 3719 libenter
990 3670 1275 3717 versantur
1319 3679 1334 3717 :
1380 3660 1477 3717 sed
1507 3662 1682 3716 utriu-

141 3768 217 3822 que
237 3757 491 3814 conﬁrmat
517 3757 841 3814 orationem.
885 3755 953 3811 Et
999 3755 1119 3811 ideo
1159 3753 1323 3819 dicit,
1356 3752 1425 3809 In
1448 3748 1683 3824 operibus

142 3861 330 3903 unum
372 3869 578 3905 suarum
622 3850 1013 3922 comprehensus
1054 3857 1147 3904 est.
1197 3848 1351 3905 Alius
1371 3888 1387 3915 ,
1437 3847 1684 3903 Votorum

142 3952 299 3995 uarum
322 3942 433 4015 (ιι).
459 3943 538 4000 Nc
564 3959 694 4014 ergo
723 3943 1027 4006 existimes,
1060 3949 1111 3997 te
1139 3940 1593 3996 machinationem
1627 3939 1681 3995 in

143 4027 265 4086 alium
286 4036 467 4104 moliri,
495 4034 712 4107 quando
736 4035 898 4089 struis
924 4033 1084 4089 alicui
1115 4032 1336 4088 insidias
1368 4050 1382 4086 :
1413 4032 1508 4087 tibi
1535 4032 1681 4089 enim

144 4117 215 4189 ipsi
236 4128 450 4183 oontexis
469 4129 629 4184 retia.
652 4126 861 4193 Cantus,
888 4126 1196 4197 diapsalma.
1221 4125 1394 4193 Alius,
1422 4125 1535 4180 Vox
1558 4141 1683 4181 sem-

144 4226 223 4279 per.
243 4216 385 4280 Alius,
403 4217 688 4275 Hodulatio
708 4236 921 4291 semper.
951 4219 1209 4282 llcbrteus
1229 4229 1433 4285 autem,
1460 4217 1683 4289 Engaon

145 4306 211 4357 ut.
250 4308 321 4364 l8.
358 4310 719 4367 Convertuntur
763 4321 1048 4381 peccatores
1082 4313 1135 4365 in
1177 4312 1474 4383 infernum,
1507 4326 1682 4366 omnes

144 4406 270 4461 90'!“
292 4418 394 4471 aute
420 4404 785 4458 obliviscuntur
823 4402 1007 4457 Deum.
1056 4404 1210 4458 Alius
1233 4443 1249 4470 ,
1297 4403 1678 4458 Convertentur.

146 4482 185 4536 1η
216 4488 372 4547 iisdem
415 4510 605 4550 rursus
648 4496 914 4565 persistit,
948 4494 1238 4550 ostendens
1265 4494 1451 4549 vitium
1482 4495 1683 4553 habere

147 4580 399 4648 supplicium
430 4586 777 4641 constitutum
799 4630 813 4650 ,
846 4597 898 4641 et
927 4587 1257 4655 impietatem
1298 4601 1489 4657 parere
1532 4603 1679 4642 mor-

149 4673 241 4733 tem,
263 4684 308 4727 et
331 4687 597 4745 peccatum
630 4679 881 4748 pericula.
916 4678 1002 4735 i9.
1032 4680 1287 4745 Quoniam
1312 4697 1416 4735 non
1443 4681 1497 4735 in
1526 4682 1681 4750 finem

149 4755 283 4816 oblivio
304 4768 388 4821 erit
412 4770 669 4840 pauperis,
702 4771 945 4840 patientia
977 4789 1260 4843 pauperum
1288 4790 1389 4827 non
1420 4774 1598 4844 peribit
1627 4775 1681 4829 in

151 4852 277 4913 livent.
302 4859 433 4917 Alius
454 4863 723 4932 interpres
744 4863 888 4929 dicit,
916 4863 1039 4918 Non
1065 4867 1197 4921 enim
1224 4866 1277 4920 in
1305 4866 1459 4934 finem
1485 4867 1683 4920 mitium

151 4951 396 5012 fnpsrtotio
420 4952 649 5007 tradetur
667 4952 925 5031 oblivioni.
956 4953 1187 5010 Pulchre
1215 4956 1370 5022 dixit,
1402 4955 1466 5010 In
1492 4957 1643 5026 linem
1663 4972 1683 5011 :

151 5037 378 5095 emuniens
404 5058 509 5097 non
546 5058 759 5115 semper
786 5044 952 5115 qum-ri
994 5036 1393 5103 remissionem.
1440 5047 1497 5102 Si
1537 5050 1682 5104 enim

153 5134 310 5197 semper
335 5131 497 5190 futura
538 5136 606 5191 sit
642 5136 796 5207 quies
824 5146 881 5193 et
906 5137 1192 5205 remissio,
1236 5137 1452 5196 ubinam
1498 5148 1684 5197 osten-

153 5214 265 5304 detur
294 5228 573 5294 patientia?
615 5229 769 5299 Quod
809 5240 985 5286 autem
1030 5231 1201 5297 dicit,
1246 5242 1331 5289 est
1376 5233 1680 5304 ejusmodi:

156 5303 297 5368 Prcnas
317 5320 507 5376 dabunt
533 5322 757 5393 improbi
784 5365 797 5387 ,
827 5332 884 5379 et
907 5336 1148 5380 extrema
1176 5303 1464 5397 patientur.
1498 5326 1685 5398 Neque

155 5400 256 5456 enim
274 5405 391 5464 Deus
414 5412 669 5483 patietur,
693 5424 749 5469 ut
780 5413 844 5470 iis
865 5414 955 5485 qui
980 5414 1172 5486 injuria
1202 5416 1530 5486 afﬁciuntur,
1561 5434 1683 5489 per-

194 5596 487 5674 ifllltcrgco,
498 5624 657 5671 τιμε..
672 5621 820 5674 quam
835 5621 1004 5660 vocem
1020 5611 1283 5674 centianus
1296 5620 1542 5664 Henetus
1555 5612 1685 5664 male

151 5660 335 5733 Ϊεῗτῖεηιι
352 5660 826 5727 nimiumnimium
847 5660 1280 5732 nostratium»;
1298 5660 1687 5733 amna;

154 5725 290 5801 illius!)
311 5725 511 5801 notatur.
525 5733 617 5782 Sed
637 5738 732 5791 est,
758 5741 815 5801 ut
836 5725 1046 5801 videtur,
1061 5743 1121 5801 et
1134 5734 1284 5801 Savil.
1302 5725 1453 5801 potat.
1475 5725 1685 5801 Aquilae,

152 5787 209 5831 qm
463 5801 529 5843 tta
552 5787 799 5848 convertit
822 5794 940 5845 I‘sal.
964 5787 1045 5857 77,
1066 5798 1148 5859 72,
1168 5805 1221 5849 et
1239 5798 1346 5861 “8,
1361 5812 1412 5851 v.
1438 5787 1550 5863 ιι9;
1569 5787 1683 5852 nec:

158 5874 222 5914 πω
239 5868 351 5926 his
366 5868 440 5948 49,
466 5887 538 5938 to.

3306 396 3407 450 ιξςι

1796 526 1971 588 petua:
2000 523 2260 587 parentur
2289 514 2516 570 insidize.
2556 513 2659 570 Per
2698 513 2803 569 hoc
2846 521 2902 569 et
2943 525 3039 567 eos
3069 509 3404 577 consolatur,

1793 618 1849 664 et
1876 607 1995 662 illos
2026 615 2211 665 terret.
2245 615 2299 661 et
2340 606 2434 661 Dei
2463 605 2701 661 ostendit
2726 603 3067 660 clementiam
3086 645 3101 668 ,
3132 602 3274 671 quod
3300 602 3409 655 hos

1794 699 2011 769 quidem
2051 713 2202 753 mora
2232 696 2407 752 reddit
2439 697 2810 767 probatiores,
2842 694 2966 751 illos
2991 709 3121 751 vero
3152 693 3315 748 trahit
3341 694 3409 745 ad

1794 792 2193 863 paenitentiam.
2227 790 2362 846 Vide
2400 802 2580 845 autem
2621 786 2895 861 quomodo
2926 801 3113 843 rursus
3142 800 3411 859 pauperes

1797 886 1849 939 in
1880 884 2088 941 honore
2118 882 2384 940 habentur
2403 924 2418 948 ,
2450 899 2716 956 pauperes
2743 897 2849 937 non
2881 882 3163 951 absolute,
3192 880 3287 937 sed
3320 881 3410 950 qui

1794 984 1921 1030 sunt
1950 975 2166 1030 contriti
2194 974 2379 1030 corde.
2424 975 2462 1030 li
2491 976 2634 1031 enim
2671 985 2798 1029 sunt
2823 974 2909 1030 vel
2938 973 3173 1029 maxime
3201 971 3313 1043 apti
3344 973 3412 1027 ad

1795 1067 2108 1136 patientiam
2135 1084 2148 1117 :
2185 1066 2270 1122 vel
2299 1081 2359 1121 ca
2395 1066 2571 1137 potius
2599 1081 2658 1121 se
2689 1075 2876 1121 mutuo
2905 1072 3260 1135 comparant,
3304 1062 3413 1117 hu-

1793 1158 1995 1213 militas
2043 1157 2390 1228 patientiam,
2434 1158 2689 1229 patientia
2754 1157 3134 1212 humilitatem.
3184 1155 3241 1211 Si
3288 1156 3411 1226 quis

1795 1260 1975 1307 autem
2003 1251 2232 1318 dixerit,
2263 1252 2332 1309 Et
2357 1252 2634 1323 quomodo
2661 1261 2746 1308 est
2776 1260 3064 1323 paupertas
3088 1247 3365 1306 humilitas
3390 1250 3414 1302 ?

1794 1342 2040 1399 dicemus
2060 1358 2180 1397 eam
2203 1357 2325 1399 esse
2345 1340 2608 1413 aptiorem
2631 1343 2698 1398 ad
2722 1345 2996 1399 virtutem.
3026 1342 3127 1411 Qui
3152 1354 3235 1397 est
3263 1342 3410 1398 enim

1794 1433 1967 1500 dives,
1999 1434 2166 1489 animi
2196 1434 2517 1507 aegritudine
2543 1434 2776 1490 afficitur
2804 1444 2859 1491 et
2886 1433 3242 1489 conturbatur
3272 1451 3285 1488 :
3318 1434 3410 1504 qui

1797 1537 1979 1583 autem
2010 1542 2213 1598 pauper
2242 1535 2361 1594 est,
2394 1532 2576 1583 omnia
2623 1527 2725 1583 fert
2770 1527 2957 1593 facile,
2989 1534 3047 1582 ut
3075 1527 3165 1597 qui
3193 1526 3245 1581 in
3276 1541 3413 1597 pau-

1798 1627 2009 1690 pertate
2036 1618 2203 1675 veluti
2246 1619 2299 1674 in
2344 1618 2575 1689 quadam
2618 1620 2869 1691 palaestra
2909 1617 3221 1688 frequenter
3249 1633 3412 1673 exer-

1796 1721 2004 1768 ceatur.
2037 1712 2103 1767 Et
2128 1711 2251 1768 ideo
2270 1711 2520 1768 Christus
2541 1727 2755 1784 quoque
2780 1711 3015 1778 dicebat,
3045 1709 3267 1767 difficile
3290 1725 3413 1765 esse

1796 1819 1919 1860 cum
1947 1803 2147 1860 divitiis
2175 1820 2399 1875 regnum
2426 1805 2684 1860 cmlorum
2717 1804 2922 1877 ingredi
2950 1802 3161 1875 (Matth.
3186 1802 3411 1875 19.93).

1795 1897 1932 1965 Quid
1977 1906 2062 1952 est
2101 1907 2318 1963 autem,
2364 1882 2628 1953 Patientia
2668 1914 2955 1971 pauperum
2999 1914 3102 1952 non
3146 1897 3329 1968 peribit
3360 1897 3412 1949 in

1794 1992 1952 2061 ﬁnem
1974 1990 2000 2044 ?
2029 1989 2354 2061 Numquam,
2389 1991 2581 2063 inquit,
2613 1991 2830 2063 peribit,
2860 1990 2956 2047 sed
2985 1990 3264 2062 proprium
3295 1986 3411 2043 frn-

1795 2092 1939 2138 ctum
1971 2083 2192 2138 omnino
2234 2082 2480 2153 recipiet.
2530 2083 2685 2151 Quod
2725 2082 2943 2154 quidem
2997 2097 3103 2137 non
3135 2080 3318 2136 evenit
3360 2081 3412 2133 in

1796 2176 1864 2230 iis
1893 2176 2055 2232 rebus
2083 2192 2205 2248 qua:
2242 2176 2312 2231 ad
2351 2177 2551 2232 victum
2582 2177 2887 2247 pertinent,
2933 2176 3028 2232 sed
3060 2192 3205 2246 stepe
3248 2175 3411 2230 ﬁnem

1796 2283 1906 2323 non
1954 2278 2364 2340 consequuntur
2420 2269 2772 2339 pereuntibus
2830 2268 3125 2325 laboribus.
3179 2267 3312 2322 Nam
3358 2278 3413 2322 et

1797 2362 2029 2434 agricola
2054 2354 2355 2434 exspectat,
2385 2373 2441 2420 et
2467 2374 2739 2421 mercator
2771 2382 2784 2420 :
2813 2378 2957 2434 .stcpe
2981 2371 3162 2417 autem
3195 2370 3416 2432 propter

1795 2454 1937 2510 aeris
1975 2456 2352 2525 intemperiem
2385 2456 2600 2526 utrique
2630 2471 2659 2509 a
2691 2456 2867 2510 fructu
2908 2454 2989 2510 sui
3019 2454 3221 2510 laboris
3264 2454 3413 2508 exci-

1795 2544 1948 2600 dunt.
1983 2546 2042 2602 In
2072 2547 2184 2603 Deo
2210 2556 2397 2603 autem
2428 2564 2534 2602 non
2569 2548 2641 2602 ita
2675 2547 2767 2614 ﬁt,
2800 2546 2895 2603 sed
2927 2562 3153 2603 necesse
3180 2554 3263 2601 est
3291 2561 3414 2600 om-

1796 2637 1925 2693 nino
1957 2638 2119 2695 ﬁnem
2165 2640 2446 2711 consequi.
2494 2640 2607 2696 lloc
2643 2650 2823 2695 autem
2857 2655 2965 2695 non
3010 2654 3229 2710 parvam
3260 2638 3417 2694 all'crt

1794 2729 2244 2798 consolationem,
2269 2747 2486 2803 semper
2506 2731 2573 2787 de
2596 2731 2703 2787 ﬁne
2725 2731 3020 2787 confidere.
3042 2730 3135 2786 ΞΟ.
3158 2730 3413 2801 Exsurge,

1794 2820 2039 2890 Domine,
2066 2838 2169 2877 non
2196 2827 2513 2896 confortetnr
2543 2824 2713 2879 homo.
2741 2825 2914 2891 Alius,
2948 2822 3069 2879 Non
3098 2825 3277 2878 audax
3298 2825 3412 2894 ﬁat.

1792 2911 2103 2967 Judicentur
2130 2924 2319 2987 gentes,
2344 2916 2399 2969 in
2436 2920 2707 2988 conspectu
2738 2926 2846 2971 tuo.
2878 2917 3065 2985 Alius,
3110 2916 3173 2970 Et
3202 2917 3254 2970 in
3282 2917 3417 2990 {acie

1796 3013 1903 3058 tua.
1933 3002 2227 3077 Postquam
2258 3006 2395 3061 dixit
2426 3008 2635 3073 vitium,
2666 3008 2811 3078 quod
2843 3008 3027 3081 plures
3058 3009 3307 3065 homines
3334 3010 3417 3063 in-

1793 3095 1970 3163 vadit,
2015 3106 2071 3152 et
2106 3100 2343 3153 narravit
2384 3098 2660 3153 hominum
2703 3098 3142 3170 improbitatem,
3174 3101 3411 3173 rapinas,

1794 3190 2099 3256 avaritiam,
2134 3189 2447 3257 homicidia,
2487 3202 2643 3263 rogat
2670 3193 2837 3249 Deum
2868 3208 2965 3264 pro
2992 3195 3192 3249 auxilio
3222 3210 3411 3250 eorum

1792 3281 1887 3351 qui
1932 3281 2240 3337 afﬁciuntur
2286 3283 2503 3353 injuria.
2551 3284 2701 3339 Talia
2742 3294 2869 3340 sunt
2912 3286 3059 3342 enim
3100 3295 3412 3343 sanctorum

1794 3374 2022 3441 viscera,
2049 3383 2109 3430 ut
2133 3390 2240 3431 non
2270 3377 2446 3432 solum
2479 3378 2590 3433 sint
2614 3378 2683 3435 de
2713 3393 2772 3434 se
2798 3378 3035 3447 solliciti,
3070 3381 3163 3437 sed
3188 3382 3414 3452 perinde

1795 3479 1859 3520 ac
1890 3465 1936 3520 si
1966 3481 2066 3536 pro
2086 3482 2191 3553 una
2218 3468 2402 3536 domo,
2432 3484 2529 3539 pro
2559 3470 2690 3527 orbe
2717 3479 3008 3539 terrarum,
3038 3474 3123 3529 vel
3149 3490 3214 3529 ac
3239 3476 3283 3530 si
3314 3492 3413 3546 pro

1792 3571 1903 3613 uno
1930 3572 2160 3628 corpore
2181 3601 2195 3625 ,
2236 3575 2336 3631 pro
2367 3562 2709 3619 multitudine
2739 3564 3038 3629 hominum,
3075 3565 3146 3620 ita
3179 3581 3412 3635 precen-

1794 3656 1883 3704 tur
1910 3648 2217 3709 Dominum.
2249 3650 2506 3726 Exsurge,
2533 3653 2773 3724 Dontine,
2804 3673 2868 3711 ne
2889 3659 3208 3729 confortetur
3235 3660 3409 3716 homo.

1792 3740 1931 3815 Quid
1955 3753 2038 3798 est
2066 3752 2245 3799 autem
2268 3786 2285 3812 ,
2321 3745 2586 3819 Exsurge,
2620 3745 2885 3827 Domine,’
2913 3748 3280 3822 Persequcre,
3327 3753 3411 3807 in-

1793 3833 1931 3903 quit,
1962 3832 2045 3889 fer
2086 3848 2281 3905 opem,
2320 3835 2447 3907 puni
2477 3852 2574 3893 eos
2618 3838 2709 3909 qui
2738 3835 2983 3893 inferunt
3018 3839 3292 3912 injuriam.
3346 3844 3414 3901 Et

1793 3927 2011 3998 egregie
2034 3928 2192 3983 nudis
2211 3930 2521 3987 nominibus
2542 3946 2672 3988 usus
2690 3939 2795 4000 est,
2824 3948 2947 3990 cum
2968 3932 3126 4004 dixit,
3151 3934 3411 4010 Exsurge,

1791 4027 1867 4087 et,
1896 4019 2019 4074 Non
2046 4024 2362 4092 confoi'tetur
2389 4023 2541 4078 homo
2561 4040 2580 4077 :
2609 4033 2667 4079 ut
2692 4024 2963 4097 signiﬁcet
2991 4028 3135 4098 quod
3164 4030 3235 4086 sit
3260 4030 3410 4098 vilis,

1791 4112 1936 4183 quod
1962 4121 2234 4183 terrenus,
2257 4115 2400 4186 quod
2430 4116 2608 4186 pulvis
2635 4126 2689 4173 ct
2716 4118 2874 4175 ciuis.
2901 4117 3216 4177 Judiccntur
3238 4135 3411 4195 gentes

1791 4207 1848 4260 in
1875 4216 2148 4278 conspectu
2174 4217 2283 4262 tuo.
2313 4208 2453 4277 Quid
2487 4208 2589 4265 hoc
2618 4211 2746 4267 est?
2779 4212 2950 4280 Dent,
2985 4212 3191 4283 inquit,
3222 4229 3413 4285 pinnas

1792 4313 2014 4355 suorum
2048 4309 2413 4370 peccatorum.
2459 4300 2578 4357 Non
2624 4302 2820 4359 redditi
2863 4312 2991 4361 sunt
3029 4306 3285 4364 meliores
3314 4324 3413 4379 pa-

1795 4393 1981 4448 tientia
2007 4409 2023 4459 ;
2055 4393 2355 4450 facinorum
2381 4393 2450 4449 ab
2474 4395 2555 4451 eis
2580 4396 2846 4453 rationem
2873 4412 3129 4470 exposce.
3159 4399 3250 4456 21.
3275 4398 3417 4457 Con-

1791 4485 1944 4539 stitue
1966 4527 1980 4551 ,
2010 4484 2233 4543 Domine
2251 4529 2267 4554 ,
2310 4487 2654 4559 legislatorem
2679 4508 2838 4562 super
2865 4509 2969 4547 eos.
3005 4493 3187 4549 Sciant
3215 4505 3411 4568 gentes,

1792 4580 2035 4649 quoniam
2084 4580 2309 4636 homines
2356 4582 2497 4637 sunt.
2550 4583 2877 4655 Diapsalma.
2928 4586 3120 4655 Alius,
3171 4589 3410 4663 Semper.

1793 4676 1934 4745 Quid
1958 4685 2064 4742 est,
2089 4675 2349 4733 Constitue
2369 4679 2711 4752 legislatorem
2731 4700 2886 4756 super
2909 4685 3050 4757 ipsos
3068 4686 3094 4740 7
3118 4686 3412 4757 Quoniam,

1794 4769 2004 4841 inquit,
2028 4770 2209 4825 omnia
2242 4770 2444 4841 faciunt
2483 4774 2707 4844 perinde
2733 4790 2798 4831 ac
2826 4778 2872 4832 si
2911 4790 3095 4834 essent
3138 4782 3220 4836 sui
3246 4781 3413 4853 juris,

1793 4860 2042 4917 nolentes
2068 4861 2199 4919 dare
2224 4878 2435 4934 poenas,
2471 4865 2768 4935 ulciscere,
2797 4878 2855 4926 ct
2880 4870 2951 4926 sit
2975 4872 3056 4928 cis
3085 4874 3413 4946 supplicium

1793 4968 1894 5024 pro
1923 4952 2314 5012 admonitione.
2348 4956 2463 5013 [loc
2490 4959 2631 5015 alius
2659 4976 2875 5033 quoque
2902 4963 3236 5036 signiﬁcans,
3264 4968 3415 5026 dicc-

1794 5045 1889 5101 bat
1916 5064 1930 5100 :
1956 5045 2251 5117 Constitue,
2300 5047 2552 5119 Domine,
2588 5052 2661 5106 eis
2687 5054 2938 5109 timorem.
2975 5054 3110 5114 Vide
3135 5061 3417 5129 quomodo

1794 5153 1904 5194 non
1933 5140 2127 5211 qmerit
2155 5150 2214 5197 ut
2243 5142 2557 5212 puniantur,
2583 5144 2679 5200 sed
2708 5158 2767 5201 ut
2793 5145 3209 5217 admoneamur,
3240 5155 3417 5208 corri-

1793 5242 2024 5306 gantur,
2054 5241 2110 5289 et
2135 5250 2243 5290 non
2276 5236 2459 5291 vivant
2494 5238 2696 5308 inique.
2731 5239 2847 5294 Erit
2872 5240 3053 5309 enim,
3086 5242 3297 5315 inquit,
3332 5248 3416 5303 eis

1796 5327 2120 5399 supplicium
2160 5328 2281 5384 loco
2320 5329 2741 5397 admonitionis,
2776 5346 2882 5388 non
2910 5334 2992 5389 eis
3020 5343 3265 5403 tantum,
3314 5340 3412 5395 sed

1796 5420 1961 5476 etiam
1986 5420 2129 5476 aliis.
2159 5420 2227 5476 Et
2257 5430 2317 5477 ut
2344 5422 2486 5479 scias
2514 5433 2772 5494 quantum
2799 5440 2867 5481 ex
2893 5441 2961 5483 eo
2986 5428 3058 5484 sit
3084 5429 3330 5499 lucrum,
3359 5443 3415 5488 ct

1797 5511 2071 5583 quomodo
2097 5512 2346 5569 morbum
2372 5516 2656 5585 reprimat,
2685 5517 2813 5574 audi
2841 5519 2987 5590 quod
3031 5519 3290 5595 deinceps
3328 5538 3412 5580 se-

1803 5598 2013 5669 quitur.
2041 5598 2225 5657 Sciant
2246 5613 2423 5675 gentes
2444 5605 2585 5675 quod
2607 5607 2845 5663 homines
2867 5620 3011 5665 sunt.
3038 5610 3197 5681 Quod
3220 5621 3405 5668 autem

1802 5691 1961 5757 dicit,
1990 5694 2307 5764 hujusmodi
2334 5706 2419 5754 est
2450 5716 2464 5753 :
2497 5698 2653 5756 Multi
2689 5700 2793 5758 hoc
2821 5704 2988 5759 etiam
3024 5705 3405 5775 perdiderunt,

1801 5796 2016 5841 natura:
2048 5787 2202 5844 obliti
2240 5800 2390 5857 sunt,
2423 5792 2475 5846 in
2508 5792 2749 5850 furorem
2785 5796 3152 5869 impegerunt,
3188 5800 3404 5871 seipsos

1803 5877 2145 5949 ignorarunt.
2175 5881 2239 5939 Et
2262 5885 2486 5955 pulchre
2504 5887 2703 5959 adjecit
2721 5888 2878 5949 illud.
2895 5889 3134 5964 Semper,
3156 5900 3211 5949 ut
3234 5891 3401 5965 signi-
