4154 6418
751 422 854 477 135

751 538 933 593 ilcaret
974 547 1079 589 non
1123 531 1295 588 solum
1338 530 1392 585 in
1435 529 1595 584 rebus
1638 525 1875 581 adversis
1900 565 1915 591 ,
1955 522 2051 579 sed
2081 520 2325 575 etiamin

753 625 1023 684 secundis.
1066 622 1263 680 Verum
1288 664 1305 691 ,
1348 622 1394 678 si
1437 636 1531 677 eos
1570 634 1712 675 nunc
1758 616 1993 688 punieris
2016 655 2031 679 ,
2074 611 2333 668 habentes

756 731 1005 790 magnum
1048 699 1291 771 timorem
1310 753 1329 780 ,
1366 719 1423 768 ει
1465 693 1777 767 memeriam
1818 706 2078 762 malorum
2106 716 2228 774 qua
2253 700 2332 757 eis

753 815 1088 872 evenerunt,
1134 804 1341 862 etiamsi
1386 802 1468 860 eis
1513 814 1766 874 prospere
1812 812 1900 853 res
1940 795 2329 858 successerint,

753 904 925 957 scient
946 913 1096 955 suam
1127 905 1392 953 naturam.

825 989 880 1046 9.
909 987 1219 1060 ignorantia.
1238 986 1440 1059 gravior
1467 982 1770 1056 pbreuitide.
1787 1009 1863 1023 —
1881 980 2043 1035 Vides
2067 976 2336 1048 quomodo

760 1093 854 1147 pro
891 1078 972 1133 eis
1015 1078 1308 1131 oralionem
1349 1074 1577 1141 emittit,
1618 1086 1911 1141 eorumque
1950 1069 2067 1124 vult
2088 1067 2335 1126 furorem

759 1167 952 1239 corrigi
972 1168 997 1223 ἲ
1018 1168 1239 1238 Seipsos
1258 1167 1400 1223 enim
1429 1165 1676 1235 ignorare
1690 1172 1773 1219 est
1790 1170 2043 1217 extrema:
2068 1158 2333 1221 amentia,

755 1270 813 1318 et
840 1260 1090 1332 phrenesi
1119 1259 1352 1329 gravius.
1384 1252 1497 1312 Hoc
1518 1256 1660 1311 enim
1686 1263 1768 1310 est
1804 1253 2024 1308 morbus
2053 1249 2339 1305 necessita-

763 1353 876 1407 tis:
909 1349 1040 1405 illud
1070 1362 1198 1404 vero
1232 1355 1499 1417 corruptae
1524 1343 1828 1401 voluntatis.
1862 1342 1913 1397 Ι.
1941 1340 2009 1396 Ut
2044 1339 2194 1410 quid,
2226 1336 2339 1392 Do-

740 1443 925 1508 ntine,
953 1441 1199 1497 recessisti
1227 1441 1398 1512 longe,
1430 1439 1645 1509 despicis
1668 1438 1721 1491 in
1758 1431 2223 1508 opportunitatibus
2240 1470 2256 1495 ,
2284 1430 2339 1483 in

762 1531 1166 1588 tribulationibus
1189 1530 1217 1585 γ
1258 1531 1385 1585 llaec
1407 1529 1535 1583 dicit
1558 1526 1840 1599 propheta,
1866 1537 2028 1580 orans
2055 1531 2111 1579 et
2137 1520 2339 1590 suppli-

761 1637 892 1677 cans
933 1636 999 1677 ex
1041 1634 1267 1692 persona
1309 1633 1493 1675 eorum
1513 1611 1609 1689 ἰιιιὶ
1639 1616 1982 1687 afﬂiguntur,
2028 1627 2134 1669 non
2164 1618 2341 1667 autem

762 1727 1019 1769 accusans
1051 1728 1067 1765 ε
1098 1710 1256 1766 absit.
1299 1708 1433 1767 Nam
1459 1708 1614 1763 multi
1654 1720 1839 1763 eorum
1882 1704 1973 1776 qui
2016 1702 2341 1771 afﬂiguntur,

767 1820 877 1873 prae
900 1804 1088 1859 dolore
1114 1802 1336 1873 cupiunt
1364 1809 1487 1856 ante
1523 1808 1733 1869 tempus
1769 1795 2092 1853 conveniens
2116 1792 2230 1848 ﬂeri
2254 1792 2340 1862 ju-

766 1896 962 1949 dicium
991 1910 1007 1949 :
1035 1891 1479 1968 quemadmodum
1502 1890 1591 1961 qui
1628 1896 1878 1945 secantur
1899 1926 1914 1951 ,
1958 1882 2194 1941 nondum
2225 1897 2345 1952 per-

768 1987 904 2042 fecta
931 1986 1168 2041 sectione
1191 1992 1383 2054 rogant
1408 1982 1669 2037 medicum
1686 2014 1705 2046 ,η
1735 1988 1790 2034 ιιι
1820 1992 2032 2033 manum
2057 1973 2347 2042 abstineat,

770 2076 1081 2131 damnosam
1108 2073 1322 2145 quidem
1350 2074 1573 2144 gratiam
1604 2078 1863 2141 petentes,
1888 2083 1955 2124 eo
1977 2075 2179 2133 autent,
2205 2063 2346 2135 quod

770 2183 882 2225 non
906 2166 1083 2222 lerant
1108 2166 1385 2232 dolorem,
1417 2164 1521 2219 hoc
1559 2170 1795 2233 agentes.
1828 2160 1982 2230 Saepe
2007 2166 2183 2214 autem
2208 2154 2349 2227 apud

773 2258 1012 2316 medicos
1037 2255 1395 2312 vociferantur
1434 2271 1450 2307 :
1482 2252 1707 2309 Turs-isti
1751 2264 1874 2317 me,
1926 2247 2196 2321 perdidisti
2239 2262 2347 2315 me,

773 2364 863 2406 me
905 2347 973 2403 de
1016 2346 1193 2402 medio
1237 2345 1535 2411 sustulisti;
1581 2344 1695 2399 lucc
1743 2352 1918 2397 autem
1947 2341 2107 2397 verba
2149 2355 2258 2395 non
2283 2355 2353 2395 ex

772 2449 970 2506 mente,
1000 2438 1095 2494 sed
1117 2453 1183 2493 ex
1208 2437 1394 2493 dolore
1420 2436 1733 2507 procedunt.
1764 2435 1835 2490 lta
1877 2445 2023 2490 certe
2063 2433 2213 2489 multi
2250 2448 2350 2503 pn-

773 2530 876 2585 siili
904 2536 959 2584 et
986 2528 1176 2597 abiecti
1205 2528 1364 2582 animi
1392 2526 1596 2592 dicunt,
1638 2525 1690 2580 iu
1713 2524 2088 2580 afﬂictionibus
2113 2524 2352 2579 laborem

772 2635 880 2676 non
906 2618 1163 2675 ferentes.
1193 2616 1491 2688 Sepiionias
1516 2632 1727 2688 quoque
1766 2617 1854 2671 tali
1896 2616 2138 2672 oratione
2166 2613 2351 2671 utitur.

771 2710 881 2767 Sed
920 2708 1037 2764 hmo
1063 2708 1280 2780 quidem
1304 2708 1358 2763 in
1385 2698 1561 2764 Veteri
1586 2749 1601 2775 ,
1630 2706 1843 2779 quando
1883 2716 2036 2761 erant
2060 2705 2353 2761 certamina

777 2799 1096 2856 moderata:
1125 2798 1282 2869 longe
1322 2807 1498 2854 autem
1526 2796 1721 2853 absunt
1757 2811 1788 2851 a
1824 2795 1957 2851 Novi
1996 2795 2347 2867 philosophia.

770 2892 829 2947 2.
866 2889 1001 2945 Duas
1038 2890 1263 2962 superbit
1298 2888 1507 2962 impius,
1536 2887 1819 2943 incenditur
1854 2904 2064 2958 pauper.
2107 2886 2355 2959 Compre-

775 2980 1066 3037 henduntur
1095 2980 1148 3033 in
1174 2979 1434 3046 consiliis,
1473 2994 1587 3049 qua
1624 2978 1862 3049 cogitant.
1905 2978 2056 3033 Alius
2075 3018 2091 3043 ,
2117 2976 2357 3049 Compreo

779 3071 1083 3126 hendantur.
1112 3072 1168 3126 3.
1196 3069 1448 3136 Quoniam
1474 3068 1714 3123 laudatur
1744 3079 1975 3139 peccator
2000 3070 2054 3123 in
2094 3069 2356 3124 desideriis

778 3161 965 3216 anima
994 3172 1134 3229 sua,
1160 3171 1207 3215 et
1233 3160 1433 3230 iniquus
1458 3158 1781 3213 benedicitur.
1816 3158 1869 3213 4.
1901 3158 2227 3213 Exacerbavit
2252 3157 2355 3213 Do-

774 3252 971 3307 minum
1022 3262 1277 3322 peccator.
1333 3249 1594 3320 Propheta
1618 3291 1633 3315 ,
1682 3249 1927 3320 imposita
1983 3250 2084 3305 sibi
2129 3264 2355 3320 persona

775 3342 1053 3412 supplicis,
1082 3351 1141 3398 et
1181 3335 1377 3411 rogans
1415 3354 1515 3411 pro
1556 3340 1621 3395 iis
1662 3341 1751 3410 qui
1795 3339 2100 3399 amciunttu-
2141 3340 2355 3411 injuria,

781 3432 910 3488 dicit
937 3431 1097 3487 etiam
1122 3430 1430 3486 alfec'tiencs
1454 3446 1573 3501 quae
1602 3439 1899 3497 venerunt,
1942 3446 2062 3502 qnte
2100 3443 2223 3487 sunt
2260 3430 2358 3487 ltu-

779 3535 954 3577 mane
989 3520 1397 3588 imbecillitatis;
1428 3536 1620 3591 nempe
1644 3531 1771 3577 ante
1798 3521 2128 3592 punitionem
2154 3522 2275 3594 angi
2304 3530 2359 3580 et

778 3610 1071 3668 excruciari
1101 3626 1245 3674 eum,
1272 3612 1356 3666 cui
1382 3610 1443 3667 fit
1473 3611 1684 3682 injuria,
1717 3626 1821 3667 non
1860 3612 2115 3669 ferentem
2139 3628 2357 3686 prospe-

781 3702 995 3758 ritatem
1025 3702 1272 3773 improbi.
1302 3702 1418 3775 Non
1449 3714 1532 3759 cst
1559 3711 1736 3759 autem
1768 3720 1987 3774 parvum
2020 3706 2121 3762 hoc
2147 3721 2358 3778 quoque

776 3790 1114 3861 supplicium.
1153 3790 1355 3848 Deinde
1382 3800 1553 3863 rogat,
1584 3802 1644 3848 ut
1677 3793 1803 3849 dent
1832 3809 2048 3863 pennas,
2075 3805 2129 3850 et
2170 3810 2355 3852 eorum

780 3879 835 3935 in
865 3879 1071 3951 seipsos
1097 3889 1375 3937 vertantur
1410 3882 1654 3949 insidiae;
1682 3883 1817 3939 dicit
1841 3885 1998 3945 etiam
2029 3886 2359 3944 intolerabile

777 3986 959 4042 genus
982 3970 1351 4042 improbitatis.
1384 3974 1659 4043 Quodnam
1708 3985 1885 4031 autem
1918 3976 2017 4034 hoc
2058 3980 2179 4035 est?
2218 3978 2358 4048 Quo.

783 4063 922 4116 niam
960 4063 1202 4118 laudatur
1227 4075 1461 4135 peccator
1493 4065 1545 4119 in
1573 4065 1836 4121 desideriis
1877 4068 2059 4123 anima:
2094 4085 2219 4125 suat.
2251 4070 2358 4126 Pro

784 4154 853 4209 iis
881 4168 978 4225 pro
1005 4154 1198 4225 quibus
1225 4170 1284 4211 se
1307 4156 1637 4213 abscondere
1659 4198 1673 4220 ,
1700 4173 1799 4229 pro
1825 4161 2016 4229 quibus
2042 4163 2358 4222 erubescere

780 4244 1097 4316 oportebat,
1140 4261 1241 4317 pro
1283 4248 1347 4302 iis
1384 4248 1437 4303 in
1485 4247 1837 4327 admiratione
1881 4251 2139 4323 habetur,
2167 4270 2267 4325 pro
2292 4257 2358 4313 iis

776 4335 1048 4391 laudatur:
1088 4336 1367 4405 Quomodo
1405 4347 1581 4395 autem
1611 4342 1806 4411 pulerit
1847 4341 1969 4398 lmic
1995 4344 2249 4416 deinceps
2274 4362 2360 4404 re-

780 4427 1015 4484 medium
1040 4428 1281 4485 adbiberi
1298 4471 1315 4497 ,
1345 4430 1558 4501 quando
1584 4430 1829 4487 laudatur
1853 4434 2036 4489 vitium
2058 4434 2084 4489 τ
2126 4436 2240 4493 Hoc
2266 4452 2359 4495 au-

782 4529 887 4575 tem
917 4536 1059 4577 nunc
1082 4536 1294 4593 quoque
1320 4521 1399 4577 lit.
1441 4521 1539 4579 Hic
1564 4522 1618 4579 in
1646 4524 1998 4584 admiratione
2027 4526 2269 4597 habetur,
2299 4541 2358 4587 ut

718 4609 869 4697 "qui
898 4610 969 4666 sit
995 4621 1218 4681 potens;
1249 4612 1340 4668 ille
1365 4626 1492 4669 vero
1511 4655 1527 4681 ,
1556 4624 1615 4670 ut
1638 4614 1729 4686 qui
1756 4614 2046 4673 ulciscatur
2072 4618 2317 4677 inimicos
2342 4641 2356 4678 :

52 4693 753 4804 νυν-’⁸⁸⁸
772 4702 915 4804 alius
941 4714 1071 4757 vero
1095 4708 1149 4757 ut
1179 4702 1432 4773 prudens,
1463 4706 1712 4776 quoniam
1740 4708 1979 4767 omnium
2008 4710 2149 4767 bona
2176 4728 2358 4769 corra-

776 4790 849 4845 sit
879 4807 895 4845 :
922 4797 1120 4851 etcum
1150 4792 1383 4862 scipsutn
1413 4794 1735 4865 perdiderit,
1766 4812 1887 4853 eum
1912 4798 2094 4856 dicunt
2121 4803 2356 4872 seipsum

780 4881 1086 4951 invenisse,
1112 4895 1168 4940 et
1194 4885 1283 4940 alii
1312 4886 1414 4941 alia
1444 4885 1668 4943 dicunt:
1695 4887 1763 4945 de
1791 4890 2152 4961 spiritualibus
2179 4905 2357 4952 autem

776 4972 938 5028 rebus
965 4988 1033 5030 ne
1055 4974 1279 5031 verbum
1319 4976 1554 5046 quidem.
1585 4976 1703 5035 Non
1745 4980 1854 5036 cito
1892 4980 2137 5039 laudatur
2161 4986 2249 5056 qui
2274 4997 2359 5045 est

776 5077 805 5115 a
836 5063 1064 5134 negotiis
1090 5065 1332 5132 alienus;
1379 5082 1478 5124 nec
1520 5071 1847 5140 paupertatis
1871 5083 2118 5131 amator:
2145 5075 2240 5132 sed
2267 5078 2355 5147 qui

775 5162 859 5206 est
884 5153 1185 5223 opulentus,
1213 5167 1559 5229 cauponator,
1593 5160 1859 5230 adulator,
1888 5165 1979 5233 qui
2009 5180 2109 5237 pro
2127 5167 2271 5223 nulla
2297 5185 2357 5226 re

778 5243 895 5298 utili
934 5245 1147 5301 servilia
1188 5247 1302 5303 obit
1340 5247 1656 5308 ministeria.
1705 5250 1833 5308 Bac
1872 5253 2035 5311 deﬂet
2076 5256 2353 5328 propheta,

774 5334 919 5403 quod
938 5336 1124 5399 vitium
1152 5338 1223 5394 ita
1252 5339 1560 5409 invalnerit,
1593 5352 1651 5398 ut
1675 5344 1776 5400 sibi
1806 5345 2015 5416 placeat
2040 5357 2095 5404 et
2119 5348 2359 5408 blandia-

779 5432 898 5490 tur,
928 5433 984 5481 et
1018 5426 1270 5512 quodest
1306 5432 1537 5501 gravius,
1563 5442 1624 5489 ut
1646 5433 1864 5493 minime
1888 5438 2210 5507 erubescat,
2257 5457 2357 5499 nec

771 5513 945 5570 solum
972 5517 1205 5587 seipsnm
1234 5520 1414 5577 laudet
1453 5535 1671 5595 propter
1697 5541 1761 5580 ea
1791 5542 1910 5598 qua
1939 5526 2098 5597 facit,
2131 5530 2229 5587 sed
2263 5531 2359 5586 ha-

778 5604 902 5662 beat
922 5607 1083 5665 etiam
1109 5610 1243 5667 alios
1273 5611 1596 5672 laudatores.
1626 5616 1763 5685 Quid
1801 5617 1903 5675 hac
1928 5632 2107 5679 autem
2148 5624 2354 5681 insania

778 5696 940 5756 fuerit
958 5700 1229 5760 deterius?
1256 5702 1589 5762 Emam-bavi!
1608 5703 1880 5765 Dominum
1905 5724 2156 5785 peccator.
2182 5714 2351 5783 Alius,

772 5789 1021 5857 Quoniam
1064 5809 1178 5849 cum
1220 5794 1443 5851 laudavit
1488 5798 1688 5871 iniquus
1731 5806 2005 5859 secundum
2044 5806 2349 5865 desiderium

1452 412 1509 468 S.
1548 406 1823 467 JOANNIS
1844 403 2313 463 CIIRYSOSTOMI
2355 399 2667 457 AliClllEP.
2708 398 3236 458 CONSTANTINOP.

3937 395 4064 454 1‘58

2438 519 2623 572 anima
2659 531 2803 585 suc,
2843 526 2891 570 ct
2916 531 3103 570 avarus
3141 513 3431 577 benedixit,
3476 512 3686 567 irritavit
3727 510 4057 568 Dominum.

2438 609 2657 675 Quando
2674 606 2897 667 resima
2918 606 3069 678 fuerit
3094 608 3174 661 ira
3193 606 3326 676 ejus,
3351 622 3453 659 non
3471 605 3671 676 quierit.
3694 604 3871 669 Alius,
3900 604 4073 684 υκὶιε

2436 701 2661 756 laudarit
2701 701 2755 755 in
2781 700 3031 755 desiderio
3059 700 3246 753 animm
3286 712 3428 763 suc,
3460 706 3507 752 st
3533 712 3716 751 avarus
3753 696 3841 767 qui
3879 694 4070 749 bene--

2437 792 2588 855 dixit,
2620 790 2840 845 detraxit
2866 788 3105 843 Domino.
3141 786 3343 859 Impius
3370 788 3645 842 secundum
3672 785 4070 841 excitationem

2436 883 2531 936 ira:
2556 898 2664 936 sua
2688 898 2788 936 non
2813 881 3061 951 exquiret.
3091 878 3435 949 Septuaginta
3467 885 3667 943 autem,
3694 874 4071 931 Exacerbatis

2438 972 2717 1029 Dominum
2759 983 2991 1044 peccator
3016 988 3036 1027 :
3066 972 3343 1026 secundum
3380 970 3755 1049 multitudinem
3795 971 3895 1024 ira:
3936 982 4078 1024 sues

2439 1083 2541 1120 non
2560 1077 2765 1136 queret.
2795 1065 2982 1122 Vidisti
3005 1080 3112 1137 quo
3134 1066 3321 1120 vitium
3348 1065 3701 1135 processerit?
3725 1064 3867 1135 Quid
3888 1064 4068 1125 dico.

2441 1160 2631 1230 inquit,
2660 1174 2780 1215 eum
2812 1174 3074 1229 pauperes
3101 1159 3343 1213 molestia
3371 1157 3633 1213 afﬁcere?
3659 1157 3841 1228 Ipsum
3870 1157 4070 1212 Deum

2444 1252 2635 1305 irritat.
2668 1249 2735 1304 Et
2763 1250 3039 1305 secundum
3063 1249 3436 1304 multitudinem
3459 1249 3552 1304 ira!
3568 1263 3679 1304 stne
3699 1265 3800 1303 non
3822 1256 4067 1320 quercu

2446 1342 2636 1412 inquit,
2661 1340 2842 1397 Deum.
2876 1342 3029 1398 Alius
3054 1352 3231 1396 autem
3257 1340 3361 1396 hoc
3385 1338 3618 1397 ostendit
3644 1339 3747 1396 dici
3774 1339 3844 1397 de
3875 1340 4075 1409 impio

2443 1434 2658 1501 dicens,
2687 1434 3033 1490 Exaltationis
3056 1449 3163 1490 sua
3179 1476 3195 1499 ,
3227 1432 3331 1489 hoc
3357 1444 3440 1489 est
3458 1475 3474 1501 ,
3500 1435 3822 1506 arrogantiae
3840 1475 3857 1501 ,
3889 1434 4072 1491 inso-

2449 1527 2650 1583 lcntim.
2681 1525 2869 1582 Vidisti
2911 1527 3174 1598 insignem
3214 1526 3476 1581 insaniam
3511 1535 3566 1582 et
3591 1526 4003 1598 corruptionem
4037 1525 4074 1579 ?

2448 1617 2546 1673 Est
2570 1617 2656 1682 iis,
2683 1618 2771 1689 qui
2797 1628 2920 1673 sunt
2944 1617 3186 1689 ejusdem
3210 1618 3386 1688 gentis
3412 1630 3476 1673 ac
3511 1617 3749 1688 generis,
3791 1616 3974 1673 hostis
3998 1627 4072 1673 et

2454 1709 2721 1775 inimicos,
2744 1724 2775 1763 a
2802 1710 2998 1766 virtute
3020 1708 3228 1764 alienus
3244 1749 3260 1776 ,
3285 1716 3493 1765 amator
3518 1707 3630 1764 vitii
3659 1717 3821 1779 atque
3852 1708 4069 1765 lauda-

2457 1810 2559 1857 tor.
2588 1800 2653 1856 Et
2685 1799 2905 1870 pulchre
2932 1800 3067 1855 dixit
3104 1798 3241 1854 alius
3261 1840 3277 1865 ,
3307 1796 3429 1853 Non
3458 1808 3532 1853 est
3555 1795 3696 1852 Deus
3719 1799 3772 1851 in
3811 1797 4070 1853 omnibus

2449 1893 2562 1962 ejus
2602 1890 3023 1963 cogitationibus,
3067 1889 3375 1960 significans
3415 1888 3581 1944 Deum
3624 1903 3731 1943 non
3774 1903 4067 1958 quirere.

2453 1981 2668 2053 plenum
2698 1996 2817 2035 esse
2844 1980 3097 2047 tenebris,
3121 1996 3228 2034 non
3256 1978 3454 2035 habere
3482 1978 3625 2035 illius
3653 1979 3904 2035 timorem
3938 1994 4071 2049 pm:

2450 2070 2639 2126 oculis.
2674 2067 2780 2125 Sed
2807 2068 3255 2140 quemadmodum
3288 2068 3429 2123 Iema
3470 2068 3721 2124 obscurat
3761 2066 4061 2139 pupillam,

2452 2161 2521 2217 ita
2550 2162 2708 2217 etiam
2738 2160 3053 2230 improbitas
3080 2168 3336 2221 mentem,
3364 2159 3569 2227 fertque
3595 2172 3692 2229 per
3722 2157 4064 2229 pmcipitia.

2453 2252 2506 2308 5.
2536 2250 2658 2307 Non
2686 2260 2757 2306 est
2783 2248 2923 2306 Deus
2951 2252 3005 2304 in
3044 2258 3311 2320 conspectu
3347 2250 3481 2320 ejus.
3511 2249 3662 2304 Alius
3685 2289 3701 2313 ,
3744 2245 3849 2303 Per
3875 2263 4067 2303 omnes

2454 2346 2779 2417 cogitationes
2820 2346 2950 2417 ejus.
3000 2342 3293 2414 inquinate
3335 2353 3453 2399 sunt
3494 2343 3590 2398 vite
3628 2342 3769 2397 illius
3811 2343 3869 2396 in
3910 2344 4069 2396 onmi

2456 2445 2696 2505 tempore.
2734 2434 3049 2505 Auferuntur
3077 2434 3282 2507 judicia
3317 2443 3404 2488 tua
3444 2449 3477 2487 a
3517 2433 3648 2505 [acie
3689 2435 3819 2504 ejus.
3868 2432 4063 2498 Alius,

2458 2526 2729 2581 Sublatum
2771 2534 2843 2580 est
2874 2525 3132 2598 judicium
3175 2534 3338 2579 tuum.
3383 2523 3572 2580 Vidisti
3614 2522 3852 2579 fructum
3889 2523 4064 2578 vitii?

2458 2617 2572 2674 Lux
2595 2617 2712 2688 ejus
2736 2618 3105 2688 exstinguitur,
3137 2616 3460 2673 hebetantur
3493 2617 3791 2685 ratiocinia,
3824 2616 4063 2673 traditur

2456 2710 2696 2778 captivus
2741 2708 3089 2779 improbitati.
3138 2707 3603 2778 Quemadmodum
3642 2709 3786 2764 enim
3838 2708 4065 2780 quiest

2456 2800 2937 2860 luminibusorbus
2976 2798 3285 2871 frequenter
3323 2799 3513 2856 incidit
3557 2800 3613 2856 in
3654 2798 3946 2870 barathra,
3978 2799 4063 2856 ita

2459 2890 2548 2947 hic
2574 2892 2755 2957 etiam,
2789 2891 3040 2963 quoniam
3070 2891 3166 2946 Dei
3194 2892 3439 2947 timorem
3469 2906 3577 2947 non
3604 2892 3764 2947 habet
3785 2907 3897 2963 pne
3924 2906 4063 2948 ocn-

2459 2982 2527 3039 lis
2545 3024 2560 3049 ,
2588 2984 2641 3039 in
2667 2984 2796 3039 vitio
2833 2993 3091 3054 perpetuo
3116 2995 3398 3049 versatur;
3446 2999 3553 3039 non
3583 2999 3723 3039 nunc
3751 2983 3968 3054 quidem
3998 2985 4058 3041 in

2458 3074 2679 3138 virtute,
2708 3088 2850 3129 nunc
2873 3083 3052 3129 autem
3078 3075 3131 3128 in
3159 3075 3308 3142 vitio,
3340 3074 3434 3129 sed
3459 3089 3673 3145 semper
3695 3074 3749 3130 in
3770 3074 3925 3141 vitio,
3951 3090 4057 3130 nec

2457 3164 2717 3237 gehennat
2744 3166 3018 3229 meminit,
3049 3180 3151 3221 nec
3175 3164 3344 3223 futuri
3384 3165 3606 3236 judicii,
3635 3181 3737 3223 nec
3762 3166 4058 3224 reddenda:

2458 3256 2682 3311 rationis
2715 3272 2729 3310 :
2762 3256 2855 3311 sed
2899 3256 2983 3312 his
3030 3247 3532 3313 omnibus'auxiliis
3578 3248 3848 3328 tamquam
3896 3255 4058 3313 freno

2460 3346 2718 3413 excussis,
2751 3355 3019 3416 tamquam
3048 3345 3199 3400 navis
3226 3346 3447 3401 minime
3484 3346 3795 3413 saburrata,
3827 3342 4058 3404 traditur

2460 3439 2616 3495 malis
2644 3437 2922 3511 spiritibus
2945 3447 3000 3494 et
3024 3439 3182 3495 satvis
3209 3436 3480 3506 ﬂuctibus,
3508 3454 3631 3494 cum
3658 3439 3838 3496 nullus
3863 3440 3933 3496 sit
3957 3444 4055 3513 ιιιιί

2459 3530 2576 3601 ejus
2601 3530 2837 3585 animum
2865 3540 3015 3602 regat
3038 3538 3091 3587 et
3117 3530 3375 3585 instituat.
3400 3529 3593 3586 Vidisti
3623 3532 3820 3588 malum
3848 3532 3902 3588 in
3932 3534 4055 3603 ipso

2460 3624 2622 3681 etiam
2667 3624 2797 3679 vitio
2842 3637 3027 3694 pmnas
3069 3622 3261 3679 luere?
3308 3622 3445 3692 Quid
3488 3624 3631 3681 enim
3660 3640 3799 3696 equo
3836 3624 4048 3694 eﬂ‘reni,

2460 3713 2589 3785 quid
2617 3729 2751 3771 nave
2775 3716 2861 3771 cui
2881 3714 3037 3771 deest
3061 3714 3305 3780 saburra,
3332 3714 3461 3786 quid
3485 3715 3655 3770 oculis
3680 3717 3815 3773 orbo
3834 3716 4051 3776 homine

2459 3806 2678 3878 gravius
2701 3806 2727 3859 τ
3158 3858 3165 3863 .

2533 3896 2620 3953 i0.
2652 3894 2861 3951 Miseria
2884 3897 3195 3969 peccatoris,
3238 3893 3421 3953 limare
3445 3896 3544 3953 Dei
3579 3914 3825 3966 excusso;
3864 3915 4047 3977 pecca-

2462 3989 2558 4042 tori
2586 4003 2685 4042 non
2715 3987 3095 4044 blandiendum.
3125 4018 3197 4029 —
3242 3987 3350 4046 Sed
3394 3989 3478 4044 bis
3503 3990 3753 4047 omnibus
3800 3992 4048 4049 miserior

2460 4088 2545 4135 est
2570 4080 2659 4150 qui
2697 4079 2826 4134 vivit
2853 4079 2906 4134 in
2937 4079 3100 4148 \‘ilio,
3145 4083 3317 4153 utqui
3343 4084 3608 4139 exstincta
3641 4083 3761 4141 luce
3783 4125 3799 4151 ,
3830 4099 3947 4156 quae
3974 4100 4043 4142 ex

2461 4169 2555 4226 Dei
2584 4172 2773 4227 timore
2794 4171 3161 4243 proficiscitur,
3184 4175 3424 4243 captivus
3442 4176 3511 4230 sit
3534 4176 3778 4232 traditus.
3808 4176 4045 4243 Omnium

2459 4260 2776 4315 inimicorum
2796 4278 3003 4316 suorum
3028 4262 3387 4320 dominabitur.
3419 4265 3474 4322 6.
3499 4265 3644 4321 Dixit
3666 4268 3803 4323 enim
3825 4268 3878 4323 in
3891 4270 4043 4324 corde

2460 4366 2553 4405 suo
2579 4365 2600 4405 :
2636 4349 2756 4406 Non
2798 4352 3030 4409 morabor
3053 4370 3086 4408 a
3112 4357 3434 4428 generatione
3460 4358 3513 4412 in
3536 4359 3906 4430 generationem
3931 4361 4041 4417 sine

2460 4438 2617 4495 malo.
2668 4441 2852 4506 Alius,
2898 4440 3085 4499 Omnes
3126 4447 3357 4501 inimicos
3388 4462 3507 4504 suos
3539 4447 3770 4516 ventilat,
3798 4448 3964 4505 dicens
3984 4452 4041 4506 in

2461 4530 2613 4587 corde
2645 4548 2738 4587 suo
2770 4550 2791 4587 :
2816 4531 2940 4589 Non
2976 4546 3237 4593 convertar
3274 4539 3328 4593 in
3368 4541 3741 4611 generationem
3764 4550 3813 4598 et
3831 4558 4040 4615 genera-

2461 4623 2664 4677 tionem.
2698 4622 2822 4689 Non
2851 4626 2985 4681 enim
3023 4643 3109 4682 ero
3147 4629 3201 4683 in
3233 4628 3517 4702 aﬂiclione.
3564 4630 3750 4689 Vidisti
3787 4647 4038 4706 arrogan-

2463 4713 2627 4770 tiam?
2656 4713 2829 4771 vidisti
2860 4716 3267 4775 inenarmbilem
3295 4721 3649 4792 perditionem
3669 4723 3695 4780 τ
3717 4723 3891 4781 vidisti
3911 4742 4037 4797 pau-

2462 4803 2608 4859 latim
2654 4807 2836 4877 augeri
2878 4809 3138 4866 exitium?
3190 4812 3371 4867 vidisti
3424 4814 3697 4885 quomodo
3748 4832 3866 4889 qute
3914 4833 4036 4881 sunt

2460 4894 2616 4952 beata
2638 4897 2778 4968 apud
2807 4899 2996 4956 stultos
3018 4942 3035 4970 ,
3080 4917 3209 4959 vero
3247 4903 3407 4976 plena
3448 4915 3577 4963 sunt
3613 4908 3777 4964 multa
3807 4894 4045 4977 miseria,‘

2458 4996 2513 5043 et
2540 4989 2809 5060 quomodo
2833 4990 3170 5051 obruuntur?
3209 4994 3482 5055 Laudatur
3505 5000 3559 5056 in
3583 5003 3817 5072 peccatis
3837 5044 3853 5069 .
3878 5005 4036 5063 bene-

2457 5078 2653 5135 dicitur
2702 5081 2777 5136 in‘
2802 5082 3097 5140 maleﬁciis.
3152 5085 3265 5143 Hoc
3300 5097 3385 5145 est
3432 5090 3664 5162 primum
3709 5093 4028 5166 barathrum,

2459 5171 2600 5243 quod
2636 5174 2768 5230 satis
2808 5182 2892 5230 est
2927 5174 3014 5232 vel
3054 5176 3123 5233 ad
3162 5181 3602 5250 praecipitandum
3640 5201 3765 5243 eum
3803 5188 3888 5259 qui
3924 5204 4026 5246 non

2459 5260 2708 5319 advertit.

2530 5354 2599 5410 Et
2628 5354 2751 5413 ideo
2776 5358 2944 5430 magis
2970 5370 3095 5417 sunt
3113 5361 3429 5423 admittendi
3451 5367 3543 5440 qui
3568 5382 3821 5428 accusant
3839 5382 3890 5429 et
3913 5389 4029 5431 eor-

2459 5447 2657 5519 rigunt,
2674 5465 2832 5520 quam
2848 5452 2937 5523 qui
2960 5452 3178 5510 laudant
3203 5464 3261 5513 et
3281 5457 3349 5513 ad
3375 5457 3651 5517 interitum
3678 5462 4026 5523 blandiuntur.

2460 5538 2525 5595 lli
2567 5540 2710 5596 enim
2753 5556 3104 5627 corrumpunt
3146 5549 3413 5618 stolidos,
3457 5560 3513 5609 et
3538 5552 3608 5610 ad
3646 5554 3821 5627 majus
3854 5560 4025 5619 vitium

2458 5632 2794 5719 propellunt:
2818 5626 3264 5706 quemadmodum
3293 5644 3385 5715 qui
3414 5628 3555 5703 hunc
3592 5626 3919 5718 peccatorem
3946 5656 4024 5712 in-

2458 5721 2768 5793 snmarunt,
2803 5726 3143 5788 instituerunt
3170 5733 3238 5789 ad
3266 5734 3550 5794 insaniam.
3596 5739 3665 5796 Et
3700 5741 3824 5800 ideo
3844 5747 4022 5808 Paulus

2462 5829 2674 5885 quoque
2710 5815 2812 5874 hoc
2852 5818 3026 5888 ipsum
3065 5820 3197 5881 dicit
3234 5823 3561 5900 Corinthiis,
3594 5834 3682 5893 de
3709 5849 3777 5891 eo
3801 5835 3887 5910 qui
3912 5850 4018 5897 erat
