4154 6448
183 392 276 447 Ιόῗ

181 502 466 561 fornicatus
494 515 511 555 :
544 496 614 554 Et
653 511 743 552 eos
778 491 949 566 inﬂati
984 487 1141 554 estis,
1181 491 1230 541 et
1254 496 1360 537 non
1388 477 1558 551 potius
1585 469 1788 531 lanistis

182 595 254 655 tl.
278 592 402 650 Car.
427 591 487 648 5.
509 589 573 663 2)
594 588 623 642 ?
651 586 817 653 Eum,
846 581 939 655 qui
960 584 1171 653 peccat,
1201 574 1427 631 multum
1454 569 1660 663 lugere,
1679 578 1790 619 non

188 683 395 740 laudare
418 656 665 754 oportet.
688 675 883 733 Vidisti
911 681 1225 745 perversum
1250 664 1439 721 vitium
1457 702 1475 731 ,
1503 656 1651 754 quod
1677 670 1787 754 non

188 776 350 832 solum
376 746 493 829 non
521 776 843 834 accusator,
886 761 980 820 sed
1028 763 1191 818 etiam
1236 754 1485 812 laudibus
1512 748 1747 805 afficitur
1766 746 1793 801 τ

188 866 318 923 [line
355 880 426 921 ex
462 860 685 935 propria
710 854 1014 928 arrogantia
1042 846 1390 923 ampliﬁcavit
1428 842 1650 935 laudum
1692 838 1794 894 im-

190 933 514 1029 ιποιιίιιιείιι
542 933 787 1008 ξοδιειιιε
824 954 911 1005 est
943 943 1154 1001 timoris
1194 940 1327 1008 Dei,
1368 938 1427 995 et
1464 933 1792 1029 judiciorutn

189 1023 334 1125 ejus;
380 1050 515 1105 hinc
557 1046 723 1103 etiam
766 1040 996 1114 proprias
1038 1044 1125 1109 est
1166 1042 1383 1125 natura;
1420 1029 1642 1125 oblitus.
1689 1023 1795 1091 Qui

191 1122 328 1202 enim
354 1140 691 1213 iudiciorum
718 1134 812 1192 Dei
837 1129 1204 1196 obliviscitur,
1248 1124 1332 1191 sui
1373 1122 1546 1194 ipsius
1584 1128 1797 1213 quoque

195 1209 409 1299 tandem
454 1215 817 1289 obliviscitur.
866 1224 1003 1281 Vide
1047 1235 1181 1293 ergo
1222 1232 1345 1291 quae
1387 1215 1633 1287 cogitat:
1674 1209 1798 1265 Non

194 1328 427 1389 uerebar
453 1327 513 1381 in
539 1321 913 1398 generationem
937 1313 984 1373 et
1009 1312 1389 1389 generationem
1407 1348 1424 1375 ,
1455 1305 1547 1363 sed
1574 1321 1661 1362 era
1691 1304 1801 1358 sine

197 1422 349 1477 nulla.
377 1417 521 1489 Quid
544 1396 631 1473 est
654 1413 759 1471 hac
780 1410 1104 1484 cogitatione
1128 1405 1345 1463 stultius
1368 1442 1385 1468 ,
1417 1408 1476 1456 ut
1514 1397 1607 1470 qui
1636 1396 1801 1489 homo

196 1524 277 1573 est
297 1556 316 1582 ,
361 1485 610 1568 interimi
640 1506 925 1572 obnoxius,
966 1500 1188 1559 caducis
1206 1512 1273 1554 ac
1296 1489 1696 1552 momentaneis
1715 1485 1802 1545 ie-

200 1608 299 1664 bus
317 1604 648 1677 implicatus,
675 1611 730 1657 et
754 1592 1232 1656 innumerabilibus
1256 1588 1646 1647 mutationibus
1675 1583 1803 1640 sub-

201 1701 390 1772 jectus,
422 1698 551 1753 talia
577 1690 932 1766 imaginatur?
954 1688 1231 1748 Undenam
1256 1694 1438 1743 autem
1462 1682 1571 1769 hoc
1594 1681 1694 1736 fit?
1721 1678 1804 1734 Ex

204 1789 448 1847 stultitia.
476 1785 705 1856 Quando
726 1783 872 1840 enim
890 1782 971 1838 vir
998 1779 1193 1836 stultus
1214 1776 1396 1833 multis
1416 1775 1579 1831 rebus
1605 1785 1803 1828 secun-

205 1883 288 1939 dis
315 1862 448 1937 υἷας
474 1921 493 1947 ,
532 1874 779 1934 inimicos
805 1873 1027 1936 vicerit,
1069 1879 1127 1928 et
1149 1868 1225 1945 ab
1240 1866 1495 1924 omnibus
1532 1862 1802 1928 laudatur,

207 1982 367 2043 atque
397 1972 455 2027 in
494 1966 853 2025 admiratione
888 1962 1153 2029 habetur,
1195 1960 1438 2016 omnium
1467 1954 1809 2013 miserrimus

210 2062 458 2119 elicitur.
502 2059 585 2117 Eo
616 2058 760 2115 enim
796 2054 938 2129 quod
967 2069 1076 2110 non
1109 2059 1391 2123 exspectet
1430 2046 1807 2114 mutationem,

211 2169 383 2227 neque
412 2168 505 2210 res
530 2149 794 2208 secundas
816 2148 921 2205 fert
946 2146 1208 2215 modeste,
1234 2154 1291 2203 et
1310 2143 1356 2200 si
1382 2156 1472 2201 res
1490 2142 1541 2199 ei
1564 2139 1811 2206 adversa

215 2248 514 2315 evenerint,
538 2261 662 2309 eum
688 2246 759 2300 sit
778 2242 1179 2316 inexercitatus,
1213 2253 1316 2297 nec
1338 2251 1435 2296 eas
1460 2237 1534 2293 sit
1552 2248 1807 2307 umquam

218 2339 524 2407 meditatus,
555 2339 806 2394 turbatur
826 2344 883 2393 et
909 2334 1287 2391 tumultuatur.
1329 2330 1401 2387 At
1428 2343 1538 2386 non
1566 2327 1659 2384 sic‘
1670 2324 1806 2392 Job;

218 2433 309 2492 sed
344 2435 512 2490 etiam
551 2432 607 2488 in
645 2430 809 2487 rebus
853 2426 1107 2486 secundis
1145 2440 1235 2483 res
1271 2424 1531 2481 adversus
1574 2418 1816 2492 quotidie

216 2524 602 2597 exspectabat,
632 2530 689 2579 et
730 2521 852 2578 ideo
886 2518 1101 2577 dicebat
1128 2535 1143 2573 :
1174 2516 1350 2573 Ietas
1375 2529 1524 2584 quem
1553 2509 1810 2576 timebant,

214 2619 348 2674 seuit
381 2616 542 2682 mihi,
583 2623 635 2671 et
670 2629 819 2686 quens
844 2611 1146 2677 umens,
1178 2606 1398 2664 occurrit
1427 2604 1571 2661 mihi.
1623 2599 1739 2658 Nec
1763 2601 1817 2655 in

217 2709 441 2783 ρει-εερί
462 2747 481 2773 ,
510 2724 608 2780 nee
633 2705 834 2778 quievi,
862 2720 955 2761 nec
978 2703 1168 2760 cessari
1196 2718 1216 2757 :
1236 2701 1370 2758 venit
1390 2710 1561 2755 tamen
1586 2696 1714 2751 milii
1738 2695 1822 2749 ira

216 2804 341 2875 (Job
364 2805 421 2860 δ.
441 2788 686 2871 25-36).
730 2799 800 2856 Et
821 2797 946 2854 ideo
963 2796 1099 2852 alius
1122 2792 1337 2851 dicebat
1368 2813 1392 2875 εν
1411 2789 1668 2847 Memento
1694 2799 1822 2842 tem-

219 2874 361 2968 poris
383 2894 538 2967 {amis
560 2894 615 2948 in
638 2902 865 2963 teinpare
887 2888 1215 2945 abundantia
1237 2902 1256 2952 ;
1282 2874 1602 2958 paupertatis
1642 2890 1692 2937 et
1730 2880 1816 2935 in.

216 2990 356 3062 apis
374 2989 429 3043 lu
456 2986 539 3041 die
559 2979 1061 3055 dieitiaruutlEecli.
1090 2980 1180 3037 i8.
1205 2978 1322 3049 25).
1353 2976 1457 3033 Sed
1489 2976 1575 3031 hic
1602 2972 1821 3046 quidem

219 3079 391 3137 semel
412 3086 713 3148 corruptus,
736 3091 843 3131 non
871 3072 1176 3130 considerat
1195 3070 1449 3135 humana,
1476 3065 1572 3124 sed
1604 3075 1823 3139 propter

220 3172 438 3231 feﬁcetn
469 3184 647 3227 rerum
689 3181 1000 3225 successum
1031 3180 1093 3222 ea
1132 3178 1255 3221 esse
1298 3157 1597 3219 immobilia
1632 3159 1825 3216 existi-

221 3274 342 3323 mat
370 3283 385 3319 :
410 3262 552 3336 quod
576 3271 664 3319 est
689 3270 947 3317 extremae
968 3256 1209 3314 stultitiae
1236 3242 1293 3312 ‘et
1316 3253 1644 3324 corruptela}
1668 3266 1828 3323 angu-

223 3367 492 3423 Inentum,
521 3366 578 3411 et
599 3353 815 3411 occasio
842 3349 1116 3408 interitus:
1138 3348 1217 3406 Ne
1242 3347 1431 3405 beatos
1449 3345 1709 3421 existima.
1730 3359 1826 3401 eos

222 3453 321 3526 qui
356 3458 481 3508 sum
512 3449 726 3513 divites,
771 3461 871 3505 eos
897 3446 989 3516 qui
1017 3432 1555 3507 vincunt-inimicos,
1600 3452 1698 3494 eos
1735 3437 1827 3509 qui

225 3554 516 3620 propterea
558 3540 864 3599 laudantur.
918 3536 1108 3610 Magna
1145 3544 1273 3592 sunt
1314 3534 1433 3591 haec
1474 3531 1728 3590 barathra
1774 3540 1830 3587 et

226 3635 521 3712 [recipitis
540 3677 556 3703 ,
593 3650 713 3707 qua:
739 3632 986 3689 homines
1014 3632 1255 3686 incautos
1280 3626 1347 3683 ad
1376 3628 1549 3698 ipsum
1580 3626 1827 3696 impieta-

230 3732 305 3787 tis
329 3727 645 3801 profundum
668 3724 949 3796 dejiciunt.
994 3722 1050 3777 7.
1072 3718 1231 3791 Cujus
1257 3736 1312 3774 os
1344 3718 1702 3774 ntaledictione
1723 3716 1833 3788 ple-

229 3840 361 3879 num
383 3830 477 3889 est,
500 3829 547 3876 et
572 3817 933 3883 amaritudine,
964 3824 1014 3869 et
1040 3813 1178 3868 dolo.
1205 3811 1315 3869 Sub
1342 3811 1518 3884 lingua
1543 3811 1658 3879 eius
1688 3810 1834 3865 labor

227 3928 283 3972 et
314 3916 477 3972 dolor.
522 3911 713 3980 Alius,
749 3908 940 3965 Inutile
966 3906 1066 3982 (a).
1111 3907 1166 3964 8.
1191 3906 1346 3975 Sedet
1387 3908 1440 3960 in
1481 3905 1683 3960 insidiis
1718 3920 1833 3959 cum

229 4006 475 4063 αἰξί-ἑῶυ
510 4003 564 4057 in
594 4001 838 4066 occultis,
877 4008 933 4054 ut
973 3998 1244 4068 interﬁciat
1274 3998 1611 4052 innocentem.
1659 3996 1831 4062 Alius,

236 4097 504 4155 lnsidians
527 4096 667 4166 apud
686 4095 854 4150 aulas.
899 4093 954 4151 9.
988 4091 1138 4148 Oculi
1156 4093 1267 4165 ejus
1294 4094 1348 4147 in
1374 4108 1652 4163 pauperem
1675 4093 1838 4162 respi-

227 4194 402 4250 ciutu.
450 4188 731 4243 lnsidiatur
761 4188 821 4256 in
864 4186 1161 4241 abscondito
1204 4185 1351 4257 quasi
1396 4186 1475 4240 lea
1503 4186 1556 4239 in
1595 4184 1839 4255 spelunca

232 4299 362 4339 sua.
410 4280 590 4344 Alius,
634 4279 794 4348 Quasi
838 4279 892 4333 in
925 4287 1067 4349 septa
1106 4293 1218 4332 sua.
1280 4275 1567 4331 Insidiatur
1590 4287 1644 4330 ut
1668 4278 1840 4347 rapiat

234 4388 540 4444 pauperem,
559 4382 613 4426 ut
634 4371 802 4442 rapiat
828 4385 1119 4441 pauperem,
1143 4368 1265 4423 dum
1278 4368 1488 4423 attrahit
1509 4384 1642 4421 eum.
1664 4368 1837 4434 Alius,

234 4466 312 4523 In
352 4463 595 4519 tractione
620 4464 765 4532 'q'as.
816 4462 904 4518 10.
928 4459 997 4516 In
1035 4461 1215 4531 laqueo
1250 4477 1344 4517 suo
1378 4459 1666 4515 Ituiuiliabit
1701 4477 1837 4515 eum.

238 4558 401 4615 Alius
419 4599 437 4621 ,
466 4555 529 4610 In
551 4572 755 4627 sagena.
794 4554 1070 4611 Inclinabit
1094 4571 1149 4609 se
1173 4564 1221 4609 et
1253 4555 1432 4621 cadet,
1461 4572 1575 4608 cum
1604 4556 1841 4609 dominu-

240 4664 333 4705 tus
367 4649 515 4720 fuerit
544 4664 831 4718 pauperem.
875 4646 1057 4713 Alius,
1089 4645 1396 4718 Confractus
1424 4656 1594 4699 autem
1614 4646 1844 4716 inﬂecte-

242 4753 357 4805 tur,
384 4755 500 4793 cum
522 4740 567 4794 is
584 4740 786 4794 irruerit
807 4756 924 4795 cum
953 4738 1168 4811 [ortibus
1194 4740 1300 4794 suis
1331 4740 1384 4793 in
1409 4739 1707 4793 imbecillos.

326 4832 603 4900 Cat-ruptor
633 4831 829 4902 judicis
871 4832 984 4901 {ure
1018 4832 1181 4901 pejor.
1208 4861 1280 4872 —
1309 4830 1499 4886 Vidisti
1526 4846 1651 4886 eum
1681 4831 1845 4886 etiam

242 4921 503 4978 cﬂcctum
533 4936 650 4977 esse
690 4922 975 4976 immanem
1016 4920 1295 4976 belluam?
1339 4921 1473 4991 Eum
1521 4922 1667 4977 enim
1715 4931 1849 4976 tuui-

246 5029 418 5085 quam
446 5012 606 5069 feram
633 5013 946 5069 describens
976 5016 1235 5085 propheta
1254 5056 1270 5080 ,
1303 5015 1377 5070 ita
1398 5014 1465 5070 de
1490 5006 1571 5071 eo
1589 5016 1848 5086 loquitur,

246 5105 447 5170 italos,
491 5103 735 5177 fraudes,
768 5104 988 5160 insidias
1027 5105 1333 5161 traducens.
1388 5106 1527 5172 Quid
1565 5124 1633 5162 eo
1674 5117 1852 5178 potest

246 5215 379 5254 esse
408 5197 649 5255 miserius
671 5240 688 5263 ,
716 5197 1161 5269 quid.pauperius
1184 5241 1199 5263 ,
1242 5214 1366 5253 cum
1409 5198 1662 5269 pauperis
1690 5209 1851 5270 egeat

252 5287 539 5363 muniis?
565 5289 714 5345 llunc
735 5304 898 5360 ergo,
933 5289 1048 5356 dic,
1076 5300 1283 5361 quasso,
1316 5291 1556 5347 dicemus
1591 5290 1853 5348 divitem?

253 5382 407 5452 Ergo
446 5381 601 5435 etiam
644 5381 819 5436 furem
864 5390 922 5436 et
962 5396 1237 5436 murorum
1285 5381 1620 5439 eﬁ‘ussorcm.
1674 5385 1849 5452 Absit,

255 5473 456 5544 inquit.
498 5471 635 5541 Quid
660 5473 805 5529 enim
832 5473 878 5529 si
920 5473 1032 5529 fora
1060 5490 1166 5529 non
1195 5472 1469 5545 perfodit?
1519 5477 1648 5548 quid
1674 5476 1720 5533 si
1747 5494 1853 5533 non

255 5578 427 5625 noctu
450 5566 777 5639 aggreditur,
804 5565 898 5623 sed
924 5583 1044 5624 eum
1072 5567 1199 5624 dolo
1218 5568 1415 5639 judicis
1448 5568 1628 5626 iumen
1654 5570 1859 5627 exstin-

282 5700 293 5714 ο
325 5684 421 5754 (ρ).
441 5682 545 5732 Vox
768 5682 1068 5754 (ᾲνωφελέε).
1090 5691 1168 5754 est
1189 5682 1402 5754 Aquilte.
1429 5679 1681 5754 ἰιιιῑηκῇτρ
1694 5694 1846 5754 γοοος

1338 358 1708 427 EXPOSITIO
1745 354 1812 414 IN
1852 346 2183 413 ρεΑωιωι
2221 343 2315 403 IX.

3408 327 3512 385 158

1892 461 2053 538 guit?
2075 459 2206 533 quid
2233 457 2382 516 enim
2415 455 2462 512 si
2499 468 2608 511 non
2643 449 3077 512 dormientibus,
3100 420 3204 524 sed
3236 442 3527 538 vigilantia.

1894 534 1998 615 bus
2024 552 2277 610 omnibus
2306 546 2497 605 irruit?
2540 546 2641 603 Hic
2681 555 2765 601 est
2804 543 2950 599 enim
2989 538 3377 611 impudentior;
3430 534 3515 591 Ex

1882 647 2105 719 furibus
2129 643 2275 702 enim
2301 642 2451 713 leges
2471 654 2567 698 eos
2594 639 2811 712 gravius
2853 635 3116 709 puniunt,
3155 631 3248 704 qui
3279 627 3515 685 interdiu

1899 739 2172 796 furantur.
2218 734 2415 793 Vidisti
2443 731 2854 806 paupertatem?
2882 728 3064 785 vidisti
3090 724 3472 783 crudelitatem
3493 721 3519 775 ?

1899 836 2281 905 Paupertatem
2297 872 2314 900 ,
2343 828 2487 903 quod
2526 828 2667 884 bona
2693 823 2946 897 pauperis
2971 819 3365 892 concupiscat:
3394 830 3511 873 cru-

1820 940 1836 955 '
1899 926 2176 986 delitatem
2202 938 2335 980 vero
2354 963 2372 991 ,
2404 919 2550 993 quod
2582 934 2686 976 nec
2710 918 3019 974 calamitate
3047 913 3268 987 quidem
3298 909 3509 980 frango.

1904 1030 1991 1077 tur
2008 1062 2026 1094 ι
2067 1016 2164 1075 sed
2188 1015 2345 1087 Cujus
2373 1012 2622 1071 misereri
2644 1053 2659 1076 ,
2701 1020 2757 1067 et
2785 1010 2870 1066 cui
2893 1006 3185 1065 subvenire
3208 1001 3516 1077 oportebat,

1904 1116 2273 1183 paupertatem
2292 1105 2582 1178 Opprimat.
2602 1102 2715 1171 Nec,
2732 1114 2911 1157 tamen
2928 1100 3046 1154 hinc
3071 1097 3231 1153 faciet
3260 1096 3484 1166 impune
3510 1107 3545 1149 τ’

1902 1199 1999 1257 sed
2029 1197 2246 1271 quando
2266 1193 2641 1269 ‘prrevaluerit,
2668 1191 2888 1265 quando
2911 1189 3015 1270 sibi
3036 1189 3184 1245 visus
3213 1187 3380 1244 fuerit
3403 1199 3529 1252 esse

1909 1290 2196 1361 superior,
2237 1286 2456 1360 quando
2497 1284 2804 1356 seiputarit
2846 1295 2970 1338 esse
3017 1276 3524 1351 inexpugnabilem,

1908 1392 2035 1437 tunc
2063 1379 2263 1453 peribit
2290 1396 2306 1433 :
2335 1386 2396 1434 ut
2434 1386 2492 1433 et
2519 1376 2610 1433 Dci
2633 1374 2880 1432 videatur
2908 1373 3158 1430 vincendi
3186 1370 3441 1435 facilitas,
3471 1378 3528 1426 et

1913 1488 2209 1545 pauperum
2240 1471 2498 1544 patientia
2523 1511 2541 1537 ,
2580 1477 2640 1526 ct
2677 1469 2839 1541 hujus
2863 1465 3175 1543 corrigendi
3209 1454 3528 1529 difficultas,

1908 1575 1966 1622 et
1987 1564 2084 1621 Dei
2125 1563 2364 1621 lenitatis
2405 1561 2714 1619 tolerantia.
2766 1560 3065 1630 Pmpterea
3104 1575 3211 1614 non
3240 1574 3272 1613 e
3297 1556 3532 1628 vestigio

1908 1658 2154 1728 sequitur
2175 1656 2409 1727 justitia,
2440 1654 2552 1711 Deo
2572 1668 2676 1726 per
2700 1653 3023 1727 patientiam
3046 1659 3275 1707 vocante
3303 1658 3431 1705 eum
3457 1648 3529 1704 ad

1913 1748 2294 1819 paenitentiam
2322 1765 2336 1800 :
2368 1746 2467 1804 sed
2506 1746 2725 1819 quando
2753 1744 2892 1800 nihil
2923 1741 3190 1800 lucrifacit
3226 1742 3449 1798 leuitate
3474 1751 3533 1796 et

1913 1842 2190 1913 patientia,
2216 1849 2345 1898 tunc
2360 1856 2486 1897 eum
2507 1855 2606 1912 per
2630 1838 2954 1913 supplicium
2970 1837 3245 1895 admouet.
3271 1835 3340 1893 Ili
3355 1836 3531 1904 enim,

1912 1933 2004 2003 qui
2046 1931 2242 2005 injuria
2278 1932 2459 1988 affecti
2501 1940 2663 1999 sunt,
2704 1929 2843 1986 nihil
2881 1928 2996 1986 laesi
3033 1936 3196 1996 sunt;
3236 1926 3336 1984 sed
3362 1927 3530 1984 etlam

1914 2024 2169 2081 meliores
2212 2032 2270 2079 et
2320 2021 2587 2079 clariores
2637 2019 2934 2077 afflictione
2988 2018 3116 2075 facti
3171 2029 3341 2075 sunt:
3387 2018 3535 2074 Deus

1915 2125 2098 2174 autem
2126 2131 2280 2172 suam
2298 2114 2544 2175 Ostendit
2568 2114 2906 2187 patientiam,
2944 2122 3001 2168 ut
3022 2112 3111 2183 qui
3136 2110 3456 2169 sustinuerit
3480 2120 3538 2167 et

1918 2208 2264 2276 toleraverit;
2294 2217 2350 2264 et
2388 2200 2513 2264 cum
2545 2206 2802 2279 patientia
2849 2205 3186 2277 potentiam,
3228 2212 3285 2260 et
3326 2203 3404 2259 rei
3441 2216 3540 2275 σεο

1917 2300 2105 2358 rendte
2148 2300 2459 2357 facultaiteni
2491 2316 2506 2354 :
2535 2298 2680 2371 quod
2722 2297 2942 2370 quando
2978 2297 3028 2353 is
3052 2304 3200 2353 esset
3226 2295 3412 2367 seipse
3441 2310 3540 2367 pos

1921 2394 2140 2462 teutior,
2174 2402 2303 2449 tunc
2329 2394 2592 2464 temporis
2618 2393 2795 2464 ipsum
2824 2400 3047 2462 superat
3080 2407 3095 2445 :
3127 2389 3223 2446 hie
3252 2405 3383 2446 vero
3410 2405 3537 2447 cum

1920 2478 2212 2543 mansisset
2235 2486 2637 2552 inemendatus,
2660 2484 2910 2541 ultimum
2938 2482 3033 2539 dat
3055 2481 3285 2554 supplici
3311 2497 3403 2537 un.
3425 2480 3542 2538 lloc

1921 2588 2101 2635 autem
2129 2593 2235 2634 non
2266 2593 2455 2650 parum
2485 2575 2701 2635 confert
2721 2576 2794 2633 ad
2817 2573 3170 2648 corrigendos
3195 2588 3289 2631 eos
3310 2615 3328 2642 ,
3358 2575 3462 2646 qui.
3481 2576 3538 2631 iu
3600 2622 3603 2623 ν

1922 2671 2086 2727 rebus
2109 2672 2363 2728 secundis
2387 2679 2690 2728 versantur.

1998 2757 2088 2826 η.
2117 2756 2198 2813 Ne
2221 2770 2350 2834 ergo
2371 2756 2589 2828 quando
2613 2755 2811 2811 viceris
2840 2753 3121 2823 inimicos,
3150 2762 3207 2810 et
3234 2754 3413 2811 omnia
3445 2753 3543 2816 tibi

1926 2848 2163 2905 secunda
2204 2844 2423 2917 fuerint,
2461 2848 2707 2904 confidas
2732 2847 2980 2918 improbe
3006 2848 3236 2915 vivens,
3276 2846 3375 2903 sed
3416 2854 3546 2903 tunc

1925 2943 2099 3016 magis
2119 2943 2499 3015 pertimescasx
2522 2944 2762 3014 Augetur
2791 2942 2934 2998 enim
2958 2938 3148 2997 vitium
3167 2983 3184 3009 ,
3213 2941 3418 2996 tollitur
3450 2941 3548 2997 tibi

1925 3035 2172 3097 defensio
2193 3079 2209 3105 ,
2240 3036 2553 3110 praeciditur
2578 3046 2637 3093 et
2664 3033 2909 3093 aufertur
2933 3036 3111 3105 venia,
3154 3036 3202 3091 si
3230 3022 3405 3092 inaltus
3432 3039 3564 3095 ma?

1929 3146 2083 3187 neas.
2136 3132 2223 3187 ll.
2252 3129 2401 3186 Dixit
2425 3130 2561 3186 enim
2599 3130 2651 3186 in
2680 3130 2836 3186 corde
2867 3147 2963 3186 suo
2986 3145 3006 3185 :
3036 3128 3247 3191 Oblitus.
3262 3129 3550 3198 esl.Deus,;

1928 3224 2107 3280 avertit
2126 3222 2311 3295 faciem
2340 3239 2485 3278 sitam
2507 3267 2524 3288 ,
2559 3240 2624 3278 ne
2646 3223 2813 3278 rideat
2837 3223 2892 3277 in
2915 3224 3093 3293 ﬁnem.
3129 3222 3345 3280 Vide-in
3372 3240 3551 3297 quatt-

1932 3325 2046 3372 tum
2075 3315 2388 3372 barathrum
2417 3314 2737 3387 perditionis
2762 3314 3073 3384 descendit,
3096 3316 3272 3387 qualia
3296 3314 3553 3388 dogmata

1930 3407 2167 3479 colligit,
2194 3423 2315 3481 qua:
2339 3416 2560 3480 propter
2589 3406 2978 3478 impudentiam
3003 3407 3223 3480 quidem
3254 3426 3359 3464 non
3390 3408 3555 3467 audet

1935 3501 2156 3571 cfl‘crre,
2183 3518 2245 3559 ea
2276 3512 2459 3558 autem
2485 3502 2630 3573 apud
2657 3516 2718 3558 se
2747 3512 2963 3569 versat,
3006 3496 3253 3575 pugnans
3295 3500 3556 3567 cum,ve-

1936 3598 2118 3661 ritate,
2140 3604 2197 3652 et
2221 3611 2342 3667 qua:
2369 3605 2499 3651 sunt
2520 3595 2638 3650 sole
2664 3578 2895 3650 clariora
2916 3636 2933 3662 ,
2963 3605 3188 3666 propter
3212 3595 3412 3650 mentis
3441 3610 3557 3652 sum

1938 3688 2229 3743 orbitatem
2280 3685 2634 3743 adumbratis.
2689 3684 2778 3741 l2.
2821 3684 3093 3757 Exsurge,
3144 3685 3364 3741 Damine
3413 3684 3558 3747 Deus

1937 3797 2081 3835 meus
2107 3822 2122 3845 ,
2166 3780 2419 3835 mltetur
2444 3794 2629 3833 manus
2654 3787 2763 3832 tua.
2794 3775 2881 3831 Ne
2906 3777 3222 3833 obliviscaris
3247 3794 3555 3849 pauperum.

1938 3874 2115 3941 Alius,
2148 3871 2339 3928 Exalta
2365 3887 2575 3925 manum
2604 3880 2766 3925 luant.
2815 3870 2903 3925 l5.
2939 3868 3165 3941 Propter
3188 3870 3315 3943 quid
3339 3872 3558 3926 irritavit

1940 3966 2130 4036 impius
2161 3962 2367 4019 Deum?
2403 3962 2547 4019 Dixit
2566 3964 2703 4019 enim
2726 3963 2781 4034 in
2809 3952 2967 4017 c‘orde
2988 3978 3085 4018 sua
3115 3978 3137 4018 :
3169 3949 3292 4017 Non
3312 3963 3555 4034 requiret.

1940 4056 2030 4111 ιι.
2077 4054 2226 4110 Vides
2260 4048 2503 4126 quoniam
2532 4065 2587 4109 tu
2632 4055 2857 4109 laborem
2886 4062 2932 4108 et
2972 4057 3201 4129 furorem
3236 4054 3560 4124 consideras,

1942 4159 1997 4205 ut
2027 4148 2205 4203 tradas
2232 4164 2347 4203 eum
2376 4149 2431 4203 in
2464 4164 2647 4202 atauus
2679 4157 2813 4218 tuas.
2864 4148 3023 4202 Alius
3044 4188 3060 4215 ,
3103 4144 3323 4213 Vidisti,
3354 4147 3477 4219 quia
3503 4158 3560 4204 tu

1943 4242 2168 4298 laborent
2202 4252 2249 4296 et
2285 4241 2607 4296 iracundiam
2638 4239 2967 4312 inspectalis,
2988 4247 3045 4293 ut
3070 4239 3159 4295 des
3178 4240 3233 4294 in
3262 4256 3419 4301 minus
3446 4251 3558 4298 tua.

1943 4335 2119 4402 Alius,
2146 4333 2215 4391 Ut
2240 4335 2427 4389 dentur
2453 4336 2508 4389 in
2531 4350 2716 4387 manus
2746 4344 2881 4389 tuas.
2914 4332 3134 4405 Iniquus
3182 4330 3400 4406 quidem
3446 4335 3564 4392 luce

1946 4426 2104 4491 dicit,
2144 4436 2364 4496 raptor,
2401 4440 2629 4493 avarus,
2662 4434 2849 4496 utpote
2887 4426 2977 4496 qui
3018 4419 3125 4481 non
3178 4424 3274 4483 det
3319 4442 3510 4498 poenas
3544 4444 3563 4487 :

1950 4519 2210 4592 prapheta
2234 4529 2413 4573 autem
2453 4518 2573 4588 ejus
2611 4527 2863 4573 evertens
2912 4517 3161 4588 dogmata
3182 4558 3199 4584 ,
3242 4516 3313 4576 dc
3345 4520 3436 4574 Dei
3470 4535 3565 4591 ραι

1950 4616 2135 4671 tientia
2164 4613 2344 4685 ample
2372 4613 2629 4683 loquitur.
2660 4610 2757 4667 llle
2786 4611 2932 4668 enim
2959 4611 3090 4672 dicit
3120 4629 3135 4666 :
3164 4612 3354 4672 Avertit
3378 4615 3563 4685 {aciem

1949 4724 2118 4774 suam,
2145 4722 2210 4761 ne
2228 4705 2395 4760 uideat
2422 4704 2654 4775 inﬂuens
2685 4720 2705 4759 :
2734 4703 2820 4759 hic
2836 4713 3018 4760 autem
3040 4716 3227 4759 contra
3255 4723 3268 4758 :
3301 4705 3369 4762 Et
3390 4705 3563 4773 vides,

1952 4810 2008 4857 et
2032 4799 2379 4867 consideras,
2428 4807 2483 4855 et
2518 4812 2580 4854 es
2624 4796 2833 4869 patiens
2856 4837 2877 4863 ,7
2910 4797 3084 4852 donec
3110 4797 3145 4852 ii
3174 4798 3472 4855 ceciderint
3512 4800 3565 4854 in

1953 4906 2147 4948 manus
2175 4900 2312 4947 tuas.
2358 4889 2498 4960 Quid
2525 4899 2608 4945 est
2628 4931 2645 4958 ,
2692 4889 2867 4946 Donec
2904 4889 3090 4943 dentur
3121 4890 3174 4943 in
3202 4906 3386 4947 manus
3411 4896 3571 4948 luas?

1957 4986 2100 5040 Dixit
2144 4998 2297 5039 more
2341 4983 2581 5043 humano
2612 4998 2627 5033 :
2663 4981 2765 5037 hoc
2807 4991 2987 5037 autem
3025 4980 3125 5035 sibi
3162 4984 3277 5039 vult
3310 5001 3323 5036 :
3352 4982 3568 5054 Exspe-

1955 5090 2091 5145 ctas,
2120 5077 2349 5143 toleras,
2390 5084 2450 5131 ut
2477 5074 2671 5147 insigni
2701 5074 2982 5136 tradantur
3013 5074 3364 5146 improbitati.
3410 5077 3570 5135 Pote-

1958 5187 2047 5227 ras
2072 5171 2216 5227 enim
2238 5169 2332 5227 vel
2359 5184 2389 5223 a
2418 5169 2683 5240 principio
2708 5183 2804 5225 eos
2821 5177 3069 5225 evertere
3099 5171 3448 5246 etsubigere,
3472 5176 3569 5230 sed

1960 5265 2280 5319 immensum
2308 5270 2393 5317 est
2424 5261 2644 5332 pelagus
2684 5270 2790 5317 tuas
2839 5260 3175 5322 tolcrantim.
3223 5264 3489 5331 videntis,
3520 5276 3575 5323 et

1961 5374 2068 5414 non
2110 5356 2482 5428 persequentis
2501 5398 2517 5423 ,
2564 5355 2658 5411 sed
2686 5355 3052 5426 exspectantis
3075 5372 3169 5414 eos
3197 5353 3264 5411 a'd
3298 5358 3575 5430 pamiten-

1965 5450 2113 5504 tiam.
2167 5448 2322 5515 Quod
2353 5448 2398 5503 si
2426 5446 2612 5503 nolunt
2638 5488 2653 5514 ,
2706 5455 2833 5502 tunc
2865 5448 3059 5519 punis,
3086 5450 3307 5523 quando
3338 5450 3470 5506 nihil
3500 5453 3576 5506 Iu-

1964 5550 2185 5596 craulur
2209 5556 2274 5595 ex
2308 5551 2394 5594 tua
2423 5537 2701 5613 patientia.
2753 5539 2909 5605 Quod
2939 5540 3085 5595 enim
3110 5556 3359 5611 magnam
3382 5541 3579 5600 hubcul

1967 5634 2231 5688 rationem
2249 5647 2436 5686 eorum
2464 5631 2553 5701 qui
2584 5629 2780 5701 injuria
2800 5629 3132 5699 afficiuntur,
3160 5633 3282 5687 audi
3306 5636 3581 5705 quomodo

262 5718 511 5816 εροὲεσίεαπρ
537 5745 679 5816 ,φερε
731 5718 873 5795 an...
891 5718 1203 5816 ηενεῑενέεξαςνί
1232 5718 1367 5812 te...
1391 5718 1710 5804 tegare)
1731 5718 1822 5815 "ag.

1970 5744 2065 5797 per
2089 5744 2173 5794 ca,
2206 5742 2326 5797 qum
2354 5733 2685 5795 sequuntur,
2718 5724 3023 5779 confirmat.
3072 5723 3188 5779 Tibi
3216 5718 3485 5782 derelictus
3512 5738 3583 5783 est

263 5805 1027 5892 ἓζ¹¹3ἓ3ἓ93ίί9ἷιδῇ¹ἐῗῖ¹ἒξπ
1043 5805 1737 5892 Ῑῗζ¹ἑῖἷ1ἷὶῗὲἓίί9ἔῖῗῗὶξμὲἳωέΐ
1755 5805 1868 5892 ῖὲξι
1972 5834 2188 5891 μακροῖς
2218 5818 2452 5883 omium"
2483 5825 2536 5871 ια
2565 5815 2707 5886 [κίδιί
2736 5815 2946 5888 “dium
2958 5856 2965 5872 -
2995 5816 3179 5884 Αυυεί»
3205 5815 3285 5873 Τυ
3311 5822 3479 5892 iam“
3508 5838 3576 5878 αι

265 5876 529 5930 ignoratur
557 5869 703 5933 :sed
731 5873 1007 5932 postrema,
1050 5872 1329 5933 contractus
1370 5876 1533 5919 autem
1576 5870 1635 5927 (ὁ
1675 5870 1725 5917 δὲ
1755 5870 1868 5917 ωας

264 5934 436 5993 diem,
469 5940 547 5983 est
574 5930 790 5995 Aquilia.
