4154 6418
714 374 814 434 159

708 509 893 572 Alius,
926 506 1003 563 Tu
1031 507 1149 563 eris.
1183 497 1539 577 Quodautem
1564 502 1727 571 dicit,
1774 501 1879 558 tale
1906 506 1990 557 cst
2018 519 2033 554 :
2063 499 2175 556 lioc
2204 508 2291 555 est

706 614 843 671 opus
894 606 1076 666 tuum,
1117 595 1219 651 hoc
1245 603 1326 649 est
1349 593 1588 670 cilicium
1618 600 1768 647 tuum
1794 588 2087 663 egregium.
2134 586 2290 657 Quod

580 682 589 715 ί
706 705 863 758 suum
889 698 1025 756 erat,
1057 676 1381 749 nonomisit,
1413 701 1521 741 non
1544 682 1792 755 prodidit.
1822 680 2285 753 Quemadmodum

706 784 850 840 enim
870 788 955 839 est
980 778 1200 835 artificis
1232 772 1502 834 mdifléare
1525 816 1542 843 ,
1586 784 1643 832 et
1684 773 2055 844 gubernatoris
2096 786 2285 827 navem

705 874 956 944 dirigere,
984 880 1040 926 et
1058 871 1189 927 solis
1215 869 1517 927 illuminare
1542 885 1557 922 :
1588 869 1661 923 ita
1687 866 1848 923 etiam
1882 875 2029 921 tuum
2056 871 2140 920 est
2162 863 2289 919 sub-
2323 925 2339 940 .

706 967 889 1021 venire
912 962 1167 1036 mphanis
1185 1002 1201 1027 ,
1226 974 1440 1015 manum
1466 957 1707 1030 prmbcre
1734 956 2073 1027 pauperibus.
2116 953 2285 1011 Nemo
2332 1026 2333 1029 η

658 1064 665 1070 ’
700 1065 788 1117 cst
805 1054 988 1127 quisic
1010 1052 1197 1111 eorum
1221 1065 1408 1110 curam
1432 1037 1602 1121 gerat,
1629 1048 1725 1106 sed
1748 1058 1804 1103 tu
1817 1048 1985 1105 solus.
2012 1045 2127 1103 Hoc
2140 1047 2284 1102 enim

580 1137 585 1147 ’
680 1144 965 1216 signiﬁcat
1008 1144 1172 1210 illud,
1217 1140 1501 1197 Dmlictus
1523 1148 1619 1194 est.
1668 1138 1873 1199 Nullus.
1903 1137 2095 1208 inquit,
2123 1135 2281 1203 alius,

826 1246 884 1293 tn
910 1252 1055 1293 sorua
1084 1235 1443 1319 orphsnorum
1478 1240 1534 1287 et
1569 1244 1859 1302 pauperum
1903 1238 2086 1283 curam
2112 1226 2277 1299 geris.

704 1330 794 1389 15.
823 1328 1035 1384 Conterc
1057 1325 1318 1381 brachium
1355 1323 1628 1393 peccatoris
1651 1329 1699 1376 et
1735 1320 1966 1391 maligni.
2016 1318 2283 1385 Quaretur

586 1454 589 1457 -
700 1430 958 1495 precatum
986 1418 1123 1474 illius
1146 1425 1194 1472 et
1232 1433 1332 1474 non
1360 1414 1640 1470 inuenietur
1667 1422 1876 1485 propter
1910 1409 2276 1472 illud.‘Alius,

702 1513 971 1579 Qua-ratur
995 1510 1230 1581 impietas
1252 1507 1414 1578 ipsius
1435 1546 1451 1569 ,
1480 1514 1536 1559 ut
1559 1520 1661 1558 non
1684 1503 1969 1557 inueniatur
1993 1500 2121 1571 ipse.
2160 1498 2285 1571 Non

697 1603 810 1657 vult
834 1609 1165 1672 peccatorcm
1194 1597 1440 1654 absolute
1467 1594 1669 1651 conteri
1691 1633 1708 1660 ,
1748 1594 1841 1647 sed
1870 1592 2043 1657 vires,
2089 1599 2277 1659 poten-

700 1693 848 1759 tiam,
871 1700 926 1745 et
942 1690 1057 1760 ejus
1081 1688 1432 1758 improbitatis
1446 1685 1684 1742 fomitem
1704 1699 1718 1737 :
1746 1682 1939 1738 deinde
1957 1690 2109 1752 rogat
2127 1681 2277 1735 illum

695 1797 891 1838 eorum
910 1795 1029 1852 quas
1064 1779 1190 1835 fecit
1216 1777 1441 1853 reddere
1472 1776 1736 1831 rationem
1757 1815 1774 1842 ,
1805 1782 1860 1829 et
1885 1771 2173 1828 ostendens
2197 1771 2278 1825 in-

689 1873 845 1945 juria
869 1869 1287 1941 magnitudinem
1308 1908 1324 1932 ,
1350 1856 1480 1923 dicit
1507 1885 1522 1922 :
1550 1866 1612 1922 Si
1637 1866 1740 1921 hoc
1771 1862 1994 1932 fecerit,
2034 1878 2103 1921 ne
2129 1872 2277 1919 stare

693 1956 909 2035 quidem
934 1961 1145 2033 poterit.
1176 1957 1599 2028 necapparebit,
1635 1955 1731 2011 sed
1770 1953 1985 2025 peribit,
2014 1952 2272 2020 interibit,

691 2054 947 2112 radicitus
984 2050 1276 2116 delebitnr,
1308 2049 1374 2104 iis
1400 2036 1521 2119 qua:
1559 2045 1686 2102 fecit
1727 2045 2064 2101 examinatis.
2104 2042 2275 2099 Nemo

693 2159 823 2216 ergo
840 2143 1120 2199 orbitatem
1142 2139 1356 2208 delicat,
1381 2152 1541 2194 neuio
1562 2145 1947 2207 paupertatem.
1984 2134 2102 2203 Quo
2128 2136 2273 2190 enim

690 2253 753 2293 ea
775 2235 978 2306 majora
1010 2234 1224 2301 fuerint,
1254 2245 1321 2287 co
1346 2231 1516 2301 magis
1541 2245 1665 2287 eum
1698 2229 1839 2284 Deus
1864 2228 2062 2283 auxilio
2084 2227 2271 2300 digna-

692 2328 851 2383 bitur.
879 2325 1048 2382 Nemo
1072 2323 1142 2380 de
1167 2332 1431 2395 potestate
1457 2322 1561 2377 sibi
1589 2319 1868 2392 magnifice
1901 2320 2143 2390 placeat,
2176 2335 2275 2375 nec

692 2422 1025 2473 intumescat.
1046 2414 1223 2471 Locus
1246 2414 1389 2470 enim
1419 2422 1501 2469 est
1526 2412 1760 2468 lubricus
1780 2420 1833 2467 et
1863 2426 2120 2483 prmccps,
2146 2426 2272 2467 cos-

687 2522 793 2578 que
815 2506 907 2578 qui
934 2521 1039 2561 non
1059 2503 1340 2564 attendunt
1365 2501 1612 2559 facillime
1634 2501 1934 2559 subvertit._
1966 2499 2055 2556 16.
2090 2498 2240 2555 Domi
2249 2529 2269 2543 -

688 2615 783 2653 nus
832 2595 1058 2669 regnabit
1097 2596 1153 2649 in
1194 2604 1437 2651 alentem
1477 2600 1527 2647 et
1566 2594 1621 2647 in
1665 2591 1908 2647 suculam
1930 2592 2125 2647 seculi.
2174 2590 2293 2665 llic

689 2685 1081 2764 respondet'iis
1120 2688 1213 2761 qui
1257 2687 1634 2759 perturbantur
1666 2699 1734 2741 eo
1777 2683 1920 2755 quod
1961 2692 2271 2754 pcccatorcs

687 2801 795 2844 non
842 2784 1018 2843 statim
1070 2795 1255 2853 pinnas
1306 2779 1574 2837 dederint.
1626 2778 1765 2847 Quid
1813 2779 2007 2834 times?
2059 2778 2265 2849 inquit;

684 2876 812 2946 quid
852 2872 1147 2931 formidas?
1191 2871 1325 2929 Num
1358 2871 1523 2943 judex
1549 2880 1631 2925 est
1672 2870 2092 2938 temporaneus't
2138 2883 2265 2925 num

685 2969 847 3023 linem
890 2964 1050 3021 habet
1096 2975 1322 3035 regnum
1367 2961 1517 3035 eius?
1563 2962 1674 3017 Etsi
1700 2960 1843 3017 enim
1872 2974 2015 3017 nunc
2041 2975 2159 3019 non
2175 2961 2268 3017 det

683 3071 873 3130 pinnas
905 3056 979 3129 (a)
1013 3055 1137 3137 [qui
1163 3056 1357 3121 invasit
1383 3054 1680 3121 dominum,
1701 3055 1792 3124 qui
1819 3064 1901 3110 est
1923 3061 2143 3123 raptor,
2170 3052 2263 3123 qui

678 3145 916 3223 avarus],
944 3148 1165 3204 ontnino
1194 3156 1369 3203 tamen
1393 3146 1570 3217 dabit.
1591 3146 1767 3201 Manet
1786 3147 1929 3203 enim
1954 3147 2043 3217 qui
2071 3144 2258 3216 exigit,

680 3248 733 3294 et
748 3248 935 3311 regnat
950 3250 1232 3309 perpetuo.
1262 3237 1520 3305 Peribitis,
1541 3244 1732 3309 gentes,
1756 3236 1819 3290 de
1840 3246 1970 3291 terra
1986 3236 2149 3290 illius.
2176 3235 2261 3291 l7.

678 3329 1002 3387 Drsideristm
1035 3344 1315 3401 pauperum
1352 3324 1606 3384 exaudiui
1629 3370 1645 3392 ,
1696 3328 1912 3387 Domine
1939 3344 1959 3382 :
2000 3343 2263 3399 prepara-

679 3429 865 3483 tionem
892 3425 1060 3484 cordis
1078 3440 1252 3483 eorum
1274 3423 1468 3478 audivit
1490 3424 1631 3477 auris
1656 3432 1769 3481 tua.
1794 3422 1971 3487 Alius,
2006 3419 2256 3493 Proposio

676 3533 784 3576 tum
803 3520 971 3576 cordis
1000 3534 1175 3575 eorum
1197 3516 1392 3572 audivit
1417 3516 1559 3570 auris
1583 3525 1691 3569 tua.
1722 3514 1872 3570 Alius
1889 3554 1905 3581 ,
1931 3512 2260 3583 Prwparabis

672 3614 831 3679 corda
854 3628 1026 3668 eorum
1051 3590 1359 3666 ut’attcndat
1381 3609 1521 3663 auris
1546 3618 1654 3661 tua.
1686 3605 1773 3662 i8.
1796 3604 2043 3659 Judicare
2059 3604 2258 3676 pupillo

672 3716 721 3763 et
758 3690 975 3769 humili;
1021 3712 1076 3757 ut
1113 3718 1218 3757 non
1254 3707 1479 3770 apponat
1512 3698 1648 3753 ultra
1677 3697 2007 3768 magni/icore
2032 3712 2086 3751 se
2109 3697 2260 3750 homo

670 3812 822 3866 super
846 3805 1050 3850 terram.
1081 3792 1253 3859 Alius,
1280 3788 1350 3849 Ut
1364 3788 1568 3861 judices
1593 3787 1845 3861 pupillum
1865 3796 1913 3841 et
1941 3800 2255 3857 oppressum.

745 3887 830 3945 Ea;
862 3888 1045 3943 diuitiis
1073 3885 1205 3941 male
1247 3882 1407 3960 pagis
1434 3881 1592 3936 mala.
1619 3909 1692 3922 —
1733 3878 1899 3957 Vides
1942 3877 2255 3950 prophetam

671 3980 1033 4051 improborum
1055 3976 1312 4046 majorem
1327 3958 1511 4031 curam
1533 3966 1769 4044 gerere?
1790 3968 1883 4025 Est
1899 3968 2041 4026 enim
2064 3958 2254 4025 eorum

670 4072 902 4134 maxime
928 4069 1070 4125 male
1099 4068 1227 4137 pati.
1258 4065 1308 4123 ls
1334 4065 1476 4123 enim
1516 4063 1607 4137 qui
1647 4062 1841 4133 injuria
1868 4061 2132 4127 afficitur,
2158 4075 2253 4116 ac-

668 4164 799 4233 cipit
824 4162 1074 4217 damnum
1095 4158 1334 4230 pecunias
1366 4174 1380 4210 :
1410 4157 1499 4222 ille
1522 4136 1700 4211 a'utem
1729 4165 1973 4211 versatur
1996 4154 2051 4208 in
2074 4144 2252 4208 rerum

669 4256 1023 4316 maximarum
1053 4244 1307 4323 periculo.
1339 4248 1477 4316 Quid
1499 4259 1610 4303 tum
1636 4248 1803 4313 enim,
1828 4247 1875 4302 si
1898 4262 2002 4302 non
2019 4246 2254 4301 sentiunt

670 4347 1059 4419 mgritudinem,
1090 4358 1194 4414 qua
1225 4330 1523 4398 vexantur!
1555 4340 1629 4395 Eo
1654 4340 1821 4411 magis
1846 4338 2043 4394 crescit
2066 4352 2251 4392 eorum

668 4452 877 4510 stupor,
906 4446 961 4492 et
988 4451 1053 4491 co
1075 4433 1289 4493 nomine
1315 4432 1483 4503 magis
1511 4438 1721 4501 oportet
1744 4444 1933 4485 eorum
1962 4428 2201 4483 misereri
2232 4444 2247 4482 :

670 4534 773 4590 huc
799 4526 1121 4601 imperfecte
1152 4524 1345 4581 mentis
1369 4531 1471 4579 est.
1516 4520 1649 4577 Nam
1676 4519 1826 4593 pueri
1855 4519 2017 4576 etiam
2044 4519 2253 4575 terribi-

668 4627 799 4694 lium
846 4620 1049 4679 nullam
1089 4616 1291 4674 ducunt
1331 4614 1623 4679 rationem;
1675 4612 1771 4670 sed
1812 4625 1959 4682 saepe
1993 4611 2153 4666 etiam
2197 4610 2249 4665 in

680 4709 862 4779 ignem
882 4720 1073 4761 manus
1089 4703 1589 4769 immittunt,larvss
1606 4709 1790 4757 autem
1812 4699 2005 4754 inanes
2024 4694 2259 4751 videndo

680 4801 1095 4876 pertimescunt.
1130 4798 1226 4863 [iis
1253 4807 1382 4854 sunt
1406 4797 1555 4853 avari
1583 4795 1809 4861 similes,
1842 4794 1935 4866 qui
1961 4799 2256 4864 pauperta-

684 4910 795 4963 tem
827 4898 1046 4970 quidem
1078 4906 1353 4961 verentur,
1381 4909 1507 4967 qua:
1532 4908 1638 4948 non
1668 4892 1831 4947 modo
1857 4889 2112 4946 terribilis
2143 4902 2257 4942 non

682 5006 788 5061 cst,
819 4996 913 5051 sed
948 4989 1358 5050 fundamentum
1389 4990 1573 5061 potius
1600 4997 1685 5045 est
1712 4984 2026 5045 securitatis
2066 5001 2080 5036 :
2112 4983 2260 5055 inju-

687 5100 801 5155 stas
834 5101 1011 5148 autem
1043 5090 1281 5155 divitias,
1312 5097 1366 5144 et
1391 5088 1695 5144 alienorum
1726 5085 1995 5140 honorum
2026 5081 2262 5144 invasio—

690 5205 812 5245 ucm
843 5188 998 5261 multi
1027 5186 1257 5253 faciunt,
1290 5186 1435 5256 quod
1459 5191 1542 5241 est
1567 5183 1760 5253 quovis
1789 5180 1912 5253 igne
1942 5180 2259 5235 terribilius.

692 5286 920 5356 Semper
938 5271 1085 5341 sitim
1115 5283 1316 5338 malum
1339 5290 1422 5337 est
1448 5279 1696 5341 avaritia,
1728 5276 1793 5333 lit
1813 5293 1881 5333 ea
1906 5292 2033 5347 ergo
2053 5276 2263 5330 exscin-

689 5380 874 5445 datur,
931 5388 1147 5446 semper
1199 5382 1358 5444 rogat
1410 5370 1691 5443 propheta,
1744 5368 1982 5430 minans,
2034 5376 2261 5431 terrens,

694 5466 866 5521 Deum
888 5476 1084 5537 rogans
1104 5472 1165 5520 ut
1184 5470 1443 5533 exsurgat
1458 5465 1522 5516 ad
1542 5457 1872 5533 puniendum
1893 5457 2049 5513 talem
2070 5456 2265 5513 tuentis

697 5561 1001 5629 stuporem:
1022 5556 1086 5611 Et
1105 5555 1229 5612 ideo
1248 5553 1531 5624 subjungit
1549 5551 1736 5607 dicens
1762 5569 1776 5605 :
1800 5548 2051 5605 Peribitis
2070 5556 2263 5619 gentes,

698 5651 763 5705 de
788 5659 925 5704 terra
942 5648 1110 5715 illius,
1137 5646 1354 5704 minans
1374 5645 1483 5702 illis
1507 5644 1809 5711 interitum,
1830 5651 1884 5699 et
1903 5659 2100 5715 rogans
2122 5650 2181 5697 ut
2197 5642 2269 5699 sit

763 5837 840 5903 (a)
861 5836 984 5907 Qua
1010 5830 1201 5893 uncinis
1224 5816 1519 5895 clauduntur
1542 5832 1593 5882 in
1617 5830 1785 5889 Greco
1809 5829 2007 5882 desunt.

1352 372 1411 426 8.
1449 369 1727 428 JOANNlS
1760 362 2240 429 CIIRYSOSTOMI
2279 362 2594 430 Αειίιηιει).
2631 370 3165 433 CONSTANTINOP.

3895 380 4015 436 ιω

2399 481 2610 551 sdjutor
2636 496 2687 543 et
2720 487 2908 544 vindex
2935 505 3122 551 eorum
3144 533 3160 558 ,
3201 491 3291 562 qui
3329 492 3519 563 injuria
3548 492 3854 547 amtitmhtr
3885 512 3899 545 :
3940 506 4011 549 ns

2395 582 2450 629 et
2490 573 2545 629 hi
2587 577 2894 647 respirent,
2945 580 3022 636 illi
3062 596 3192 637 vero
3227 584 3583 654 corrigantur.
3635 584 3804 639 Nemo
3845 599 4004 655 ergo

2394 679 2558 745 opum
2582 677 2638 723 et
2663 667 2969 725 facultatum
2997 672 3205 742 copiam
3245 682 3614 745 persequatur.
3657 674 3812 729 Multa
3843 675 3995 729 hinc

2394 758 2534 813 mala
2557 759 2801 816 oriuntur
2837 761 2902 815 iis
2924 762 3013 833 qui
3054 779 3159 819 non
3183 764 3495 830 attendunt,
3525 750 3821 836 arrogantia
3843 808 3861 827 .
3895 781 4009 819 so-

2366 848 2612 914 cordia,
2655 850 2852 907 invidia
2876 894 2893 919 ,
2929 868 3066 908 rana
3109 845 3309 926 gloria,
3344 864 3399 912 et
3421 855 3525 911 alia
3555 857 3723 912 multo
3750 856 3833 911 bis
3862 871 4001 910 nia—

2386 940 2525 1009 jora.
2552 941 2656 998 Sed
2674 951 2732 997 ut
2751 941 2821 997 ab
2845 943 2928 998 bis
2946 943 3195 1000 omnibus
3216 947 3370 1001 malis
3390 945 3711 1014 liberemini,
3735 946 3997 1002 radicem

2388 1031 2730 1090 exscindite:
2759 1032 2807 1089 si
2834 1034 2979 1089 enim
3020 1049 3084 1090 ea
3124 1045 3229 1091 nan
3271 1047 3523 1102 maneat,
3570 1037 3707 1092 maia
3735 1038 4003 1107 germina

2389 1137 2494 1177 non
2525 1116 2811 1195 pullulant;
2854 1123 2921 1179 Et
2950 1124 3072 1181 ideo
3092 1125 3217 1183 base
3240 1126 3381 1183 dicta
3406 1137 3553 1190 sunt,
3580 1143 3689 1183 non
3714 1129 3891 1183 solum
3926 1137 4002 1183 ns

2386 1210 2701 1279 audiamus,
2749 1212 2847 1269 sed
2889 1214 3534 1289 etiamut'corrigamur,
3576 1228 3632 1273 et
3671 1218 3897 1273 multam
3930 1218 3999 1273 iu

2384 1304 2598 1360 Christo
2622 1303 2749 1361 Jesu
2776 1305 3023 1361 virtutem
3048 1306 3405 1365 exhibeamus
3432 1326 3446 1362 :
3471 1309 3557 1365 cui
3592 1308 3762 1382 gloria
3791 1318 3847 1365 ct
3876 1310 3999 1365 im-

2386 1396 2589 1465 perium
2614 1396 2667 1457 in
2692 1396 2888 1451 smeula
2914 1398 3255 1453 saeculorum.
3284 1401 3477 1455 Amen.

2703 1529 3069 1588 EXPOSITIO
3111 1531 3176 1587 IN
3217 1532 3542 1590 PSALMUM
3580 1534 3649 1592 X.

2382 1661 2449 1717 ιη
2487 1664 2641 1733 linem
2686 1630 2871 1723 υάυεά.
2918 1666 3091 1732 Alius,
3133 1664 3483 1739 Triumphalis
3532 1665 3740 1725 Davidi.
3786 1670 3977 1734 Alius,

2944 1756 3179 1814 Victoria:
3194 1760 3410 1814 auctori.
3848 1780 3855 1785 υ

2455 1873 2503 1927 l.
2536 1872 2605 1926 In
2628 1871 2847 1927 Domino
2869 1873 3106 1943 con/ida,-
3130 1873 3383 1945 quomodo
3412 1873 3587 1927 dicetis
3611 1875 3793 1927 anime
3812 1890 3945 1928 mea
3960 1890 3987 1929 :

2384 1961 2711 2033 Transmigra
2747 1964 2802 2018 in
2850 1973 3046 2019 montes
3086 1964 3216 2020 sicut
3254 1965 3473 2035 passer!
3499 1964 3671 2031 Alius,
3700 1963 3882 2020 Transi
3913 1968 3975 2021 in

2378 2064 2573 2110 montes
2602 2054 2733 2109 sicut
2772 2071 2967 2124 passer.
3001 2054 3173 2121 Alius,
3208 2053 3588 2109 Transmooere.
3620 2055 3674 2110 5.
3710 2053 3981 2120 Quoniam

2377 2164 2491 2202 ecce
2517 2157 2797 2218 peccatores
2845 2133 3169 2213 intenderunt
3201 2163 3408 2216 arcum.
3421 2156 3725 2216 paraverant
3753 2147 3979 2219 sagittas

2378 2255 2497 2295 suas
2537 2240 2593 2293 in
2629 2239 2886 2311 pharetra,
2925 2247 2980 2293 ut
3019 2238 3255 2309 sagittart
3281 2239 3335 2292 in
3362 2236 3574 2292 obscuro
3600 2248 3763 2293 rectos
3788 2239 3973 2295 corde.

2378 2333 2545 2396 Alius,
2574 2328 2734 2397 Quasi
2756 2330 2825 2384 in-
2836 2328 3072 2401 cafigine.
3106 2328 3360 2397 Quoniam
3377 2345 3491 2400 qua
3516 2340 3571 2383 tu
3595 2329 3848 2400 ρει-[εοεαε
3872 2330 3980 2385 de-

2376 2431 2691 2479 struxerunt.
2719 2422 2890 2487 Alius,
2915 2420 3167 2487 Quoniam
3190 2422 3322 2492 leges
3346 2420 3608 2476 dissoluta:
3633 2430 3768 2475 sunt.
3791 2422 3975 2485 Alius,

2381 2514 2630 2583 Quoniam
2652 2514 2898 2568 doctrina
2924 2522 3261 2567 conterentur.
3298 2511 3501 2582 Magna:
3527 2520 3655 2567 sunt
3680 2513 3821 2569 vires
3833 2516 3974 2583 spei

2373 2606 2427 2660 in
2458 2605 2762 2672 Dominum,
2790 2602 3109 2675 praesidium
3139 2602 3284 2672 quod
3328 2617 3435 2658 non
3483 2610 3662 2673 potest
3698 2601 3971 2675 superari.

2373 2706 2560 2768 portus
2614 2696 2963 2766 tranquillus,
3020 2696 3185 2749 turris
3233 2709 3357 2765 qua:
3408 2695 3595 2766 nequit
3643 2698 3967 2767 expugnari.

2371 2806 2520 2847 arma
2562 2789 2944 2861 insuperabilia
2970 2790 3011 2852 ¹,
3038 2788 3181 2843 vires
3211 2788 3423 2844 invicta:
3444 2829 3458 2851 ,
3490 2796 3546 2843 et
3572 2802 3693 2858 qua:
3724 2788 3775 2841 in
3803 2790 3974 2845 rebus

2370 2881 2699 2938 difficillimis
2724 2888 2781 2938 et
2808 2879 3234 2951 impeditissimis
3275 2878 3479 2935 exitum
3524 2878 3820 2934 inveniunt.
3858 2878 3973 2935 Per

2369 2988 2488 3028 eam
2510 2974 2743 3029 inermes
2760 2981 3018 3036 armatos,
3046 2978 3101 3026 et
3117 2970 3367 3026 mulieres
3383 2970 3526 3025 viros
3541 2979 3931 3040 superaverunt
3950 2990 3965 3027 :

2368 3075 2421 3121 et
2442 3064 2594 3137 pueri
2623 3063 2688 3118 iis
2706 3063 2798 3133 qui
2819 3061 2873 3117 in
2900 3061 3062 3117 rebus
3080 3060 3286 3116 bellicis
3313 3060 3591 3137 exet-ciuili
3621 3058 3849 3129 fuerant,
3880 3059 3967 3115 fa-

2367 3156 2471 3212 cile
2510 3154 2815 3225 superiores
2850 3151 3018 3208 fuere.
3043 3150 3183 3220 Quid
3222 3152 3417 3206 mirum
3458 3159 3638 3207 autem
3685 3152 3732 3206 si
3779 3151 3967 3207 hostes

2367 3248 2633 3310 vicerunt,
2683 3243 2897 3316 quando
2946 3244 3121 3312 ipsum
3171 3256 3385 3313 quoque
3433 3242 3693 3297 mundum
3737 3257 3967 3312 supcra-

2365 3338 2538 3394 runt?
2577 3336 2854 3393 Elementa
2886 3334 3030 3391 enim
3058 3334 3328 3404 propriam
3366 3332 3662 3405 ignorantia
3690 3320 3961 3400 namnam,

2363 3430 2432 3485 ad
2462 3428 2515 3484 id
2541 3426 2685 3499 quod
2718 3437 2849 3483 erat
2890 3425 2995 3480 illis
3024 3424 3177 3492 utile,
3209 3433 3410 3479 mulata
3438 3430 3584 3488 sunt,
3614 3431 3667 3477 et
3692 3419 3823 3476 fera:
3843 3426 3960 3477 non

2362 3531 2519 3579 erant
2561 3520 2791 3591 amplius
2838 3516 2989 3584 forte,
3036 3531 3139 3572 nec
3185 3516 3395 3581 fornax’,
3442 3513 3633 3570 fornax
3676 3512 3842 3583 (Dan.
3873 3511 3957 3586 '5).

2361 3604 2552 3670 Omnia
2592 3613 2736 3666 enim
2770 3617 3063 3692 commutat
3102 3622 3227 3677 spes
3270 3606 3323 3661 in
3356 3606 3543 3662 Deum.
3574 3605 3774 3662 Dentes
3798 3616 3958 3661 erant

2363 3704 2527 3770 acuti,
2555 3712 2815 3767 etarctus
2844 3715 3053 3765 carcer,
3083 3709 3291 3757 natura:
3329 3697 3667 3762 immanitas,
3695 3706 3753 3752 et
3781 3697 3955 3751 fames

2357 3804 2601 3850 naturam
2634 3794 2851 3851 irritatis
2883 3790 3043 3863 (Dan.
3066 3790 3120 3847 6.
3146 3788 3263 3861 ἓξ)
3297 3805 3312 3841 :
3342 3801 3605 3858 nusquam
3633 3796 3813 3841 autem
3835 3797 3958 3841 erat

2360 3890 2499 3962 quod
2543 3902 2639 3947 eas
2682 3894 2897 3943 arceret
2939 3891 3173 3954 septum,
3208 3893 3267 3937 et
3304 3895 3398 3936 ora
3438 3878 3719 3951 propheta:
3740 3879 3953 3948 corpori

2358 3992 2513 4039 erant
2536 3982 2824 4054 proxima:
2860 3976 2955 4033 sed
3000 3989 3127 4046 spes
3171 3974 3226 4029 in
3270 3972 3622 4055 Deum,'qu:e
3650 3979 3734 4026 est
3758 3971 3953 4040 quovis

2359 4079 2510 4133 freno
2531 4074 2823 4148 potentior,
2851 4073 2906 4126 in
2928 4085 3021 4125 ora
3049 4084 3232 4125 earum
3262 4067 3475 4122 irruens
3495 4105 3510 4132 ,
3541 4078 3635 4121 eas
3660 4073 3808 4119 retro
3835 4073 3949 4120 tra-

2360 4148 2538 4225 hebat.
2569 4164 2773 4222 Eadem
2796 4164 2912 4233 ipse
2934 4175 3148 4232 quoque
3174 4157 3605 4229 philosOphatus,
3635 4154 3850 4211 diccbat
3880 4155 3949 4211 iis

2355 4259 2449 4331 qui
2472 4272 2595 4315 eum
2614 4254 2878 4326 iubebant
2900 4251 3136 4322 effugere
3158 4289 3174 4313 ,
3204 4256 3259 4304 et
3290 4263 3354 4304 ex
3388 4248 3628 4302 locorum
3654 4244 3818 4302 tutela
3842 4245 3946 4301 sibi

2356 4350 2588 4406 salutem
2619 4358 2808 4417 parare
2829 4360 2853 4399 ι
2878 4339 2946 4397 In
2973 4339 3191 4394 Domino
3218 4337 3423 4407 conﬁdo
3448 4353 3468 4402 ,'
3493 4334 3748 4407 quantodo
3768 4335 3946 4391 dicetis

2354 4441 2541 4496 animi:
2568 4434 2730 4491 more!
2751 4431 2888 4503 Quid
2924 4428 3112 4487 dicis?
3156 4428 3292 4485 Eum
3334 4427 3426 4497 qui
3468 4434 3554 4482 est
3590 4424 3739 4481 orbis
3784 4433 3946 4481 terra:

2354 4530 2612 4588 Dominus
2632 4566 2650 4595 ,
2679 4526 2851 4582 habeo
2876 4522 3177 4594 adiutorem
3205 4538 3220 4574 :
3262 4534 3385 4575 eum
3411 4518 3502 4589 qui
3531 4517 3727 4587 ubique
3764 4517 3944 4571 omnia

2354 4624 2507 4680 facile
2536 4618 2743 4693 peragit
2765 4616 2940 4673 habeo
2967 4613 3182 4677 ducem,
3210 4620 3266 4668 et
3290 4626 3322 4666 a
3358 4609 3599 4681 partibus
3626 4608 3764 4663 meis
3790 4616 3942 4663 stan-

2355 4726 2500 4773 tem:
2530 4722 2588 4769 et
2622 4724 2710 4767 me
2739 4695 2919 4765 mittis
2963 4704 3032 4760 ad
3075 4698 3740 4767 terram‘inbabitabilem,
3780 4707 3837 4754 et
3874 4714 3941 4755 ex

2352 4805 2640 4865 solitudine
2686 4801 2995 4859 cautionem
3030 4809 3311 4866 comparas
3338 4792 3364 4846 ἳ
3402 4792 3643 4864 lfajusne
3676 4791 3842 4847 fuerit
3872 4805 3942 4848 ex

2353 4900 2641 4959 solitudine
2678 4894 2961 4957 autilium,
3007 4904 3169 4961 quam
3194 4903 3261 4944 ex
3298 4902 3389 4955 eo,
3416 4887 3508 4958 qui
3545 4883 3725 4941 omnia
3764 4873 3955 4954 potest:

2352 5010 2511 5069 quam
2548 4985 2973 5072 facillimetdob
2998 4983 3091 5041 42.
3114 4982 3150 5037 2
3170 4980 3229 5055 )i
3277 4970 3416 5047 Quid
3454 4992 3551 5072 me
3567 4975 3742 5072 probe
3768 4989 3944 5072 arma-

2354 5067 2487 5155 tum,
2519 5096 2791 5156 tamquam
2818 5067 3019 5137 nudum
3062 5086 3118 5132 et
3163 5070 3555 5148 incrmempad
3598 5069 3777 5148 fugam
3803 5067 3941 5123 inci-

2354 5193 2457 5247 tas,
2488 5189 2541 5235 et
2580 5175 2960 5246 transmigrare
2992 5170 3153 5241 juhes
3175 5168 3198 5222 2
3220 5167 3433 5237 Ergone
3456 5180 3581 5221 enm
3606 5158 3821 5232 quidem
3846 5160 3937 5233 qui

2354 5272 2511 5331 habet
2530 5267 2846 5329 exercitum,
2871 5262 3148 5332 murisque
3171 5267 3227 5317 et
3256 5258 3422 5313 armis
3446 5256 3681 5311 munitus
3704 5263 3807 5320 est,
3829 5269 3950 5308 non.

2350 5365 2569 5437 iuberes
2612 5361 2795 5433 fugere
2840 5357 2893 5413 in
2936 5356 3235 5418 desertum,
3258 5334 3376 5406 'sed
3404 5347 3662 5437 videreris
3684 5344 3938 5402 ridiculus

2353 5436 2473 5513 esse
2502 5454 2547 5510 si
2573 5451 2692 5507 huic
2715 5447 3029 5505 consuleres
3060 5462 3074 5498 :
3107 5458 3233 5500 eum
3257 5450 3436 5497 autem
3461 5439 3548 5510 qui
3579 5436 3741 5493 habet
3758 5450 3935 5491 secum

2353 5546 2499 5603 orbis
2522 5553 2681 5600 terra:
2718 5538 3023 5601 Dominum,
3066 5532 3416 5597 exterminas,
3447 5538 3504 5589 et
3544 5529 3712 5585 mittis
3773 5529 3825 5584 in
3848 5546 3932 5585 cx-

2352 5640 2549 5703 silium,
2581 5644 2638 5693 ct
2672 5632 2832 5704 iubes
2872 5628 3252 5699 transmigrare
3292 5632 3508 5697 propter
3543 5620 3765 5695 bellum,
3796 5622 3935 5693 quod

2419 5798 2435 5830 ι
2470 5800 2553 5848 ωε
2575 5800 2737 5851 voces,
2764 5796 2904 5842 arma
2927 5774 3285 5846 insuperabitiu,
3307 5775 3485 5829 desunt
3508 5776 3557 5827 tu
3578 5770 3720 5826 savii.
