4154 6416
203 357 287 413 Nl
1346 338 1704 400 EXPOSITIO
1742 335 1806 393 1N
1848 332 2169 394 PSALMUM
2209 336 2276 393 Χ.

203 474 503 540 [certatores
539 459 828 518 inferunt?
853 458 988 516 Cum
1020 455 1104 513 his
1132 455 1281 512 enim
1320 468 1445 525 qua:
1485 452 1628 507 dicta
1658 458 1806 540 sunt,

206 538 311 615 im:
347 557 518 613 etiam
554 554 664 609 alia
702 566 869 608 causa
911 558 1018 616 est,
1058 563 1159 604 cur
1198 561 1306 601 non
1336 544 1555 616 fugiam.
1584 538 1813 608 Quando

201 651 337 705 enim
373 648 523 704 Deus
568 643 679 701 fert
726 643 1008 706 auxilium,
1050 648 1105 694 et
1144 646 1457 708 peccatores
1482 642 1609 690 sunt
1634 632 1691 699 ii,
1722 630 1813 702 qui

202 741 389 798 bellum
419 745 647 810 gerunt,
676 732 953 807 quomodo
978 746 1087 787 non
1114 730 1271 801 longe
1297 738 1379 785 est
1405 727 1651 783 omnium
1675 724 1814 779 stul-

200 830 459 893 tissimus.
488 828 585 899 qui
630 826 790 897 jubet
835 823 1029 879 imitari
1067 823 1247 877 avium
1276 818 1623 875 timiditatem
1647 818 1671 870 ?
1694 815 1814 872 Non

201 923 520 979 consideras
544 917 823 990 quomodo
848 913 1138 977 exercitus,
1169 913 1263 984 qni
1290 920 1480 966 contra
1508 925 1596 965 me
1626 916 1734 963 stat
1759 909 1816 963 in

207 1016 335 1080 acie,
360 1022 452 1068 est
490 1012 657 1067 vilior
692 1008 935 1064 aranea?
975 1006 1032 1062 Si
1063 1005 1209 1062 enim
1236 1002 1585 1072 Imperatoris
1614 1001 1813 1056 terreni

209 1106 477 1167 inimicus,
517 1103 845 1172 ubicumque
887 1100 1066 1164 fuerit,
1099 1098 1151 1152 in
1200 1096 1443 1167 periculo
1484 1093 1636 1162 vivit,
1665 1093 1817 1148 timet

206 1208 258 1254 et
279 1196 697 1254 contremiscit:
728 1193 897 1249 multo
922 1193 1091 1263 magis
1119 1190 1213 1246 Dei
1239 1189 1634 1244 universorum.
1662 1186 1806 1255 Quo-

209 1304 439 1360 cumque
476 1290 632 1344 enim
669 1286 899 1352 venerit,
925 1297 1116 1341 omnes
1145 1282 1307 1345 habet
1336 1280 1611 1345 inimicos,
1655 1288 1818 1349 atque

207 1383 341 1438 adeo
370 1385 556 1452 ipsam
592 1380 760 1435 etiam
798 1387 1121 1435 creaturam.
1158 1372 1625 1444 Quemadmodum
1669 1372 1818 1427 enim

209 1475 413 1531 amicos
436 1475 561 1543 ejus
586 1484 641 1529 et
665 1473 936 1529 elementa
963 1479 1018 1526 et
1046 1468 1235 1525 bestia
1259 1475 1532 1532 metuunt,
1560 1474 1617 1521 et
1639 1465 1817 1521 omnis

209 1574 457 1622 creatura
510 1574 792 1620 reveretur
818 1562 840 1631 (
868 1561 1000 1632 Sap.
1032 1561 1086 1617 5.
1118 1560 1186 1615 l8
1214 1558 1234 1631 )
1266 1578 1291 1633 :J
1316 1560 1389 1615 ita
1430 1558 1712 1613 inimicum
1756 1564 1812 1612 et

212 1659 421 1715 hostem
452 1657 600 1714 bello
624 1664 815 1727 petunt
837 1663 890 1710 et
912 1661 1261 1710 exsecrantur
1283 1651 1368 1707 vel
1399 1650 1515 1722 ipsa
1541 1651 1707 1707 etiam
1734 1649 1820 1704 in-

212 1749 511 1806 smsibilia.
531 1749 600 1804 Et
628 1748 750 1803 ideo
778 1746 901 1803 illos
927 1744 1144 1816 quidem
1172 1743 1487 1816 priusquam
1506 1740 1589 1797 vel
1618 1750 1818 1796 terram

214 1848 517 1911 tangerent,
548 1839 680 1895 fera:
698 1837 1071 1903 confecerunt,
1103 1835 1204 1892 hos
1230 1849 1363 1891 vero
1388 1833 1528 1904 ignis
1560 1847 1819 1889 consum-

216 1936 339 2007 psit.
363 1935 436 1989 At
461 1934 663 1989 habent
687 1946 845 1989 arcus
869 1939 924 1987 et
940 1930 1268 2002 pharetram,
1295 1936 1352 1984 et
1377 1929 1458 1984 eis
1484 1934 1669 1998 parata
1695 1932 1823 1981 sunt

216 2026 429 2079 omnia:
463 2024 726 2079 Pararnnt
753 2022 920 2089 enim,
963 2021 1157 2093 inquit,
1200 2035 1265 2076 ea
1310 2019 1365 2074 in
1401 2018 1693 2089 pharetra:
1722 2015 1822 2072 scd

216 2116 375 2171 nulla
402 2124 534 2171 sunt
558 2128 745 2170 eorum
776 2112 945 2177 vires,
978 2126 1081 2167 nec
1104 2126 1200 2167 eos
1229 2118 1514 2181 propterea
1542 2108 1817 2164 timemus.

214 2206 346 2263 Nam
374 2220 554 2278 neque
579 2206 627 2262 si
649 2204 888 2261 viderem
911 2203 1216 2274 quempiam
1255 2201 1347 2274 qui
1384 2200 1607 2258 haberet
1634 2214 1821 2256 arcum

215 2297 473 2363 solutum,
505 2297 775 2353 timerem.
800 2294 938 2364 Quid
968 2294 1109 2351 enim
1131 2294 1323 2365 juvant
1342 2307 1514 2360 arma,
1538 2293 1583 2347 si
1615 2306 1723 2347 non
1754 2291 1827 2347 sit

216 2388 425 2444 virtus?
453 2388 566 2443 Nec
597 2388 681 2443 hic
721 2402 854 2458 ergo
889 2387 936 2443 si
977 2401 1085 2442 non
1124 2385 1267 2441 adsit
1296 2385 1390 2441 Dei
1421 2383 1821 2441 benevolentia.

222 2483 291 2533 At
309 2478 468 2533 dolos
495 2486 733 2543 struunt,
759 2478 936 2534 etnon
964 2486 1108 2532 recta
1134 2476 1538 2547 aggrediuntur.
1562 2474 1823 2546 Propter-

215 2583 276 2623 ea
326 2582 422 2623 eos
472 2568 707 2623 maxime
748 2566 919 2633 rideo,
968 2565 1111 2638 quod
1152 2567 1408 2637 sagittent
1466 2566 1520 2620 in
1564 2564 1822 2621 tenebris.

216 2658 356 2715 Nihil
396 2658 547 2713 enim
595 2658 915 2714 imbecillius
942 2658 1060 2714 vir'o
1098 2657 1191 2730 qui
1223 2658 1383 2714 struit
1423 2656 1665 2712 insidias.
1705 2655 1825 2712 Non

218 2767 352 2822 opus
379 2752 549 2808 habet
574 2762 632 2808 ut
656 2754 821 2809 armis
844 2753 1073 2808 aliorum
1101 2752 1384 2824 capiatur:
1416 2750 1510 2806 sed
1539 2751 1681 2806 cadit
1708 2764 1826 2805 nta-

219 2862 288 2900 nu
309 2848 551 2917 propria,
585 2853 641 2901 et
663 2860 759 2900 sua
784 2844 951 2915 ipsius
988 2843 1179 2900 fraude
1224 2843 1507 2899 evertitur.
1533 2840 1669 2911 Quid
1698 2856 1828 2912 ergo

218 2940 384 3007 jussit
409 2951 537 2993 esse
562 2951 628 2992 eo
659 2936 980 2992 imbecillius
1003 2976 1020 3002 ,
1056 2934 1274 3006 quando
1302 2932 1511 3005 capitur
1535 2947 1568 2987 a
1595 2931 1828 3003 propriis

217 3027 747 3085 machinationibus?
795 3027 928 3083 Cum
967 3026 1051 3083 his
1097 3034 1279 3082 autem
1324 3038 1613 3097 possumus
1653 3024 1824 3080 etiam

217 3119 358 3175 aliud
383 3119 611 3175 dicere:
639 3133 739 3174 eos
777 3134 883 3174 non
925 3118 1097 3187 solum
1126 3118 1328 3174 bellum
1350 3100 1542 3187 gerere
1566 3114 1827 3170 adversus

216 3225 309 3266 cos
330 3253 346 3276 ,
373 3210 574 3282 quibus
602 3209 741 3264 Deus
763 3208 868 3264 fert
889 3208 1144 3264 auxilium
1173 3247 1189 3273 ,
1214 3207 1373 3278 idque
1391 3222 1514 3261 cum
1541 3204 1666 3261 dolo
1686 3247 1704 3273 ,
1728 3205 1825 3262 sed

219 3303 380 3357 etiam
418 3301 683 3357 adversus
712 3300 1048 3367 innocentes,
1078 3310 1133 3355 et
1159 3300 1251 3371 qui
1279 3300 1425 3370 ipsos
1453 3298 1598 3355 nulla
1627 3297 1829 3354 affece-

218 3403 341 3449 runt
364 3392 582 3463 injuria.
612 3392 725 3449 Hoc
749 3382 927 3448 autem
964 3407 1059 3448 eos
1089 3407 1194 3448 non
1224 3406 1409 3461 parum
1450 3390 1623 3447 reddit
1650 3391 1825 3447 imbe-

219 3485 887 3556 cillos.Qucmadmodum
937 3485 1082 3541 enim
1130 3486 1218 3556 qui
1268 3484 1527 3539 adversus
1578 3484 1826 3540 stimulos

217 3578 524 3642 calcitrant,
569 3576 688 3631 illos
712 3575 927 3647 quidem
971 3589 1078 3630 non
1116 3575 1336 3641 Ia'dunt,
1381 3574 1477 3630 sed
1504 3588 1631 3629 suos
1662 3573 1827 3644 pedes

218 3676 545 3724 cruentam:
578 3668 653 3721 ita
685 3664 742 3721 hi
770 3666 956 3722 etiam.
991 3665 1126 3721 Cum
1168 3665 1253 3720 his
1275 3673 1453 3719 autem
1479 3662 1583 3718 alia
1611 3678 1827 3734 quoque

219 3773 381 3815 causa
412 3767 521 3827 est,
552 3773 673 3828 qua:
713 3756 840 3814 belli
881 3762 1069 3813 eorum
1117 3758 1257 3813 vires
1298 3757 1515 3827 frangit.
1565 3756 1825 3825 Quaenam

220 3860 399 3908 autem
428 3866 495 3908 ea
527 3851 653 3907 est?
678 3852 733 3907 4.
763 3852 1018 3920 Quoniam
1055 3867 1170 3922 qua:
1212 3851 1483 3923 perfecisti,
1516 3851 1706 3922 inquit,
1738 3853 1827 3905 de-

222 3954 542 4001 strua‘mut.
592 3945 747 4012 Quod
788 3953 965 4000 autem
1001 3943 1147 4011 dicit,
1182 3953 1268 3999 est
1292 3943 1555 4013 ejusmodi
1582 3961 1595 3997 :
1624 3943 1825 4000 Tecum

220 4036 421 4095 bellum
442 4046 638 4107 gerunt
657 4046 713 4092 et
738 4036 1066 4107 praeliantur,
1100 4036 1272 4105 legem
1304 4045 1448 4092 tuam
1478 4045 1532 4091 et
1559 4048 1824 4107 praecepta

221 4139 310 4182 tua
359 4127 726 4183 destruentes.
779 4126 1053 4197 Praecepta
1096 4128 1239 4183 enim
1273 4136 1359 4183 tua
1391 4141 1560 4198 eaque
1589 4126 1824 4197 perfecta

220 4232 485 4275 conantur
512 4220 812 4289 destruere.
855 4218 953 4275 Vel
999 4220 1101 4275 hoc
1142 4219 1293 4286 dicit,
1340 4218 1426 4274 vel
1470 4219 1615 4290 quod
1661 4220 1821 4274 etiam

220 4308 326 4363 sint
365 4310 502 4379 legis
550 4319 991 4381 transgressores.
1034 4308 1152 4366 Jam
1188 4324 1317 4366 vero
1358 4310 1461 4365 hoc
1502 4324 1716 4382 quoque
1740 4320 1826 4367 est

224 4415 328 4457 non
357 4417 580 4472 parvum
610 4412 983 4473 argumentum
1006 4402 1406 4468 imbecillitatis,
1434 4400 1579 4472 quod
1607 4401 1698 4472 qui
1727 4410 1819 4458 tua

224 4505 489 4565 praxepta
544 4510 648 4550 non
694 4496 1082 4562 custodierunt,
1114 4495 1168 4550 in
1212 4495 1409 4551 bellum
1458 4495 1819 4566 proficiscun-

228 4595 331 4641 tur.
360 4587 651 4657 Propterea
679 4586 822 4643 enim
851 4596 1051 4641 etcum
1081 4585 1241 4641 rectis
1268 4586 1468 4641 bellum
1496 4593 1691 4655 gerunt
1719 4626 1735 4651 ,
1766 4593 1823 4640 et

224 4679 372 4735 dolus
396 4689 645 4743 struunt,
674 4681 926 4751 quoniam
955 4688 1041 4734 tua
1068 4688 1333 4749 praecepta
1360 4691 1467 4732 non
1496 4676 1741 4732 audiunt.

288 4770 344 4826 2.
394 4770 682 4842 Postquam
732 4772 893 4841 igitur
943 4771 1183 4826 narravit
1224 4771 1456 4826 hostium
1484 4769 1824 4826 imbecillita-

228 4870 350 4925 tem.
394 4876 624 4932 eamque
664 4862 897 4918 ostendit
926 4877 1032 4917 non
1061 4877 1127 4916 ex
1169 4862 1234 4917 iis
1257 4877 1323 4916 cx
1350 4860 1545 4932 quibus
1569 4862 1679 4927 alii,
1723 4860 1820 4917 sed

227 4966 289 5005 rx
326 4952 392 5006 iis
427 4967 551 5020 qua:
577 4949 677 5007 sibi
719 4952 1116 5008 conveniebant
1145 4953 1274 5021 (non
1300 4953 1443 5007 enim
1471 4951 1623 5015 dixit,
1655 4951 1822 5005 Pecu-

228 5042 465 5098 aiasnon
492 5042 709 5105 habent,
739 5059 845 5097 non
869 5044 1135 5112 praesidia,
1155 5059 1257 5100 nec
1282 5024 1480 5109 socios,
1508 5058 1609 5097 nec
1635 5043 1817 5107 urbes,

232 5147 325 5188 nee
350 5133 494 5205 quod
525 5133 634 5187 sint
659 5133 737 5188 rei
769 5134 1016 5188 militaris
1046 5133 1296 5203 imperiti,
1332 5132 1426 5188 sed
1460 5132 1542 5188 bis
1570 5134 1821 5190 omnibus

228 5225 599 5294 praetermissis
629 5235 684 5282 et
714 5225 1028 5295 repudiatis,
1054 5234 1114 5280 ut
1136 5240 1257 5295 qua:
1298 5223 1428 5279 nihil
1465 5233 1667 5289 essent,
1694 5239 1817 5280 cum

224 5316 437 5374 dixisset
488 5332 586 5374 eos
629 5333 754 5375 esse
795 5316 1037 5387 iniquos,
1062 5325 1121 5372 et
1156 5316 1360 5372 bellum
1386 5330 1579 5386 gerere
1603 5329 1725 5369 cum
1754 5315 1820 5372 iis

222 5409 303 5479 qui
350 5394 550 5466 nullam
597 5409 837 5464 fecerant
877 5408 1147 5478 iniuriam,
1178 5422 1241 5462 ac
1271 5423 1391 5479 qua:
1436 5406 1528 5463 Dei
1570 5418 1693 5461 sunt
1722 5408 1820 5463 de-

221 5514 417 5560 struere
442 5506 460 5573 )
481 5546 495 5567 ,
530 5512 717 5557 narrat
744 5501 999 5571 deinceps
1023 5502 1295 5571 justorum
1324 5501 1511 5565 aciem,
1544 5517 1608 5555 ex
1636 5516 1702 5555 eo
1731 5518 1819 5556 os-

220 5600 432 5653 tendens
463 5610 627 5667 quam
659 5594 767 5647 sint
799 5594 982 5647 hostes
1023 5602 1328 5663 CSpugnatu
1367 5591 1570 5645 faciles.
1607 5591 1678 5644 Ita
1722 5606 1818 5646 nos

213 5689 359 5745 ctiam
387 5691 512 5761 quis
530 5687 604 5741 sit
622 5696 834 5757 potens,
859 5685 1048 5755 etquis
1072 5684 1393 5746 imbecillus,
1425 5684 1814 5746 examincmus,

211 5783 293 5841 sui
320 5802 425 5840 non
476 5789 707 5856 propter
746 5793 811 5835 ca
838 5777 1069 5833 maxime
1118 5780 1419 5842 timeamus,
1450 5787 1668 5847 propter
1698 5794 1815 5849 qua:

3441 340 3541 397 I43

1925 449 2117 504 timent
2144 448 2393 506 homines
2436 449 2670 511 ridiculi.
2702 448 2843 518 Quid
2868 450 3011 507 enim
3043 450 3275 507 dicunt?
3314 450 3410 508 Est
3434 463 3541 507 ter-

1920 542 2111 609 ribilis,
2141 542 2439 614 improbus,
2470 543 2673 615 ingenti
2701 543 2931 614 pecunia
2973 552 3028 599 et
3065 543 3259 613 opibus
3301 544 3535 614 pollens.

1922 635 2216 707 Propterea
2241 651 2365 691 eum
2390 636 2631 693 maxime
2656 636 2830 692 rideo.
2862 636 2990 691 llaec
3016 636 3159 691 enim
3186 646 3312 692 sunt
3338 652 3535 709 genera

1922 726 2322 783 imbecillitatis.
2366 730 2438 782 At
2473 727 2596 794 scit,
2632 727 2824 798 inquit,
2873 726 3096 783 tendere
3122 726 3367 783 insidias.
3400 728 3542 785 [iur-

1923 831 2016 874 sus
2043 819 2174 874 mihi
2192 817 2336 874 aliud
2362 819 2499 875 dicis
2528 835 2699 889 genus
2730 819 3137 877 imbeciilitatis.

1995 909 2251 967 Formula
2275 911 2467 971 Christi
2494 914 2676 986 agonis
2704 913 2937 969 ineundi.
2959 943 3035 955 —
3058 914 3198 982 Quid
3220 922 3307 969 est
3330 929 3458 985 ergo
3487 915 3539 971 in

1923 1020 2088 1062 causa
2113 1006 2255 1077 quod
2286 1007 2475 1074 multi,
2499 1008 2592 1078 qui
2620 1008 2756 1064 tales
2781 1017 2945 1075 sunt,
2985 1007 3247 1063 vincant?
3275 1008 3540 1075 Quoniam

1925 1106 1983 1154 tu
2012 1107 2161 1154 recte
2191 1113 2431 1170 pugnare
2457 1100 2636 1156 nescis
2666 1116 2682 1166 ;
2727 1101 2983 1172 quoniam
3012 1110 3069 1156 tu
3106 1117 3324 1173 quoque
3352 1101 3422 1156 dc
3463 1102 3542 1155 eis

1923 1190 2194 1259 decertas,
2223 1208 2289 1249 ex
2316 1192 2513 1263 quibus
2538 1193 2617 1249 illi
2646 1193 2781 1249 fiunt
2808 1193 3216 1262 imbecilliores,
3245 1210 3446 1265 nempe
3475 1196 3544 1249 de

1924 1284 2093 1356 gloria
2144 1293 2201 1341 et
2243 1286 2311 1343 dc
2360 1288 2616 1357 potentia.
2667 1286 2818 1358 Fuge
2864 1302 3083 1344 causam
3123 1288 3455 1355 certaminis,
3490 1300 3546 1342 et

1925 1380 2034 1435 alio
2071 1379 2233 1435 modo
2275 1378 2374 1437 feri
2399 1395 2496 1436 eos
2520 1382 2612 1452 qui
2641 1389 2693 1437 te
2721 1381 3015 1449 invadunt,
3044 1392 3386 1455 arrogantem
3427 1397 3546 1438 mo-

1925 1472 2205 1529 deratione
2229 1486 2295 1528 ac
2313 1471 2556 1539 lenitate,
2580 1487 2802 1529 avarum
2830 1482 3170 1544 paupertate,
3205 1474 3546 1530 incontinen-

1928 1576 2035 1623 tem
2065 1567 2419 1632 continentia,
2459 1566 2700 1623 invidum
2740 1566 3118 1623 humanitate:
3150 1576 3207 1623 et
3236 1568 3305 1623 ita
3334 1581 3430 1623 eos
3460 1568 3541 1623 fa-

1926 1660 2033 1717 cile
2058 1660 2267 1718 vinces.
2294 1660 2425 1730 Sed,
2454 1661 2596 1717 sicut
2625 1660 2776 1732 prius
2811 1660 2944 1730 dixi,
2974 1660 3102 1717 dum
3133 1676 3411 1717 narrarem
3438 1662 3543 1717 im-

1927 1752 2273 1810 becillitatem
2301 1753 2562 1819 hostium,
2596 1753 2717 1809 vide
2744 1752 3018 1826 quomodo
3040 1753 3171 1823 justi
3199 1767 3416 1824 quoque
3447 1754 3535 1809 di—

1927 1848 2000 1905 cit
2024 1856 2378 1905 armaturam.
2426 1845 2714 1919 Subjungit
2752 1848 2937 1905 enim:
2979 1845 3165 1903 Justus
3204 1856 3376 1903 autem
3420 1846 3544 1920 quid

1928 1942 2049 2015 fecit
2078 1942 2104 1995 2
2134 1940 2250 1999 Hoc
2300 1941 2469 1997 dicit:
2521 1942 2658 2002 Cum
2703 1941 2778 1997 illi
2819 1942 2902 1998 sic
2957 1941 3291 1998 instruerent
3335 1940 3544 2007 aciem,

1928 2035 2128 2105 quaeris
2161 2032 2433 2090 ntulenam
2474 2048 2535 2090 se
2570 2034 2748 2105 justus
2794 2033 3124 2091 armaverit?
3154 2034 3330 2091 Audi:
3358 2035 3413 2092 5.
3447 2032 3546 2089 Do-

1928 2126 2099 2182 minus
2115 2127 2167 2181 in
2190 2127 2380 2196 templo
2395 2135 2573 2183 sancto
2592 2142 2687 2183 suo
2701 2142 2721 2183 :
2742 2124 2999 2182 Dominus
3017 2127 3070 2181 iu
3093 2126 3222 2182 calo
3242 2127 3389 2182 sedes
3412 2128 3544 2199 ejus.

1932 2218 2097 2275 Vides
2132 2234 2293 2289 quam
2334 2219 2519 2290 paucis
2562 2218 2681 2291 ejus
2720 2220 2960 2274 narravit
2985 2218 3269 2275 auxilium.
3294 2219 3434 2289 Quid
3467 2219 3546 2276 fe-

1930 2311 2068 2367 ccrit
2096 2313 2299 2382 rogas?
2325 2310 2406 2366 Ad
2442 2309 2724 2366 Dominum
2763 2310 3007 2383 confugit
3040 2312 3244 2384 quiest
3282 2314 3336 2366 in
3370 2312 3539 2378 czelis,

1930 2402 2022 2473 qui
2071 2411 2157 2457 est
2185 2402 2384 2474 ubique
2413 2418 2674 2474 praesens.
2732 2402 2853 2459 Non
2899 2418 3086 2459 arcum
3140 2403 3393 2469 intendit,
3444 2421 3548 2464 nec

1933 2495 2241 2565 pharetram
2282 2495 2492 2565 paraiit
2535 2497 2676 2551 sicut
2718 2496 2828 2561 ille,
2865 2511 2966 2551 nec
2991 2498 3163 2553 aciem
3195 2498 3452 2555 instruxit
3490 2501 3543 2556 iu

1932 2586 2147 2642 occulto
2178 2602 2193 2642 :
2226 2586 2323 2642 sed
2368 2586 2451 2641 his
2490 2587 2742 2643 omnibus
2784 2588 3006 2655 missis,
3063 2603 3215 2658 Spem
3269 2590 3324 2644 in
3376 2589 3547 2646 Deum

1932 2686 2119 2734 contra
2160 2693 2351 2735 omnes
2392 2682 2612 2751 objecit,
2652 2691 2708 2737 et
2745 2697 2870 2737 eum
2920 2682 3028 2738 illis
3082 2682 3336 2753 opposuit
3366 2682 3407 2750 ί,
3455 2682 3545 2754 qui

1933 2776 2081 2832 nullo
2116 2777 2311 2834 horum
2343 2775 2577 2848 indiget,
2630 2760 2738 2830 non
2788 2775 2932 2841 loco,
2978 2788 3085 2830 non
3129 2782 3406 2844 tempore,
3440 2788 3552 2829 non

1932 2868 2135 2935 armis,
2181 2883 2290 2923 non
2330 2867 2618 2940 pecuniis,
2677 2865 2773 2921 sed
2821 2865 2940 2921 solo
2992 2875 3126 2921 nutu
3180 2865 3361 2921 omnia
3419 2880 3548 2936 per-

1932 2959 2062 3032 agit.
2112 2958 2304 3016 Vidisti
2350 2957 2769 3029 inexpugnabile
2808 2956 3234 3027 expeditnmque
3281 2965 3338 3011 et
3392 2955 3550 3013 facile

1932 3051 2230 3107 auxilium?
2259 3049 2413 3105 Oculi
2436 3051 2547 3120 ejus
2574 3050 2626 3103 in
2655 3065 2932 3119 pauperem
2959 3048 3263 3117 respiciunt,
3290 3046 3545 3120 palpebra

1932 3147 2045 3215 ejus
2082 3143 2399 3215 interrogant
2438 3142 2575 3211 ﬁlios
2626 3141 2910 3195 hominum.
2952 3140 3007 3196 6.
3043 3139 3296 3194 Dominus
3325 3141 3553 3195 interro-

1932 3245 2018 3309 gat
2051 3238 2253 3307 justum
2290 3235 2338 3289 e't
2386 3233 2622 3305 impium.
2663 3231 2767 3299 Qui
2803 3241 2976 3287 autem
3013 3219 3184 3304 diligit
3206 3232 3551 3301 iniquitatem,

1934 3328 2042 3384 odit
2093 3330 2320 3384 animant
2370 3341 2539 3383 suam.
2594 3324 2749 3381 Alius
2773 3366 2791 3393 ,
2828 3322 3104 3396 Palpebrae
3149 3324 3261 3398 ejus
3312 3324 3555 3395 probant.

1935 3421 2117 3487 Alius,
2144 3420 2394 3482 Dominus
2412 3421 2589 3492 justus
2615 3418 2959 3473 excutiuntur.
2992 3418 3167 3485 Alius,
3199 3416 3409 3473 Justum
3436 3434 3556 3490 ιιι-ε.

1934 3512 2016 3567 bat
2049 3522 2094 3567 ct
2124 3513 2359 3583 impium,
2378 3520 2428 3566 et
2446 3527 2560 3566 eum
2588 3510 2674 3582 qui
2695 3519 2836 3564 amat
2862 3510 3059 3580 injusta
3082 3510 3191 3563 odit
3214 3510 3389 3563 anima
3413 3511 3549 3582 ejus.

1933 3606 2106 3672 Alius,
2144 3604 2246 3672 Qui
2273 3613 2412 3658 aiunt
2440 3603 2768 3675 injustitiam,
2802 3602 2923 3658 odio
2951 3600 3102 3656 habet
3121 3601 3348 3655 animum
3373 3617 3546 3656 suam.

1934 3700 2128 3758 Vidisti
2154 3708 2398 3772 paratum
2430 3698 2739 3770 adjutorem
2760 3738 2776 3765 ,
2804 3704 3115 3769 promptum
3142 3694 3548 3766 opitulatorem,

1933 3796 2135 3868 ubique
2182 3802 2529 3866 prmscntem,
2573 3792 2757 3849 omnia
2803 3789 3101 3857 videntem,
3151 3790 3332 3844 omnia
3372 3788 3549 3859 respi-

1933 3890 2163 3945 cientem
2197 3906 2211 3942 :
2243 3886 2399 3956 cujus
2440 3886 2544 3940 hoc
2582 3884 2816 3939 maxime
2842 3896 3039 3937 munus
3074 3889 3177 3949 est,
3222 3881 3323 3936 etsi
3370 3881 3548 3937 nullus

1933 3998 2058 4039 eum
2080 3989 2257 4053 rogat,
2275 3979 2583 4051 providere,
2611 3991 2795 4032 curant
2812 3988 3032 4046 gerere,
3061 3988 3158 4031 eos
3183 3974 3273 4046 qui
3291 3973 3544 4045 injuriam

1934 4076 2139 4133 faciunt
2186 4073 2498 4146 prohibere,
2533 4071 2599 4126 iis
2634 4068 2828 4140 quibus
2872 4065 2933 4123 fit
2975 4066 3167 4136 injuria
3203 4079 3541 4133 succurrere,

1933 4171 2147 4226 illorum
2174 4177 2323 4223 recte
2352 4164 2489 4220 facta
2521 4160 2879 4227 remunerari,
2907 4160 2993 4215 his
3018 4172 3119 4231 pro
3146 4158 3381 4229 peccatis
3413 4171 3545 4227 sup-

1932 4262 2089 4334 plicia
2117 4260 2361 4332 inﬂigere
2388 4260 2411 4314 ?
2434 4258 2579 4315 Nihil
2608 4272 2738 4330 ergo
2768 4257 3022 4327 ignorat:
3066 4254 3208 4309 oculi
3252 4252 3397 4309 enim
3428 4250 3549 4321 ejus

1932 4356 2119 4411 orbem
2146 4361 2309 4410 terra:
2336 4352 2637 4423 respiciunt
2663 4351 2739 4422 (2.
2775 4348 2961 4405 Paral.
2994 4350 3083 4406 16.
3107 4346 3188 4420 9).
3220 4345 3339 4402 Non
3368 4343 3548 4399 solum

1932 4458 2112 4503 autem
2140 4449 2265 4512 hoc,
2297 4445 2394 4501 sed
2418 4446 2581 4501 etiam
2608 4459 2671 4500 ea
2699 4444 2817 4499 vult
2835 4444 3123 4516 corrigere.
3158 4442 3228 4498 Et
3257 4440 3378 4496 ideo
3407 4437 3548 4492 alius

1931 4555 2147 4612 quoque
2194 4540 2370 4611 ipsum
2423 4536 2738 4608 significans
2780 4534 3015 4601 dicebat,
3053 4532 3257 4589 Justus.
3288 4530 3347 4588 Si
3400 4531 3547 4587 enim

1925 4634 2127 4705 justus,
2156 4646 2262 4687 non
2293 4630 2512 4687 inducet
2560 4630 2613 4685 in
2658 4628 2899 4684 animum
2937 4636 2999 4683 ut
3039 4629 3158 4683 hau:
3197 4637 3401 4681 temere
3431 4623 3546 4678 fieri

1928 4727 2226 4798 permittat.
2276 4728 2573 4781 Aversatur
2624 4722 2819 4789 malus,
2865 4720 3048 4779 laudat
3090 4720 3288 4791 justos.
3342 4716 3546 4773 Deinde

1929 4818 2074 4891 quod
2106 4820 2159 4874 in
2185 4818 2354 4890 priori
2387 4816 2603 4873 Psalmo
2637 4816 2873 4883 dicebat,
2912 4813 3207 4870 ostendens
3250 4811 3384 4867 satis
3422 4824 3545 4866 esse

1930 4912 2119 4966 vitium
2151 4910 2218 4966 ad
2250 4911 2397 4981 ipsos
2422 4908 2841 4973 consumendos,
2889 4907 2990 4961 hoc
3031 4904 3123 4962 hic
3147 4906 3309 4961 etiam
3338 4904 3545 4975 signiti-

1930 5018 2062 5058 cans
2092 5002 2407 5073 subjunxit:
2439 5002 2539 5070 Qui
2564 5010 2734 5055 autem
2772 5010 2912 5054 amat
2936 4998 3269 5070 iujustitiam,
3298 4997 3407 5052 odit
3432 4986 3548 5050 aui-

1930 5111 2067 5148 tuam
2110 5110 2276 5148 suam.
2322 5092 2419 5148 Est
2449 5091 2591 5147 enim
2618 5091 2815 5145 anima:
2844 5090 3121 5145 inimicum
3148 5089 3337 5143 vitium
3358 5128 3375 5154 ,
3406 5086 3545 5143 infe-

1929 5198 2094 5254 stum,
2121 5197 2174 5240 et
2204 5183 2563 5256 perniciosum
2592 5198 2799 5254 :qnare
2830 5182 2913 5236 vel
2952 5192 3077 5237 ante
3101 5181 3429 5253 supplicium
3452 5180 3541 5235 dat

1931 5292 2112 5349 poenas
2160 5278 2455 5348 improbus.
2492 5275 2680 5331 Vidisti
2728 5273 3001 5345 quomodo
3042 5272 3279 5345 undique
3305 5272 3545 5328 ostendit

1928 5369 2268 5425 adversarios
2322 5369 2477 5423 facile
2515 5369 2632 5439 capi
2681 5383 2858 5437 posse,
2903 5382 3023 5421 cum
3063 5374 3119 5421 et
3155 5364 3317 5421 talem
3349 5363 3544 5420 habent

1927 5464 2254 5533 adjutorem,
2284 5471 2338 5517 et
2357 5478 2385 5515 a
2411 5462 2643 5533 propriis
2666 5462 2738 5515 illi
2766 5459 2932 5515 armis
2961 5460 3265 5525 vincantur,
3298 5472 3395 5528 per
3419 5472 3543 5528 qua:

1928 5558 2264 5625 muniuntur,
2290 5573 2384 5628 per
2411 5572 2473 5612 ea
2502 5572 2560 5613 se
2590 5565 2990 5618 cunsmneates,
3016 5562 3072 5608 et
3096 5552 3304 5623 seipsos
3335 5552 3538 5607 Luden-

1993 5783 2004 5811 ¹
2032 5780 2119 5832 lla-
2140 5796 2305 5845 voces,
2324 5788 2368 5834 et
2388 5796 2497 5834 cum
2523 5782 2619 5835 illis
2643 5784 2880 5846 opposuit,
2908 5781 3085 5829 desunt
3103 5775 3309 5827 inSavil.
3325 5783 3376 5828 et
3399 5777 3532 5829 (Iolb.
