4154 6408
700 360 802 418 ηδ

695 476 819 533 test
863 474 1040 530 vidisti
1084 472 1267 529 auxilii
1299 465 1669 535 facilitatem?
1694 469 1886 541 Neque
1921 468 2065 527 enim
2102 467 2281 538 aliquo

690 567 951 636 catulum,
977 582 1079 636 nec
1101 565 1423 624 currendum
1451 573 1566 632 est,
1582 579 1691 623 nec
1716 566 2093 622 consumenda:
2123 575 2283 630 pecu-

694 659 822 726 nia,
849 672 972 714 cum
1001 657 1145 713 Deus
1166 657 1238 713 sit
1265 656 1460 727 ubique
1498 669 1754 725 prasens,
1783 665 1839 709 et
1862 652 2039 708 omnia
2084 650 2281 722 rideat.

691 748 750 804 'l.
783 747 936 804 Plut
962 763 1117 819 super
1139 738 1424 818 peccatores
1456 746 1680 817 laqueos,
1716 744 1849 817 ignis
1883 753 1932 798 et
1958 742 2199 812 sulphur,
2231 749 2283 796 et

692 840 904 909 spiritus
947 839 1309 911 procella-uin,
1352 854 1476 911 pars
1506 837 1680 894 colicis
1718 852 1913 891 eorum.
1945 834 2000 914 8.
2026 832 2279 903 Quoniam

693 932 858 995 iustus
897 929 1167 996 lia-sinus,
1217 939 1265 989 et
1300 929 1533 1002 justitias
1580 928 1779 998 dilexit,
1830 928 2117 999 equitatem
2156 924 2279 980 sidit

689 1022 860 1077 ouans
895 1022 1025 1094 (jus.
1077 1020 1259 1091 Alius;
1291 1018 1447 1078 Pluet
1483 1036 1639 1092 super
1676 1020 1876 1089 iniquos
1903 1016 2146 1072 carbones
2174 1014 2275 1087 (a).

690 1113 862 1189 Alius,
887 1112 1233 1170 [latitudines
1257 1110 1440 1167 uidebit
1458 1110 1625 1166 ouans
1644 1125 1835 1173 eorum,
1857 1106 1960 1163 hoc
1982 1116 2088 1171 est,
2104 1103 2278 1175 justo-

690 1220 833 1269 rutu,
863 1206 948 1262 vel
970 1206 1132 1263 etiam
1159 1204 1334 1277 ipsius
1345 1203 1461 1261 Dei.
1483 1203 1771 1276 Postquam
1797 1194 1934 1256 dixit
1956 1197 2275 1269 supplicium

688 1295 833 1368 quod
854 1310 923 1353 ex
941 1280 1072 1351 vitio
1088 1296 1277 1362 oritur,
1296 1295 1545 1365 quoniam
1573 1293 1725 1349 multi
1746 1292 1799 1349 id
1822 1298 2189 1355 contemnunt,
2206 1302 2275 1343 ex

693 1384 846 1457 plaga
869 1399 988 1457 qua
1014 1398 1249 1455 superne
1274 1382 1511 1441 infertur.
1534 1392 1766 1439 mentem
1789 1379 2044 1450 deinceps
2073 1379 2275 1448 impro-

691 1474 882 1530 borum
894 1474 1148 1539 concutit.
1165 1472 1465 1545 emphatica
1485 1475 1540 1528 e't
1552 1487 1667 1529 rem
1686 1472 2019 1542 exprimente
2032 1469 2276 1525 oratione

692 1572 870 1629 utens,
923 1572 979 1627 et
1025 1578 1119 1634 per
1165 1564 1382 1621 nosnina
1436 1562 1695 1643 terribilia
1733 1562 2047 1633 procedens.
2093 1558 2273 1631 Ignem

687 1656 857 1721 enim,
885 1667 940 1711 et
955 1654 1202 1729 sulphur,
1229 1666 1283 1712 et
1310 1656 1559 1729 spiritum
1588 1656 1960 1727 procellarum,
1993 1663 2050 1709 et
2080 1654 2274 1709 carbo-

691 1759 811 1811 nes,
858 1746 1049 1819 inquit,
1097 1760 1329 1817 superne
1382 1745 1549 1818 pluet.
1591 1746 1882 1803 dictionum
1931 1744 2276 1800 translatione

691 1850 904 1904 [umnam
935 1836 1329 1905 inevitabileut‘,
1356 1835 1606 1909 supplicii
1634 1834 2020 1899 diversitatem,
2049 1831 2273 1888 feriendi

670 1924 1016 1996 facilitatem,
1036 1936 1094 1985 et
1113 1916 1465 1987 consumendi
1490 1927 1595 1982 vim
1617 1926 1805 1982 volens
1830 1926 2134 1982 ostendere.

649 2042 653 2046 >
694 2014 701 2021 ’
758 2019 813 2075 5.
832 2018 971 2089 Quid
998 2028 1102 2086 est,
1141 2016 1277 2078 Pars
1304 2019 1479 2076 colicis
1500 2019 1713 2075 eorum?
1740 2018 1901 2086 liae,
1942 2018 2134 2089 inquit,
2185 2025 2271 2074 est

685 2126 809 2167 sors
833 2098 1045 2180 eorum,
1072 2110 1188 2168 huic
1207 2099 1512 2185 :
1549 2110 1603 2166 in
1640 2124 1709 2167 eo
1734 2109 2104 2175 versabantur,
2131 2109 2183 2163 in
2204 2123 2271 2163 eo

684 2212 1089 2263 commeauit.
1136 2202 1342 2261 Deinde
1384 2217 1603 2261 causam
1646 2216 1861 2273 quoque
1902 2200 2083 2265 alfert,
2128 2197 2271 2269 quod

684 2294 775 2362 qui
795 2293 973 2351 omnia
1000 2292 1218 2365 respicit
1250 2308 1357 2351 non
1384 2294 1658 2365 permittat
1699 2285 1761 2347 iit
1789 2291 1903 2348 lm-c
1929 2292 2144 2361 impune
2172 2290 2269 2344 ab-

684 2392 829 2439 eant.
856 2382 1009 2453 Quod
1039 2384 1176 2441 alius
1201 2384 1364 2440 etiam
1392 2383 1523 2439 dicit
1542 2382 1802 2454 propheta
1829 2400 1843 2436 :
1880 2380 2052 2436 Purus
2090 2380 2270 2435 oculus

682 2485 823 2541 tuus,
854 2492 919 2533 tu
956 2476 1123 2547 videat
1166 2464 1413 2544 male,“
1436 2492 1594 2543 super
1634 2476 1833 2529 labores
1879 2475 2141 2544 respicere,
2168 2490 2271 2529 non

686 2566 872 2634 poteris
920 2581 940 2621 :
981 2548 1086 2625 hoc
1110 2580 1323 2639 quoque
1360 2566 1595 2622 ostendit
1622 2565 1711 2621 hic
1755 2563 1939 2621 dicens
1971 2583 1985 2619 :
2019 2562 2269 2631 Quoniam

676 2656 852 2727 justus
876 2654 1146 2723 Dominus,
1190 2664 1242 2711 et
1268 2657 1503 2728 justitias
1552 2655 1730 2711 dilexit
1781 2654 2007 2723 (Habac.
2040 2655 2091 2709 Ι.
2138 2654 2262 2724 l3).

685 2745 801 2803 lloe
825 2746 918 2804 Dei
933 2754 1017 2823 est
1031 2746 1310 2812 eximium,
1331 2761 1450 2817 quae
1464 2747 1608 2816 justo
1630 2754 1755 2801 sunt
1777 2734 2089 2810 admittere,
2104 2746 2270 2817 usqui-

683 2849 846 2899 tatent
880 2839 1130 2917 amplecti
1156 2856 1173 2894 :
1201 2854 1316 2897 nec‘
1327 2855 1447 2913 quze
1470 2838 1627 2895 aliter
1649 2837 1801 2905 fiunt,
1825 2853 2075 2909 umquam
2104 2838 2268 2894 susti-

684 2932 883 2988 interit.

748 3020 1325 3093 Comparatio‘passeris
1351 3007 1466 3076 cunt
1493 3020 1664 3076 diuite.
1691 3051 1763 3062 —
1788 3020 2077 3091 Propterea
2116 3019 2265 3076 Psal-

682 3128 835 3186 mnnt
853 3088 1131 3182 inanimis.
1150 3111 1393 3169 diccbat:
1417 3110 1487 3173 lit
1506 3109 1726 3167 Domino
1750 3088 1955 3180 conﬁdo
1976 3128 1994 3176 ;
2015 3112 2265 3183 quomodo

678 3206 847 3260 dicitis
872 3205 1057 3259 animo
1100 3220 1225 3260 mete
1253 3219 1274 3259 :
1296 3202 1624 3275 Transmigra
1667 3203 1723 3257 in
1762 3212 1955 3258 montes
1995 3204 2123 3259 sicut
2148 3219 2270 3274 pas-

679 3300 799 3354 ser!
825 3298 925 3367 Qui
951 3290 1093 3353 enim
1124 3297 1176 3353 in
1203 3298 1363 3352 rebus
1389 3297 1615 3352 terrenis
1637 3338 1653 3360 ,
1684 3304 1740 3350 et
1764 3294 1830 3351 iis
1869 3310 1991 3367 qua:
2017 3295 2084 3350 ad
2129 3296 2267 3351 hanc

680 3392 842 3447 vitam
870 3391 1156 3461 pertinent,
1188 3389 1462 3445 confidunt
1481 3429 1498 3452 ,
1527 3388 1698 3445 nihilo
1735 3389 1927 3445 melius
1951 3388 2267 3446 afficiuntur

683 3496 842 3551 quam
874 3471 1061 3551 passer
1083 3481 1175 3551 qui
1201 3479 1372 3536 ﬁdens
1406 3479 1706 3547 solitudini,
1761 3480 1919 3538 facile
1947 3481 2062 3551 capi
2087 3488 2261 3553 potest

675 3573 745 3627 ab
772 3572 1040 3628 omnibus.
1086 3571 1230 3627 Talis
1252 3581 1336 3628 est
1361 3572 1451 3642 qui
1467 3582 1647 3644 sperat
1674 3573 1727 3628 in
1756 3573 2027 3645 pecuniis.
2058 3572 2263 3640 Quem-

676 3664 963 3720 admodum
995 3678 1179 3735 passer
1200 3674 1255 3719 et
1280 3678 1309 3723 a
1342 3666 1539 3734 pueris,
1560 3672 1617 3720 ct
1636 3678 1666 3718 a
1697 3665 1844 3720 visco
1867 3666 2098 3736 capitur,
2128 3680 2158 3720 a
2187 3666 2264 3722 la-

675 3754 851 3826 queis,-
880 3765 935 3811 et
959 3755 1027 3812 ah
1054 3754 1179 3811 aliis
1208 3755 1687 3812 innumerabilibus
1715 3772 1730 3809 :
1778 3754 1850 3819 ita
1878 3756 2041 3811 etiam
2067 3740 2157 3828 qui
2182 3768 2266 3814 est

672 3845 846 3909 dives,
872 3854 931 3902 et
960 3859 1179 3901 suorum
1199 3884 1218 3912 ,
1249 3853 1305 3900 et
1334 3845 1565 3901 hostium
1618 3846 1817 3915 petitur
1853 3844 2059 3902 insidiis
2089 3855 2182 3905 :ct
2208 3848 2259 3903 iu

674 3936 879 4006 majore
898 3950 1059 4006 quam
1080 3936 1168 3989 ille
1192 3943 1438 3991 versatur
1466 3934 1725 4006 periculo,
1754 3946 1812 3991 nt
1831 3937 1924 4007 qui
1944 3938 2144 3993 multos
2166 3938 2263 3993 hac

674 4030 820 4094 heat,
842 4027 933 4099 qui
961 4027 1161 4083 viscum
1186 4026 1461 4092 adhibent,
1488 4036 1543 4082 et
1574 4034 1702 4081 ante
1727 4025 1870 4093 illos,
1898 4028 2065 4082 malas
2105 4030 2261 4099 cupi-

670 4120 900 4185 ditates;
926 4127 1115 4190 estque
1160 4132 1376 4188 semper
1411 4118 1833 4188 transmigrator,
1879 4132 2095 4190 semper
2121 4130 2258 4177 tem-

675 4211 787 4285 pori
823 4210 1086 4274 serviens,
1112 4217 1168 4262 et
1196 4209 1440 4265 lictorum
1483 4207 1591 4263 iras
1639 4208 2045 4277 pertimescens,
2069 4218 2124 4277 et
2152 4208 2260 4263 lm-

674 4303 937 4372 peratoris
988 4299 1423 4371 indignationem,
1458 4306 1508 4354 et
1538 4296 1875 4353 adulatorum
1919 4299 2157 4366 insidias,
2206 4309 2262 4355 et

673 4394 887 4451 fraudes
927 4394 1360 4457 amicorum;.et
1404 4405 1527 4447 cum
1582 4391 1765 4446 hostes
1819 4390 2090 4457 irruerint,
2142 4392 2260 4461 plus

672 4503 832 4557 quam
861 4500 1052 4541 omnes
1090 4483 1477 4551 eontremiseit,
1505 4492 1705 4540 etcum
1735 4495 1818 4539 est
1845 4498 1970 4553 pax,
2014 4482 2257 4553 suspica-

674 4591 762 4637 tur
789 4580 1128 4635 insidiatorcs
1156 4596 1171 4633 :
1204 4593 1376 4648 neque
1418 4576 1562 4635 enim
1589 4575 1752 4632 habet
1774 4562 1987 4632 divitias
2012 4575 2252 4642 stabilec,

670 4681 727 4728 et
750 4688 870 4741 qua:
892 4668 1092 4727 auferri
1121 4673 1411 4740 nequeunt.
1448 4667 1571 4724 Ideo
1592 4682 1810 4738 semper
1834 4668 1975 4724 volat
1997 4676 2054 4724 et
2079 4677 2253 4723 trans-

673 4764 888 4834 migrat,
920 4768 1131 4817 montes
1171 4769 1229 4816 et
1277 4759 1495 4817 deserta
1542 4772 1901 4847 persequens,
1941 4772 2159 4814 versans
2199 4759 2252 4813 in

666 4854 917 4926 caligine,
944 4852 1080 4909 etin
1116 4850 1345 4909 meridie
1368 4865 1583 4909 crassas
1608 4850 1809 4907 habens
1848 4850 2119 4929 tenebras,
2149 4850 2251 4906 do-

665 4947 857 5016 losqne‘
894 4951 1127 5000 struens.
1155 4943 1262 4999 Sed
1309 4957 1417 4997 non
1448 4941 1567 4997 talis
1607 4949 1693 4998 est
1727 4940 1922 5012 iustus.
1963 4939 2075 4995 Via:
2113 4942 2248 4995 enim

660 5036 921 5106 iustorum
946 5034 1264 5105 resplendent
1290 5034 1454 5088 instar
1469 5032 1599 5089 lueis
1626 5030 1809 5105 (Prov.
1844 5032 1897 5088 ι.
1926 5031 2033 5104 l8).
2063 5032 2250 5103 Neque

665 5127 809 5184 enim
840 5126 1059 5183 insidias
1082 5141 1291 5197 parare,
1337 5139 1513 5196 neque
1545 5124 1799 5194 iniuriam
1842 5123 2017 5180 facere
2044 5126 2247 5180 consti-

664 5228 840 5288 tuunt,
866 5218 962 5275 sed
983 5220 1221 5291 quietum
1262 5217 1460 5273 habent
1484 5216 1745 5273 animum.
1772 5214 1849 5270 Illi
1876 5224 2054 5271 autem
2091 5215 2247 5273 dolos

664 5326 877 5382 semper
895 5301 1181 5375 struentes,
1209 5324 1423 5380 semper
1446 5317 1575 5365 sunt
1599 5308 1651 5362 in
1678 5315 1823 5364 metu
1849 5317 1904 5363 et
1929 5308 1981 5362 in
2007 5308 2245 5367 tenebris

663 5404 804 5471 sicut
840 5401 1095 5468 latrones,
1120 5416 1392 5458 murorum
1419 5398 1749 5471 perfossores
1777 5406 1832 5455 et
1859 5396 2088 5453 adulteri
2125 5398 2245 5455 :in-

724 5537 798 5599 (α)
817 5537 875 5587 in
893 5542 1173 5600 eam,“
1194 5548 1251 5587 tn
1266 5546 1490 5600 usuram
1510 5540 1698 5594 ἀνδρα-κ.
1716 5530 1868 5600 _Cujus
1888 5529 1953 5600 sit
1968 5530 2074 5600 haec
2093 5536 2243 5600 mter.

662 5591 871 5665 pyétiuo
889 5605 1048 5648 cum
1070 5591 1334 5661 ignotaer
1359 5591 1452 5644 Ille
1474 5591 1619 5655 vero,
1646 5591 1867 5665 quisquis
1903 5591 2078 5651 fuerit.
2101 5596 2243 5665 Dm

663 5662 828 5729 uertit,
839 5676 1031 5731 ξιιμ-ιι,
1050 5665 1280 5731 carbones
1302 5679 1319 5716 :
1339 5679 1432 5715 nec
1443 5662 1831 5731 {transeunte}
1860 5676 1970 5713 nam
1992 5664 2241 5731 exi-adice

656 5726 759 5800 ΠΊΞ
779 5726 1110 5800 fama“
1148 5730 1350 5778 verbum
1384 5727 1621 5800 orituriu
1655 5726 1805 5800 hipltil
1840 5730 2007 5791 οιιτῃ
2030 5730 2240 5781 cinerem

941 5800 1065 5858 Vide
1087 5800 1291 5851 chicoo
1315 5805 1530 5849 nostrum
1552 5798 1599 5851 iu
1624 5783 1853 5862 θρέψω.

1363 356 1423 415 3.
1459 352 1738 415 JOANNIS
1772 350 2250 411 CIIRYSOSTOMI
2286 349 2604 410 ARCHIEP.
2643 349 3180 410 CONSTANTINOP.

3875 354 3986 408 lib

2392 468 2566 524 terdiu
2594 467 2782 526 vident
2825 465 3097 540 tenebras,
3123 484 3244 524 etim
3270 473 3340 525 sit
3366 484 3553 528 eorum
3579 470 3757 526 anima
3782 472 3992 527 timore

2386 562 2724 617 conturbata.
2756 561 3039 631 Quomodo
3061 577 3192 634 ergo
3230 573 3457 634 possunt
3487 563 3570 621 ha:
3605 563 3800 619 discuti
3824 573 3988 619 teoc-

2384 650 2539 708 bra?
2559 651 2616 708 Si
2644 660 2707 726 (te
2732 651 2803 712 ab
2831 652 2915 708 his
2942 652 3194 709 omnibus
3215 652 3554 726 sejunxeris,
3583 664 3640 709 et
3679 668 3709 708 a
3740 654 3833 709 Dei
3880 667 3989 723 spe

2385 743 2726 815 pependeris,
2758 744 2862 801 etsi
2888 745 2964 801 sis
3007 746 3203 801 millies
3232 756 3499 817 peccator.
3533 746 3786 817 Respicite
3805 746 3986 810 enim.

2383 832 2575 904 inquit,
2603 836 2673 890 ad
2695 837 2932 908 antiquas
2955 838 3327 908 generationes,
3355 849 3401 891 et
3424 837 3586 892 uidete
3605 839 3718 909 quis
3743 838 3981 905 sperauit

2383 924 2439 979 in
2475 923 2750 980 Dominum
2771 966 2788 991 ,
2818 936 2869 980 et
2894 931 3139 999 confusus
3185 937 3260 983 est
3293 928 3308 959 ¹
3342 926 3534 997 (Ercli.
3575 927 3631 982 2.
3677 930 3738 985 ll
3764 926 3809 1001 ).
3855 927 3988 984 Non

2382 1013 2550 1081 dixit,
2574 1014 2756 1071 lustus
2789 1035 2803 1071 :
2831 1016 2927 1073 sed
2954 1059 2971 1081 ,
2997 1015 3123 1083 Quis
3143 1017 3171 1073 l
3198 1017 3309 1077 Etsi
3335 1018 3437 1080 sit,
3470 1018 3675 1087 inquit,
3700 1030 3985 1088 peccator.

2386 1104 2506 1164 Hoc
2543 1106 2686 1162 enim
2714 1106 3054 1173 admirabile,
3085 1107 3228 1178 quod
3256 1109 3417 1163 etiam
3460 1116 3773 1179 peceatores
3811 1122 3992 1163 anco-

2380 1210 2498 1251 ram
2545 1194 2683 1251 hanc
2712 1205 2993 1261 tenentes,
3043 1208 3169 1253 sunt
3210 1200 3459 1254 omnibus
3506 1200 3983 1271 inexpugnabiles.

2380 1286 2495 1344 iioc
2516 1297 2603 1343 est
2630 1288 2775 1343 enim
2820 1290 3050 1345 maxime
3095 1290 3149 1345 in
3179 1290 3347 1346 Deum
3399 1290 3717 1357 affectionis,
3756 1294 3989 1364 quando

2380 1387 2459 1433 tot
2487 1378 2643 1435 inalis
2665 1396 2955 1451 oppressus
2980 1382 3033 1436 in
3063 1382 3180 1451 ejus
3207 1382 3535 1452 benignitate
3559 1382 3805 1439 habuerit
3829 1382 3976 1438 fidu-

2379 1468 2550 1535 ciam.
2566 1468 2869 1525 Sieutenim
2888 1471 3203 1528 maledictus
3228 1483 3311 1527 est
3330 1474 3420 1543 qui
3438 1482 3623 1544 sperat
3650 1473 3703 1527 in
3730 1472 3982 1538 homine,

2378 1558 2450 1613 ita
2476 1560 2635 1613 etiam
2660 1558 2850 1616 beatus
2868 1570 2959 1633 est
2987 1563 3078 1631 qui
3120 1572 3306 1631 sperat
3331 1564 3383 1617 in
3427 1560 3541 1620 Deo
3568 1561 3723 1637 (lar.
3753 1564 3840 1619 17.
3888 1562 3982 1635 5).

2379 1650 2463 1705 Ab
2487 1651 2735 1705 omnibus
2760 1666 2891 1723 ergo
2920 1663 2975 1707 te
3020 1653 3326 1724 sejungens,
3370 1654 3511 1709 hanc
3537 1665 3660 1710 tene
3689 1670 3982 1713 ancoram.

2381 1739 2521 1795 Deus
2547 1741 2690 1796 enim
2730 1743 2910 1797 omnia
2952 1743 3213 1813 intuetur,
3237 1744 3380 1815 justc
3404 1745 3628 1816 iudicat,
3658 1756 3715 1801 et
3740 1762 3845 1802 non
3877 1763 3984 1803 so-

2376 1830 2485 1887 lum
2511 1831 2737 1901 iudicat,
2760 1832 2855 1887 sed
2882 1834 3041 1889 etiam
3066 1834 3133 1890 ad
3162 1850 3298 1905 opus
3320 1835 3536 1891 deducit
3562 1852 3575 1888 :
3598 1846 3655 1891 et
3670 1836 3792 1892 ideo
3811 1847 3978 1906 post-

2375 1936 2535 1993 quam
2555 1922 2691 1978 dixit
2710 1923 2779 1978 de
2807 1926 3167 1995 ejusjustitia,
3194 1927 3429 1983 ostendit
3452 1928 3618 1983 etiam
3646 1928 3983 2000 supplicium

2372 2028 2475 2083 per
2500 2014 2702 2085 ignem,
2732 2030 2833 2085 per
2856 2017 3151 2091 procellam,
3172 2034 3191 2073 :
3219 2017 3323 2074 hoc
3367 2028 3549 2074 autem
3593 2018 3720 2075 facit
3753 2019 3981 2075 illorum

2374 2118 2557 2159 curam
2580 2120 2795 2176 gerens,
2833 2116 2892 2165 et
2920 2123 3015 2178 per
3049 2108 3368 2180 supplicium
3407 2109 3641 2165 reddens
3678 2110 3982 2166 modestio-

2375 2210 2482 2251 res.
2510 2197 2773 2253 Omnibus
2800 2215 2931 2270 ergo
2955 2200 3025 2257 de
3052 2201 3230 2257 causis
3256 2200 3325 2257 ad
3352 2216 3476 2257 eum
3520 2201 3872 2263 accedamus.
3916 2214 3983 2257 ct

2377 2299 2637 2357 perpetuo
2667 2290 2734 2344 ad
2763 2306 2887 2346 eum
2916 2292 3288 2362 respiciamus.
3316 2292 3563 2349 lta'enim
3594 2294 3756 2349 etiam
3785 2296 3977 2351 omnia

2377 2377 2514 2432 bona
2552 2393 2944 2450 consequemur
2981 2381 3034 2436 in
3062 2381 3277 2438 Christo
3301 2381 3429 2438 Iesu
3474 2383 3703 2440 Domino
3756 2394 3975 2451 nostro,

2373 2468 2462 2524 eui
2485 2468 2654 2541 gloria
2686 2470 2739 2525 in
2770 2473 2965 2527 smcula
2995 2473 3342 2531 smeulorum.
3370 2475 3567 2530 Amen.

2695 2622 3057 2686 EXPOSlTlO
3099 2626 3168 2683 lN
3194 2623 3523 2687 PSALIIUM
3552 2628 3643 2686 XI.

2376 2760 2427 2813 1.
2457 2757 2524 2815 In
2566 2761 2719 2829 ﬁnem
2765 2778 2858 2831 pro
2901 2774 3096 2817 octaua.
3140 2762 3324 2826 Alius.
3368 2762 3604 2820 Victoris
3638 2776 3833 2820 aecum
3872 2783 3977 2838 pro

2550 2862 2743 2906 octaua.
2772 2852 3029 2909 ﬂebrteus
3052 2863 3251 2920 autem,
3279 2855 3581 2925 Aseminitli,
3610 2856 3798 2929 inquit.

2370 2939 2424 2995 2.
2458 2940 2675 2997 Saluum
2718 2959 2798 2998 me
2839 2948 2946 3016 fac,
2977 2942 3215 3013 Domine,
3244 2950 3489 3017 quoniam
3523 2946 3706 3016 defecit
3728 2959 3972 3017 sanctus,

2440 3035 2681 3107 quoniam
2704 3036 2968 3091 diminutas
3007 3045 3124 3091 sunt
3169 3038 3400 3092 veritates
3432 3054 3466 3091 a
3509 3038 3633 3104 ﬁliis
3678 3040 3973 3096 Mutinam.

2442 3127 2615 3193 Alius,
2646 3126 2899 3193 Quoniam
2929 3131 3184 3183 terminati
3278 3136 3404 3183 sunt
3466 3129 3644 3198 ﬁdeles
3667 3146 3701 3183 α
3724 3131 3847 3200 ﬁliis
3870 3133 3978 3186 Isa-

2444 3236 2657 3274 ηηηωη.

2443 3331 2497 3386 l.
2526 3330 2705 3387 Ardua
2725 3330 2940 3402 quidem
2970 3345 3057 3386 res
3074 3340 3159 3386 est
3184 3330 3373 3397 virtus,
3394 3341 3450 3387 et
3479 3346 3575 3402 per
3600 3347 3662 3386 se
3688 3332 3971 3400 dilﬂcilis;

2370 3424 2602 3479 maxime
2628 3433 2828 3489 autem,
2856 3423 3072 3494 quando
3099 3424 3190 3493 qui
3219 3433 3476 3494 operatur
3497 3439 3621 3481 cum
3648 3439 3839 3497 magna
3861 3426 3973 3482 ho-

2370 3531 2560 3572 norum
2592 3515 2828 3569 virorum
2858 3516 3127 3587 paucitate
3171 3527 3434 3571 versatur.
3478 3515 3629 3572 Sicut
3671 3518 3817 3572 enim
3861 3519 3973 3575 iter

2367 3610 2542 3682 agenti
2567 3608 2718 3664 labor
2735 3616 2821 3673 est
2841 3652 2856 3673 ,
2888 3609 3057 3664 multo
3094 3610 3263 3680 magis
3296 3618 3473 3664 autem
3500 3609 3545 3663 si
3577 3608 3727 3665 solus
3749 3615 3819 3666 sit
3843 3610 3970 3665 via-

2371 3711 2475 3766 tor,
2502 3712 2559 3756 et
2595 3700 2716 3755 sine
2758 3700 2858 3754 viae
2897 3700 3093 3755 comite
3123 3716 3137 3752 :
3170 3700 3241 3754 ita
3269 3700 3357 3755 hic
3392 3700 3577 3755 etiam.
3631 3699 3747 3756 Non
3797 3716 3970 3771 parra

2368 3792 2511 3847 enim
2542 3805 2631 3846 res
2654 3799 2737 3845 est
2773 3788 2996 3844 fratrum
3017 3790 3247 3847 societas
3269 3798 3325 3845 et
3357 3789 3682 3858 adhortatio.
3729 3791 3795 3856 Et
3838 3792 3972 3850 ideo

2366 3880 2492 3935 dicit
2518 3880 2681 3936 etiam
2712 3879 2927 3947 Paulus,
2950 3879 3334 3935 Considaantes
3361 3880 3693 3951 sosipsosad
3716 3898 3970 3951 procace

2366 3972 2551 4027 tionem
2586 3970 2871 4026 dilectionis
2899 3978 2945 4025 et
2980 3969 3228 4024 bonorum
3265 3986 3474 4042 opst-ain
3500 3968 3693 4045 (Hebr.
3726 3972 3812 4027 l0.
3836 3971 3963 4045 ει).

2368 4061 2435 4117 Et
2462 4060 2585 4118 ideo
2624 4068 2751 4117 sunt
2793 4060 2879 4116 vel
2929 4060 3163 4117 maxime
3208 4059 3350 4117 beati
3383 4060 3672 4131 .judicandi
3724 4073 3964 4130 veteres,

2366 4172 2470 4211 non
2494 4155 2637 4227 quod
2666 4162 2815 4210 recte
2838 4160 2895 4210 et
2937 4168 3007 4209 ex
3030 4153 3227 4209 virtute
3252 4166 3314 4210 se
3339 4154 3610 4225 gesserint
3634 4195 3651 4216 ,
3684 4154 3779 4210 sed
3805 4157 3959 4224 quod

2365 4257 2500 4312 tum,
2526 4262 2648 4303 cum
2676 4260 2867 4317 magna
2897 4252 3043 4300 esset
3062 4244 3274 4300 virtutis
3297 4244 3575 4312 sterilitas,
3608 4254 3664 4301 et
3685 4260 3958 4316 nusquam

2364 4348 2683 4412 apparerent
2708 4339 2800 4410 qui
2839 4352 2902 4395 se
2945 4346 3097 4394 recte
3120 4346 3391 4409 gererent.
3432 4336 3546 4393 Hoc
3587 4352 3718 4408 ergo
3745 4339 3961 4409 signiti-

2363 4448 2491 4488 cans
2516 4446 2729 4503 quoque
2751 4431 3026 4501 Scriptura
3053 4429 3267 4486 dicebat
3291 4448 3307 4484 :
3340 4428 3457 4485 Noe
3469 4432 3668 4501 justus,
3697 4434 3961 4502 perfectus

2361 4527 2413 4580 in
2440 4526 2759 4598 generatione
2782 4540 2878 4579 sua
2906 4520 3055 4594 (Gen.
3086 4522 3139 4578 6.
3170 4521 3262 4593 9).
3308 4520 3601 4591 Propterea
3624 4524 3961 4580 admiramur

2361 4616 2656 4681 Abraham,
2676 4623 2958 4684 propterea
2979 4614 3099 4679 Lot,
3119 4621 3401 4684 propterea
3425 4612 3647 4678 διαθείη,
3668 4614 3808 4685 quod
3836 4616 3958 4671 vel-

2361 4708 2436 4762 uti
2472 4710 2525 4763 in
2555 4706 2816 4778 profunda
2839 4714 2997 4761 nocte
3016 4705 3189 4761 stellae
3210 4717 3553 4777 apparerent,
3584 4717 3639 4761 et
3671 4717 3951 4779 tamquam

2359 4814 2496 4856 rosa:
2524 4800 2663 4855 inter
2688 4801 2893 4866 spinas,
2933 4805 2990 4854 et
3025 4811 3157 4855 oves
3195 4798 3336 4855 inter
3376 4798 3533 4869 lupos
3582 4798 3955 4856 innumerabi-

2358 4892 2456 4958 les,
2486 4900 2544 4947 ut
2577 4890 2667 4961 qui
2695 4891 2835 4944 viam
2862 4888 3112 4945 omnibus
3132 4891 3462 4946 contrariam
3511 4891 3953 4961 ingrederentur,

2354 4989 2694 5053 coeptumque
2707 4981 2810 5055 iter
2828 4980 3538 5056 ininimeinterrumperenL
3561 4968 3745 5041 Silii:
3768 4981 3950 5051 ipsum

2355 5076 2495 5130 enim
2515 5084 2601 5130 est
2620 5058 2836 5128 difficile
2862 5073 2915 5126 in
2932 5066 3293 5137 multitudine,
3315 5083 3372 5129 et
3398 5074 3489 5144 qui
3514 5072 3696 5129 multis
3723 5064 3950 5149 contra“.

2355 5168 2489 5221 rium
2533 5166 2636 5220 iter
2690 5163 3107 5235 ingredientibus
3162 5163 3279 5233 ipse
3320 5164 3468 5218 solus
3516 5166 3699 5219 contra
3749 5164 3946 5243 tendit,

2354 5258 2561 5326 magnis
2582 5255 2815 5311 afficitur
2835 5256 3117 5331 molestiis,
3136 5266 3190 5312 et
3212 5257 3257 5311 si
3288 5255 3342 5311 in
3365 5250 3697 5327 naiigazi-mc
3725 5266 3807 5313 est
3832 5255 3945 5333 dif-

2354 5350 2509 5414 ficile,
2539 5363 2664 5404 cum
2696 5336 2886 5403 fluctus
2910 5355 2966 5403 ct
2988 5358 3155 5403 aestus
3180 5356 3367 5402 contra
3395 5345 3597 5402 feratur
3620 5388 3635 5411 ,
3667 5363 3855 5403 navem
3887 5348 3942 5403 in

2350 5442 2677 5497 contrarium
2693 5441 2921 5511 dirigere
2949 5459 2963 5495 :
2996 5441 3164 5496 multo
3179 5440 3348 5511 magis
3365 5440 3416 5495 in
3444 5440 3659 5495 virtute.
3683 5440 3940 5508 Propter—

2350 5550 2412 5590 ea
2452 5532 2541 5591 hic
2576 5546 2788 5604 quoque
2806 5530 3007 5603 justus,
3034 5540 3097 5589 ut
3114 5530 3205 5601 qui
3230 5531 3379 5588 solus
3401 5547 3519 5588 eam
3548 5520 3935 5602 apprehendis-

2413 5726 2428 5755 ι
2460 5723 2510 5786 in
2531 5708 2754 5786 Siracidc
2780 5733 2868 5786 seu
2900 5720 3245 5786 licclesiastico
3267 5720 3479 5786 legitur,
3502 5716 3615 5783 quis
3642 5717 3840 5781 conﬁdit
3882 5716 3932 5769 its

2355 5779 2590 5836 Domino?
2620 5782 2711 5845 (τίς
2736 5782 3040 5832 ἐνεπίστινσε
3061 5781 3225 5845 Κυρίῳ
3244 5782 3283 5844 3)
