4154 6464
151 107 188 144 .u'.
201 123 214 128 "
227 106 367 170 ir??-

266 160 297 203 it,
320 202 331 205 Ἴ
352 174 357 177 1

308 220 311 223 ‘
340 230 355 237 Α.

145 285 162 292 .-
181 277 233 301 _.'
268 306 271 307 ν

133 309 162 326 ,ιε
179 309 230 341 _..
314 310 317 315 .

127 353 134 362 ι
262 354 267 357 ν
288 370 295 373 _

71 443 80 468 ε
126 392 311 469 λικε

208 521 310 579 Ill.
330 511 552 571 uteris
574 521 774 571 contra
805 511 1173 577 tendentibus,
1198 512 1440 583 confugit
1471 512 1538 568 ad
1564 513 1656 569 Dei
1688 526 1818 584 pro-

206 606 524 675 sidentis-3,
554 606 789 664 dicens:
848 606 1068 663 Salvum
1117 623 1196 661 me
1224 606 1330 677 fac,
1383 605 1624 661 Domine.
1680 604 1821 661 Nihil

206 712 337 771 ergo
376 698 469 756 hic
518 699 669 755 aliud
716 714 881 771 quam
930 699 1034 756 hoc
1069 700 1380 771 signiﬁcat:
1415 699 1661 769 Superna
1689 699 1823 755 mihi

208 805 367 847 manu
395 805 539 861 opus
593 798 700 858 est,
746 791 951 847 ccclesti
995 804 1117 861 ope,
1150 800 1208 847 et
1250 791 1343 846 illo
1369 791 1553 846 divino
1597 790 1819 846 auxilio.

206 880 341 936 Cum
373 881 524 937 enim
546 881 688 937 viam
715 881 985 954 ingrediar
1018 881 1269 938 omnibus
1311 885 1660 947 contrariam,
1700 896 1820 936 ma-

206 987 307 1040 gna
334 972 473 1027 mihi
501 986 641 1042 opus
667 982 753 1029 est
779 973 1132 1043 providentia.
1167 973 1236 1029 Et
1257 988 1362 1029 non
1393 973 1565 1029 dixit:
1596 972 1817 1029 Salvum

207 1079 295 1119 lue
320 1063 432 1129 fac,
450 1063 709 1133 quoniam
752 1079 860 1119 non
887 1074 969 1121 est
993 1076 1208 1121 sanctus
1241 1082 1255 1118 :
1281 1063 1397 1129 sed,
1426 1064 1681 1133 Quoniam
1722 1064 1817 1119 de-

208 1155 326 1224 [erit
356 1165 592 1223 sanam,
619 1155 916 1212 ostendens
941 1169 1038 1212 eos
1061 1157 1223 1212 etiam
1245 1156 1336 1226 qui
1361 1164 1538 1222 erant,
1566 1155 1814 1226 periisse,

208 1255 503 1316 postquam
530 1246 755 1303 invaluit
789 1248 998 1313 vitium,
1030 1257 1087 1303 et
1129 1247 1348 1303 morbus
1373 1250 1618 1317 superior
1646 1248 1818 1305 factus

206 1345 317 1391 est.
352 1336 473 1393 lloc
516 1336 712 1393 Paulus
737 1353 951 1409 quoque
978 1337 1129 1394 timet
1154 1330 1342 1394 dicens
1372 1355 1387 1390 :
1424 1337 1645 1393 Nescitis
1681 1338 1819 1409 quod

210 1443 407 1495 parum
434 1428 666 1497 {armenti
693 1438 849 1489 totam
873 1445 1092 1485 massam
1120 1432 1389 1499 fermentat
1415 1428 1491 1503 (l.
1519 1427 1699 1485 Cor.5.
1723 1428 1818 1500 6)?

208 1518 281 1576 Et
304 1535 502 1575 rursus
533 1538 547 1574 :
590 1520 933 1592 Corrumpunt
973 1522 1135 1577 bonos
1161 1537 1325 1576 mores
1353 1522 1609 1592 colloquia
1658 1537 1844 1592 prava.

209 1609 390 1684 (Ibid.
422 1612 507 1667 l5.
532 1612 656 1683 33).
697 1612 835 1681 Quid
881 1623 965 1669 est
1009 1623 1187 1669 autem
1208 1656 1230 1680 ν,
1281 1613 1559 1668 Diminuta:
1585 1623 1703 1668 sunt
1732 1629 1818 1668 ve-

208 1706 439 1760 ritates!
484 1705 659 1761 Multa:
721 1715 849 1763 sunt
906 1706 1178 1762 veritates.
1244 1704 1706 1773 Quemadmodum
1760 1707 1814 1763 in

210 1798 522 1866 coloribus,
547 1808 602 1854 et
622 1800 743 1855 aliis
770 1800 1060 1871 generibus
1081 1800 1229 1868 ,alia
1255 1799 1471 1871 quidem
1497 1808 1624 1856 sunt
1663 1815 1811 1863 vera,

212 1889 325 1944 alia
360 1889 517 1957 falsa,
546 1899 600 1946 et
636 1900 717 1947 est
743 1906 977 1962 purpura
1020 1907 1171 1959 vera,
1208 1901 1263 1947 et
1290 1907 1526 1963 purpura
1576 1890 1729 1955 falsa,
1760 1904 1816 1947 et

208 1980 261 2036 in
294 1996 466 2037 croco
486 1982 587 2053 (α),
608 1981 661 2038 in
685 1983 965 2054 lapidibus,
993 1984 1045 2039 in
1074 1984 1426 2050 aromatibus,
1449 1992 1502 2040 et
1524 1983 1642 2039 aliis
1665 1983 1813 2054 ejus-

210 2073 368 2129 modi
405 2092 419 2128 :
448 2075 517 2130 ita
545 2077 704 2131 etiam
734 2076 787 2131 in
829 2077 1136 2132 virtutibus.
1170 2076 1382 2133 Veritas
1402 2076 1547 2134 enim
1564 2086 1647 2133 est
1667 2076 1812 2148 quod

204 2181 341 2222 vere
370 2178 456 2222 est
484 2186 498 2221 :
525 2169 859 2225 mendacium
887 2178 1067 2226 autem
1102 2169 1247 2240 quod
1272 2184 1378 2225 non
1398 2178 1505 2226 est.
1544 2168 1811 2238 Quoniam

200 2273 345 2329 ergo
367 2257 483 2314 haec
506 2260 710 2316 inversa
730 2270 784 2316 et
803 2260 1087 2316 obscurata
1110 2259 1341 2326 fuerant,
1366 2275 1471 2316 non
1496 2259 1638 2331 quod
1656 2273 1810 2316 suam

200 2350 577 2420 perdidissent
618 2354 997 2419 substantiam,
1023 2352 1119 2408 sed
1148 2353 1293 2424 quod
1315 2353 1385 2409 ab
1412 2353 1722 2409 hominibus
1742 2352 1810 2410 de

198 2443 400 2500 medio
426 2445 631 2501 sublata
676 2446 943 2502 fuissent:
977 2455 1259 2517 propterea
1290 2462 1397 2502 non
1427 2445 1563 2502 dixit
1607 2447 1805 2514 solum,

198 2533 501 2591 υὶπιίιηιιε
544 2547 686 2603 sunt,
717 2538 811 2593 sed
855 2538 1072 2609 adjecit,
1114 2538 1160 2593 Α
1209 2540 1332 2609 ﬁliis
1378 2540 1662 2605 hominum,
1704 2540 1807 2595 hoc

196 2628 583 2700 ipsumrolens
602 2631 918 2701 significare.
936 2631 1227 2688 Considera
1256 2642 1455 2688 autem.
1472 2633 1569 2689 Est
1584 2616 1839 2691 ornatus"

192 2734 393 2785 vcrus,
420 2729 504 2776 est
526 2721 686 2778 etiam
712 2723 896 2778 falsus.
926 2723 1058 2792 Quis
1083 2733 1165 2780 est
1192 2739 1323 2795 ergo
1353 2740 1513 2780 verus
1540 2725 1805 2781 ornatus?

193 2810 306 2878 Qui
334 2821 420 2865 est
446 2812 497 2866 in
526 2812 719 2867 anima.
749 2811 879 2880 Quis
914 2823 997 2870 est
1024 2823 1202 2871 autem
1242 2814 1448 2871 falsus?
1477 2816 1579 2884 Qui
1611 2824 1701 2871 est
1740 2816 1798 2871 in

190 2916 460 2972 corpore.
493 2901 628 2958 Sunt
650 2904 849 2960 divitia;
870 2920 1032 2969 veras,
1064 2915 1191 2961 sunt
1216 2907 1377 2962 etiam
1404 2905 1573 2962 falsce.
1605 2906 1800 2974 Falsm,

191 2993 555 3063 pecaniarum
580 3011 595 3049 :
643 3011 806 3063 verm,
840 3005 986 3053 recte
1015 2996 1299 3053 factorum.
1328 2998 1424 3053 Est
1453 2997 1639 3054 lmtitia
1687 2998 1805 3055 lucc

189 3082 423 3152 quidem
448 3098 594 3152 vera,
624 3085 711 3140 illa
730 3101 860 3141 vero
889 3087 1040 3154 falsa,
1067 3088 1194 3143 item
1220 3088 1666 3158 pulchritudines,
1702 3105 1802 3159 po-

190 3174 412 3240 tentia,
459 3184 513 3229 et
554 3176 745 3246 gloria.
783 3177 891 3232 Sed
922 3179 1153 3233 maxima
1184 3193 1305 3249 pars
1346 3179 1645 3247 hominum,
1703 3180 1801 3236 ho-

189 3280 323 3321 rum
362 3265 583 3322 veritate
619 3268 826 3333 relicta,
880 3284 999 3337 qua:
1040 3268 1174 3325 falsa
1222 3278 1348 3326 sunt
1384 3272 1726 3352 persequitur
1783 3290 1796 3327 :

187 3357 347 3412 sicut
383 3358 525 3411 enim
558 3367 642 3413 est
668 3359 830 3414 homo
859 3374 1017 3415 verus
1060 3371 1115 3416 et
1140 3360 1341 3420 falsus:
1372 3378 1532 3419 verus
1555 3363 1797 3434 quidem,
1834 3354 1835 3357 “

187 3446 289 3516 qui
323 3445 453 3501 vivit
476 3456 527 3501 et
553 3458 837 3517 operatur;
863 3449 1029 3506 falsus
1047 3461 1225 3508 autem
1252 3453 1342 3524 qui
1358 3454 1537 3524 pictus
1562 3463 1650 3511 est
1676 3472 1689 3509 :
1724 3456 1797 3511 ita

186 3538 364 3593 etiam
386 3537 572 3595 videre
603 3555 891 3610 possumus
919 3542 970 3597 in
995 3543 1303 3599 virtutibus.

295 3628 377 3682 De
427 3630 597 3687 cordis
648 3631 966 3703 simplicitate.
1009 3665 1080 3676 —
1126 3637 1181 3691 3.
1230 3634 1378 3693 Vana
1427 3637 1623 3711 loquuti
1679 3649 1797 3695 sunt

190 3724 543 3795 unusquisque
592 3727 665 3780 ad
719 3728 1011 3798 proximum
1066 3745 1238 3785 suum.
1300 3728 1463 3785 Labia
1494 3732 1695 3800 dolosa,
1740 3736 1801 3790 in

186 3818 355 3873 corde
374 3827 420 3872 et
435 3820 586 3873 corde
608 3820 806 3891 loquuti
827 3832 944 3875 sunt
962 3822 1120 3878 ntala.
1168 3822 1321 3879 Alius
1345 3823 1517 3892 dixit,
1541 3824 1608 3881 In
1646 3828 1800 3883 corde

186 3910 301 3964 alio
328 3920 374 3963 et
397 3910 501 3965 alio
531 3911 775 3981 loquitur.
805 3912 922 3969 Duo
950 3913 1039 3970 hic
1062 3914 1193 3971 dicit
1222 3916 1369 3983 vitia,
1401 3926 1457 3973 et
1484 3917 1628 3989 quod
1657 3934 1793 3975 vana

189 4000 407 4069 loquuti
432 4000 563 4067 sint,
590 4011 643 4057 et
670 4001 815 4071 quod
852 4004 1095 4074 proximo
1137 4019 1240 4060 suo
1266 4023 1281 4060 :
1313 4006 1401 4062 vel
1425 4022 1487 4063 ea
1516 4024 1637 4078 quae
1663 4007 1797 4065 falsa

187 4099 327 4148 sunt
344 4092 473 4147 dicit
500 4107 659 4160 vana,
689 4094 774 4149 vel
802 4109 865 4150 ea
896 4111 1015 4166 qua:
1041 4108 1167 4152 sunt
1190 4097 1461 4169 superﬂua
1488 4109 1545 4155 et
1564 4101 1795 4157 inutilia.

188 4181 332 4239 Tale
355 4183 481 4254 quid
504 4184 666 4240 etiam
696 4184 827 4242 dicit
865 4187 1061 4244 Paulus
1091 4206 1104 4241 :
1139 4189 1224 4244 Ne
1247 4191 1530 4246 mentimini
1556 4192 1626 4245 ad
1662 4194 1795 4248 invi-

190 4294 306 4332 cem
335 4277 558 4349 (Coloss.
589 4280 645 4335 3.
690 4278 784 4353 9).
816 4281 884 4336 Et
929 4282 1075 4352 quod
1124 4290 1210 4339 est
1250 4284 1493 4340 omnium
1542 4288 1797 4357 gravissi-

187 4382 367 4431 mum,
394 4378 755 4425 omneserant
781 4374 1039 4443 corrupti.
1076 4374 1143 4428 Et
1188 4374 1311 4430 ideo
1333 4391 1441 4431 non
1492 4377 1647 4445 dixit,
1688 4377 1795 4447 hic,

190 4458 291 4514 vel
320 4459 432 4526 ille,
479 4460 596 4528 sed,
631 4461 1005 4535 Unusquisque.
1050 4464 1238 4537 Neque
1265 4467 1411 4523 enim
1449 4478 1562 4523 erat
1591 4478 1797 4526 tantum

189 4549 410 4615 vitium,
441 4551 584 4620 quod
613 4561 819 4608 nataret
846 4555 899 4609 in
940 4555 1225 4625 superficie
1251 4574 1266 4612 :
1289 4558 1385 4614 sed
1425 4568 1544 4615 erat
1589 4561 1641 4615 in
1670 4576 1798 4632 pro-

190 4640 387 4709 fundo,
414 4652 471 4698 et
495 4643 548 4697 in
577 4644 761 4700 corde.
791 4644 861 4699 In
895 4649 1046 4703 corde
1072 4658 1119 4702 et
1157 4650 1209 4703 in
1249 4650 1403 4705 corde
1432 4667 1452 4707 :
1496 4652 1640 4723 quod
1664 4648 1800 4712 alius

192 4736 472 4805 interpres
507 4736 661 4803 dixit,
700 4734 769 4792 In
819 4740 973 4795 corde
1000 4741 1105 4795 alio
1143 4751 1193 4796 et
1239 4743 1344 4797 alio
1381 4760 1403 4801 :
1432 4742 1637 4802 docens
1676 4761 1801 4804 esse

190 4842 450 4898 magnam
480 4831 535 4885 in
557 4830 722 4887 corde
748 4831 1136 4903 duplicilatem.
1168 4836 1280 4894 lloc
1315 4847 1400 4895 est
1422 4841 1673 4896 omnibus
1697 4840 1799 4896 bo-

190 4919 377 4975 stibus
417 4921 682 4977 acerbius.
731 4920 813 4978 illi
866 4926 1008 4981 enim
1039 4935 1163 4982 sunt
1217 4930 1409 5000 aperti,
1444 4930 1587 4987 unde
1635 4933 1798 4989 etiam

192 5010 359 5067 facile
401 5024 626 5084 possunt
650 5017 827 5073 caveri
854 5033 869 5071 :
901 5017 954 5073 hi
986 5034 1115 5075 vero
1140 5035 1263 5076 cum
1297 5022 1462 5079 aliam
1511 5040 1798 5096 personam

192 5118 314 5175 pra
348 5118 408 5160 se
437 5105 631 5174 ferant,
660 5117 717 5163 et
757 5110 864 5165 sint
900 5110 1067 5174 aliud.
1116 5114 1185 5171 ab
1212 5114 1278 5171 iis
1330 5116 1524 5187 quibus
1572 5120 1801 5179 tendunt

192 5195 425 5251 insidias
450 5213 558 5253 non
587 5198 745 5255 facile
782 5200 1260 5273 deprehenduntur
1279 5250 1295 5275 ,
1324 5210 1494 5266 multo
1522 5212 1801 5283 graviores

192 5288 264 5341 iis
287 5288 373 5357 qui
395 5288 600 5359 gladios
628 5291 980 5349 abscondunt.
1007 5297 1062 5351 4.
1096 5295 1364 5369 Disperdet
1384 5300 1639 5359 Dominus
1667 5308 1789 5360 uni-

191 5394 342 5435 uersa
366 5380 503 5435 labia
531 5381 738 5451 dolosa,
769 5384 1000 5458 linguam
1026 5392 1426 5463 magniloquam,
1456 5396 1510 5451 5.
1541 5396 1630 5467 qui
1657 5400 1801 5455 dixe-

190 5481 319 5525 runt
336 5471 630 5545 :lu'nguam
653 5482 881 5533 nostram
911 5482 1373 5553 magniﬁcabimus.
1406 5486 1558 5545 Alius
1579 5530 1594 5554 ,
1624 5488 1802 5544 Domi-

196 5563 455 5618 .abimnr.
489 5564 657 5620 Labia
698 5580 874 5625 nostra
912 5573 1055 5641 apud
1080 5592 1173 5630 nos
1212 5587 1349 5632 sunt.
1383 5580 1557 5648 Alius,
1604 5581 1802 5637 Adsunt

198 5656 480 5715 uobiscum.
541 5657 669 5725 Quis
696 5672 867 5719 noster
909 5666 1161 5725 Dominus
1185 5680 1258 5726 est
1282 5672 1309 5726 ἵ
1355 5672 1527 5743 Alios,
1561 5674 1689 5744 Quis
1711 5693 1805 5733 no-

255 5828 327 5896 (a)
360 5837 447 5883 Ha:
469 5843 640 5895 voces,
663 5840 710 5887 et
730 5846 784 5889 ut
803 5847 968 5902 croco,
991 5838 1171 5894 desunt
1193 5842 1243 5893 lu
1266 5844 1429 5897 Morel.

1297 392 1660 456 EXPOSITIO
1698 390 1767 452 IN
1806 391 2133 453 PSALMDM
2170 392 2266 448 XI.

3444 397 3542 455 lili

1930 511 2028 565 slri
2050 494 2401 564 dominabitur
2421 508 2448 563 .’
2482 507 2673 564 Vidistt
2716 510 2993 582 quomodo
3013 524 3202 568 eorum
3242 526 3427 569 curam
3446 529 3543 584 ge-

1926 604 2000 659 rit
2020 603 2306 674 propheta,
2334 601 2603 673 quomodo
2621 619 2719 674 pro
2748 604 2830 660 eis
2854 606 3013 661 orat?
3036 603 3222 676 Neque
3242 608 3388 664 enim
3408 621 3547 663 eon-

1928 703 2009 750 tra
2036 695 2183 764 ipsos
2218 702 2325 759 est,
2357 694 2410 748 id
2440 694 2586 765 quod
2614 694 2820 751 dictum
2862 706 2965 763 est,
3010 698 3107 754 sed
3135 713 3234 768 pro
3252 699 3403 769 ipsis.
3436 699 3538 754 Nee

1926 801 2032 857 que
2058 786 2201 842 enim
2228 787 2402 841 oravit
2432 795 2492 842 ut
2521 786 2897 857 perderentur,
2928 790 3023 845 sed
3046 802 3104 846 ut
3131 806 3321 847 eorum
3339 792 3531 847 vitium

1926 875 1995 932 de
2017 875 2197 932 medio
2226 876 2531 933 tolleretur.
2564 877 2681 934 Non
2724 879 2861 935 dixit
2916 882 3086 948 enim,
3141 882 3342 939 Perdet
3395 883 3543 954 ipsos

1924 969 2208 1037 Dominus,
2232 970 2349 1037 sed,
2378 970 2542 1025 Labia
2561 971 2764 1027 dolosa.
3168 1022 3171 1027 η
3208 1032 3212 1037 ,

1992 1060 2047 1115 2.
2084 1057 2211 1115 Non
2244 1063 2425 1129 nostri,
2455 1062 2546 1117 sed
2571 1062 2778 1119 Domini
2796 1082 2990 1121 sumus.
3027 1064 3237 1122 Domini
3263 1067 3541 1140 potentiam

1924 1153 2159 1206 universa
2187 1161 2422 1207 creatura
2449 1155 2716 1225 praedicat.
2743 1184 2820 1197 —
2843 1156 2913 1211 Et
2939 1173 3128 1215 rursus
3159 1174 3265 1214 non
3291 1159 3541 1214 substan-

1922 1242 2073 1308 tiam,
2089 1242 2183 1298 sed
2213 1242 2471 1314 linguam,
2491 1246 2879 1317 arrogantiam,
2908 1246 3154 1305 fraudem
3181 1249 3295 1304 vult
3314 1249 3537 1331 auferri,

1922 1334 2231 1405 superbiam
2259 1336 2523 1392 exscindi.
2557 1337 2795 1395 lrridcus
2819 1348 3004 1397 autem
3019 1355 3209 1397 eorum
3230 1341 3537 1409 stultitiam,

1920 1423 2072 1491 dicit,
2097 1423 2260 1479 Labia
2286 1433 2464 1481 nostra
2487 1428 2632 1498 apud
2654 1446 2747 1484 nos
2777 1440 2916 1485 sunt.
2940 1430 3068 1499 Quis
3089 1440 3259 1487 noster
3283 1428 3539 1487 Doniinns

1920 1518 2047 1572 est?
2097 1518 2417 1575 lnsanorum
2444 1529 2501 1577 et
2544 1531 2728 1587 mente
2759 1532 3040 1595 captorqu
3085 1525 3272 1581 verba.
3303 1526 3374 1581 Et
3414 1526 3538 1582 ideo

1920 1607 2120 1664 Paulus
2140 1624 2299 1666 secus
2313 1626 2475 1682 quam
2502 1612 2536 1667 ii
2558 1613 2808 1685 loquens,
2827 1614 3050 1671 suadet:
3078 1615 3202 1670 Non
3221 1616 3338 1672 estis
3360 1618 3534 1684 vestri,

1919 1701 2082 1771 pretio
2107 1703 2264 1773 empti
2292 1705 2413 1758 estis
2442 1703 2489 1777 (l
2507 1744 2520 1757 .
2540 1704 2660 1760 Cor.
2691 1706 2746 1762 6.
2767 1705 2857 1763 l9.
2876 1707 3008 1779 20):
3038 1716 3093 1762 et
3118 1708 3272 1778 jubet
3302 1724 3397 1763 eos
3424 1725 3533 1762 non

1920 1793 2156 1863 sibiipsis
2179 1794 2385 1851 vivere.
2402 1794 2523 1851 Non
2548 1807 2673 1852 sunt
2696 1807 2786 1853 tua
2817 1799 2978 1867 labia,
2999 1799 3097 1855 sed
3115 1799 3329 1855 Domini
3352 1798 3531 1871 (Rom.

1920 1885 2007 1941 14.
2043 1887 2120 1957 7).
2155 1886 2273 1956 Ipse
2298 1888 2442 1943 enim
2470 1904 2533 1944 ea
2565 1890 2711 1957 fecit,
2732 1891 2849 1961 ipse
2869 1890 3201 1959 construxit,
3228 1891 3344 1962 ipse
3367 1892 3531 1946 vitam
3578 1902 3581 1905 '

1920 1978 2219 2048 inspiravit.
2248 1980 2320 2034 At
2352 1988 2409 2035 tu
2438 1979 2648 2036 habes?
2684 1981 2792 2038 Sed
2834 1997 2940 2037 non
2979 1983 3161 2038 omnia
3200 1998 3324 2054 quae
3361 1981 3531 2053 haby

1916 2084 2064 2133 mus,
2110 2080 2293 2125 nostra
2331 2080 2459 2127 sunt
2499 2090 2513 2127 :
2557 2074 2815 2143 pecunias
2851 2075 2997 2131 enim
3039 2075 3341 2142 habemus,
3392 2077 3530 2146 quas

1914 2161 2003 2215 alii
2056 2162 2199 2232 apud
2247 2177 2349 2219 nos
2393 2163 2795 2235 deposuerunt:
2827 2176 2883 2222 et
2909 2180 3071 2238 agros
3108 2165 3407 2223 conductos
3435 2166 3530 2222 has

1915 2252 2124 2319 bemus,
2157 2268 2294 2324 quos
2327 2255 2417 2311 alii
2460 2255 2615 2311 nobis
2655 2256 2945 2314 dederunt.
2989 2258 3067 2314 lta
3102 2258 3220 2315 haec
3238 2259 3403 2314 etiam
3433 2259 3529 2314 tibi

1913 2336 2434 2417 locavitChristus,
2478 2363 2585 2404 non
2627 2359 2686 2404 ut
2718 2348 2864 2405 feras
2910 2350 3126 2422 spinas,
3158 2350 3257 2407 sed
3296 2360 3353 2406 ut
3394 2366 3528 2407 con-

1913 2447 2097 2493 vertas
2123 2440 2330 2494 semina
2361 2439 2428 2495 ad
2456 2439 2510 2495 id
2548 2440 2693 2510 quod
2724 2450 2809 2496 est
2835 2442 2999 2507 utile;
3033 2458 3140 2497 non
3184 2451 3241 2497 ut
3270 2456 3530 2513 arrogan~

1914 2528 2067 2591 tiam,
2099 2544 2205 2582 non
2239 2538 2296 2583 ttt
2321 2528 2527 2595 dolum,
2556 2530 2653 2586 sed
2698 2541 2758 2586 ut
2790 2531 3171 2599 humilitatem,
3203 2541 3257 2588 ct
3285 2531 3523 2599 laudem,

1911 2637 1974 2677 ac
2001 2623 2461 2691 benedictionem,
2493 2623 2953 2696 dilectionemque
2993 2640 3090 2695 per
3113 2640 3176 2682 ea
3219 2624 3529 2696 germinare

1909 2728 2087 2769 cures.
2113 2714 2180 2769 Et
2207 2713 2358 2771 dedit
2378 2716 2591 2782 oculos,
2611 2732 2721 2771 non
2747 2726 2806 2771 ut
2836 2716 3104 2786 impudice
3132 2716 3398 2787 aspicias:
3428 2715 3523 2772 sed

1910 2816 1970 2861 ut
1995 2806 2142 2876 ipsos
2171 2822 2335 2863 ornes
2362 2809 2757 2887 temperantia:
2783 2816 2840 2864 et
2870 2823 3085 2874 manus,
3117 2824 3228 2863 non
3257 2817 3316 2863 ut
3339 2807 3523 2872 ferias,

1909 2899 2004 2955 sed
2035 2910 2095 2955 ut
2118 2902 2521 2973 eleemosynam
2549 2902 2817 2974 largiaris.
2842 2902 3128 2970 Quomodo
3156 2912 3337 2957 autem
3363 2900 3519 2966 dicis,

1908 2986 2073 3043 Labia
2104 3000 2278 3045 nostra
2301 3004 2422 3046 sunt
2451 2994 2593 3063 apud
2634 3009 2748 3061 nos,
2777 2993 2995 3062 quando
3023 3008 3085 3048 ea
3128 2992 3336 3063 peccati
3367 3006 3522 3047 serva

1909 3082 2123 3150 feceris,
2166 3085 2384 3154 quando
2429 3085 2825 3152 fornicationis,
2867 3085 3085 3154 quando
3127 3082 3523 3155 immunditiis?

1910 3175 2038 3243 Quis
2076 3187 2149 3231 est
2194 3187 2366 3232 noster
2405 3178 2698 3234 Dominus?
2739 3178 2785 3236 Ο
2817 3180 3042 3235 verbum
3094 3178 3456 3235 diabolicum!
3488 3193 3525 3233 o

1905 3269 2140 3323 animam
2172 3269 2603 3326 dmnuoniacaml
2652 3271 2836 3338 Vides,
2882 3287 2916 3327 ο
2968 3272 3151 3337 homo,
3206 3272 3521 3327 universam

1905 3369 2207 3421 creaturam
2240 3362 2540 3431 prazdicare
2584 3362 2798 3419 Domini
2838 3364 2914 3418 tui
2947 3364 3267 3433 potentiam,
3301 3363 3518 3431 sapien-

1906 3451 2055 3516 tiam,
2084 3467 2297 3519 curam,
2335 3453 2773 3524 providentiam;
2819 3469 3020 3524 corpus
3048 3464 3215 3521 tuum,
3257 3454 3519 3515 animam.

1904 3543 2091 3609 vitam,
2112 3559 2233 3613 quin
2259 3545 2361 3600 sub
2389 3553 2675 3614 aspectum
2695 3545 2920 3612 eadunt,
2943 3554 2998 3601 et
3022 3560 3144 3616 qua)
3165 3560 3271 3601 non
3295 3543 3517 3610 eadunt,

1903 3634 2085 3689 omnia
2113 3636 2505 3706 propemodum
2531 3650 2723 3692 vocem
2750 3637 3052 3693 eminentia
3080 3637 3306 3693 laudare
3334 3644 3522 3708 poten-

1905 3726 2031 3780 tiam
2056 3726 2301 3795 artilicis,
2326 3740 2382 3783 et
2406 3727 2543 3784 dicis
2566 3746 2581 3784 :
2616 3727 2745 3794 Quis
2772 3728 3029 3783 Dominus
3054 3737 3226 3783 noster
3251 3728 3364 3784 est?
3406 3727 3521 3783 [loc

1903 3826 1989 3874 est
2028 3819 2247 3887 furoris,
2277 3819 2380 3876 hoc
2424 3822 2685 3892 stuporis,
2719 3822 2825 3878 hoc
2853 3823 3097 3893 corrupti
3142 3822 3332 3877 animi.
3381 3821 3519 3877 Pro-

1902 3918 2088 3981 pterea
2134 3921 2266 3966 sunt
2314 3912 2454 3968 mala
2487 3914 2927 3971 innumerabilia.
2956 3914 3064 3971 Sed
3093 3914 3147 3970 hi
3173 3914 3391 3987 quidem
3438 3913 3519 3970 di-

1903 4012 2062 4059 cunt:
2086 4003 2216 4072 Quis
2241 4014 2314 4060 est
2343 4015 2514 4062 noster
2535 4006 2788 4062 Dominus
2806 4009 2833 4063 .9
2858 4009 2963 4064 Alii
2990 4008 3278 4065 Dominum
3300 4007 3518 4078 quidem

1903 4094 2253 4162 confitentur,
2282 4096 2547 4166 judicium
2579 4107 2761 4154 autem
2791 4107 2850 4156 et
2873 4114 3065 4171 pinnas
3094 4101 3399 4172 propositas
3424 4114 3520 4154 au-

1904 4185 2105 4253 ferunt,
2136 4187 2288 4244 brevi
2316 4187 2658 4259 iucunditate
2684 4205 2940 4261 magnum
2971 4176 3074 4246 sibi
3103 4200 3349 4246 ementes
3389 4204 3519 4261 sup-

1903 4277 2145 4347 plicium,
2179 4287 2235 4334 et
2256 4279 2386 4334 dum
2431 4280 2621 4335 volunt
2661 4295 2723 4336 se
2764 4295 3039 4349 recreare,
3068 4280 3213 4352 quod
3254 4280 3521 4352 gehennzo

1907 4383 2013 4423 non
2062 4368 2445 4438 meminerint,
2493 4387 2592 4444 per
2639 4372 2784 4428 hanc
2833 4374 3189 4430 securitatem
3232 4382 3521 4445 metusque

1906 4461 2228 4517 vacuitatem
2269 4463 2321 4517 in
2369 4479 2625 4535 magnum
2658 4464 2910 4520 interitus
2954 4479 3015 4520 se
3057 4465 3372 4520 barathrum
3413 4465 3521 4522 im-

1905 4552 2199 4623 prudentes
2225 4548 2540 4611 immittunt.
2566 4556 2632 4611 Et
2653 4555 2777 4612 ideo
2805 4572 2937 4628 rogo
2954 4564 3016 4612 ut
3036 4556 3299 4628 gehenna:
3321 4558 3520 4614 memi-

1906 4646 2074 4709 neris,
2091 4644 2159 4700 de
2174 4645 2417 4716 gehenua
2436 4647 2673 4717 loquaris
2691 4666 2703 4702 :
2724 4648 2793 4702 ita
2812 4648 3048 4703 animam
3067 4659 3213 4705 tuam
3227 4662 3519 4720 compone,

1908 4734 2297 4808 pulchramque
2323 4753 2386 4793 ac
2401 4737 2659 4794 decoram
2692 4737 2870 4797 ellice.
2905 4739 3093 4812 Magna
3136 4741 3281 4796 enim
3304 4740 3521 4798 .horum

1905 4826 2195 4882 verborum
2212 4828 2437 4883 utilitas.
2455 4827 2570 4883 Non
2589 4829 2735 4884 enim
2754 4830 2896 4885 Dens
2917 4845 3039 4885 eam
3062 4841 3268 4887 temere
3287 4831 3522 4887 minatus

1907 4927 2012 4985 est,
2026 4928 2188 4990 atque
2203 4918 2545 4975 manifestam
2559 4918 2686 4976 hinc
2701 4921 2964 4977 reddidit:
2980 4921 3077 4978 sed
3097 4921 3148 4979 id
3164 4922 3292 4978 fecit
3304 4932 3520 4979 utmetu

1906 5012 2158 5069 meliores
2185 5012 2457 5071 redderet.
2479 5014 2545 5070 Et
2566 5014 2689 5071 ideo
2709 5015 2960 5073 diabolus
2981 5020 3159 5074 omnia
3185 5016 3312 5073 facit
3331 5025 3388 5073 et
3404 5030 3523 5073 mo-

1909 5105 2070 5173 litur,
2127 5106 2247 5177 ejus
2305 5108 2494 5165 volens
2544 5109 2759 5166 auferre
2816 5112 3157 5167 memoriam.
3218 5110 3341 5166 Noli
3397 5125 3518 5166 eam

1909 5198 2169 5253 memoria
2214 5198 2415 5268 ejicere
2465 5216 2480 5254 :
2533 5215 2637 5255 nec
2682 5200 2870 5257 dicas:
2916 5201 3027 5259 Cur
3076 5218 3166 5259 me
3215 5203 3523 5274 importuna

1908 5289 2141 5346 afliciam
2190 5292 2452 5348 tristitia?
2505 5293 2818 5367 Importuna
2870 5297 2976 5351 erit
3007 5296 3247 5364 tristitia,
3294 5294 3518 5367 quando

1908 5383 2125 5451 angoris
2172 5383 2223 5437 in
2276 5382 2565 5453 gehenna;
2600 5385 2701 5441 hoc
2750 5395 2835 5441 est
2882 5395 3097 5459 tempus
3126 5387 3383 5453 tristitia,
3416 5402 3522 5443 non

1912 5473 2062 5528 illud.
2096 5474 2165 5528 Et
2189 5475 2292 5529 hoc
2317 5476 2558 5532 ostendit
2602 5477 2694 5533 ille
2738 5476 3005 5534 Lazarum
3028 5478 3336 5550 despiciens
3374 5478 3523 5536 dives

1912 5565 2063 5637 (Luc.
2099 5568 2186 5622 16.
2230 5568 2350 5637 '25),
2400 5571 2486 5625 cui
2537 5570 2673 5625 nihil
2720 5571 3040 5641 profuerunt
3082 5572 3523 5637 innumerabiles,

1912 5658 2107 5727 quibus
2142 5660 2498 5729 afﬁciebatur,
2525 5662 2812 5719 molestiae.
2856 5664 2911 5719 Si
2941 5673 3126 5722 autem
3176 5666 3230 5720 in
3284 5674 3529 5736 tempore

1910 5749 2192 5819 doluisset,
2211 5768 2319 5807 non
2346 5768 2410 5809 ea
2444 5769 2633 5825 passus
2661 5766 2813 5816 esset
2833 5774 2955 5829 qua:
2979 5772 3172 5829 passus
3196 5767 3301 5816 est.
3322 5759 3377 5817 6.
3398 5758 3530 5815 Pro-

1911 5860 2023 5918 pter
2047 5847 2303 5903 miseriam
2333 5848 2545 5919 inopum
2582 5859 2630 5904 et
2659 5851 2904 5923 gemitum
2946 5866 3233 5922 pauperum
3273 5866 3410 5908 nunc
3441 5868 3535 5907 e1:-
