4154 6410
750 371 849 430 ΙΠ

1386 364 1441 419 8.
1481 359 1761 419 ΙΟᾹΝΝΙΞ
1796 357 2275 416 ΟΙΙΠΥΞΟΞΤΟΜΙ
2318 356 2637 414 ARCHIEP.
2680 357 3218 416 CONSTKNTINOP.

3926 359 4035 418 118

740 498 969 554 surgam,
999 480 1122 533 dicit
1163 475 1429 535 Dominus.
1462 471 1658 528 Ponant
1684 472 1737 527 in
1762 470 1998 536 salutari,
2027 469 2331 539 ﬁducinliter
2443 468 2704 525 Custodies
2730 470 2843 536 ipsa
2863 511 2877 534 ,
2907 481 2952 524 et
2977 470 3290 525 conservat-is
3318 486 3411 526 nos
3432 470 3494 525 ab
3521 470 3619 526 hac
3642 470 3963 542 generatione
3986 483 4037 527 et

742 590 893 645 agam
915 575 969 627 in
995 570 1320 642 ipsouAlius,
1352 568 1590 623 Statuam
1630 565 1855 620 salutare
1874 565 2202 634 conspicuum
2228 561 2325 632 (a).

2435 563 2488 617 in
2516 563 2774 618 εοειιιιιιι.
2817 564 2985 627 Alius,
3009 562 3135 617 Cum
3163 564 3514 635 generatione,
3541 579 3654 633 quc
3675 574 3747 619 est
3780 564 3834 619 in
3859 580 4032 621 accu-

817 663 1115 717 Adliortatio
1140 660 1210 714 ad
1244 657 1562 730 patientiam.
1582 685 1654 697 —-
1673 655 1828 711 Disce
1849 662 2043 725 quanta
2067 653 2137 707 sit
2162 653 2329 707 virtus
2435 654 2560 708 lum.
2586 654 2640 709 9.
2672 652 2736 709 In
2759 654 2967 707 circuitu
2989 654 3134 724 impii
3159 654 3443 721 απΙμιιωιι.
3466 654 3636 721 Alius,
3663 655 4029 710 Ambulabunt.

741 753 1075 810 humilitatis.
1122 750 1425 820 Pauperum
1453 757 1537 803 est
1574 747 1807 817 potentia
1850 746 2216 819 (pauperum,
2244 744 2326 799 iu-

741 858 925 915 quam,
950 856 1141 897 eorum
1168 840 1261 912 qui
1291 847 1420 895 sunt
1446 837 1661 894 contriti
1690 836 1911 906 corde),
1954 843 2039 890 est
2086 835 2139 890 in
2169 834 2326 891 malis

738 931 1112 1006 patrocinium.
1158 929 1276 985 Non
1322 929 1471 985 enim
1519 928 1705 993 vitam,
1756 940 1855 982 nec
1900 934 2182 992 virtutem,
2230 923 2325 979 sed

741 1023 1007 1079 malorum
1048 1020 1453 1093 perpessionem
1480 1017 1611 1075 dicit
1648 1016 1821 1073 Deum
1845 1017 2104 1082 excitare,
2124 1024 2179 1072 et
2200 1030 2325 1071 eum

736 1113 805 1170 ad
851 1112 1177 1187 supplicium
1203 1120 1262 1168 et
1289 1110 1577 1166 vindictam
1620 1122 1869 1165 evocare.
1900 1106 2071 1164 Tanta
2101 1120 2189 1161 res
2216 1113 2320 1171 est,

732 1206 779 1260 si
809 1204 903 1260 tibi
950 1206 1043 1259 liat
1084 1204 1309 1273 injuria,
1354 1216 1474 1257 eam
1511 1199 1655 1257 ferre
1697 1198 1821 1254 forti
1861 1198 2075 1265 animo;
2121 1206 2321 1252 tantam

736 1296 876 1350 Deus
906 1310 1089 1353 curam
1114 1294 1253 1365 gerit
1277 1306 1467 1348 eorum
1508 1291 1600 1362 qui
1623 1289 1929 1345 afficiuntur
1948 1288 2317 1344 contumeliis:

732 1384 979 1440 maximat
1017 1383 1347 1454 defensionis
1388 1382 1505 1438 loco
1533 1391 1618 1455 est
1658 1381 1934 1436 calamitas
1959 1386 2016 1435 et
2059 1392 2316 1434 a'rumna.

730 1474 913 1546 Magna
951 1484 1040 1531 est
1074 1475 1156 1530 vis
1196 1474 1443 1545 eiulatus,
1472 1488 1593 1545 qua
1635 1487 1924 1543 supernum
1948 1478 2138 1527 evocat
2163 1470 2318 1525 auxi-

731 1567 881 1621 lium.
926 1566 1157 1631 Timete,
1199 1567 1519 1638 quicumque
1558 1580 1822 1637 pauperes
1848 1564 2042 1636 injuria
2083 1563 2313 1653 amcitia.

729 1658 948 1715 Habetis
974 1675 1071 1716 vos
1108 1661 1423 1730 potentiam,
1454 1674 1605 1729 opes.
1646 1658 1944 1729 pecuniam,
1985 1666 2040 1713 et
2076 1656 2313 1727 judicum

724 1750 1189 1809 benevolentiam:
1227 1751 1322 1826 sed
1344 1750 1539 1807 habent
1559 1750 1635 1805 illi
1666 1749 2071 1808 armaomnium
2104 1748 2315 1803 validis-

723 1841 879 1907 sima,
922 1844 1117 1907 luctus,
1163 1842 1515 1912 et‘ejulatns,
1566 1842 1814 1912 ipsasque
1861 1841 2082 1912 injurias
2127 1855 2245 1909 qua:
2281 1853 2314 1894 e

721 1929 869 1989 cadis
895 1917 1150 1993 auxilium
1172 1933 1465 1989 attrahunt.
1495 1933 1620 1989 liae
1642 1947 1789 1987 arma
1818 1931 2007 1987 domos
2030 1929 2309 1991 eﬂ‘odiunt.

722 2026 840 2083 hmo
884 2026 1230 2090 fundamenta
1271 2035 1539 2090 evertunt,
1576 2025 1691 2084 haec
1731 2025 1977 2087 civitates
2005 2024 2307 2088 destruunt,

721 2115 837 2173 haec
864 2118 1098 2189 integras
1139 2128 1328 2189 gentes
1366 2117 1747 2187 submergunt;
1790 2116 2021 2187 gemitus
2065 2114 2189 2171 dico
2217 2130 2309 2170 eo-

719 2222 862 2274 rum,
898 2209 990 2279 qni
1032 2207 1336 2265 afﬁciuntur
1365 2208 1579 2278 injuria.
1618 2207 1823 2263 Bonum
1853 2222 2037 2263 eorum
2070 2205 2307 2262 animum

721 2298 862 2353 Deus
901 2308 1196 2365 reveretur,
1224 2297 1439 2370 quando
1478 2297 1615 2353 mala
1646 2298 1931 2368 patientes,
1962 2296 2167 2351 nullum
2196 2310 2311 2351 ma-

716 2388 825 2444 lum
857 2389 1077 2445 verbum
1118 2391 1414 2461 proferunt,
1457 2389 1554 2447 sed
1601 2397 1809 2463 tantum
1850 2397 2091 2460 gemunt.
2116 2395 2171 2443 et
2210 2402 2305 2443 sua

718 2480 857 2536 mala
885 2478 1185 2549 deplorant.
1214 2480 1352 2549 Quid
1381 2490 1467 2538 est
1491 2490 1691 2545 autem,
1724 2479 1929 2536 Ponant
1972 2482 2027 2535 in
2066 2481 2303 2547 salutari,

716 2568 1023 2637 ﬁduciuliter
1057 2586 1209 2641 agant
1236 2571 1289 2624 in
1315 2571 1471 2641 ipso!
1498 2570 1631 2627 Cum
1660 2569 1874 2638 fiducia,
1902 2571 2093 2642 inquit,
2120 2580 2305 2640 aperto

714 2668 771 2713 et
796 2658 1081 2715 manifeste
1104 2674 1200 2716 eos
1227 2658 1536 2727 defendam,
1572 2670 1630 2716 ut
1671 2674 1861 2716 omnes
1884 2642 2205 2732 intelligant:
2236 2662 2304 2716 Et

716 2749 1056 2818 quandonam
1083 2764 1191 2805 non
1220 2759 1507 2806 conservat
1541 2765 1638 2806 eos
1666 2751 1842 2821 palam
1886 2760 1941 2807 et
1982 2750 2302 2807 manifeste?

710 2839 1120 2911 Nonnumquam
1141 2841 1194 2897 id
1221 2841 1345 2898 facit
1368 2858 1477 2898 non
1506 2842 1805 2908 manifeste,
1824 2845 1919 2899 sed
1943 2843 2108 2899 clam:
2128 2859 2302 2915 neque

711 2933 854 2988 enim
875 2946 1011 3003 opus
1033 2931 1194 2989 habet
1207 2948 1270 2988 ea
1285 2948 1405 3004 qua
1427 2942 1512 2989 est
1529 2932 1600 2989 ab
1622 2933 1925 2989 hominibus
1948 2934 2135 3005 gloria.
2149 2934 2300 2990 Nunc

712 3032 915 3091 autem,
930 3025 1179 3097 quoniam
1190 3025 1484 3082 verisimile
1497 3033 1616 3081 erat
1626 3026 1870 3082 inimicos
1887 3027 2299 3099 irruere,eisque

719 3112 998 3183 insultare,
1014 3123 1070 3171 et
1091 3114 1416 3185 exprobrare
1442 3114 1586 3187 quod
1604 3116 1766 3171 Deum
1788 3131 1895 3172 non
1918 3116 2177 3173 haberent
2199 3118 2295 3173 ad-

707 3202 964 3274 jutorem,
1005 3213 1065 3260 ut
1107 3206 1183 3261 illi
1218 3212 1433 3277 quoque
1482 3206 1899 3263 emendareutur
1947 3216 2003 3263 et
2049 3208 2298 3265 meliores

709 3296 919 3362 tierent,
936 3311 1057 3353 cum
1082 3299 1410 3367 experientia
1438 3298 1755 3354 didicissent
1779 3297 1990 3355 Domini
2014 3299 2294 3368 auxilium,

709 3390 930 3458 Aperte,
949 3389 1137 3461 inquit,
1151 3388 1343 3445 faciam
1365 3404 1464 3461 pro
1490 3390 1570 3446 eis
1586 3390 1834 3447 salutem.
1855 3391 1908 3446 7.
1936 3389 2154 3462 Eloquia
2181 3390 2294 3445 Do-

708 3480 855 3547 mini,
883 3480 1086 3551 eloquia
1125 3477 1303 3547 casta,
1334 3492 1601 3553 argentum
1645 3482 1762 3553 igne
1784 3484 2146 3551 examinatum,
2170 3499 2294 3554 pro-

706 3569 876 3624 bolum
891 3580 1056 3626 terra.
1078 3570 1147 3627 Et
1156 3572 1429 3643 quomodo
1442 3584 1567 3630 sunt
1584 3572 1699 3629 haec
1715 3588 1781 3630 ex
1799 3574 1865 3631 iis
1878 3590 1997 3647 qua:
2014 3576 2156 3632 dicta
2172 3586 2296 3633 sunt

705 3662 1086 3732 consequentis
1107 3662 1133 3715 τ
1167 3661 1396 3720 Pulchre
1423 3662 1735 3719 admodum.
1759 3663 1838 3721 Ne
1875 3663 1991 3722 haec
2013 3668 2175 3734 enim,
2206 3668 2291 3722 in-

704 3750 839 3820 quit,
857 3750 1174 3808 existimetis
1193 3762 1397 3809 temere
1413 3753 1557 3809 dicta
1576 3768 1698 3811 esse
1723 3755 2012 3828 inanesque
2035 3766 2090 3813 et
2107 3772 2297 3828 snper-

706 3854 969 3896 vacaneas
1000 3856 1121 3899 esse
1160 3844 1376 3899 minas:
1403 3853 1529 3900 sunt
1564 3846 1735 3913 enim,
1748 3860 1882 3916 pura
1907 3846 2024 3917 ejus
2045 3847 2228 3916 verba,
2261 3864 2291 3903 a

706 3930 986 3987 mendacio
1035 3931 1224 3988 libera.
1288 3932 1749 4003 Quemadmodum
1799 3936 1941 3993 enim
2009 3948 2291 4009 argentum

706 4022 929 4092 ignitum
956 4022 1087 4077 nihil
1114 4022 1275 4079 habet
1300 4025 1531 4081 alienum
1554 4034 1610 4081 et
1633 4025 2015 4096 adulterinum,
2031 4028 2103 4083 ita
2128 4030 2289 4085 etiam

706 4111 801 4173 Dei
832 4112 1025 4181 verba,
1056 4128 1177 4185 qua:
1203 4113 1431 4181 dixerit,
1462 4116 1683 4193 omnino
1720 4118 1937 4175 evenire
1964 4128 2195 4189 oportet.
2222 4120 2296 4178 Et

705 4198 827 4257 ideo
871 4202 1002 4259 dicit
1045 4220 1059 4257 :
1106 4203 1384 4275 Argentum
1427 4206 1545 4278 igne
1590 4208 1937 4263 examinatum
1959 4249 1976 4276 ,
2024 4209 2290 4281 probatum

704 4304 874 4351 terrm.
900 4294 1071 4361 Alius,
1110 4292 1359 4365 Ignitum,
1392 4296 1571 4352 cedens
1613 4307 1781 4352 terra.
1813 4298 2071 4356 Hebraeus
2110 4310 2289 4358 autem

710 4398 804 4456 pro
822 4399 890 4440 eo
912 4385 1053 4456 quod
1082 4394 1186 4450 est,
1213 4386 1411 4442 cedens
1438 4396 1619 4453 terrm,
1635 4387 1789 4454 dixit,
1806 4387 1978 4446 Baulil
2001 4391 2165 4447 laares
2186 4392 2285 4466 (ι),

706 4474 809 4528 hoc
826 4482 938 4535 est.
954 4473 1150 4543 fusum,
1164 4476 1216 4532 in
1246 4485 1441 4533 terram
1456 4478 1649 4535 ﬂuens.
1671 4478 1955 4552 Purgatum
1980 4486 2285 4555 septuplum.

772 4566 827 4623 5.
870 4567 1055 4623 Vidisti
1078 4568 1349 4640 quomodo
1370 4570 1514 4641 quod
1540 4586 1723 4628 verum
1748 4582 1853 4640 est,
1880 4581 1937 4629 et
1955 4590 1985 4629 a
2011 4576 2291 4631 mendacio

701 4657 936 4714 alienum
963 4702 979 4725 ,
1028 4676 1123 4731 per
1173 4662 1571 4719 similitudinem
1626 4666 1867 4723 materia
1931 4666 2227 4725 ostenderit
2265 4672 2291 4723 τ

713 4750 1160 4821 quemadmodum
1196 4754 1341 4810 enim
1382 4754 1511 4810 illud
1554 4754 1729 4811 fusum
1752 4798 1767 4823 ,
1796 4758 2057 4829 ignitum,
2087 4770 2144 4816 et
2184 4760 2288 4818 hoc

703 4856 848 4911 saepe
874 4855 1111 4911 passum,
1137 4854 1221 4900 est
1237 4844 1307 4899 ab
1332 4843 1505 4901 aliena
1538 4846 1761 4902 materia
1783 4847 2036 4916 alienum,
2064 4864 2289 4906 accura-

704 4934 911 4989 tissime
931 4942 1209 5006 purgatum
1242 4952 1255 4988 :
1289 4934 1359 4990 ita
1383 4935 1544 4991 etiam
1572 4936 1667 4994 Dei
1693 4937 1897 5005 prolata
1924 4942 2206 4996 sententia.
2229 4943 2283 4999 8.

707 5023 811 5090 Tu,
834 5022 1068 5093 Domine,
1093 5027 1311 5083 seruabis
1337 5045 1449 5094 nos,
1476 5038 1523 5084 et
1542 5031 1791 5085 custodias
1818 5048 1911 5087 nos
1933 5031 1995 5086 ab
2024 5034 2120 5087 hac
2138 5050 2289 5104 gene-

699 5117 898 5174 ratione
918 5128 971 5174 et
1008 5119 1061 5174 in
1100 5122 1363 5176 actutum.
1393 5122 1573 5191 Alius,
1609 5122 1868 5181 Custodies
1904 5127 2063 5197 ipsos.
2094 5127 2245 5184 Alius
2266 5170 2284 5197 ,

760 5239 915 5329 talin
1131 5266 1236 5329 τις·
1632 5263 1745 5329 nec
1764 5259 2109 5329 interpretatio
2125 5268 2284 5329 tam

700 5316 1225 5392 estfyrnmaehlghqui.
1238 5316 1430 5392 videtur
1448 5316 1578 5392 aliud
1602 5318 1816 5392 legisse,
1839 5316 1985 5385 quam
2006 5325 2059 5372 in
2080 5325 2286 5375 Hebrum

699 5375 845 5428 hodie
863 5378 1041 5489 jaceat.
1065 5375 1191 5429 Vide
1210 5378 1262 5429 in
1281 5378 1509 5443 Hexaplis
1532 5375 1725 5431 nostris.
1802 5375 1812 5381 ’
1857 5375 1873 5385 ’

762 5436 836 5509 (lt)
897 5445 1129 5509 aeratae,
1154 5452 1286 5509 suum
1302 5453 1444 5509 Nugae.
1461 5439 1596 5493 Colh.
1618 5449 1671 5493 et
1688 5443 1828 5509 Savil.
1846 5456 1977 5509 hens
1988 5457 2114 5509 ιμκ.
2130 5447 2283 5509 Prima

701 5510 794 5549 vox
817 5499 945 5551 haud
967 5499 1210 5565 dubies'ic
1230 5499 1458 5565 legenda,
1474 5515 1623 5563 non,
1643 5517 1755 5554 mm
1777 5506 1827 5554 in
1849 5499 2174 5558 ttebraieo'sio
2195 5508 2283 5558 ha-

700 5579 881 5667 betur,
898 5560 1049 5667 γνὸ
1272 5560 1537 5667 secundam
1561 5560 1730 5667 vocem
1750 5589 1823 5667 sic
1843 5590 2122 5652 exprimunt
2140 5592 2279 5643 Savil.

674 5722 677 5725 η
702 5664 755 5732 et
774 5657 1041 5729 Colh.'u.,.
1061 5674 1315 5732 μιομιμφ
1340 5662 1404 5732 in
1432 5664 1765 5732 antiquissimo
1785 5664 1962 5732 Codice
1986 5679 2049 5717 ex
2071 5682 2171 5732 quo
2190 5682 2281 5720 ex-

862 5734 965 5797 tms
1274 5727 1495 5797 ονξεεηιδ
1512 5724 1565 5797 in
1581 5724 1742 5776 fronte
1760 5724 2127 5797 nexaplomm'a
2143 5731 2278 5788 nob'u

698 5728 965 5778 seruatum
978 5728 1259 5836 earumdem
1274 5728 1495 5789 (rigatus
1512 5728 1561 5774 in
1581 5728 1742 5776 fronte
1760 5728 2127 5797 nexaplorum'a
2143 5744 2167 5781 ιι

706 5774 902 5845 \lttum,
926 5798 973 5848 p.
1035 5787 1076 5842 ι.
1100 5785 1206 5838 haec
1228 5799 1319 5837 vox
1344 5790 1457 5861 vis
1484 5792 1555 5840 sic
1575 5797 1739 5841 Grmce
1760 5793 2066 5853 exprimitur,
2090 5817 2167 5855 εκ.

2434 744 2615 809 Alius,
2644 744 2712 799 In
2752 745 2968 799 circuitu
3015 744 3288 815 impiorum
3340 743 3690 801 ambulabunt.
3733 745 4034 803 Secundum

2431 836 2749 907 altitudinem
2790 846 2930 890 tuam
2966 838 3318 908 multiplicati
3359 839 3496 907 filios
3538 838 3817 894 hominum.
3847 840 4033 908 Alius,

2435 926 2655 994 Quando
2678 928 2884 983 eaaltuti
2910 931 3099 1000 fuerint
3127 929 3250 984 viles
3269 930 3495 999 ﬁliorum
3523 929 3802 986 Matinum.
3830 930 3991 987 Alius
4014 971 4033 998 ,

2431 1019 2725 1076 Secundum
2751 1021 3070 1075 altitudinem
3096 1036 3253 1090 porro
3277 1022 3431 1091 empti
3454 1021 3578 1091 ﬁliis
3600 1022 3884 1076 hominum.
3916 1021 4033 1079 [le-

2429 1110 2607 1167 brteus
2633 1119 2833 1178 autem,
2866 1112 3055 1167 Charm
3074 1110 3264 1167 sollotlt
3294 1111 3437 1167 leone
3460 1111 3629 1167 Mam
3650 1111 3749 1186 (a).
3776 1111 3877 1180 Tu,
3915 1112 4028 1168 Do-

2427 1204 2562 1258 mine
2579 1246 2593 1267 ,
2615 1204 2866 1260 custodiet
2891 1221 3015 1271 nos,
3046 1214 3096 1260 et
3121 1205 3437 1260 tonsa-soliis
3463 1221 3574 1261 nos.
3604 1204 3739 1262 Vide
3764 1222 3888 1263 eum
3916 1205 4031 1262 frc-

2423 1303 2670 1363 quenter,
2701 1294 2811 1349 imo
2839 1308 2970 1350 vero
2997 1294 3211 1351 assidue
3238 1296 3306 1351 ad
3341 1294 3507 1351 Deum
3534 1294 3844 1366 confugere,
3871 1305 3933 1353 et
3956 1295 4032 1351 ab

2423 1397 2493 1439 eo
2520 1384 2777 1441 auxilium
2819 1394 3049 1454 petere:
3080 1394 3167 1441 est
3206 1387 3348 1442 enim
3390 1386 3820 1457 potentissimum
3868 1388 4031 1443 auxi-

2421 1474 2583 1541 lium,
2613 1475 2757 1546 quod
2798 1476 2944 1532 nullo
2984 1486 3226 1547 tempore
3268 1477 3691 1549 interrumpitur.
3737 1476 3899 1536 Nulla
3936 1494 4023 1545 re,

2421 1565 2627 1636 inquit,
2657 1566 2889 1623 humana
2928 1583 3065 1639 opus
3096 1567 3381 1623 habemus.
3406 1568 3489 1623 Tu
3532 1569 3676 1625 enim
3702 1582 3797 1637 es,
3820 1568 4025 1639 inquit,

2419 1658 2510 1728 qui
2534 1668 2796 1730 perpetuo
2817 1658 3075 1716 custodis.
3095 1658 3235 1727 Quid
3261 1666 3344 1714 est
3360 1666 3559 1723 autem,
3582 1657 3653 1714 In
3678 1659 3893 1721 circuitu
3917 1661 4026 1715 ias-

2421 1748 2495 1816 pii
2531 1748 2793 1802 ainbalont
2809 1748 2837 1802 .’
2861 1748 3168 1805 Secundum
3193 1748 3544 1821 Septuaginta
3584 1750 3801 1822 quidem
3829 1751 3906 1807 ita
3932 1752 4025 1808 di-

2419 1838 2647 1893 cendum
2698 1849 2827 1894 est:
2878 1838 3101 1895 Etiamsi
3142 1839 3289 1911 impii
3336 1853 3435 1896 nos
3474 1840 3822 1897 circumcirca
3866 1841 4025 1899 obsi-

2416 1928 2598 1995 deant,
2617 1929 2755 1983 nihil
2792 1944 2955 2001 grave
2983 1930 3246 2001 patiemur
3271 1946 3285 1982 :
3319 1944 3418 1986 nos
3441 1930 3586 1987 enim
3621 1945 3935 1999 conservas,
3965 1943 4025 1989 et

2415 2019 2643 2084 extollis,
2671 2020 2950 2092 clarosque
2975 2032 3030 2077 et
3054 2021 3290 2078 illustres
3313 2021 3514 2078 reddis.
3542 2024 3599 2079 Si
3624 2024 3787 2081 alium
3828 2037 4020 2083 autem

2414 2108 2765 2179 interpretem
2796 2125 3101 2181 sequamur,
3122 2112 3224 2167 hoc
3243 2109 3529 2167 dicendum
3560 2121 3645 2169 est
3671 2132 3686 2167 :
3716 2114 3867 2185 impii
3912 2132 4019 2173 ex-

2415 2203 2713 2268 trudentur,
2730 2203 2948 2273 quando
2971 2204 3107 2259 viles
3131 2219 3197 2259 ex
3228 2204 3347 2260 [iliis
3366 2205 3641 2262 hominum
3666 2207 4015 2265 exaltaveris.

2414 2290 2528 2351 lioc
2552 2300 2681 2353 est:
2710 2293 2935 2361 Quando
2958 2310 3055 2349 nos
3076 2295 3165 2365 qui
3192 2295 3326 2365 viles
3351 2307 3663 2365 reputamur
3688 2306 3742 2353 et
3766 2307 4021 2355 eontem-

2412 2384 2510 2455 pti,
2545 2383 2850 2441 humiliatos
2876 2386 3045 2457 gloria
3073 2386 3317 2443 aﬂ'eceris
3342 2429 3357 2454 ,
3384 2387 3635 2459 sejunges
3662 2388 3808 2461 ipsos
3829 2400 3887 2446 et
3911 2406 4018 2449 ex-

2411 2475 2604 2547 pelles.
2634 2476 2771 2546 Quid
2796 2487 2879 2534 est
2898 2486 3075 2533 autem
3093 2520 3108 2543 ,
3138 2477 3433 2534 Secundum
3468 2479 3789 2536 altitudinem
3821 2490 3969 2537 minus
3990 2484 4020 2537 γ

2384 2566 2517 2647 apro
2544 2573 2616 2623 eo‘
2642 2565 2789 2649 quod
2827 2576 2911 2623 est
2932 2610 2947 2634 ,
2977 2568 3182 2625 similes
3207 2569 3282 2624 tui
3309 2566 3530 2625 elecisti
3549 2610 3567 2635 ,
3596 2578 3857 2641 quatenus
3888 2573 4011 2630 fieri

2410 2666 2585 2727 potest
2613 2668 2681 2723 ut,
2713 2660 2875 2714 homo
2901 2660 2971 2714 sit
3001 2660 3191 2715 similis
3219 2676 3235 2713 :
3267 2658 3543 2733 Faciamus
3585 2662 3727 2716 enim
3746 2704 3764 2729 ,
3790 2662 3972 2733 inquit
3991 2707 4009 2731 ,

2408 2747 2664 2803 hominem
2689 2750 2759 2803 ad
2799 2750 3072 2822 imaginem
3096 2760 3143 2805 et
3168 2732 3552 2807 similitudinem
3578 2761 3803 2808 nostram
3831 2732 4008 2825 (εει.

2406 2841 2459 2895 1.
2488 2838 2603 2911 26).
2627 2841 2779 2911 Quod
2808 2843 2922 2913 ipse
2949 2844 3091 2899 enim
3117 2843 3282 2899 estin
3306 2844 3461 2911 caelo,
3486 2842 3589 2900 hoc
3616 2858 3716 2901 nos
3743 2846 3796 2900 in
3817 2854 3964 2903 terra
3988 2862 4007 2901 :

2406 2940 2461 2985 et
2485 2932 2935 3001 quemadmodum
2964 2946 3198 3004 superne
3226 2933 3404 2989 nullus
3430 2942 3515 2989 est
3538 2949 3607 2990 eo
3632 2938 3899 3007 superior,
3933 2938 4008 2994 ita

2404 3023 2583 3079 nullus
2603 3024 2657 3079 in
2680 3036 2823 3081 terra
2846 3034 2930 3081 est
2959 3026 3083 3081 huic
3105 3026 3321 3081 animali
3342 3026 3537 3082 virtute
3560 3028 3769 3084 similis.
3798 3026 4004 3098 Estote,

2402 3113 2598 3201 inquit,
2627 3114 2817 3201 similes
2846 3115 3017 3171 Patris
3041 3115 3209 3182 uestri,
3239 3116 3327 3185 qui
3352 3126 3427 3171 est
3452 3117 3506 3171 in
3533 3118 3673 3174 uelis
3698 3117 3916 3189 (Uallis.
3945 3122 4003 3177 5.

2400 3189 2519 3277 ὦ).
2556 3189 2857 3274 Quinctium
2896 3207 3130 3263 nominis
3154 3222 3365 3278 quoque
3400 3208 3481 3263 sui
3510 3224 3609 3265 nos
3632 3209 3755 3265 fecit
3785 3210 4008 3279 partici-

2405 3310 2503 3365 pes
2532 3314 2545 3351 :
2575 3294 2689 3366 Ego
2709 3296 2841 3363 dixi,
2874 3297 3064 3367 inquit,
3092 3296 3181 3352 Dii
3218 3299 3357 3362 estis,
3388 3308 3435 3351 et
3461 3300 3557 3368 ﬁlii
3586 3298 3790 3355 Excelsi
3825 3294 4005 3357 omnes

2401 3384 2573 3453 (Psal.
2604 3387 2693 3443 8i.
2724 3386 2805 3459 6).
2831 3386 2899 3442 Et
2931 3403 3148 3457 rursus,
3176 3386 3424 3444 Constitui
3449 3400 3497 3444 te
3528 3389 3676 3445 deum
3707 3389 4003 3448 Pharaonis

2399 3476 2595 3552 (Exod.
2640 3479 2692 3533 7.
2739 3479 2846 3551 l):
2878 3489 2934 3535 et
2979 3478 3106 3537 fecit
3130 3490 3189 3536 ut
3227 3489 3371 3537 esset
3408 3480 3584 3553 opifex
3614 3497 3999 3555 corporeornm

2398 3577 2450 3623 et
2491 3569 2946 3639 incorporeorum.
2975 3570 3039 3625 Et
3066 3578 3193 3627 tunc
3215 3571 3428 3643 quidem
3451 3581 3620 3627 mutat
3643 3572 3817 3629 hioses
3842 3588 4001 3631 crea-

2399 3667 2608 3721 turam.
2652 3675 2796 3716 nunc
2835 3650 3013 3717 autem
3055 3662 3147 3717 alii
3188 3660 3290 3716 alia
3328 3661 3597 3719 elementa
3623 3680 3640 3719 :
3666 3664 3823 3720 nobis
3863 3680 4001 3723 vero

2397 3750 2651 3821 praecepit
2678 3764 2778 3806 nos
2798 3751 2942 3821 ipsos
2967 3752 3079 3808 Deo
3104 3753 3361 3824 templum
3390 3762 3687 3810 exstruere.
3718 3754 3833 3810 Etsi
3862 3771 3999 3830 ergo

2397 3854 2505 3895 non
2531 3840 2807 3897 fabriceris
2834 3842 3043 3909 caelum,
3081 3842 3173 3898 Dei
3202 3848 3383 3898 tamen
3408 3844 3665 3914 templum
3715 3844 4000 3903 fabricam

2390 3928 2493 4004 (1.
2516 3929 2635 3985 Cor.
2659 3933 2713 3987 6.
2746 3929 2859 4006 l9).
2898 3932 3190 4004 Propterea
3235 3932 3378 3989 enim
3423 3934 3614 3990 calum
3658 3950 3873 4007 quoque
3912 3948 4001 3993 est

2394 4020 2731 4091 splendidum
2755 4062 2771 4089 ,
2797 4024 3050 4094 quoniam
3094 4023 3256 4081 habet
3293 4025 3461 4081 Deum
3501 4026 3556 4081 in
3597 4027 3716 4098 ipso
3743 4026 3995 4085 habitan-

2396 4120 2502 4168 tem
2537 4132 2553 4167 :
2580 4114 2690 4170 imo
2717 4129 2846 4169 vero
2869 4123 2927 4172 et
2969 4116 3069 4172 nos
3103 4131 3201 4187 per
3233 4115 3527 4172 Christum.
3571 4117 3996 4177 Conresusritaoit

2395 4204 2559 4271 enim,
2585 4216 2634 4259 et
2659 4222 2753 4260 nos
2779 4208 3048 4263 consedere
3084 4211 3201 4280 fecit
3226 4210 3280 4265 in
3305 4210 3499 4266 dextris
3524 4211 3578 4266 in
3606 4214 3744 4268 aclis
3769 4212 3993 4285 (Ephes.

2393 4294 2449 4349 2.
2474 4294 2555 4366 6),
2586 4306 2637 4351 et
2661 4296 2829 4365 dedit,
2860 4309 2917 4354 ut
2946 4299 3146 4369 majora
3175 4300 3475 4358 faceremus
3499 4302 3587 4372 iis,
3612 4319 3735 4374 qua:
3764 4306 3877 4375 ipse
3909 4307 3995 4363 fe-

2394 4384 2487 4440 cit.
2520 4383 2683 4457 Signa
2702 4387 2864 4454 enim,
2900 4389 3224 4461 inquit,quat
3243 4406 3337 4463 ego
3365 4393 3522 4464 facio,
3548 4394 3657 4463 ipse
3678 4410 3876 4466 quoque
3910 4398 3995 4468 [a-

2394 4477 2510 4544 ciet,
2534 4485 2580 4531 et
2617 4479 2816 4549 majora
2854 4479 2933 4534 Itis
2970 4480 3120 4549 faciet
3144 4478 3321 4552 (Joan.
3356 4478 3442 4537 il.
3472 4483 3589 4547 l2);
3622 4484 3690 4540 Et
3725 4486 3779 4541 in
3801 4485 3986 4544 Veteri

2395 4564 2736 4642 Testamento
2761 4566 2848 4623 hic
2871 4569 3085 4640 quidem
3114 4586 3261 4628 mare
3283 4574 3509 4627 mutavit
3530 4572 3724 4644 (Exod.
3759 4576 3844 4631 14.
3865 4577 3932 4634 2i
3947 4581 3991 4647 ).

2394 4656 2487 4712 ille
2513 4672 2642 4713 vero
2679 4658 2848 4714 solem
2892 4660 3137 4728 frenavit,
3166 4662 3301 4717 alius
3342 4662 3521 4717 lunam
3558 4664 3719 4735 jussit
3768 4682 3995 4724 manere

2395 4744 2580 4817 (Iosue
2608 4747 2696 4803 1ο.
2725 4748 2849 4819 13),
2874 4748 3009 4804 alius
3038 4765 3223 4807 rursus
3264 4751 3319 4805 in
3365 4767 3425 4807 se
3462 4752 3643 4818 radios
3670 4757 3861 4811 avertit
3887 4757 3910 4827 (
3930 4760 3985 4813 4.

2392 4837 2522 4908 Reg.
2561 4838 2653 4894 20.
2691 4839 2783 4911 11)
2812 4857 2826 4892 :
2854 4841 3003 4910 pueri
3032 4851 3212 4897 autem
3240 4843 3295 4897 in
3334 4842 3550 4900 fornace
3574 4846 3824 4902 elementi
3851 4864 3992 4921 opu-'-

2390 4928 2656 4986 rationem
2686 4929 3003 5001 alligaruut,
3030 4940 3087 4987 et
3122 4931 3339 4990 ﬂamma
3368 4932 3643 4991 insaniens
3684 4938 3909 5006 silebat,
3933 4952 3991 4995 et

2390 5020 2600 5093 alligata
2636 5022 2883 5079 sibilabat
2924 5022 3099 5095 (Dan.
3127 5025 3183 5081 '5.
3230 5024 3325 5083 23.
3354 5042 3464 5099 sqq.
3487 5024 3534 5098 ).
3578 5027 3787 5085 Norunt
3822 5032 3985 5087 etiam

2389 5111 2775 5169 teras-revereri
2800 5113 2896 5171 Dei
2920 5115 3122 5172 amicos
3146 5114 3311 5188 (Dan.
3331 5118 3386 5175 6.
3414 5117 3510 5192 22)
3535 5137 3550 5175 :
3580 5128 3635 5175 et
3665 5120 3790 5177 licet
3817 5122 3987 5181 fames

2389 5211 2615 5273 urgeat,
2652 5202 3007 5261 modestiores
3035 5215 3212 5263 tamen
3242 5206 3395 5263 ﬁunt.
3422 5208 3525 5278 Qui
3567 5220 3692 5266 sunt
3728 5213 3864 5283 gulae
3892 5214 3989 5271 de-

2388 5292 2509 5359 diti,
2536 5302 2881 5350 revereantur
2904 5294 3138 5353 ferarum
3166 5297 3560 5374 abstinentiam.
3588 5302 3796 5363 Leoues
3830 5304 3985 5364 vide-

2387 5392 2515 5438 runt
2541 5383 2838 5459 Danielem,
2867 5395 2922 5442 et
2946 5387 3343 5445 moderatiores
3361 5389 3535 5448 enecti
3574 5403 3739 5449 sunt:
3770 5410 3985 5454 nosve-

2387 5476 2622 5531 nientem
2651 5476 2718 5532 ad
2739 5491 2837 5533 nos
2860 5475 3056 5534 Filium
3089 5479 3184 5535 Dei
3211 5479 3475 5548 videntes,
3491 5483 3845 5555 sapientiores
3873 5502 3983 5546 non

2386 5566 2687 5625 reddimur.
2718 5568 3019 5627 latuerunt
3046 5570 3122 5626 illi
3147 5569 3289 5629 fame
3316 5573 3511 5645 perire,
3541 5590 3701 5646 quam
3739 5588 3983 5637 sancttnn

2386 5675 2582 5731 corpus
2608 5670 2826 5733 tangere
2857 5680 2871 5716 :
2903 5678 3003 5719 nos
3026 5664 3229 5722 nudum
3255 5664 3523 5724 Christum
3548 5679 3603 5725 et
3630 5668 3773 5728 fame
3799 5671 3980 5729 confe-

2449 5800 2523 5861 (α)
2558 5798 2714 5851 Voces
2731 5800 2949 5852 Beiram
2966 5813 3101 5860 sunt.
3125 5811 3246 5865 στκ
3271 5784 3393 5867 sub
3413 5784 3535 5864 πὺξ
3558 5812 3670 5864 :n:
