4154 6420
739 404 831 459 15f

736 526 909 565 meam
937 505 1227 568 miseriam,
1257 504 1442 559 saltem
1470 511 1691 572 propter
1718 501 1855 555 illius
1881 499 2236 569 arrogantiam
2265 508 2319 555 et

734 600 1036 670 superbiam
1073 595 1265 652 exaudi
1307 610 1411 648 me.
1438 593 1504 648 Et
1533 594 1657 663 quid
1690 593 1869 661 petis?
1897 591 1963 647 Ut
2003 604 2187 645 Vincas
2218 590 2319 645 ini-

740 691 945 746 micos?
997 689 1111 743 Non
1170 687 1271 741 hoc
1313 684 1461 748 dicit,
1509 683 1625 749 sed,
1660 682 1731 739 Ut
1769 682 2132 737 illuminentur
2177 680 2317 737 oculi

734 780 933 847 cordis,
966 788 1021 834 ut
1042 778 1377 848 expellantur
1403 776 1657 833 tenebrae.
1688 789 1805 842 quae
1832 782 1956 827 sunt
1980 772 2165 827 offusae
2193 786 2317 843 per-

733 872 926 941 spicaci
958 871 1147 923 animae
1192 867 1463 931 facultati,
1505 874 1559 920 et
1588 864 1947 933 intelligentia
1974 864 2186 918 oculum
2217 864 2317 917 ob-

734 970 1033 1019 senrarnnt.
1083 961 1195 1015 Hoc
1238 971 1385 1029 peto,
1426 954 1668 1011 “lumina
1710 956 1883 1009 oculos
1932 971 2090 1009 meos.
2123 956 2175 1010 5.
2210 953 2314 1007 Ne-

733 1053 937 1123 quando
965 1052 1102 1105 dicat
1127 1052 1362 1106 inimicus
1386 1064 1543 1109 tum,
1570 1061 1691 1100 cum
1723 1062 1807 1101 me
1828 1046 2024 1100 viderit
2061 1045 2315 1099 deturba-

738 1156 849 1199 tum
880 1144 944 1197 ad
974 1150 1197 1196 mortem
1227 1138 1427 1209 peccati
1460 1155 1473 1191 :
1512 1135 1598 1190 Ita
1628 1138 1871 1206 prmlni
1916 1136 2153 1189 αάυεηιη
2175 1151 2310 1188 eum.

731 1233 910 1301 ipsum
940 1230 1221 1300 superavi;
1248 1228 1389 1296 quod
1418 1227 1661 1281 volebam
1692 1226 1871 1281 videre
1891 1267 1907 1291 ,
1937 1226 2039 1281 hoc
2069 1226 2198 1281 mihi
2228 1240 2317 1279 ae-

730 1324 878 1379 cidit.
905 1322 1043 1389 Quid
1086 1329 1195 1387 est,
1239 1318 1495 1374 Praesalui
1536 1318 1775 1371 adversus
1811 1333 1922 1370 eum
1944 1317 1969 1369 7
1996 1316 2111 1371 Etsn
2139 1330 2234 1386 per
2255 1329 2316 1369 se

733 1424 941 1479 nonest
972 1412 1141 1473 fortis.
1164 1417 1347 1466 contra
1379 1425 1465 1463 me
1493 1409 1707 1477 quidem
1732 1419 1880 1463 certe
1898 1416 1982 1463 est
2008 1407 2177 1461 fortis.
2207 1406 2313 1461 No-

732 1513 839 1559 stra
867 1502 1046 1558 clades
1069 1503 1118 1555 ei
1146 1499 1300 1556 affert
1327 1500 1496 1563 vires,
1524 1513 1751 1569 eumque
1774 1498 1948 1555 reddit
1967 1507 2237 1570 potentem
2257 1502 2316 1554 ei

733 1597 984 1659 validum,
1007 1603 1060 1649 et
1081 1592 1559 1665 inexpugnabilem.
2104 1618 2105 1621 η

799 1684 855 1739 2.
882 1682 1055 1738 Hostis
1080 1684 1308 1737 cladibus
1332 1681 1515 1735 nostris
1538 1680 1701 1733 evadit
1721 1678 2162 1752 fartim—Vides
2186 1693 2305 1746 nos,

730 1777 943 1850 quando
973 1791 1277 1847 peccamus,
1304 1790 1408 1830 non
1434 1774 1605 1828 solum
1638 1773 1882 1843 nosipsos
1903 1771 2167 1827 dedecore
2195 1772 2312 1827 afﬂ-

728 1886 873 1931 cere.
902 1869 1146 1939 perdere,
1169 1867 1235 1921 ad
1262 1875 1487 1921 mortem
1508 1864 1794 1932 deducere,
1823 1865 1916 1919 sed
1935 1878 2002 1919 eo
2023 1863 2166 1934 quod
2188 1864 2310 1918 victi

728 1975 931 2023 sumus,
960 1959 1202 2013 inimicos
1227 1968 1437 2013 nostros
1456 1956 1659 2011 validos
1685 1964 2032 2025 potentesque
2050 1955 2309 2025 praedica-

730 2067 791 2107 re
821 2069 834 2103 :
864 2066 961 2106 nec
988 2051 1088 2106 hoc
1112 2049 1309 2114 solum,
1337 2049 1430 2103 sed
1452 2048 1610 2104 etiam
1633 2063 1727 2103 eos
1755 2048 1805 2101 in
1829 2062 2017 2117 magna
2047 2048 2228 2102 laetitia
2254 2056 2311 2103 et

726 2143 1077 2199 exs'nltatiane
1102 2142 1387 2198 collocare.
1438 2140 1595 2211 Papae
1616 2182 1633 2206 ,
1676 2149 1892 2210 quantae
1918 2149 2002 2195 est
2028 2140 2265 2195 stultitiae
2289 2180 2305 2204 ,

729 2236 911 2305 quanti
938 2235 1168 2306 stuporis
1194 2233 1516 2290 adversariis
1539 2232 1796 2288 adversus
1820 2234 2026 2303 seipaos
2051 2233 2191 2289 ferre
2213 2249 2309 2288 au-

724 2326 910 2381 xilium
929 2367 943 2385 .
972 2336 1026 2381 et
1054 2326 1119 2381 iis
1136 2366 1151 2391 ,
1178 2327 1268 2397 qui
1296 2325 1530 2380 animm
1558 2333 1792 2379 nostram
1816 2324 2126 2380 excruciant
2146 2335 2200 2379 et
2223 2324 2308 2379 af-

725 2416 913 2487 fligunt
932 2458 947 2481 ,
978 2418 1171 2472 latitia:
1207 2432 1419 2472 causam
1450 2427 1505 2472 et
1530 2415 1897 2472 exsultationis
1918 2416 2143 2471 afferre!
2172 2415 2309 2471 Vide

723 2516 854 2575 quot
877 2507 1126 2562 absurda.
1154 2506 1287 2561 Cum
1315 2507 1585 2561 inimicum
1614 2506 1829 2563 vincere
1858 2515 2129 2576 sporteret
2160 2507 2180 2579 (
2197 2505 2310 2561 Im-

726 2598 920 2653 δεείιιω
940 2599 1080 2653 enim
1111 2600 1259 2666 facta:
1281 2607 1396 2651 sunt
1429 2600 1540 2667 ejus
1568 2598 1845 2668 {ramis
1874 2598 2025 2665 ﬁnem
2044 2638 2059 2661 ,
2088 2606 2135 2650 et
2160 2598 2307 2666 periit

724 2689 911 2759 impius
931 2686 1099 2762 (Psal.
1119 2688 1174 2742 9.
1191 2689 1243 2743 7.
1263 2688 1339 2754 6),
1362 2704 1505 2753 eum,
1531 2689 1762 2757 inquam,
1781 2687 1993 2742 vincere
2011 2695 2301 2757 oporteret,

725 2780 1023 2846 vincimur;
1052 2796 1149 2835 nec
1177 2780 1228 2835 id
1253 2780 1445 2845 solum,
1467 2779 1560 2835 sed
1589 2781 1750 2835 etiam
1775 2780 2007 2834 validum
2032 2794 2095 2835 ac
2116 2791 2307 2850 poten-

725 2881 831 2925 tem
862 2869 1134 2926 reddimus
1164 2886 1181 2924 :
1211 2885 1307 2926 nec
1334 2885 1569 2939 eousque
1594 2871 1732 2926 sistit
1754 2870 2020 2944 dementia
2048 2880 2103 2926 et
2127 2882 2305 2929 extre-

723 2975 845 3015 mus
884 2960 1099 3017 morbus
1140 2972 1353 3028 noster,
1393 2960 1487 3015 sed
1524 2976 1643 3031 quae
1678 2962 1726 3016 ei
1770 2962 1929 3017 etiam
1974 2961 2212 3017 lmtitiam
2250 2972 2305 3017 et

720 3053 1127 3109 exsultationem
1169 3051 1390 3109 alienat
1417 3065 1805 3120 comparamus.
1850 3051 2055 3108 Revera
2090 3062 2172 3109 est
2200 3068 2298 3108 ex-

723 3154 895 3199 trema
922 3144 1175 3211 ebrietas,
1198 3153 1253 3197 et
1273 3158 1537 3198 summum
1565 3142 1760 3197 malum:
1788 3154 2082 3213 peccatum.
2113 3143 2303 3198 Exsul-

722 3234 895 3288 tabunt
926 3237 941 3266 ³
962 3274 977 3299 ,
1006 3235 1049 3288 si
1074 3244 1238 3287 motus
1264 3237 1428 3304 fuero.
1455 3232 1587 3287 Tres
1610 3246 1799 3287 causas
1822 3232 1978 3287 alfert
2004 3233 2258 3304 propheta
2284 3275 2299 3297 ,

724 3336 784 3381 nt
804 3325 1083 3381 Dominum
1104 3334 1315 3380 moveat
1333 3333 1642 3393 exoretque,
1667 3334 1724 3378 ut
1744 3325 2012 3395 respiciat,
2036 3324 2300 3380 etfaciem

721 3432 874 3475 suam
915 3424 1221 3481 convertat,
1252 3424 1307 3469 et
1345 3415 1461 3484 ejus
1499 3414 1791 3469 orationem
1834 3414 2083 3470 exaudiat
2114 3434 2128 3469 :
2160 3416 2302 3471 vires

722 3510 1055 3566 inimicorum
1080 3550 1094 3575 ,
1126 3517 1180 3564 et
1215 3517 1337 3563 ante
1378 3507 1429 3561 id
1472 3508 1795 3562 erectionem
1833 3516 1889 3563 et
1925 3508 2299 3563 exaltationem

721 3618 936 3667 eorum;
969 3601 1216 3665 tertium,
1250 3599 1483 3653 laetitiam
1511 3607 1563 3653 et
1592 3598 1998 3653 exsultationem
2030 3600 2297 3668 ipsorum,

720 3692 1101 3764 propemodum
1122 3690 1305 3747 dicens
1324 3707 1337 3743 :
1355 3690 1409 3746 Si
1433 3704 1538 3744 non
1557 3698 1773 3759 propter
1792 3704 1963 3744 meam
1981 3690 2297 3754 orationem,

721 3799 821 3840 nec
847 3793 1063 3854 propter
1089 3796 1262 3838 meam
1300 3780 1569 3835 miseriam
1597 3776 1874 3835 convertis
1893 3782 1958 3835 ad
1995 3798 2083 3836 me
2112 3781 2300 3837 faciem

721 3888 865 3932 tuam
885 3916 901 3941 ,
931 3874 1187 3938 Domine;
1218 3872 1406 3927 saltem
1440 3878 1655 3941 propter
1683 3871 2016 3927 inimicorum
2042 3886 2299 3943 arrogan-

721 3972 867 4035 tiam,
902 3983 969 4024 eo
994 3967 1133 4039 quod
1158 3981 1281 4022 suas
1305 3966 1448 4022 vires
1475 3973 1761 4029 ostentant,
1792 3972 1846 4019 et
1872 3964 1973 4021 sibi
1999 3965 2155 4020 valde
2182 3965 2300 4034 pla-

721 4072 843 4116 cent
869 4078 882 4112 :
907 4062 1154 4131 quoniam
1186 4059 1317 4113 meis
1342 4058 1498 4113 malis
1523 4056 1805 4123 laetamur,
1836 4065 1889 4111 et
1912 4070 2094 4111 casum
2120 4070 2297 4110 meum

721 4150 963 4207 irrident.
994 4150 1197 4204 Exaudi
1222 4165 1320 4213 me,
1350 4148 1585 4203 illaaiina
1612 4148 1783 4201 oculos
1808 4163 1962 4201 meos.
1992 4146 2156 4201 Aufer
2170 4161 2298 4217 gra-

722 4257 839 4298 vem
866 4256 1108 4297 somnum
1137 4241 1187 4293 in
1207 4239 1442 4310 peccatis
1467 4238 1601 4293 meis
1628 4256 1642 4294 :
1668 4254 1773 4310 quo
1796 4238 1999 4309 sopitus
2022 4252 2300 4310 propemo-

722 4333 848 4387 dum
891 4331 957 4386 ad
998 4331 1188 4385 anima:
1229 4338 1453 4384 mortem
1496 4328 1833 4384 dormitando
1862 4329 2122 4385 deductus
2156 4345 2296 4385 sum.

724 4422 780 4478 Si
818 4423 961 4477 enim
1006 4436 1035 4474 a
1076 4421 1358 4475 securitate
1387 4431 1471 4473 tua
1511 4428 1713 4473 tantum
1755 4428 1965 4474 emotus
2002 4417 2191 4485 fuero,
2222 4420 2301 4474 eis

724 4512 904 4567 lmtitia
929 4553 944 4577 ,
972 4511 1140 4582 gloria
1162 4552 1178 4575 ,
1209 4520 1263 4565 et
1293 4512 1458 4565 virtus
1502 4512 1602 4565 hoc
1638 4525 1759 4565 esse
1793 4511 2129 4566 existimatur
2157 4528 2171 4565 :
2199 4512 2301 4567 hoc

721 4604 934 4659 nomine
959 4618 1018 4659 se
1039 4603 1238 4673 jactant
1257 4644 1273 4665 ,
1305 4612 1357 4657 et
1382 4602 1481 4657 sibi
1515 4601 1670 4655 valde
1694 4601 1933 4671 placent,
1960 4610 2190 4673 suntque
2217 4605 2300 4657 in-

725 4695 1059 4761 tolerabiles;
1086 4696 1132 4749 si
1158 4704 1331 4748 autem
1354 4692 1421 4748 ad
1450 4702 1671 4747 mortem
1692 4691 1845 4746 fuero
1869 4691 2148 4756 deductus,
2170 4690 2299 4763 quid

722 4788 758 4843 ii
784 4802 887 4840 non
912 4784 1175 4841 fecerint?
1201 4783 1360 4838 Vides
1382 4798 1537 4853 quam
1567 4797 1814 4849 maguum
1841 4780 2095 4836 damnqu
2117 4784 2300 4838 existi-

722 4888 831 4930 met
865 4875 1117 4945 propheta
1141 4913 1157 4939 ,
1186 4882 1240 4927 et
1268 4872 1433 4927 nihilo
1463 4872 1635 4925 minus
1661 4886 1819 4941 quam
1848 4886 2058 4941 pinnam
2089 4887 2151 4926 ac
2174 4888 2302 4942 sup.

722 4968 935 5040 plicium
956 5010 971 5032 ,
1000 4980 1335 5022 communem
1374 4964 1641 5018 inimicmn
1673 4963 1849 5017 laetitia
1877 4963 2092 5020 afﬁcere
2115 5006 2129 5030 ,
2162 4976 2215 5019 et
2245 4974 2301 5019 ut

726 5062 838 5127 ipse
882 5066 1069 5127 potens
1110 5057 1459 5123 escelsusque
1501 5054 1772 5120 videatur,
1800 5054 2031 5108 eflicere.
2074 5055 2129 5109 Si
2159 5057 2301 5110 enim

728 5154 840 5203 haec
881 5163 984 5201 neu
1021 5147 1347 5201 existimaret
1388 5146 1522 5197 mala
1560 5147 1791 5198 maxima
1824 5154 1877 5200 et
1907 5146 2255 5199 intolerabilia
2282 5188 2299 5210 ,

724 5257 827 5293 non
874 5240 987 5292 ba‘c
1034 5239 1395 5305 proposuisset
1437 5237 1500 5288 ad
1546 5236 1708 5287 Deum
1752 5236 2102 5303 placandum,
2148 5246 2201 5289 ct
2236 5237 2300 5289 ad

726 5334 889 5399 ipsius
929 5330 1351 5384 benevolentiam
1384 5327 1773 5382 attrahendam.
1808 5328 1878 5379 lta
1909 5330 2066 5381 etiam
2098 5342 2193 5380 nos
2224 5329 2301 5379 fa-

724 5458 770 5505 p.
797 5443 908 5499 5-8,
938 5442 1067 5491 unde
1091 5441 1253 5505 )torel.
1280 5452 1364 5505 sua
1402 5441 1620 5505 sumpsit.
1662 5445 1765 5485 Post
1792 5438 1867 5505 illa
1893 5447 2056 5487 autem
2075 5440 2229 5505 verba
2256 5442 2303 5505 in

724 5501 897 5556 Codice
916 5504 1192 5554 Colbertino
1208 5502 1425 5563 qttwdam
1452 5503 1749 5559 adju°iuntur,
1769 5501 1830 5547 ab
1855 5504 1925 5555 iis,
1944 5514 2053 5563 qum
2073 5502 2117 5548 in
2140 5508 2221 5547 MOt
2238 5502 2303 5549 el.

724 5581 812 5627 per
832 5576 955 5614 totas
978 5566 1131 5627 ferme
1149 5560 1353 5627 quatuor
1374 5576 1570 5627 ιιτιέίιιιςᾳδ
1587 5564 1821 5617 lerttulur,
1840 5571 1940 5610 toto
1956 5560 2076 5627 αιτιο
2093 5564 2301 5610 diversa.

726 5624 817 5674 itoc
842 5636 1006 5675 autem
1023 5626 1223 5684 hujusce
1248 5625 1429 5669 tlwlims
1454 5625 1829 5669 Utitllialllt‘lllllltl
1847 5656 1860 5677 ,
1896 5624 2023 5683 quod
2050 5636 2189 5669 unum
2216 5626 2308 5669 (κη’.

727 5699 846 5737 uter
884 5692 1103 5749 paginam
1136 5688 1432 5746 compleret,
1468 5684 1654 5731 Videtur
1680 5694 1706 5729 a
1731 5684 1923 5731 librario
1942 5686 2145 5743 quodam
2171 5684 2306 5745 adje-

734 5760 874 5799 ctum.

793 5816 806 5841 ι
846 5806 959 5857 Bibl.
987 5807 1182 5866 habent,
1218 5806 1507 5855 Tribulantes
1530 5817 1604 5854 me
1627 5802 1940 5855 exsultabant.

1445 386 1500 443 S.
1539 386 1821 446 JOANNIS
1857 388 2349 447 CHRYSOSTOMI
2397 386 2715 445 ARCIIEP.
2758 387 3307 447 CONSTANTINOP.

3908 394 3939 450 1
3958 391 4065 448 5.

2429 499 2650 564 ciamus,
2675 510 2728 555 et
2748 502 3147 558 consideremus
3166 511 3223 559 et
3240 502 3627 559 contendamus
3651 518 3721 560 ne
3740 503 4067 561 inimicum

2427 589 2723 651 exaltemus
2741 633 2757 658 ,
2790 607 2855 645 ne
2886 602 3154 661 potentem
3182 594 3438 649 faciamus
3458 637 3473 659 ,
3505 611 3572 649 ne
3600 595 3780 650 laetitia
3804 596 4014 650 ameia
4038 626 4065 637 -

2426 698 2566 749 mus,
2597 684 2691 740 sed
2722 694 2906 739 contra
2934 695 2985 740 et
3017 685 3290 749 humilem,
3313 696 3363 740 et
3389 686 3671 756 abiectum,
3695 696 3752 743 et
3774 687 4071 742 imbecil—

2426 772 2556 839 lum,
2591 775 2901 845 tristemque
2927 785 2979 829 et
3004 775 3298 831 demissum
3325 776 3632 832 reddamus.
3662 777 3719 832 Si
3744 778 3891 833 enim
3924 795 4069 833 eos

2423 865 2511 933 qui
2540 874 2829 933 peccarunt
2854 907 2870 930 ,
2903 873 3049 921 recte
3075 875 3130 921 et
3158 881 3225 921 ex
3253 868 3449 923 virtute
3476 883 3535 923 se
3563 884 3749 939 gerere
3776 870 4001 926 viderit
4039 912 4061 934 ,

2424 952 2540 1007 haec
2577 955 2752 1008 omnia
2791 954 2949 1009 simul
2980 956 3129 1010 fiunt.
3160 954 3217 1010 6.
3246 954 3360 1024 Ego
3385 968 3550 1011 autem
3582 960 3636 1012 in
3663 960 4065 1013 misericordia

2422 1054 2511 1098 tua
2537 1046 2750 1115 speravi.
2776 1045 2920 1113 Quid
2949 1061 3077 1116 ergo
3104 1055 3249 1102 recte
3269 1048 3437 1103 fecisti
3461 1058 3517 1101 ut
3542 1057 3710 1117 petas,
3738 1060 3796 1105 ut
3826 1064 4064 1105 rursus

2422 1141 2476 1189 te
2516 1135 2804 1204 respiciat,
2848 1146 2904 1189 ut
2948 1145 3089 1190 tuam
3138 1137 3434 1192 orationem
3477 1139 3763 1205 exaudiat,
3808 1148 3870 1194 ut
3910 1150 4061 1194 tua:

2422 1227 2619 1282 mentis
2649 1227 2787 1282 oculi
2821 1227 3225 1284 illuminentnrf
3266 1229 3530 1285 undenam
3559 1240 3737 1286 autem
3768 1231 3887 1287 haec
3920 1234 4056 1287 tibi

2419 1330 2605 1386 speras
2650 1317 2863 1374 futura?
2907 1320 3094 1375 Dicant
3134 1322 3383 1391 quidem,
3426 1324 3626 1393 inquit,
3656 1325 3779 1388 alii,
3806 1326 3855 1379 si
3882 1328 4053 1396 quid

2419 1410 2626 1477 possint
2666 1410 2886 1467 dicere:
2917 1428 3017 1483 ego
3053 1423 3231 1469 autem
3263 1430 3428 1469 unum
3456 1417 3571 1470 scio
3594 1459 3609 1483 ,
3644 1434 3805 1473 unum
3844 1419 3987 1475 dico
4024 1463 4049 1487 ,

2418 1515 2635 1557 omnem
2673 1518 2821 1572 spem
2850 1519 3019 1558 meam
3052 1504 3106 1558 in
3137 1505 3228 1559 illo
3254 1505 3464 1560 colloco
3496 1524 3509 1560 :
3541 1508 3667 1562 illud
3698 1509 3829 1563 mihi
3877 1526 4047 1580 pro-

2416 1606 2559 1663 pono
2581 1634 2597 1658 ,
2630 1594 3049 1650 misericordiam
3080 1604 3229 1649 tuam
3253 1636 3270 1661 ,
3307 1604 3453 1650 tuam
3497 1598 3857 1654 clementiam.
3895 1597 4047 1671 Ego

2415 1692 2605 1748 autem,
2635 1684 2824 1753 inquit,
2854 1685 2907 1737 in
2937 1686 3280 1738 misericordia
3302 1695 3392 1738 tua
3411 1690 3628 1753 speravi.
3663 1687 3854 1743 Vidisti
3885 1705 4044 1759 prn-

2414 1772 2591 1843 phetm
2617 1772 3010 1831 humilitatem?
3040 1776 3214 1830 vidisti
3252 1776 3395 1845 pium
3420 1786 3475 1831 et
3500 1788 3708 1847 gratum
3732 1780 3850 1833 viri
3890 1782 4041 1834 ani-

2415 1866 2601 1919 mum?
2629 1864 2781 1921 Licet
2822 1874 3004 1936 posset
3049 1866 3453 1922 innumerabilia
3502 1883 3531 1920 a
3578 1883 3638 1923 se
3678 1877 3827 1924 recte
3864 1869 4034 1925 facta

2414 1953 2594 2009 dicere
2617 1995 2633 2022 ,
2666 1964 2721 2009 et
2747 1970 2843 2023 per
2868 1970 2930 2010 ea
2962 1956 3129 2012 Deum
3166 1970 3394 2012 exorare
3414 1998 3429 2022 ,
3457 1971 3645 2013 eorum
3673 1958 3801 2012 nihil
3831 1958 3974 2014 dicit
4006 2001 4033 2024 ,

2412 2046 2506 2099 sed
2533 2045 2599 2100 ad
2630 2048 2799 2101 solam
2834 2045 3073 2117 confugit
3102 2047 3198 2103 Dei
3233 2048 3677 2104 misericordiam.
3706 2049 3857 2106 Unde
3884 2051 4028 2105 cln-

2411 2150 2530 2190 rum
2556 2147 2658 2202 est,
2687 2138 2833 2215 illum
2862 2153 2983 2193 cum
3010 2138 3122 2193 haec
3143 2139 3291 2202 dicit,
3317 2154 3535 2211 nempe,
3563 2141 3626 2196 Si
3646 2142 3745 2214 feci
3761 2142 3916 2208 illud,
3949 2144 4033 2198 Si

2409 2226 2617 2280 retriin
2642 2228 2897 2303 malagpro
2924 2229 3066 2283 bonis
3095 2228 3115 2299 (
3144 2218 3286 2284 Paul.
3308 2230 3364 2285 7.
3392 2232 3446 2285 4.
3473 2229 3589 2303 5),
3627 2241 3685 2287 et
3719 2248 3841 2303 quae
3879 2246 4032 2290 sunt

2412 2315 2751 2388 hujusmodi,
2787 2301 2840 2374 in
2876 2334 3120 2391 magnam
3153 2321 3442 2376 adductum
3477 2301 3849 2379 necessitatem
3886 2324 4027 2381 bmc

2409 2407 2591 2463 dicere
2619 2426 2634 2463 :
2663 2424 2782 2479 qua:
2810 2410 2855 2465 si
2882 2426 2987 2465 non
3008 2410 3165 2477 adsit,
3188 2410 3319 2466 nihil
3344 2412 3474 2468 dicit
3500 2412 3710 2468 illorum
3728 2456 3745 2479 ,
3773 2416 3870 2470 sed
3901 2418 4026 2470 mi-

2409 2500 2753 2554 sericordiam
2772 2508 2831 2555 et
2854 2500 2947 2556 Dei
2962 2500 3306 2556 clementiam
3330 2517 3427 2572 pro
3448 2504 3590 2558 omni
3614 2486 4021 2574 supplicatione

2410 2591 2675 2659 proponit.
2708 2590 2909 2647 Deinde
2934 2591 3208 2647 conﬁdens
3230 2594 3345 2648 fore
3375 2602 3433 2647 ut
3460 2609 3555 2662 spe
3581 2609 3686 2649 non
3712 2593 4019 2653 frustrare-

2411 2691 2515 2744 tur.
2544 2681 2818 2752 subjunxit
2834 2724 2851 2749 ,
2881 2681 3171 2739 Emltabit
3193 2701 3283 2739 cer
3307 2701 3475 2740 meum
3494 2687 3549 2741 in
3573 2688 3787 2742 salutari
3814 2700 3924 2742 tuo.

2481 2772 2773 2829 Gratiarum
2798 2778 2931 2831 actio
2958 2788 3077 2832 ante
3103 2778 3422 2847 beneﬁcium.
3449 2808 3522 2819 —
3545 2778 3733 2835 Vidisu
3762 2783 4013 2840 animam

2407 2863 2547 2920 bene
2570 2876 2872 2935 sperantem
2888 2867 2913 2919 ?
2940 2868 3116 2935 Petiit,
3138 2876 3193 2923 et
3220 2868 3527 2938 priusquam
3549 2872 3834 2941 acceperit,
3863 2884 4016 2928 tam.

2408 2974 2567 3027 quam
2607 2960 2697 3030 qui
2726 2962 3049 3030 accepisset,
3082 2962 3192 3032 agit
3225 2963 3458 3033 gratias,
3486 2978 3551 3018 ac
3589 2964 3698 3019 Deo
3725 2968 3871 3021 canit
3901 2967 4016 3040 hy-

2408 3065 2613 3118 mnum,
2638 3054 2923 3123 omniaque
2949 3054 3072 3108 facit
3097 3070 3217 3124 qua:
3244 3057 3516 3124 praemissa
3544 3066 3689 3113 sunt.
3718 3057 4008 3115 Undenam

2405 3152 2583 3198 autem
2620 3150 2702 3198 est
2744 3151 2850 3198 tam
2892 3144 3030 3199 bona
3059 3160 3154 3215 spe
3181 3146 3473 3215 praeditus?
3518 3147 3594 3201 Ex
3628 3150 3715 3218 pio
3745 3159 3802 3205 et
3844 3161 4013 3221 grato

2408 3234 2625 3301 animo,
2670 3250 2735 3290 ex
2780 3250 2974 3308 magno
3019 3247 3073 3293 et
3116 3238 3420 3294 vehementi
3460 3240 3637 3296 studio
3677 3242 3951 3311 petitionis
3990 3265 4004 3299 :

2406 3324 2606 3379 sciebat
2631 3340 2752 3381 eum
2778 3327 2868 3397 qui
2893 3326 2970 3382 sic
2991 3337 3217 3400 peteret,
3237 3344 3266 3383 a
3290 3330 3401 3385 Deo
3424 3332 3685 3398 exaudiri,
3708 3347 3773 3387 ex
3799 3348 4009 3403 magno

2405 3416 2584 3471 cordis
2612 3416 2793 3472 calore
2815 3425 2869 3472 et
2896 3418 3201 3489 agitatione.
3232 3419 3693 3488 Quemadmodum
3733 3437 3865 3492 ergo
3898 3428 4001 3495 qui

2406 3508 2640 3577 segniter
2661 3518 2712 3563 et
2737 3510 3065 3579 negligenter
3086 3519 3293 3580 petunt,
3317 3512 3479 3565 etiam
3506 3527 3627 3567 cum
3657 3516 3998 3584 acceperint,

2405 3602 2493 3655 vix
2535 3600 2875 3656 donationem
2920 3602 3154 3656 sentiunt
3193 3620 3208 3657 :
3250 3602 3320 3656 ita
3358 3602 3450 3673 qui
3487 3603 3698 3659 intcnso
3734 3605 3913 3659 studio
3942 3618 4007 3663 et

2404 3693 2709 3748 vehementi
2730 3692 2892 3747 animi
2911 3694 3251 3747 contentione
3271 3702 3486 3763 petunt,
3504 3694 3663 3749 etiam
3686 3696 4003 3767 priusquam

2404 3786 2748 3855 acceperint,
2779 3798 2843 3839 ex
2870 3798 3062 3853 magna
3099 3793 3150 3839 et
3181 3797 3313 3853 pura
3341 3798 3435 3839 sua
3461 3784 3741 3841 affectione
3774 3788 4005 3855 perinde

2404 3891 2469 3932 ac
2496 3884 2541 3931 st
2568 3878 2919 3946 accepissent,
2946 3876 3143 3931 donum
3172 3876 3431 3941 sentiunt,
3459 3874 3639 3931 divina
3660 3878 3827 3947 gratia
3856 3878 4003 3933 licti-

2406 3968 2532 4023 tiam
2573 3977 2728 4023 antea
2770 3968 3089 4024 immittente
3118 3984 3131 4020 :
3161 3977 3217 4022 et
3246 3974 3527 4037 propterea
3562 3977 3725 4037 agunt
3750 3971 3953 4040 gratias
3979 4013 3999 4037 ,

2404 4068 2459 4115 et
2493 4060 2562 4115 ab
2605 4058 2917 4130 accipiendo
2958 4074 3063 4115 non
3110 4060 3266 4131 longe
3308 4059 3520 4114 absunt.
3572 4058 3860 4115 Eunuchi:
3906 4078 4003 4117 eor

2402 4168 2569 4206 meum
2591 4157 2645 4205 in
2669 4152 2882 4206 salutati
2911 4160 3014 4207 tuo.
3046 4152 3177 4217 Hoc,
3210 4151 3411 4223 inquit,
3442 4167 3615 4207 meam
3640 4156 3869 4209 animam
3896 4156 4001 4210 lae-

2406 4242 2518 4295 titia
2559 4240 2762 4309 aflicit,
2790 4242 2931 4313 quod
2959 4256 2989 4296 a
3028 4251 3081 4297 te
3118 4242 3345 4298 salutem
3385 4251 3739 4313 assequatur;
3780 4244 3999 4302 laetatur

2404 4332 2580 4387 anima
2608 4347 2755 4397 mea,
2784 4334 2925 4404 quod
2948 4334 3063 4404 ejus
3089 4336 3163 4390 sis
3181 4337 3348 4390 salus.

2475 4417 2528 4471 3.
2560 4416 2746 4472 Vidisti
2785 4418 3190 4475 exsultationem
3212 4462 3227 4481 .
3260 4430 3315 4475 et
3341 4421 3779 4489 exsultationem;
3810 4424 3999 4479 inimi-

2405 4523 2587 4564 corum
2609 4510 3012 4565 exsultationem
3032 4520 3249 4582 propter
3268 4513 3495 4582 lapsum,
3514 4522 3569 4569 et
3583 4514 3995 4570 exsultationem

2405 4604 2597 4659 animae
2625 4614 2846 4675 propter
2878 4607 3145 4675 propriam
3181 4606 3447 4659 salutem?
3490 4607 3581 4677 Illa
3610 4615 3693 4663 est
3718 4608 3947 4677 improbi
3976 4624 3992 4669 ;

2408 4695 2523 4751 haec
2558 4705 2642 4750 est
2668 4710 2858 4750 eorum
2894 4698 2983 4765 qui
3012 4707 3416 4751 conservantur.
3454 4697 3545 4752 Illa
3580 4706 3662 4753 est
3688 4698 3909 4752 exitium
3937 4708 4000 4754 at

2407 4788 2521 4857 ejus
2562 4788 2651 4858 qui
2696 4787 2971 4843 videbatur
3016 4789 3283 4842 exsultare
3306 4828 3323 4852 ,
3355 4796 3409 4842 et
3447 4788 3565 4857 ejus
3598 4797 3816 4857 propter
3848 4790 3993 4858 quod

2407 4879 2738 4945 exsultabat;
2772 4879 2885 4933 hare
2910 4888 2991 4933 est
3017 4879 3160 4933 salus
3186 4888 3238 4932 et
3267 4878 3535 4932 restitutio
3560 4878 3676 4948 ejus
3699 4878 3792 4948 qui
3814 4879 3997 4934 exsul.

2408 4981 2501 5026 tat.
2536 4971 2645 5027 Hac
2669 4987 2796 5043 ergo
2816 4972 3167 5026 exsultatione
3190 4980 3244 5025 et
3270 4972 3447 5025 laetitia
3474 4972 3717 5027 laetemur
3734 4981 3788 5027 et
3809 4974 3996 5027 exsul-

2410 5073 2581 5119 temus
2605 5081 2617 5117 :
2643 5064 2784 5117 illam
2815 5064 3074 5132 fugiamus
3100 5070 3151 5115 et
3177 5077 3503 5116 aversemur.
3529 5061 3753 5116 Cantabo
3773 5060 3996 5117 Domitio

2406 5158 2489 5225 qui
2516 5157 2644 5209 bona
2670 5155 2839 5208 tribuit
2868 5156 3011 5218 mihi,
3040 5164 3084 5207 et
3112 5155 3329 5223 psallam
3358 5157 3547 5209 nomini
3574 5154 3780 5209 Domini
3802 5156 3997 5209 altissi-

2411 5248 2499 5299 mi.
2550 5246 2944 5300 Monumentum
2972 5286 2985 5307 ,
3019 5245 3223 5313 inquit,
3258 5244 3415 5311 hujus
3454 5244 3699 5299 beneficii
3730 5245 3997 5299 canticum

2414 5337 2637 5391 Domino
2663 5337 2879 5390 offeram
2902 5376 2916 5399 ,
2948 5334 3087 5404 quod
3115 5351 3199 5389 me
3228 5336 3487 5389 beneﬁcio
3512 5334 3750 5391 aﬂ'ecerit
3772 5376 3787 5396 ,
3818 5336 3994 5389 inimi-

2411 5445 2531 5484 cum
2561 5430 2813 5483 humilem
2845 5435 2896 5481 et
2930 5429 3195 5495 abjectum
3222 5428 3514 5482 reddiderit
3538 5471 3552 5495 ,
3582 5428 3871 5498 ignominia
3900 5429 3996 5482 im-

2415 5523 2673 5590 pleverit,
2724 5519 3040 5572 imbecillum
3095 5518 3429 5581 ostenderit,
3480 5534 3651 5572 meam
3701 5520 3996 5575 exaudierit

2413 5614 2730 5675 orationem,
2760 5612 2812 5663 in
2842 5626 2926 5663 me
2954 5610 3154 5663 vultum
3186 5626 3341 5664 suum
3373 5611 3730 5675 converterit,
3762 5612 3996 5670 discussa

2415 5706 2639 5773 caligine
2664 5712 2718 5757 et
2746 5702 2976 5755 tenebris
3000 5741 3014 5765 ,
3048 5718 3140 5770 per
3165 5717 3299 5770 quas
3329 5703 3394 5756 ad
3424 5716 3646 5757 mortem
3674 5706 3885 5760 ferebar
3911 5728 3921 5760 :
3951 5722 3993 5761 rt

2418 5803 2633 5867 prepter
2678 5794 2790 5862 ejus
2836 5792 3061 5845 salutare
3114 5792 3429 5861 exsultans,
3475 5802 3741 5865 tamquam
3782 5796 3993 5865 aliquod
