4154 6422
738 366 840 423 153
1441 373 1499 425 5.
1539 375 1821 430 JOANNIS
1858 380 2290 435 CllliYSUSTOl

2393 385 2693 446 \RClllEP.
2732 388 2944 445 CONS'I
2960 392 3275 451 ANTINOP.

732 481 935 563 ταύτην
979 480 1085 531 τῶν
1126 483 1205 543 ei;
1248 482 1344 550 ἐμὲ
1401 484 1856 558 εὐεργετημάτων
1889 492 2206 563 ἀνατίθημι,
2243 494 2304 547 οὐ

731 562 828 615 νῦν
866 563 1026 631 μόνον
1075 564 1215 635 ᾅδων
1252 566 1422 636 αὐτὴν
1445 607 1460 627 ,
1510 571 1605 622 καὶ
1657 572 1949 626 ἀνελίσσων
1997 562 2131 637 τοῖς
2160 575 2304 644 λογι-

731 649 889 717 σμοῖς
921 647 1020 711 τὰς
1054 647 1392 718 εὐεργεσίας.
1424 650 1561 705 ἀλλὰ
1590 654 1684 705 καῖ
1718 657 1796 713 είς
1826 656 1917 708 τὸν
1950 655 2077 725 ἑξῆς
2110 658 2303 727 χρόνον

729 729 845 800 ᾇσω
872 730 963 783 καὶ
987 729 1139 797 ψαλῶ
1163 730 1241 800 τῷ
1262 731 1483 803 ὀνόματι
1512 735 1733 804 Κυρίου,
1771 738 2123 807 ἀνεπίληστον
2149 741 2206 790 ἐν
2237 742 2299 811 τῇ

727 812 871 881 ψυχῇ
911 812 1224 883 περιφέρων
1255 815 1353 884 τῆς
1384 816 1695 886 εὐεργεσίας
1728 818 1789 870 τὸ
1816 819 2061 888 μέγεθος.
2104 822 2167 873 Ἡ
2191 838 2302 874 τοι·

727 893 867 963 αὕτη
890 895 1067 949 τοίνυν
1091 894 1236 965 ψυχὴ
1270 897 1329 947 οὐ
1366 897 1526 965 μόνον
1552 902 1739 961 κακοῖς
1770 902 2080 972 ἐμπαρεῖσα
2110 902 2297 972 ῥύεται

728 977 922 1047 ῥᾳδίως
948 977 1054 1029 τῶν
1084 977 1287 1039 κακῶν,
1330 978 1465 1030 ἀλλὰ
1510 980 1601 1031 καὶ
1649 982 2028 1054 ἀσφαλεστέρα
2064 984 2295 1050 γίνεται,

726 1063 806 1122 εἰς
834 1060 893 1113 τὸ
925 1059 1123 1130 μηκέτι
1144 1062 1255 1122 τοῖς
1281 1061 1489 1128 ὁμοίοις
1515 1067 1847 1130 περιπεσεῖν.
1873 1066 2039 1118 Ὅταν
2069 1066 2179 1136 γὰρ
2206 1068 2298 1120 ἐπὶ

728 1142 947 1211 μνήμης
986 1142 1071 1194 ἀεὶ
1118 1142 1259 1212 φέρῃ
1286 1141 1384 1210 τὴν
1416 1143 1751 1212 εὐεργεσῖαν.
1788 1144 1943 1214 δῆλον
1971 1148 2052 1198 ὅτι
2099 1150 2190 1199 καὶ
2226 1147 2295 1201 τὰ

722 1225 956 1295 δυσχερῆ
991 1225 1082 1277 ἐπὶ
1112 1227 1331 1295 μνήμης
1361 1225 1495 1296 ἔχει,
1513 1220 1588 1279 ὧν
1612 1228 1983 1296 ἀπαλλαγεῖσα
2011 1229 2167 1301 ἔτυχε
2197 1232 2295 1301 τῆς

723 1308 1057 1377 εὐεργεσίας.
1096 1308 1275 1377 Ἔχων
1320 1307 1374 1361 δὲ
1418 1309 1512 1362 καὶ
1558 1310 1653 1378 τὴν
1685 1312 1904 1381 μνήμην
1940 1312 2046 1365 τῶν
2083 1312 2289 1378 κακῶν,

723 1389 1095 1457 ἀναλογίζεται
1112 1391 1404 1461 ἐπιμελῶς,
1433 1393 1595 1445 πόθεν
1615 1392 1783 1446 ταῦτα
1807 1394 2097 1449 συνέπεσεν
2119 1397 2287 1467 αὐτῷ,

722 1475 815 1527 καὶ
846 1472 932 1526 διὰ
956 1474 1115 1527 ποίαν
1160 1474 1336 1526 αίτίαν
1378 1477 1457 1538 εἰς
1488 1475 1548 1527 τὸ
1581 1475 1820 1528 τοιοῦτον
1860 1477 2155 1548 συνηνέχθη
2191 1496 2292 1533 κα-

720 1555 815 1606 κόν
840 1571 852 1584 ·
892 1554 983 1608 καὶ
1016 1554 1470 1624 ἀναλογιζόμενος
1498 1556 1682 1610 λοιπὸν
1706 1558 1931 1627 τειχίζει
1955 1561 2289 1630 πανταχόθεν

719 1638 931 1701 ἐαυτὸν,
955 1638 1039 1691 ἵνα
1072 1637 1145 1708 μὴ
1160 1638 1253 1691 ἐπὶ
1276 1640 1373 1703 τὰς
1392 1639 1583 1710 ὁμοίας
1612 1642 1931 1713 περιενεχθῇ
1964 1644 2249 1715 συμφοράς
2269 1660 2285 1674 ⁶

719 1719 861 1773 οὕτω
882 1736 942 1772 τε
972 1720 1157 1773 λοιπὸν
1186 1720 1275 1773 τὸν
1306 1722 1497 1776 ἐαυτοῦ
1521 1723 1634 1792 βίον
1662 1724 1842 1787 καλῶς
1872 1726 2169 1796 ῥυθμίζων,
2195 1726 2288 1779 καὶ

722 1803 1080 1872 παιδαγωγῶν
1103 1842 1118 1866 ,
1168 1805 1263 1856 καὶ
1297 1805 1375 1875 τῷ
1408 1807 1696 1877 ῥυσαμένῳ
1735 1808 1933 1879 πολλὴν
1969 1810 2291 1878 ἀνομολογεῖ

716 1886 816 1956 τὴν
841 1887 996 1954 χάριν
1015 1902 1029 1917 ·
1061 1886 1249 1956 ῶσπερ
1277 1883 1403 1957 εὗρε
1433 1887 1655 1957 ρύστην,
1683 1889 1824 1942 οὕτω
1844 1893 1938 1942 καὶ
1959 1892 2178 1959 φύλακα
2200 1892 2287 1946 διὰ

718 1970 915 2030 παντὸς
941 1967 1085 2037 ἔχειν
1115 1969 1173 2020 ἐν
1200 1972 1311 2033 τοῖς
1343 1970 1625 2040 μέλλουσιν
1649 1973 2047 2045 ἐξαιτούμενος.
2066 1975 2286 2047 Ταύτην

3886 404 4005 460 ιδι

2402 516 2523 567 μου
2556 506 2643 566 εις
2679 502 2890 568 τέλος;
2922 504 3034 570 ἕως
3076 507 3223 563 πότε
3249 510 3648 579 ἀποστρέφεις
3687 510 3753 565 τὸ
3787 518 4007 582 πρόσο-

2405 588 2571 635 uxor
2602 602 2717 639 σου
2750 586 2849 639 ἀπ’
2877 587 3023 653 ἐμοῦ
3040 605 3058 650 ;
3078 590 3213 642 Eine
3236 591 3310 662 μὴ
3337 595 3401 662 τῇ
3426 591 3667 664 γλώσσῃ,
3686 593 3821 647 ἀλλά
3842 598 4004 652 πολὺ

2411 664 2667 747 πρότερον
2697 668 2761 737 τῇ
2799 669 3024 740 καρδίᾳ·
3066 673 3188 725 εἰπὲ
3228 674 3321 727 καὶ
3358 676 3425 727 τὰ
3464 674 3599 727 ἄλλα
3635 676 4006 747 δικαιώματα

2404 746 2496 798 τοῦ
2526 750 2705 801 Δαυῖδ.
2735 749 2903 801 Ὅταν
2936 753 3095 823 εἴπης
3125 755 3323 822 πάντα,
3363 756 3579 810 ἔλπισον
3615 759 3706 810 ἐπὶ
3737 760 3797 811 τὸ
3829 746 4005 824 ἕλεος

2402 829 2587 893 αὐτοῦ,
2638 832 2875 894 ἐλπισον,
2910 834 2984 905 μὴ
3022 836 3328 908 διακριθῇς.
3367 840 3428 891 '0
3466 840 3576 909 γὰρ
3605 839 4002 911 διακρινόμεο

2400 927 2527 976 νος,
2557 913 2739 981 φησὶν,
2768 915 2929 969 ἔοικε
2950 918 3210 973 κλύδωνι
3239 920 3556 988 θαῖάσσης
3583 922 4001 991 ἀνεμιζομένῳ

2401 995 2501 1045 καὶ
2519 994 2892 1065 ῥιπιζομένῳ.
2916 998 3012 1066 Μὴ
3038 1001 3147 1069 γὰρ
3172 1000 3400 1061 οἰέσθω.
3426 1004 3612 1072 φησὶν,
3635 1008 3668 1057 ό
3689 1005 3997 1071 τοιοῦτος,

2399 1073 2488 1126 ὅτι
2521 1077 2783 1145 λήψεταί
2831 1095 2883 1131 τι
2919 1084 3077 1146 παρὰ
3116 1083 3285 1136 Θεοῦ.
3327 1084 3497 1151 Ἀνὴρ
3535 1085 3644 1154 γὰρ
3687 1086 3993 1155 δίψυχος.

2397 1156 2808 1226 ἀκατάστατος
2828 1162 2899 1213 ἐν
2918 1162 3141 1229 πάσαις
3162 1164 3290 1229 ταῖς
3310 1166 3473 1231 ὁδοῖς
3490 1167 3696 1221 αὑτοῦ.
3714 1170 3996 1222 Ἐλπισον

2395 1236 2489 1291 οὖν
2521 1241 2614 1293 ἐπὶ
2641 1240 2791 1314 [128]
2822 1244 2885 1295 τὸ
2919 1244 3066 1308 ἔλεος
3101 1246 3288 1308 αὐτοῦ,
3328 1249 3495 1319 μηδὲν
3528 1249 3847 1319 διακριθεὶς,
3884 1253 3996 1305 καὶ

2393 1322 2557 1394 τεύξῃ
2600 1326 2816 1388 πάντως
2873 1326 2972 1396 τῆς
3021 1328 3328 1398 αἰτήσεως·
3374 1329 3550 1400 τυχὼν
3599 1332 3654 1384 δὲ
3707 1332 3782 1403 μὴ
3836 1334 3989 1404 γένῃ

2392 1405 2665 1477 ἀγνώμων
2706 1409 2835 1478 περὶ
2862 1409 2955 1463 τὸν
2991 1411 3310 1481 εὐεργέτην,
3349 1415 3440 1465 καὶ
3479 1415 3793 1485 ἀχάριστος,
3833 1417 3992 1469 ἀλλὰ

2392 1487 2617 1558 ποίησον
2663 1494 2926 1561 μνημεῖον
2964 1493 3061 1563 τῆς
3109 1493 3451 1564 εὐεργεσίας,
3485 1497 3579 1548 καὶ
3610 1497 3804 1559 ἀνάθες
3836 1498 3991 1552 αὐτὸ

2392 1569 2713 1641 εὐχάριστον
2744 1573 2821 1643 τῷ
2848 1576 3092 1648 Δεσπότῃ
3120 1575 3284 1646 ᾠδήν.
3321 1577 3482 1640 Ἴσως
3516 1578 3678 1641 αὐτὸς
3702 1581 3800 1631 οὐκ
3819 1577 3988 1643 οἶδας

2394 1653 2701 1707 συνθεῖναι·
2730 1655 3063 1724 συγκάλεσον
3086 1660 3211 1722 τοὺς
3237 1660 3495 1730 πένητας.
3523 1661 3618 1713 καὶ
3644 1662 3843 1732 χρῆσαι
3872 1664 3987 1726 τὰς

2386 1735 2638 1804 γλώσσας
2664 1737 2863 1802 αὐτῶν,
2901 1739 2996 1792 καὶ
3033 1740 3116 1793 σοὶ
3148 1742 3585 1812 παρασκεύασον.
3624 1742 3697 1798 Εὖ
3736 1746 3841 1798 ῐσθι
3886 1747 3984 1800 ὅτι

2389 1817 2523 1887 ἡδίω
2540 1820 2639 1887 τῆς
2663 1821 2953 1892 Δαυῖδικῆς
2981 1821 3128 1892 ᾠδῆς
3155 1823 3361 1895 ταύτην
3399 1825 3710 1890 ἀκούσεται,
3732 1828 3800 1897 ην
3826 1827 3984 1898 ὑπὲρ

2390 1900 2484 1952 σοῦ
2510 1902 2703 1955 ἐκεῖνοι
2740 1904 3159 1975 μελῳδήσουσιν.
3191 1907 3403 1980 Ὠσπερ
3430 1909 3536 1981 γὰρ
3569 1910 3603 1978 ἡ
3633 1911 3740 1963 ἀπὸ
3777 1910 3981 1978 διαφό-

2391 1998 2499 2050 ρων
2518 1984 2725 2053 χορδῶν
2751 1986 2852 2057 τῆς
2881 1991 3148 2059 μονήρους
3170 1988 3320 2059 ηδιον
3350 1990 3508 2059 μέλος
3535 1990 3799 2051 ἀποτελεῖ,
3822 1992 3984 2059 οὕτω

717 2048 1045 2121 ζηλώσωμεν
1076 2051 1170 2103 καὶ
1201 2052 1379 2121 ἡμεῖς,
1410 2052 1511 2106 κάν
1536 2070 1644 2107 τινι
1675 2056 2078 2127 παρασυρῶμεν
2108 2061 2287 2129 ἀμαρ-

717 2133 951 2205 τήματι,
986 2132 1192 2201 ταχέως
1241 2134 1632 2206 ἀνανήψωμεν,
1689 2138 1783 2190 καὶ
1829 2138 2182 2211 ποιησώμεθα
2225 2142 2287 2195 τὸ

716 2215 917 2285 ’πτῶμα
965 2215 1235 2285 πρόφασιν
1267 2216 1585 2284 ἀσφαλείας,
1621 2221 1715 2273 καὶ
1764 2221 2016 2292 ἀφορμὴν
2053 2222 2148 2275 τοῦ
2178 2242 2284 2295 μη-

715 2298 831 2351 κέτι
865 2298 1217 2367 ἁμαρτάνειν.
1244 2298 1366 2363 Πῶς
1399 2296 1493 2354 οὐν
1515 2294 1795 2373 ποιήσεις;
1825 2305 2007 2375 Ἔχεις
2033 2305 2287 2359 διδάσκα-

715 2381 803 2433 λον
829 2381 917 2433 τὸν
944 2380 1122 2433 Acrota.
1146 2381 1457 2451 ’Ἡμαρτες;
1485 2383 1576 2454 Μὴ
1600 2378 1866 2457 νύστάξης
1893 2389 1983 2439 ἐπὶ
2009 2391 2074 2457 τῇ
2103 2389 2286 2458 ἀμαρ-

713 2463 821 2535 τίᾳ,
844 2463 976 2515 ἀλλά
1007 2463 1320 2534 διανὰστηθι
1337 2481 1351 2495 ο
1389 2466 1642 2537 ἐννόησον
1672 2469 1887 2532 αὐτίκα,
1911 2471 1993 2522 ὅτι
2017 2471 2286 2541 ἀπέστρε-

712 2546 813 2614 ψεν
843 2548 871 2599 ὁ
901 2545 1031 2607 Θεὸς
1050 2546 1112 2597 τὸ
1142 2545 1428 2615 πρόσωπον
1454 2549 1561 2601 ἀπὸ
1588 2549 1706 2615 σοῦ,
1723 2552 1804 2604 ὅτι
1836 2551 2128 2605 ἐπελάϐετό
2155 2570 2248 2605 σου
2268 2570 2282 2583 ·

713 2624 833 2681 εἶτα
873 2629 1126 2693 κλαῦσον,
1162 2628 1434 2695 στέναξον,
1466 2630 1653 2684 λοῦσον
1686 2632 1808 2686 καθ’
1838 2634 2075 2703 ἑκάστην
2115 2635 2285 2689 νύκτα

713 2711 812 2781 τὴν
842 2710 1027 2781 κλίνην
1055 2727 1149 2762 σου
1181 2710 1429 2781 δάκρυσι,
1457 2714 1805 2783 ἀποπηδησον
1836 2715 1944 2768 ἀπὸ
1972 2716 2079 2769 τῶν
2113 2718 2283 2787 ἐργα-

2386 2068 2482 2121 καὶ
2571 2050 2680 2122 τῶν
2713 2050 2962 2141 πενήτων
3093 2050 3368 2143 διαςρὸρων
3413 2068 3578 2135 οὖσα,
3607 2073 3685 2144 τῷ
3711 2050 4011 2128 είσακούιθ

2386 2168 2498 2204 οντι
2549 2151 2646 2222 τῆς
2675 2154 2859 2222 φωνῆς
2893 2154 3000 2208 τῶν
3033 2158 3280 2224 πενήτων
3316 2154 3437 2225 Θεῷ
3475 2155 3571 2227 ἡδύ
3612 2172 3664 2208 τι
3706 2158 3799 2209 xui.
3831 2159 3976 2229 ἐρά-

2388 2251 2545 2303 σμιον
2567 2236 2781 2305 ὴχήσει.
2808 2237 3009 2307 Στῆσον
3046 2236 3253 2308 σεαυτῷ
3282 2238 3376 2291 καὶ
3404 2237 3521 2308 Θεῷ
3556 2238 3796 2292 τοιοῦτον
3827 2257 3977 2312 μνη-

2390 2320 2558 2387 μεῖον,
2593 2319 2741 2389 αὐτῷ
2778 2320 2875 2390 μὲν
2918 2319 3218 2391 ὑπόμνημα
3261 2324 3361 2392 τῆς
3388 2321 3738 2392 εὐεργεσίας,
3780 2322 3977 2394 σαυτῷ

2386 2399 2443 2451 δὲ
2499 2400 2771 2465 ἀπόδειξιν
2821 2402 2918 2471 τῆς
2964 2403 3347 2473 εὐχαριστίας,
3388 2403 3485 2473 τῆς
3518 2404 3971 2476 εὐγνωμοσύνης.

2388 2481 2651 2551 σύμϐολον
2676 2486 2775 2555 τῆς
2802 2484 3081 2555 διηνεκοῦς
3111 2488 3359 2556 μνήμης.
3394 2486 3463 2556 ἢν
3495 2486 3781 2557 ἐγκάρδιον
3820 2488 3974 2559 ἔχων

2386 2567 2497 2630 ἀεὶ,
2534 2567 2832 2620 κατεύθυνέ
2874 2585 2966 2620 σου
3006 2570 3097 2622 τὸν
3135 2570 3273 2639 βίον·
3305 2569 3502 2638 μᾶλλον
3527 2569 3583 2622 δὲ
3624 2570 3975 2625 κατευθύνω-

2388 2664 2509 2718 μεν,
2534 2649 2620 2701 ῐνα
2656 2649 2943 2721 γενώμεθα
2973 2652 3066 2703 καὶ
3096 2652 3193 2721 τῆς
3220 2650 3430 2704 ἐκεῖθεν
3462 2651 3601 2717 ἄξιοι
3630 2652 3973 2723 κληρουχίας

2384 2733 2491 2784 τῶν
2512 2733 2754 2799 ἀγαθῶν,
2784 2736 2840 2786 ἐν
2866 2733 3087 2805 Χριστῷ
3122 2733 3293 2803 Ἰησοῦ
3323 2733 3400 2803 τῷ
3422 2734 3614 2807 Κυρίῳ
3644 2735 3820 2806 ἡμῶν,
3851 2729 3900 2804 ᾧ
3932 2739 3970 2807 ἡ

712 2792 954 2863 ζομένων
988 2793 1086 2862 τὴν
1106 2793 1354 2861 ἀνομίαν.
1379 2794 1489 2848 Καὶ
1516 2795 1689 2849 ταῦτα
1720 2796 1825 2868 γὰρ
1856 2797 2156 2868 μαθήματα
2189 2799 2282 2852 τοῦ

2383 2815 2507 2879 δόξα
2522 2817 2615 2868 καὶ
2632 2816 2692 2868 τὸ
2714 2816 2910 2886 κράτος
2928 2818 3007 2880 είς
3025 2817 3152 2880 τοὺς
3170 2816 3372 2881 αἰῶνας
3392 2817 3499 2871 τῶν
3516 2815 3747 2872 αἰώνων.
3765 2818 3967 2890 ’Δμην.

711 2874 895 2928 Δαυῖδ.
911 2873 1047 2926 Εἰπὲ
1083 2874 1200 2943 μετ’
1226 2874 1390 2928 αὐτοῦ
1406 2892 1419 2905 ·
1440 2877 1587 2943 Ἕως
1614 2878 1779 2947 πότε,
1798 2879 1991 2947 Κύριε,
2018 2879 2283 2949 ἐπιλήσῃ

713 3138 2102 3170 W

3802 3158 3839 3159 ﬁ,

834 3251 1191 3314 MONITUM
1234 3252 1313 3311 IN
1356 3251 1912 3311 EXPOSIT-IONEM
1958 3252 2101 3311 SEU
2144 3252 2522 3312 HOMILIAM
2564 3238 3090 3315 CHRYSOSTOMI
3141 3252 3221 3313 IN
3264 3252 3627 3313 PSALMUM
3667 3253 3818 3314 XLI.

772 3372 829 3428 ln
860 3374 1001 3428 hanc
1030 3374 1455 3442 Expositionem,
1499 3374 1615 3428 sive
1666 3374 1983 3437 Homiliam,
2022 3391 2149 3430 nam
2183 3391 2309 3432 vcre
2352 3374 2587 3431 Humilia
2635 3385 2740 3438 est,
2775 3376 2891 3431 hac
2933 3384 3085 3430 notat
3136 3373 3376 3429 Savilius
3406 3394 3419 3428 :
3458 3392 3478 3426 ι
3510 3372 3743 3428 Humilia
3777 3382 3859 3429 est
3890 3375 3965 3430 ad

708 3465 968 3536 populum
1002 3466 1168 3529 dicta,
1204 3467 1257 3521 in
1290 3468 1615 3538 principium
1645 3469 1844 3527 Psalmi
1878 3473 1965 3538 41,
1992 3487 2101 3525 non
2130 3479 2385 3540 perpetua
2409 3470 2579 3527 totius
2600 3470 2802 3526 Psalmi
2832 3470 3101 3541 expositio
3130 3488 3144 3523 :
3177 3484 3276 3523 nec
3305 3469 3603 3539 quidquam
3633 3468 3794 3523 habet
3820 3467 3965 3521 ὑπο-

708 3559 1069 3629 μνηματικόν,
1103 3570 1198 3614 aut
1222 3560 1399 3616 simile
1431 3570 1749 3617 caaterarum
1786 3582 1799 3618 :
1834 3564 1971 3618 adde
2003 3563 2243 3618 habitam
2272 3578 2395 3618 esse
2428 3563 2569 3617 hanc
2602 3571 2725 3630 post
2753 3563 2917 3617 aliam
2951 3563 3018 3617 de
3055 3560 3471 3615 Melchisedeco.
3504 3557 3636 3613 Eam
3666 3558 3862 3612 damus
3892 3575 3964 3613 ex

704 3653 807 3707 title
836 3653 1066 3707 duorum
1094 3653 1378 3720 Codicum,
1407 3656 1461 3709 in
1494 3671 1725 3724 quorum
1750 3658 1920 3711 altero
1949 3656 2219 3726 reperitur
2262 3656 2403 3710 inter
2446 3656 2739 3726 διαφόρους
2771 3664 2825 3709 et
2859 3655 3200 3723 singulares;
3235 3664 3400 3717 recte,
3435 3668 3539 3707 non
3586 3662 3647 3707 ut
3680 3652 3734 3706 in
3759 3651 3964 3706 Codice

701 3746 872 3797 a'tero
896 3745 1104 3799 caeteris
1134 3744 1189 3799 in
1225 3744 1475 3801 Psalmos
1500 3748 1912 3803 commentariis
1942 3748 2272 3817 interjecta.»
2306 3745 2655 3815 Exploratum
2686 3755 2830 3802 certe
2860 3754 2945 3801 est
2973 3746 3114 3801 hanc
3143 3745 3419 3801 humiliam
3445 3759 3553 3799 non
3589 3744 3861 3813 pertinere
3890 3743 3963 3797 ad

701 3834 1076 3900 Expositiones
1107 3837 1159 3891 in
1190 3836 1459 3900 Psalmos,
1495 3838 1589 3894 sed
1619 3854 1743 3894 esse
1768 3839 2028 3893 moralem
2064 3838 2521 3904 adhortationem,
2565 3846 2885 3908 argumento
2913 3838 3203 3906 desumpto
3234 3853 3302 3893 ex
3332 3836 3601 3905 principio
3628 3834 3829 3890 Psalmi
3861 3834 3960 3888 4|.

771 3924 891 3991 Quo
924 3936 1103 3981 autem
1138 3936 1373 3997 tempore
1404 3927 1587 3982 habita
1621 3927 1805 3992 fuerit,
1837 3931 1952 3998 ipse
1978 3927 2403 3999 Cbrysostomus
2432 3942 2533 3981 nec
2570 3928 2806 3984 obscure
2842 3926 3049 3982 indicat
3082 3927 3238 3981 initio
3273 3944 3286 3982 :
3333 3925 3433 3981 Vos
3466 3925 3677 3996 quidem
3698 3964 3712 3988 ,
3758 3923 3960 3993 inquit.

701 4033 794 4069 uos
822 4034 985 4087 nuper
1013 4020 1447 4087 admirabamiui,
1471 4023 1681 4092 quando
1720 4021 1875 4076 verba
1916 4022 2137 4091 fecimus
2167 4022 2231 4075 de
2268 4020 2613 4075 Melcltisedec
2635 4063 2650 4088 ,
2685 4030 2897 4091 propter
2934 4035 3115 4073 eorum
3153 4036 3269 4089 qua:
3309 4019 3453 4072 dicta
3493 4026 3617 4072 sunt
3662 4015 3965 4086 longitudi-

698 4124 815 4161 nem
846 4122 865 4160 :
905 4126 996 4180 ego
1022 4122 1199 4165 autent
1226 4129 1314 4167 vos
1341 4114 1651 4167 admirabar
1681 4123 1896 4182 propter
1925 4124 2149 4167 vestram
2196 4114 2255 4165 in
2293 4112 2555 4166 audiendo
2586 4114 2929 4167 attentionem
2962 4121 3011 4166 et
3050 4111 3389 4181 sapientiam,
3423 4119 3474 4165 et
3501 4109 3639 4179 quod
3673 4124 3792 4162 cum
3829 4123 3964 4177 pro-

697 4202 860 4256 lixior
880 4219 935 4257 se
964 4203 1237 4259 obtulisset
1273 4208 1464 4271 oratio,
1501 4222 1594 4261 nos
1628 4206 1698 4260 ad
1732 4206 1889 4275 ﬁnem
1918 4222 2079 4275 usque
2114 4207 2377 4259 consecuti
2429 4207 2575 4259 estis.
2638 4203 2700 4259 Et
2734 4204 3059 4275 quibusdam
3090 4203 3427 4273 interpositis
3455 4218 3471 4257 :
3504 4202 3963 4269 Quemadmodum

698 4306 822 4360 ergo
859 4302 981 4345 tuuc
1011 4294 1269 4361 dicebam,
1292 4295 1432 4363 quod
1455 4296 1580 4349 dum
1610 4296 1723 4365 lupi
1761 4311 1964 4367 gregem
2001 4296 2282 4359 invadunt,
2312 4295 2498 4350 relicto
2540 4294 2746 4364 ﬁstula,
2782 4296 3004 4366 fundam
3040 4296 3096 4349 in
3140 4310 3357 4349 manum
3401 4303 3618 4349 sumunt
3664 4304 3907 4365 pastores
3940 4312 3962 4351 :

696 4386 777 4437 ita
808 4399 966 4452 nunc,
996 4387 1120 4439 dum
1158 4387 1293 4455 festa
1325 4385 1637 4442 Judteorum
1665 4390 2050 4459 prteterieruut,
2083 4390 2174 4459 qui
2198 4398 2321 4442 sunt
2350 4388 2596 4460 quibusve
2636 4388 2773 4458 lupis
2809 4389 3169 4454 immaniores,
3200 4388 3387 4442 relicta
3425 4403 3609 4441 rursus
3638 4386 3807 4457 funda
3826 4426 3841 4449 ,
3872 4402 3962 4442 re-

698 4479 913 4533 deamus
945 4482 1015 4535 art
1048 4482 1306 4547 ﬁstulam.
1342 4480 1441 4537 Hic
1463 4481 1614 4539 vides
1640 4482 1781 4539 hanc
1804 4483 1857 4537 in
1883 4480 2159 4539 Psalmum
2195 4483 2257 4538 41
2292 4482 2579 4539 Homiliam
2611 4492 2741 4538 tunc
2770 4482 3010 4539 habitam
3048 4483 3240 4548 fuisse,
3285 4498 3411 4538 cum
3454 4483 3522 4538 de
3563 4481 3961 4538 Melchisedeco

699 4573 869 4627 multa
899 4574 1145 4639 dixisset,
1180 4583 1233 4629 et
1261 4575 1526 4633 Homilias
1550 4583 1740 4631 contra
1762 4572 1979 4630 Judteos
2008 4576 2410 4647 complevisset.
2442 4576 2603 4633 Multa
2635 4586 2817 4633 autem
2864 4578 2930 4634 de
2974 4577 3373 4635 Melchisedeco
3422 4577 3561 4634 dixit
3612 4576 3667 4631 in
3717 4574 3959 4634 Homilia

698 4674 889 4719 contra
917 4664 1136 4721 lutlaaos
1174 4667 1423 4737 septima,
1449 4682 1570 4738 qua:
1590 4677 1674 4724 est
1706 4666 2004 4737 penultima
2029 4668 2178 4724 illius
2201 4672 2504 4739 argumenti
2536 4686 2550 4723 ε
2590 4670 2792 4740 illaque
2832 4670 2976 4724 inter
3022 4672 3213 4741 longas
3260 4670 3535 4727 orationes
3577 4667 3959 4740 Cbrysostomi

698 4758 912 4813 censeri
942 4758 1138 4827 debet;
1172 4759 1385 4830 longior
1415 4769 1597 4815 tamen
1620 4769 1706 4816 est
1734 4771 1925 4817 octava
1954 4768 2010 4815 et
2040 4760 2251 4828 ultima,
2288 4762 2381 4817 sed
2430 4763 2484 4818 in
2515 4778 2577 4819 ea
2611 4762 2848 4818 nihilde
2882 4761 3295 4828 Melchisedeco,
3325 4764 3469 4818 unde
3508 4762 3645 4818 forte
3682 4763 3959 4833 conjicere

702 4852 863 4906 liceat
894 4851 1032 4909 hanc
1062 4854 1113 4908 in
1145 4853 1347 4912 Psalm.
1381 4855 1443 4910 41
1482 4853 1773 4911 Homiliam
1812 4856 2047 4913 habitam
2089 4856 2261 4913 fuisse
2296 4859 2490 4914 diebus
2535 4858 2823 4928 septimam
2870 4858 3016 4912 inter
3060 4866 3114 4911 et
3148 4865 3394 4913 octavam
3438 4857 3955 4917 intercurrentibus.

3482 3160 3749 3175 ψ

699 4940 850 4999 Licet
872 4947 1015 5001 enim
1050 4947 1162 5002 haec
1188 4947 1240 5001 in
1265 4948 1541 5003 Psalmum
1577 4947 1639 5002 41
1671 4947 1813 5004 facta
1834 4948 2066 5013 dicatur,
2091 4964 2214 5004 cum
2258 4948 2398 5005 festa
2426 4947 2737 5003 Iudaeorum
2783 4949 3209 5015 prasteriissent;
3257 4965 3380 5019 quae
3418 4950 3629 5006 scilicet
3653 4950 3791 5006 festa
3824 4967 3952 5007 cum

697 5043 909 5112 jejunio
942 5044 1355 5099 celebrabantur
1388 5063 1401 5100 :
1434 5054 1491 5099 at
1520 5052 1709 5099 octava
1742 5044 1903 5100 etiam
1934 5046 2027 5100 illa
2055 5055 2245 5102 contra
2271 5044 2490 5102 Judzeos
2512 5044 2747 5100 Homilia
2774 5054 2900 5115 post
2933 5044 3069 5101 festa
3102 5046 3379 5116 etjejnnia
3414 5045 3728 5104 Iudaeorum
3765 5048 3953 5107 habita

696 5137 899 5194 dicitur
934 5137 1090 5192 initio
1117 5156 1129 5192 :
1164 5137 1449 5209 Παρῆλθεν
1482 5136 1635 5212 [l29j
1667 5140 1701 5209 ή
1734 5139 1958 5209 νηστεία
1990 5138 2096 5195 τῶν
2128 5139 2290 5195 Ἰούδα

2393 5157 2397 5183 ν
2425 5156 2437 5193 :
2466 5148 2521 5194 et
2549 5139 2697 5193 illam
2726 5148 2849 5209 post
2877 5140 3015 5193 hanc
3044 5138 3097 5192 in
3132 5138 3193 5193 41
3228 5137 3505 5193 Psalmum
3544 5140 3745 5196 dictam
3779 5139 3854 5194 fui
3889 5156 3954 5199 se

697 5229 892 5285 suadet
924 5228 1362 5301 Chrysostomus,
1391 5247 1515 5286 cum
1544 5232 1621 5286 ait
1652 5246 1713 5287 se
1744 5246 1937 5303 nuper,
1965 5232 2016 5287 id
2064 5241 2182 5296 est,
2221 5242 2281 5288 ut
2322 5232 2571 5299 videtur,
2612 5232 2666 5286 in
2715 5240 2992 5302 postrema
3032 5231 3326 5295 concione,
3382 5232 3597 5302 longam
3644 5232 3951 5287 orationem

698 5323 955 5385 texuisse.
983 5330 1039 5377 et
1066 5321 1132 5377 de
1162 5320 1559 5380 Melchisedeco
1584 5324 1759 5379 multa
1782 5324 2008 5391 dixisse,
2052 5324 2196 5394 quod
2241 5341 2375 5381 sane
2416 5326 2653 5397 pertinet
2693 5324 2761 5380 ad
2801 5326 3085 5395 septimam
3129 5333 3321 5380 contra
3362 5321 3600 5381 Iudaeos.
3650 5325 3786 5381 Cum
3822 5340 3953 5382 vere

706 5424 889 5485 postea
921 5430 979 5471 se
1005 5422 1156 5477 tunc.
1184 5415 1328 5482 τότε,
1366 5416 1672 5487 exemplum
1702 5415 1937 5487 pastoris
1964 5415 2213 5471 attulisse
2240 5417 2392 5484 dicit,
2420 5418 2513 5489 qui
2540 5418 2730 5487 lupum
2762 5416 2977 5480 videns,
3009 5416 3186 5487 posita
3216 5416 3417 5480 ﬁstula,
3455 5416 3678 5473 fundam
3712 5416 3951 5488 accipit:

715 5511 842 5565 illud
876 5520 998 5563 tunc
1027 5509 1297 5579 intelligas
1320 5510 1388 5564 dc
1409 5518 1521 5565 tota
1553 5520 1741 5566 contra
1770 5509 1988 5566 Judazos
2021 5512 2444 5579 concertatione,
2485 5527 2607 5582 qua:
2636 5525 2762 5566 cum
2800 5509 2912 5579 jam
2946 5520 3132 5565 coorta
3166 5508 3358 5565 fuisset
3386 5525 3530 5565 anno
3566 5509 3690 5575 386,
3721 5510 3773 5564 in
3810 5510 3952 5565 festo

698 5603 1031 5665 Judaeorum,
1066 5599 1210 5656 circa
1233 5615 1474 5657 mensem
1512 5600 1909 5671 Septembrem,
1939 5615 2049 5671 quo
2085 5609 2330 5670 tempore
2357 5608 2465 5655 tres
2492 5601 2703 5671 priores
2735 5610 2923 5655 contra
2949 5598 3167 5658 Iudaeos
3216 5601 3511 5657 conciones
3545 5601 3737 5657 habuit
3765 5602 3948 5675 Chry-

698 5703 995 5759 sostomus,
1019 5693 1183 5749 etiam
1211 5708 1357 5748 anno
1390 5694 1639 5764 sequenti
1673 5692 1780 5749 ’587
1800 5692 2124 5748 ’recurrente
2153 5692 2342 5747 eodem
2376 5693 2534 5760 festo,
2566 5695 2745 5749 denuo
2775 5704 2950 5764 empta
2979 5693 3101 5761 fuit,
3130 5710 3255 5751 eum
3290 5701 3513 5751 caeteras
3544 5696 3789 5765 quinque
3816 5710 3950 5752 con-

698 5800 781 5845 tra
814 5784 1033 5844 Iudaeos
1059 5785 1315 5843 humilius
1341 5786 1499 5843 dixit.
1536 5785 1589 5841 In
1616 5796 1811 5859 quarta
1856 5785 2041 5859 igitur,
2086 5784 2243 5844 initio
2280 5788 2506 5847 secundi
2535 5788 2683 5858 belli,
2710 5786 2791 5844 sic
2822 5786 3112 5845 classicum
3147 5804 3343 5845 canore
3369 5787 3941 5858 vidctur.Chrysosto-
