4154 6418
716 356 812 416 155

1396 360 1455 417 S.
1490 362 1779 423 IOANNIS
1811 364 2301 427 CHRYSOSTOMI
2341 364 2662 426 ARCHIEP.
2702 361 3257 423 CONSTANTINOP.

3857 369 3993 425 {56

702 477 1002 531 ὑπακούειν
1033 477 1192 550 αὐτῇ.
1229 480 1536 547 respondere
1562 482 1662 535 illi.
1702 481 1797 540 Illo
1827 500 1990 541 sensu
2021 488 2183 541 etiam
2219 488 2237 541 ε

2347 486 2518 541 ιιούειν
2553 500 2654 540 usu
2682 482 2829 538 venit
2852 480 2973 536 Job.
3011 481 3097 545 14,
3126 479 3216 544 15,
3258 477 3349 535 ubi
3397 494 3500 534 tu
3552 480 3754 536 habent
3784 500 3799 537 :
3844 476 3999 537 εἶτα.

700 571 974 637 καλέσεις,
999 573 1112 644 ἐγὼ
1130 573 1186 628 δέ
1218 592 1301 628 σοι
1326 576 1727 649 ὑπακούσομαι,
1760 581 1853 635 ubi
1887 580 2136 653 Vulgata,
2184 581 2237 637 γ.

2347 583 2408 636 vis
2440 598 2543 645 me,
2572 590 2621 633 et
2643 595 2736 648 ego
2767 575 3086 644 respondebo
3115 576 3231 628 tibi.

772 666 931 723 Clare
963 666 1321 734 Athanasius,
1345 670 1603 741 Apologia
1640 673 1706 727 de
1729 671 1855 744 fuga
1888 688 2010 739 sua,
2039 691 2093 745 p.
2129 674 2235 729 534

2347 674 2607 737 εαθεσθεὶς
2631 674 2723 725 ἐπὶ
2743 670 2838 723 τοῦ
2861 670 3080 740 Θρόνου,
3105 667 3443 737 προέτρεπον
3468 668 3563 720 τὸν
3591 668 3690 740 μὲν
3712 669 3997 725 διάκονον

698 757 1096 826 ἀναγινώσκειν
1127 761 1361 833 ψαλμόνο
1394 763 1520 826 τοὺς
1541 763 1598 816 δὲ
1631 762 1794 827 λαοὺς
1822 765 2141 830 ὑπακούειν,
2173 766 2237 817 Ὅ

2347 767 2404 828 ιις
2434 765 2525 818 τὸν
2558 762 2731 817 αἰῶνα
2762 761 2821 814 τὸ
2849 761 2997 823 ἔλεος
3018 759 3187 814 αὑτοῦ
3213 780 3226 814 :
3261 758 3327 813 In
3371 760 3559 817 throno
3606 761 3790 816 sedens
3822 778 3996 830 prc-

699 856 811 921 cepi
839 854 1064 910 diacono
1098 866 1160 910 stt
1205 856 1481 911 Psalmurn
1528 858 1738 929 legeret,
1778 860 2069 928 populoque
2110 870 2167 915 ut
2209 858 2583 928 responderet:
2618 856 2885 922 Quoniam
2929 853 2985 906 in
3033 863 3287 907 internum
3334 854 3699 907 misericordia
3731 853 3871 922 ejus.
3910 850 4001 908 Et

699 947 937 1019 Epistula
966 950 1033 1004 ad
1063 949 1437 1006 Marcellinum
1464 952 1740 1019 comitem,
1783 968 1837 1023 p.
1865 953 1969 1007 998
1996 970 2009 1006 :
2038 953 2215 1017 θέλεις

2347 954 2466 1007 ,λειν
2500 951 2747 1019 ὑπακοὴν
2775 949 3005 1019 ἔχουσαν
3033 950 3092 1002 τὸ
3131 948 3445 1019 ἁλληλούια,
3491 949 3580 1002 Vis
3609 949 3839 1017 psallere
3868 948 3997 1019 hy-

695 1061 890 1111 pacoen
922 1046 1197 1101 habentem
1228 1048 1448 1103 alleluia
1474 1064 1495 1101 :
1527 1049 1603 1103 ibi
1639 1063 1767 1105 vero
1792 1047 2040 1105 Psalmos
2080 1050 2237 1104 indic:

2347 1050 2459 1115 101,
2512 1047 2633 1111 105,
2680 1046 2803 1111 106,
2854 1045 3130 1112 110,111,
3172 1044 3295 1106 lli,
3347 1044 3471 1106 115,
3523 1042 3806 1109 111,115,
3844 1042 3996 1108 118,

698 1139 821 1205 154,
854 1140 975 1207 116,
1009 1143 1127 1207 H7,
1160 1144 1431 1209 118,149,
1476 1144 1601 1199 150.

770 1235 850 1290 Ex
893 1238 1044 1294 hisce
1071 1239 1397 1295 testimoniis
1432 1240 1601 1309 liquet
1630 1240 1927 1294 ὑπακούειν
1954 1251 2007 1296 et
2042 1243 2237 1313 ὐποψὰ]

2347 1261 2374 1296 ν
2409 1242 2739 1314 signiﬁcare,
2775 1240 3025 1295 recitanti
3060 1238 3395 1307 respondere,
3432 1234 3515 1289 vel
3540 1235 3751 1289 canenti
3793 1234 4001 1287 sucei-

702 1349 860 1398 nere;
886 1342 1049 1402 atque
1076 1334 1213 1389 adeo
1236 1336 1483 1408 ὑπακοήν
1513 1352 1635 1393 esse
1665 1354 1993 1406 responsum,
2024 1339 2109 1393 vel
2133 1340 2519 1408 responsionem
2544 1354 2562 1392 :
2590 1345 2783 1392 contra
2808 1350 2976 1406 quam
3003 1336 3166 1388 vertit
3198 1332 3505 1388 Gentianus
3535 1327 3833 1391 Hervetus,
3870 1326 3997 1395 qui

699 1442 727 1477 ει
773 1424 937 1480 verbo
980 1427 1168 1480 audire
1227 1443 1443 1496 semper
1491 1430 1994 1501 interpretationem
2035 1438 2245 1502 petens,
2297 1432 2602 1487 sententias
2650 1431 2986 1501 pessumdat.
3034 1428 3237 1483 Contra
3283 1441 3448 1495 quam
3499 1423 3663 1478 etiam
3718 1420 4000 1489 intelligit

699 1514 912 1571 Goarus
942 1515 995 1570 in
1034 1516 1370 1588 Euchologio
1414 1535 1470 1589 p.
1517 1519 1606 1584 57,
1658 1519 1749 1574 ubi
1785 1522 2033 1593 ὑπακοήν
2072 1524 2236 1577 vertit
2286 1523 2637 1587 auditionem,
2671 1534 3007 1592 quamquam
3053 1518 3419 1574 subdubitans
3452 1518 3733 1569 variorum
3778 1511 3999 1567 efferat

696 1611 1016 1666 sententias.
1043 1610 1209 1683 igitur
1230 1614 1525 1669 ὑπακούειν
1563 1624 1617 1671 et
1645 1615 1975 1686 ὑποψαλλειν
2012 1616 2237 1674 dicebatt

2347 1618 2586 1688 mpulns,
2628 1633 2753 1672 cum
2782 1617 2864 1672 vel
2893 1616 3124 1671 diacono
3157 1615 3241 1669 vel
3282 1612 3663 1669 sacerdotibus
3690 1609 3771 1663 vel
3811 1609 3999 1665 cleri-

698 1708 777 1761 cis
812 1708 1232 1777 przecinentibus
1259 1711 1594 1780 succineltat,
1634 1712 1718 1767 vel
1753 1713 2111 1770 recitantibus
2135 1713 2771 1783 respondebat;6uaxoﬁ
2812 1726 2941 1765 vero
2981 1709 3134 1783 [150]
3177 1708 3309 1765 illud
3346 1711 3523 1777 ipsum
3568 1706 3714 1777 quod
3749 1721 4001 1774 respon-

694 1800 962 1871 debatur;
997 1806 1229 1875 exempli
1264 1822 1451 1871 causa,
1479 1809 1577 1862 "Uv
1603 1809 1804 1878 τρόπον
1846 1809 2100 1864 ἐπιποθεῖ
2140 1811 2174 1880 ή
2216 1810 2237 1863 ἐ

2347 1826 2449 1875 νος,
2491 1819 2599 1866 etc.
2646 1807 3107 1874 Quemadmodum
3157 1808 3421 1861 desiderat
3463 1821 3641 1858 cervus
3683 1804 3751 1854 ad
3796 1805 3993 1874 fama

695 1909 978 1962 aquarum,
1012 1896 1089 1949 ita
1122 1896 1389 1950 desiderat
1419 1899 1601 1951 animo
1634 1915 1747 1952 mea
1775 1900 1845 1953 ad
1875 1910 1943 1964 te,
1975 1900 2137 1967 Dens,
2168 1901 2283 1955 haec
2314 1910 2435 1955 erat
2462 1900 2678 1971 ὑπακοή
2716 1915 2812 1955 seu
2847 1900 3172 1969 responsio;
3206 1898 3328 1952 alia:
3363 1898 3489 1952 item
3524 1896 3764 1950 ὑπακοαῑ
3788 1905 3989 1959 erant.

1180 2160 1244 2217 IN
1276 2160 1595 2218 PSALMUM
1627 2160 1763 2218 XLI.

688 2297 1125 2360 Quemadmodum
1169 2294 1421 2349 desiderat
1460 2311 1635 2347 cervus
1683 2295 1751 2347 ad
1801 2297 1966 2364 fontes
2014 2309 2265 2362 aquarum

760 2396 831 2441 tv.
853 2388 927 2458 Ξ).
953 2388 1014 2442 Et
1033 2401 1261 2455 quanam
1287 2387 1353 2442 de
1374 2402 1531 2441 causa
1551 2384 1793 2440 Psalmus
1816 2386 1867 2439 in
1890 2386 2051 2441 vitam
2092 2386 2266 2441 intro-

754 2480 945 2534 ductus
970 2481 1178 2534 canitnr
1207 2494 1326 2533 cum
1349 2478 1580 2533 cantico.
1609 2476 1676 2531 Et
1706 2477 1773 2533 de
1801 2478 1898 2533 Dei
1942 2480 2162 2534 lenitate
2201 2494 2264 2535 ac

754 2570 1023 2638 patientia.

750 2707 801 2759 1.
838 2704 941 2759 Vos
987 2705 1198 2774 quidem
1230 2721 1327 2761 nos
1356 2722 1527 2776 nuper
1559 2705 1990 2772 admirabamini,
2046 2706 2259 2776 quando

674 2800 835 2855 vctba
863 2798 1085 2855 fecimus
1108 2801 1174 2856 de
1207 2798 1596 2853 Melchisedech
1632 2798 1728 2870 (η),
1756 2810 1973 2871 propter
2020 2815 2205 2855 eorum
2240 2840 2255 2867 ,

668 2905 791 2959 quae
820 2890 958 2945 dicta
988 2897 1132 2955 sunt,
1166 2890 1551 2959 longitudinem
1588 2910 1600 2945 :
1634 2907 1734 2961 ego
1758 2902 1934 2946 autem
1962 2908 2057 2946 vos
2084 2893 2254 2945 admi-

670 2984 828 3036 rabar
880 2992 1096 3052 propter
1128 2992 1362 3037 vestram
1411 2982 1464 3035 in
1514 2981 1780 3036 audiendo
1819 2984 2168 3037 attentionem
2200 2992 2253 3037 et

666 3074 1003 3143 sapientiam,
1044 3082 1097 3128 et
1123 3072 1264 3145 quod
1288 3089 1408 3129 cum
1440 3074 1697 3143 prolixior
1717 3090 1773 3128 se
1815 3076 2098 3129 obtulisset
2123 3089 2248 3129 ora-

669 3165 765 3232 tio,
798 3178 897 3220 nos
924 3164 987 3220 ad
1028 3164 1187 3220 linem
1221 3178 1386 3235 usque
1411 3164 1725 3234 consequuti
1752 3167 1904 3229 estis,
1930 3180 2251 3235 quamquam

669 3270 775 3308 Ittm
802 3256 976 3309 solum
1004 3263 1119 3309 erat
1170 3254 1324 3323 longa
1351 3255 1521 3308 oratio
1540 3296 1555 3320 ,
1612 3254 1705 3309 sed
1736 3270 1980 3325 magnam
2010 3256 2169 3309 etiam
2198 3259 2251 3309 in

665 3360 725 3400 se
768 3344 991 3399 habebat
1023 3344 1410 3400 difﬁcultatem.
1454 3345 1560 3401 Sed
1602 3360 1772 3414 neque
1799 3347 2096 3417 longitudo,
2152 3362 2252 3403 nec

666 3438 743 3491 rei
784 3435 1069 3492 difﬁcultas
1116 3436 1242 3491 vicit
1271 3446 1503 3491 vestram
1544 3437 1705 3490 animi
1736 3438 2087 3492 alacritatem.
2137 3438 2250 3508 Age

661 3543 791 3597 ergo
840 3542 933 3583 vos
967 3541 1063 3597 pro
1107 3526 1199 3581 illo
1252 3526 1435 3583 labore
1485 3542 1911 3592 remuneremur,
1966 3528 2247 3583 dilucidius

663 3620 820 3674 hodie
838 3619 1109 3674 vobiscum
1140 3618 1527 3688 colloquentes.
1548 3619 1727 3688 Neque
1756 3620 1899 3673 enim
1927 3629 2009 3673 est
2033 3634 2246 3688 semper

659 3709 1017 3764 intendendus
1037 3708 1343 3764 auditorum
1372 3710 1580 3763 animus
1606 3725 1620 3773 ;
1650 3708 1805 3763 facile
1844 3710 1987 3763 enim
2015 3710 2246 3763 disrum-

658 3802 834 3868 pitur:
870 3814 969 3853 nec
998 3814 1182 3854 rursus
1211 3813 1430 3869 semper
1483 3799 1851 3873 remittendus
1875 3814 1940 3853 ac
1996 3800 2243 3853 relaxan-

655 3894 791 3957 dns;
820 3890 943 3945 hinc
967 3892 1109 3946 enim
1138 3906 1323 3946 rursus
1376 3890 1898 3945 redditumotiosior.
1934 3892 2058 3946 Ideo
2085 3902 2240 3947 uten-

653 3986 781 4038 dum
820 3992 905 4038 est
949 3984 1096 4039 vario
1145 3982 1368 4038 docendi
1422 3998 1617 4053 genere
1664 4001 1677 4037 :
1727 3992 1781 4039 et
1825 4000 1966 4039 nunc
2012 3984 2233 4056 quidem

651 4076 1003 4144 populariori,
1028 4084 1084 4130 et
1106 4074 1175 4130 ad
1205 4076 1571 4131 delectandatn
1600 4077 1913 4133 concionem
1930 4092 2239 4131 accommo-

652 4166 847 4219 datiori
874 4167 1117 4221 oratione
1146 4166 1403 4221 utendum
1430 4174 1511 4222 est
1534 4208 1548 4231 ,
1574 4182 1714 4221 nunc
1741 4177 1917 4221 autem
1948 4169 2165 4236 acriori,
2184 4178 2239 4223 et

653 4256 721 4308 ad
769 4256 1197 4310 contendendum
1226 4257 1441 4324 aptiori.
1472 4256 1929 4322 Quemadmodum
1955 4274 2083 4328 ergo
2112 4269 2237 4315 tunc

653 4346 931 4412 dicebam,
983 4346 1123 4415 quod
1153 4344 1279 4399 dum
1325 4346 1433 4415 lupi
1480 4361 1693 4417 gregem
1725 4348 2002 4413 invadunt,
2050 4351 2235 4406 relicta

656 4438 853 4499 listula,
887 4436 1101 4491 fundam
1131 4437 1183 4490 in
1216 4452 1431 4491 manum
1454 4448 1670 4492 sumunt
1693 4450 1970 4508 pastores:
2001 4442 2069 4494 ita
2094 4457 2233 4497 nunc

649 4535 774 4587 dum
804 4532 936 4587 festa
964 4530 1269 4587 Judazorum
1306 4534 1699 4602 praeterierunt,
1732 4533 1821 4603 qui
1852 4543 1977 4589 sunt
2010 4535 2228 4604 quihus-

649 4624 731 4677 vis
771 4621 913 4692 lupis
974 4622 1337 4689 immaniores,
1371 4624 1553 4678 relicta
1590 4639 1775 4679 rursus
1819 4624 1999 4690 funda,
2042 4626 2231 4683 redea-

648 4732 767 4770 mus
793 4715 859 4769 ad
888 4715 1116 4770 listulam
1142 4732 1155 4769 :
1187 4724 1240 4769 et
1268 4730 1299 4769 a
1323 4716 1736 4771 contentiosiore
1763 4716 1976 4773 dicendi
2031 4733 2231 4789 genere

648 4816 941 4872 cessantes,
973 4807 1147 4877 aliqua
1190 4806 1293 4861 alia
1319 4808 1585 4876 apertiora
1614 4810 1985 4877 aggrediamur
2006 4849 2019 4875 ,
2064 4810 2229 4879 ipsius

648 4899 813 4955 David
835 4900 1091 4955 citharam
1116 4900 1166 4953 in
1190 4915 1404 4955 manum
1421 4908 1717 4967 sumentes,
1744 4912 1798 4956 et
1817 4918 2133 4971 responsum
2153 4904 2226 4974 (ὁ)

706 5078 779 5136 (a)
813 5077 947 5128 Circa
964 5078 1069 5128 haec
1090 5077 1242 5128 verba
1264 5077 1376 5127 vide
1395 5078 1637 5126 Itonitum.

728 5138 779 5201 ὁ)
815 5140 870 5189 ln
891 5146 1080 5198 Graeco,
1105 5149 1291 5202 ιηιιτιέν,
1314 5152 1465 5202 quam
1495 5152 1665 5189 vocem
1694 5140 1953 5188 Gentianus
1986 5146 2231 5191 Hervetns

638 5198 768 5251 male
792 5202 957 5259 vertit,
980 5213 1091 5262 quae
1111 5198 1280 5250 audita
1302 5198 1428 5262 sunt.
1448 5200 1601 5261 Igitur
1634 5210 1818 5250 itumitum
1843 5208 1893 5250 et
1914 5212 2131 5262 ὒςοψὰλὶιιν
2154 5202 2229 5251 di-

637 5265 844 5313 cebatur
866 5261 1087 5323 papulns,
1113 5274 1251 5321 cum,
1287 5261 1364 5311 vel
1396 5264 1628 5319 Diaeono,
1648 5262 1733 5323 vel
1762 5261 2120 5320 sacerdotibus,
2149 5265 2229 5313 vel

636 5323 833 5374 clericis
856 5322 1233 5386 precinentibns
1255 5324 1553 5382 succinebat,
1582 5322 1659 5371 vel
1691 5324 2005 5386 recitantibus
2026 5338 2230 5386 respou-

636 5385 815 5447 dehat;
839 5383 978 5444 οὶααιι
999 5397 1119 5447 vero
1158 5383 1276 5433 illud
1314 5387 1469 5446 ipsum
1496 5392 1603 5447 erat
1632 5384 1761 5447 quod
1798 5383 2224 5444 resttottdebat'ttr:

636 5424 717 5509 ἕίῖ
724 5424 788 5496 ῖὲῐ
801 5424 1077 5509 ἱόῐὲιῖιὲᾶἱ
1085 5424 1542 5509 ἱιῇῖεἷιῖηὸῗεῖιὶῗῦεῖ
1551 5424 1664 5495 ΒΞεὲ
1672 5424 2227 5503 ἷῶηῐὲἷὶἱᾶᾱῦἧῖἓὶεἰ

639 5507 821 5557 siderat
840 5507 1093 5573 centusad
1120 5507 1266 5562 {aues
1288 5518 1542 5569 aquarum,
1568 5514 1683 5563 etc.,
1712 5516 1851 5573 erant
1872 5516 2013 5565 me
2030 5521 2227 5573 seqre-

629 5573 852 5628 sponsio.
876 5570 996 5619 Aliaa
1015 5571 1134 5617 item
1158 5575 1300 5617 erant
1315 5566 1469 5617 W
1490 5580 1580 5617 seu
1604 5569 1948 5629 responsiones
1966 5566 2228 5629 .Avidelicet

627 5627 945 5693 Athanasius,
968 5630 1032 5693 de
1057 5636 1185 5693 Fuga
1206 5642 1292 5678 sua
1317 5642 1426 5693 pag.
1451 5629 1561 5693 βω,
1578 5632 1648 5693 sic
1670 5627 1821 5679 habet
1845 5643 1859 5678 τ
1884 5637 1938 5677 In
1958 5627 2129 5693 throno
2150 5642 2225 5679 se-

628 5689 758 5741 dens
796 5690 1005 5757 priet-cpi
1048 5689 1254 5757 Din'eono
1282 5689 1330 5757 id
1359 5689 1595 5757 psalmum
1632 5690 1842 5757 legeret,
1880 5689 2149 5757 populotrue
2174 5699 2225 5742 ut

626 5750 993 5814 responderet:
1017 5752 1241 5814 quonimu
1275 5750 1325 5800 in
1360 5750 1593 5801 steculum
1630 5750 1963 5802 misericordia
2000 5750 2137 5814 ejus;
2172 5763 2225 5804 et

625 5812 845 5878 hpiStola
872 5814 929 5864 ad
963 5812 1279 5865 Itatcelliutuu
1305 5816 1549 5871 comttem,
1572 5822 1617 5871 ρ.
1642 5814 1734 5864 9'98
1807 5820 1883 5866 "ts
1904 5812 2224 5881 psallerent}.

2386 2164 2439 2220 in
2496 2168 2728 2224 medium
2760 2171 3107 2238 adducentes,
3141 2176 3282 2246 quod
3331 2193 3521 2233 omnes
3548 2180 3706 2236 hodie
3734 2184 3992 2240 succini-

2377 2273 2515 2314 mus.
2547 2262 2828 2325 Quodnam
2861 2266 3019 2334 igitur
3045 2282 3361 2336 responsum
3388 2272 3412 2323 ἓ
3439 2271 3494 2325 ‘3.
3530 2272 3989 2340 Quentade

2373 2348 2626 2404 desiderat
2653 2369 2825 2409 cervus
2850 2358 2918 2409 ad
2964 2358 3128 2426 fontes
3166 2376 3437 2430 aquarum,
3469 2363 3540 2417 ita
3567 2366 3820 2421 desiderat
3846 2370 3984 2423 assi-

2372 2456 2456 2493 ma
2483 2459 2592 2495 mea
2623 2446 2692 2497 ad
2714 2456 2780 2512 te,
2804 2447 2965 2503 Deus.

2440 2531 2655 2589 Musicee
2680 2537 2751 2590 vis
2764 2555 2785 2603 ,°
2808 2538 3006 2593 Psalmi
3023 2558 3113 2595 cur
3137 2545 3347 2607 inuenti;
3374 2545 3713 2602 Psallendttm
3743 2567 3861 2604 eum
3883 2553 3979 2607 in.

2369 2622 2663 2694 teltigentia.
2697 2658 2761 2668 —
2792 2629 2903 2683 lmo
2940 2646 3068 2686 vero
3094 2636 3321 2702 primum
3346 2646 3429 2692 est
3482 2641 3843 2695 necessarium
3871 2644 3970 2698 di-

2365 2726 2508 2781 cere,
2540 2734 2769 2787 quanam
2792 2721 2861 2776 de
2882 2738 3040 2778 causa
3068 2726 3312 2783 Psalmus
3333 2729 3385 2783 in
3412 2740 3650 2785 nostram
3683 2733 3843 2787 vitam
3873 2745 3971 2791 est

2367 2809 2727 2874 introductus,
2759 2823 2954 2867 etcum
2976 2817 3186 2871 cantico
3212 2821 3441 2875 maxime
3464 2822 3578 2876 btec
3604 2822 3801 2878 dicitur
3826 2840 3967 2893 pro-

2366 2902 2564 2971 phetia.
2593 2904 2835 2971 Quanam
2866 2922 2997 2975 ergo
3040 2907 3107 2962 de
3132 2924 3291 2964 causa
3325 2910 3533 2967 dicatur
3560 2928 3681 2969 cum
3712 2918 3958 2985 cantico,

2362 2994 2506 3049 andi.
2531 2995 2663 3049 Cum
2698 2997 2836 3052 Deus
2867 3001 3087 3055 vidisset
3116 3002 3313 3058 multos
3338 3004 3585 3062 homines
3611 3022 3732 3063 esse
3760 3022 3959 3065 socor-

2359 3085 2561 3153 diorcs,
2592 3103 2690 3144 nec
2719 3090 2785 3143 ad
2816 3092 3039 3161 legenda
3070 3095 3645 3175 spiritualia‘lubenter
3664 3102 3952 3171 accedere,

2361 3192 2461 3231 nec
2490 3179 2579 3248 qui
2611 3180 2661 3234 in
2699 3194 2765 3236 eo
2812 3184 3020 3251 capitur
3046 3184 3281 3242 laborem
3314 3190 3563 3257 tolerare,
3620 3192 3803 3249 volens
3828 3210 3954 3265 gra-

2360 3270 2549 3323 tiorem
2578 3271 2810 3327 laborem
2830 3274 3064 3340 efﬁcere,
3084 3276 3304 3348 ejusque
3319 3295 3535 3335 sensum
3561 3284 3944 3351 prtescindcre.

2356 3359 2639 3417 admiscuit
2688 3365 2981 3435 prophetia:
3036 3368 3358 3435 melodiam,
3408 3380 3467 3425 ut
3504 3382 3692 3427 omnes
3747 3378 3946 3433 cantici

2354 3450 2721 3508 modulatione
2744 3455 2990 3510 delectati
3017 3498 3031 3521 ,
3062 3472 3182 3513 cum
3225 3475 3415 3529 magna
3461 3463 3623 3517 animi
3653 3466 3943 3523 alacritate

2352 3559 2535 3599 sacros
2555 3544 2855 3616 ei'hymnos
2880 3550 3147 3605 emittant.
3178 3550 3322 3607 Nihil
3348 3555 3490 3609 enim
3511 3558 3742 3613 animam
3782 3576 3945 3630 teque

2351 3635 2530 3703 erigit,
2576 3638 2876 3711 alammque
2905 3640 3300 3710 quodammodo
3340 3645 3521 3711 efﬁcit,
3553 3658 3711 3718 atque
3732 3664 3761 3702 a
3794 3657 3939 3708 terra

2350 3724 2561 3789 liberat,
2594 3736 2650 3782 et
2673 3730 2904 3784 exsolvit
2931 3746 2962 3785 a
2991 3733 3223 3787 vinculis
3245 3736 3502 3805 corporis,
3534 3752 3826 3809 amoreque
3844 3757 3941 3796 sa-

2350 3819 2563 3885 pientia
2586 3820 2773 3886 allicit,
2802 3831 2856 3877 et
2896 3832 2954 3877 ut
2988 3840 3076 3879 res
3118 3840 3308 3881 omnes
3332 3828 3401 3882 ad
3435 3828 3575 3885 hanc
3603 3831 3765 3885 vitam
3805 3847 3939 3901 per-

2350 3908 2582 3965 tinentes
2612 3911 2851 3977 irrideat,
2886 3913 3115 3983 perlicit,
3146 3926 3198 3970 ut
3222 3930 3411 3973 cantus
3442 3921 3845 3991 modulationis,
3880 3936 3939 3979 et

2345 4000 2579 4056 divinum
2607 4005 2874 4057 canticum
2916 4020 3139 4061 numero
3162 4011 3538 4079 compositum.
3571 4012 3759 4068 Nostra
3783 4024 3936 4072 certa

2344 4101 2530 4147 natura
2553 4109 2723 4163 usque
2751 4096 2887 4149 adeo
2912 4096 3207 4152 delectatur
3242 4102 3463 4155 canticis
3483 4111 3536 4156 et
3560 4106 3889 4161 carminibus
3915 4147 3935 4171 ,

2344 4193 2404 4237 ut
2432 4184 2514 4239 vel
2537 4185 2767 4241 infantes
2792 4188 2862 4243 ab
2889 4188 3141 4245 uberibus
3171 4192 3487 4261 pendentes,
3516 4195 3559 4249 si
3587 4193 3751 4251 licam
3774 4206 3827 4252 et
3850 4198 3937 4253 af-

2341 4274 2629 4341 ﬂictentur,
2655 4293 2718 4332 ea
2746 4279 2953 4335 ratione
3005 4282 3304 4351 sopiantur.
3350 4283 3599 4341 Nutrices
3626 4298 3771 4344 certe
3808 4306 3936 4360 qum

2340 4383 2435 4423 eos
2469 4378 2681 4439 gestant
2708 4371 2763 4425 in
2800 4373 2960 4439 ulnis,
2988 4388 3131 4444 saepe
3150 4375 3412 4433 abeuntes
3438 4388 3491 4433 et
3519 4380 3829 4447 redeuntes,
3874 4396 3935 4442 et

2339 4461 2582 4528 quaedam
2608 4464 2830 4531 puerilia
2858 4466 2937 4519 eis
2962 4467 3201 4519 carmina
3245 4466 3615 4535 decantantes,
3647 4475 3933 4542 supercilia

2337 4566 2524 4607 eorum
2577 4554 2647 4608 ita
2678 4558 2911 4624 50pinnt.
2944 4557 3204 4624 Quocirca
3251 4574 3395 4630 saepe
3429 4578 3642 4633 quoque
3694 4567 3931 4625 viatores

2338 4646 2564 4701 meridie
2610 4660 2831 4718 agentes
2851 4650 3049 4720 jngalia
3079 4652 3330 4707 animalia
3362 4654 3465 4710 hoc
3495 4657 3695 4713 faciunt
3720 4674 3930 4717 canen-

2334 4744 2438 4802 tes,
2471 4739 2682 4793 itineris
2702 4741 3001 4795 molesdam
3034 4743 3139 4797 illis
3166 4745 3388 4800 canticis
3417 4749 3781 4803 consolantes.
3812 4750 3928 4807 Nec

2334 4830 2504 4883 solum
2531 4831 2784 4899 viatores,
2816 4833 2910 4887 sed
2944 4834 3106 4889 etiam
3154 4835 3400 4907 agricolae
3426 4854 3556 4893 uvas
3583 4842 3636 4895 in
3669 4844 3922 4899 torculari

2334 4923 2624 4987 ca'cantes,
2649 4923 3061 4990 vindemiantes,
3107 4936 3163 4981 et
3203 4928 3337 4983 vites
3377 4929 3641 5000 colentes,
3668 4942 3723 4986 et
3747 4935 3923 5002 quod-

2332 5027 2561 5083 cumque
2610 5015 2751 5069 aliud
2780 5032 2913 5085 opus
2959 5016 3233 5081 facientes,
3267 5035 3412 5089 smpe
3435 5032 3671 5076 cantant.
3725 5022 3913 5079 Nauke

2331 5121 2543 5175 quoque
2600 5122 2778 5161 remos
2812 5107 3146 5178 impellentes
3187 5110 3290 5165 hoc
3348 5112 3569 5169 faciunt.
3624 5113 3743 5169 Jam
3795 5132 3927 5169 vero

2332 5197 2584 5254 mulieres
2609 5214 2821 5270 quoque
2852 5209 3117 5270 texentes,
3144 5210 3199 5257 et
3241 5204 3461 5259 confusa
3499 5207 3727 5260 stamina
3759 5210 3913 5266 radio

2329 5380 2796 5451 paeoettnhapentem
2832 5380 3030 5451 alleluia
3052 5398 3079 5451 ί,
3098 5386 3167 5435 ibi
3193 5398 3312 5436 vero
3334 5384 3544 5451 psalmos
3574 5389 3749 5440 in-licat
3792 5389 3885 5440 Illi
3906 5427 3922 5451 ,

2331 5444 2573 5523 es}???
2593 5444 3001 5523 Illi-fissile?
3020 5446 3156 5523 alios
3182 5444 3594 5523 sentientem
3617 5452 3802 5522 νξιιομίι
3824 5444 3926 5523 qui

2330 5514 2471 5575 pacto
2493 5507 2571 5556 hac
2593 5508 2938 5575 responsiones
2964 5507 3168 5575 ﬁerent.
3200 5507 3433 5559 Diaconos
3454 5512 3562 5560 sive
3584 5507 3820 5575 quistiiatu
3840 5507 3925 5562 in-

2328 5568 2538 5636 cipiebat
2563 5579 2574 5590 '
2596 5568 3006 5636 Quemadmodum
3029 5570 3275 5621 desiderat
3310 5583 3477 5636 ceruus
3492 5606 3507 5632 ,
3532 5568 3626 5622 etc".
3654 5568 3925 5636 nepetebat

2328 5631 2481 5699 primo
2503 5628 2712 5699 populus
2729 5630 2858 5699 hunc
2873 5645 3095 5699 versum,
3115 5628 3541 5699 quemadmodum,
3562 5641 3657 5684 etc.
3679 5628 3924 5699 verget!“

2328 5693 2561 5741 Diaconos
2587 5706 2597 5738 :
2626 5693 2776 5758 sitivit
2798 5693 2964 5758 anima
2985 5707 3111 5753 mea,
3139 5701 3235 5758 etc.
3264 5693 3920 5758 Besumebatpowlusver-

2327 5766 2462 5820 sum,
2484 5752 2895 5820 ostentadmodnm
2911 5791 2926 5820 ,
2955 5762 3048 5820 etc.
3067 5794 3079 5811 ,
3100 5752 3249 5820 'etgsic
3273 5770 3429 5820 usque
3455 5757 3512 5805 ad
3540 5752 3687 5807 ﬁbeiu
3730 5762 3918 5810 Psahnl.

2321 5815 2403 5865 Sic
2425 5814 2667 5877 intelligas
2692 5814 2755 5863 de
2775 5813 2887 5863 aliis
2910 5816 3179 5871 huiusmodi
3204 5813 3616 5881 restnitsionibus.
