4154 6420
174 410 263 468 ,η
1355 383 1714 446 uxrosmo
1754 379 1798 438 tt

1905 380 2187 438 SALMUM
2214 379 2359 438 XLI.

174 527 561 589 discernentes,
592 532 741 591 saepe
760 513 982 588 quidem
1012 554 1028 580 ,
1062 519 1117 568 et
1142 524 1240 582 per
1267 522 1325 563 se
1352 505 1598 577 singulae,
1631 514 1779 571 sape

175 628 351 673 autem
377 616 543 671 etiam
564 624 759 668 omnes
777 604 1121 664 concorditer
1161 615 1322 657 unam
1344 597 1631 670 quamdam
1660 609 1778 649 me-

180 712 376 767 lodiam
403 706 719 764 concinunt.
766 700 883 757 Hoc
910 708 1091 755 autem
1114 696 1316 750 faciunt
1346 691 1624 755 mulieres,
1665 687 1781 742 via-

186 813 353 867 tores,
374 797 630 871 agricola:
658 802 715 851 et
738 801 937 858 nautze,
965 790 1057 861 qui
1085 804 1150 843 ex
1172 801 1335 858 opere
1370 780 1615 838 faciendo
1654 794 1780 834 sus-

181 896 378 967 cipitur
428 892 671 947 laborem
723 895 886 943 cantu
934 881 1199 940 consolari
1256 878 1499 933 volentes
1522 915 1541 938 ,
1594 880 1783 943 utpote

180 965 305 1043 eum
334 984 533 1048 anima,
567 982 613 1036 si
639 993 859 1037 carmen
879 985 935 1031 et
973 974 1241 1029 canticum
1266 967 1516 1033 audierit,
1549 965 1782 1021 molesta

182 1093 239 1138 et
274 1078 516 1135 difﬁcilia
536 1076 608 1131 sit
634 1073 842 1129 facilius
872 1069 1182 1125 toleratura.
1210 1062 1476 1132 Quoniam
1510 1072 1642 1130 ergo
1674 1056 1779 1111 hoc

184 1188 356 1245 “una
378 1164 759 1225 delectationis
779 1170 863 1218 est
891 1168 1092 1215 nostra:
1113 1156 1307 1210 auitnte
1332 1151 1491 1206 valde
1518 1150 1780 1211 innatum,

192 1242 264 1323 ne
312 1262 590 1321 daturines
639 1258 837 1313 lasciva
856 1265 923 1311 et
956 1250 1258 1309 meretricia
1296 1247 1504 1303 cantica
1532 1242 1783 1301 introdu-

184 1366 392 1420 eentcs,
423 1352 605 1408 omnia
626 1354 955 1411 everterent,
988 1343 1236 1398 Psalmos
1263 1339 1409 1395 Deus
1428 1335 1703 1408 opposuit,
1724 1340 1784 1387 ut

185 1464 250 1503 ex
280 1461 345 1501 ea
376 1460 437 1500 re
456 1440 617 1498 simul
643 1445 933 1508 caperetur
956 1434 1201 1502 voluptas
1221 1437 1278 1485 et
1307 1426 1529 1483 utilitas.
1580 1425 1657 1479 Ex
1683 1437 1784 1478 ex-

187 1537 357 1593 ternis
398 1533 547 1589 enim
579 1529 804 1586 canticis
833 1525 1112 1588 damnum,
1140 1530 1196 1576 et
1220 1519 1442 1575 exitium
1469 1558 1484 1583 ,
1517 1524 1575 1572 et
1616 1513 1783 1568 multa

183 1628 370 1699 gravia
409 1622 736 1680 invehuntur
766 1638 779 1673 :
809 1633 932 1673 nam
966 1631 1089 1671 cum
1119 1628 1240 1685 quae
1260 1612 1464 1667 suntin
1493 1608 1579 1663 his
1607 1605 1784 1661 canti-

186 1698 267 1777 cis
298 1717 584 1775 lasciviora
626 1724 682 1769 et
705 1710 967 1778 iniquiora
991 1750 1007 1777 ,
1044 1707 1285 1778 partibus
1329 1704 1525 1759 anima:
1564 1698 1784 1755 insede-

188 1812 302 1867 rint
329 1850 345 1874 ,
393 1822 516 1863 eam
546 1802 956 1861 imbecilliorem
997 1796 1227 1853 reddunt
1252 1804 1309 1850 et
1340 1792 1645 1847 molliorem
1674 1807 1689 1843 :
1719 1804 1787 1844 ex

190 1900 419 1959 Psalmis
445 1908 625 1954 autem
654 1891 1021 1964 spiritualibus
1044 1888 1178 1945 lucri
1202 1887 1419 1960 quidem
1452 1884 1746 1955 plurimum
1767 1923 1783 1946 ,

196 1991 428 2047 maxima
474 1996 655 2044 autem
709 1985 911 2040 utilitas
959 1981 1287 2051 insignisque
1316 1974 1696 2035 sanctificatio,
1731 1981 1788 2028 et

188 2084 366 2141 omnis
399 2079 755 2152 philosophiae
784 2074 997 2133 occasio
1026 2070 1371 2143 processerit,
1398 2083 1522 2124 cum
1549 2075 1605 2122 et
1626 2064 1788 2121 verba

190 2178 426 2232 animam
449 2173 669 2242 expient
686 2213 701 2237 ,
731 2180 788 2225 et
818 2177 1039 2224 sanctus
1063 2164 1293 2236 Spiritus
1321 2162 1375 2217 in
1399 2160 1642 2216 canentis
1677 2158 1795 2213 ani-

191 2284 332 2324 mam
370 2266 622 2322 celeriter
664 2261 896 2318 advniet.
944 2257 1100 2326 Quod
1151 2257 1295 2310 enim
1324 2254 1414 2325 qui
1450 2260 1788 2307 eannnlcum

192 2360 541 2429 intelligentia
567 2397 584 2422 ,
612 2364 808 2409 vocent
832 2350 1061 2420 Spiritus
1104 2348 1356 2419 gratiam,
1387 2343 1511 2399 audi
1539 2342 1668 2414 quid
1700 2342 1787 2396 di-

192 2462 285 2507 eat
311 2451 510 2506 Paulus
537 2465 550 2502 :
582 2444 761 2500 Nolite
784 2441 1021 2497 inebriari
1048 2440 1185 2502 uino,
1214 2438 1268 2492 in
1294 2454 1393 2508 quo
1428 2446 1501 2490 est
1531 2435 1741 2490 luxuria
1770 2448 1789 2486 :

192 2544 282 2597 sed
314 2538 602 2610 implemini
654 2536 875 2606 Spiritu.
920 2532 1204 2602 Snbjuugit
1236 2537 1416 2584 autem
1446 2528 1607 2583 etiam
1638 2542 1792 2597 qutc-
1832 2542 1837 2571 ι

194 2651 318 2693 nam
348 2635 420 2688 sit
446 2629 702 2701 implendi
735 2627 872 2681 ratio
896 2643 911 2681 :
941 2623 1186 2679 Conantes
1224 2631 1271 2676 et
1296 2620 1570 2691 psallentes
1598 2618 1651 2670 in
1679 2632 1792 2670 cor-

196 2729 345 2782 dibus
362 2724 541 2779 vestris
569 2720 788 2775 Domino
812 2715 1033 2788 (Ephes.
1062 2715 1116 2771 5.
1146 2714 1235 2771 18.
1264 2714 1372 2785 19).
1403 2712 1540 2781 Quid
1578 2718 1683 2777 est,
1726 2708 1793 2763 In

198 2818 433 2873 cordibus
458 2814 635 2870 vestris
655 2812 679 2867 7
699 2813 836 2866 Cum
867 2807 1238 2877 intelligentia,
1279 2806 1452 2875 inquit
1476 2821 1490 2857 :
1514 2813 1575 2859 ιιι
1594 2818 1703 2858 non
1732 2816 1795 2856 os

198 2912 439 2983 quidem.
490 2907 681 2978 inquit,
708 2903 870 2959 verba
904 2902 1177 2973 loquatur,
1228 2913 1383 2953 mens
1423 2906 1601 2952 autem
1642 2904 1796 2949 extra

197 3010 439 3057 versetur
489 2996 724 3067 undique
768 3008 967 3065 vagans
999 3009 1013 3047 :
1043 2990 1141 3048 sed
1191 2999 1253 3045 ut
1283 2990 1461 3060 lingua
1508 2987 1577 3043 ab
1605 2986 1793 3042 anima

198 3091 464 3147 audiatur.

272 3182 328 3238 2.
353 3180 707 3239 Convivth
754 3178 972 3232 cantica.
1023 3174 1196 3231 Simili
1252 3173 1472 3246 probat,
1516 3172 1578 3227 ab
1632 3171 1800 3244 epulis

202 3281 487 3350 gratiarum
514 3275 759 3329 actionem
787 3270 1119 3327 reddendam.
1148 3299 1223 3310 ——
1250 3268 1320 3323 Et
1345 3267 1798 3339 quemadmodum

205 3372 296 3426 ubi
317 3379 405 3427 est
430 3383 645 3424 omnum
668 3406 682 3431 ,
714 3380 779 3421 eo
810 3363 957 3435 porci
974 3370 1335 3419 concurrunt:
1363 3360 1451 3416 ubi
1478 3370 1654 3415 autem
1677 3368 1803 3414 sunt

206 3470 449 3517 aromata
500 3468 557 3515 et
600 3457 833 3524 sufﬂtus,
856 3470 987 3527 apes
1015 3456 1122 3510 illic
1148 3453 1391 3508 habitant
1418 3471 1431 3507 :
1461 3452 1531 3507 ita
1562 3452 1648 3507 ubi
1678 3460 1805 3506 sunt

203 3554 421 3621 quidem
448 3549 751 3607 meretricia
776 3548 1005 3612 cantica,
1038 3546 1146 3601 illic
1170 3554 1569 3615 congregantur
1594 3544 1801 3598 denuo-

206 3661 302 3702 nes
330 3664 347 3701 :
378 3644 467 3699 ubi
492 3651 671 3698 autem
696 3641 904 3696 cantica
929 3638 1247 3709 spiritualia,
1278 3638 1403 3691 illuc
1434 3636 1649 3691 advolat
1680 3636 1794 3704 Spi~

206 3740 342 3794 ritus
368 3736 560 3808 gratia,
591 3750 713 3806 qum
738 3748 799 3788 os
826 3731 1127 3787 sanctiﬁcat
1145 3731 1473 3788 etanimam.
1505 3730 1632 3786 Haec
1656 3730 1801 3795 dico,

208 3848 316 3886 non
346 3837 407 3884 ut
434 3844 531 3883 vos
561 3837 767 3881 tantum
820 3823 1045 3879 laudetis
1065 3864 1080 3889 ,
1123 3823 1217 3879 sed
1248 3832 1307 3877 ut
1356 3821 1497 3877 filios
1522 3831 1576 3878 et
1603 3838 1804 3877 uxores

208 3923 446 3979 ili-eeatis
476 3921 599 3976 talia
627 3929 846 3976 cantare
892 3918 1121 3982 cantica,
1148 3932 1255 3970 non
1283 3916 1456 3971 solum
1487 3916 1540 3969 in
1572 3914 1807 3970 texendo

209 4018 385 4073 aliove
412 4030 580 4087 Opere
611 4011 877 4077 faciendo,
908 4011 1005 4067 sed
1058 4010 1296 4066 maxime
1338 4010 1390 4063 in
1423 4024 1631 4064 mensa.
1672 4006 1806 4064 Cum

209 4111 351 4166 enim
372 4106 641 4173 diabolus,
673 4113 730 4159 ut
748 4102 1035 4176 plurimum
1086 4100 1373 4157 insidietur
1412 4101 1466 4155 in
1497 4100 1761 4156 conviviis
1790 4143 1807 4168 ,

209 4199 485 4257 ebrietatis
509 4240 527 4265 ,
575 4197 823 4269 ingluviei
851 4238 868 4264 ,
922 4196 1169 4266 risusque
1222 4192 1445 4264 profusi,
1490 4202 1549 4250 et
1595 4195 1808 4250 remissi

210 4292 375 4347 animi
403 4288 608 4345 auxilio
638 4298 860 4343 utatur:
891 4294 1026 4341 tunc
1068 4284 1305 4340 maxime
1327 4291 1546 4354 oportet
1582 4294 1639 4339 et
1683 4294 1810 4339 ante

211 4397 483 4449 mensam,
513 4389 571 4437 et
599 4388 722 4451 post
749 4394 993 4435 mensam
1019 4416 1037 4445 ,
1090 4392 1151 4433 se
1202 4377 1416 4432 munire
1467 4376 1807 4432 Psalmorum

212 4475 487 4546 presidio,
517 4482 575 4528 et
600 4471 760 4527 simul
786 4484 913 4525 cum
945 4483 1115 4525 uxore
1139 4483 1203 4523 ac
1233 4467 1420 4523 liberis
1450 4476 1735 4538 surgentes
1779 4481 1807 4520 a

211 4566 485 4632 convivio,
520 4564 748 4637 hymnos
773 4576 961 4618 sacros
994 4562 1106 4617 Deo
1138 4575 1358 4617 canere.
1394 4558 1450 4615 Si
1480 4562 1628 4615 enim
1675 4559 1813 4617 Pau-

212 4655 317 4723 lus,
346 4658 433 4714 cui
460 4654 816 4712 intolerabilia
842 4651 1053 4723 ﬂagella
1083 4651 1471 4718 imminebant,
1499 4665 1624 4707 cum
1664 4650 1811 4721 ligno

214 4751 459 4822 alligatus
484 4749 538 4803 in
579 4761 798 4803 carcere
848 4744 1139 4811 habitaret,
1180 4743 1356 4799 media
1382 4750 1562 4810 nocte,
1593 4742 1810 4814 quando

217 4852 302 4897 cst
323 4839 577 4896 omnibus
605 4852 827 4893 somnus
848 4835 1294 4907 jucundissimus,
1327 4850 1449 4889 cum
1482 4834 1594 4890 Sila
1636 4834 1805 4890 Deum

218 4942 475 5004 perpetuo
501 4930 773 4995 laudabat,
793 4940 850 4987 et
871 4946 970 4986 nec
997 4930 1171 4998 locus,
1198 4946 1298 4985 nec
1322 4939 1556 5001 tempus,
1576 4944 1679 4985 nec
1700 4930 1813 4984 sol-

218 5026 540 5092 licitudines,
575 5040 675 5080 nec
695 5025 871 5079 somni
904 5024 1167 5097 tyrannis,
1201 5038 1299 5079 nec
1322 5023 1399 5079 illi
1428 5025 1641 5079 labores
1664 5065 1679 5089 ,
1714 5040 1816 5081 nec

216 5120 457 5183 dolores,
487 5132 589 5172 nec
613 5117 903 5186 quidquam
945 5116 1091 5171 aliud
1122 5131 1243 5170 eum
1275 5116 1451 5187 coegit
1484 5115 1813 5171 modulatio-

218 5229 340 5269 nem
378 5211 526 5267 illam
576 5210 934 5267 intermittere
961 5210 1109 5281 (Act.
1153 5210 1242 5265 l6.
1265 5210 1361 5279 25)
1393 5228 1407 5266 :
1442 5212 1610 5266 multo
1643 5212 1814 5283 magis

219 5322 338 5373 nos,
359 5307 448 5378 qui
467 5305 704 5377 jucunde
732 5304 989 5364 vivimus.
1020 5313 1076 5360 et
1109 5304 1201 5360 Dei
1243 5303 1399 5359 bonis
1430 5302 1680 5371 fruimur,
1719 5306 1816 5377 hy-

219 5413 374 5453 mnos
391 5440 407 5461 ,
434 5397 631 5467 quibus
662 5396 774 5453 Deo
797 5398 986 5468 gratim
1013 5406 1241 5467 agantur
1258 5437 1274 5461 ,
1301 5406 1517 5467 Oportet
1542 5397 1813 5463 emittere,

220 5489 350 5545 utsi
371 5490 455 5543 vel
477 5489 735 5554 ebrietas,
766 5488 849 5544 vel
903 5488 1171 5559 ingluvies
1199 5499 1399 5543 nostra:
1437 5489 1634 5545 anima:
1660 5499 1817 5559 turpe

217 5589 315 5635 aut
340 5581 631 5636 absurdum
660 5579 788 5648 quid
836 5579 1045 5647 fecerit,
1076 5579 1167 5634 tibi
1200 5578 1438 5650 ingressa
1469 5579 1633 5636 fuerit
1664 5582 1817 5651 psal-

218 5672 439 5739 modia,
497 5673 679 5731 omnia
717 5673 808 5729 illa
846 5672 988 5727 mala
1043 5680 1099 5728 ct
1128 5672 1369 5743 improba
1411 5674 1632 5729 consilia
1677 5675 1818 5729 resi-

220 5753 373 5812 lianl.
404 5757 471 5816 Et
497 5758 948 5831 quemadmodum
973 5758 1216 5814 nonnulli
1244 5757 1439 5815 divites
1464 5758 1683 5828 impleta
1706 5758 1820 5813 bal-

215 5866 370 5910 samo
398 5856 620 5929 spongia
640 5870 858 5914 mensas
887 5854 1204 5929 abstergunt
1232 5895 1246 5908 .
1285 5865 1338 5910 ut
1379 5855 1422 5911 si
1451 5871 1513 5910 cx
1542 5852 1677 5909 cibis
1707 5853 1813 5909 ulla

3402 392 3505 449 158

1896 496 2221 553 remanserit
2238 497 2472 563 macula,
2496 512 2558 553 ea
2580 508 2820 554 extracta
2851 515 3040 570 puram
3065 518 3308 562 mensam
3330 521 3506 565 osten-

1889 591 2020 644 dant
2054 591 2168 645 :ita
2192 605 2293 647 nos
2319 606 2536 662 quoque
2558 591 2813 649 faciamus
2862 611 2961 663 pro
3010 597 3253 654 balsamo
3299 617 3362 658 os
3405 605 3507 659 im-

1892 682 2099 750 plentes
2125 682 2357 737 melodia
2387 683 2687 753 spirituali:
2726 695 2784 740 ut
2806 688 2852 741 si
2881 705 2945 742 ex
2978 694 3281 757 saturitate,
3313 695 3415 749 ulla
3449 694 3505 750 in

1889 775 2069 829 anima
2114 775 2322 830 macula
2370 779 2711 845 remanserit,
2757 794 2875 833 eam
2924 797 3020 850 per
3068 783 3212 839 illam
3260 788 3508 843 modula-

1889 866 2092 923 tionem
2118 867 2531 938 abstergamus,
2573 877 2629 925 et
2670 871 2830 925 simul
2873 888 3065 929 omnes
3112 886 3319 934 stantes
3354 880 3507 937 dies»

1889 974 2012 1019 nfus
2057 976 2073 1014 :
2122 958 2407 1015 Delectasti
2440 978 2553 1026 nos,
2602 962 2839 1031 Domine,
2887 967 2939 1019 in
2970 970 3173 1037 factura
3212 982 3320 1040 tuo,
3370 984 3419 1027 et
3454 977 3509 1032 in

1890 1053 2127 1120 operibus
2172 1070 2416 1109 manuum
2460 1064 2666 1111 tuarum
2706 1059 3077 1115 exsultabimus
3110 1062 3281 1134 (Psal.
3310 1050 3399 1123 ill.
3424 1069 3508 1141 5).

1891 1143 2021 1198 Post
2049 1144 2402 1213 psalmodiam
2431 1155 2611 1201 autem
2639 1148 2869 1205 addatur
2891 1152 3053 1205 etiam
3076 1156 3269 1223 oratio,
3300 1170 3357 1212 ut
3383 1164 3507 1215 cum

1889 1234 2070 1290 anima
2119 1236 2291 1306 ipsam
2337 1252 2552 1308 quoque
2606 1238 2828 1295 domum
2875 1244 3297 1305 sanctificemus.
3361 1250 3513 1309 Sicut

1889 1327 2034 1382 enim
2082 1327 2174 1396 qui
2212 1327 2428 1395 mimos,
2483 1337 2540 1384 et
2584 1331 2891 1401 saltatores,
2934 1345 2991 1391 et
3030 1338 3283 1395 mulieres
3326 1357 3510 1399 mere-

1892 1421 2055 1477 trices
2090 1422 2439 1477 introducunt
2466 1424 2519 1478 in
2544 1425 2811 1490 convivia,
2852 1426 3128 1485 daemones
3155 1440 3209 1487 et
3228 1432 3509 1491 diabolum

1890 1513 2019 1568 illuc
2047 1522 2274 1577 vocant,
2319 1522 2377 1569 et
2404 1514 2597 1571 domos
2622 1531 2747 1573 snas
2774 1518 2998 1589 implent
3026 1522 3181 1579 bellis
3210 1526 3513 1585 innumeris

1894 1604 2043 1676 (hinc
2067 1614 2219 1661 certe
2243 1606 2549 1676 zelotypiae,
2581 1607 2865 1678 adulteria,
2896 1619 3105 1680 stupra,
3137 1626 3192 1670 et
3216 1618 3320 1672 alia
3348 1621 3512 1674 innu-

1893 1698 2067 1768 mera)
2096 1714 2110 1749 :
2142 1697 2211 1751 ita
2238 1698 2327 1768 qui
2365 1708 2561 1752 vocant
2587 1699 2753 1755 David
2775 1717 2898 1757 cum
2928 1703 3157 1771 cithara,
3183 1706 3328 1766 intus
3355 1709 3515 1767 Chri-

1892 1797 2034 1842 stum
2062 1804 2157 1859 per
2182 1789 2358 1858 ipsum
2401 1800 2615 1845 vocant.
2640 1791 2745 1848 Ubi
2771 1805 2952 1850 autem
2984 1807 3068 1853 est
3089 1796 3360 1868 Christus,
3391 1806 3516 1859 nul-

1895 1880 1979 1937 lus
2008 1882 2220 1937 daemon
2252 1882 2472 1953 quidem
2504 1885 2732 1955 ingredi,
2761 1887 2847 1943 vel
2879 1890 3061 1959 potius
3089 1907 3158 1947 ne
3187 1892 3365 1951 obiter
3387 1897 3511 1966 qui-

1893 1974 2017 2029 dem
2050 1974 2318 2044 inspicere
2346 1991 2511 2033 ausus
2537 1976 2699 2033 fuerit
2729 1995 2745 2033 :
2773 1995 2873 2049 pax
2918 1994 3097 2040 autem
3122 2024 3140 2051 ,
3165 1995 3219 2042 et
3261 1987 3515 2059 dilectio,

1892 2075 1951 2123 et
1995 2067 2177 2121 omnia
2227 2076 2501 2138 tamquam
2542 2084 2607 2125 ex
2654 2068 2892 2128 fontibus
2917 2073 3057 2131 bona
3087 2079 3511 2147 promanabunt.

1897 2161 1975 2218 llli
2005 2161 2225 2217 domum
2252 2176 2404 2219 suam
2429 2164 2629 2219 faciunt
2656 2164 2962 2236 theatrum;
3017 2179 3072 2224 tu
3114 2173 3405 2230 ecclesiam
3431 2178 3514 2233 fac

1900 2264 2043 2309 tuam
2075 2254 2479 2321 domunculam.
2513 2256 2615 2313 Ubi
2642 2260 2786 2314 enim
2816 2268 2902 2314 est
2928 2262 3189 2332 psalmus,
3239 2275 3294 2321 et
3319 2270 3516 2335 oratio,

1897 2355 1952 2400 et
1975 2345 2174 2401 chorea
2205 2347 2617 2418 prophetarum,
2670 2366 2726 2406 et
2771 2353 2890 2422 pius
2946 2359 3254 2413 canentium
3278 2362 3515 2430 animus,

1901 2452 2007 2491 non
2039 2438 2374 2494 aberravcrit
2417 2442 2681 2511 quispiam
2746 2447 2834 2514 qui
2879 2445 3023 2503 hunc
3074 2459 3273 2507 emtum
3320 2452 3520 2510 dixerit

1898 2527 2205 2583 ecclesiam.
2238 2530 2460 2586 Etiamsi
2494 2535 2598 2587 vim
2623 2534 2912 2591 verborum
2953 2553 3059 2594 non
3098 2545 3334 2607 noveris,
3383 2546 3521 2604 doce

1901 2618 2105 2674 interea
2160 2619 2333 2691 ipsum
2384 2636 2446 2678 os
2493 2624 2657 2679 verba
2696 2626 2900 2683 dicere.
2949 2629 3326 2690 Sanctiﬁcatur
3370 2638 3517 2694 enim

1900 2712 2061 2766 etiam
2089 2712 2268 2783 lingua
2297 2730 2392 2784 per
2413 2716 2601 2783 verba,
2646 2721 2863 2789 quando
2891 2738 2955 2778 ea
2985 2724 3238 2783 dicuntur
3270 2714 3522 2803 prompto

1900 2812 1954 2859 et
1979 2806 2142 2861 alacri
2168 2807 2369 2861 animo.
2404 2808 2463 2864 Si
2502 2825 2602 2865 nos
2649 2812 2794 2882 ipsos
2835 2814 3223 2876 deduxerimus
3263 2822 3331 2879 ad
3381 2824 3523 2885 hanc

1902 2898 2368 2967 consuetudinem,
2426 2917 2527 2958 nec
2581 2916 2764 2961 nostra
2807 2917 3035 2979 sponte,
3079 2928 3181 2969 nec
3212 2930 3307 2984 per
3332 2931 3523 2974 socor-

1908 2986 2052 3042 diam
2101 2989 2386 3059 pulchrum
2433 2991 2538 3048 hoc
2586 2999 3066 3065 praetermittemus
3116 3004 3521 3076 ministerium,

1906 3095 2055 3136 more
2115 3082 2199 3137 vel
2246 3082 2445 3140 invitos
2496 3101 2596 3141 nos
2670 3100 2901 3160 cogente
2963 3092 3109 3151 hunc
3167 3097 3263 3155 Dei
3318 3101 3524 3159 cultum

1905 3173 2150 3244 quotidie
2197 3190 2479 3247 peragere.
2540 3178 2596 3233 ln
2642 3179 2742 3236 hac
2799 3185 3202 3254 modulatione,
3260 3205 3359 3248 seu
3405 3196 3529 3265 quis

1908 3265 2073 3322 fuerit
2099 3270 2252 3323 senio
2285 3270 2585 3339 confectus,
2628 3288 2724 3329 seu
2749 3276 2988 3347 juvenis,
3026 3294 3124 3338 seu
3151 3299 3284 3341 voce
3309 3301 3525 3358 aspera,

1908 3373 2005 3415 seu
2058 3360 2235 3416 omnis
2280 3362 2495 3433 penitus
2540 3369 2750 3423 numeri
2802 3370 3052 3440 ignarus,
3108 3375 3243 3432 nihil
3292 3380 3343 3435 ei
3396 3382 3528 3435 vitio

1908 3450 2145 3506 dabitur.
2195 3452 2351 3519 Quod
2405 3457 2549 3511 enim
2580 3457 2666 3513 hic
2696 3462 2976 3529 quzeritur,
3009 3473 3093 3520 est
3118 3467 3297 3524 sobria
3324 3471 3527 3539 anima,

1910 3559 2066 3600 mens
2094 3546 2341 3616 vigilans,
2373 3563 2469 3604 cor
2496 3562 2900 3620 compunctum,
2939 3557 3114 3614 valida
3144 3563 3302 3628 ratio,
3327 3579 3527 3634 expur-

1911 3649 2030 3709 gata
2069 3641 2422 3695 conscientia.
2471 3642 2526 3697 Si
2571 3643 2687 3700 haec
2739 3644 2977 3716 habens,
3034 3650 3313 3723 ingressus
3363 3653 3530 3713 fueris

1914 3731 1966 3784 in
2013 3742 2257 3787 sanctum
2306 3734 2398 3789 Dei
2436 3734 2696 3803 chorum,
2737 3739 2890 3808 juxta
2937 3741 3114 3811 ipsum
3169 3744 3340 3803 David
3387 3757 3533 3804 stare

1916 3824 2139 3891 poteris.
2202 3824 2298 3880 llic
2347 3841 2452 3881 non
2516 3833 2600 3882 eat
2650 3844 2786 3900 opus
2832 3830 3076 3898 cithara,
3129 3850 3305 3907 neque
3352 3842 3535 3895 nervis

1914 3915 2179 3981 extensis,
2226 3932 2401 3986 neque
2441 3918 2667 3989 plectro,
2702 3936 2804 3977 nec
2848 3933 2985 3989 arte,
3030 3941 3130 3982 nec
3162 3928 3286 3985 ullis
3334 3929 3535 3987 instrn-

1918 4010 2117 4066 mentis
2149 4029 2162 4065 :
2188 4011 2283 4067 sed
2314 4014 2357 4068 si
2390 4015 2544 4083 velis,
2588 4017 2818 4087 teipsum
2849 4018 3057 4078 efficies
3082 4023 3381 4096 citharam,
3408 4042 3535 4083 cum

1915 4103 2095 4158 carnis
2137 4106 2379 4161 membra
2422 4107 2856 4177 mortificaveris,
2897 4122 2954 4168 et
2990 4114 3189 4171 anima:
3244 4132 3367 4174 cum
3408 4133 3535 4174 cor-

1920 4209 2049 4262 pore
2083 4195 2370 4265 pulchrum
2410 4207 2733 4254 concentum
2781 4199 3048 4259 effeceris.
3115 4206 3342 4275 Quando
3389 4209 3535 4265 enim

1919 4301 2027 4341 non
2073 4288 2408 4357 concupierit
2445 4304 2575 4345 caro
2623 4290 2889 4349 adversus
2935 4272 3194 4365 Spiritum
3239 4272 3436 4369 (cum.
3480 4302 3536 4358 5.

1920 4378 2034 4446 l7),
2081 4378 2177 4434 sed
2210 4379 2354 4437 illius
2380 4379 2546 4452 jussis
2572 4397 2745 4440 cesset
2761 4384 2820 4453 it,
2862 4396 2919 4442 et
2947 4402 3066 4443 eam
3100 4389 3335 4446 tamdem
3363 4391 3539 4449 duxe-

1917 4471 2034 4525 rit‘
2082 4472 2137 4527 in
2190 4473 2332 4528 viam
2384 4475 2645 4544 optimam
2678 4486 2736 4533 et
2762 4480 2994 4534 maxime
3016 4482 3410 4549 admirabilem,
3467 4486 3541 4541 ita

1921 4564 2208 4620 melodiam
2237 4566 2441 4623 efﬁcies
2467 4567 2826 4639 spiritualem.
2849 4572 2970 4627 Non
3000 4572 3086 4630 hii:
3115 4590 3252 4646 opus
3276 4585 3361 4632 est
3390 4586 3539 4646 arte,

1920 4674 2042 4728 qua:
2068 4659 2232 4731 longo
2258 4667 2503 4730 tempore
2534 4662 2813 4732 perficitur
2846 4682 2860 4719 :
2894 4665 2989 4721 sed
3028 4666 3167 4722 bona
3202 4678 3408 4724 tantum
3438 4687 3542 4725 vo-

1921 4749 2146 4816 luntate,
2166 4762 2221 4808 et
2239 4767 2507 4823 generoso
2532 4754 2700 4809 animi
2729 4757 2974 4814 instituto
3000 4774 3139 4829 upus
3163 4770 3267 4827 est,
3296 4777 3361 4818 ac
3390 4763 3541 4819 brevi

1925 4853 2169 4918 tempore
2209 4847 2368 4918 periti
2414 4847 2728 4905 evademus.
2780 4849 2900 4905 Non
2938 4866 3076 4923 opus
3121 4862 3206 4909 est
3257 4855 3400 4924 loco,
3434 4872 3541 4913 non

1922 4953 2058 5009 Opus
2103 4948 2493 5011 est‘tempore,
2548 4942 2643 4997 sed
2687 4943 2740 4998 in
2784 4945 2932 5000 omni
2974 4946 3116 5014 loco,
3146 4957 3202 5003 et
3224 4951 3372 5005 omni
3404 4958 3542 5007 tem-

1923 5047 2077 5103 pore,
2111 5032 2237 5089 licet
2276 5041 2460 5090 mente
2486 5050 2703 5093 canere.
2729 5036 2862 5091 Nam
2894 5040 3011 5095 sive
3037 5040 3089 5094 in
3122 5038 3240 5096 foro
3273 5043 3541 5113 ambules,

1926 5126 2042 5182 sive
2068 5125 2171 5182 iter
2194 5125 2537 5197 ingrediaris,
2570 5128 2686 5183 sive
2711 5143 2833 5184 cum
2863 5132 3054 5186 amicis
3082 5134 3388 5201 consideas,
3423 5137 3548 5191 licet

1925 5220 2165 5275 excitare
2193 5222 2454 5286 animum,
2481 5222 2608 5277 licet
2635 5223 2721 5277 vel
2751 5224 2950 5279 tacenti
2973 5225 3228 5283 clamare.
3276 5229 3347 5283 lta
3380 5231 3543 5286 etiam

1926 5312 2104 5367 Moses
2127 5312 2414 5378 clamabat,
2448 5323 2504 5369 et
2532 5314 2675 5371 Dens
2703 5315 2957 5373 audiebat
2986 5317 3185 5388 (Exod.
3215 5320 3302 5376 14.
3331 5323 3447 5392 15).
3482 5325 3547 5379 lit

1927 5409 1971 5461 si
2003 5404 2169 5462 fueris
2195 5406 2402 5478 opifex,
2452 5413 2657 5478 poteris
2683 5409 2736 5464 in
2764 5410 2979 5467 officina
3007 5412 3206 5468 sedens
3232 5426 3288 5471 et
3314 5430 3548 5487 operatus

1930 5499 2179 5570 psallere.
2231 5501 2364 5555 Etsi
2392 5501 2549 5557 miles
2577 5502 2675 5571 sis,
2722 5513 2816 5559 aut
2844 5504 3036 5561 sedeas
3061 5508 3113 5560 in
3133 5504 3359 5576 judicio,
3399 5523 3547 5579 ιοιυ-

1928 5597 2009 5647 ris
2032 5593 2135 5649 hoc
2161 5596 2333 5665 ipsum
2366 5594 2566 5653 facere.

2141 5792 2331 5876 Saiiliil
2358 5798 2842 5876 cmtjecture'iides
2875 5802 3214 5871 adhibeatur,
3264 5810 3537 5876 legentium

1931 5858 2048 5919 erit,
2072 5860 2118 5907 in
2145 5858 2359 5909 secunda
2390 5873 2623 5924 persona,
2658 5859 2883 5915 duxeris.
