4154 6418
687 371 794 430 159

757 488 811 543 3.
855 484 1081 540 Gemitus
1100 481 1307 555 spiritus
1328 483 1441 552 quis
1464 482 1547 535 sit.
1566 509 1636 521 --
1653 479 1801 534 Licet
1827 478 1986 534 etiam
2024 477 2141 532 sine
2169 490 2263 531 vo-

685 593 748 632 ce
781 578 1024 646 psallere,
1057 591 1176 630 cum
1205 589 1358 630 mens
1402 575 1544 628 intus
1568 581 1806 628 resonet.
1837 571 1953 626 Non
1991 573 2134 627 enim
2166 570 2262 625 hn-

685 666 918 721 miuibus
947 667 1205 729 canimus,
1232 663 1326 719 sed
1357 663 1495 731 Deo,
1540 663 1629 733 qui
1658 671 1833 732 potest
1861 663 1949 717 vel
1975 660 2138 716 corda
2164 675 2261 716 au-

688 758 908 823 dire,.et
934 757 984 810 iu
1009 758 1200 811 mentis
1223 764 1420 811 nostra!
1443 768 1633 809 arcana
1654 752 1879 822 ingredi.
1912 753 2024 808 lloc
2051 766 2263 822 quoque

688 847 882 902 Paulus
910 846 1196 900 ostendens
1223 843 1562 912 vociferatur,
1606 843 1827 898 dicens:
1857 840 1979 914 Ipse
2033 843 2261 912 Spiritus

682 935 970 1004 interpellat
1015 951 1106 1004 pro
1131 936 1271 988 nobis
1293 935 1554 1005 gemitibus
1574 933 2013 987 inenarrabilibus.
2036 931 2138 998 Qui
2163 947 2261 984 au-

684 1039 784 1080 tem
806 1035 1059 1081 scrutatur
1086 1026 1260 1090 corda,
1287 1025 1378 1079 scit
1403 1023 1525 1096 quid
1551 1022 1800 1078 desideret
1828 1023 2053 1092 Spiritus
2075 1063 2091 1087 ,
2119 1020 2259 1091 quod

685 1118 966 1171 secundum
987 1116 1148 1170 Deum
1170 1115 1384 1185 postulet
1401 1131 1494 1184 pro
1517 1113 1704 1168 sanctis
1729 1113 1910 1184 (Rom.
1939 1113 1993 1168 8.
2024 1111 2113 1168 26.
2142 1109 2258 1184 27).

683 1209 795 1264 lloc
823 1219 999 1264 autem
1029 1207 1258 1272 dicebat,
1305 1220 1412 1262 non
1457 1205 1598 1276 quod
1623 1203 1854 1274 Spiritus
1878 1211 2134 1274 gemeret,
2161 1202 2258 1257 sed

681 1301 822 1370 quod
846 1302 944 1355 viri
972 1299 1295 1370 spirituales,
1337 1297 1430 1367 qui
1461 1297 1660 1353 habent
1683 1295 1822 1350 dona
1866 1295 2096 1365 Spiritus
2119 1334 2135 1359 ,
2165 1309 2260 1363 pro

681 1391 994 1460 propinquis
1023 1398 1270 1454 orantes,
1300 1398 1355 1442 et
1380 1385 1795 1456 supplicationes
1829 1383 2136 1450 offerentes,
2157 1382 2261 1438 hoc

681 1483 1048 1536 lucerentcum
1065 1479 1476 1550 compunctione
1489 1488 1543 1532 et
1557 1476 1859 1546 gemitibus.
1885 1475 1996 1530 Hoc
2015 1490 2114 1530 nos
2128 1490 2260 1546 quo-

681 1587 781 1639 que
825 1571 1112 1635 faciamus,
1154 1579 1209 1624 et
1246 1567 1482 1638 quotidie
1523 1567 1688 1622 Deum
1737 1565 2137 1635 interpellemus
2164 1580 2260 1635 per

677 1663 912 1732 psalmos
941 1671 996 1716 et
1023 1662 1309 1716 orationes.
1339 1659 1417 1714 Ne
1454 1668 1632 1714 autem
1662 1658 1823 1714 verba
1849 1657 2022 1712 solum
2063 1655 2258 1712 offera-

678 1769 815 1818 mus,
849 1753 941 1808 sed
975 1752 1142 1822 ipsam
1168 1752 1326 1806 etiam
1355 1750 1588 1806 sciamus
1631 1749 1736 1804 vim
1778 1748 2069 1804 dictionum
2094 1788 2112 1815 ,
2160 1762 2259 1818 agn

677 1845 847 1912 ipsum
869 1843 1024 1912 hujus
1041 1842 1232 1897 Psalmi
1250 1840 1564 1911 prooemium
1582 1841 1635 1894 in
1653 1838 1886 1895 medium
1907 1836 2257 1892 adducamus.

677 1934 828 2001 Quod
855 1943 938 1990 est
979 1948 1109 2004 ergo
1136 1932 1495 2002 prommium?
1537 1930 1978 1998 Quemadmodum
2007 1931 2258 1984 desiderat

672 2043 845 2080 ceruus
869 2027 936 2079 ad
959 2029 1118 2096 fontes
1136 2040 1384 2096 aquarum
1401 2064 1417 2090 ,
1461 2023 1534 2077 ita
1559 2022 1812 2077 desiderat
1841 2021 2013 2074 anima
2037 2037 2150 2074 mea
2189 2019 2257 2072 ad

675 2131 744 2185 te,
769 2119 924 2172 Deus.
956 2119 1050 2172 llic
1073 2128 1156 2172 est
1175 2131 1294 2172 mos
1318 2115 1630 2181 amantium,
1651 2118 1893 2168 amorem
1911 2111 2123 2167 silentio
2145 2126 2255 2166 non

675 2210 870 2276 celare,
901 2210 999 2265 sed
1023 2211 1297 2266 enuntiare
1317 2207 1526 2272 vicinis,
1555 2215 1611 2260 et
1630 2205 1810 2261 dicere
1836 2219 1896 2259 se
1920 2217 2120 2259 amare.
2153 2203 2256 2256 Ar-

674 2302 809 2357 dens
829 2303 968 2357 enim
1000 2317 1086 2356 res
1106 2309 1189 2357 est
1207 2311 1395 2355 natura
1419 2297 1742 2363 dilectionis,
1762 2309 1864 2351 nec
1887 2303 2061 2365 potest
2079 2295 2256 2348 anima

674 2396 957 2459 sustinere,
991 2404 1045 2447 ut
1068 2407 1185 2448 eam
1211 2392 1425 2446 silentio
1442 2397 1639 2445 teneat.
1666 2389 1732 2442 Et
1759 2388 1879 2444 ideo
1903 2402 2091 2443 amans
2121 2401 2256 2457 quo-

673 2498 780 2553 que
829 2484 1021 2537 Paulus
1062 2483 1272 2538 dicebat
1318 2481 1608 2538 Corinthiis
1637 2499 1651 2535 :
1680 2479 1751 2534 0s
1795 2489 2024 2534 nostrum
2064 2480 2132 2532 ad
2171 2496 2256 2534 vos

673 2586 905 2645 apertum
931 2585 1021 2642 est,
1055 2575 1303 2630 Corinthii
1333 2575 1425 2647 (1.
1453 2575 1570 2629 Cor.
1599 2573 1653 2628 6.
1689 2573 1777 2642 11)
1805 2590 1818 2626 :
1851 2573 1953 2628 hoc
1977 2582 2086 2640 est,
2136 2573 2252 2629 Non

675 2681 892 2734 possum
918 2667 1214 2732 continere,
1251 2675 1306 2722 et
1330 2666 1544 2721 silentio
1569 2679 1813 2735 premere
1859 2664 2196 2720 dilectionem
2227 2705 2243 2732 ,

672 2755 764 2810 sed
805 2771 896 2811 vos
922 2770 1134 2824 semper
1161 2765 1215 2812 et
1242 2756 1454 2826 ubique,
1477 2763 1532 2810 et
1581 2755 1634 2809 in
1677 2762 1852 2809 mente
1879 2763 1934 2809 et
1972 2755 2028 2808 in
2072 2755 2250 2826 lingua
2318 2779 2320 2781 >

671 2845 1007 2902 circumfero.
1044 2847 1115 2900 ita
1142 2848 1298 2902 etiam
1323 2847 1410 2902 hic
1433 2849 1620 2902 beatus
1647 2847 1816 2901 Deum
1846 2861 2050 2912 amans,
2077 2856 2133 2900 et
2158 2863 2248 2901 aro

670 2938 804 2992 dens
825 2951 1028 3002 amore,
1056 2953 1161 2992 non
1180 2948 1357 3009 potest
1378 2939 1678 2992 inanimum
1701 2938 1953 2992 inducere
1979 2946 2036 2992 ut
2059 2947 2248 3006 taceat,

670 3029 762 3085 scd
784 3029 1067 3099 aliquando
1092 3031 1306 3100 quidem
1337 3030 1463 3085 dicit
1486 3047 1500 3083 :
1539 3029 1973 3094 Quemadmodum
1999 3029 2252 3084 desiderat

668 3137 841 3173 cervus
860 3121 928 3173 ad
949 3122 1110 3190 fontes
1125 3137 1390 3190 aquarum,
1411 3122 1482 3173 ita
1502 3121 1749 3174 desiderat
1770 3122 1942 3175 anima
1961 3136 2071 3174 mea
2090 3123 2158 3176 ad
2177 3133 2246 3191 te,

670 3210 826 3267 Deus.
851 3212 1148 3282 Aliquando
1176 3221 1353 3268 autem
1376 3212 1534 3278 Deus,
1564 3212 1701 3268 Deus
1724 3230 1884 3281 meus,
1906 3217 1976 3269 ad
2006 3227 2053 3270 te
2077 3217 2142 3271 de
2169 3218 2250 3270 lu-

669 3320 725 3356 re
743 3303 915 3372 vigilo.
945 3302 1115 3358 Sitivit
1141 3304 1209 3356 ad
1233 3313 1279 3357 te
1298 3306 1470 3357 anima
1492 3321 1620 3369 mea,
1649 3306 1777 3359 sicut
1807 3317 1940 3360 terra
1964 3307 2244 3376 inaccessa,

666 3396 775 3447 sine
802 3411 954 3465 aqua,
981 3404 1030 3448 et
1055 3393 1250 3448 deserta
1275 3395 1293 3466 (
1318 3394 1462 3449 Psal.
1486 3395 1574 3449 62.
1601 3395 1673 3468 1).
1699 3395 1771 3451 Ita
1796 3398 1937 3453 enim
1960 3399 2090 3454 dixit
2111 3400 2246 3455 alius

669 3486 948 3553 interpres.
965 3487 1224 3553 Quoniam
1246 3487 1387 3542 enim
1415 3503 1520 3541 nnn
1548 3497 1725 3558 potest
1747 3489 1985 3544 oratione
2006 3507 2242 3548 amorem

668 3575 972 3642 ostendere,
1013 3575 1118 3632 huc
1145 3586 1199 3632 et
1229 3577 1351 3631 illuc
1377 3578 1488 3633 obit
1516 3594 1760 3648 quaerens
1786 3582 2091 3652 exemplum
2118 3625 2133 3650 ,
2187 3594 2245 3640 ut

669 3665 750 3720 vel
776 3680 837 3719 ea
865 3667 1068 3721 ratione
1098 3667 1248 3723 nobis
1270 3683 1421 3723 suum
1451 3684 1688 3724 amorem
1715 3671 1933 3738 indicet,
1965 3682 2020 3728 et
2045 3677 2244 3731 amoris

665 3768 763 3809 nos
788 3758 944 3812 faciat
965 3760 1266 3829 participes.
1291 3760 1351 3814 Ei
1373 3775 1501 3825 ergo
1537 3762 1834 3830 credamus,
1865 3773 1921 3820 et
1956 3766 2032 3820 sic
2059 3781 2242 3824 amare

664 3844 986 3904 ediscamus.

732 3941 918 3996 Amare
946 3941 1106 3996 Deum
1133 3960 1397 4013 possumus
1418 3985 1432 4009 ,
1479 3947 1568 4000 etsi
1605 3962 1709 4000 non
1734 3947 2012 4004 videamus.
2130 3950 2241 4007 Nec

664 4034 808 4089 dicat
856 4037 987 4088 mihi
1041 4036 1344 4105 quispiam:
1379 4037 1444 4090 Et
1488 4039 1757 4105 quomodo
1801 4054 2014 4108 possunt
2060 4058 2240 4098 amare

665 4125 851 4191 Deum,
877 4141 1034 4194 quem
1065 4140 1168 4180 nou
1200 4126 1399 4182 video?
1427 4128 1618 4182 Multos
1643 4131 1789 4184 enim
1818 4147 2082 4199 amamus,
2115 4136 2238 4190 licet

662 4231 756 4270 ens
783 4232 884 4271 non
933 4217 1240 4283 videamus,
1292 4221 1736 4287 quemadmodum
1779 4223 1980 4280 amicos
2028 4239 2237 4284 nosnos

665 4323 888 4378 peregre
908 4309 1189 4377 profectos,
1207 4311 1289 4364 vel
1313 4310 1468 4372 filios,
1491 4312 1571 4364 vel
1597 4323 1861 4379 parentes,
1890 4316 1970 4370 vel
1988 4329 2237 4387 cognatos

663 4399 1027 4454 necessarios:
1057 4414 1155 4454 nec
1180 4399 1245 4454 ad
1275 4399 1327 4454 id
1355 4401 1518 4454 ullum
1536 4402 1684 4456 allert
1708 4405 1861 4458 nobis
1886 4405 2233 4476 impedimen-

662 4501 770 4542 tum
791 4487 929 4558 quod
958 4503 1051 4543 eos
1077 4503 1182 4543 non
1205 4489 1498 4555 videamus,
1523 4492 1630 4546 imo
1649 4509 1777 4548 vero
1803 4497 1904 4551 hoc
1932 4497 2101 4567 ipsum
2127 4517 2237 4554 ma-

657 4582 739 4650 gis
767 4579 1016 4636 accendit
1043 4596 1279 4636 amorem
1300 4623 1316 4649 ,
1365 4592 1420 4637 et
1454 4592 1611 4654 auget
1637 4585 1981 4642 desiderium.
2023 4589 2091 4645 Et
2119 4591 2236 4648 ideo

662 4671 729 4725 de
758 4670 901 4726 Mose
920 4686 1132 4740 quoque
1156 4671 1340 4728 dicens
1371 4673 1584 4738 Paulus,
1614 4676 1752 4745 quod
1790 4678 1988 4736 relictis
2020 4682 2237 4739 thesau-

661 4761 732 4815 ris
775 4770 829 4816 et
867 4763 1078 4830 Opibus,
1128 4763 1383 4833 regnique
1430 4763 1688 4831 claritate,
1747 4777 1801 4824 et
1843 4772 1986 4824 omni
2043 4773 2149 4828 alio
2180 4777 2231 4831 in

659 4853 888 4925 Egypto
916 4854 1220 4925 splendore,
1245 4856 1426 4911 maluit
1447 4872 1566 4911 cum
1588 4857 1785 4914 Judaiis
1804 4862 1962 4934 afigi
1992 4882 2005 4918 :
2039 4866 2233 4924 deinde

661 4959 757 4999 IIOS
783 4959 995 4999 causam
1021 4945 1238 5009 docens,
1273 4948 1413 5017 quod
1441 4947 1556 5002 hmc
1586 4950 1761 5003 omnia
1791 4951 1987 5008 laceret
2014 4967 2233 5026 propter

659 5038 845 5102 licunt,
873 5037 1065 5105 adjecit
1096 5053 1110 5090 :
1137 5037 1446 5092 Intvisibilem
1467 5041 1599 5094 enim
1628 5049 1880 5110 tamquam
1916 5047 2088 5101 videns
2113 5066 2228 5105 sus-

655 5130 802 5181 tinuit
849 5129 867 5198 (
898 5128 1052 5181 llebr.
1089 5129 1173 5183 11.
1204 5129 1275 5186 25
1354 5131 1476 5201 27).
1527 5131 1639 5186 Non
1680 5133 1826 5188 vides
1880 5135 2042 5191 Deum
2067 5179 2083 5205 ,
2131 5141 2228 5196 sed

655 5221 800 5274 vides
826 5219 941 5288 ejus
970 5229 1259 5286 amaturus,
1290 5221 1438 5276 vides
1462 5222 1576 5290 ejus
1595 5238 1758 5293 Opera
1783 5265 1797 5290 ,
1840 5225 2029 5281 caelum
2046 5269 2061 5294 ,
2113 5237 2226 5284 ter-

648 5326 788 5376 ram,
818 5320 868 5364 et
899 5327 1062 5365 mare.
1093 5311 1190 5378 Qui
1220 5321 1392 5366 autem
1422 5311 1611 5384 diligit,
1637 5315 1682 5369 si
1710 5315 1886 5370 dilecti
1917 5332 2050 5388 opus
2079 5318 2227 5377 vide-

652 5402 741 5465 rit,
763 5400 805 5454 si
827 5402 1084 5466 calceum,
1118 5401 1162 5454 si
1191 5411 1413 5468 vestem,
1441 5401 1486 5456 si
1507 5403 1731 5473 quodvis
1758 5405 1900 5460 aliud
1920 5448 1935 5472 ,
1982 5411 2226 5466 accendi-

651 5501 753 5547 tur.
779 5493 891 5548 Non
920 5495 1066 5551 vides
1091 5496 1281 5562 Deum,
1300 5497 1398 5560 sed
1419 5497 1566 5552 vides
1585 5499 1700 5568 ejus
1726 5497 1970 5565 famulos,
1999 5504 2220 5572 amicos,

649 5585 813 5649 viros,
843 5585 1077 5653 inquam,
1108 5597 1344 5653 sanctos,
1373 5596 1430 5643 et
1450 5588 1538 5658 qui
1567 5589 1762 5645 habent
1782 5589 1919 5660 apud
1940 5608 2058 5647 eum
2091 5594 2224 5649 fidu-

649 5675 807 5728 ciam.
842 5677 963 5732 Illos
989 5693 1128 5733 nunc
1143 5679 1365 5734 observa
1386 5689 1437 5735 et
1465 5679 1601 5745 cole,
1632 5690 1686 5735 ct
1709 5675 1931 5737 habebis
1956 5699 2062 5739 non
2104 5685 2222 5742 leve

647 5765 890 5822 solatium
913 5771 986 5826 tui
1017 5771 1285 5830 desiderii.
1332 5773 1538 5830 Etenim
1579 5772 1631 5829 in
1659 5771 1962 5831 hominibus
1989 5792 2092 5833 non
2123 5793 2208 5835 so-

1341 366 1399 427 S.
1436 363 1712 426 JOANNIS
1746 361 2222 422 CHRYSOSTOMI
2265 362 2585 422 ARCHIEP.
2622 365 3159 429 CONSTANTINOP.

3865 379 3966 439 160

2374 500 2482 555 lum
2508 510 2720 558 nostros
2746 504 2968 570 amicos,
2993 506 3088 562 sed
3113 523 3209 564 eos
3235 511 3396 566 etiarn
3426 512 3518 582 qui
3541 513 3610 570 ab
3634 513 3742 572 illis
3769 532 3966 574 aman-

2372 603 2478 658 tur,
2506 607 2689 647 amare
2706 595 3099 650 consuevimus.
3133 597 3202 653 Et
3226 601 3274 655 si
3296 600 3493 658 dixerit
3519 605 3780 677 quispiam
3807 625 3872 665 ex
3901 611 3966 665 iis

2368 684 2460 753 qui
2484 692 2731 738 amantur
2753 699 2785 738 a
2815 687 2990 753 nobis,
3021 687 3175 745 Hunc
3206 693 3288 747 vel
3323 695 3470 750 illum
3499 697 3659 770 diligo
3679 742 3694 766 ,
3724 711 3783 756 et
3823 699 3872 758 si
3920 704 3968 758 is

2370 773 2633 830 beneflcio
2656 777 2835 846 aliquo
2873 778 3036 836 fuerit
3071 780 3317 846 affectus,
3368 801 3473 856 ego
3510 805 3597 845 me
3637 791 3963 851 beneficium

2367 867 2642 935 accepisse
2669 868 2917 924 existimo
2945 889 2958 925 :
2988 873 3169 927 omnia
3212 874 3437 933 facimus
3463 890 3520 934 et
3557 871 3913 951 procuramus
3941 928 3960 956 ,

2370 964 2428 1009 ut
2455 957 2678 1026 perinde
2697 973 2760 1013 ac
2783 959 2828 1014 si
2853 961 3104 1018 dilectum
3137 966 3460 1033 videremus,
3484 973 3556 1027 ita
3585 988 3744 1032 omne
3762 978 3815 1032 ia
3831 995 3960 1036 eum

2368 1048 2606 1141 studium
2643 1052 3007 1108 ostendamus.
3058 1055 3169 1112 Hoc
3209 1061 3381 1131 ipsum
3412 1063 3465 1117 in
3495 1064 3713 1123 Christo
3741 1085 3960 1141 quoque

2367 1140 2631 1234 -
2651 1141 2824 1198 facere
2850 1161 3157 1215 possumus.
3181 1152 3362 1210 Dixit:
3393 1157 3562 1230 Diligo
3578 1140 3881 1234 pauperesi
3904 1177 3962 1224 et

2367 1232 2412 1284 si
2451 1233 2485 1286 ii
2511 1232 2637 1287 boni
2673 1234 2874 1306 aliquid
2905 1242 3229 1309 acceperint,
3271 1249 3493 1315 perinde
3523 1266 3586 1306 ac
3613 1253 3660 1308 si
3685 1232 3815 1325 ipse
3863 1273 3959 1315 re-

2365 1326 2626 1394 cepissem
2648 1366 2663 1390 ,
2708 1328 2874 1385 reddo
2904 1337 3385 1394 remunerationem
3422 1340 3643 1413 (Matth.
3687 1347 3774 1402 19.
3815 1349 3879 1404 21
3911 1350 3955 1418 ).

2365 1419 2471 1474 Pro
2495 1421 2574 1475 eis
2600 1422 2845 1479 colendis
2865 1433 2920 1479 et
2941 1426 3288 1484 sublevandis
3325 1433 3461 1488 nihil
3491 1450 3599 1493 non
3647 1437 3952 1498 faciamus:

2365 1514 2473 1570 imo
2489 1532 2617 1572 vero
2636 1519 2689 1575 in
2713 1520 2858 1590 ipsos
2874 1538 3064 1580 omnes
3075 1536 3286 1582 nostras
3301 1527 3578 1586 facultates
3592 1532 3951 1605 elfundamus,

2364 1607 2644 1665 credentes
2672 1627 2768 1680 per
2806 1613 2952 1682 ipsos
2992 1615 3160 1671 Deum
3196 1619 3362 1675 alere.
3403 1622 3553 1688 Quod
3583 1626 3725 1680 enim
3756 1626 3886 1683 dum
3915 1629 3953 1686 ii

2363 1700 2600 1765 aluntur,
2630 1702 2744 1770 ipse
2765 1703 2960 1769 alitur,
2991 1705 3114 1762 audi
3143 1709 3270 1778 quid
3303 1711 3449 1766 dicat
3486 1712 3732 1772 Christus
3764 1736 3778 1772 :
3813 1718 3956 1776 Esu-

2362 1791 2573 1845 rientem
2598 1809 2679 1847 me
2701 1795 2914 1862 vidiuis,
2938 1797 3129 1869 inquit,
3151 1812 3200 1856 et
3227 1803 3424 1858 aluistis
3446 1820 3466 1860 :
3495 1808 3761 1875 sitientem,
3788 1822 3839 1866 rt
3857 1829 3954 1884 po-

2362 1892 2469 1937 tum
2494 1885 2702 1941 dedistis
2727 1901 2748 1940 :
2774 1889 2990 1953 nudum,
3022 1899 3069 1945 et
3096 1909 3177 1947 me
3201 1897 3468 1965 operuistis
3495 1898 3706 1969 (Matth.
3732 1903 3826 1959 25.
3854 1907 3945 1963 35.

2362 1975 2432 2030 36
2448 1974 2504 2047 ):
2535 1977 2834 2050 multasque
2862 1981 3014 2038 dedit
3039 1983 3192 2040 nobis
3215 1986 3452 2047 rationes
3471 1992 3664 2062 quibus
3679 1997 3953 2066 possimus

2362 2075 2605 2122 nostrum
2632 2070 2794 2125 solari
2823 2071 3171 2129 desiderium.

2429 2158 2667 2214 Amorem
2713 2163 2812 2216 tria
2853 2167 3142 2220 conciliant.
3195 2167 3535 2228 Pulchritudo
3586 2175 3702 2230 Dei.
3825 2179 3949 2236 Jam

2358 2263 2490 2304 vero
2516 2249 2649 2305 alias
2677 2266 2890 2324 quoque
2907 2256 3009 2310 tria
3027 2265 3152 2311 sunt
3172 2275 3290 2329 qua:
3311 2275 3548 2320 amorem
3572 2268 3712 2336 apud
3740 2283 3841 2325 nos
3863 2273 3952 2327 ef-

2359 2340 2522 2394 ficere
2553 2357 2979 2413 consueverunt,
3023 2349 3194 2405 forma
3221 2356 3482 2424 corporis,
3511 2361 3818 2428 magnitudo
3848 2363 3950 2419 he-

2359 2432 2558 2500 nelicii,
2593 2435 2680 2490 vel
2699 2437 2841 2506 quod
2860 2437 2929 2493 ab
2951 2455 3018 2495 eo
3043 2455 3302 2498 amemur.
3349 2444 3777 2522 Unumquodque
3799 2457 3950 2510 enim

2359 2536 2544 2577 eorum
2578 2539 2674 2594 per
2717 2542 2777 2582 se
2825 2538 3002 2597 potest
3048 2531 3101 2584 in
3151 2535 3309 2588 nobis
3353 2551 3592 2593 amorem
3638 2556 3949 2610 procreare.

2356 2614 2470 2670 Etsi
2498 2617 2642 2672 enim
2666 2619 2868 2675 nullum
2896 2622 3210 2680 beneficium
3238 2628 3307 2682 ah
3347 2630 3526 2701 aliquo
3548 2639 3940 2705 acceperimus,

2357 2710 2532 2764 solum
2557 2721 2736 2767 autem
2767 2713 3070 2784 audiamus,
3091 2733 3211 2774 eum
3241 2737 3339 2777 nos
3367 2735 3624 2794 perpetuo
3645 2744 3858 2797 amare,
3887 2743 3951 2788 nt

2355 2804 2444 2872 qui
2473 2820 2572 2860 nos
2597 2805 2776 2862 laudet
2801 2819 2856 2863 et
2878 2809 3196 2878 admiretur,
3219 2815 3268 2869 ei
3298 2815 3580 2873 confestim
3603 2823 3948 2892 conglutina-

2355 2909 2495 2960 mur,
2526 2904 2580 2951 et
2607 2911 2728 2951 eum
2772 2907 3039 2970 tamquam
3088 2903 3482 2964 benefactorem
3528 2911 3842 2983 diligimus:
3887 2919 3946 2974 in

2357 2986 2465 3041 Deo
2492 2997 2669 3044 autem
2701 3005 2806 3045 non
2834 2992 2935 3049 hoc
2957 2995 3152 3062 solum,
3184 2997 3278 3053 sed
3301 2998 3417 3056 haec
3445 3003 3606 3059 etiam
3627 3007 3726 3060 tria
3755 3009 3944 3067 videre

2355 3077 2479 3134 licet
2511 3089 2676 3150 tanta,
2704 3093 2758 3138 et
2781 3093 2888 3139 tam
2930 3086 3154 3158 insignia
3175 3133 3190 3157 ,
3222 3101 3278 3146 ut
3301 3093 3444 3148 nulla
3468 3109 3530 3150 ea
3559 3100 3724 3166 possit
3763 3103 3946 3172 expli-

2351 3184 2475 3226 care
2501 3175 2691 3228 oratio.
2739 3175 2804 3230 Et
2830 3178 3058 3245 primum
3090 3181 3428 3250 pulchritudo
3465 3187 3604 3242 illius
3633 3189 3799 3245 beatis
3823 3234 3839 3259 ,
3885 3204 3945 3249 et

2351 3263 2419 3318 ab
2444 3264 2658 3321 interitu
2694 3267 2880 3323 alienze
2903 3279 3125 3337 naturae,
3156 3289 3242 3329 res
3266 3278 3604 3346 estquzedam
3633 3281 3856 3349 innita,
3884 3294 3946 3342 et

2349 3358 2492 3413 nulla
2511 3359 2717 3416 ratione
2739 3365 3055 3432 superabilis
3078 3367 3118 3431 ,
3144 3382 3265 3436 quae
3295 3382 3508 3426 omnem
3533 3373 3750 3428 excedit
3769 3377 3943 3432 ratio-

2349 3464 2492 3513 nem,
2525 3460 2580 3506 et
2605 3466 2818 3508 omnem
2849 3455 3033 3525 effugit
3068 3459 3461 3528 cogitationem.
3506 3462 3732 3530 Quando
3756 3477 3942 3524 autem

2351 3540 2796 3608 pulchritudinem
2818 3545 3103 3614 audiveris,
3133 3549 3264 3604 nihil
3284 3566 3600 3622 c0rporeum
3625 3557 3945 3628 suspiceris,

2401 3633 2614 3700 dilecte,
2643 3636 2736 3691 scd
2759 3639 2985 3707 gloriam
3007 3643 3290 3708 quamdam
3320 3644 3712 3718 incorpoream,
3741 3661 3796 3705 et
3817 3667 3936 3706 ma-

2346 3729 2705 3799 gnificentiam
2737 3731 3074 3789 iuellabilcm.

2416 3821 2470 3876 4.
2519 3822 2666 3878 Hanc
2706 3825 2886 3894 itaque
2923 3827 3202 3882 declarans
3241 3831 3498 3900 prepheta
3548 3835 3758 3890 dicebat
3800 3852 3814 3889 :
3867 3836 3938 3894 Et

2347 3911 2619 3980 Seraphim
2661 3917 2858 3970 stabant
2905 3918 2958 3970 in
2999 3920 3210 3972 circuitu
3233 3923 3342 3991 ejus
3366 3964 3380 3986 ,
3427 3934 3476 3977 et
3511 3924 3705 3980 duabus
3730 3930 3938 3996 quidem

2346 4005 2522 4072 pennis
2542 4005 2734 4059 vultum
2763 4008 2990 4078 tegebant
3013 4049 3031 4074 ,
3079 4011 3283 4083 duabus,
3311 4029 3426 4068 vero
3471 4017 3699 4087 tegebant
3740 4021 3894 4089 pedes
3915 4065 3932 4088 ,

2343 4092 2542 4148 duabus
2566 4106 2733 4149 autem
2755 4099 2985 4151 volabant
3006 4109 3054 4153 et
3077 4100 3385 4169 clamabant,
3417 4105 3657 4171 Sanctus,
3682 4109 3928 4174 Sanctus,

2345 4183 2565 4241 Sanctus
2593 4186 2744 4257 (lsai.
2776 4190 2829 4243 6.
2855 4188 2911 4242 2.
2939 4189 2993 4262 5)
3015 4232 3030 4256 ,
3073 4207 3140 4247 ex
3178 4205 3394 4264 stupore
3413 4237 3430 4262 ,
3460 4213 3525 4252 ex
3555 4198 3932 4271 admiratione,

2342 4292 2408 4331 cx
2439 4277 2533 4333 illo
2559 4279 2771 4345 decore,
2804 4296 2869 4335 ex
2889 4282 3075 4351 gloria.
3109 4285 3174 4338 Et
3201 4302 3385 4341 rursus
3415 4289 3578 4344 David
3601 4305 3720 4346 cum
3749 4305 3932 4352 mente

2341 4368 2779 4436 apprehendisset
2823 4370 2961 4427 hanc
2991 4373 3158 4443 ipsam
3187 4375 3356 4431 beata:
3401 4379 3538 4436 illius
3569 4392 3771 4436 nutum
3807 4385 3928 4453 pul-

2339 4460 2714 4528 chritudinem,
2737 4472 2785 4518 et
2809 4464 3032 4534 gloriam
3061 4465 3439 4539 obstupuisset,
3469 4473 3679 4528 dicebat
3703 4493 3716 4528 :
3739 4477 3930 4530 Accin-

2339 4569 2454 4622 gere
2485 4553 2656 4624 gladio
2687 4566 2772 4608 tuo
2796 4572 2950 4625 super
2973 4557 3138 4626 femur
3167 4569 3331 4628 luunt,
3373 4565 3734 4633 potentissime,
3763 4571 3931 4637 specie

2341 4655 2426 4696 tua
2462 4654 2508 4698 et
2556 4644 2932 4713 pulchritudine
2959 4657 3047 4702 tua
3091 4647 3262 4721 (Psal.
3293 4653 3380 4707 M.
3425 4654 3480 4708 4.
3511 4655 3590 4725 5).
3633 4655 3926 4728 Propterea

2339 4733 2513 4790 Moses
2538 4737 2686 4791 illum
2713 4753 2855 4806 saepe
2881 4740 3128 4810 cupiebat
3155 4740 3351 4806 videre,
3384 4743 3486 4800 huc
3502 4762 3685 4802 amore
3712 4750 3923 4804 saucia-

2340 4835 2442 4892 tus,
2471 4836 2523 4882 et
2554 4829 2694 4882 illam
2720 4845 2906 4884 amans
2929 4832 3149 4902 gloriam
3177 4832 3372 4902 (Exod.
3400 4837 3488 4891 53.
3521 4839 3629 4908 l3).
3661 4839 3925 4906 Quocirca

2337 4919 2547 4974 dicebat
2586 4936 2798 4992 quoque
2829 4922 3104 4994 Philippus
3136 4942 3150 4978 :
3185 4925 3407 4981 Ostende
3440 4929 3582 4984 nobis
3615 4929 3845 4996 Patrem,
3880 4946 3926 4987 et

2335 5015 2513 5083 sufcit
2556 5014 2696 5068 nobis
2737 5013 2916 5087 (Joan.
2964 5015 3050 5071 14.
3079 5017 3158 5086 ).
3209 5015 3302 5073 Vel
3347 5020 3524 5088 potius
3571 5037 3933 5096 quascumque.

2333 5107 2625 5162 dixerimus
2644 5149 2658 5170 ,
2687 5123 2754 5161 ne
2782 5123 3002 5177 parvum
3026 5109 3238 5179 quidem
3265 5153 3280 5177 ,
3314 5110 3422 5166 imo
3450 5127 3519 5167 ne
3540 5113 3681 5169 exile
3703 5115 3921 5182 quidem

2333 5199 2611 5269 vestigium
2664 5200 2806 5254 illius
2850 5198 3058 5256 decoris
3101 5201 3395 5271 poterimus
3449 5204 3736 5274 explicare.
3813 5206 3923 5264 Sed

2328 5296 2416 5347 vis
2455 5291 2713 5348 beneficia
2757 5293 3186 5349 enumeremus?
3235 5292 3314 5347 Ne
3355 5308 3417 5347 ea
3462 5296 3674 5364 quidem
3719 5303 3920 5367 poterit

2329 5383 2501 5438 oratio
2521 5384 2796 5452 consequi.
2824 5383 2890 5438 Et
2912 5383 3031 5438 ideo
3055 5383 3266 5439 dicebat
3295 5384 3527 5439 Paulus:
3557 5385 3734 5442 Gratia
3750 5401 3919 5444 autem

2330 5473 2550 5530 Domino
2578 5485 2784 5545 propter
2811 5475 3000 5530 donum
3025 5478 3136 5548 ejus
3165 5477 3502 5532 inenarrabile
3545 5483 3563 5546 (
3590 5478 3646 5532 2.
3691 5479 3810 5535 Cor.
3856 5483 3912 5539 9.

2329 5569 2442 5638 15).
2471 5570 2536 5625 Et
2563 5583 2746 5624 rursus
2775 5587 2788 5624 :
2822 5569 2947 5637 Qua:
2963 5572 3139 5626 oculus
3160 5587 3262 5626 non
3285 5573 3429 5638 vidit,
3458 5582 3505 5628 et
3526 5573 3666 5627 auris
3694 5592 3794 5630 non
3822 5595 3918 5632 au-

2390 5733 2521 5798 tum
2544 5743 2720 5798 voces,
2742 5736 2789 5798 et
2816 5730 2950 5784 nulla
2982 5735 3168 5787 ratione
3197 5733 3484 5798 superabilis
3502 5769 3517 5798 ,
3540 5735 3719 5787 desunt
3740 5737 3792 5787 in
3817 5751 3916 5792 uno

2319 5795 2495 5846 Codice
2516 5794 2640 5857 apud
2664 5793 2804 5846 Savil.
