4154 6444
163 371 246 429 lﬁl
1304 358 1666 421 EXPOSITIO
1700 359 1767 419 IN
1806 359 2132 419 PSALMUM
2173 359 2306 417 XLI.

161 483 303 549 dicit,
343 490 392 538 et
434 483 496 537 in
532 498 633 540 cor
672 482 896 537 hominis
941 498 1040 535 non
1078 478 1449 545 ascenderunt,
1492 492 1607 548 qua
1632 474 1772 533 Deus

3392 363 3497 419 M9.

1881 484 2133 547 acceptas
2169 475 2434 547 primitias
2472 476 2751 534 Comidere
2781 476 2901 548 fecit
2930 493 3088 548 super
3112 494 3312 536 omnem
3346 488 3495 548 prin-

158 574 461 643 vrcparaoit
498 576 573 629 iis
619 578 709 646 qui
752 574 925 643 ipsum
951 572 1171 639 diligunt
1202 569 1294 643 (1.
1328 568 1447 624 Cor.
1476 566 1653 641 ιο).
1706 566 1775 623 Et
1879 566 2128 638 cipatum,
2163 576 2462 636 potestatem
2485 609 2501 633 ,
2548 576 2597 622 et
2639 566 2994 634 dominatum,
3039 577 3089 622 et
3115 585 3268 622 omne
3309 585 3495 626 nomen

163 680 335 722 rursus
362 684 379 721 :
416 665 469 721 0
497 666 735 721 altitudo
760 666 1072 730 diuitiarum,
1101 671 1151 718 et
1172 662 1459 735 sapientia,
1485 661 1774 718 etscientite
1880 660 2019 731 quod
2039 661 2336 715 nominatur
2362 676 2465 715 non
2494 660 2660 714 solum
2689 661 2744 714 in
2769 660 2865 714 hoc
2889 660 3111 728 uacula,
3142 663 3233 715 sed
3259 662 3413 716 etiam
3439 663 3493 718 in

163 755 264 819 Dei,
295 772 452 828 quant
480 756 851 812 inscrutabilia
877 766 994 811 sunt
1011 754 1212 826 judicia
1238 755 1371 821 eius,
1395 762 1444 808 et
1462 753 1772 823 imperasti-

161 848 336 923 gabiles
361 850 464 903 sic
501 849 627 919 ejus
666 846 847 917 (Rom.
880 848 968 902 11.
998 844 1127 918 53)!
1175 844 1305 914 Ejus
1349 852 1529 899 autem
1568 841 1622 896 in
1672 856 1771 896 nos

164 955 389 997 amarat
417 954 687 1010 quamam
711 937 992 1008 explicarit
1017 934 1227 991 oratio?
1264 934 1399 990 Eum
1424 939 1572 988 certe
1597 929 1765 985 admi-

162 1046 275 1087 rans
303 1030 535 1087 dicebat
555 1029 833 1086 Joannes:
863 1027 954 1083 Sic
980 1027 1117 1082 enim
1136 1024 1277 1081 Deus
1307 1020 1766 1088 (tiles-innantium,

164 1134 211 1177 at
239 1120 437 1178 Filium
458 1138 631 1178 suum
654 1122 806 1176 dant
830 1120 1146 1191 unigenitum
1176 1117 1357 1191 (Joan.
1388 1116 1444 1172 3.
1475 1115 1591 1186 16).
1615 1113 1768 1182 Quod

166 1216 204 1270 si
229 1217 309 1270 vis
345 1215 474 1283 ejus
519 1213 693 1269 verba
722 1212 942 1277 audire,
974 1219 1031 1265 et
1064 1222 1391 1281 cognoscere
1418 1204 1766 1267 desiderium,

164 1307 273 1362 audi
292 1306 424 1378 quid
447 1305 609 1362 dicat
634 1320 731 1376 per
757 1302 1069 1375 prophetam
1094 1319 1111 1357 :
1145 1292 1410 1371 Numquid
1450 1297 1771 1355 obliviscetur

161 1400 332 1455 mulier
379 1400 628 1455 misereri
670 1410 908 1461 natorum
949 1395 1081 1451 uteri
1132 1394 1254 1450 sui!
1305 1391 1459 1460 Quod
1501 1391 1548 1445 si
1594 1405 1770 1444 eorum

164 1492 300 1546 diem
328 1491 675 1547 obliuiscetur
696 1490 898 1555 mulier,
945 1504 1038 1560 ego
1068 1497 1237 1542 tamen
1262 1502 1365 1541 non
1401 1484 1668 1539 obliviscar
1696 1482 1770 1535 tui

167 1584 303 1654 (fsos'.
329 1584 425 1641 49.
472 1583 597 1655 15).
652 1580 721 1638 Et
757 1584 896 1638 sicut
930 1579 1021 1636 hic
1046 1574 1770 1645 dicebam-Quemadmodum

168 1678 411 1734 desiderat
425 1694 617 1733 cereus
645 1676 715 1731 ad
736 1679 900 1749 fontes
924 1690 1196 1748 aquarum,
1223 1671 1299 1727 ita
1321 1669 1575 1726 desiderat
1597 1669 1770 1722 anima

168 1785 268 1822 utea
286 1768 357 1821 ad
377 1778 451 1834 te,
482 1767 664 1824 Deus:
683 1767 758 1822 ita
776 1765 936 1822 etiam
953 1763 1083 1820 dicit
1105 1761 1354 1819 Christus
1377 1779 1392 1816 :
1425 1758 1773 1829 Quemadmo-a

170 1862 279 1915 dust
302 1868 585 1932 congregat
610 1856 808 1929 gallina
826 1854 994 1929 pullos
1018 1870 1141 1911 suos
1161 1896 1178 1922 ,
1198 1853 1272 1908 ita
1289 1853 1427 1908 uolui
1460 1866 1771 1923 congregare

168 1952 290 2021 ﬁlios
312 1961 535 2016 uestros,
559 1962 609 2006 et
632 1950 870 2005 noluistis
897 1947 1110 2023 (Matth.
1137 1945 1230 2003 23.
1262 1945 1378 2017 57).
1430 1943 1501 2000 Et
1534 1958 1721 1999 rursus
1751 1959 1768 1999 :

170 2040 305 2098 Sicut
344 2042 627 2097 miseretur
678 2049 825 2111 pater
870 2040 1093 2109 filiorum
1136 2053 1346 2093 suorum
1364 2077 1382 2104 ,
1422 2035 1659 2091 misertus
1698 2042 1770 2089 est

172 2130 911 2203 Denisuseorumquiipsusu
948 2130 1125 2184 timatt
1153 2124 1328 2199 (Psal.
1370 2126 1495 2183 102.
1540 2123 1655 2198 15).
1705 2125 1772 2180 Et

172 2238 385 2280 rursus:
421 2224 687 2291 Quoniam
728 2222 1007 2279 secundum
1043 2220 1366 2276 altitudinem
1401 2218 1517 2275 cali
1561 2235 1596 2271 a
1633 2214 1771 2273 terra

171 2318 483 2385 conﬁrmauit
504 2316 763 2371 Dominus
789 2314 1187 2370 misericordiam
1209 2329 1355 2369 suam
1375 2328 1529 2384 super
1542 2312 1771 2366 timentes

173 2409 325 2481 ipsum
340 2407 515 2479 (Ibid.
538 2408 710 2480 ιη).
739 2407 805 2463 Et
825 2404 1274 2479 quemadmodum
1297 2402 1555 2475 propheta
1584 2417 1772 2458 exeun-

174 2503 307 2570 plum
371 2500 576 2572 quaerit
632 2508 693 2555 ut
741 2514 899 2556 suum
943 2496 1193 2554 ostendat
1242 2494 1569 2552 desiderium
1618 2510 1632 2547 :
1695 2493 1769 2548 ita

175 2594 323 2649 etiam
354 2593 502 2650 Deus
529 2593 701 2648 utitur
726 2589 1045 2662 quibusdam
1083 2587 1346 2657 exemplis
1364 2628 1381 2655 ,
1413 2594 1476 2641 ut
1502 2583 1770 2656 signiﬁcet

176 2685 319 2741 nobis
361 2701 524 2742 suum
574 2698 814 2740 amorem
864 2688 1065 2739 nostrae
1126 2681 1335 2737 salutis.
1394 2678 1464 2735 Et
1505 2673 1766 2749 propheta

178 2776 378 2847 quidem
405 2777 552 2833 dixit
576 2789 791 2832 cervam
833 2774 1125 2839 sitientem,
1167 2780 1221 2827 et
1251 2780 1450 2827 terram
1475 2769 1721 2826 adustam
1751 2788 1767 2824 :

182 2872 308 2927 Deos
332 2860 869 2943 autem'gallinamm
888 2870 941 2925 in
964 2869 1140 2940 pullos
1158 2869 1461 2934 caritatem,
1483 2876 1539 2921 et
1557 2875 1769 2937 patrum

181 2978 346 3019 caram
370 2980 437 3020 ac
464 2962 903 3028 sollicitudinem,
929 2971 985 3017 et
1018 2960 1139 3016 celi
1174 2975 1205 3014 a
1233 2968 1375 3015 terra
1404 2957 1767 3021 altitudinem.

183 3065 232 3111 et
254 3064 486 3111 matrum
512 3057 720 3110 viscera
742 3095 761 3121 ,
793 3067 925 3108 non‘
946 3051 1087 3124 quod
1133 3050 1307 3107 solum
1353 3060 1562 3106 tantum
1599 3058 1764 3114 amet,

182 3156 425 3219 quantum
444 3155 622 3202 mater
639 3144 827 3210 ﬁlium,
854 3143 949 3201 sed
964 3144 1217 3215 quoniam
1239 3143 1323 3199 his
1341 3140 1767 3205 deﬁnitionibus,

185 3238 405 3308 regulis,
435 3247 495 3295 et
528 3236 793 3308 exemplis
830 3250 937 3291 non
963 3244 1087 3291 sunt
1117 3234 1259 3305 apud
1285 3248 1386 3290 nos
1420 3234 1524 3289 alia
1564 3232 1767 3303 majora

183 3328 318 3399 signa
340 3339 397 3385 et
410 3338 726 3402 argumenta
742 3326 1011 3383 amicitiae.
1033 3326 1165 3382 Nam
1188 3326 1330 3398 quod
1352 3340 1451 3382 nos
1467 3341 1574 3381 non
1595 3325 1771 3380 solum

188 3426 375 3476 natum
401 3428 552 3476 amet
573 3461 588 3486 ,
616 3426 873 3491 quantum
906 3429 1078 3473 mater
1108 3417 1192 3489 pia
1236 3418 1378 3473 ﬁlios
1401 3459 1416 3482 ,
1465 3416 1562 3473 sed
1609 3417 1771 3472 etiam

188 3515 337 3569 multo
365 3516 573 3586 mgis,
603 3512 727 3568 audi
763 3511 892 3583 quid
926 3511 1059 3567 dicit
1096 3529 1109 3565 :
1156 3510 1309 3579 Quod
1346 3511 1391 3564 si
1422 3511 1576 3566 etiam
1612 3509 1771 3564 oblita

190 3610 329 3677 fuerit
349 3618 511 3663 uenter
532 3608 764 3677 filiorum
786 3620 1016 3671 suorum
1046 3620 1138 3677 ego
1168 3614 1337 3660 tamen
1365 3606 1438 3658 tui
1472 3621 1574 3659 non
1595 3603 1774 3658 oblivi-

188 3713 289 3753 scr
314 3698 474 3774 (issi.
507 3698 602 3755 49.
636 3697 752 3768 15).
803 3696 917 3753 Hoc
962 3704 1142 3753 autem
1186 3694 1400 3751 dicebat
1440 3695 1768 3766 signiﬁcans,

190 3806 329 3849 suum
360 3793 416 3848 in
443 3806 547 3848 nos
572 3788 898 3847 desiderium
936 3802 1061 3845 esse
1101 3786 1250 3843 omni
1290 3787 1514 3843 caritate
1543 3786 1773 3843 naturali

190 3883 466 3941 ardentius.
517 3882 647 3939 Haec
674 3890 853 3938 autem
890 3878 1072 3937 omnia
1096 3878 1241 3949 apud
1267 3881 1496 3949 teipsutn
1525 3879 1773 3935 conside-

194 3986 275 4041 ra,
315 3983 371 4031 et
408 3986 652 4030 amorem
693 3970 1066 4028 vehementem
1114 3968 1380 4025 accendes
1401 4008 1419 4035 ,
1464 3969 1773 4040 claramque

195 4063 444 4125 ﬂammam
490 4065 923 4139 resplendentom
962 4063 1202 4121 caritatis
1241 4061 1462 4120 efﬁcies.
1504 4060 1771 4130 Quoniam

194 4172 309 4230 ergo
333 4161 461 4217 nihil
495 4158 639 4231 apud
667 4173 767 4214 nos
812 4158 1059 4214 homines
1101 4170 1258 4228 mque
1294 4156 1437 4211 solet
1476 4153 1775 4210 accendere

194 4252 492 4319 amicitiam,
523 4261 583 4309 ut
620 4251 834 4307 assidue
874 4249 1187 4307 meminisse
1230 4248 1616 4306 beneﬁciorum
1654 4263 1773 4318 qum

196 4345 482 4415 accepimus
513 4362 528 4399 ε
557 4345 662 4399 hoc
683 4345 844 4399 etiam
870 4344 923 4397 in
949 4343 1059 4398 Deo
1079 4340 1359 4397 faciamus.

256 4432 497 4505 Beneﬁcia
542 4435 641 4490 Dei
680 4436 737 4489 in
778 4450 891 4491 nos.
931 4462 1006 4477 —
1037 4435 1191 4504 Apud
1227 4449 1328 4489 nos
1371 4433 1774 4490 consideremus

198 4539 525 4600 Quacumque
552 4527 680 4583 fecit
707 4534 929 4598 propter
955 4539 1074 4589 nos,
1098 4526 1274 4596 ipsum
1298 4525 1490 4579 caelum
1506 4566 1522 4591 ,
1548 4533 1768 4587 terram,

199 4631 345 4686 male,
368 4635 549 4676 aerem
582 4637 597 4675 :
629 4635 749 4689 qua;
772 4620 825 4673 in
854 4628 993 4689 terra
1022 4627 1170 4682 sunt,
1198 4617 1441 4680 arbores,
1471 4618 1651 4672 varios
1670 4616 1774 4672 llo-

202 4711 567 4781 res,jumenta,
588 4711 795 4782 reptilia
828 4727 842 4763 :
890 4724 951 4765 ea
976 4724 1095 4781 qum
1124 4719 1251 4766 sunt
1278 4709 1330 4762 in
1353 4707 1488 4763 mari
1528 4727 1541 4763 :
1574 4723 1694 4779 qua:
1719 4709 1772 4763 in

201 4814 307 4857 aere
325 4802 500 4859 medio
526 4821 541 4860 :
568 4813 711 4858 astra
739 4816 861 4873 quae
887 4812 1013 4857 sunt
1038 4802 1090 4855 in
1120 4801 1253 4857 czelo
1276 4842 1292 4865 ,
1331 4800 1522 4866 solem,
1570 4799 1771 4864 lunam,

202 4900 248 4945 et
276 4904 328 4949 ut
363 4895 532 4950 semel
572 4894 745 4949 dicam
767 4935 784 4960 ,
834 4895 1014 4949 omnia
1053 4909 1176 4964 qua:
1204 4892 1489 4957 videntur,
1529 4890 1766 4962 fulgura,

203 4992 476 5056 temporum
499 4985 778 5057 pulchrum
806 4986 1050 5041 ordinem
1074 5026 1091 5051 ,
1131 4986 1235 5040 diei
1263 4996 1316 5040 et
1353 4985 1526 5040 noctis
1554 5000 1774 5041 succes-

201 5075 417 5143 sionem,
460 5093 670 5133 anunas
706 5079 1109 5133 conversiones.
1161 5078 1410 5131 Animam
1455 5077 1771 5146 inspiravit,

205 5170 437 5227 rationem
472 5170 725 5236 donavit,
754 5170 990 5225 maximo
1015 5170 1299 5224 honoravit
1328 5169 1578 5238 imperio.
1631 5167 1776 5224 Misit

202 5262 418 5330 angelos,
445 5262 591 5317 misit
610 5261 918 5334 prophetas,
950 5271 1134 5331 postea
1176 5260 1370 5315 Filium
1406 5274 1564 5316 suum
1592 5263 1777 5332 unige-

205 5353 368 5410 nitum.
420 5356 488 5411 Et
531 5366 652 5424 post
692 5356 777 5411 illa
805 5369 991 5410 rursus
1032 5357 1149 5423 ipse
1179 5369 1396 5425 quoque
1432 5364 1487 5409 et
1516 5369 1611 5423 per
1637 5370 1695 5410 se
1722 5365 1776 5408 et

207 5457 284 5513 per
307 5445 497 5502 Filium
529 5446 862 5518 unigenitum
904 5444 1151 5501 hortatur
1198 5456 1257 5499 ut
1284 5455 1340 5499 tu
1375 5444 1645 5510 serveris;
1675 5459 1778 5501 nec

206 5548 354 5593 cessat
382 5538 577 5594 Paulus
604 5540 659 5594 in
686 5538 1006 5595 hodiernum
1033 5552 1204 5607 usque
1241 5537 1385 5593 diem
1406 5537 1591 5593 dicere
1623 5552 1636 5591 :
1674 5534 1777 5589 Pro

208 5624 379 5687 Christo
408 5630 657 5702 legatione
679 5631 964 5703 fungimur,
1010 5646 1193 5700 nempe
1246 5628 1354 5684 Deo
1401 5646 1493 5700 per
1535 5646 1628 5683 nos
1653 5630 1775 5683 lior-

209 5731 334 5788 tante,
358 5723 679 5780 obsecrem
695 5740 786 5796 pro
805 5721 1026 5787 Christo,
1038 5721 1436 5778 recmiciliamini
1448 5720 1557 5775 Deo
1571 5718 1774 5792 (ἰσων.

212 5804 253 5863 ἵ.
272 5811 377 5872 20).
412 5815 479 5871 Et
502 5829 568 5872 ne
586 5814 673 5871 hic
698 5813 915 5884 quidem
946 5813 1210 5879 constitit,
1239 5812 1335 5869 sed
1368 5828 1437 5870 ex
1469 5821 1560 5868 tua
1591 5816 1781 5864 natura

1878 756 2051 824 futuro
2084 751 2303 827 (Epltes.
2346 753 2400 809 1.
2450 751 2567 823 Si).
2614 752 2771 809 Nunc
2820 767 2948 809 vero
2990 764 3076 808 est
3124 763 3490 825 opportunum

1876 844 2057 901 dicere
2088 861 2102 898 :
2133 845 2260 911 Quis
2284 845 2520 915 loquetur
2544 846 2798 917 potentias
2838 844 3069 906 Domini.
3100 856 3146 899 et
3177 847 3383 901 auditas
3407 852 3490 917 [ιι-

1875 940 1973 991 ciet
2010 954 2184 992 omnes
2227 937 2551 993 laudationes
2592 939 2702 1010 ejus
2741 937 2920 1009 (Psal.
2952 939 3076 995 105.
3108 939 3208 1008 2)?
3255 938 3322 993 Et
3364 940 3492 993 illud

1877 1043 2065 1083 rursus
2096 1046 2109 1082 :
2146 1029 2283 1095 Quid
2312 1030 2593 1084 retribuam
2615 1027 2860 1093 Domino,
2891 1047 2984 1098 pro
3004 1028 3239 1084 omnibus
3258 1044 3376 1101 qum
3403 1046 3491 1083 re-

1878 1118 2053 1174 tribuit
2078 1120 2203 1174 mihi
2229 1118 2415 1193 (Psal.
2447 1120 2571 1176 H5.
2598 1120 2732 1192 12)?
2776 1119 2915 1189 Quid
2956 1120 3101 1174 enim
3145 1129 3319 1189 potest
3365 1135 3489 1175 cum

1878 1208 1983 1265 hoc
2010 1210 2217 1267 honore
2241 1209 2499 1279 conferri,
2525 1212 2629 1268 nisi
2653 1210 2869 1282 quando
2890 1211 3141 1282 primitiae
3159 1213 3374 1282 generis
3398 1228 3495 1265 no-

1876 1302 1996 1366 stri,
2024 1302 2166 1372 quod
2190 1303 2245 1357 in
2268 1313 2374 1356 tam
2404 1303 2590 1358 multis
2620 1301 2878 1367 oﬂ‘endit,
2910 1302 3052 1372 quod
3097 1303 3387 1373 ignominia
3435 1313 3493 1359 et

1874 1392 2141 1451 dedecore
2170 1405 2253 1451 est
2280 1394 2554 1460 affectum,
2578 1395 2631 1450 in
2662 1404 2810 1450 tanta
2832 1394 3023 1451 sedent
3049 1394 3355 1459 altitudine.
3376 1405 3495 1449 tan-

1878 1495 2041 1559 toque
2091 1489 2298 1544 honore
2346 1504 2490 1544 nunc
2518 1488 2808 1544 fruuntur?
2849 1485 2962 1544 Nec
3010 1504 3143 1544 vero
3184 1491 3495 1545 communia

1874 1582 2052 1638 solum
2077 1580 2362 1646 beneﬁcia,
2389 1580 2487 1637 sed
2515 1581 2678 1637 etiam
2710 1582 2924 1652 propria
2946 1588 3001 1635 et
3031 1581 3236 1649 privata
3267 1581 3410 1651 apud
3443 1590 3495 1635 te

1876 1682 2087 1742 reputa,
2118 1672 2576 1744 quemadmodum
2618 1673 2665 1728 si
2688 1672 2903 1743 quando
2929 1671 3125 1728 fuisses
3160 1673 3371 1729 delatus
3400 1688 3498 1745 per

1875 1763 2225 1828 calumniam,
2245 1764 2524 1820 absolutus
2546 1778 2699 1820 esses
2725 1764 2796 1819 ab
2822 1764 3263 1820 accusatione:si
3279 1765 3497 1835 quando

1876 1869 1999 1911 cum
2027 1854 2203 1911 media
2223 1863 2282 1910 et
2305 1857 2627 1924 intempesta
2648 1863 2809 1911 mete
2837 1854 3122 1911 incidisses
3146 1854 3205 1911 in
3230 1855 3491 1919 latrones,

1876 1946 2161 2019 effugisses
2210 1947 2424 2003 illorum
2452 1947 2677 2004 insidias
2706 1965 2721 2003 :
2752 1949 2797 2003 si
2828 1947 3052 2019 quando
3078 1963 3147 2003 ex
3171 1948 3373 2005 damno
3398 1950 3496 2005 tibi

1876 2039 2026 2094 illato
2054 2046 2110 2095 te
2133 2039 2537 2109 espedivisses:
2568 2040 2611 2093 si
2638 2053 2762 2095 cum
2786 2040 2840 2095 in
2872 2040 3124 2095 morbum
3149 2052 3371 2111 gravem
3408 2041 3495 2097 in-

1874 2131 2122 2198 cidisses,
2154 2141 2432 2188 recreatus
2460 2147 2633 2189 esses.

1946 2224 2005 2281 5.
2047 2223 2259 2295 Reputa
2288 2239 2412 2294 quae
2440 2238 2543 2295 per
2568 2232 2737 2280 totam
2774 2232 2919 2279 tuam
2950 2224 3116 2279 vitam
3158 2224 3416 2295 accepisti
3464 2242 3498 2282 a

1880 2314 1991 2371 Deo
2037 2316 2325 2382 beneﬁcia,
2377 2317 2599 2371 omnino
2641 2331 2704 2372 ea
2748 2315 3016 2386 permulta
3068 2317 3332 2384 invenies,
3386 2333 3494 2372 non

1878 2408 2056 2465 solum
2079 2410 2133 2465 in
2161 2418 2275 2466 tota
2302 2409 2435 2477 vita,
2468 2408 2566 2466 sed
2596 2407 2682 2464 vel
2710 2409 2762 2464 iu
2791 2423 2903 2463 uno
2933 2407 3026 2465 die
3054 2426 3070 2464 :
3098 2410 3143 2464 si
3162 2410 3326 2465 vellet
3351 2409 3494 2465 Deus

1875 2504 2057 2559 omnia
2084 2502 2365 2569 beneﬁcia,
2396 2501 2594 2575 quibus
2619 2515 2720 2557 nos
2751 2501 2995 2573 quotidie
3039 2500 3243 2567 afﬁcit,
3287 2502 3498 2572 impru-

1878 2593 2133 2650 dentibus
2162 2595 2319 2651 nobis
2346 2602 2404 2650 et
2443 2594 2834 2657 nescientibus,
2887 2593 2944 2649 in
2988 2578 3227 2649 medium
3277 2591 3492 2657 aii‘errc,

1876 2702 1948 2742 ne
1992 2702 2056 2742 ea
2082 2687 2300 2759 quidem
2353 2700 2677 2743 enumerare
2716 2699 3022 2756 possemus.
3055 2686 3199 2752 Quot
3223 2684 3499 2741 daemones

1877 2778 2127 2835 feruntur
2153 2794 2249 2850 per
2278 2778 2424 2834 hunc
2452 2793 2634 2833 aerem
2650 2777 2677 2831 1’
2686 2785 2844 2852 ,quot
2871 2776 3115 2831 adversa:
3162 2778 3499 2847 potestates?

1876 2869 1935 2927 Si
1962 2887 2091 2943 ergo
2112 2872 2191 2927 eis
2214 2870 2390 2927 solum
2422 2869 2762 2941 permitteret
2792 2868 3090 2925 terribilem
3140 2868 3289 2923 illum
3335 2884 3494 2925 suum

1878 2972 1935 3018 et
1959 2962 2287 3018 horrendum
2308 2972 2587 3033 aspectum
2606 2961 2762 3017 nobis
2784 2960 3096 3026 ostendere,
3115 2976 3296 3015 annon
3315 2973 3499 3017 mento

1878 3054 2321 3111 dimoveremur?
2360 3069 2541 3109 annon
2582 3052 2925 3125 periremus?
2950 3067 3131 3109 annon
3160 3055 3386 3109 omnino
3411 3054 3499 3109 in-

1878 3145 2207 3203 teriremus?
2245 3145 2374 3202 Haec
2399 3147 2581 3202 omnia
2608 3153 2959 3216 reputantes,
3001 3159 3104 3201 nec
3138 3161 3246 3201 non
3275 3155 3494 3217 peccata

1878 3251 2231 3308 quaecumque
2276 3236 2364 3293 vel
2412 3244 2627 3306 sponte,
2659 3236 2748 3291 vel
2779 3236 3071 3292 inscientes
3117 3236 3455 3292 admittimus
3478 3238 3495 3268 ί
3535 3272 3543 3276 -

1881 3330 2031 3399 (nam
2062 3327 2165 3383 hoc
2189 3343 2404 3399 quoque
2434 3341 2542 3382 non
2571 3336 2655 3382 est
2686 3342 2912 3397 parvum
2942 3326 3300 3397 reputandum
3332 3327 3501 3384 bene-

1880 3419 2083 3487 ﬁcium,
2108 3419 2254 3492 quod
2283 3434 2389 3473 non
2419 3419 2647 3490 singulis
2670 3418 2864 3474 diebus
2889 3420 3029 3475 Deus
3056 3431 3239 3475 nostra
3265 3419 3497 3475 ulcisca-

1882 3524 1970 3568 tur
2009 3511 2252 3583 delicta),
2290 3512 2588 3582 poterimus
2619 3512 2788 3566 Deum
2816 3511 3062 3582 diligere.
3094 3511 3323 3579 Quando
3352 3513 3497 3567 enim

1879 3603 2197 3673 cogitaveris
2228 3610 2360 3672 quot
2392 3612 2606 3672 peccata
2633 3600 2879 3672 quotidie
2921 3602 3242 3665 committis,
3268 3612 3323 3657 et
3366 3613 3503 3672 quot

1879 3696 2103 3766 singulis
2130 3695 2320 3751 diebus
2357 3695 2617 3751 benellcia
2648 3696 2880 3765 accipis,
2910 3703 3111 3767 quanta
3144 3696 3237 3750 Dei
3270 3696 3498 3751 lenitate

1879 3800 1934 3846 et
1957 3790 2247 3846 clementia
2274 3788 2487 3854 frueris,
2521 3799 2576 3844 et
2603 3788 2748 3860 quod
2771 3789 2821 3845 si
2861 3788 3005 3844 Deus
3030 3788 3292 3844 voluisset
3316 3789 3499 3858 quoti-

1877 3883 1967 3939 die
1988 3883 2059 3940 de
2087 3884 2191 3939 tuis
2220 3883 2455 3954 peccatis
2483 3896 2672 3953 poenas
2696 3896 2912 3937 sumere
2934 3922 2951 3949 ,
2982 3896 3052 3936 ne
3088 3881 3242 3937 brevi
3277 3882 3496 3952 quidem

1881 3984 2124 4045 tempore
2153 3976 2400 4039 vixisses,
2427 3974 2612 4047 (prout
2642 3975 2772 4029 dicit
2798 3973 3095 4043 propheta:
3121 3972 3183 4028 Si
3206 3974 3499 4043 iniquitates

1879 4070 2239 4135 observaveris,
2286 4066 2537 4133 Domine,
2569 4066 2820 4131 Domine,
2849 4066 2962 4135 quis
2998 4064 3265 4120 sustinebit
3314 4064 3491 4139 [Psol.

1882 4163 2007 4222 129.
2037 4162 2172 4237 3]?)
2202 4162 2251 4218 ei
2297 4176 2423 4233 ages
2458 4160 2681 4231 gratias,
2713 4168 2768 4216 et
2816 4157 2949 4213 nihil
2990 4158 3095 4214 erit
3124 4158 3216 4214 tibi
3242 4175 3407 4230 grave
3434 4176 3499 4216 ac

1880 4254 2168 4310 molestum
2196 4268 2385 4308 eorum
2428 4268 2549 4323 quze
2592 4250 2889 4306 acciderint
2942 4266 2956 4303 :
3007 4249 3106 4305 sed
3150 4250 3397 4317 videbis,
3444 4262 3499 4308 te

1880 4347 2090 4403 etiamsi
2124 4347 2402 4401 innumera
2429 4344 2589 4415 longe
2612 4346 2862 4413 graviora
2888 4343 3233 4407 occidissent,
3256 4342 3497 4398 nondum

1882 4448 2061 4494 tamen
2089 4438 2305 4494 dedisse
2341 4452 2527 4506 poenas
2554 4451 2690 4504 quas
2729 4450 3007 4490 merueras
3037 4451 3050 4488 :
3081 4443 3137 4488 et
3173 4433 3243 4488 ita
3272 4434 3498 4490 affectus

1881 4547 2137 4604 magnum
2160 4531 2425 4586 accendes
2451 4528 2781 4584 desiderium
2803 4570 2820 4592 ,
2850 4536 2906 4582 et
2934 4527 3139 4598 poteris
3163 4527 3343 4582 dicere
3374 4542 3495 4582 cum

1880 4627 2141 4698 propheta
2174 4643 2188 4679 :
2226 4624 2664 4692 Quemadmodum
2714 4622 2971 4675 desiderat
3015 4636 3189 4674 ceruus
3224 4621 3294 4673 ad
3325 4623 3492 4691 fontes

1878 4734 2129 4788 aquarum
2150 4760 2166 4782 ,
2208 4718 2280 4770 ita
2317 4714 2573 4770 desiderat
2623 4714 2797 4766 anima
2824 4730 2934 4767 mea
2963 4711 3033 4765 ad
3063 4722 3142 4772 te.
3191 4710 3351 4768 Deus.
3400 4712 3495 4768 Est

1879 4818 2057 4866 autem
2088 4824 2269 4878 operm
2298 4808 2526 4878 pretium
2554 4822 2821 4877 quaerere.
2850 4819 3083 4875 quanam
3107 4804 3175 4857 de
3200 4818 3360 4859 causa
3391 4805 3496 4859 hoc

1880 4908 2077 4962 animal
2118 4907 2171 4961 in
2212 4904 2447 4959 medium
2477 4903 2784 4957 adduxerit.
2816 4901 3020 4956 Cervus
3050 4910 3134 4954 est
3162 4899 3491 4957 sitibundus.

1880 5012 1938 5057 et
1960 5000 2080 5056 ideo
2104 5000 2411 5069 frequenter
2437 4998 2608 5051 currit
2628 4995 2695 5049 ad
2726 4994 2903 5050 fontes
2931 5008 3213 5064 aquarum.
3247 4992 3499 5049 Efﬁcitur

1879 5107 2060 5149 autem
2083 5092 2383 5149 sitihundus
2409 5102 2461 5143 et
2482 5106 2510 5141 τι
2537 5097 2745 5146 natura.
2773 5097 2827 5141 et
2855 5103 2920 5141 ex
2944 5102 3011 5141 eo
3036 5086 3179 5157 quod
3207 5098 3489 5156 serpentes

1881 5186 2165 5251 comedat,
2196 5196 2251 5240 et
2292 5183 2507 5237 illorum
2537 5184 2711 5236 alatur
2738 5179 3079 5250 corporibus.
3129 5179 3274 5251 Ergo
3302 5190 3357 5233 tu
3390 5178 3494 5235 hoc

1881 5297 2092 5354 quoque
2122 5279 2205 5335 fac
2232 5297 2247 5334 :
2277 5287 2583 5349 serpentem
2611 5276 2997 5348 intelligibilem
3020 5276 3244 5331 comede
3268 5292 3285 5336 ς
3305 5291 3499 5345 pecca-

1882 5383 1991 5428 tum
2024 5372 2171 5426 humi
2217 5380 2531 5441 prosterue,
2574 5378 2629 5423 et
2654 5368 2858 5438 poteris
2885 5368 3037 5422 sitire
3077 5365 3171 5421 Dei
3198 5365 3491 5422 desiderio.

1881 5462 2343 5534 Quemadmodum
2370 5462 2514 5516 enim
2541 5459 2680 5514 mala
2701 5457 3031 5515 conscientia
3054 5456 3221 5512 efﬁcit
3250 5472 3351 5511 nos
3377 5472 3493 5511 sor-

1880 5560 2058 5626 didos,
2076 5569 2132 5615 et
2157 5556 2375 5612 adducit
2406 5570 2506 5611 nos
2528 5554 2595 5610 ad
2622 5553 3054 5624 desperationem
3080 5567 3094 5603 :
3129 5554 3221 5615 ita,
3243 5550 3289 5604 si
3308 5565 3490 5605 nostra

1944 5694 1962 5718 ⁸
1994 5692 2113 5751 Hic,
2135 5696 2266 5739 teste
2288 5686 2479 5741 Sarilio.
2505 5689 2551 5737 in
2577 5684 2758 5751 Codice
2780 5683 2932 5746 Regio
2953 5683 3103 5751 raris.
3125 5680 3331 5751 legitur.
3352 5693 3487 5751 gate

1892 5742 2292 5819 cumque'soonte.
2313 5763 2518 5817 (μυεεηη
2537 5761 2628 5813 que
2651 5742 2928 5811 ignorantes
2949 5742 3491 5808 bmeﬁdabsripihcvs,

1886 5820 1932 5864 et
1948 5824 2141 5880 peccata
2162 5819 2342 5867 nostra.
