4154 6466
697 411 802 467 I65

689 537 902 597 peccata
931 522 1075 579 humi
1102 519 1566 593 prostraverimus,
1585 514 1631 569 si
1654 509 2044 581 improbitatem
2066 522 2269 578 expur-

686 620 1012 691 gaverimus,
1042 614 1337 687 poterimus
1362 610 1629 678 respicere
1653 604 1721 660 ad
1743 601 2017 674 spirituale
2054 597 2270 655 deside-

688 713 850 777 rium,
898 724 1021 764 cum
1055 718 1254 776 magna
1282 702 1444 757 animi
1474 698 1747 755 alacritate
1772 696 1939 751 Deum
1966 705 2180 755 vocare,
2215 698 2273 743 et

688 802 1143 858 vehementiorem
1166 810 1405 852 amorem
1422 789 1737 856 accendere,
1762 802 1861 845 nec
1876 785 2055 841 verbis
2074 783 2267 847 solum,

690 892 786 947 sed
813 891 972 946 etiam
1001 888 1154 945 factis
1181 887 1284 942 hoc
1313 897 1627 955 responsum
1646 878 1944 935 succinere.
1986 876 2270 945 Propterea

690 987 833 1039 enim
880 982 1115 1052 psalmos
1158 978 1311 1033 nobis
1338 976 1535 1032 cecinit
1578 974 1667 1029 ille
1708 972 1935 1035 beatus,
1965 968 2051 1023 vel
2097 966 2269 1037 potius

688 1074 859 1144 gratia
888 1071 1117 1140 Spiritus
1139 1108 1157 1133 ,
1208 1082 1313 1121 non
1357 1074 1416 1120 ut
1437 1065 1599 1120 verba
1625 1070 1828 1117 tantum
1856 1060 2131 1123 dicamus,
2174 1054 2269 1112 sed

692 1179 788 1220 eos
816 1162 968 1218 factis
994 1174 1206 1230 quoque
1236 1156 1573 1213 meditemur.
1619 1153 1698 1209 Ne
1730 1167 1861 1222 ergo
1906 1149 2181 1205 existimes
2221 1155 2275 1203 te

693 1262 970 1323 propterea
997 1250 1101 1305 huc
1122 1247 1349 1320 ingredi,
1379 1255 1438 1301 ut
1458 1245 1621 1301 verba
1656 1253 1859 1297 tantum
1886 1241 2033 1297 dicas
2050 1280 2066 1305 ,
2097 1238 2192 1294 sed
2217 1246 2277 1293 ut

691 1343 910 1413 quando
957 1340 1188 1395 succinis
1211 1378 1228 1405 ,
1277 1350 1592 1407 responsum
1642 1333 1771 1389 illud
1817 1341 1968 1403 pacta
2010 1341 2274 1385 conventa

694 1449 816 1490 esse
838 1433 1132 1488 arbitreris.
1157 1428 1380 1497 Quando
1398 1427 1540 1483 enim
1569 1424 1770 1481 dixeris
1796 1440 1811 1479 :
1840 1418 2276 1490 Quemadmodum

692 1526 945 1582 desiderat
973 1538 1146 1578 ceruus
1172 1522 1242 1576 ad
1267 1521 1432 1589 fontes
1452 1532 1722 1589 equarum,
1744 1516 1817 1569 ita
1836 1514 2086 1568 desiderat
2104 1512 2278 1566 animo

570 1617 574 1621 ’
690 1633 806 1673 utea
829 1618 898 1671 ad
920 1625 989 1680 te,
1016 1614 1157 1669 Deus
1184 1628 1203 1668 :
1238 1626 1361 1666 cum
1388 1610 1500 1666 Deo
1540 1616 1749 1678 pactam
1788 1604 1987 1668 fecisti,
2018 1603 2278 1674 scripsisti

693 1708 1050 1781 syngrapham
1077 1706 1278 1775 absque
1300 1702 1486 1757 charta
1524 1709 1581 1756 et
1610 1704 1910 1753 atramento
1928 1737 1944 1764 ,
1975 1709 2107 1751 voce
2148 1708 2277 1763 pro-

696 1803 868 1859 fessus
912 1814 964 1856 te
1004 1801 1177 1869 ipsum
1218 1797 1440 1866 diligere
1476 1794 1595 1864 plus
1631 1792 1915 1858 omnibus,
1960 1798 2016 1845 et
2055 1788 2188 1845 nihil
2226 1788 2279 1844 ei

697 1891 973 1965 praferre,
1001 1890 1225 1960 eiusque
1250 1900 1433 1942 amore
1458 1885 1668 1940 ardere.
1693 1883 1749 1939 Si
1771 1896 1902 1953 ergo
1932 1894 2181 1952 egressus
2204 1881 2279 1935 vi-

691 1984 839 2040 deris
869 1981 1158 2037 formosam
1193 1976 1425 2047 aliquam
1465 1981 1521 2031 et
1555 1973 1878 2044 impudicam
1917 1972 2194 2027 mulierem
2227 1979 2281 2026 te

697 2075 1059 2138 inescantem,
1092 2077 1150 2125 et
1176 2067 1245 2123 ad
1269 2067 1350 2122 sui
1380 2078 1619 2120 amorem
1646 2064 2000 2135 pellicientem
2025 2102 2041 2128 ,
2068 2062 2156 2117 dic
2179 2061 2228 2117 ei
2262 2077 2276 2114 :

696 2165 814 2223 Non
840 2176 1060 2235 possum
1088 2169 1142 2216 te
1176 2158 1359 2231 sequi,
1388 2172 1511 2212 cum
1539 2156 1649 2211 Deo
1676 2164 1889 2226 pactum
1913 2153 2031 2221 feci,
2059 2163 2116 2209 et
2140 2168 2280 2223 pm-

694 2259 937 2315 sentibus
958 2255 1231 2320 fratribus,
1256 2251 1644 2315 sacerdotibus,
1658 2248 1984 2313 doctoribus,
2008 2246 2283 2316 professus

693 2364 813 2405 sum
842 2357 897 2404 et
923 2346 1142 2419 promisi
1169 2360 1265 2415 per
1280 2357 1597 2422 responsum
1624 2340 1782 2408 illud,
1824 2353 1913 2395 me
1938 2353 2062 2394 eum
2096 2339 2167 2394 ita
2197 2338 2283 2393 di-

697 2442 882 2512 ligere,
917 2437 1352 2507 Quemadmodum
1377 2435 1631 2491 desiderat
1656 2448 1833 2487 cereus
1854 2431 1926 2487 ad
1946 2435 2285 2501 fontemqu-

693 2547 829 2587 raut.
875 2530 1074 2586 Vereor
1099 2538 1253 2599 pacta
1291 2535 1548 2582 conventa
1575 2523 1909 2595 transgredi,
1948 2522 2095 2577 illum
2122 2538 2283 2577 unum

697 2624 955 2694 deinceps
977 2635 1219 2676 amorem
1246 2618 1493 2674 meditor.
1511 2617 1568 2674 Si
1589 2617 1784 2677 videris
1803 2624 2079 2687 argentum
2096 2614 2149 2669 in
2168 2613 2286 2671 foro

696 2720 858 2774 silum
879 2758 894 2783 ,
924 2723 1014 2769 aut
1040 2720 1217 2768 vestes
1239 2725 1460 2777 aureas,
1488 2710 1623 2764 alios
1658 2708 1891 2778 gloriose
1930 2706 2240 2763 incedentes
2262 2748 2280 2772 ,

697 2804 924 2875 stipatos
948 2800 1173 2864 famulis,
1204 2806 1258 2852 et
1285 2796 1541 2852 habentes
1565 2808 1733 2864 equos
1756 2793 1920 2849 frenis
1952 2793 2153 2847 auratis
2170 2832 2187 2856 ,
2215 2806 2285 2847 ne

700 2904 753 2950 te
778 2900 987 2948 moveat
1013 2890 1100 2945 illa
1128 2901 1345 2961 pompa,
1371 2885 1475 2942 sed.
1499 2884 1591 2940 tibi
1614 2898 1800 2941 rursus
1828 2893 2055 2951 cane,et
2078 2884 2165 2938 dic
2181 2892 2284 2937 tua:

696 2988 889 3040 animzc
921 3000 935 3035 :
964 2981 1132 3037 Paulo
1159 2988 1285 3035 ante
1304 2978 1596 3034 cecinimus
1621 3015 1640 3042 ,
1688 2973 2125 3042 Quemadmodum
2147 2973 2286 3028 desi-

695 3082 844 3132 derat
874 3091 1051 3130 ceruus
1094 3072 1163 3127 ad
1202 3076 1365 3139 fontes
1397 3084 1681 3139 aquarum,
1719 3069 1794 3123 ita
1833 3067 2083 3122 desiderat
2115 3067 2286 3120 ausim

700 3184 813 3223 mea
838 3168 909 3220 ad
935 3176 1000 3231 te,
1030 3164 1207 3227 Deus;
1232 3172 1287 3219 et
1310 3161 1451 3233 quod
1477 3161 1734 3231 scriptum
1762 3166 1845 3214 est
1859 3157 2014 3213 nobis
2038 3156 2286 3212 attribui-

698 3273 842 3324 mus,
874 3258 1033 3327 idque
1056 3266 1296 3310 nostrum
1325 3268 1447 3310 esse
1470 3253 1711 3309 fecimus.
1735 3250 1877 3306 Nihil
1894 3265 2022 3320 ergo
2044 3263 2287 3306 amemus

695 3365 887 3411 eorum
914 3363 1043 3418 quas
1061 3347 1128 3401 ad
1159 3346 1296 3401 hanc
1318 3345 1480 3399 vitam
1506 3344 1793 3413 pertinent,
1818 3348 1877 3396 ut
1896 3340 1987 3396 ille
2006 3354 2161 3395 amor
2185 3354 2287 3394 no-

700 3442 781 3496 his
810 3450 973 3508 purus
1000 3444 1212 3491 maneat
1234 3442 1292 3489 et
1312 3433 1540 3503 integer,
1566 3440 1621 3486 et
1644 3446 1713 3486 ne
1750 3429 1953 3485 divisus
1999 3428 2090 3483 ﬁat
2116 3428 2285 3483 imbe-

698 3533 889 3588 cillior.
914 3529 1006 3584 Hae
1029 3528 1226 3583 divitia
1244 3539 1433 3581 omnes
1452 3524 1685 3588 divitias,
1712 3536 1925 3577 omnem
1952 3520 2285 3587 thesaurum,

697 3636 912 3678 omnem
933 3619 1177 3691 gloriam,
1207 3631 1422 3672 omnem
1441 3614 1909 3678 existimationem,
1935 3626 2151 3668 omnem
2172 3612 2290 3667 cla—

702 3715 916 3768 ritatem
963 3710 1116 3765 nobis
1162 3707 1340 3777 largiri
1390 3712 1661 3775 poterunt.
1703 3704 1808 3758 Eas
1833 3702 2193 3767 obtineamus,
2233 3712 2290 3756 et

700 3804 845 3859 nulla
876 3816 935 3857 re
968 3800 1070 3856 alia
1100 3798 1397 3869 egebimus.
1425 3795 1484 3851 Si
1507 3795 1652 3850 enim
1680 3794 1770 3864 qui
1816 3791 1958 3862 turpi
1996 3806 2187 3873 amore.
2210 3800 2291 3847 te-

700 3903 865 3952 nentu
875 3909 918 3953 r.
937 3902 990 3947 et
1004 3890 1231 3959 alicujus
1250 3886 1455 3958 puellae,
1470 3900 1614 3955 saepe
1626 3886 1786 3940 etiam
1805 3881 2081 3949 deformis,
2097 3880 2290 3937 ardore

702 3983 1100 4046 incenduntur,
1131 3994 1232 4035 nec
1275 3987 1555 4050 parentum
1602 3976 1796 4038 minas,
1849 3988 1949 4029 nec
1994 3973 2288 4028 amicorum

578 4128 583 4131 .
701 4075 977 4139 convicia,
1030 4085 1131 4127 nec
1174 4070 1401 4126 aliorum
1448 4066 1738 4123 multorum
1780 4065 2052 4136 quidpiam
2096 4072 2288 4120 curant

702 4164 1195 4236 reprehensionem,
1238 4160 1335 4217 sed
1378 4158 1446 4215 ad
1494 4160 1638 4215 illam
1680 4167 1949 4228 tamquam
1974 4157 2043 4213 ad
2067 4171 2289 4227 scopum

704 4256 1004 4319 tendentes,
1035 4263 1092 4310 et
1115 4252 1337 4311 domum
1355 4250 1677 4322 despiciunt,
1703 4260 1760 4306 et
1778 4259 2057 4320 paternam
2077 4249 2293 4305 heredi-

701 4357 866 4402 tatem
893 4387 909 4412 ,
955 4345 1183 4415 gloriam
1236 4350 1292 4398 et
1349 4340 1796 4398 existimationem
1819 4381 1834 4406 ,
1890 4343 2292 4412 amicorumque

698 4436 1104 4494 adhortationes
1149 4440 1539 4499 contemnunt,
1580 4433 1917 4489 aestimantes.
1955 4447 2016 4487 se
2043 4447 2288 4503 magnam

704 4528 904 4583 habere
928 4527 1070 4582 circa
1098 4525 1217 4581 haec
1242 4526 1418 4580 omnia
1444 4525 1888 4589 consolationem,
1913 4524 1960 4579 si
1985 4524 2125 4601 apud
2153 4525 2291 4579 ami-

702 4633 823 4673 cam
856 4627 1057 4673 tantum
1088 4619 1141 4673 in
1186 4617 1355 4688 pretio
1382 4624 1439 4672 et
1465 4616 1673 4671 honore
1714 4614 1932 4681 fuerint,
1982 4616 2107 4671 licet
2146 4615 2291 4683 vilis,

704 4710 933 4776 famosa,
963 4717 1024 4764 et
1049 4722 1401 4778 quaecumque
1429 4721 1491 4761 ea
1512 4706 1709 4761 fuerit:
1741 4706 1833 4777 qui
1862 4706 2027 4761 Deum
2048 4714 2108 4761 ut
2134 4720 2296 4776 opor-

707 4809 786 4855 tet
809 4799 1053 4870 diiigunt,
1082 4799 1385 4855 senticntne
1406 4812 1655 4868 umquam
1678 4813 1799 4868 quae
1823 4807 1951 4853 sunt
1970 4798 2111 4852 inter
2132 4798 2297 4854 homi-

709 4907 807 4949 nes
830 4900 922 4947 aut
949 4891 1224 4962 praeclara,
1253 4901 1343 4946 aut
1364 4891 1625 4946 molesta?
1648 4890 1755 4945 Nec
1773 4891 2055 4961 praesentis
2076 4892 2293 4962 quidem

707 4986 829 5038 vita:
858 4998 1101 5053 pompam
1124 4982 1545 5053 apprehendent,
1576 4990 1635 5037 ut
1661 4983 1751 5053 qui
1780 4982 1845 5037 ad
1875 4982 2023 5037 illum
2054 4997 2292 5038 amorem

706 5075 1019 5143 dirigantur,
1050 5074 1143 5128 sed
1164 5088 1376 5128 omnem
1404 5073 1654 5129 ridebunt
1676 5074 2108 5143 prosperitatem,
2126 5082 2178 5127 et
2207 5089 2294 5127 res

705 5183 893 5221 omnes
922 5166 1171 5221 adversas
1198 5175 1543 5221 contenti-ent
1566 5206 1581 5232 ,
1620 5176 1677 5219 nt
1701 5169 1789 5236 qui
1820 5167 1927 5220 sint
1956 5167 2154 5236 alligati
2203 5165 2293 5220 Dei

706 5258 972 5312 desiderio
997 5298 1012 5321 ,
1044 5268 1097 5311 et
1141 5258 1270 5312 nihil
1300 5258 1442 5311 aliud
1483 5266 1704 5312 cernant
1750 5267 2103 5327 praeterquam
2148 5258 2293 5310 illum

713 5352 907 5415 solum,
937 5359 989 5403 et
1017 5366 1137 5403 eum
1166 5366 1380 5419 semper
1409 5352 1673 5419 cogitent,
1720 5360 1773 5404 et
1808 5366 1865 5406 se
1905 5366 2023 5405 esse
2049 5351 2296 5407 omnibus

710 5440 972 5495 beatiores
1012 5441 1338 5495 existiment.
1395 5441 1544 5496 Licet
1584 5442 1638 5495 in
1680 5451 2029 5511 paupertate,
2076 5444 2199 5497 licet
2243 5444 2295 5497 in

715 5534 1024 5599 ignominia,
1056 5535 1180 5589 licet
1209 5536 1259 5587 in
1292 5534 1533 5598 vinculis,
1569 5534 1692 5589 licet
1722 5536 1773 5588 in
1803 5534 2197 5599 afﬂictionibus,
2227 5538 2293 5589 li-

712 5636 795 5678 cet
820 5630 924 5678 sint
948 5626 996 5679 in
1020 5626 1273 5680 extremis
1294 5627 1445 5681 malis
1480 5643 1495 5678 :
1524 5627 1576 5679 in
1604 5628 1852 5681 omnibus
1878 5643 1993 5697 qua:
2024 5628 2298 5695 patiuntur

715 5716 1095 5773 existimabunt
1122 5736 1178 5773 se
1193 5718 1426 5774 melioris
1444 5734 1561 5774 esse
1579 5720 1916 5784 conditionis,
1939 5735 2096 5790 quam
2120 5737 2295 5791 reges,

712 5809 1079 5865 admirabilem
1111 5812 1669 5881 quamdamltabentes
1685 5814 2123 5881 consolationem,
2154 5817 2292 5886 quod

1424 400 1481 459 5.
1520 394 1798 455 JOANNIS
1829 390 2306 453 CllRYSOSTOMl
2340 389 2659 447 ARCHIEP.
2700 387 3238 447 CONSTANTINOP.

3782 130 3937 143 Iw—‘H—p

3866 166 3917 207 ⁵³2⁸

3878 208 3893 219 τ·

3892 386 4030 443 164

2382 519 2445 561 ea
2475 505 2741 574 patiantur
2766 513 2984 573 propter
3002 518 3124 558 eum
3151 517 3308 573 quem
3330 500 3574 572 diligunt.

2448 595 2503 653 6.
2526 596 2785 665 Quocirca
2808 596 3000 650 Paulus
3021 610 3253 665 quoque,
3271 610 3392 649 cum
3413 605 3556 651 esset
3576 594 3630 650 in
3648 594 4034 666 quotidianus

2379 688 2672 751 mortibus,
2701 688 2752 741 in
2779 686 3114 752 carceribus,
3144 687 3197 741 in
3227 685 3516 757 naufragiis
3534 728 3547 751 ,
3582 687 3635 741 in
3664 685 4028 741 solitudini-

2378 780 2512 843 bus,
2546 780 2597 834 in
2627 778 2852 849 ﬂagellis
2874 818 2890 845 ,
2921 780 2975 833 in
3006 778 3479 833 innumerabilibus
3503 777 3621 834 aliis
3654 777 3977 848 suppliciis
4005 825 4024 843 ,

2379 869 2644 940 gaudebat
2664 908 2680 932 ,
2711 869 3011 924 exsultabat
3034 880 3088 924 et
3112 869 3440 939 gloriabatur
3485 869 3574 938 (2.
3607 866 3723 923 Cor.
3752 868 3859 923 η.
3897 866 4036 923 23-

2378 960 2482 1032 27)
2514 977 2528 1016 :
2561 969 2616 1015 et
2644 974 2787 1029 nunc
2810 959 3025 1029 quidem
3057 959 3266 1015 dicebat
3298 977 3312 1012 :
3343 958 3469 1014 Non
3508 960 3670 1015 solum
3712 968 3912 1014 autem
3964 962 4036 1012 v’n

2379 1067 2469 1122 spe
2509 1051 2686 1121 glorise
2726 1048 2855 1113 Dei,
2897 1050 2987 1104 sed
3031 1051 3183 1103 etiam
3222 1050 3499 1121 gloriamur
3535 1051 3589 1104 in
3627 1050 4039 1121 aﬁdiom'bns

2384 1142 2568 1212 (Rom.
2598 1141 2651 1197 5.
2682 1140 2738 1195 9.
2770 1141 2826 1210 ὅ)
2852 1156 2867 1205 ;
2894 1156 3037 1195 nunc
3066 1152 3246 1196 autem
3275 1155 3462 1197 rursus
3487 1157 3505 1197 :
3533 1140 3741 1196 Gaudeo
3767 1143 3827 1196 in
3870 1158 4027 1211 pas-

2379 1232 2625 1298 donibus,
2650 1241 2700 1285 et
2722 1232 2975 1301 adimpteo
2998 1248 3113 1304 quia
3135 1232 3314 1287 desunt
3340 1234 3683 1304 animalibus
3707 1232 3931 1289 Christi
3962 1234 4034 1286 iis

2380 1340 2533 1380 carne
2560 1340 2671 1378 mea
2699 1322 2918 1393 (Coloss.
2952 1326 3004 1381 l.
3032 1325 3161 1397 2t);
3186 1335 3243 1381 et
3266 1328 3487 1396 gratiam
3510 1342 3626 1381 eam
3657 1342 3768 1383 rem
3794 1338 4030 1393 vocat,

2383 1414 2453 1469 ita
2478 1416 2742 1471 conﬁtens
2772 1424 2830 1491 et
2855 1414 3042 1472 dicens
3071 1433 3087 1472 :
3117 1415 3281 1471 Nobis
3312 1420 3385 1471 ita
3416 1419 3574 1488 gratis
3596 1434 3629 1471 a
3653 1417 3870 1473 Christo
3900 1420 4030 1473 do-

2381 1516 2559 1561 natum
2575 1518 2670 1575 est,
2697 1517 2755 1561 ut
2778 1523 2879 1563 non
2899 1508 3062 1563 solum
3078 1509 3134 1562 in
3149 1510 3316 1580 ipsum
3338 1508 3622 1577 cudamus,
3644 1510 3734 1564 sed
3751 1510 4034 1564 utetiam

2385 1615 2480 1666 pro
2506 1600 2619 1669 ipso
2656 1601 2912 1671 patiamur
2939 1600 2958 1671 (
2981 1598 3215 1671 Philipp.
3246 1601 3298 1656 ί.
3330 1600 3459 1671 29).
3488 1601 3598 1658 Nos
3624 1617 3842 1673 quoque
3879 1612 4031 1657 Itu-

2383 1688 2605 1745 deantus
2642 1704 2764 1746 esse
2803 1690 2994 1746 eodem
3037 1696 3218 1746 animo
3240 1733 3255 1757 ,
3286 1700 3342 1747 et
3366 1707 3555 1747 omnes
3582 1709 3701 1764 qua:
3739 1693 4030 1750 incidunt

2386 1781 2659 1837 molestias
2680 1823 2695 1847 ,
2725 1782 2933 1853 placide
2960 1792 3016 1839 et
3046 1783 3290 1840 lubenter
3318 1785 3568 1841 feramus.
3600 1785 3765 1842 Ferre
3796 1795 4028 1843 autem

2387 1874 2680 1941 poterimus
2698 1912 2714 1939 ,
2744 1872 2790 1928 si
2826 1872 2994 1929 Deum
3023 1874 3093 1929 ita
3118 1874 3509 1943 amaverimus,
3536 1885 3594 1931 ut
3618 1878 3818 1932 amavit
3862 1894 4028 1948 pro-

2388 1964 2567 2036 pheta.
2595 1965 2711 2021 Non
2740 1966 2916 2022 solum
2942 1969 3086 2024 enim
3110 1984 3177 2024 ex
3207 1984 3467 2040 responso
3488 1971 3578 2025 illo
3601 1970 3718 2041 ejus
3740 1986 4028 2027 amorem

2387 2058 2569 2114 videre
2594 2073 2897 2128 possumus,
2920 2061 3012 2116 sed
3039 2061 3200 2116 etiam
3224 2076 3289 2117 ex
3314 2063 3391 2117 eis
3416 2077 3536 2132 qua!
3560 2073 4023 2133 consequuntur.

2386 2147 2522 2203 Cum
2567 2148 2711 2205 enim
2753 2148 2979 2205 dixisset
3008 2168 3023 2205 :
3054 2150 3492 2219 Quemadmodum
3530 2154 3781 2209 desiderat
3808 2171 4027 2209 cert-us

2388 2240 2456 2293 ad
2477 2244 2642 2309 fontes
2659 2257 2927 2311 aquarum,
2952 2244 3025 2296 ita
3049 2242 3298 2297 desiderat
3318 2244 3490 2298 animo
3512 2260 3623 2299 mea
3646 2245 3715 2298 ad
3734 2254 3803 2310 te,
3825 2244 4021 2309 Deus,

2389 2332 2663 2402 subjunxit
2684 2333 2866 2389 dicens
2890 2349 2905 2387 :
2927 2333 2981 2388 3.
3008 2332 3179 2389 Sitioit
3201 2334 3371 2388 animo
3396 2350 3507 2388 mea
3531 2337 3600 2388 ad
3617 2334 3781 2390 Deum
3801 2335 4023 2405 forth

2390 2426 2556 2479 vivum
2585 2442 2604 2480 :
2626 2426 2831 2496 quando
2864 2425 3060 2480 veniant
3097 2433 3142 2480 et
3178 2426 3432 2497 apparebo
3471 2437 3589 2482 ante
3625 2427 3808 2498 faciem
3848 2425 3974 2481 Dei
3994 2429 4024 2481 .'

2389 2516 2507 2573 Non
2537 2514 2672 2572 dixit
2696 2533 2713 2572 :
2741 2516 2947 2571 Amavit
2978 2517 3157 2572 anima
3187 2531 3302 2573 mea
3333 2516 3500 2573 Deum
3525 2518 3703 2574 vivum
3725 2557 3743 2585 ,
3770 2531 3971 2588 neque
3997 2560 4014 2582 ,

2392 2607 2587 2663 Dilexit
2625 2609 2800 2662 anima
2848 2622 2967 2663 mea
3008 2608 3174 2664 Deum
3216 2606 3440 2663 vivum:
3471 2606 3567 2663 sed
3594 2616 3653 2663 ut
3676 2608 4021 2665 ostenderet

2389 2696 2659 2766 allectum,
2689 2713 2929 2755 amorem
2969 2698 3113 2754 sitim
3145 2699 3379 2766 vocavit,
3411 2700 3570 2755 ambo
3598 2700 3754 2756 nobis
3776 2700 4015 2772 signiti-

2390 2804 2519 2847 cans
2537 2832 2553 2857 ,
2584 2800 2639 2846 et
2666 2790 2914 2846 ardorem
2944 2791 3145 2847 amoris
3164 2832 3179 2859 ,
3206 2800 3263 2847 et
3283 2791 3525 2863 ejusdem
3552 2793 4014 2863 perpetuitatem.

2392 2880 2853 2949 Quemadmodum
2880 2882 3024 2938 enim
3050 2882 3143 2952 qui
3172 2883 3387 2948 sitiunt,
3416 2899 3524 2938 non
3553 2882 3656 2939 hoc
3684 2882 3739 2938 in
3767 2896 3882 2938 uno
3910 2882 4017 2938 die

2393 2972 2685 3046 patiuntur,
2710 2982 2767 3028 et
2792 2972 3019 3039 duobus,
3051 2982 3107 3028 et
3132 2973 3323 3041 tribus,
3350 2974 3445 3030 sed
3484 2988 3579 3044 per
3605 2982 3769 3046 totam
3798 2974 4012 3035 vitam.

2391 3044 2462 3120 ad
2503 3062 2608 3120 hoc
2636 3054 2737 3120 nos
2758 3063 2987 3120 ducente
3013 3072 3199 3119 natura
3232 3080 3249 3119 :
3276 3066 3347 3119 ita
3373 3069 3536 3121 etiam
3566 3044 3753 3121 beatus
3780 3064 3873 3121 ille
3899 3108 3918 3132 ,
3950 3076 4015 3119 ct

2391 3169 2581 3212 omnes
2609 3155 2802 3223 sancti,
2830 3170 2940 3210 non
2964 3170 3071 3209 uno
3096 3155 3270 3210 solum
3298 3154 3387 3211 die
3413 3155 3629 3211 fuerunt
3650 3157 3704 3211 in
3729 3170 4016 3227 compun-

2390 3249 2571 3304 ctione
2592 3286 2607 3313 ,
2639 3246 2779 3302 sicut
2800 3246 2956 3301 multi
2982 3246 3225 3302 homines
3247 3286 3264 3313 ,
3292 3261 3393 3303 nec
3420 3246 3630 3304 duobus
3646 3286 3663 3311 ,
3692 3261 3793 3305 nec
3818 3247 4013 3303 tribus

2393 3339 2534 3411 (hoc
2560 3339 2705 3395 enim
2731 3352 2839 3394 non
2865 3347 3009 3394 esset
3036 3338 3366 3409 mirandum)
3386 3381 3403 3404 ,
3435 3338 3531 3395 sed
3557 3338 3772 3395 assidue
3798 3348 3857 3397 et
3883 3340 4013 3395 sin-

2392 3434 2530 3504 gulis
2567 3433 2759 3489 diebus
2789 3432 3037 3504 religiose
3065 3447 3248 3489 amare
3274 3433 3724 3503 perseverabant,
3752 3442 3809 3489 et
3835 3448 4009 3489 amo-

2393 3540 2506 3581 rem
2536 3525 2820 3597 augebant.
2849 3524 3003 3591 Quod
3033 3523 3248 3594 quidem
3286 3526 3401 3595 ipse
3435 3539 3651 3597 quoque
3684 3525 4011 3597 signiﬁcans

2393 3616 2604 3672 dicebat
2636 3634 2649 3671 :
2679 3615 2851 3672 Sitioit
2893 3616 3066 3669 anima
3102 3631 3213 3671 mea
3249 3613 3321 3669 ad
3360 3614 3527 3671 Deum
3566 3618 3749 3688 fortem
3784 3616 3963 3672 deum
3985 3657 4003 3681 ,

2393 3708 2551 3765 simul
2592 3718 2647 3763 et
2680 3721 2895 3762 causam
2925 3708 3113 3762 volens
3147 3706 3329 3763 dicere
3351 3749 3366 3773 ,
3394 3716 3452 3762 ut
3490 3721 3585 3777 per
3617 3716 3669 3763 te
3702 3708 3957 3764 ostendat
3987 3748 4006 3773 ,

2393 3799 2666 3870 quomodo
2694 3799 3011 3871 quisDcum
3041 3801 3119 3854 sic
3146 3815 3329 3856 amare
3369 3801 3555 3871 possit.
3587 3800 3698 3856 lloc
3721 3802 3866 3856 enim
3897 3803 4008 3856 de-

2393 3891 2614 3947 claravit
2635 3905 2735 3960 per
2757 3905 2818 3945 ea
2843 3906 2963 3960 qua:
2988 3899 3304 3961 sequuntur,
3332 3906 3454 3947 cum
3479 3891 3615 3947 dixit
3641 3909 3654 3944 :
3684 3890 3858 3947 Sitim't
3883 3894 4009 3945 ani-

2394 4000 2481 4037 ma
2510 4000 2622 4038 mea
2644 3982 2714 4036 ad
2742 3981 2908 4037 Deum
2930 4024 2945 4050 ,
2972 3992 3026 4038 et
3055 3983 3325 4052 suhjnngit
3359 3982 3537 4058 Vivum
3559 4000 3578 4037 :
3605 3985 4005 4056 propemodum

2394 4073 2626 4129 suadens
2648 4082 2705 4128 et
2732 4073 3032 4128 vociferans
3064 4074 3313 4130 omnibus
3348 4075 3437 4146 qui
3485 4076 3647 4132 rebus
3686 4076 3843 4146 hujus
3868 4078 4005 4132 vita:

2396 4161 2606 4218 inhiant
2632 4180 2646 4218 :
2670 4162 2807 4231 Quid
2833 4162 2887 4218 in
2910 4177 3135 4233 corpora
3162 4164 3442 4219 insanitis?
3461 4164 3586 4235 quid
3611 4180 3833 4235 corpora
3854 4182 4007 4221 ama-

2398 4252 2506 4308 tis?
2533 4252 2658 4323 quid
2699 4252 2924 4324 gloriam
2952 4252 3312 4309 desideratis?
3335 4254 3462 4326 quid
3490 4256 3869 4327 concupiscitis
3896 4274 4003 4311 vo-

2399 4344 2692 4414 luptatem?
2734 4342 2876 4399 Nihil
2909 4359 3098 4401 eorum
3135 4355 3316 4401 manet
3340 4357 3395 4401 et
3419 4346 3547 4402 vivit
3574 4358 3863 4418 perpetuo,
3899 4347 4001 4404 sed

2397 4436 2590 4493 diffluit
2615 4444 2671 4492 et
2698 4436 2961 4507 praeterit,
2989 4449 3044 4495 et
3069 4447 3154 4494 est
3181 4439 3368 4495 umbra
3394 4440 3635 4509 inanius,
3665 4441 4003 4513 somniisth

2394 4527 2642 4587 fallacius
2664 4570 2680 4596 ,
2712 4542 2776 4583 ac
2800 4529 2957 4585 citius
2980 4545 3143 4600 quam
3172 4530 3321 4585 verni
3361 4531 3524 4588 tiores
3551 4533 3915 4603 corrumpitur
3945 4543 4005 4588 ct

2397 4619 2600 4675 interit.
2630 4618 2823 4685 Quidni
2854 4619 2995 4675 enim
3025 4620 3184 4675 citius
3207 4621 3481 4691 corrumpi
3518 4621 3692 4678 dicam
3730 4632 3785 4678 et
3820 4622 4001 4679 inter—

2399 4710 2479 4766 ire
2497 4751 2512 4774 ,
2541 4725 2663 4766 cum
2691 4710 2797 4765 alia
2824 4711 3040 4780 quidem
3081 4725 3181 4766 nos
3218 4711 3523 4783 relinquant
3549 4712 3708 4768 simul
3735 4727 3857 4768 cum
3889 4714 4001 4769 vita

2399 4800 2672 4871 praesenti,
2693 4801 2796 4856 alia
2819 4802 2979 4856 etiam
3004 4812 3130 4858 ante
3147 4802 3549 4859 dissolvantur?
3572 4802 3776 4860 incerta
3794 4814 3880 4860 est
3908 4821 4001 4861 co-

2397 4908 2519 4948 rum
2551 4893 2841 4963 possessio,
2878 4892 3139 4949 instabilis
3164 4909 3351 4951 eorum
3379 4910 3508 4952 usus
3532 4903 3588 4952 et
3610 4896 3808 4965 fruitio,
3836 4899 3998 4959 velox

2398 4994 2485 5037 est
2509 4983 2733 5038 mutatio
2761 5001 2775 5036 :
2804 4984 2857 5038 in
2886 4984 2998 5038 Deo
3021 4994 3199 5040 autem
3226 4985 3353 5041 nihil
3380 4996 3463 5042 est
3485 4986 3889 5057 cjusmodi,_sed
3922 4992 4001 5045 vi-

2400 5077 2477 5130 vit
2500 5076 2715 5146 quidem
2748 5084 2805 5130 et
2831 5086 3011 5132 manet
3036 5087 3295 5148 perpetuo
3316 5119 3331 5143 ,
3370 5080 3567 5135 nullam
3608 5082 3959 5138 mutationem
3986 5122 3999 5145 .

2404 5181 2502 5222 nec
2539 5166 2702 5220 ullam
2742 5169 3145 5223 conversionem
3190 5169 3504 5241 suscipiens.
3535 5170 3758 5227 Caducis
3785 5187 3914 5242 ergo
3946 5183 3999 5230 ct

2370 5302 2374 5307 .
2402 5259 2791 5312 momentaneis
2817 5259 3017 5313 relictis
3038 5301 3052 5325 ,
3080 5275 3201 5315 eum
3227 5262 3317 5330 qui
3347 5271 3432 5316 est
3456 5274 3692 5317 aeternus
3719 5277 3772 5319 et
3799 5279 3995 5336 perpe-

2402 5360 2524 5405 tuus
2552 5366 2812 5406 amemus.
2845 5351 3027 5423 Neque
3054 5353 3195 5407 enim
3229 5353 3341 5408 ﬁeri
3378 5364 3587 5423 potest,
3621 5364 3678 5409 ut
3715 5359 3803 5426 qui
3845 5358 3993 5413 illum

2402 5452 2565 5507 amat,
2598 5441 2803 5511 pudore
2832 5457 3079 5511 umquam
3111 5443 3412 5499 afficiatur:
3443 5444 3555 5499 ﬁeri
3590 5460 3695 5500 non
3739 5454 3914 5515 potem
3942 5457 3996 5503 nt

2402 5536 2471 5591 ab
2496 5551 2561 5591 eo
2588 5536 2797 5591 excidat
2825 5554 2837 5590 :
2868 5539 2980 5593 ﬁeri
3009 5553 3115 5593 non
3147 5548 3405 5609 potestut
3428 5554 3494 5594 eo
3516 5556 3672 5610 quem
3702 5552 3865 5609 amat,
3900 5548 3988 5601 de-

2406 5630 2679 5683 stituatur.
2709 5628 2808 5697 Qui
2833 5636 2975 5683 amat
3001 5631 3254 5700 pecunias
3277 5674 3291 5696 ,
3318 5632 3403 5686 vel
3442 5642 3613 5687 morte
3640 5633 3951 5690 adveniente
3972 5675 3987 5696 ,

2406 5724 2487 5777 vel
2518 5723 2678 5777 etiam
2708 5730 2833 5777 ante
2861 5733 3088 5778 mortem
3119 5723 3351 5779 nudatur
3380 5725 3442 5779 iis
3470 5741 3588 5795 qua:
3610 5725 3898 5782 desiderat.
3930 5727 3985 5779 Ei

2407 5824 2619 5880 quoilue
2655 5816 2743 5886 qui
2789 5825 3102 5886 praesentem
3132 5825 3271 5870 amat
3309 5816 3562 5887 gloriam,
3594 5820 3823 5893 idipsum
3856 5834 3989 5889 ωερε
