4154 6486
89 420 183 479 MS

88 528 289 589 accidit.
317 527 634 598 Corporum
676 533 860 578 autem
906 515 1246 592 pulchritudo
1269 529 1417 586 saepe
1445 513 1510 568 iis
1535 554 1549 579 ,
1578 525 1710 583 quze

91 622 335 693 indicta
378 630 511 676 sunt
536 662 555 685 ,
594 616 771 673 multo
812 615 971 672 citius
1010 609 1411 682 exstinguitur:
1442 616 1499 663 et
1524 603 1705 662 omnia

89 730 201 786 qua
232 712 302 769 ad
328 713 474 768 hane
501 711 669 766 vitam
689 749 708 779 ,
734 716 795 763 ut
820 705 989 762 semel
1014 702 1189 761 dicam
1209 743 1224 769 ,
1251 700 1551 772 pertinent,
1580 704 1708 753 sunt

91 808 283 864 caduca
306 816 372 862 et
400 813 806 867 momentanea,
833 815 898 855 ac
923 798 1232 869 priusquam
1258 793 1436 849 adsint
1459 802 1515 848 et
1542 805 1708 862 appa-

94 908 269 966 reanl,
316 898 570 970 protinus
610 896 880 952 resiliunt.
925 890 1292 962 Spiritualium
1334 895 1515 943 autem
1553 899 1709 940 amor

96 1003 274 1047 contra
298 1006 364 1047 ae
394 988 584 1052 habet,
615 987 833 1043 assidue
860 986 1006 1056 viget
1028 992 1083 1039 et
1110 982 1282 1047 lloret,
1313 994 1420 1036 non
1448 977 1596 1034 novit
1621 990 1708 1032 se-

98 1086 275 1148 nium,
305 1096 422 1136 non
458 1079 690 1148 suscipit
725 1084 1046 1132 vetustatem
1067 1116 1083 1141 ,
1114 1087 1217 1129 nec
1252 1071 1347 1127 ulli
1386 1066 1705 1133 mutationi,

98 1172 476 1239 conversioni,
506 1182 563 1228 et
602 1170 918 1241 ignorantia:
962 1167 1259 1222 futurorum
1294 1173 1379 1220 est
1404 1161 1704 1227 obnoxius;

102 1266 188 1319 sed
226 1263 317 1319 hic
355 1262 525 1318 etiam
557 1260 716 1328 juvat
746 1272 843 1315 eos
878 1258 967 1328 qui
1008 1255 1318 1327 possident,
1348 1266 1444 1309 eos
1474 1250 1708 1321 undique

102 1355 297 1420 vallat,
316 1366 529 1423 eosque
548 1351 644 1421 qui
676 1364 747 1405 ex
788 1348 896 1402 vita
925 1345 1285 1406 excesserint.
1315 1357 1421 1398 non
1451 1341 1704 1407 dimittit,

104 1445 195 1501 aed
218 1459 323 1499 una
350 1458 480 1499 cum
510 1442 618 1497 illis
643 1439 1032 1511 peregrinatur,
1061 1445 1116 1492 et
1146 1451 1249 1491 una
1275 1449 1397 1490 cum
1430 1433 1532 1488 illis
1558 1447 1710 1488 rece-

105 1537 207 1602 dit,
234 1547 291 1594 et
316 1536 453 1608 ipsis
476 1533 833 1590 luminaribus
852 1546 952 1588 eos
980 1530 1157 1587 reddit
1197 1529 1288 1583 illo
1315 1528 1402 1583 die
1426 1527 1706 1582 clariores.

107 1629 231 1698 Qui:
276 1627 502 1699 quidem
548 1626 729 1682 sciens
768 1639 981 1695 quoque
1030 1623 1219 1676 beatus
1264 1620 1469 1684 David,
1515 1618 1566 1672 in
1613 1617 1709 1672 Ι)‹·ἰ

110 1734 284 1775 more
312 1715 723 1790 perseveravit,
752 1726 1095 1781 amoremque
1124 1712 1267 1765 intus
1284 1708 1571 1764 continuere
1602 1723 1709 1761 non

111 1811 386 1879 meminit,
416 1808 514 1864 aed
540 1807 880 1863 audientibus
904 1804 1048 1859 omni
1079 1804 1287 1858 ratione
1316 1802 1492 1874 ignem
1522 1811 1709 1856 osten-

110 1903 230 1957 dere
246 1899 549 1964 contendit,
571 1913 680 1969 quo
701 1898 844 1952 intus
863 1896 1105 1951 ardebat.
1129 1893 1264 1950 Cum
1285 1894 1430 1949 enim
1451 1891 1672 1947 dixisset
1693 1908 1707 1947 :

110 1992 271 2046 Sitiait
296 1990 477 2045 animo
515 2006 627 2043 mea
654 1989 724 2042 ad
754 1986 921 2043 Deum
946 1990 1127 2059 fortem
1152 1986 1321 2039 vivunt
1346 2026 1359 2049 ,
1387 1981 1704 2053 subjunxit:

112 2083 324 2150 Quando
349 2081 554 2136 leniam
579 2089 627 2135 et
651 2079 912 2149 apparebo
935 2088 1052 2132 ante
1073 2078 1256 2147 faciem
1288 2074 1383 2130 Dei
1402 2076 1431 2130 .9
1459 2075 1589 2130 Vide
1614 2089 1707 2129 ar-

106 2175 311 2229 dentem
337 2172 639 2237 hominem,
668 2170 793 2226 vide
824 2170 1232 2225 inﬂammatum.
1260 2168 1448 2223 Sciens
1476 2168 1618 2222 enim
1650 2181 1710 2222 se

109 2284 224 2321 cum
252 2268 377 2322 hinc
401 2267 713 2332 recesserit,
743 2280 864 2320 eum
895 2280 1014 2319 esse
1048 2264 1309 2327 visurum,
1341 2277 1408 2316 ne
1433 2269 1707 2330 exspectat

108 2358 317 2429 quidem
356 2358 672 2414 dilationem
703 2374 718 2411 ε
750 2371 1061 2427 moramque
1090 2370 1197 2409 non
1240 2354 1465 2422 patitur,
1495 2351 1589 2407 sed
1624 2353 1710 2407 hic

109 2452 256 2506 uoltis
280 2451 529 2521 spiritum
556 2448 794 2505 ostendit
821 2448 1192 2518 apostolicum.
1222 2445 1434 2501 Etenim
1464 2443 1552 2500 ille
1577 2459 1710 2514 quo-

107 2559 205 2613 que
243 2541 631 2614 ingemiscebat
669 2548 886 2611 propter
914 2538 1317 2594 diuturnitatem
1363 2536 1519 2607 hujus
1549 2552 1706 2607 perc.

104 2634 439 2705 grimtionis.
480 2632 719 2701 ldipsutn
757 2631 878 2685 huic
916 2645 1129 2702 qucque
1169 2628 1437 2684 usuvenit.
1480 2626 1547 2683 Et
1586 2626 1707 2681 ideo

108 2725 343 2793 dicebat,
386 2723 608 2789 Quando
645 2723 841 2776 ueniam
867 2731 915 2776 et
941 2719 1198 2793 apparebo
1233 2729 1352 2776 ante
1387 2720 1570 2790 faciem
1608 2716 1707 2772 Dei

108 2818 197 2889 (ἢ.
227 2817 339 2872 Cor.
375 2818 430 2873 5.
454 2815 494 2870 Ξ
511 2815 533 2889 )
552 2818 578 2866 ?
607 2814 675 2869 Et
699 2814 745 2869 si
778 2825 920 2870 esset
946 2814 1162 2884 quidem
1206 2813 1446 2882 privatus
1471 2811 1665 2881 aliquis
1686 2849 1702 2874 ,

109 2909 421 2980 humilisque
449 2918 506 2965 ct
528 2908 772 2976 abjectus
792 2949 807 2974 ,
837 2916 891 2962 et
918 2907 1105 2961 vivens
1132 2906 1184 2960 in
1215 2912 1556 2975 paupertate,
1588 2918 1702 2957 ma—

106 3016 259 3073 gnum
292 3000 514 3072 quidem
552 3009 699 3055 esset
740 2998 825 3054 vel
863 2998 941 3053 sic
969 2999 1130 3052 vitam
1170 3003 1491 3070 praesentem
1517 3006 1705 3051 conto-

106 3107 322 3148 mnere:
356 3090 453 3147 sed
492 3107 599 3145 non
634 3100 783 3146 esset
821 3087 893 3145 ita
937 3105 1187 3160 magnum
1209 3130 1225 3155 ,
1255 3098 1314 3144 ut
1350 3102 1493 3142 nunc
1521 3103 1703 3156 regem

106 3185 279 3241 videre
304 3185 469 3239 tantis
498 3182 767 3238 fruentem
793 3182 1001 3238 deliciis
1019 3223 1033 3246 ,
1063 3192 1330 3251 tantmquc
1357 3180 1542 3252 gloria:
1568 3195 1704 3235 con-

106 3290 318 3339 sortem,
342 3276 765 3332 innumerabiles
786 3276 1035 3330 victorias
1054 3283 1470 3345 consequutmu,
1496 3275 1548 3329 in
1577 3274 1705 3328 tuni-

108 3370 168 3424 tia
189 3369 346 3425 bellis
373 3368 635 3423 victorem
660 3368 809 3422 omni
834 3383 898 3423 ex
925 3378 1080 3438 parte
1103 3367 1327 3433 clarmn,
1360 3368 1624 3438 insignem
1650 3376 1705 3422 et

105 3462 393 3527 illustrem;
425 3463 543 3517 lucc
585 3462 764 3516 omnia
798 3462 1052 3527 irridere,
1088 3462 1331 3527 divitias,
1362 3462 1621 3530 gloriam,
1649 3472 1703 3516 et

101 3568 279 3610 omnes
304 3552 570 3620 delicias,
600 3552 665 3608 ad
694 3552 867 3608 futura
896 3560 1074 3607 autem
1104 3554 1346 3625 aspirare
1370 3565 1425 3607 et
1449 3554 1656 3610 inhiare
1683 3572 1696 3610 :

104 3644 195 3700 hoc
214 3654 299 3700 est
322 3644 505 3715 magni
528 3642 805 3715 cujusdam
830 3652 884 3699 et
904 3644 1102 3700 excelsi
1128 3645 1311 3708 animi,
1344 3644 1445 3700 hoc
1469 3656 1555 3701 est
1581 3646 1700 3701 ani—

103 3751 194 3792 ma:
220 3754 341 3808 qua:
371 3746 588 3792 tenetur
626 3738 807 3794 studio
842 3737 1151 3810 sapientiae,
1178 3748 1232 3794 et
1270 3737 1474 3794 carlcsti
1512 3753 1700 3795 amore

104 3844 217 3886 vere
241 3841 403 3901 capta
425 3842 533 3886 est.

165 3926 215 3978 ’1.
240 3925 381 3980 Eum
408 3940 510 3980 nos
532 3941 747 3996 quoque
779 3925 1053 3981 imitemur
1070 3969 1083 3989 ,
1113 3942 1181 3982 ne
1214 3927 1500 3998 praesentia
1526 3928 1699 3983 admi-

104 4029 287 4081 remur,
320 4027 383 4070 ut
417 4016 747 4071 admiremur
782 4016 957 4072 futura
992 4036 1005 4072 :
1035 4019 1117 4073 vel
1154 4020 1334 4088 potius
1366 4018 1699 4075 admiremur

104 4106 292 4173 littora,
322 4124 393 4165 ne
430 4109 762 4166 admiremur
797 4110 1100 4180 praesentia.
1136 4111 1191 4167 Si
1219 4111 1363 4166 enim
1392 4112 1444 4166 in
1473 4112 1577 4168 illis
1602 4128 1698 4169 co-

106 4200 318 4271 gitandi:
346 4213 605 4274 perpetuo
630 4219 928 4270 versemur,
954 4214 1009 4260 et
1033 4188 1258 4275 regnum
1284 4206 1563 4270 cmlorum,
1594 4206 1696 4261 im-

106 4295 470 4351 mortalitatem
494 4336 508 4359 ,
553 4295 712 4350 vitam
751 4311 872 4367 quae
900 4310 1187 4367 numquam
1215 4297 1459 4366 desinet,
1488 4297 1693 4354 ducen-

104 4384 212 4441 dam
260 4400 384 4443 cum
432 4387 639 4458 angelis
683 4388 937 4443 choreum
964 4429 981 4454 ,
1028 4388 1261 4445 futuram
1306 4404 1430 4445 cum
1476 4389 1693 4446 Citrile

102 4479 574 4545 conversationem,
600 4479 824 4551 gloriam
854 4481 1000 4537 illam
1023 4497 1147 4553 qua:
1175 4497 1465 4553 numquam
1509 4484 1692 4540 interit

103 4578 182 4623 aut
197 4571 590 4641 corrumpitur;
613 4572 775 4628 vitam
797 4584 975 4629 autem
999 4575 1066 4629 ab
1087 4576 1231 4629 omni
1254 4575 1442 4632 dolore
1464 4576 1687 4633 liberam

103 4662 225 4731 apud
253 4675 360 4718 nos
383 4661 530 4732 ipsos
553 4662 979 4729 consideremus,
1007 4676 1064 4721 et
1089 4666 1230 4737 quod
1261 4668 1533 4741 lacrymre,
1561 4684 1688 4742 pro-

105 4754 203 4817 bra,
230 4754 535 4819 maledicta,
564 4770 731 4823 mors,
761 4756 995 4823 tristitia,
1028 4758 1200 4824 labor,
1231 4770 1502 4829 senectus,
1537 4778 1685 4816 mor-

104 4843 206 4909 bus,
235 4846 520 4917 aegritudo,
548 4861 838 4918 paupertas
862 4858 917 4904 et
945 4850 1232 4912 ealutnnia,
1267 4851 1516 4919 viduitas,
1558 4870 1685 4925 prc-

102 4949 261 4992 mtum
282 4948 339 4993 et
362 4938 764 5007 condemnatio,
790 4957 946 5009 praua
972 4954 1025 4998 et
1051 4945 1391 5014 supplicium,
1415 4959 1470 5001 et
1491 4948 1534 5001 si
1557 4948 1682 5018 quid

103 5040 173 5081 est
207 5028 349 5083 aliud
384 5030 437 5085 in
478 5029 583 5084 vita
623 5033 871 5100 praesenti
907 5034 1189 5090 molestum
1214 5045 1273 5092 et
1303 5036 1556 5092 acerbum
1579 5081 1591 5099 .
1619 5055 1681 5093 ea

102 5120 259 5173 omnia
291 5120 514 5189 espulsa
560 5130 683 5175 sunt
714 5139 728 5175 :
765 5123 881 5178 loco
920 5136 1100 5180 autem
1141 5142 1329 5181 eorum
1381 5129 1681 5183 introdm-ta

104 5222 209 5265 sunt
245 5229 365 5281 pax,
401 5215 615 5279 lenitas,
657 5218 1033 5280 mansnetudo,
1067 5219 1302 5287 dilectio,
1335 5222 1539 5288 lit-litin,
1570 5225 1684 5292 glo—
1734 5230 1737 5231 '

104 5304 197 5371 ria,
223 5310 414 5372 honor,
445 5308 720 5378 splendor,
754 5320 805 5365 et
832 5311 933 5366 alia
956 5355 971 5379 ,
999 5329 1118 5383 qum
1148 5330 1216 5369 ne
1256 5327 1436 5385 posset
1464 5318 1679 5387 quidem

103 5401 249 5454 oratio
283 5402 563 5473 consequi,
596 5402 725 5457 nihil
772 5420 869 5459 nos
899 5421 1075 5460 rerum
1105 5409 1282 5478 capiet
1310 5413 1678 5481 prasentium,

103 5490 180 5544 sed
224 5492 519 5561 poterimus
568 5510 666 5550 nos
707 5512 921 5568 quoque
968 5498 1149 5555 dicere
1200 5517 1321 5554 Clllll
1377 5503 1677 5571 propheta,

105 5578 295 5645 Quando
318 5585 517 5639 ueniam
546 5594 595 5639 et
622 5588 880 5658 apparebo
907 5600 1026 5645 ante
1051 5591 1232 5660 faciem
1254 5590 1395 5646 Dei?
1419 5606 1473 5650 ct
1504 5599 1573 5650 ita
1600 5599 1681 5652 af-

104 5671 244 5728 fectos
266 5689 367 5731 nec
392 5693 484 5733 res
502 5678 800 5749 splendida:
825 5690 879 5735 et
904 5682 1155 5738 secunda:
1183 5700 1280 5739 nos
1302 5684 1549 5755 ederent,
1577 5705 1677 5745 nec

107 5764 364 5825 insolentes
388 5767 631 5826 efﬁcient
654 5788 669 5837 ;
701 5786 800 5828 nec
828 5788 947 5844 qum
976 5782 1103 5830 sunt
1130 5777 1353 5833 molesta
1384 5792 1447 5833 ac
1469 5783 1672 5849 gravia,

106 5857 285 5917 uno:
309 5862 587 5928 al’licieot;
621 5878 729 5919 non
772 5865 965 5921 invidia
988 5908 1001 5932 ,
1039 5882 1143 5924 non
1169 5884 1302 5923 vana
1332 5868 1497 5941 gloria
1522 5914 1535 5939 ,
1567 5887 1673 5929 non

1228 396 1591 461 EXPOSI'I‘IO
1627 393 1695 452 IN
1734 392 2061 454 PSALBUM
2101 395 2240 453 XLI.

3328 391 3432 447 illi

1814 507 2014 579 aliquid
2035 509 2182 565 aliud
2207 525 2305 566 nos
2332 526 2584 582 umquam
2609 509 2814 566 ederet.
2840 509 2917 565 Ne
2938 508 3047 563 huc
3065 524 3197 577 ergo
3224 517 3431 562 mirere

1814 601 2198 674 ingrediamur,
2226 618 2401 674 neque
2423 619 2680 674 responsa
2704 602 3071 675 perfunctorie
3091 602 3428 670 emittamus,

1813 692 1908 750 sed
1934 708 1999 750 ea
2027 708 2124 765 pro
2160 692 2354 751 baculo
2391 706 2671 751 sumentes
2697 694 3060 766 egrediamur.
3092 692 3303 749 Sufﬁcit
3330 710 3429 748 auo

1815 791 1921 840 tem
1952 784 2319 856 unusquisque
2345 799 2536 843 versus
2560 795 2619 841 ut
2642 785 2799 841 nobis
2824 793 3104 855 comparet
3136 784 3429 855 plurimum

1816 874 2192 945 philosophias,
2226 887 2284 930 ut
2311 876 2547 948 corrigat
2571 876 2883 947 dogmatum
2915 877 3264 941 sententiam,
3293 886 3349 931 et
3375 888 3433 930 nt

1813 966 2001 1022 afferat
2030 969 2320 1024 maximam
2342 970 2465 1023 vitae
2492 970 2776 1025 utilitatem
2805 986 2819 1023 :
2847 970 2968 1027 etsi
2997 985 3434 1040 unamquamque

1812 1057 2101 1115 dictionem
2123 1070 2312 1128 exacte
2333 1069 2755 1131 perserutemur,
2778 1060 3069 1118 admodum
3092 1061 3284 1117 uberes
3308 1061 3433 1116 inde

1813 1148 2021 1205 fruetus
2041 1149 2379 1221 colligemus.
2407 1150 2595 1223 Neque
2621 1154 2766 1207 enim
2793 1163 3185 1224 paupertatem,
3211 1168 3315 1209 nec
3339 1170 3436 1207 ne-

1813 1240 1993 1311 gotia,
2026 1255 2129 1297 nec
2172 1242 2477 1298 tarditatem
2520 1242 2610 1299 hic
2645 1258 2786 1315 opus
2825 1254 2911 1300 est
2955 1258 3273 1316 praetexere.
3320 1244 3433 1302 Etsi

1813 1333 1959 1388 enim
1987 1334 2061 1388 sis
2088 1348 2310 1405 pauper,
2334 1346 2388 1390 et
2414 1346 2634 1407 propter
2655 1346 3026 1406 paupertatem
3048 1337 3203 1393 libris
3223 1352 3433 1403 careas,

1814 1428 1898 1483 vel
1934 1428 2102 1484 libros
2135 1428 2356 1499 quidem
2395 1428 2598 1485 habeas
2621 1472 2636 1496 ,
2678 1446 2785 1486 non
2832 1439 3085 1503 suppetat
3126 1446 3306 1486 autem
3341 1432 3435 1485 tibi

1815 1521 2021 1586 otium,
2054 1521 2185 1577 mihi
2228 1533 2432 1578 tantum
2477 1539 2740 1595 reaponsa
2787 1524 3124 1581 Psalmorum
3164 1527 3432 1589 observa.

1816 1628 1936 1683 qua:
1965 1612 2054 1668 hic
2070 1613 2392 1669 .succiuuisti
2422 1630 2529 1670 non
2556 1617 2746 1683 semel,
2778 1632 2886 1672 n0n
2924 1618 3027 1684 bis,
3066 1634 3171 1672 non
3206 1628 3307 1683 ter,
3338 1618 3463 1687 sed,

1814 1718 1963 1773 stupe
1983 1745 2003 1771 ,
2034 1712 2092 1759 et
2115 1720 2182 1759 ex
2211 1720 2278 1760 eo
2308 1721 2555 1776 magnam
2586 1708 2770 1777 capies
2806 1709 3261 1765 consolationem.
3307 1709 3439 1766 Vide

1815 1812 1947 1867 ergo
1975 1808 2233 1867 quantum
2279 1799 2433 1854 nobis
2470 1800 2784 1856 thesnurum
2827 1804 3099 1872 aperuerit
3137 1803 3221 1858 vel
3262 1803 3438 1872 ipsum

1816 1903 2159 1957 responsum.
2188 1888 2299 1944 Nec
2326 1888 2456 1945 mihi
2489 1889 2634 1947 dicat
2665 1892 2930 1963 quispiam
2950 1933 2967 1958 ,
2999 1898 3139 1948 Ante
3167 1893 3437 1965 interpre-

1819 1977 2074 2033 tationem
2122 1979 2430 2035 nesciebam
2470 1980 2598 2051 quid
2639 1982 2867 2039 valeret.
2928 1982 3060 2038 Nam
3106 1984 3269 2039 etiam
3308 1996 3441 2041 arato

1816 2070 2317 2141 interpretationem
2354 2075 2502 2128 omni
2545 2084 2788 2144 tempore
2823 2092 2852 2128 a
2896 2076 3115 2131 volente
3144 2087 3439 2148 utcumque

1815 2162 2053 2217 animum
2081 2164 2339 2219 adbibere
2371 2166 2509 2221 bene
2550 2177 2725 2235 potest
2754 2169 2976 2240 intelligi
3006 2185 3352 2241 responsum.
3381 2172 3440 2227 Si

1814 2258 1958 2311 enim
2003 2256 2231 2327 teipsum
2273 2259 2615 2315 solummodo
2641 2260 2892 2317 docueris
2920 2263 3102 2319 dicere
3128 2306 3142 2328 ,
3174 2265 3436 2333 ραιιηηιιιο

1815 2347 2023 2402 modum
2051 2349 2308 2404 desiderat
2336 2368 2512 2407 cervus
2536 2354 2605 2406 ad
2629 2356 2793 2425 fontes
2818 2370 3071 2424 aquarum
3091 2399 3105 2419 ,
3130 2358 3203 2411 ita
3233 2358 3438 2411 deside-

1812 2448 1895 2492 rat
1922 2439 2095 2493 anima
2121 2456 2232 2495 mea
2256 2442 2326 2495 ad
2352 2452 2419 2510 te,
2450 2441 2592 2499 Deus
2616 2461 2635 2498 :
2656 2445 2811 2498 silici!
2836 2447 3007 2499 anima
3038 2464 3151 2500 mea
3173 2448 3242 2501 ad
3271 2446 3436 2503 Drum

1813 2528 1996 2597 fortem
2026 2532 2196 2586 vivum
2228 2552 2244 2587 :
2276 2536 2482 2605 quando
2520 2536 2717 2590 auiam
2749 2548 2797 2591 et
2823 2537 3085 2609 apparebo
3113 2550 3232 2595 ante
3253 2540 3437 2610 faciem

1814 2620 1958 2677 Dei?
1987 2623 2039 2677 id
2076 2626 2157 2679 vel
2200 2638 2325 2679 ante
2372 2627 2873 2697 interpretationem
2917 2629 3192 2687 suffecerit
3233 2634 3328 2688 tibi
3370 2635 3436 2690 ad

1814 2729 2031 2771 omnem
2063 2716 2509 2774 introducendam
2550 2720 2967 2791 |:bilos0pliiam-.
3000 2723 3186 2795 Neque
3215 2725 3317 2780 boe
3344 2744 3436 2780 so-

1814 2807 1949 2875 lum,
1978 2808 2071 2863 sed
2100 2809 2262 2864 etiam
2289 2813 2714 2883 unumquodque
2745 2830 3065 2885 responsum
3093 2817 3314 2875 easdem
3342 2836 3430 2873 no-

1815 2899 1895 2955 bis
1921 2902 2280 2972 suppeditsbit
2310 2903 2547 2960 divitias.
2576 2905 2709 2961 Nam
2739 2910 2781 2962 si
2813 2924 3003 2964 rursus
3028 2910 3231 2966 dixeris
3259 2929 3272 2964 :
3303 2910 3435 2966 Bea-

1810 3002 1893 3048 tus
1925 2995 2000 3049 vir
2021 2996 2108 3064 qui
2139 2996 2275 3051 timet
2305 2996 2583 3051 Dominum
2614 2998 2799 3070 (Prol.
2833 3002 2958 3056 lll.
2994 3001 3045 3072 ί)
3073 3020 3084 3054 :
3115 3014 3171 3058 et
3196 3006 3435 3075 potueris

1810 3085 1953 3143 scire
1980 3086 2237 3157 quidnam
2276 3089 2345 3142 sit
2384 3088 2435 3143 id
2479 3090 2620 3160 quod
2663 3092 2842 3148 dicis:
2874 3109 2982 3149 non
3016 3094 3281 3164 divitem,
3325 3113 3433 3153 rion

1811 3178 2133 3249 principem,
2163 3196 2269 3234 non
2291 3178 2613 3246 formosum,
2641 3199 2749 3239 non
2774 3200 2899 3240 eum
2924 3187 3015 3258 qui
3041 3188 3181 3243 valet
3205 3188 3430 3254 viribus,

1780 3270 1917 3322 'non
1948 3284 2070 3323 eum
2099 3269 2188 3339 qui
2220 3270 2363 3325 ardes
2392 3272 2635 3340 possidet
2666 3275 2979 3344 magniﬁcas
3004 3318 3020 3341 ,
3056 3293 3161 3332 non
3188 3293 3314 3335 eum
3341 3282 3432 3352 qni

1808 3364 1946 3432 gerit
1971 3364 2335 3432 magistratus,
2368 3381 2474 3419 non
2500 3381 2624 3420 eum
2652 3367 2744 3437 qui
2775 3369 2825 3423 in
2857 3370 3002 3441 regia
3032 3372 3286 3440 nutritur,
3312 3375 3431 3429 nul-

1808 3455 1919 3510 lum
1945 3454 2179 3525 denique
2205 3456 2368 3511 alium
2393 3500 2409 3524 ,
2443 3459 2543 3511 nisi
2577 3476 2698 3513 cum
2729 3462 2819 3531 qui
2848 3473 2931 3516 est
2967 3464 3087 3531 pius
3114 3481 3177 3520 ac
3206 3468 3428 3538 religio-

1808 3562 1901 3600 sus
1923 3587 1939 3611 ,
1970 3547 2057 3617 qui
2087 3547 2265 3601 studio
2296 3549 2577 3619 sapientia:
2616 3561 2831 3607 tenetur
2851 3597 2865 3620 ,
2893 3558 2983 3625 qui
3025 3557 3191 3612 Deum
3235 3559 3385 3615 timet
3412 3604 3426 3627 ,

1806 3638 2025 3694 beatum
2054 3640 2220 3696 duces
2244 3682 2260 3704 ,
2288 3656 2396 3696 non
2424 3642 2599 3698 solum
2641 3656 2863 3716 propter
2892 3647 3067 3702 futura
3089 3691 3104 3715 ,
3134 3651 3231 3706 sed
3261 3653 3426 3709 etiam

1804 3743 2031 3802 promer
2058 3734 2365 3804 prmsentia.
2396 3735 2530 3791 Nam
2561 3738 2723 3792 etiam
2752 3740 2804 3794 in
2838 3739 2940 3796 hac
2966 3742 3068 3795 vita
3098 3742 3186 3799 hic
3211 3761 3428 3818 quoque

1804 3833 1889 3880 est
1914 3825 2009 3881 illo
2038 3827 2329 3896 potentior.
2366 3826 2500 3882 Nam
2533 3829 2579 3884 si
2611 3832 2833 3887 morbus
2860 3833 3184 3906 quandoque
3216 3839 3424 3895 invase—

1804 3916 1892 3986 rit,
1919 3915 2014 3971 ille
2039 3917 2253 3987 quidem
2285 3918 2504 3975 indutus
2530 3936 2764 3994 purpura
2796 3924 2930 3980 nihil
2958 3943 2986 3980 a
3017 3929 3342 3988 satellitibus
3367 3946 3426 3988 et

1802 4010 2037 4079 superbo
2069 4010 2160 4065 illo
2187 4012 2441 4067 exteriori
2476 4026 2735 4085 apparatu
2774 4017 2997 4087 juvatur
3031 4020 3098 4076 ad
3136 4023 3419 4080 solandam

1802 4104 2179 4172 aegritudinem
2200 4148 2215 4171 ,
2248 4106 2343 4161 sed
2372 4107 2710 4169 domos:icis.
2758 4115 3104 4183 parentibus,
3134 4119 3419 4176 omnibus-

1801 4210 1907 4264 que
1935 4198 2309 4271 praesentibus,
2339 4209 2395 4255 et
2417 4203 2597 4257 aureis
2622 4204 2862 4259 vestibus
2890 4223 3053 4275 super
3075 4226 3197 4265 cum
3229 4216 3421 4283 positis

1800 4298 1963 4360 atque
2001 4290 2320 4357 substratis,
2357 4294 2503 4363 jacet
2540 4296 2630 4351 ille
2659 4297 2856 4353 ardens
2891 4302 3054 4357 veluti
3091 4304 3143 4358 in
3178 4305 3420 4366 fornace.

1799 4378 1898 4448 Qui
1930 4391 2012 4436 est
2040 4393 2220 4437 autem
2252 4385 2369 4453 pius
2390 4428 2404 4450 ,
2435 4396 2491 4441 et
2530 4388 2693 4441 Deum
2726 4390 2906 4453 timet.
2938 4408 3046 4447 non
3087 4406 3241 4465 patre
3261 4440 3275 4463 ,
3308 4416 3414 4453 non

1800 4488 1989 4539 servo,
2022 4491 2127 4528 non
2170 4476 2280 4530 ullo
2323 4477 2431 4532 alio
2478 4493 2778 4549 prasente,
2818 4494 3100 4555 postquam
3133 4487 3185 4543 in
3223 4491 3413 4547 cmlum

1797 4582 1906 4621 non
1938 4582 2114 4639 stupe,
2143 4568 2237 4622 sed
2269 4570 2351 4625 bis
2374 4583 2424 4626 et
2456 4581 2539 4627 ter
2569 4577 2842 4645 suspexit,
2868 4592 3088 4634 onlnem
3130 4581 3272 4635 illam
3304 4584 3416 4639 for-

1798 4675 1983 4715 nacem
2014 4662 2292 4717 exstinxit.
2328 4663 2440 4719 Hoc
2464 4666 2629 4721 etiam
2669 4669 2864 4724 viderit
2896 4672 3162 4743 quispiam
3195 4679 3412 4734 evenire

1795 4754 1851 4810 in
1880 4756 2043 4812 rebus
2065 4757 2338 4827 adversis,
2370 4767 2426 4814 et
2464 4760 2517 4814 in
2548 4762 2799 4818 omnibus
2820 4780 2940 4836 qua:
2970 4765 3244 4837 inopinato
3266 4773 3409 4827 acci-

1793 4850 1961 4917 dunt,
1986 4865 2083 4905 eos
2116 4851 2330 4922 quidem
2359 4853 2450 4923 qui
2487 4852 2689 4909 divitiis
2726 4855 2989 4925 afﬂuunt,
3017 4860 3257 4932 clarique
3286 4878 3411 4918 sunt

1792 4953 1847 4999 et
1870 4944 2124 5013 insignes,
2150 4943 2356 4999 turbari
2382 4961 2395 4997 :
2419 4960 2515 5000 eos
2541 4963 2719 5002 au'cm
2743 4950 2830 5018 qui
2855 4960 2981 5005 Sltttl.
3009 4953 3100 5021 pii,
3127 4965 3179 5009 et
3204 4955 3409 5026 Sapien-

1793 5035 1882 5089 tite
1924 5035 2187 5101 studiosi,
2217 5037 2397 5091 omnia
2437 5037 2580 5092 ferre
2613 5039 2767 5094 facile
2791 5049 2843 5095 et
2873 5042 3103 5113 placide.
3127 5045 3245 5103 1am
3280 5066 3411 5104 vero

1789 5136 1919 5182 ante
1946 5141 2008 5183 ea
2040 5128 2243 5194 omnia,
2273 5130 2318 5183 si
2348 5129 2478 5184 nihil
2501 5145 2665 5201 grave
2690 5137 2954 5203 evenerit,
2980 5137 3101 5207 ejus
3120 5140 3209 5210 qui
3240 5141 3407 5199 Deum

1791 5221 1944 5277 timet
1971 5222 2302 5277 conscientia
2330 5234 2416 5279 est
2442 5233 2498 5280 et
2523 5225 2710 5296 majori
2743 5237 2797 5281 et
2826 5228 3108 5287 sinceriori
3136 5235 3408 5307 voluptate.

1790 5315 1983 5384 plena,
2014 5331 2174 5384 quam
2214 5316 2395 5371 divitis
2436 5318 2639 5373 anima.
2676 5320 2770 5376 llle
2810 5324 2992 5389 enim,
3035 5326 3137 5381 etsi
3177 5341 3407 5385 eXterno

1787 5410 1913 5466 cibo
1949 5408 2158 5464 fruatur
2182 5410 2221 5478 ί,
2262 5412 2478 5481 gravius
2516 5412 2809 5469 afﬂictatur
2839 5418 3091 5475 omnibus
3129 5424 3219 5493 qui
3263 5423 3405 5479 litum

1788 5512 2073 5569 vexantur,
2099 5503 2227 5559 dum
2249 5520 2343 5559 sua
2373 5505 2512 5559 mala
2541 5507 2592 5560 in
2622 5509 2939 5565 memoriam
2969 5514 3184 5586 redigit,
3205 5526 3259 5571 ct
3280 5532 3403 5575 cum

1787 5597 1926 5651 mala
1957 5595 2086 5650 vivit
2126 5599 2456 5653 conscientia
2488 5617 2501 5653 :
2539 5599 2627 5654 hic
2668 5612 2850 5658 autem
2876 5646 2893 5671 ,
2932 5605 3059 5661 licet
3097 5612 3407 5666 necessario

1787 5690 2045 5743 alimento
2073 5699 2252 5743 careat
2274 5732 2289 5758 ,
2317 5690 2420 5745 erit
2449 5693 2809 5763 tranquilliori
2842 5706 2898 5750 et
2936 5698 3185 5754 alacriori
3218 5702 3401 5759 animo

1787 5796 1952 5853 quam
1970 5782 2004 5837 ii
2027 5782 2120 5852 qui
2147 5780 2395 5837 fruuntur
2418 5785 2669 5841 omnibus
2690 5785 2923 5853 deliciis,
2948 5800 3001 5843 ut
3030 5792 3119 5860 qui
3147 5792 3284 5848 bona
3306 5807 3404 5865 spe

1851 5880 1867 5909 ι
1907 5882 2151 5928 ttorretus
2178 5889 2189 5925 :
2224 5874 2313 5927 etsi
2330 5880 2535 5927 externa
2558 5876 2800 5940 τοιιφιαιε
2821 5879 3037 5944 fruatur.
