4154 6478
778 422 875 476 167

776 536 967 599 alatur,
990 542 1045 591 et
1064 548 1281 590 auorum
1305 539 1449 586 recte
1476 528 1731 586 factorum
1758 523 2214 581 retttttncrationes
2232 534 2365 590 quo-

776 628 902 685 tidie
928 636 1220 699 exspectet.
1246 624 1349 681 Sed
1380 638 1445 678 ne
1476 620 1699 691 longiori
1730 627 1883 691 utens
1906 616 2149 671 oratione
2175 612 2355 667 videar

775 718 969 774 all'erre
996 717 1290 771 molestiam
1313 755 1328 777 ,
1357 713 1661 783 relinquens
1690 711 1753 763 iis
1780 710 1867 779 qui
1904 714 2029 763 sttnt
2057 705 2211 775 paulo
2239 712 2354 755 stu-

776 811 1037 868 diosiores
1059 805 1339 878 legendum
1369 801 1780 874 unumquodque
1803 812 2138 867 responsum,
2161 805 2214 849 et
2238 807 2356 864 quae

778 908 831 958 in
857 919 924 960 eo
945 903 1043 957 sita
1075 910 1176 967 est,
1209 899 1547 954 scrutandum
1578 896 1701 959 vim,
1726 892 1811 946 hic
1836 893 2011 946 liniam
2035 890 2350 951 orationem,

776 998 866 1051 illa
905 994 1136 1051 suadens
1178 1001 1372 1047 vestris
1408 985 1715 1050 dilectioni,
1756 994 1814 1038 ut
1857 998 1962 1038 non
2004 982 2126 1035 hinc
2165 980 2356 1033 lrustra

776 1082 1125 1157 egrediamiui
1147 1122 1165 1150 ,
1195 1081 1288 1137 sed
1320 1092 1573 1149 reSponsa
1617 1086 1882 1147 tamquam
1924 1072 2235 1140 margaritas
2264 1084 2355 1123 su-

778 1187 1007 1243 mentes,
1036 1191 1099 1232 ea
1126 1176 1269 1230 domi
1298 1180 1550 1243 perpetuo
1573 1168 1900 1225 conservatis
1929 1176 1983 1220 et
2007 1160 2352 1225 meditemini,

776 1270 1067 1340 amicisque
1092 1276 1144 1322 et
1171 1264 1425 1320 uxoribus
1450 1278 1509 1316 ea
1542 1259 1720 1314 omnia
1742 1257 1967 1311 dicatis:
1991 1263 2045 1309 et
2068 1255 2112 1308 si
2136 1252 2240 1308 ulla
2265 1264 2358 1305 vos

783 1369 939 1416 vexet
960 1357 1121 1413 animi
1153 1351 1501 1425 perturbatio,
1527 1350 1572 1406 si
1593 1348 1853 1404 excitetur
1876 1344 2159 1414 cupiditas,
2183 1341 2226 1395 si
2258 1341 2354 1404 ira,

778 1462 873 1510 aut
892 1451 1094 1524 qumvis
1122 1448 1221 1503 alia
1248 1460 1278 1500 a
1309 1443 1515 1499 ratione
1539 1442 1710 1497 aliena
1743 1435 2070 1510 perturbatio
2095 1476 2109 1501 ,
2134 1450 2196 1487 ea
2222 1432 2357 1485 assi-

779 1545 885 1600 due
921 1540 1125 1597 canalis
1153 1555 1167 1593 :
1194 1545 1251 1592 ut
1279 1545 1333 1592 et
1367 1536 1421 1589 in
1466 1533 1566 1588 hac
1598 1533 1703 1587 vita
1748 1543 1937 1600 magna
1982 1524 2359 1595 tranquillitate

780 1637 1039 1701 fruamur,
1066 1640 1121 1686 et
1145 1632 1197 1686 in
1229 1633 1400 1685 futura
1424 1630 1529 1681 vita
1558 1627 1692 1681 bona
1720 1632 1919 1678 teter-na
1949 1633 2356 1689 consequamur,

777 1727 948 1799 gratia
982 1736 1035 1779 et
1074 1722 1399 1793 benignitate
1424 1718 1633 1775 Domini
1667 1714 1832 1772 nostri
1861 1713 1986 1770 Jesu
2011 1711 2240 1777 Christi,
2268 1724 2361 1778 per

780 1834 937 1889 quem
969 1827 1025 1872 et
1050 1830 1169 1870 cum
1200 1828 1306 1884 quo
1344 1811 1483 1866 Patri
1515 1819 1568 1863 et
1603 1817 1787 1863 sancto
1814 1803 2032 1876 Spiritui
2058 1803 2127 1857 sit
2151 1800 2317 1871 gloria
2342 1841 2358 1866 ,

783 1908 1063 1978 imperium
1086 1947 1104 1971 ,
1136 1907 1335 1969 honor,
1361 1916 1499 1956 nunc
1527 1908 1579 1955 et
1608 1912 1850 1967 semper,
1876 1904 1929 1950 et
1953 1896 2008 1948 in
2038 1891 2227 1947 satcnla
2257 1905 2360 1945 sa:-

780 2001 1039 2055 culorttm.
1075 2000 1262 2053 Amen.

1204 2125 1273 2183 ω
1304 2121 1622 2180 essenon
1646 2119 1806 2176 xutt
1841 2118 1936 2188 (η).

1139 2242 1188 2296 ι.
1231 2237 1465 2294 Victoria
1496 2236 1685 2290 auctori
1717 2234 1837 2303 ﬁliis
1862 2231 2006 2287 Core.

780 2350 836 2411 9.
868 2355 1020 2420 Deus,
1046 2352 1251 2409 auribus
1271 2351 1451 2407 nostris
1474 2349 1775 2410 audiuimus,
1795 2356 1958 2416 patres
1980 2343 2135 2398 nostri
2160 2358 2361 2395 mutun-

854 2452 1103 2503 tiarerttnt
1148 2443 1286 2499 nobis
1324 2458 1450 2513 Opus
1488 2440 1622 2509 quod
1654 2446 1887 2507 operatus
1912 2452 1962 2489 es
1998 2435 2050 2487 in
2075 2434 2246 2488 diebus
2277 2448 2364 2486 co-

854 2557 991 2606 rum,
1020 2548 1067 2595 et
1105 2538 1159 2592 in
1204 2535 1378 2589 diebus
1420 2531 1660 2602 mitiquis.
1703 2529 1854 2584 Alius
1891 2529 2153 2595 interpres
2181 2524 2274 2590 ait,
2299 2523 2367 2576 In

855 2632 1026 2689 diebus
1057 2627 1323 2701 prioribus.
1347 2624 1515 2691 Alius,
1542 2621 1607 2677 In
1636 2621 1807 2675 diebus
1832 2618 1893 2673 ab
1922 2618 2083 2671 initio.

860 2771 911 2825 l.
942 2767 1093 2823 Hunc
1129 2760 1395 2818 Psalmum
1439 2756 1566 2811 dicit
1612 2751 1866 2823 propheta
1902 2764 2005 2804 non
2046 2764 2107 2803 ex
2142 2761 2367 2818 persona

782 2859 1019 2934 propria,
1058 2853 1150 2912 sed
1186 2868 1252 2908 ex
1291 2864 1513 2922 persona
1562 2844 2013 2905 Maccahmorum,
2061 2856 2282 2895 narrans
2318 2847 2372 2895 et

785 2930 1080 3024 praedicens
1120 2959 1237 3018 qua:
1278 2941 1450 2998 futura
1492 2948 1645 2994 erant
1690 2937 1743 2992 in
1788 2936 1878 2990 illo
1903 2944 2164 3003 tempore.
2214 2930 2371 2986 Tales

790 3044 935 3101 enim
976 3049 1100 3096 sunt
1148 3035 1417 3109 prophetm
1459 3051 1474 3088 :
1523 3031 1697 3086 omnia
1743 3038 1979 3099 tempora
2032 3031 2368 3096 percurrunt,

792 3134 1093 3209 prmeentia,
1141 3128 1427 3205 prasterita,
1476 3124 1667 3180 httnra.
1708 3121 1932 3191 Quinam
1966 3128 2089 3174 sunt
2114 3127 2288 3175 autem
2315 3117 2369 3172 hi

788 3208 1091 3288 Haccahai,
1118 3220 1350 3293 quidque
1387 3216 1527 3288 passi
1571 3222 1713 3280 sunt,
1744 3220 1799 3267 et
1822 3208 1948 3282 quid
1988 3209 2246 3274 fecerunt,
2278 3221 2373 3263 ne-

788 3320 1077 3375 cessarium
1110 3322 1194 3368 est
1225 3311 1450 3381 primatu
1480 3306 1677 3369 dicere,
1735 3311 1790 3357 ttt
1835 3302 1942 3358 sint
1968 3300 2231 3369 apertiora
2256 3313 2374 3367 qua

790 3412 845 3468 in
876 3412 1189 3478 argumento
1235 3401 1503 3458 dicuntur.
1546 3397 1585 3452 Ii
1611 3395 1774 3459 enim,
1819 3407 1941 3448 cum
1969 3388 2253 3445 invasisset
2276 3387 2373 3443 Ιη-

793 3501 960 3555 rlazant
988 3492 1301 3559 Antiochus,
1327 3491 1416 3562 qui
1439 3489 1612 3545 dictus
1647 3494 1731 3541 est
1763 3484 2081 3555 Epiphanes,
2114 3489 2167 3535 et
2194 3479 2372 3533 omnia

790 3592 1119 3647 devastasset
1153 3594 1208 3641 et
1232 3583 1427 3639 multos
1463 3579 1551 3651 qui
1591 3588 1715 3632 tunc
1756 3584 1928 3641 erant,
1955 3588 1985 3627 a
2017 3572 2198 3641 patriis
2228 3570 2376 3625 iusti-

794 3684 916 3738 tutis
946 3680 1153 3736 resilire
1190 3676 1473 3745 corgisset,
1520 3675 1925 3740 permanserunt
1969 3664 2118 3720 illaesi
2163 3662 2230 3717 ab
2274 3662 2377 3718 illis

794 3768 1259 3839 tentationibosﬂ.
1290 3764 1519 3820 Maccab.
1548 3764 1600 3817 l.
1628 3762 1707 3815 ll.
1733 3759 1891 3829 sqq.):
1918 3766 1971 3811 et
1991 3754 2200 3826 quando
2219 3770 2379 3823 grave

792 3862 1005 3933 quidem
1036 3861 1232 3915 bellum
1273 3852 1567 3925 ingruebat,
1599 3864 1701 3906 nec
1723 3845 2008 3918 quidquam
2036 3852 2278 3914 poterant
2303 3843 2379 3898 fa-

798 3969 916 4009 cere
966 3949 1107 4021 quod
1155 3946 1448 4017 prodesset,
1492 3957 1551 3998 se
1586 3938 2000 4005 abscondebam.
2028 3936 2179 4004 Quod
2218 3936 2377 3991 etiam

796 4046 1033 4100 iecerunt
1054 4038 1296 4110 apostoli.
1326 4036 1439 4091 Non
1464 4035 1604 4089 enim
1634 4046 1845 4101 semper
1869 4038 2159 4101 pnnsentes
2181 4028 2231 4081 in
2269 4042 2381 4082 rne-

795 4136 880 4189 dia
906 4132 1175 4188 irruebant
1201 4127 1453 4199 pericula,
1480 4125 1573 4179 sed
1610 4136 2003 4190 nonnumquam
2044 4129 2098 4174 et
2123 4119 2380 4189 fugientes

795 4238 850 4280 et
881 4225 1102 4279 latentes
1119 4219 1399 4276 cedebant.
1430 4216 1714 4285 Postquam
1742 4222 1917 4267 autent
1946 4226 2132 4281 parum
2158 4211 2381 4281 respirao

798 4325 1004 4381 verant,
1037 4322 1301 4384 tamquam
1330 4308 1575 4381 generosi
1600 4305 1811 4378 quidam
1852 4302 2081 4358 Ieunculi
2107 4318 2171 4356 ex
2213 4302 2381 4357 antris

797 4408 1124 4470 exsilientes,
1154 4413 1208 4459 et
1233 4418 1263 4458 e
1302 4400 1519 4458 latebris
1561 4408 1914 4468 emergentes,
1945 4395 2247 4451 statuebant
2275 4410 2379 4450 non

799 4514 859 4555 se
885 4497 1113 4569 amplius
1139 4494 1283 4550 solos
1306 4505 1539 4556 servare,
1562 4488 1656 4546 sed
1676 4488 1831 4542 etiam
1856 4487 2007 4552 alios,
2031 4495 2383 4556 quotcumque

801 4598 1020 4660 possent
1049 4606 1064 4643 :
1090 4595 1147 4644 et
1168 4586 1438 4643 civitatem
1469 4590 1523 4638 et
1552 4580 1821 4651 regionem
1846 4594 2058 4633 omnem
2101 4578 2380 4642 obeuntes,

800 4684 1128 4755 collegerunt
1149 4687 1407 4751 quotquot
1423 4679 1740 4734 invenerunt
1771 4672 1947 4728 adhuc
1981 4686 2141 4729 sanos
2170 4683 2221 4727 et
2252 4672 2388 4727 inte-

803 4790 927 4849 gros
960 4793 976 4831 :
1006 4783 1062 4831 et
1102 4774 1296 4829 multos
1343 4770 1503 4827 etiam
1544 4768 1635 4840 qui
1678 4766 2008 4830 laborabant,
2060 4776 2115 4819 et
2150 4766 2385 4833 corrupti

802 4878 974 4933 erant,
1016 4868 1067 4923 in
1115 4873 1309 4921 statum
1348 4863 1627 4934 pristinum
1675 4860 2013 4930 redegerunt,
2043 4858 2123 4913 eis
2170 4873 2387 4926 persua-

802 4963 1011 5028 dentes,
1042 4959 1215 5017 redire
1242 4956 1309 5013 ad
1357 4956 1527 5030 legem
1575 4952 1819 5024 patriam.
1856 4951 2023 5005 Deum
2068 4949 2210 5003 enim
2239 4949 2386 5004 dice—

805 5053 934 5108 bant
959 5066 1079 5107 esse
1108 5050 1392 5120 benignum
1420 5054 1474 5104 et
1495 5045 1834 5107 clementem,
1878 5056 1976 5096 nec
1998 5055 2246 5110 umquam
2269 5040 2387 5093 adi-

807 5158 954 5199 mere
977 5142 1225 5208 salutem,
1264 5155 1384 5211 qute
1424 5136 1779 5205 proﬁciscitur
1802 5148 1866 5189 ex
1897 5132 2224 5203 poenitentia.
2264 5130 2389 5186 Haec

806 5244 984 5290 autem
1003 5233 1259 5295 dicentes,
1280 5230 1580 5286 habuerunt
1598 5226 1861 5283 delectum
1885 5223 2097 5278 fortium
2128 5224 2384 5276 virorum.

808 5326 923 5384 Non
950 5325 1091 5382 enim
1120 5338 1220 5394 pro
1245 5322 1516 5383 uxoribus,
1547 5318 1730 5374 liberis
1760 5324 1814 5372 et
1839 5315 2066 5379 ancillis,
2096 5314 2387 5385 patriaeque

807 5417 1085 5474 eversione
1123 5423 1177 5469 et
1214 5412 1538 5484 captivitate,
1569 5408 1661 5465 sed
1692 5422 1788 5479 pro
1813 5407 1929 5478 lege
1953 5417 2007 5461 et
2033 5407 2198 5477 patria
2223 5421 2388 5473 repu-

810 5511 945 5567 blica
982 5507 1326 5580 pugnabant:
1356 5518 1541 5559 eorum
1577 5510 1752 5555 autem
1788 5499 1894 5554 dus
1925 5506 2040 5554 erat
2068 5497 2227 5552 Deus.
2254 5495 2387 5550 Cum

803 5614 939 5671 ergo
961 5600 1132 5657 aciem
1151 5596 1460 5669 dirigerent,
1482 5602 1536 5649 et
1552 5592 1790 5663 proprias
1816 5597 2143 5660 exponerent
2162 5589 2383 5654 animas,

865 5783 949 5846 (rt)
985 5782 1045 5846 lu
1064 5781 1193 5846 hunc
1219 5778 1608 5846 ⁸[ξιιρξιιιιιιη-θςιὶιι
1627 5780 1897 5846 sequeptes
1930 5773 2109 5824 utimur
2132 5768 2389 5823 Palicum

813 5836 971 5909 negti:
1000 5843 1115 5895 1062
1140 5852 1189 5893 et
1212 5843 1349 5903 esse,
1375 5836 1726 5892 ett‘olbertioo
1753 5836 1825 5887 to.

1492 416 1547 473 8.
1587 406 1864 469 JOANNIS
1901 402 2375 465 CililYSOSTONi
2421 400 2736 457 AliCiilEP.
2766 397 3297 457 CONSTANTINOP.

3960 400 4069 455 {€31

2467 517 2757 573 fundebant
2796 516 3149 582 adversarios,
3189 530 3293 570 non
3336 511 3499 569 armis
3530 512 3772 573 ﬁdentes.
3803 512 3905 567 sed
3941 513 4069 567 lum

2462 609 2635 663 omnis
2651 618 2931 663 armatura:
2950 622 3136 677 pugna:
3156 620 3371 661 causam
3395 602 3642 660 sumcere
3658 603 3944 660 ducentes.
3980 608 4069 660 Ad

2462 697 2656 751 bellum
2688 710 2862 753 autem
2892 708 3101 760 euntes,
3135 712 3238 750 non
3269 695 3554 766 tragmdias
3579 696 3917 759 excitabant,
3953 711 4069 751 non

2462 803 2642 856 prnana
2672 788 2952 853 canebant,
2976 788 3113 842 sicut
3133 786 3369 841 nonnulli
3399 786 3625 850 iaciunt;
3650 801 3754 839 non
3777 785 4069 841 ειάεείδετεοη

2464 878 2584 931 bant
2609 878 2866 943 tibicines,
2898 888 2954 931 ut
2985 877 3044 931 tit
3073 877 3123 930 in
3150 877 3267 930 aliis
3294 877 3488 930 castris
3518 891 3533 931 :
3565 876 3659 931 sed
3701 875 3792 931 Dei
3818 890 4070 946 superne

2460 969 2713 1022 auxilium
2748 968 3081 1029 invocabant,
3108 977 3161 1021 ut
3195 967 3427 1030 adesset,
3455 981 3609 1035 opem
3642 966 3827 1032 ferret,
3860 976 3920 1021 et
3950 982 4070 1020 ma—

2462 1076 2587 1113 num
2620 1060 2899 1129 prmberet,
2946 1069 3161 1129 propter
3196 1073 3354 1127 quem
3396 1057 3594 1112 bellum
3636 1058 3928 1127 gerebant,
3969 1072 4070 1126 pro

2460 1150 2613 1218 cujus
2654 1150 2817 1219 gloria
2870 1150 3234 1203 decertabant.
3285 1148 3570 1202 Videamus
3615 1162 3743 1217 ergo
3780 1148 3914 1217 quid
3949 1148 4070 1200 Ita-('2

2461 1254 2633 1295 castra
2669 1245 2757 1297 Dei
2788 1245 3087 1307 loquantur,
3115 1260 3234 1313 qua:
3270 1252 3395 1297 sunt
3421 1242 3681 1313 spirituali
3717 1244 3930 1294 inunita
3974 1257 4070 1294 an-

2463 1334 2608 1397 xilio,
2636 1350 2755 1390 cum
2787 1344 2908 1390 sunt
2940 1334 3123 1390 hostes
3163 1348 3495 1405 aggressum.
3530 1332 3687 1399 Deus,
3723 1333 3939 1386 auribus
3968 1348 4065 1385 na-

2461 1427 2577 1480 strt's
2608 1426 2913 1480 audivimus.
2955 1426 3086 1493 Quia
3124 1426 3264 1481 enim
3311 1424 3554 1479 nonnulli
3600 1438 3783 1478 eorum
3811 1425 3907 1494 qui
3938 1439 4069 1477 cum

2464 1516 2592 1587 ipsis
2626 1517 2833 1571 stabant
2868 1517 2920 1571 in
2963 1516 3098 1581 acie,
3126 1515 3371 1570 Antiochi
3410 1514 3824 1576 multitudinem,
3858 1517 4070 1568 lustru-

2464 1615 2607 1661 etant
2645 1607 2836 1672 aciem,
2883 1616 2938 1661 et
2960 1607 3237 1660 victoriam
3266 1605 3544 1671 videntes,
3584 1604 3831 1673 quodtu
3877 1604 4069 1657 omnia

2464 1698 2635 1767 primo
2672 1697 2870 1767 impetu
2906 1698 3172 1767 cepisset,
3222 1697 3594 1767 prepriamqtte
3638 1694 4070 1750 imbecillitatem

2465 1799 2518 1844 et
2546 1790 2862 1859 paucitatem
2902 1789 3331 1853 considerantes,
3370 1789 3643 1843 molliores
3680 1799 3830 1842 erant
3863 1796 3924 1842 et
3964 1788 4069 1839 im-

2468 1883 2766 1936 becilliores
2800 1900 2814 1934 :
2854 1897 3039 1936 eorum
3085 1882 3292 1934 animos
3331 1882 3650 1951 spiritusque
3696 1882 3977 1945 excitans,
4016 1890 4070 1933 et

2465 1974 2753 2029 ostendens
2778 1974 2828 2027 in
2858 1974 2948 2028 Dei
2974 1974 3132 2028 ductu
3161 1974 3468 2027 universum
3505 1972 3664 2026 situm
3690 1986 3832 2037 esse,
3856 1980 3917 2027 et
3943 1971 4069 2024 ειν

2465 2081 2568 2134 que
2596 2066 2852 2133 exercitu,
2876 2066 2919 2120 si
2950 2064 2995 2119 is
3012 2081 3167 2135 opem
3198 2063 3348 2130 ferat,
3382 2078 3539 2133 posse
3566 2064 3736 2133 parari
3756 2064 4063 2124 victoriam,

2468 2155 2635 2209 instar
2678 2155 2997 2225 precationis
3048 2156 3397 2225 compositam
3433 2160 3736 2209 suasionem
3772 2163 3826 2209 et
3857 2154 4065 2209 exhor-

2470 2246 2721 2299 tationem
2752 2245 2907 2300 eiiert
2946 2244 3011 2299 ad
3042 2245 3455 2310 commilitones,
3484 2254 3540 2300 et
3587 2245 3751 2299 Deum
3783 2245 4066 2314 alloquens

2466 2349 2562 2391 cos
2588 2338 2938 2406 promptiores
2977 2334 3151 2390 reddit
3176 2344 3232 2390 et
3267 2335 3575 2390 alacriores.
3617 2333 3731 2390 Non
3761 2343 3846 2389 est
3884 2345 4065 2387 autem

2472 2425 2586 2479 hate
2627 2441 2781 2495 parva
2821 2442 2943 2496 pars
2982 2426 3387 2481 adhortationis.
3432 2425 3615 2496 Neque
3658 2425 3801 2482 enim
3851 2435 4061 2480 tantum

2472 2519 2661 2573 virium
2695 2518 2965 2573 habuisset
3010 2518 3075 2572 ad
3123 2533 3217 2573 eos
3257 2533 3513 2574 conversa
3565 2518 3756 2583 oratio,
3809 2517 3951 2572 sicut
4000 2516 4065 2567 ad

2468 2610 2641 2666 Deum
2672 2609 2891 2664 directa.
2923 2610 2991 2664 Et
3018 2610 3138 2664 ideo
3167 2610 3464 2681 procedens
3488 2608 3628 2663 dixit
3653 2624 3674 2662 :
3704 2606 3827 2663 Non
3876 2610 3930 2661 in
3956 2607 4069 2677 glu-

2462 2702 2557 2754 dr'o
2581 2717 2673 2755 suo
2702 2701 3027 2772 possederunt
3058 2710 3263 2765 terram,
3294 2708 3342 2753 et
3374 2698 3580 2752 dextera
3607 2714 3779 2752 eorum
3821 2715 3927 2752 non
3966 2700 4069 2752 sala

2472 2794 2604 2846 uouit
2640 2808 2723 2847 eos
2760 2789 2828 2863 (υ.
2861 2792 2936 2863 ι).
2971 2791 3081 2846 Hoc
3105 2801 3187 2848 est
3215 2790 3356 2845 enim
3398 2789 3515 2859 ejus
3549 2791 3634 2858 qui
3662 2802 3756 2844 eos
3785 2798 3999 2843 recreat
4019 2798 4070 2839 et

2474 2884 2664 2950 reiicit,
2696 2883 2785 2952 qui
2813 2895 2934 2937 sunt
2965 2882 3196 2937 molliori
3226 2890 3279 2937 et
3312 2881 3648 2936 imbecilliori
3676 2882 3859 2935 animo
3889 2880 3957 2934 ad
3992 2880 4070 2931 la-

2476 2975 2634 3031 bores
2662 2975 3048 3045 suscipiendos,
3069 2974 3157 3045 qui
3181 2974 3719 3044 qumruntvictoriam
3740 2988 3805 3028 ex
3835 2973 4066 3028 humana

2477 3081 2656 3122 rerum
2681 3068 2839 3122 serie.
2863 3066 3049 3121 Omnis
3077 3080 3203 3136 ergo
3232 3064 3345 3120 btec
3369 3064 3608 3135 precatio
3646 3073 3725 3118 est
3763 3063 3830 3119 ad
3872 3063 4069 3118 milites

2476 3157 2795 3224 adhortatio,
2820 3174 2939 3230 qua:
2964 3156 3115 3227 jubet
3143 3156 3321 3211 omnia
3353 3156 3406 3211 in
3440 3157 3603 3211 Deum
3631 3156 3925 3226 conjicere,
3960 3166 4065 3209 sta-

2478 3260 2732 3321 tuereque
2757 3266 2822 3307 ex
2851 3265 2947 3320 spe
2980 3251 3031 3304 in
3057 3250 3204 3304 illum
3232 3248 3465 3321 pendere
3490 3249 3789 3304 victoriam.
3835 3253 3950 3303 Cur
3972 3263 4066 3301 au-

2472 3349 2587 3396 tem
2619 3355 2722 3396 non
2745 3340 3161 3407 dixitabsolute,
3192 3339 3523 3401 Audivimns,
3551 3339 3667 3403 sed,
3694 3337 3905 3393 Nostris
3930 3338 4065 3391 auri-

2477 3434 2568 3487 bus
2598 3432 2917 3487 audiuimus!
2941 3432 3179 3501 Quanam
3220 3432 3361 3485 enim
3393 3432 3492 3484 alia
3519 3430 3757 3500 corporis
3794 3438 3947 3499 parte
3973 3444 4065 3481 att-

2478 3527 2660 3583 ditur?
2700 3526 2962 3596 Numquid
3012 3540 3131 3595 quas
3174 3524 3423 3578 dicuntur
3462 3536 3587 3576 sunt
3631 3518 4070 3592 supervacanan

2482 3618 2672 3673 Absit:
2704 3617 2798 3673 sed
2852 3617 2937 3671 hic
2979 3625 3061 3670 est
3112 3629 3230 3670 mos
3279 3613 3581 3668 communis
3634 3611 3935 3677 hominum,
3983 3609 4069 3679 qui

2481 3710 2696 3781 quando
2716 3710 2889 3779 aliqua
2918 3715 3155 3771 narrant,
3182 3707 3249 3760 de
3268 3706 3461 3777 quibus
3486 3713 3609 3758 sunt
3634 3703 3757 3757 facti
3788 3703 4064 3763 certiores,

2484 3811 2535 3857 et
2564 3817 2651 3856 res
2682 3816 2896 3871 magnas
2924 3808 2979 3854 et
3009 3798 3183 3869 magni
3214 3796 3465 3868 ponderis
3495 3795 3749 3859 referunt,
3786 3796 3853 3850 iis
3878 3795 4069 3865 quibus

2484 3909 2544 3950 ea
2567 3910 2670 3949 non
2696 3905 2819 3948 sunt
2848 3906 3014 3964 usque
3040 3890 3173 3946 adeo
3193 3900 3360 3955 certa,
3384 3902 3540 3943 aures
3562 3902 3773 3959 semper
3794 3887 4063 3957 adjiciunt,

2483 3987 2721 4042 dicentes
2750 4002 2808 4041 se
2831 3985 3051 4041 auribus
3079 3982 3365 4037 audivisse.
3412 3981 3525 4035 Non
3570 3980 3623 4035 in
3660 3981 3757 4035 hac
3782 3990 3961 4035 autem
3987 3993 4070 4032 so-

2485 4078 2591 4132 lum
2623 4078 2850 4141 actione,
2879 4075 2971 4131 sed
2998 4075 3156 4131 etiam
3186 4073 3238 4127 in
3263 4073 3381 4127 aliis
3412 4072 3512 4126 hoc
3542 4072 3715 4141 ipsum
3741 4071 3915 4126 facere
3943 4084 4069 4124 con~

2486 4170 2774 4230 suevimus,
2808 4175 3019 4221 nostros
3059 4164 3293 4234 ipsorum
3325 4177 3511 4216 sensus
3538 4161 3891 4230 producentcs
3914 4161 3963 4214 iu
3994 4169 4065 4212 tc-

2486 4262 2815 4319 etimonium.
2860 4259 2955 4315 Est
2991 4271 3118 4328 ergo
3149 4270 3331 4311 eorum
3360 4254 3449 4324 qui
3490 4254 3671 4309 volunt
3717 4253 3875 4308 (idem
3905 4252 4069 4306 facere

2486 4354 2737 4416 auditori,
2769 4366 2925 4407 aures
2951 4350 3256 4419 adiungere.
3290 4346 3423 4401 Nam
3456 4346 3507 4401 in
3533 4346 3704 4401 oculis
3726 4347 3912 4411 etiam,
3942 4354 3992 4398 et
4018 4343 4063 4394 in

2489 4446 2731 4499 manibus
2760 4442 2863 4498 hoc
2888 4444 3058 4512 ipsum
3080 4440 3321 4502 facimus,
3352 4446 3411 4493 ut
3430 4437 3647 4509 quando
3665 4435 3895 4492 dicimus
3922 4453 3933 4488 :
3961 4433 4061 4489 Ma-

2489 4536 2644 4591 nibus
2693 4533 2888 4588 nostris
2934 4531 3284 4601 palpavimus.
3328 4528 3583 4583 Dicebant
3628 4526 3754 4581 item
3799 4522 4062 4597 apostoli:

2494 4627 2619 4694 Quae
2647 4625 2873 4680 uiderunt
2901 4623 3034 4677 oculi
3072 4622 3251 4684 nostri,
3294 4630 3341 4673 et
3373 4635 3553 4674 manus
3585 4627 3772 4673 nostra
3794 4625 4062 4673 contrecta-

2488 4728 2660 4773 vernnt
2689 4718 2764 4788 (l.
2795 4714 2951 4770 Joan.
2990 4723 3038 4770 t.
3075 4713 3148 4785 l).
3172 4712 3307 4769 Vide
3333 4720 3509 4767 autem
3539 4726 3722 4767 eorum
3752 4712 3839 4767 vel
3864 4712 3983 4766 hinc
4006 4722 4061 4761 cx

2490 4812 2748 4883 prooemio
2771 4810 3041 4868 virtutem,
3069 4806 3157 4876 qni
3185 4821 3305 4861 cum
3330 4814 3406 4859 tot
3432 4813 3486 4860 et
3507 4812 3649 4860 tanta
3676 4813 3891 4875 propter
3911 4803 4062 4857 Deum

2491 4906 2628 4975 passi
2657 4912 2859 4968 essent,
2880 4918 2908 4955 a
2931 4901 3095 4969 patria
3128 4907 3182 4954 et
3206 4898 3449 4953 libertate
3477 4896 3817 4955 excidissent,
3848 4892 4065 4965 pericula

2490 4994 2762 5056 adiissent,
2805 4992 2892 5047 alii
2923 5000 3097 5044 autem
3138 4988 3187 5042 in
3215 4986 3387 5056 fugam
3416 4985 3540 5051 acti,
3573 4993 3779 5040 montes
3798 4994 3858 5040 et
3894 4981 4063 5037 solitu-

2490 5087 2643 5143 dines
2686 5088 3151 5154 persequerentur,
3204 5078 3336 5133 nihil
3385 5092 3571 5132 eorum
3617 5077 3828 5131 interim
3874 5074 4062 5133 dicunt,

2493 5177 2759 5241 videlicet,
2789 5174 2898 5229 lloc
2927 5181 2981 5227 et
3010 5170 3136 5225 illud
3166 5170 3305 5240 passi
3335 5182 3523 5224 sumus
3548 5179 3759 5239 propter
3788 5178 3860 5231 te,
3886 5166 3950 5221 da
3980 5176 4062 5217 no-

2494 5270 2575 5324 bis
2598 5268 2892 5323 auxilium:
2925 5263 3017 5318 sed
3060 5272 3327 5333 tamquam
3381 5259 3496 5315 haec
3537 5259 3616 5313 eis
3653 5258 3919 5321 deessent,
3958 5268 4062 5324 qur.

2488 5361 2609 5430 jure
2634 5357 2822 5413 all‘erre
2854 5364 3087 5425 possent,
3122 5368 3221 5409 nec
3268 5352 3514 5406 ﬁduciam
3545 5365 3608 5406 es
3649 5350 3761 5404 suis
3808 5349 3954 5405 factis
3982 5347 4057 5397 ha-

2494 5453 2699 5516 berent,
2745 5450 2809 5504 ad
2848 5465 2912 5502 ea
2942 5465 3057 5518 quae
3100 5447 3240 5503 Deus
3278 5444 3569 5515 majoribus
3608 5443 3820 5499 illorum
3859 5445 4057 5499 [θαγεῖν

2493 5542 2822 5613 confugiunt.
2851 5540 2957 5595 Eos
2984 5538 3125 5594 enim
3161 5538 3252 5608 qui
3282 5536 3528 5591 ﬁduciam
3557 5550 3663 5590 non
3706 5536 3918 5598 habent,
3961 5530 4056 5583 hac

2495 5634 2670 5690 facere
2696 5648 2803 5687 non
2831 5641 2914 5685 est
2942 5629 3261 5693 mirandunt,
3309 5643 3432 5683 cum
3481 5628 3623 5697 ipsos
3666 5625 3734 5681 ad
3780 5627 3879 5682 hoc
3906 5620 4054 5679 trahat

2497 5727 2786 5784 necessitas
2814 5743 2829 5779 :
2856 5738 2977 5779 cum
3008 5733 3185 5781 autem
3227 5723 3323 5791 illi,
3354 5722 3444 5793 qui
3471 5720 3722 5791 quoniam
3754 5731 3895 5778 recte
3934 5718 4050 5771 fece-

2498 5828 2644 5883 runt,
2674 5816 2951 5889 magniﬁce
2989 5816 3132 5888 loqui
3177 5824 3421 5889 possunt,
3468 5813 3647 5870 nolunt
3677 5829 3739 5869 es
3771 5816 3835 5871 iis
3858 5806 4052 5871 servari.
