4154 6436
126 364 223 441 ⁸6⁵

126 476 441 542 adunci
486 467 1456 547 δα-ιεοίωιαιιωῖυιιιιταωιιε
1491 459 1750 529 “tom

129 574 1106 644 αιιμῃυσαωειιιιιιιιοοηω
1126 553 1486 616 humilitatis:
1516 547 1749 623 μοιραί

133 672 311 720 ιω
335 660 622 719 etaiam-is
645 660 732 715 sui
759 654 925 713 animi
953 668 1061 710 non
1084 652 1324 723 ‘pamm
1370 646 1500 703 Nnc
1537 654 1754 716 ειικκιυο

135 770 349 815 causam
376 758 645 810 statutast.
674 747 888 807 Snﬂicit
912 746 1055 803 enim
1086 743 1184 801 Dei
1210 741 1296 798 vel
1320 737 1439 796 sola
1462 733 1757 809 appellatio

134 850 205 907 ,α
223 844 573 921 ποιιειηειι
594 842 740 901 netu
770 842 1073 899 innumera.

208 940 269 998 1
301 937 495 995 Patras
516 936 670 1009 oﬁsii
686 935 771 991 sai
794 940 1084 990 moneantur.
1104 928 1461 987 Historiarum
1486 937 1754 981 malum

139 1033 354 1088 utilitas.
380 1058 459 1072 —
484 1047 511 1084 ο
542 1026 731 1084 Patres
754 1024 917 1082 ποια-ἰ
938 1020 1367 1079 minamur!
1395 1014 1560 1072 nobis.
1588 1030 1612 1068 ι
1646 1011 1758 1069 Λιι-

139 1125 562 1198 δῆενιιιιοκιιισι
581 1120 815 1177 aliorum
838 1116 1041 1173 nullam
1061 1127 1247 1172 curam
1264 1110 1450 1184 geritis
1473 1126 1486 1163 :
1505 1105 1757 1180 quicum-

140 1232 245 1291 que
268 1232 370 1275 eos
414 1212 660 1272 carmina
703 1208 969 1268 diabolica
1015 1212 1275 1269 canentes
1313 1200 1582 1291 toleratis,
1622 1211 1755 1291 con-

143 1288 385 1367 temnitis
405 1321 543 1364 vero
568 1304 779 1363 divinas
814 1298 1174 1358 narrationes.
1203 1292 1328 1353 Sed
1353 1308 1463 1350 non
1505 1289 1561 1346 bi
1605 1288 1754 1360 ejus-

145 1401 309 1468 modi,
339 1398 441 1456 sed
480 1398 536 1454 in
582 1392 982 1453 narrationibus
1030 1388 1412 1463 prmchrorum
1453 1382 1551 1441 Dei
1591 1380 1760 1438 faeto—

145 1506 259 1549 rnm
286 1492 456 1548 vitam
494 1487 713 1546 assidue
757 1483 1179 1550 consumebant;
1216 1488 1279 1537 es
1306 1477 1505 1549 duplex
1549 1476 1757 1533 lucrum

148 1584 437 1642 iaciebant.
481 1579 621 1638 Nam
669 1585 726 1637 et
770 1577 863 1651 qui
909 1575 1176 1635 beneﬂcio
1213 1572 1393 1631 allecti
1422 1577 1598 1636 erant,
1628 1568 1758 1625 dum

148 1675 539 1733 beneﬁciorum
578 1671 1013 1734 recordarentur,
1044 1667 1309 1724 meliores
1326 1662 1630 1721 evadebant
1659 1678 1675 1716 :
1704 1666 1764 1717 et

152 1766 240 1839 qui
273 1782 345 1824 ex
377 1766 486 1822 illis
527 1762 631 1820 orti
669 1768 845 1827 erant,
874 1775 982 1817 non
1027 1762 1251 1832 parvum
1300 1756 1399 1813 Dei
1438 1753 1762 1827 cognitionis

142 1866 530 1931 mmmam
556 1853 845 1910 sumebant
869 1867 941 1909 en
979 1850 1066 1906 bis
1101 1846 1523 1912 narrationibus,
1548 1852 1604 1901 et
1628 1842 1765 1900 inci-

154 1951 400 2007 tabantnr
424 1946 497 2004 ad
520 1944 833 2004 imitandam
858 1944 1131 2009 virtutem.
1155 1938 1254 1997 Eis
1288 1938 1434 1996 enim
1460 1934 1585 1993 libri
1608 1941 1768 1991 erant

155 2056 243 2099 ora
265 2054 487 2105 eorum,
513 2038 608 2111 qui
632 2037 783 2106 ipsas
823 2041 1148 2107 manant,
1187 2030 1473 2103 omniaque
1499 2027 1687 2086 schola
1709 2034 1767 2083 et

1240 341 1607 405 εκυοειτιο
1642 338 1712 399 IN
1749 335 2074 396 PSALIlllll
2112 337 2293 397 XLIII».

3380 337 3497 395 'IS'G

1867 455 2044 513 solum
2070 465 2367 513 autem'ex
2400 454 2491 523 iis,
2525 469 2647 527 qua
2688 454 2812 513 aliis
2840 455 2964 512 data
3006 463 3154 523 sunt,
3195 455 3495 535 sed‘e‘rils

1859 547 2026 604 etiam
2053 560 2175 619 qua
2217 546 2272 602 in
2301 560 2406 604 nos
2446 546 2595 619 ipsos
2632 549 2792 605 antea
2836 546 3037 605 collata
3075 556 3223 614 sunt,
3251 548 3311 606 lit
3337 562 3487 618 sape

1861 638 2038 694 valida
2069 638 2361 710 postulatio
2402 656 2417 694 :
2450 637 2598 711 qsod
2625 630 2955 698 ctiam"lecit
2988 636 3190 696 Paulus
3232 636 3483 696 scribens

1860 730 1928 787 ad
1957 730 2352 803 Pbilippenses,
2381 740 2439 787 et
2456 731 2645 788 dicens
2669 750 2682 787 :
2709 731 2968 801 Quoniam
2988 740 3036 787 et
3062 728 3486 788 Thessalonicam

1861 821 2089 876 sanciet
2116 820 2303 877 “erant
2342 821 2482 893 quod
2523 821 2654 877 mihi
2695 822 2814 878 usui
2861 822 3095 892 futurum
3138 831 3249 878 erat
3276 822 3489 879 misistis

1864 900 2128 987 (Philipp.
2152 914 2209 971 ι.
2237 914 2358 987 l6).
2389 913 2460 973 Et
2486 914 2611 971 ideo
2640 911 2794 971 multi
2819 914 2911 987 qui
2938 913 3123 971 multis
3145 913 3483 991 donantltoc

1861 1005 2205 1081 praecipiunt,
2234 1019 2306 1062 ne
2330 1003 2385 1062 id
2409 1003 2596 1061 dicant
2627 1004 2787 1063 aliis:
2819 1020 2895 1062 ne
2917 1004 2973 1062 in
2998 1020 3167 1063 unum
3192 1006 3331 1064 facta
3355 1020 3452 1079 ειη
3472 1033 3492 1047 --

1862 1098 1960 1165 tia,
1984 1096 2035 1153 ei
2060 1096 2164 1170 qui
2181 1096 2351 1162 dedit,
2384 1096 2873 1169 multospetitores
2901 1098 3124 1166 excitet.
3153 1105 3340 1169 utpote
3358 1098 3487 1156 cum

1863 1202 1971 1245 non
2018 1189 2189 1260 possit
2234 1189 2628 1263 subtermglum
2670 1190 2915 1249 invenire
2950 1191 3043 1264 qui
3073 1190 3246 1260 dedit,
3277 1192 3493 1264 quomi-

1863 1296 1968 1338 nus
1995 1280 2091 1338 dct
2109 1281 2249 1337 aliis.
2291 1281 2361 1338 Et
2389 1281 2495 1339 hoc
2519 1281 2739 1354 quidem
2781 1281 2977 1341 merito
2996 1282 3190 1356 iubent
3214 1275 3487 1349 homines.

1863 1380 1924 1428 ut
1968 1372 2061 1445 qui
2107 1371 2289 1428 dando
2339 1371 2479 1430 danti
2514 1374 2872 1447 pauperiores
2899 1392 2913 1431 :
2944 1375 3091 1433 Deus
3136 1385 3318 1434 autem
3361 1391 3496 1434 con-

1865 1470 1947 1519 tra
1975 1462 2233 1534 prmdieat
2270 1471 2329 1521 et
2362 1464 2667 1537 proclamat
2699 1480 2767 1523 ea
2802 1481 2924 1536 qua:
2959 1466 3057 1531 dat
3097 1468 3240 1538 aliis,
3284 1476 3344 1525 ut
3369 1467 3494 1526 aliis

1866 1554 2047 1611 etiam
2081 1555 2322 1628 praebeat
2369 1557 2711 1615 occasionem
2761 1573 2956 1629 rursus
3014 1560 3088 1616 ab
3134 1554 3205 1618 eo
3248 1561 3491 1635 petendi.

1866 1644 2055 1702 Dando
2079 1647 2224 1703 enim
2252 1648 2487 1729 majores
2505 1650 3015 1722 ejusostenduntur
3031 1654 3255 1712 divitiae.
3280 1655 3351 1713 Et
3370 1654 3497 1712 ideo

1866 1737 2001 1796 dicit
2028 1738 2229 1797 Paulus
2256 1748 2278 1798 ἐ
2309 1736 2412 1809 Qui
2440 1743 2581 1800 diues
2608 1753 2689 1800 est
2730 1745 2791 1801 in
2830 1762 3030 1816 omnes,
3071 1755 3121 1804 et
3144 1764 3303 1822 super
3320 1764 3497 1805 omnes

1866 1830 2160 1888 inuocantes
2186 1833 2506 1909 carnalem.
2537 1834 2628 1894 l0.
2657 1836 2773 1910 12).
2814 1837 3009 1897 Vidisti
3052 1854 3254 1897 novam
3298 1856 3497 1915 quam-

1870 1923 1997 1981 dam
2048 1934 2298 1983 naturam
2347 1927 2705 1987 divitiarum?
2748 1931 2883 1989 Eam
2930 1944 2987 1991 tu
3033 1948 3250 2007 quoque
3286 1936 3499 1993 imitare

1870 2019 2346 2092 magniﬁcentiam.
2393 2022 2639 2094 Quando
2670 2026 2816 2083 enim
2862 2043 2996 2100 opes
3049 2029 3317 2102 repositas
3366 2044 3500 2087 con-

1870 2113 2192 2185 sumpseris,
2215 2121 2346 2173 tunc
2373 2114 2520 2189 ipsas
2560 2118 2736 2191 magis
2770 2119 2996 2192 augebis
3025 2136 3043 2179 :
3076 2121 3122 2177 si
3145 2130 3327 2179 autem
3355 2121 3502 2180 infov

1871 2205 2041 2277 deris,
2072 2207 2219 2279 ipsas
2257 2218 2389 2267 tunc
2422 2211 2598 2284 magis
2624 2211 2921 2270 diminues.
2948 2213 3017 2270 Et
3054 2212 3187 2287 quid
3212 2215 3409 2272 mirum
3454 2216 3501 2272 si

1744 2332 1768 2348 .
1873 2295 1981 2354 lioc
2022 2298 2222 2355 accidit
2255 2299 2321 2378 :in
2368 2300 2764 2373 spiritualibus,
2815 2318 2940 2361 cum
2988 2302 3097 2361 hoc
3137 2305 3231 2365 liat
3250 2304 3419 2363 etiam
3446 2307 3502 2363 in

1738 2425 1767 2438 ο
1873 2390 2225 2449 carnalibus?
2262 2392 2320 2450 Si
2349 2394 2472 2467 quis
2512 2395 2660 2452 enim
2702 2409 2926 2469 propter
2953 2395 3346 2471 parclmoniam
3388 2398 3497 2457 frn-

1649 2487 1769 2544 ien-
1873 2491 2120 2541 mentum
2148 2484 2296 2541 domi
2344 2487 2509 2542 situm
2550 2504 2661 2544 non
2704 2490 3123 2559 consumpserit,
3163 2505 3269 2548 nec
3299 2491 3354 2548 iu
3386 2501 3504 2550 ter-

166 2770 941 2847 a'esenturinterfnerant,“
952 2766 1078 2825 visu
1093 2771 1455 2840 exceperant,
1466 2777 1531 2821 ea
1542 2761 1773 2820 aeditui

166 2867 483 2930 Iadebant,
503 2866 561 2921 et
584 2860 665 2919 ad
683 2859 847 2918 ﬁdem
874 2856 1186 2917 faciendam
1211 2872 1324 2914 non
1340 2855 1529 2914 minus
1544 2854 1770 2913 valebat

167 2959 588 3028 aaditus,quam
600 2955 779 3013 visas.
791 2951 915 3008 Non
932 2951 1119 3008 minus
1132 2950 1280 3007 enim
1293 2949 1597 3008 credebant
1612 2948 1651 3004 ii
1668 2947 1766 3021 qui

168 3066 275 3108 non
302 3050 626 3113 adfuerant,
649 3062 753 3104 nec
778 3030 1059 3111 viderant,
1080 3057 1253 3119 quam
1276 3042 1319 3098 ii
1347 3040 1443 3113 qui
1472 3040 1771 3098 adfuerant

167 3143 499 3200 etviderant
531 3160 548 3197 :
586 3141 698 3209 hoc
727 3153 955 3211 quoque
975 3151 1075 3195 eos
1106 3151 1219 3193 non
1250 3150 1448 3209 parum
1471 3133 1773 3191 exercebat

169 3235 235 3287 ad
251 3233 438 3291 tidem.
468 3232 776 3288 Videamus
796 3237 982 3285 autem
1011 3228 1109 3301 qui
1127 3226 1435 3290 narrarint,
1458 3235 1514 3282 et
1540 3240 1673 3281 num
1694 3223 1773 3281 si-

168 3326 312 3381 milis
348 3322 668 3395 argumenti
698 3320 1087 3377 meminerint.
1122 3316 1228 3386 Qui
1257 3320 1417 3375 enim
1442 3325 1531 3374 est
1560 3316 1774 3389 aliquid

170 3422 559 3488 rogaturumet
579 3412 919 3485 postulatum
936 3418 1363 3477 consecuturus,
1392 3426 1458 3468 ex
1488 3409 1617 3466 data
1648 3410 1780 3467 aliis

168 3511 343 3581 gratia
372 3522 503 3565 eum
522 3511 744 3578 oportet
773 3510 959 3575 petere
977 3502 1205 3560 similia.
1222 3501 1384 3579 Quod
1410 3509 1597 3559 autem
1622 3502 1775 3566 dico,

170 3612 252 3661 est
279 3599 596 3672 ejusmodi:
624 3597 763 3671 petit
783 3597 989 3669 aliquis
1013 3590 1258 3653 famulus
1280 3611 1312 3651 a
1339 3596 1505 3652 nobis
1529 3596 1738 3652 donum
1756 3614 1777 3653 :

172 3694 215 3752 si
234 3693 545 3751 ostenderit
564 3692 735 3749 alium
755 3706 980 3765 quoque
1000 3690 1053 3747 id
1068 3690 1376 3763 accepisse,
1390 3689 1688 3745 maximam
1699 3689 1780 3745 ai-

174 3787 276 3843 lert
296 3784 603 3852 rationem,
627 3798 730 3842 cur
751 3784 807 3842 id
824 3784 1023 3841 debeat
1036 3783 1312 3856 accipere,
1340 3783 1449 3841 nisi
1463 3782 1785 3854 exemplum

175 3878 335 3935 ludat
364 3874 705 3948 diIerentia.
740 3873 1115 3933 Dib‘erentiam
1150 3882 1339 3932 autem
1369 3873 1497 3932 dico
1526 3888 1782 3948 personat

176 3972 255 4030 vel
287 3977 393 4030 rei.
418 3969 648 4028 Sienim
673 3970 768 4044 qui
787 3969 1024 4042 accepit,
1038 3968 1169 4026 talis
1185 3969 1281 4055 sit,
1294 3968 1481 4041 qualis
1497 3968 1594 4040 qui
1620 3968 1779 4040 petit,

175 4071 227 4121 rt
252 4065 310 4121 id
329 4063 482 4137 quod
504 4062 733 4134 petitur,
754 4061 960 4126 simile,
979 4069 1093 4120 stat
1112 4061 1460 4133 exemplum:
1482 4062 1571 4118 sin
1592 4070 1779 4119 autem

178 4156 265 4215 ille
287 4156 517 4231 quidem
544 4154 673 4227 jure
700 4154 948 4227 accepit,
963 4153 1056 4210 hic
1086 4163 1273 4227 autem
1304 4170 1417 4211 non
1450 4154 1666 4219 itidem,
1689 4168 1783 4227 po-

180 4248 689 4319 atulationemajori
705 4249 988 4321 eritopus.
1006 4234 1345 4307 Necesseest
1362 4256 1546 4304 autem
1563 4246 1620 4303 id
1630 4248 1782 4319 quod

180 4342 304 4399 dico
316 4340 677 4398 manifestum
691 4340 875 4399 facere
889 4358 957 4399 ex
972 4339 1618 4413 Scripturis.Chanana:a
1632 4344 1783 4413 post-

182 4449 348 4506 quam
370 4432 705 4498 audiit,Nou
721 4443 801 4491 est
823 4435 1017 4491 bonum
1036 4436 1277 4506 accipere
1301 4450 1492 4504 panem
1515 4433 1781 4506 ﬁliorum,

183 4539 231 4583 at
260 4526 393 4581 dare
415 4526 661 4594 canibus,
679 4526 815 4583 dicit
841 4546 855 4581 :
890 4526 1097 4593 Etiam,
1122 4526 1381 4584 Domine:
1398 4544 1525 4583 nant
1540 4538 1590 4584 et
1614 4525 1793 4585 catuli,

179 4617 331 4669 edunt
354 4615 421 4669 de
454 4615 608 4671 micis
628 4630 816 4672 mensa
841 4615 1163 4672 dominorum
1190 4633 1398 4672 suorum
1445 4616 1665 4689 (Matth.
1694 4616 1783 4673 l5.

182 4707 269 4764 εει.
294 4706 413 4781 ετ).
444 4708 509 4765 Et
533 4708 736 4766 Paulus
758 4724 947 4767 rursus
975 4711 994 4742 ¹
1022 4709 1286 4777 scribens,
1318 4709 1568 4767 dicebat:
1603 4710 1666 4766 Si
1692 4708 1785 4765 alii

181 4814 358 4858 vestro
398 4802 659 4873 pelamis
696 4814 819 4859 sunt
865 4804 1161 4876 participes,
1190 4805 1353 4860 multo
1380 4804 1545 4877 magis
1588 4820 1682 4859 nos
1706 4804 1783 4875 (l.

182 4894 297 4951 tier.
329 4893 385 4953 ὓ.
419 4894 513 4966 η)
542 4912 556 4947 :
588 4911 657 4952 ex
690 4911 933 4967 pchOttt‘l!
960 4895 1262 4953 dill‘erentia
1291 4913 1352 4956 se
1377 4898 1653 4970 plusjuris
1682 4898 1784 4955 ba-

184 4989 308 5047 ltero
336 4988 647 5046 ostendens.
694 4991 766 5045 Et
802 5006 989 5047 rursus
1021 4992 1266 5048 scribens
1292 4992 1360 5047 ad
1390 4992 1785 5060 Philemonem,

182 5080 394 5139 diccbat
426 5098 442 5136 :
470 5082 605 5151 Quia
644 5083 835 5139 οἰκεῖ-α
873 5094 1167 5141 sanctorum
1214 5088 1565 5158 requieveraut
1602 5105 1692 5162 per
1720 5096 1786 5156 te,

185 5175 343 5244 frater
369 5191 389 5228 :
414 5185 620 5247 prapter
644 5176 782 5248 quod
810 5179 1026 5232 multam
1063 5180 1305 5248 ﬁduciam
1343 5180 1533 5237 habens
1558 5182 1613 5238 in
1640 5182 1786 5238 Chri~

188 5277 257 5320 sto
292 5264 426 5322 Jan
458 5268 748 5339 imperandi
794 5268 882 5323 tibi
911 5270 1047 5340 quod
1089 5272 1163 5325 αα·
1182 5289 1288 5327 rem
1317 5274 1553 5344 pertinet,
1584 5287 1791 5345 propter

189 5360 449 5415 caritatem
481 5361 646 5432 magis
681 5361 888 5417 obsecro
921 5361 1166 5434 (Philem.
1201 5380 1249 5419 υ.
1282 5366 1335 5420 'l.
1367 5365 1445 5439 8).
1487 5366 1585 5423 llic
1616 5378 1699 5424 est
1724 5386 1788 5428 cx

188 5468 330 5524 :rqno
372 5454 702 5524 exemplum.
729 5454 957 5525 Quando
984 5457 1126 5512 enim
1156 5457 1361 5529 primus
1401 5458 1676 5532 fuerit-qui
1704 5479 1793 5517 ac-
1826 5469 1833 5473 '

192 5546 339 5612 repit,
363 5544 530 5600 veluti
574 5548 862 5618 quamdam
892 5548 1129 5604 secundo
1174 5550 1390 5621 ianuam
1420 5553 1614 5623 aperit,
1643 5555 1686 5610 si
1720 5554 1793 5611 si—

191 5637 320 5700 azilis
347 5638 419 5691 sit
447 5636 539 5707 qui
572 5647 656 5692 est
701 5639 987 5709 petiturus,
1034 5641 1116 5699 vel
1145 5642 1190 5697 si
1237 5642 1425 5700 eadem
1478 5654 1642 5716 petat.
1676 5647 1795 5705 Non

246 5816 256 5839 '
296 5814 349 5865 la
373 5814 543 5867 Morel.
569 5829 687 5875 vox,
712 5829 913 5883 rursus,
935 5818 1094 5876 deest.

1725 2577 1771 2634 i-
1875 2589 1993 2631 ram
2017 2574 2234 2648 iecerit,
2277 2576 2331 2634 id
2359 2578 2636 2635 vermibus
2666 2580 3013 2661 exedendum
3051 2581 3213 2638 tradit
3244 2598 3261 2638 :
3291 2584 3376 2641 sin
3403 2600 3506 2657 au:

1763 2704 1766 2721 ς
1880 2677 1987 2726 tem
2011 2668 2352 2742 disperserit,
2373 2671 2635 2745 majorem
2664 2689 2899 2731 messem
2920 2675 3163 2747 colliget.

1950 2761 2006 2818 3.
2051 2762 2281 2820 Diuitem
2316 2781 2518 2820 summa
2543 2772 2847 2839 paupertas.
2896 2799 2963 2810 -—
2993 2767 3195 2826 Audite
3232 2779 3501 2844 quotquot

1878 2852 2013 2910 estis
2031 2854 2172 2909 tardi
2200 2853 2271 2911 ad
2299 2854 2727 2930 eleemosynam.
2758 2858 2957 2915 Audite
2985 2859 3078 2932 qui
3105 2859 3260 2931 vobis
3286 2861 3507 2920 divitias

1879 2946 2147 3003 servando
2173 2947 2493 3007 diminuitis.
2540 2952 2739 3010 Audite
2771 2954 2863 3025 qui
2908 2952 3077 3009 nihilo
3103 2954 3302 3013 melius
3325 2956 3505 3017 aﬂ'ecti

1881 3040 2036 3108 estis,
2064 3054 2226 3112 quam
2277 3043 2369 3114 qui
2415 3052 2542 3101 sunt
2592 3044 2666 3101 in.
2686 3045 2914 3103 somniis
2951 3047 3169 3105 divites.
3199 3048 3335 3120 Qua:
3381 3034 3509 3106 sunt

1881 3124 2026 3188 enim
2082 3135 2367 3204 presenti:
2395 3176 2411 3203 ,
2457 3146 2604 3193 sunt.
2631 3138 2846 3193 somnio
2885 3138 3058 3196 nihilo
3110 3141 3379 3215 meliora:
3409 3145 3507 3200 sed

1882 3223 2342 3295 quemadmodum
2380 3228 2474 3300 qui
2523 3229 2577 3284 in
2632 3230 2862 3289 somniis
2889 3232 2994 3289 sibi
3026 3232 3280 3291 videntur
3304 3233 3517 3300 habere

1883 3318 2163 3389 pecunias,
2184 3318 2320 3379 licet
2345 3318 2548 3378 fuerint
2585 3323 2753 3393 regite
2792 3339 2940 3396 gaza:
2965 3324 3191 3393 domini,
3222 3343 3349 3392 cum
3390 3328 3511 3389 dies

1882 3407 2143 3475 illuxerit,
2173 3418 2301 3465 sunt
2322 3411 2565 3468 omnium
2596 3415 2925 3485 pauperrimi
2947 3433 2964 3480 ,τ
2992 3416 3064 3472 ita
3110 3418 3277 3477 etiam
3319 3420 3372 3476 in
3402 3411 3518 3477 vita'

1883 3500 2164 3571 prmsenti,
2194 3502 2285 3573 qui
2316 3502 2450 3559 nihil
2481 3501 2611 3561 illuc
2632 3504 2848 3563 auferre
2869 3508 3128 3578 potuerit,
3151 3518 3238 3566 est
3266 3512 3509 3569 omnium

1884 3595 2284 3666 pauperrimus,
2317 3596 2442 3653 licet
2460 3597 2642 3654 omnia
2670 3600 3005 3671 possederit;
3041 3602 3093 3658 in
3118 3604 3346 3661 somniis
3364 3606 3510 3663 enim

1884 3687 2058 3742 solum
2084 3686 2237 3743 dives
2259 3687 2377 3745 fuit.
2406 3689 2463 3747 Si
2492 3690 2628 3747 velis
2644 3707 2777 3764 ergo
2797 3692 2926 3748 mihi
2948 3694 3237 3754 ostendere
3259 3694 3508 3761 divitem.

1887 3786 2017 3837 tunc
2064 3779 2196 3836 mihi
2242 3781 2471 3840 ostende
2514 3784 2733 3856 quando
2766 3784 2931 3844 fuerit
2968 3786 3122 3855 dies,
3174 3791 3397 3863 quando
3455 3790 3510 3849 in

1886 3869 2036 3927 illam
2066 3872 2297 3942 patriam
2323 3875 2759 3934 recesserimus;
2790 3894 2935 3935 nunc
2965 3887 3145 3937 autem
3174 3896 3283 3939 non
3309 3892 3500 3956 potero

1884 3962 2200 4020 discernere
2224 3963 2447 4022 divitem
2475 3974 2534 4023 et
2558 3983 2874 4041 pauperem.
2906 3969 3025 4029 Non
3052 3973 3199 4031 enim
3221 3986 3304 4031 est
3329 3991 3512 4034 rerum

1886 4054 2110 4120 veritas,
2141 4056 2237 4113 sed
2269 4059 2447 4129 potius
2466 4071 2602 4116 sunt
2622 4060 2857 4132 jucunda
2884 4075 2940 4121 et
2959 4067 3204 4136 speciosa
3227 4069 3511 4127 vocabula.

1887 4146 2354 4218 Quemadmodum
2382 4151 2529 4209 enim
2557 4155 2804 4213 nonnulli
2827 4158 3105 4228 appellant
3129 4175 3307 4221 eccos
3361 4174 3513 4224 πολυ-

1888 4248 2165 4310 ϐλέποντας,
2197 4241 2309 4299 hoc
2348 4252 2451 4312 est,
2490 4245 2722 4303 multum
2750 4247 3016 4315 videntes.
3047 4250 3175 4309 licet
3202 4270 3291 4311 res
3316 4272 3515 4315 nomen

1890 4346 2002 4388 non
2026 4342 2305 4406 sequatur,
2333 4335 2444 4393 imo
2482 4336 2518 4393 ii
2548 4339 2659 4395 sint
2696 4342 2933 4399 maxime
2966 4359 3075 4400 non
3100 4345 3347 4405 videntes
3385 4368 3401 4405 :
3442 4350 3515 4407 ita

1893 4426 2056 4481 etiam
2083 4442 2281 4517 nomen
2308 4430 2535 4489 divitum
2573 4432 2663 4490 hic
2702 4434 2826 4491 dico
2850 4436 3188 4497 circumferri
3209 4457 3400 4501 eorum
3424 4447 3516 4519 qui

1892 4517 2029 4574 nihil
2070 4519 2181 4577 illic
2218 4523 2516 4593 possident.
2544 4526 2773 4597 Quando
2813 4531 2959 4587 enim
3006 4531 3095 4589 hic
3130 4533 3282 4593 dives
3329 4517 3517 4606 fuerit,

1894 4619 2024 4667 tunc
2048 4627 2173 4669 eum
2202 4616 2316 4672 scio
2345 4618 2579 4676 maxime
2603 4636 2724 4677 esse
2748 4638 3039 4694 pauperem
3074 4644 3087 4682 :
3118 4628 3223 4686 nisi
3250 4631 3398 4689 enim
3427 4648 3519 4691 cs-

1894 4715 1979 4762 set
2002 4706 2432 4781 valde"pauper,
2466 4729 2573 4767 non
2608 4715 2768 4772 valde
2809 4716 3124 4777 ditesceret.
3153 4722 3521 4792 Quemadmo~

1895 4796 2023 4854 dum
2047 4799 2192 4856 enim
2221 4816 2445 4871 caecum,
2479 4805 2580 4862 nisi
2612 4809 2834 4864 omnino
2858 4821 3005 4868 esset
3045 4826 3369 4885 excmcatns,
3411 4836 3520 4877 nou

1898 4892 2265 4962 appellassent
2311 4894 2486 4967 ipsum
2541 4906 2915 4966 πολυϐλιποντα,
2947 4902 3051 4961 hoc
3100 4914 3221 4975 est,
3289 4911 3518 4969 multum

1898 4983 2171 5040 videntem
2198 5002 2213 5043 :
2246 4985 2316 5041 ita
2345 4988 2432 5043 hic
2455 4989 2618 5045 ctiam
2642 4992 2940 5061 putandum
2971 5005 3074 5052 cst.
3102 4997 3359 5072 Deposita
3388 5018 3520 5075 ergo

1899 5079 2220 5153 deceptione
2252 5084 2553 5151 nominum,
2576 5088 2858 5145 veritatem
2881 5090 3224 5161 arripiamus.
3245 5093 3356 5152 Res
3376 5098 3523 5153 enim

1902 5164 2009 5229 non
2052 5175 2358 5231 consistunt
2402 5177 2455 5234 in
2500 5180 2833 5250 nominibus,
2869 5182 2963 5240 sed
2995 5202 3179 5244 rerum
3221 5200 3408 5245 natura
3438 5195 3518 5249 cl-

1904 5268 2054 5342 ﬂngil
2072 5271 2288 5327 nomina
2311 5288 2375 5327 ex
2400 5275 2615 5344 pmpria
2639 5276 2960 5334 substantia.
2989 5280 3088 5337 llic
3107 5293 3328 5340 vocatur
3346 5286 3520 5350 dives.

1904 5363 2000 5420 sed
2033 5380 2139 5420 non
2164 5374 2266 5423 cst.
2316 5366 2382 5422 Et
2422 5369 2836 5439 quomodonon
2884 5383 2990 5442 est,
3029 5378 3247 5448 quando
3291 5380 3521 5437 multum

1906 5458 2134 5530 argenti,
2163 5459 2389 5514 multum
2420 5462 2559 5527 auri,
2592 5462 2800 5533 lapides
2838 5469 3079 5537 pretiosi.
3110 5479 3293 5529 vestes
3315 5460 3519 5537 aurae,

1907 5560 1964 5607 et
1989 5551 2166 5606 omnia
2208 5552 2307 5607 alia
2338 5554 2386 5608 ci
2417 5554 2677 5611 afﬂuunt?
2705 5558 2970 5625 Quoniam
3017 5578 3125 5617 non
3167 5578 3383 5632 aurum,
3426 5581 3529 5622 nec

1909 5653 2111 5711 vestes,
2146 5660 2247 5701 nec
2278 5646 2545 5719 pecunim,
2588 5648 2683 5706 sed
2726 5649 3072 5726 eleemosyna
3115 5652 3240 5713 facit
3279 5655 3525 5714 divitem.

1912 5736 2041 5794 [hcc
2058 5738 2202 5793 enim
2234 5748 2360 5795 sunt
2396 5739 2624 5809 fenum,
2655 5742 2773 5801 lucc
2813 5745 2955 5818 ligna
2996 5757 3052 5805 et
3096 5748 3311 5821 stipula.
3342 5749 3527 5819 Qualis

1916 5830 2079 5902 enim,
2122 5832 2227 5901 dic,
2266 5834 2470 5905 quaso,
2502 5838 2734 5894 vestium
2763 5838 2989 5896 amictus
3020 5841 3168 5899 illum
3195 5846 3259 5902 ad
3291 5843 3527 5902 terribile:
