4070 6428
750 386 842 442 171

742 497 875 555 illud
900 496 1128 555 tribunal
1157 494 1357 552 nudum
1391 504 1620 551 stantem
1660 496 1872 567 operire
1908 495 2141 565 poterit?
2176 495 2328 564 Quod

746 590 1135 657 pertimescens
1166 587 1361 642 Paulus
1394 585 1603 641 dicebat
1631 602 1647 641 :
1687 585 1745 641 Si
1775 586 1975 655 quidem
2010 584 2196 648 induti,
2229 602 2330 639 non

742 680 866 732 nudi
892 666 1199 746 reperiemur
1228 674 1301 748 (2.
1350 675 1469 731 Cor.
1500 676 1553 732 5.
1582 675 1659 748 5).
1689 674 1818 744 Quae
1849 675 2085 745 pecunia:
2126 690 2248 729 eum
2275 674 2325 727 in

745 770 1037 839 periculum
1081 768 1364 823 adductum
1410 777 1659 837 poterunt
1690 766 1964 821 eximere?
2007 766 2095 835 qui
2145 765 2324 819 famuli

746 869 989 928 poterunt
1020 857 1207 912 adesse
1245 856 1464 913 domino
1488 860 1575 926 qui
1605 855 1935 927 ﬂagellatur?
1956 871 2073 926 qtne
2099 856 2328 909 domus?

743 951 832 1021 qui
864 950 1069 1019 lapides
1098 949 1354 1019 pretiosi?
1382 964 1501 1019 qua:
1527 948 1713 1003 balnea
1745 956 1991 1016 poterunt
2018 946 2326 1015 abstergere

740 1041 929 1095 sordes
954 1052 1228 1110 susceptas
1258 1055 1324 1095 ex
1367 1040 1629 1110 peccatis?
1653 1039 1943 1108 Quousque
1974 1040 2215 1107 vosipsus
2242 1052 2325 1092 se-

737 1130 966 1185 ducitis?
1011 1144 1287 1198 quousque
1337 1144 1516 1184 rerum
1571 1131 1847 1183 veritatem
1899 1142 2005 1182 non
2056 1126 2274 1181 cernitis
2306 1167 2322 1193 ,

738 1222 834 1276 sed
863 1221 1086 1275 somniis
1114 1220 1347 1285 inhiatis,
1376 1236 1497 1275 cum
1541 1236 1707 1291 prope
1733 1230 1787 1274 et
1834 1220 1883 1272 in
1917 1220 2117 1274 forihus
2141 1220 2209 1271 sit
2232 1218 2323 1286 ju-

737 1310 979 1366 (licium?
1010 1311 1114 1367 Sed
1161 1320 1492 1367 revertamur
1516 1312 1581 1366 ad
1624 1327 1685 1364 ea
1729 1325 1847 1381 qua:
1874 1321 1995 1364 sunt
2031 1314 2320 1380 preposita.

742 1402 922 1457 Patres
951 1403 1107 1456 nostri
1146 1402 1567 1456 annuntiatterunt
1594 1401 1735 1455 nobis
1762 1416 1888 1470 aptis
1926 1400 2059 1469 quod
2085 1399 2245 1468 fecisti
2270 1400 2321 1451 in

736 1494 913 1548 diebus
953 1510 1144 1559 eorum,
1196 1494 1250 1547 in
1300 1494 1474 1549 diebus
1517 1493 1751 1563 antiquis.
1800 1493 1981 1547 Potest
2021 1492 2179 1547 etiam
2222 1490 2323 1545 huc

736 1584 955 1638 verbum
984 1584 1118 1638 sumi
1145 1583 1455 1654 anagogicc.
1488 1584 1600 1637 Etsi
1627 1584 1771 1638 enim
1804 1582 1908 1636 illis
1939 1593 2116 1651 putres
2142 1597 2323 1636 narra-

736 1684 948 1741 verunt,
983 1682 1157 1729 tamen
1190 1675 1342 1729 nobis
1381 1675 1540 1730 etiam
1582 1674 1731 1727 dedit
1767 1674 1858 1728 Dei
1898 1672 2090 1743 gratia,
2124 1682 2179 1725 ut
2204 1688 2321 1741 qua:

733 1766 873 1835 apud
913 1767 1032 1820 illos
1074 1765 1212 1820 facta
1252 1774 1395 1832 sunt,
1435 1780 1529 1835 per
1556 1766 1724 1821 sancti
1766 1765 1994 1835 Spiritus
2034 1764 2320 1819 adventum

732 1858 1083 1913 disceremus.
1124 1855 1403 1924 Quomodo
1443 1866 1620 1911 autem
1663 1856 1859 1925 poterit
1897 1855 2156 1924 quispiam
2207 1852 2322 1908 hinc

732 1961 947 2001 sumere
990 1945 1315 2016 anagogice?
1361 1945 1415 2000 Si
1460 1961 1520 1999 ea
1565 1945 1741 2000 trahat
1764 1943 1831 1998 ad
1874 1943 2125 2013 praeclara
2169 1956 2319 1998 nova:

731 2039 910 2108 gratia:
940 2035 1195 2102 hiciuora,
1221 2036 1361 2107 quod
1402 2036 1455 2093 in
1497 2038 1687 2091 ctelum
1716 2034 1906 2094 sublati
1948 2035 2137 2101 simus,
2176 2034 2319 2103 quod

731 2145 898 2200 regno
922 2128 1067 2199 digni
1096 2128 1264 2182 simus
1294 2127 1482 2193 habiti,
1508 2127 1647 2198 quod
1684 2128 1821 2182 Deus
1849 2126 2011 2181 homo
2038 2124 2206 2180 factus
2226 2125 2315 2192 sit,

729 2220 869 2288 quod
900 2218 1074 2274 solvat
1101 2217 1469 2273 interm-tiliam
1494 2219 1635 2292 scpis
1666 2216 1963 2272 maceriam.
1996 2214 2102 2272 Sed
2132 2216 2317 2271 redea-

730 2321 852 2383 ntns
877 2308 944 2364 ad
976 2309 1271 2366 historiam.
1294 2307 1435 2379 Opus
1454 2311 1588 2381 quod
1615 2320 1849 2379 operatus
1872 2325 1923 2364 ea
1953 2310 2006 2362 in
2029 2308 2202 2363 diebus
2229 2324 2316 2364 eo-

726 2417 859 2466 rum,
899 2401 952 2454 in
1001 2399 1174 2455 diebus
1211 2401 1447 2471 antiquis.
1487 2400 1728 2459 Meminit
1772 2400 2048 2470 cujusdam
2087 2400 2318 2469 antiqua:

726 2489 1067 2559 narrationis,
1092 2498 1145 2544 et
1169 2506 1290 2560 qua:
1336 2490 1588 2559 pmelare
1613 2489 1740 2547 olim
1768 2490 1901 2545 facta
1928 2498 2052 2544 sunt
2080 2488 2313 2547 adducit.

726 2580 790 2634 Et
810 2594 905 2634 cur
926 2595 1032 2634 non
1062 2579 1290 2648 alicujus
1319 2581 1440 2634 novi
1471 2580 1748 2637 meminit?
1772 2580 2034 2652 Quoniam
2058 2579 2198 2649 apud
2216 2580 2315 2635 lto-

724 2669 897 2724 mines
923 2670 1139 2740 quidem
1172 2668 1298 2739 jure
1339 2686 1422 2737 ea,
1462 2686 1582 2741 qua:
1624 2680 1749 2724 sunt
1774 2685 1964 2726 recens
2004 2680 2141 2735 aeta,
2189 2686 2317 2724 nar—

724 2775 905 2815 ramus
929 2779 945 2816 :
972 2770 1028 2816 et
1044 2775 1139 2830 per
1162 2775 1223 2816 ea
1252 2762 1394 2836 ipsos
1412 2761 1749 2827 attmhimus,
1781 2764 1903 2832 quia
1930 2762 2311 2819 eorumimbe-

722 2851 848 2905 cilla
901 2859 985 2906 est
1036 2851 1341 2906 memoria:
1385 2851 1495 2907 Deo
1539 2862 1718 2906 autem
1767 2866 1919 2921 reque
1966 2862 2092 2907 sunt
2135 2852 2317 2909 omnia

721 2941 957 3015 cognita,
985 2950 1043 2997 et
1078 2952 1282 3007 vetera,
1330 2951 1385 2997 et
1426 2957 1581 2997 nova.
1612 2942 1744 2997 Ecce
1785 2944 1965 3010 enim,
2017 2944 2218 3013 inquit,
2260 2955 2315 2998 tu

721 3032 998 3102 cognovisti
1026 3033 1217 3099 omnia,
1246 3032 1517 3086 novissima
1544 3042 1592 3087 et
1614 3034 1823 3105 antiqua
1854 3032 2025 3106 (ρωι.
2079 3033 2199 3091 158.
2233 3033 2309 3104 5).

721 3121 845 3176 Nilil
900 3131 1077 3175 autem
1124 3119 1290 3178 refert
1339 3137 1407 3177 an
1462 3133 1721 3187 veterem,
1767 3138 1835 3177 an
1890 3138 2080 3179 novam
2128 3139 2311 3179 narra-

722 3211 924 3268 tionem
965 3214 1086 3283 qnis
1128 3212 1343 3278 dixerit,
1390 3215 1550 3270 modo
1577 3216 1648 3269 sit
1674 3217 1945 3289 proposito
1964 3218 2308 3273 conveniens.

721 3304 1023 3373 Quamnam
1087 3317 1266 3361 autem
1318 3307 1429 3361 vult
1489 3307 1758 3378 antiquam
1816 3308 1996 3363 dicere
2050 3311 2313 3364 narratio-

726 3398 900 3454 nem?
941 3398 1252 3455 Audiamus.
1294 3399 1347 3454 5.
1402 3398 1589 3455 Manus
1638 3410 1723 3453 tua
1763 3412 1932 3472 gentes
1978 3401 2315 3472 disperdidit,

721 3501 771 3545 et
815 3491 1053 3561 pluntnatt'
1098 3507 1181 3545 eoa
1223 3510 1241 3544 :
1286 3492 1506 3562 amisisti
1548 3494 1791 3563 populos,
1838 3502 1885 3547 et
1929 3494 2164 3563 expulisti
2205 3510 2314 3553 eos.

722 3581 1101 3652 Agnovistisne
1154 3582 1423 3651 quodnam
1478 3582 1673 3637 bellum
1719 3583 1900 3648 dicat,
1943 3599 2100 3653 quam
2143 3584 2312 3638 victo-

729 3673 888 3739 riam,
918 3670 1059 3743 qnod
1089 3670 1389 3741 trnpmum?
1419 3686 1622 3741 opusne
1666 3673 1893 3737 habetis,
1924 3683 1981 3727 ut
2011 3673 2061 3728 id
2103 3688 2131 3726 a
2161 3673 2315 3728 nobis

720 3761 1060 3819 declaretur?
1089 3763 1350 3819 Existimo
1374 3764 1587 3834 quidem
1616 3764 1813 3819 multos
1834 3764 1947 3835 jam
1988 3765 2314 3824 intellexisse

721 3853 866 3924 quod
894 3854 1130 3918 dicitur;
1183 3864 1401 3924 propter
1434 3870 1529 3908 eos
1558 3864 1735 3910 autem
1770 3858 1858 3925 qui
1897 3856 2161 3925 ignorant,
2214 3870 2308 3917 ne-

721 3958 875 3997 cesse
902 3943 1205 4011 estaliquid
1248 3956 1485 4000 nostrum
1525 3945 1754 4000 addere:
1770 3946 2005 4016 Quorum
2041 3963 2169 4022 ergo
2200 3958 2311 4002 tru-

728 4048 985 4100 pmorum,
1016 4047 1245 4104 quorum
1287 4034 1580 4090 facinorum
1631 4038 1913 4094 meminit?
1955 4039 2153 4094 Eorum
2192 4055 2313 4109 qua:

725 4128 780 4179 in
829 4124 1095 4198 Egypto,
1134 4139 1322 4180 eorum
1368 4142 1486 4196 qua:
1533 4128 1584 4181 in
1620 4127 1870 4192 deserto,
1897 4143 2082 4184 eorum
2108 4146 2227 4200 qua:
2260 4131 2310 4184 in

724 4226 869 4270 terra
924 4216 1297 4286 promissionis
1353 4216 1488 4272 facta
1542 4228 1669 4275 sunt
1696 4258 1712 4280 .
1763 4220 1846 4274 vel
1904 4221 2079 4289 potius
2124 4236 2311 4278 eoi-mn

723 4322 848 4375 qua:
898 4307 951 4360 in
996 4308 1373 4378 promissione.
1425 4308 1607 4378 Neque
1643 4311 1784 4367 enim
1831 4310 1875 4375 ii~
1909 4314 1997 4380 qui
2034 4327 2097 4368 ex
2147 4312 2315 4384 Egy-

724 4406 820 4467 pto
862 4399 1060 4467 egressi
1111 4406 1272 4461 sunt.
1315 4411 1671 4470 pervenerunt
1715 4401 1767 4455 in
1818 4400 2175 4467 Palaestinam,
2218 4404 2313 4458 sed

723 4504 912 4545 omnes
953 4490 1260 4548 ceciderunt
1290 4492 1340 4545 in
1366 4490 1628 4562 deserto(
1657 4492 1914 4551 Nam“.
1942 4496 2035 4560 23;
2065 4494 2224 4555 Hebr.
2254 4497 2309 4552 ὅ.

727 4580 859 4651 17).
888 4579 1112 4647 Quando
1137 4596 1265 4654 ergo
1292 4582 1381 4655 qui
1426 4598 1491 4636 ex
1548 4584 1653 4638 illis
1707 4584 1815 4639 nati
1864 4596 2008 4649 sunt,
2057 4595 2113 4641 et
2139 4588 2231 4657 qui
2258 4588 2311 4643 in

724 4672 940 4728 deserto
967 4683 1090 4727 sunt
1123 4673 1333 4728 educati
1356 4714 1372 4737 ,
1417 4675 1641 4745 ingrcssi
1683 4683 1809 4731 sunt
1844 4677 1894 4730 iu
1939 4677 2275 4737 Palmstinam
2296 4719 2312 4746 ,

727 4762 919 4832 inquit,
943 4762 1021 4816 eis
1049 4778 1156 4817 non
1200 4761 1301 4817 fuit
1319 4778 1454 4831 opus
1481 4766 1665 4830 armis,
1695 4765 1785 4821 sed
1810 4768 1890 4822 vel
1920 4768 2035 4837 ipso
2054 4769 2171 4823 solo
2199 4770 2311 4826 cia-

726 4869 880 4909 more
901 4854 1061 4910 urbes
1087 4865 1382 4926 ceperunt:
1411 4865 1464 4912 et
1489 4874 1607 4911 cum
1638 4857 1928 4915 Jordanem
1952 4862 2310 4931 transiissent,

727 4944 951 5015 primam
981 4944 1165 5001 urbem
1193 4962 1312 5016 quae
1337 4948 1415 5003 eis
1442 4951 1699 5017 occurrit,
1730 4950 1976 5019 Iericho,
2004 4953 2316 5013 saltantium

728 5038 906 5107 potius
958 5053 1115 5108 quam
1162 5038 1470 5095 bellantium
1512 5040 1614 5096 ritu
1665 5043 1945 5099 dit-uerunt
1990 5044 2306 5118 (Ιοειιεϐ),

729 5127 934 5183 Armati
963 5130 1105 5184 enim
1132 5147 1236 5186 non
1261 5141 1526 5203 tamquam
1554 5134 1620 5188 ad
1648 5150 1898 5205 pugnam,
1927 5137 2020 5193 sed
2044 5148 2309 5211 tamquam

724 5219 793 5274 ad
838 5218 1179 5279 festivitatem
1229 5238 1295 5279 ac
1340 5225 1590 5282 ehoream
1625 5227 1826 5297 egressi
1883 5239 2046 5297 sunt,
2092 5242 2311 5289 ornatus

738 5312 915 5380 potius
941 5314 1145 5383 gratia,
1175 5332 1335 5384 quam
1388 5328 1444 5371 ut
1489 5320 1712 5375 tutiores
1753 5329 1935 5376 essent
1961 5362 1977 5386 ,
2017 5312 2179 5377 armis
2227 5325 2309 5379 in-

728 5402 942 5467 structi,
967 5413 1022 5459 et
1057 5404 1225 5461 sacris
1244 5407 1480 5463 vestibus
1508 5409 1678 5464 induti
1706 5451 1721 5475 ,
1746 5422 1798 5466 et
1821 5411 2081 5469 habentes
2104 5413 2311 5470 Levitis

736 5491 828 5561 qui
856 5504 1032 5550 castra
1061 5496 1433 5565 prtecedebant
1459 5541 1473 5562 .
1502 5515 1684 5555 muros
1720 5502 2023 5558 cinxerunt.
2050 5504 2116 5558 Et
2144 5503 2310 5561 videri

724 5592 933 5653 poterat
970 5586 1328 5655 spectaculum
1360 5588 1693 5655 admirabile,
1719 5602 1773 5647 et
1810 5608 1945 5662 pene
1975 5594 2307 5661 incredibile,

732 5683 813 5730 tot
840 5674 1001 5731 millia
1030 5678 1295 5733 exercitus
1322 5690 1473 5736 certo
1498 5682 1689 5738 ordine
1734 5692 1789 5739 et
1834 5700 2118 5741 numerose
2161 5686 2309 5744 ince-

725 5764 906 5821 dentia
933 5807 947 5834 ,
978 5767 1030 5821 in
1082 5766 1293 5823 silentio
1320 5786 1530 5826 summo
1559 5815 1573 5839 ,
1602 5772 1930 5845 honesteque
1959 5792 2021 5831 ac
2065 5774 2265 5834 decore
2288 5818 2303 5846 ,

1453 382 1512 441 8.
1548 382 1827 441 ιοΑΝΝιε
1864 382 2315 443 ειιιιῑδοετοιι

2421 382 2692 444 RCHIEP.
2729 381 3262 441 CONSTANTINOP.
3958 386 4002 441 1⁸

2446 495 2669 568 perinde
2696 511 2762 552 ac
2784 498 2829 553 si
2858 497 3033 552 nullus
3064 498 3294 563 adesset,
3328 511 3448 552 eum
3495 496 3741 556 Iuliarum
3773 498 4002 572 elange

2436 599 2492 646 et
2523 589 2885 646 modulatione
2912 590 3092 644 omnia
3120 600 3267 646 recte
3292 593 3543 661 gessisse.
3572 593 3925 650 Erubescant
3961 614 4001 664 q}

2436 680 2826 736 tumultuantur
2854 681 2904 734 in
2932 680 3179 735 ecclesia.
3214 681 3271 735 Si
3314 682 3457 735 enim
3487 683 3573 737 ubi
3615 683 3755 738 tuba:
3801 698 4002 739 resnns

2435 770 2580 833 bant,
2618 779 2722 823 tam
2756 770 2977 839 pulcher
3024 779 3142 825 erat
3195 770 3361 832 ordo.
3393 781 3449 826 et
3491 781 3638 826 tanta
3676 772 4002 829 prodentia

2433 862 2522 916 ubi
2565 862 2703 917 Dens
2743 862 2856 933 ipse
2893 861 3157 931 loquitur,
3186 877 3343 932 quam
3381 864 3589 919 veniam
3634 877 4002 936 assequentut

2430 944 2531 1022 qui
2554 963 2769 1021 propter
2796 967 2924 1007 suos
2944 954 3201 1007 tumultus
3233 954 3551 1022 impediunt,
3585 971 3653 1012 ne
3680 971 3800 1025 qua:
3836 957 4002 1012 diem

2434 1052 2538 1105 tur,
2572 1044 2891 1098 audiantur?
2916 1044 3018 1100 Sed
3048 1060 3163 1104 cur.
3198 1046 3391 1115 inquit,
3424 1062 3527 1099 non
3556 1048 3803 1103 meminit
3834 1064 4001 1105 curnt

2430 1138 2519 1206 qui
2543 1145 2889 1192 excesserunt
2912 1151 2975 1192 ex
3001 1135 3273 1209 Egypto?
3302 1138 3567 1203 Quoniam
3594 1154 3784 1194 omnes
3809 1142 4002 1196 αιςῑόι

2430 1241 2589 1295 runt,
2616 1229 2865 1299 quoniam
2918 1243 3102 1299 paruas
3143 1229 3428 1287 dederunt.
3473 1231 3579 1285 Cur
3610 1240 3788 1286 autem
3838 1248 4002 1286 0mm

2432 1319 2752 1385 perierunt?
2780 1319 2912 1385 Quia
2958 1318 3109 1373 valde
3138 1330 3453 1389 peccarunt.
3488 1319 3623 1376 llinc
3651 1330 3835 1378 autem
3890 1324 4002 1379 alia

2426 1422 2641 1479 quoque
2666 1408 2917 1481 providit,
2947 1418 3006 1463 ut
3030 1412 3119 1478 qui
3152 1408 3489 1463 l’almstinam
3530 1420 3682 1465 erant
3706 1426 4002 1481 occupatu

2432 1505 2575 1559 mala
2605 1518 2728 1574 qua
2770 1504 3009 1557 erantin
3041 1498 3278 1571 £gypto
3324 1512 3431 1552 non
3474 1497 3747 1561 viderent,
3793 1512 4002 1551 omne:

2431 1610 2625 1666 nempe
2669 1594 3143 1665 superstitionem,
3181 1605 3400 1646 omnem
3451 1590 3806 1660 impietatem,
3867 1598 3934 1644 et
3984 1605 4002 1645 ll

2430 1684 2980 1756 tantazimprobitatis
3004 1685 3214 1739 nullum
3241 1684 3563 1753 magistrum
3586 1682 3865 1735 haberent
3924 1680 4002 1734 Eo

2429 1777 2575 1833 enim
2604 1776 2677 1829 ita
2706 1781 3117 1846 przoccuparat
3141 1772 3531 1844 Egyptiorum
3561 1769 3953 1835 consuetudo,
3986 1783 4002 1826 ι

2428 1890 2529 1930 eos
2552 1874 2625 1927 ita
2651 1882 2892 1943 ceperat,
2930 1878 3140 1942 utpost
3176 1878 3258 1925 tot
3292 1870 3558 1926 miracula
3594 1885 3663 1925 ne
3699 1871 3755 1925 in
3789 1870 4001 1926 desert

2428 1966 2649 2036 quidem
2682 1981 2816 2035 pure
2833 1964 3042 2019 erroris
3067 1963 3329 2033 reliquias
3350 1963 3747 2033 abstergerent.
3774 1960 3956 2030 Quod
3990 1977 4002 2019 ι

2425 2063 2588 2117 etiam
2608 2061 2885 2127 cepissent
2907 2059 3251 2115 Chananams
3268 2058 3548 2128 prioribus
3566 2056 3883 2112 deteriores
3910 2071 4002 2109 tua

2425 2152 2774 2223 gistros,quo
2808 2166 2916 2205 non
2952 2150 3229 2219 erupisset
3257 2164 3449 2204 eorum
3480 2147 3772 2218 impietas?
3793 2145 3869 2201 Et
3903 2147 4002 2201 ide

2423 2259 2524 2301 eos
2552 2245 2645 2313 qui
2694 2244 2811 2298 nati
2854 2252 3012 2299 erant
3041 2243 3315 2299 continuit
3359 2244 3414 2297 in
3449 2242 3689 2304 deserto,
3721 2240 3916 2297 donec
3963 2258 4001 2294 at

2425 2339 2672 2392 virorum
2699 2344 2914 2392 aetatem
2939 2336 3323 2405 pervenissent
3350 2349 3542 2389 eorum
3571 2332 3691 2387 lilii.

2495 2428 2550 2483 4.
2594 2425 2717 2482 Haec
2744 2433 2927 2480 autem
2960 2426 3236 2495 loquimur
3259 2440 3367 2479 non
3387 2440 3456 2479 ex
3487 2424 3666 2488 nobis,
3689 2420 3785 2479 sed
3805 2437 3840 2477 e
3865 2422 4001 2477 Scri

2428 2516 2608 2588 pturis
2648 2516 2993 2584 deprompta.
3026 2513 3165 2569 Nam
3209 2528 3308 2584 per
3355 2512 3699 2568 Ezechielem
3736 2511 3892 2568 Deus
3923 2511 4002 2566 lio

2425 2609 2605 2680 ipsum
2627 2608 2711 2661 eis
2726 2606 3041 2677 exprobrat,
3062 2605 3210 2674 quod
3232 2620 3357 2659 cum
3384 2620 3480 2660 eos
3499 2608 3552 2659 in
3570 2604 3854 2660 desertum
3885 2604 4002 2659 edn

2422 2700 2617 2763 xissct,
2636 2707 2691 2755 et
2720 2699 2952 2752 multum
2980 2712 3104 2752 cum
3122 2696 3204 2752 eis
3226 2696 3606 2757 disseruisset,
3623 2709 3732 2751 non
3746 2694 4002 2750 audieba

2420 2800 2513 2848 tur
2538 2790 2757 2862 (Eucti.
2777 2790 2870 2845 ΞΟ.
2898 2790 3007 2859 ιο).
3030 2788 3136 2844 Sed
3154 2803 3261 2859 qua
3278 2787 3349 2843 de
3369 2788 3827 2858 causajussiteos
3845 2788 4002 2842 armi

2422 2884 2600 2947 indui,
2622 2898 2757 2937 cum
2780 2891 2971 2937 essent
2990 2879 3312 2951 aggressuri
3334 2877 3595 2935 Iericho?
3617 2876 3837 2960 Fuisset
3870 2878 4002 2932 enin

2420 2973 2879 3033 admirabilinssi
2900 2972 3289 3029 hoefeciasent
3301 2972 3422 3027 sine
3433 2970 3625 3026 armis.
3642 2970 3877 3025 Scilicet
3893 2983 4002 3025 cun

2412 3068 2610 3140 jubeat
2636 3066 2841 3137 aliquid
2870 3066 3171 3120 humanum
3204 3062 3412 3127 facere.
3453 3071 3510 3119 et
3552 3062 3761 3133 aliquid
3809 3062 4001 3118 sensit

2420 3162 2683 3215 auxilium
2714 3160 2986 3228 accipere,
3020 3157 3125 3212 hoc
3154 3156 3287 3213 facit
3311 3172 3371 3217 se
3403 3155 3701 3212 demittens
3723 3153 3793 3209 ad
3816 3169 4002 3211 θοι-ιιι]

2418 3250 3029 3317 imbecillitatem.Quid
3049 3250 3508 3320 potueruntenim
3529 3246 3933 3303 armaellleere
3957 3263 4002 3301 at

2418 3358 2610 3401 muros
2648 3342 2951 3399 diruendas
2978 3343 3003 3398 Ἰ
3029 3342 3163 3413 quid
3196 3355 3325 3398 vero
3357 3341 3582 3411 clangor
3622 3338 3936 3399 tubarum?
3966 3337 4002 3393 Ξ

2413 3435 2560 3490 enim
2582 3432 2775 3489 fuisset
2790 3433 2993 3488 bellum
3008 3431 3277 3487 adversus
3292 3427 3770 3490 homines.fuisset
3785 3428 4002 3497 aliqum

2414 3534 2756 3582 momentum
2782 3527 2841 3579 in
2870 3523 3043 3578 armis
3070 3522 3447 3592 reponendum
3479 3537 3502 3573 ε-
3526 3519 3611 3573 sin
3635 3525 3821 3573 autem
3849 3530 4001 3573 erant

2414 3632 2617 3673 casura
2642 3616 2868 3674 mania,
2897 3626 3130 3667 cuman
3166 3612 3339 3666 armis
3372 3608 3722 3664 induuntur?
3753 3606 3876 3665 Sub
3906 3606 4002 3663 Ge.

2412 3710 2591 3765 deone
2616 3721 2836 3779 quoque
2860 3708 2956 3775 qui
2979 3702 3125 3773 capti
3150 3709 3301 3768 sunt,
3323 3710 3484 3757 erant
3519 3700 3762 3771 mquales
3792 3701 3888 3761 iis,
3920 3704 4001 3769 qui

2411 3815 2523 3857 non
2554 3799 2699 3869 capti
2735 3804 2867 3851 sunt
2894 3794 3017 3866 (a)‘:
3049 3808 3245 3849 omnes
3275 3792 3421 3846 enim
3465 3789 3739 3845 manifesti
3788 3791 4001 3847 fueruni

2413 3891 2619 3966 (ludio.
2646 3890 2726 3961 7).
2748 3888 2861 3943 Cur
2878 3901 3012 3957 ergo
3029 3885 3146 3940 hac
3173 3881 3350 3939 liuut?
3378 3880 3445 3937 Ut
3468 3883 3566 3952 qui
3590 3882 3705 3957 hac
3726 3882 4002 3952 iubentur

2410 3984 2481 4040 ad
2509 3984 2671 4039 fidem
2705 3981 3068 4037 deducantur.
3105 3977 3304 4032 Anima
3346 3974 3496 4029 enim
3531 3989 3655 4045 qua:
3684 3975 3895 4030 coalita
3934 3992 4001 4031 es;

2416 4074 2661 4145 corpori,
2690 4080 2743 4126 et
2768 4069 3192 4139 nihilumquain
3219 4067 3360 4120 vidit
3381 4066 3793 4136 incorporeum,
3814 4076 3870 4122 et
3894 4081 3996 4120 seu

2412 4166 2674 4222 sibilibus
2693 4163 2889 4225 inhiat,
2915 4160 2986 4214 ab
3004 4161 3075 4216 iis
3095 4174 3219 4230 quae
3236 4157 3492 4213 videntur.
3506 4154 3576 4210 ad
3600 4171 3664 4210 ea
3686 4171 3811 4225 qua:
3830 4164 4002 4210 menti

2416 4257 2964 4328 comprehenduntur
2993 4252 3191 4309 deduci
3225 4265 3369 4321 opus
3412 4250 3597 4304 habet.
3648 4248 3810 4306 Unde
3845 4250 4001 4303 etian

2412 4350 2698 4425 prophetis
2727 4349 2797 4404 de
2826 4353 2932 4404 lteo
2958 4346 3317 4416 loquentibus
3340 4358 3480 4414 opus
3506 4340 3612 4396 fuit
3643 4341 4001 4395 humanorun

2412 4446 2787 4503 membrorum
2807 4440 3147 4503 meminisse,
3170 4453 3280 4493 non
3305 4450 3368 4492 ut
3389 4438 3536 4491 illam
3560 4446 3813 4489 naturam
3837 4447 3868 4488 a
3893 4446 4002 4488 cor.

2410 4538 2669 4606 raptione
2695 4543 2749 4590 et
2775 4533 2997 4587 interitu
3032 4531 3267 4586 alienam
3297 4527 3366 4583 ad
3407 4526 3779 4583 membrorum
3806 4524 4002 4597 ﬁgurat

2413 4625 2856 4700 ﬁngerentmed
2876 4633 2935 4679 ut
2967 4622 3206 4677 animant
3226 4621 3279 4674 in
3304 4618 3603 4674 sensilibus
3620 4632 3745 4672 cum
3775 4630 4002 4687 corpore

2414 4712 2708 4781 enutritam
2738 4733 2805 4773 ex
2826 4714 3085 4770 humanis
3101 4729 3166 4768 ea
3183 4714 3447 4769 docerent
3464 4710 3720 4781 dogmata
3739 4724 3863 4779 quae
3882 4715 4002 4765 sunt

2416 4830 2584 4887 supra
2615 4810 2911 4880 hominem.
2939 4807 3209 4875 Quoniam
3234 4820 3365 4877 ergo
3384 4803 3480 4859 Dei
3508 4803 3762 4873 operatio
3790 4813 3878 4857 est
3908 4800 4002 4856 ali-

2415 4910 2545 4983 quid
2580 4905 2727 4978 quod
2759 4900 3194 4974 apprehenditur
3216 4896 3579 4967 intelligentia
3610 4913 3625 4949 :
3658 4895 3857 4964 nequi.
3879 4904 4002 4959 tunc

2415 5007 2594 5065 erant,
2634 5014 2741 5054 non
2766 4994 3079 5056 crederent,
3114 4991 3270 5063 ponit
3289 4990 3455 5045 etiam
3483 4988 3692 5059 aliquid
3719 4986 4002 5043 sensibile.

2416 5093 2474 5150 Si
2510 5093 2655 5149 enim
2685 5090 2921 5145 dixisset
2947 5105 2961 5141 :
2990 5085 3056 5141 In.
3078 5092 3288 5155 septem
3316 5082 3512 5137 diebus
3539 5088 3819 5137 evertetur
3850 5080 4002 5140 urbs.

2413 5186 2577 5243 vobis
2610 5181 3051 5255 quiescentibus,
3086 5187 3140 5234 et
3174 5176 3307 5231 nihil
3342 5175 3673 5231 facientibus
3718 5192 3732 5227 :
3768 5172 4002 5229 fortasse

2414 5279 2573 5335 multi
2610 5291 2723 5331 non
2751 5272 3160 5339 credidissent;
3185 5284 3335 5324 nunc
3364 5276 3546 5322 autem
3590 5267 3707 5322 haec
3736 5271 4002 5336 pmcepta

2417 5367 2580 5426 veluti
2596 5365 2871 5441 quoddam
2884 5363 3298 5420 fundamentum
3312 5358 3568 5414 humana:
3580 5357 3748 5413 tuenti
3762 5356 4002 5428 subjicit.

2479 5536 2552 5610 (ρ)
2583 5535 2714 5610 om?
2736 5537 2810 5610 ait
2826 5533 3194 5610 ςιιηςραοφιιε
3212 5532 3341 5610 ιι)υά
3359 5529 4001 5610 βφείρὲυςξπξεεεξιιθέἭ

2402 5590 2769 5671 {imitatum
2957 5598 3022 5671 ίίξ
3030 5598 3117 5671 9.“?
3145 5590 3379 5671 ηουέιιιξι
3398 5594 3524 5656 calt“
3537 5593 3732 5671 dates?
3752 5590 4001 5671 ῬΞΐὲοέιὲ

2418 5660 2590 5711 Savilto
2613 5652 2727 5710 lasso
2764 5659 2972 5712 videtur.
3007 5652 3116 5709 libi
3152 5669 3272 5708 vero
3309 5656 3389 5707 hic
3418 5652 3514 5706 non
3545 5652 3734 5705 constat
3762 5654 3877 5716 quid
3912 5652 3997 5702 ειη

2415 5720 3079 5835 {ﬂammante
3102 5725 3267 5772 autem
3290 5727 3382 5779 τά,
3417 5728 3614 5767 numero
3648 5713 3995 5779 cquriles,vcr-
