4154 6460
265 387 383 445 Πὸ

258 500 331 557 ει
383 513 456 556 ne
485 498 538 554 id
580 497 720 573 quod
747 496 948 554 dicitur
988 492 1307 552 existimetis
1354 508 1476 549 esse
1526 482 1895 559 solummodo‘,

255 590 655 662 reiciet-turam,
698 588 827 646 volo
860 587 1016 644 vobis
1058 600 1283 641 ttat-rare
1323 593 1560 639 veterem
1592 579 1870 637 historiam

252 698 390 753 qua:
433 681 716 737 conﬁrmat
741 678 884 751 quod
915 678 1161 734 dicimus.
1206 674 1446 731 Naaman
1493 682 1612 729 erat
1653 671 1876 742 quidam

252 772 457 847 Syrus.
506 765 645 829 Eum
689 786 813 827 eum
866 771 1012 841 lepra
1062 768 1366 833 invasisset,
1416 776 1473 822 et
1496 774 1720 837 propter
1746 781 1869 822 cum

257 866 519 923 morbum
546 863 914 928 erubesceret,
939 871 998 917 ut
1019 860 1112 932 qui
1140 860 1192 916 in
1218 858 1455 914 maximo
1484 858 1726 930 periculo
1752 873 1874 913 vcr-

252 967 497 1024 soretur,
519 957 672 1014 venit
694 958 747 1013 in
778 956 1115 1012 Palatinam
1140 952 1427 1026 (brevitate
1446 952 1592 1009 enim
1615 951 1871 1007 utendum

254 1048 396 1122 est),
429 1049 623 1105 volens
649 1064 680 1103 a
708 1048 963 1121 propheta
994 1046 1212 1102 liberari
1251 1045 1354 1101 hoe
1381 1044 1543 1100 malo.
1574 1042 1709 1099 tium
1740 1058 1874 1114 ergo

254 1141 525 1207 muses.
556 1148 617 1199 et
642 1140 696 1196 in
723 1140 819 1194 viri
850 1140 1052 1196 foribus
1075 1138 1428 1205 constitisset,
1460 1137 1671 1194 vocavit
1700 1135 1873 1192 medi-

250 1247 409 1290 cum.
436 1232 533 1289 Ille
556 1242 736 1289 autem
763 1230 1034 1287 exaudivit
1065 1228 1151 1303 (η)
1170 1229 1412 1301 quidem,
1439 1245 1548 1284 non
1577 1237 1755 1283 tamen
1787 1234 1873 1283 est

253 1336 548 1394 egressus,
571 1321 669 1379 sed
692 1332 903 1377 tantum
928 1321 1074 1378 misit
1096 1362 1113 1387 ,
1135 1320 1335 1393 jubens
1364 1335 1487 1377 eum
1534 1320 1663 1390 tingi
1692 1320 1743 1373 in
1770 1317 1875 1374 llu-

247 1414 351 1471 vio
369 1414 630 1470 .lordaoe.
654 1413 747 1470 llic
758 1424 959 1479 autem,
976 1413 1232 1485 quoniam
1253 1422 1371 1469 erat
1394 1413 1513 1469 leve
1536 1411 1868 1479 mandatum,

252 1505 487 1561 multum
538 1506 744 1562 habens
773 1521 838 1561 ex
884 1506 1148 1573 sensibili,
1194 1512 1254 1563 et
1297 1503 1445 1577 quod
1485 1520 1591 1559 non
1641 1502 1875 1560 habebat

250 1615 396 1667 opus
415 1599 639 1655 sublimi
662 1600 1002 1671 cogitatione,
1027 1615 1135 1658 non
1158 1598 1404 1659 credidit.
1433 1598 1541 1655 Sed
1568 1597 1694 1669 quid
1717 1595 1872 1651 dicit?

251 1688 376 1763 Ego
400 1690 905 1763 dicebant,quoniam
928 1692 1216 1764 egredietur
1237 1689 1309 1744 ad
1328 1706 1428 1756 me,
1447 1699 1492 1744 ct
1520 1691 1740 1760 intponet
1761 1703 1874 1741 nta-

251 1800 381 1837 m
406 1798 576 1850 suam,
607 1792 655 1838 et
678 1782 925 1839 invocabit
967 1783 1129 1839 Deam
1166 1799 1317 1839 suum
1355 1792 1404 1837 et
1433 1780 1627 1837 ornabit
1673 1777 1872 1849 lcprant

252 1872 335 1947 (ι.
370 1872 501 1946 Reg.
524 1874 581 1932 5.
615 1875 728 1945 ll).
767 1874 925 1931 Vides
944 1875 1217 1947 quomodo
1239 1876 1417 1931 anima
1457 1888 1593 1944 epus
1617 1872 1868 1929 habuerit

251 1980 320 2023 re
370 1966 552 2037 aliqua
605 1966 893 2022 sensibili?
928 1964 1045 2022 Non
1092 1966 1417 2022 existimavit
1462 1966 1607 2021 enim
1657 1964 1869 2035 jnssum

253 2058 459 2116 medici
506 2058 779 2123 sufﬁcere.
820 2058 915 2115 sed
966 2075 1127 2115 manu
1174 2073 1308 2128 opus
1356 2056 1543 2124 luisse,
1571 2057 1714 2127 quod
1754 2064 1873 2111 erat

252 2148 653 2205 hibecillitatis
679 2150 819 2220 ejus,
848 2151 938 2221 qui
964 2149 1273 2209 curabatur.
1300 2148 1474 2205 Porro
1519 2149 1685 2203 multa
1729 2162 1870 2220 quo-

252 2258 364 2317 que
405 2241 512 2297 alia
545 2241 673 2299 hinc
711 2242 868 2299 nobis
912 2243 1213 2300 solvmitur.
1263 2240 1389 2299 ideo
1431 2241 1679 2297 Christus
1707 2241 1871 2297 etiam

254 2350 369 2391 non
413 2349 635 2405 semper
661 2328 826 2390 verbo
868 2343 1046 2399 sanat,
1088 2333 1183 2391 sed
1213 2334 1375 2389 etiam
1416 2350 1577 2390 manu
1603 2353 1619 2401 ;
1650 2335 1875 2396 immisit

255 2429 410 2485 enim
461 2444 679 2484 manum
709 2430 765 2483 in
786 2443 849 2483 os
876 2437 933 2484 et
958 2428 1011 2483 iu
1040 2428 1276 2499 linguam
1304 2447 1319 2482 :
1350 2435 1405 2483 et
1430 2428 1625 2483 alicubi
1652 2426 1870 2498 quidem

253 2520 428 2577 verbo
475 2519 620 2589 solo,
664 2520 859 2577 alicubi
911 2530 1092 2577 autem
1144 2520 1423 2576 voluntate
1467 2520 1643 2575 solum
1688 2519 1870 2578 omnia

254 2616 488 2682 ﬁciens.
534 2616 758 2672 curabat
800 2631 898 2673 eos
924 2617 1014 2687 qui
1043 2614 1377 2673 accedebant
1425 2613 1618 2685 (Marc.
1663 2615 1716 2669 7.
1748 2612 1867 2686 33).

253 2710 441 2779 Quare
494 2726 626 2782 ergo
688 2709 795 2767 hoc
854 2708 1143 2767 faciebat?
1173 2708 1404 2780 Propter
1450 2709 1871 2766 imbecillitatem

259 2818 456 2859 eorum
481 2803 585 2874 qui
604 2802 949 2859 accedebant.
980 2802 1048 2858 Ει
1076 2810 1134 2857 ut
1173 2802 1315 2858 scias
1343 2798 1446 2875 hoc
1469 2799 1672 2856 factum
1704 2800 1874 2859 fui“.

255 2905 485 2969 propter
511 2909 700 2956 eorum
739 2895 1179 2961 imbecillitatem,
1211 2893 1456 2955 laudabat
1484 2909 1582 2950 eos
1604 2893 1696 2965 qui
1725 2893 1873 2964 ejus-

257 2988 407 3043 modi
444 2986 608 3043 rebus
652 2987 874 3043 munitus
906 3002 1044 3058 opus
1074 2986 1352 3043 haberent.
1384 2987 1548 3042 Amen
1584 2986 1751 3053 enim,
1782 2985 1869 3040 in-

257 3079 395 3148 mtil,
443 3081 561 3133 dico
606 3079 766 3145 vobis,
809 3095 913 3133 non
948 3078 1117 3134 inueni
1164 3086 1359 3133 tantum
1409 3077 1564 3149 fidem
1607 3078 1661 3133 in
1699 3076 1872 3133 Israel

262 3173 458 3245 Wath
511 3172 567 3229 8.
624 3172 713 3243 l0)
746 3191 761 3227 :
789 3170 1222 3243 quandoquidem
1272 3186 1402 3231 non,
1432 3170 1596 3227 traxit
1640 3186 1768 3227 eum
1813 3170 1872 3226 in

258 3266 480 3321 domum
504 3280 660 3319 suam
680 3265 944 3329 centurio,
964 3261 1060 3319 sed
1076 3263 1213 3319 dixit
1235 3261 1571 3334 ejusjussum
1593 3260 1868 3318 sumcere.

262 3357 318 3415 In
350 3356 586 3413 Escehia
629 3357 712 3427 (l.
740 3354 849 3428 Reg
898 3353 990 3426 18)
1035 3355 1217 3426 itaque
1244 3354 1377 3410 nihil
1405 3355 1515 3411 tale
1557 3353 1638 3421 lit,
1663 3352 1761 3409 sed
1787 3360 1873 3409 est

262 3447 604 3505 solummodo
631 3446 924 3517 praedictio,
955 3454 1011 3502 et
1037 3444 1171 3501 nihil
1210 3445 1507 3500 humanum
1532 3455 1869 3514 assumptum

263 3553 344 3599 est
374 3562 390 3599 :
420 3553 476 3600 et
502 3543 626 3599 ideo
650 3544 705 3597 in
732 3558 799 3598 eo
824 3557 1061 3613 quoque,
1089 3540 1179 3613 qui
1207 3542 1389 3597 uxoris
1416 3538 1684 3611 zelotypia
1713 3538 1869 3595 labo-

263 3646 365 3701 rat,
390 3636 541 3706 jussa
565 3644 648 3693 est
669 3650 759 3691 res
776 3634 956 3706 aliqua
981 3635 1215 3690 crassior
1237 3632 1333 3706 (ὁ).
1358 3632 1513 3700 Quod
1530 3634 1575 3688 si
1598 3632 1733 3687 velis
1755 3632 1873 3689 haec

264 3742 479 3799 quoque
524 3742 742 3789 sumere
767 3727 1058 3798 attagogice
1085 3725 1300 3800 (Omnia
1341 3726 1513 3794 enim,
1540 3724 1733 3797 inquit,
1760 3724 1871 3781 hoc

266 3818 321 3873 in
358 3818 530 3890 figura
556 3817 846 3873 eveniebant
883 3817 987 3873 illis
1012 3833 1034 3873 :
1050 3818 1244 3889 scripta
1266 3826 1385 3873 sunt
1408 3824 1579 3872 utens
1602 3816 1674 3871 ad
1695 3830 1871 3872 corrc.

266 3912 478 3965 stionem
520 3919 766 3976 nostram,
797 3909 865 3962 ad
908 3925 1036 3980 quos
1071 3910 1200 3979 fines
1222 3908 1527 3965 mulsum
1569 3907 1872 3963 denum

268 4003 344 4070 (l.
376 4000 496 4058 Cor.
532 4004 616 4057 10.
650 4001 767 4073 lt),
784 4000 958 4073 cogita
986 4001 1129 4073 apud
1156 4009 1209 4057 te
1232 3996 1469 4072 optimos
1492 3998 1748 4056 Ecclesia
1766 3997 1869 4055 do-

269 4106 446 4153 ctores
496 4112 593 4166 pro
634 4097 757 4151 tuba
800 4095 1044 4152 oratione
1083 4103 1295 4151 utentes
1336 4102 1392 4150 et
1434 4092 1867 4151 adversariorum

270 4189 463 4244 mania
490 4187 785 4254 diruentes,
813 4198 868 4243 et
895 4187 1378 4258 populumintcgra
1396 4194 1460 4241 et
1483 4185 1717 4257 perfecta
1739 4184 1871 4241 Jesu

268 4290 537 4339 armatura
563 4290 857 4337 armatum.
877 4280 1095 4353 Septem
1142 4288 1323 4337 autem
1366 4280 1577 4336 dierum
1608 4293 1874 4336 numerus

265 4373 372 4447 ’pm
396 4384 521 4432 ante
542 4373 698 4429 nobis
722 4375 880 4431 solvit
906 4374 1210 4430 sabbatum.
1227 4372 1412 4445 Neque
1437 4374 1580 4429 enim
1602 4372 1873 4445 ejusmodi

274 4466 396 4537 legis
444 4477 708 4535 pracepta
754 4466 1119 4535 principaliter
1164 4465 1286 4522 data
1337 4474 1484 4521 sunt.
1517 4466 1583 4521 Et
1630 4465 1753 4520 ideo
1798 4464 1871 4523 de

270 4555 543 4612 sacriﬁciis
593 4555 809 4627 quidem
853 4555 1030 4612 dicit:
1083 4556 1211 4625 Quis
1253 4558 1386 4615 enim
1448 4574 1509 4613 ea
1555 4556 1813 4628 requisiuit
1841 4574 1871 4613 e

270 4650 495 4705 inanibus
534 4650 711 4704 uestris
737 4648 892 4721 (Iani.
940 4655 993 4705 l.
1039 4650 1170 4722 θὴν
1212 4649 1281 4705 Et
1323 4664 1552 4707 rursus:
1597 4650 1868 4723 Numquid

270 4751 379 4797 rota
421 4749 470 4795 et
510 4757 690 4796 carnes
731 4753 920 4798 sancte
959 4740 1194 4814 auferent
1239 4752 1446 4814 peccata
1478 4752 1565 4797 tua
1597 4742 1732 4817 (Jer.
1774 4744 1863 4800 11.

275 4834 398 4906 ιδῃ
427 4834 498 4890 Et
521 4849 709 4891 rursus
737 4854 752 4891 :
784 4833 1053 4908 Numquid
1078 4836 1269 4890 hostias
1307 4846 1355 4890 et
1383 4836 1638 4904 sacriﬁcia
1676 4835 1865 4891 obtuli-

273 4927 355 4982 stis
380 4926 507 4981 milii
539 4928 593 4981 in
635 4929 828 4983 deserto
855 4928 1193 5000 quadraginta
1232 4929 1386 4983 annis
1412 4929 1588 4999 (Amos
1619 4929 1674 4985 5.
1719 4927 1812 5001 25)
1834 4929 1861 4984 τ

276 5017 337 5075 Et
357 5033 542 5075 rursus
574 5036 589 5073 :
622 5017 725 5076 Cur
752 5020 879 5074 milii
906 5017 1063 5087 aﬂ'crs
1103 5021 1222 5075 titus
1246 5036 1311 5074 ea:
1354 5019 1516 5086 Saba,
1563 5029 1609 5074 et
1639 5020 1867 5076 (inamo-

274 5127 399 5173 ωηο
430 5111 495 5165 de
516 5120 648 5165 terra
674 5111 950 5183 longinqua
974 5109 1112 5180 (Jer.
1141 5110 1197 5166 6.
1226 5110 1375 5183 εον
1399 5112 1462 5166 Et
1488 5111 1680 5167 iterum
1713 5129 1728 5167 :
1757 5110 1863 5167 Sa-

273 5202 509 5273 crificium
548 5212 599 5258 et
624 5202 926 5258 oblationem
954 5205 1161 5258 noluisti
1191 5203 1366 5277 (Psal.
1401 5205 1490 5261 59.
1519 5206 1596 5275 7).
1630 5206 1697 5261 Et
1739 5221 1863 5261 rur-

327 5335 486 5410 (alio
502 5343 1050 5410 meo,
1079 5339 1282 5410 quidem
1318 5352 1416 5390 vox
1453 5338 1535 5410 hic
1568 5346 1712 5410 recte
1733 5342 1865 5410 verti

273 5404 454 5460 potest,
478 5399 764 5467 exauditi“
790 5402 967 5467 nescio
1000 5414 1064 5451 an
1098 5399 1577 5467 'etiam,resrondit;
1613 5400 1696 5453 vel
1733 5401 1864 5454 forte

275 5462 909 5525 unumqnecomplectitur.

328 5523 396 5584 (ὁ)
415 5522 555 5589 savii.
580 5537 593 5571 :
620 5522 700 5589 sai
716 5525 967 5589 historiam
985 5526 1235 5588 respiciat,
1249 5527 1407 5589 inquit
1421 5525 1617 5576 doctiss.
1636 5524 1863 5589 Alienus,

274 5580 431 5657 iubear.
468 5586 530 5635 20
550 5625 570 5657 ,_
589 5584 735 5657 plane
759 5580 1480 5657 reirugatur_eonteXtus'ipse_;
1505 5602 1614 5637 nam
1638 5580 1861 5657 ver§u_7i

274 5645 433 5695 dicitur
464 5645 707 5712 accipiant
730 5645 997 5699 canistth
1019 5648 1254 5712 ficernm,
1283 5645 1380 5700 etc".
1418 5645 1498 5712 sin
1518 5657 1683 5699 autem
1706 5645 1867 5699 hisloé

272 5718 383 5781 nam
408 5711 580 5781 intus-3t
597 5710 648 5758 4.
675 5718 791 5773 Reg.
818 5712 895 5781 19,
924 5712 953 5761 7
991 5710 1171 5781 e132,
1200 5714 1265 5781 de
1313 5711 1625 5781 prtetrtctione
1664 5715 1862 5781 quidem

271 5778 478 5835 camare
506 5772 846 5833 videtur,’sed
883 5786 979 5823 non
1013 5774 1136 5823 adeo
1173 5772 1323 5824 clare
1345 5779 1410 5824 de
1452 5772 1666 5824 t'zechiaa
1684 5772 1805 5825 dde.
1830 5788 1854 5818 ι

269 5832 326 5881 At
342 5834 435 5896 ego
454 5846 549 5883 non
570 5835 713 5885 video
736 5836 853 5898 quid
872 5834 1004 5885 dubii
1028 5836 1091 5887 de
1117 5837 1327 5887 t-zcvhiu:
1352 5837 1447 5887 fide
1473 5838 1601 5886 nasci
1629 5837 1797 5900 gessit.

1421 373 1788 435 EXPOSITIO
1825 373 1891 430 IN
1931 370 2257 432 Ρειιωιωι
2296 374 2480 432 XLIII.

3495 386 3597 444 m

1977 503 2108 548 sns:
2138 489 2410 564 Numquid
2438 495 2735 553 holocausta
2776 506 2829 552 et
2850 497 3108 565 sacrificia
3132 498 3236 552 uult
3261 494 3405 552 Deus
3434 496 3476 564 ⁸,
3495 511 3597 551 art-

1978 604 2100 652 non,
2141 598 2199 642 ut
2239 588 2287 644 ei
2315 590 2580 644 obediatur
2606 589 2683 663 (l.
2716 590 2847 662 Reg.
2882 590 2969 647 l5.
3000 589 3098 663 ἓξ)
3119 590 3144 645 ‘l
3168 589 3240 646 Et
3267 604 3456 646 rursus
3485 604 3501 644 :
3533 587 3595 643 Si

1977 678 2221 732 uoluisses
2248 679 2583 749 sacriﬁcium,
2611 680 2862 735 dedissent
2889 680 3060 752 (Psal.
3092 681 3184 737 50.
3219 680 3332 752 l8).
3367 679 3438 735 Et
3477 696 3595 734 rur-

1976 784 2068 824 sus
2093 784 2109 823 :
2136 769 2346 824 Auditio
2371 770 2504 825 bona
2528 787 2683 838 supcr
2718 773 3031 840 sacri/icium
3078 770 3161 835 (l.
3188 770 3314 843 Reg.
3353 772 3441 827 15.
3471 770 3593 843 εξ).

1979 862 2044 916 Et
2088 862 2281 917 iterum
2327 862 2463 918 festa
2505 863 2729 934 eiiciens
2774 863 2987 935 inquit:
3024 863 3158 918 Odia
3198 863 3374 925 Imbui,
3426 864 3597 933 ταρκιί

1978 955 2108 1025 festa
2136 964 2325 1012 vestra.
2374 954 2536 1027 Aufer
2562 973 2595 1015 α
2623 972 2704 1010 nte
2743 973 2926 1010 sonum
2951 957 3264 1011 canticorum
3295 967 3519 1018 tuorum.
3548 965 3596 1008 et

1974 1054 2179 1102 contum
2201 1063 2511 1118 organorum
2538 1058 2741 1102 tuorum
2768 1065 2871 1102 non
2909 1047 3182 1109 exaudiam
3212 1048 3394 1114 (Amas
3413 1046 3469 1101 5.
3500 1044 3593 1105 2|.

1973 1138 2094 1213 23).
2128 1139 2217 1207 Et,
2261 1139 2412 1195 Dicat
2440 1154 2683 1212 magnum
2728 1158 2828 1195 non
2872 1141 3121 1202 sustineo.
3161 1150 3210 1194 et
3246 1139 3505 1211 jejunium
3546 1148 3606 1193 et

1977 1233 2135 1304 ferias
2177 1234 2284 1288 odit
2320 1234 2495 1287 anima
2520 1247 2639 1288 mea
2686 1232 2836 1305 (Iani.
2873 1236 2927 1288 1.
2984 1234 3073 1288 15.
3111 1231 3223 1303 id).
3267 1231 3334 1285 Et
3360 1244 3548 1287 rursus
3579 1248 3593 1285 :
3653 1254 3657 1257 λ

1979 1327 2102 1382 Non
2131 1336 2204 1382 est
2244 1326 2339 1380 hoc
2358 1326 2620 1400 jejunium
2643 1326 2783 1395 quod
2806 1324 2936 1395 elegi
2962 1323 3116 1397 (Isai.
3155 1323 3245 1380 58.
3280 1323 3354 1394 5).
3388 1321 3594 1378 Rursus

1978 1433 2195 1490 quoque
2237 1417 2451 1474 dicebat
2495 1417 2789 1473 Ezechiel:
2827 1416 2973 1471 Dabo
3008 1416 3157 1470 vobis
3204 1425 3460 1488 precepta
3488 1430 3592 1468 tum

1977 1510 2129 1575 bona,
2172 1511 2227 1564 in
2254 1509 2438 1582 quibus
2480 1527 2583 1564 non
2624 1502 2798 1564 vinetis
2839 1509 2892 1564 in
2930 1509 3058 1579 ipsis
3085 1508 3299 1583 (Emit.
3328 1506 3424 1563 20.
3468 1505 3590 1576 25).

1979 1603 2055 1660 lta
2082 1606 2246 1661 etiam
2272 1605 2558 1661 sabbatum
2602 1603 2690 1660 hic
2713 1604 2962 1659 solvitur.
2984 1603 3091 1660 Sed
3117 1619 3217 1659 cur
3256 1602 3387 1659 dicit
3413 1619 3427 1655 :
3466 1601 3595 1671 Quis

1976 1696 2087 1750 lucc
2116 1696 2371 1763 requisivit
2398 1696 2464 1750 de
2488 1693 2724 1750 manibui
2748 1695 2923 1750 vestris
2944 1695 2971 1749 .’
3016 1694 3133 1749 lloc
3162 1695 3317 1749 Vobis
3346 1693 3595 1763 relinquo

1978 1789 2299 1847 solvendum
2331 1807 2345 1843 :
2379 1790 2625 1861 poteritis
2648 1795 2834 1844 autem
2865 1788 2991 1843 talia
3034 1787 3299 1851 invenire,
3330 1786 3376 1841 si
3404 1799 3592 1856 puram

1977 1882 2141 1936 vitam
2173 1881 2411 1953 egeritis.

2048 1974 2105 2030 5.
2136 1972 2195 2029 Si
2220 1973 2364 2028 enim
2392 1972 2702 2029 Cornelium
2747 1986 2967 2043 propter
2991 1971 3157 2026 vitam
3197 1969 3456 2041 optimam
3487 1983 3591 2025 vo-

1976 2068 2121 2124 cavit
2149 2066 2201 2132 id
2244 2081 2568 2123 arcanorum
2594 2064 2962 2136 cognitionem
2996 2063 3132 2136 (Act.
3168 2064 3256 2121 l0.
3284 2063 3343 2133 ι)
3367 2104 3383 2129 .
3411 2069 3468 2118 et
3492 2078 3594 2118 eu-

1977 2156 2239 2221 niichum,
2267 2156 2411 2227 quod
2440 2155 2685 2213 studiose
2720 2156 2960 2228 legeret,
2999 2154 3068 2209 ad
3118 2155 3196 2210 rei
3227 2154 3591 2225 cognitionem

1976 2249 2196 2306 deduxit
2227 2250 2365 2323 (Act.
2397 2250 2453 2305 8.
2482 2248 2577 2304 27.
2602 2250 2780 2321 sqq.):
2812 2248 2985 2303 multo
3014 2247 3186 2319 magis
3224 2262 3322 2304 vos
3366 2246 3459 2317 qui
3480 2247 3595 2316 jam

1977 2345 2138 2401 tidem
2169 2343 2447 2415 assequnti
2493 2344 2662 2410 estis,
2691 2343 2736 2397 si
2763 2351 2967 2398 rectam
2998 2340 3162 2395 vitam
3207 2338 3557 2396 ostenderitis
3576 2380 3592 2404 ,

1978 2436 2194 2493 docebit
2222 2442 2342 2507 quae
2367 2444 2492 2491 sunt
2531 2434 2921 2491 manifestiora.
2952 2432 3421 2504 Quemadmodum
3446 2431 3593 2489 enim

1976 2531 2083 2584 vita
2116 2529 2392 2585 immunda
2421 2537 2506 2585 est
2535 2528 2959 2599 impedimento,
2987 2527 3278 2599 quominus
3299 2542 3361 2583 ea
3386 2540 3594 2599 cogno-

1977 2632 2197 2679 scantur
2229 2624 2313 2696 (ut
2337 2622 2472 2678 dicit
2498 2622 2734 2677 Paulus:
2766 2619 2889 2676 Non
2927 2621 3076 2692 potui
3113 2621 3256 2690 loqui
3290 2620 3433 2675 uobis
3462 2628 3597 2674 taut-

1975 2730 2130 2786 quant
2155 2700 2531 2786 spiritualibus.
2561 2713 2804 2785 quoniam
2826 2713 2944 2769 lites
2968 2721 3089 2769 sunt
3117 2711 3256 2768 vobis
3297 2722 3349 2767 et
3376 2723 3590 2767 conten-

1978 2807 2140 2863 tiones
2178 2804 2273 2880 [l.
2301 2805 2421 2861 Cor.
2444 2805 2581 2864 3.1.
2612 2802 2668 2878 3]
2694 2822 2710 2872 ;
2738 2813 2795 2862 et
2832 2819 3022 2861 rursus
3058 2803 3224 2860 Isaias
3252 2803 3442 2860 :Scire
3485 2805 3594 2859 eius

1977 2913 2118 2954 ineas
2143 2895 2505 2953 desidaabunt
2527 2936 2544 2962 ,
2572 2905 2627 2950 ut
2653 2897 2879 2968 populus
2896 2897 2988 2966 qui
3001 2892 3122 2966 fecit
3134 2893 3405 2965 justitiam
3427 2888 3444 2965 [
3454 2889 3587 2947 Isai.

1976 2987 2068 3045 58.
2099 2986 2201 3062 2])
2226 3006 2240 3043 :
2272 2988 2351 3044 sic
2378 2988 2486 3044 vita
2516 2987 2720 3043 munda
2768 2996 2824 3042 et
2851 2987 3129 3059 querendi
3154 2986 3393 3042 studium
3424 2976 3596 3041 manu

1938 3100 1941 3103 ·
1976 3081 2201 3138 ducunt.
2234 3081 2460 3149 Quaerite
2504 3080 2687 3149 enim,
2717 3080 2891 3153 inquit
2912 3121 2929 3146 ,
2961 3089 3009 3135 et
3030 3079 3295 3135 invenietis
3319 3076 3473 3149 (Luc.
3499 3078 3593 3133 11.

1975 3173 2055 3246 9).
2086 3173 2226 3245 Quin
2254 3172 2416 3230 etiam
2444 3174 2697 3244 parabola
2723 3174 2865 3243 ejus,
2891 3172 2983 3244 qui
3011 3172 3147 3243 petit
3174 3186 3343 3244 panes
3362 3171 3435 3227 ab
3457 3171 3597 3225 ami-

1974 3281 2062 3333 co,
2113 3267 2203 3338 qui
2252 3265 2361 3336 iam
2414 3265 2757 3330 dormiebat;
2787 3264 2891 3320 hoe
2935 3265 3174 3320 ostendit
3213 3262 3320 3335 (Ib.
3366 3279 3414 3319 υ.
3444 3263 3593 3331 5-8).

1974 3356 2269 3428 Propterea
2299 3356 2555 3413 Salomon
2586 3371 2801 3428 quoque
2820 3356 3074 3427 quoniam
3102 3354 3593 3426 potiitspirituaiia,

1976 3466 2039 3507 ea
2066 3451 2227 3506 etiam
2258 3450 2498 3521 accepit,
2541 3464 2665 3519 qua:
2718 3464 2826 3504 non
2878 3449 3030 3519 petiit
3083 3449 3163 3515 (ὅ.
3200 3447 3330 3520 Reg.
3377 3447 3433 3503 3.
3477 3448 3592 3518 tl).

1974 3543 2204 3614 Quando
2229 3551 2410 3599 autem
2438 3550 2495 3598 et
2524 3540 2835 3607 assiduitas,
2863 3548 2918 3597 et
2946 3540 3242 3611 spiritualis
3284 3540 3507 3609 petitio,
3540 3548 3596 3594 et

1976 3650 2108 3707 pura
2164 3636 2272 3690 vita
2343 3633 2617 3702 adfuerit,
2667 3634 2845 3705 cogita
2904 3631 3047 3703 apud
3125 3640 3179 3687 te
3226 3642 3428 3702 quanta
3490 3630 3596 3686 erit

1977 3727 2278 3801 accipiendi
2325 3726 2555 3784 facultas
2585 3744 2599 3781 :
2628 3726 2777 3797 atqui
2810 3725 2891 3780 vel
2934 3725 3051 3796 ipsa
3081 3738 3179 3795 per
3206 3738 3267 3780 se
3291 3723 3406 3779 sola
3458 3723 3596 3780 assi-

1975 3820 2157 3879 duitas
2207 3820 2499 3894 plurimum
2539 3818 2713 3891 potuit
2744 3835 2760 3872 .-
2787 3816 2922 3873 Dico
2961 3817 3107 3873 enim
3128 3857 3144 3878 .
3174 3812 3349 3888 inquit
3369 3853 3389 3879 ,
3417 3813 3595 3882 vobis,

1972 3917 2069 3971 etsi
2121 3931 2228 3970 non
2287 3922 2557 3985 propterea
2597 3912 2735 3983 quod
2777 3912 2844 3965 sit
2897 3913 3010 3983 ejus
3058 3910 3258 3964 amicus
3309 3910 3357 3963 ci
3414 3908 3589 3975 dabit,

1974 4017 2186 4080 prapter
2222 4004 2593 4076 impudentiam
2638 4013 2807 4058 tamen
2853 4005 2964 4074 ejus
3016 4002 3158 4056 dabit
3208 4001 3255 4056 ei
3308 4000 3466 4071 (Luc.
3500 4000 3591 4055 11.

1976 4098 2056 4170 8).
2131 4096 2241 4154 Sed
2298 4105 2637 4153 revertamur
2701 4095 2769 4155 ad
2820 4093 3183 4165 propositum.
3247 4091 3394 4164 Opus
3457 4091 3617 4171 quod

1974 4203 2220 4263 operatus
2238 4207 2294 4245 es
2330 4192 2395 4243 in
2441 4188 2618 4243 diebus
2643 4176 2852 4249 eorum,
2889 4186 2943 4241 is
2982 4185 3162 4241 diebus
3193 4183 3437 4256 antiquis.
3469 4182 3593 4237 lla-

1976 4301 2074 4340 ntts
2144 4294 2233 4339 tua
2303 4292 2475 4355 gentes
2522 4280 2863 4353 disperdidit,
2912 4289 2961 4333 et
3014 4276 3260 4348 pluntasti
3305 4292 3409 4335 eos.
3456 4274 3595 4331 Vide

1974 4392 2139 4449 quam
2188 4375 2405 4447 proprie
2444 4372 2682 4429 dictione
2718 4386 2848 4433 usus
2870 4380 2979 4425 est.
3008 4369 3128 4424 Non
3156 4383 3244 4433 eo,
3274 4368 3469 4439 inquit,
3498 4382 3591 4421 so-

1976 4472 2087 4529 lum
2116 4486 2231 4526 rem
2255 4468 2530 4526 deduxisti
2556 4508 2572 4532 ,
2598 4475 2657 4522 ut
2683 4464 2767 4521 illi
2800 4464 3017 4537 quidem
3052 4464 3353 4529 vincerent,
3386 4460 3439 4515 hi
3463 4476 3594 4517 vero

1975 4565 2323 4619 vincerentur
2352 4578 2366 4616 :
2394 4560 2489 4616 sed
2532 4558 2714 4617 omnia
2763 4558 2975 4628 longius
3019 4562 3435 4627 processerunt;
3469 4552 3595 4607 licet

1974 4663 2134 4711 antea
2161 4667 2377 4725 quoque
2398 4667 2505 4709 non
2533 4664 2689 4721 aequo
2714 4648 3015 4705 certamine
3040 4661 3129 4703 res
3148 4653 3491 4717 gererentur.
3513 4642 3593 4698 Illi

1975 4749 2121 4805 enim
2149 4745 2537 4818 possidebant,
2562 4744 2615 4799 bi
2643 4758 2774 4800 vero
2811 4750 2968 4798 erant
2988 4740 3212 4796 advena:
3241 4756 3255 4793 :
3282 4737 3381 4794 sed
3411 4748 3593 4792 tamen

1976 4847 2119 4895 tanta
2151 4838 2287 4895 facta
2312 4846 2396 4893 est
2438 4837 2666 4893 mutatio
2688 4876 2704 4902 ,
2734 4843 2794 4889 ut
2813 4834 2893 4889 illi
2918 4832 3135 4903 quidem
3163 4830 3423 4887 radicitus
3448 4829 3596 4885 evel-

1975 4933 2239 5000 lerentur,
2273 4932 2325 4986 hi
2354 4946 2480 4985 vero
2511 4930 2701 4985 tierent
2725 4928 2876 4983 cives
2900 4934 2955 4981 et
2983 4924 3337 4980 habitatores.
3368 4920 3440 4977 Et
3469 4920 3601 4977 ideo

1973 5024 2043 5081 de
2086 5024 2190 5080 illis
2220 5022 2436 5094 quidem
2460 5021 2611 5076 dicit
2633 5038 2661 5093 ει
2680 5018 2871 5073 Manus
2901 5027 2989 5071 tua
3032 5025 3207 5088 gentes
3232 5014 3539 5085 disperdidit

1975 5117 2046 5174 de
2072 5112 2276 5173 Judzeis
2298 5125 2480 5171 autem
2504 5155 2519 5181 ,
2544 5110 2827 5167 lenaoit.
2855 5110 3070 5165 Manum
3112 5118 3295 5163 autem
3322 5105 3453 5162 dicit
3472 5105 3605 5175 ejus

1976 5208 2291 5281 potentiam.
2326 5204 2481 5275 Quod
2518 5204 2561 5260 si
2595 5219 2690 5260 eos
2729 5202 2819 5274 qui
2870 5200 3090 5255 aliunde
3116 5197 3511 5263 adveniebant,
3537 5207 3598 5253 et

1975 5320 2075 5361 nec
2100 5303 2289 5359 urbem
2315 5344 2329 5367 ,
2358 5316 2459 5357 nec
2487 5298 2711 5357 domum
2752 5296 3024 5353 habebant
3048 5295 3103 5350 in
3138 5311 3242 5365 qua
3269 5293 3428 5349 sedes
3456 5291 3589 5364 lige-

1972 5406 2113 5457 runt.
2136 5402 2231 5449 aut
2259 5394 2311 5448 in
2339 5386 2499 5464 q'uam
2539 5406 2598 5446 se
2624 5389 2948 5460 reciperent,
2975 5386 3205 5442 reddidit
3236 5394 3343 5440 tam
3366 5384 3475 5441 cito
3495 5399 3597 5455 po—

1974 5486 2235 5543 lentiores
2281 5485 2347 5539 iis
2377 5485 2467 5555 qui
2497 5485 2641 5538 intus
2685 5482 3002 5537 habitabant
3035 5498 3048 5535 :
3080 5479 3249 5535 multo
3289 5475 3459 5549 magis
3487 5488 3595 5529 nos

1976 5579 2214 5648 paternis
2239 5576 2397 5632 bonis
2426 5576 2628 5647 ejectos
2656 5591 2763 5630 non
2791 5573 3075 5644 despiciet.
3107 5570 3243 5640 Quid
3273 5579 3353 5625 est
3380 5580 3586 5632 autem,

1979 5671 2274 5727 Plantas'i?
2301 5670 2511 5726 Fixisti.
2545 5667 2698 5737 Quod
2728 5677 2811 5722 est
2859 5665 3002 5720 enim
3036 5664 3331 5735 plantatunt
3363 5706 3376 5727 ,
3414 5660 3470 5714 lit
3498 5661 3581 5715 lir-

2041 5833 2056 5865 ‘
2095 5829 2235 5884 Colit.
2251 5866 2268 5894 ,
2292 5828 2568 5883 holocausta
2592 5834 2637 5881 ct
2660 5826 2907 5880 columbas
2932 5823 3030 5878 uult
3058 5831 3203 5873 Deus.
