4154 6420
203 407 311 465 ")7

206 562 419 621 quoque
447 546 549 599 hoc
574 558 674 613 pro
710 551 905 609 utagna
928 533 1186 607 dignitate
1213 529 1414 600 posuit,
1443 526 1638 621 dicens
1663 542 1676 577 :
1712 520 1814 621 Qui

204 613 378 695 autem
420 635 609 693 Christi
649 642 805 697 sunt,
844 643 1049 683 carnem
1099 620 1466 691 cruci/iurant
1511 615 1713 689 (Galut.
1763 613 1818 668 5.

205 733 324 805 is).
358 728 678 800 Diapsalma.
707 724 882 785 Alius.
911 721 1145 789 Semper.
1175 714 1437 770 llebrzeus
1482 719 1663 805 autem
1691 705 1818 760 illud

329 821 577 893 exprimit
603 860 616 882 ,
652 816 765 874 Sel.
820 814 906 870 10.
939 811 1094 866 Nunc
1135 818 1302 862 autem
1342 802 1577 893 repulisti
1622 807 1822 893 ηομ-ει

212 887 491 986 confudisti
514 926 627 964 nos.
655 907 825 972 Alius,
853 902 1072 959 Tametsi
1096 896 1331 970 repulisti
1358 911 1471 949 nos.
1504 892 1685 986 Alius,
1716 887 1822 986 βοά

212 1009 285 1061 ad
308 981 411 1062 lico
450 1002 697 1073 rejecisti.
737 998 801 1053 Et
828 1013 931 1050 non
978 990 1249 1066 egredieris
1296 987 1437 1042 Deus
1479 986 1533 1039 in
1557 981 1825 1073 virtutibus

214 1100 417 1155 nostris.
451 1096 625 1154 Alius.
664 1091 727 1145 Et
768 1105 869 1143 non
916 1083 1256 1158 progredieris
1300 1081 1353 1134 in
1382 1076 1579 1132 militiis
1608 1072 1819 1127 nostris.

222 1189 506 1260 Repulsam
550 1186 696 1241 enim
726 1181 905 1238 statim
949 1177 1119 1250 pudor
1163 1173 1425 1243 sequitur,
1477 1176 1533 1222 et
1574 1165 1641 1219 ad
1682 1162 1821 1260 mala

220 1254 463 1356 patienda
487 1294 611 1335 esse
635 1274 887 1331 omnibus
908 1270 1232 1342 expositum.
1264 1264 1498 1319 Virtutes
1527 1268 1707 1356 autem
1734 1254 1821 1308 hic

217 1348 450 1447 appellat
490 1385 679 1428 eorum
719 1365 1022 1425 exercitus,
1069 1353 1501 1431 quandoquidem
1552 1348 1715 1447 lueis
1741 1354 1825 1399 est

222 1439 365 1536 regis
393 1460 630 1534 potentia
661 1475 674 1510 :
703 1470 825 1511 cum
860 1454 1000 1508 Deus
1039 1447 1141 1505 hoc
1177 1459 1390 1502 summo
1433 1439 1662 1496 consilio
1692 1450 1821 1506 pro-

222 1532 430 1619 viderit,
466 1559 524 1607 ut
547 1557 695 1605 esset
718 1545 823 1600 hoc
850 1540 1096 1612 priucxpi,
1119 1548 1173 1593 et
1200 1539 1264 1593 iis
1301 1535 1389 1605 qui
1421 1532 1539 1601 ejus
1565 1536 1825 1598 reguntur

227 1645 482 1715 imperio,
512 1639 806 1696 vinculum.
837 1635 969 1691 Nam
1022 1642 1078 1687 et
1104 1646 1196 1685 rex
1241 1629 1306 1683 iis
1359 1640 1497 1715 opus
1534 1621 1695 1676 habet
1720 1618 1822 1715 qui

228 1711 343 1806 eius
367 1732 531 1805 jussis
553 1737 782 1804 pareant
804 1767 821 1791 ,
845 1735 901 1780 et
930 1725 985 1779 hi
1007 1738 1072 1779 eo
1094 1721 1183 1792 qui
1216 1719 1319 1773 illis
1344 1714 1529 1788 praesit
1559 1731 1573 1767 :
1604 1721 1660 1767 ει
1687 1711 1825 1764 alter

219 1827 441 1883 alterius
486 1823 686 1879 auxilio
728 1819 965 1889 imliget.-
1002 1814 1081 1871 Ne
1107 1813 1284 1881 aliqua
1325 1809 1469 1864 enim
1499 1810 1644 1860 esset
1670 1815 1826 1856 arro-

218 1919 419 1992 gantia,
446 1914 625 1972 eﬂ‘ecit
650 1912 791 1967 Deus
813 1951 830 1976 ,
863 1918 920 1963 ut
958 1920 1147 1977 magna
1186 1916 1331 1972 smpe
1361 1897 1551 1992 parvis
1580 1902 1822 1992 egerent.

223 1985 337 2066 lloe
377 2008 552 2080 ipsum
598 2003 723 2059 fecit
758 2001 918 2057 etiam
946 1999 999 2053 in
1041 1996 1203 2051 rebus
1230 1990 1500 2046 inanimis.
1528 1985 1826 2042 Labantem

219 2102 364 2157 enim
391 2100 697 2155 columnam
727 2093 1004 2164 subjectus
1031 2103 1176 2158 saepe
1213 2085 1453 2142 calculus
1480 2081 1689 2136 ﬁrmam
1713 2086 1827 2132 sta-

221 2192 491 2262 bilemque
536 2186 819 2259 prtcstitit,
847 2192 903 2239 et
929 2180 1197 2251 navigium
1229 2178 1282 2233 in
1311 2190 1419 2247 quo
1444 2169 1828 2244 quamplurimi

219 2294 349 2340 sunt
370 2261 618 2338 vectores
637 2321 653 2347 ,
685 2290 885 2349 parvus
905 2274 1089 2331 clavus
1113 2270 1296 2340 dirigit
1323 2276 1377 2324 et
1400 2267 1592 2321 liberat
1622 2279 1652 2318 a
1687 2261 1829 2332 peri-

219 2375 375 2431 culis.
402 2372 540 2441 Quid
587 2380 672 2427 est
700 2375 879 2423 autem
904 2407 920 2431 ,
954 2363 1175 2420 Tametsi
1199 2358 1435 2425 repulisti
1463 2373 1557 2411 nos
1584 2358 1610 2411 .9
1641 2354 1826 2418 Licet,

220 2466 427 2537 inquit,
460 2473 538 2518 tot
565 2472 619 2517 et
648 2469 795 2515 tanta
827 2456 969 2528 passi
1011 2455 1181 2510 simus
1200 2490 1217 2513 .
1239 2468 1270 2506 a
1296 2462 1348 2506 te
1378 2465 1484 2505 non
1511 2445 1792 2503 deficimus
1812 2485 1827 2508 ,

223 2569 277 2611 te
302 2554 614 2619 laudantes,
642 2549 813 2622 gloria
839 2546 1175 2608 allicientes,
1219 2551 1276 2598 et
1300 2541 1353 2596 in
1402 2549 1454 2595 te
1503 2538 1817 2610 gloriantes.

222 2648 313 2703 ll.
360 2644 593 2699 Aoertisti
635 2656 728 2695 nos
773 2648 906 2694 retro
935 2645 1049 2707 post
1077 2635 1308 2689 inimicos
1352 2640 1571 2685 nostros.
1622 2628 1689 2682 Et
1732 2630 1819 2699 qui

221 2739 439 2793 oderunt
478 2751 601 2796 nos,
633 2729 934 2801 diripiebant
982 2727 1095 2782 sibi.
1126 2725 1300 2791 Alius,
1333 2721 1560 2777 Posuisti
1610 2736 1702 2773 nos
1746 2735 1834 2773 cx-

221 2842 409 2885 tremas
454 2826 676 2898 cujusvis
717 2823 929 2877 inimici.
974 2819 1108 2876 Vide
1147 2817 1419 2890 quomodo
1474 2815 1614 2870 mala
1657 2814 1834 2868 verbis

219 2921 432 2977 extollit
451 2962 466 2983 ,
493 2928 549 2975 et
576 2916 935 2973 calamitatem
965 2912 1145 2968 verbis
1179 2908 1471 2981 ampliﬁcat
1493 2948 1508 2973 ,
1541 2906 1835 2962 ostendens

221 3009 571 3077 eos,ctiamsi
600 3014 781 3063 essent
818 3002 1105 3061 admodum
1133 3012 1465 3072 peccatores,
1492 2997 1625 3055 satis
1654 3007 1833 3052 tamen

225 3116 508 3176 poenarum
535 3100 769 3155 dedisse.

299 3197 357 3251 ’1.
398 3194 510 3250 [loc
554 3192 716 3249 etiam
746 3190 987 3246 fecerunt
1030 3187 1183 3259 pueri
1225 3202 1291 3241 ex
1334 3181 1654 3240 redundauti
1697 3194 1832 3251 qua-

221 3293 353 3349 dam
382 3292 534 3360 copia
561 3290 614 3343 in
649 3287 866 3341 fornace
886 3296 1012 3339 tunc
1039 3289 1297 3337 canentes
1316 3289 1372 3335 et
1390 3279 1634 3334 dicentes
1658 3292 1671 3329 :
1697 3274 1833 3330 Tra-

222 3382 405 3438 didisti
439 3396 530 3433 nos
568 3379 621 3431 in
667 3390 848 3429 manus
888 3372 1210 3427 inimicorum
1249 3379 1539 3423 nostrorum
1584 3367 1834 3437 pessimo-

224 3489 369 3535 rum.
414 3469 989 3541 prmricatorumque,
1039 3472 1085 3519 et
1132 3462 1240 3534 regi
1280 3461 1475 3530 injuste
1518 3468 1566 3513 et
1614 3457 1834 3527 pessimo

221 3568 371 3621 ultra
402 3578 602 3618 omnem
640 3570 827 3614 ten'ont
855 3556 1014 3629 (Dan.
1041 3557 1093 3612 5.
1125 3554 1240 3621 '52).
1283 3552 1352 3608 Et
1393 3566 1582 3607 rursus
1610 3569 1624 3606 :
1648 3549 1834 3604 Immi-

221 3655 344 3711 ιικεί
366 3669 541 3709 sumus
570 3652 685 3722 plus
702 3665 856 3720 quam
880 3663 1053 3702 omnes
1073 3655 1263 3717 gentes,
1288 3659 1562 3714 sumasque
1581 3640 1797 3696 humiles
1817 3643 1832 3673 ¹

220 3751 281 3803 in
307 3746 539 3800 artium
568 3754 703 3797 terra
729 3742 891 3813 (ibid.
919 3755 971 3793 υ.
1000 3740 1114 3809 37).
1149 3739 1259 3793 lloc
1286 3738 1459 3808 ipsum
1505 3735 1593 3790 hic
1621 3751 1835 3805 quoque

223 3834 518 3909 signiﬁcat,
547 3833 932 3905 propemodum
958 3830 1146 3887 dicens
1173 3846 1186 3883 :
1220 3828 1485 3883 Omnibus
1524 3827 1835 3882 hominibus

224 3929 453 3985 viliores
477 3936 531 3982 ει
557 3926 878 3996 abiectiores
918 3937 1124 3988 sumus,
1165 3920 1599 3991 quandoquidem
1651 3935 1837 3975 sumus

228 4033 333 4077 tu:
362 4017 545 4073 nudati
574 4015 905 4088 providentia
937 4032 949 4069 :
983 4023 1036 4069 et
1068 4029 1168 4068 nec
1196 4027 1436 4082 eousque
1461 4012 1674 4081 quidem
1698 4013 1837 4070 mala

228 4121 427 4169 nostra
465 4118 747 4171 steterunt,
776 4108 870 4163 sed
898 4108 1059 4162 etiam
1093 4106 1273 4177 ιιι-ωδε
1295 4104 1419 4161 facti
1446 4121 1631 4161 sumus
1656 4107 1837 4161 inimi-

224 4206 344 4271 cis,
370 4204 461 4275 qui
503 4218 599 4257 nos
639 4215 737 4256 suo
765 4201 988 4256 arbitrio
1016 4198 1346 4254 dividebant.
1394 4198 1507 4253 Hoc
1546 4199 1689 4253 enim
1736 4199 1837 4253 sibi

229 4296 402 4351 vult:
443 4294 757 4363 Diripiebant
786 4293 1025 4363 sibiipsis,
1061 4291 1114 4347 id
1160 4301 1265 4358 est,
1307 4292 1456 4347 nullo
1498 4294 1835 4362 prohibente.

230 4390 338 4446 1-2.
368 4387 565 4443 Dedisti
598 4402 689 4443 nos
718 4397 978 4456 tamquam
1017 4394 1133 4439 oves
1173 4401 1422 4448 escarum,
1454 4394 1503 4439 et
1529 4386 1582 4438 in
1605 4385 1839 4457 gentibus

227 4480 522 4551 dispersim
548 4496 659 4534 nos.
694 4479 863 4544 Alius,
907 4475 1176 4532 Ventilasti
1219 4492 1334 4531 nos.
1367 4476 1507 4544 Quid
1546 4486 1651 4544 est,
1687 4476 1841 4532 Tam-

228 4586 398 4645 quam
417 4568 805 4625 ovesescarum?
832 4567 890 4623 ld
921 4576 1027 4632 est,
1057 4565 1252 4622 Fecisti
1280 4581 1397 4633 nos,
1435 4566 1628 4637 inquit,
1658 4568 1724 4623 ad
1754 4569 1838 4623 in-

230 4660 544 4718 vadendum
577 4659 879 4721 facillimos.
915 4672 1014 4712 nos
1042 4658 1173 4712 viles
1196 4672 1320 4714 esse
1349 4659 1665 4715 ostendens.
1702 4660 1843 4718 Sunt

232 4754 395 4834 enim
438 4752 629 4823 aliqua
669 4764 800 4806 oves
844 4748 1238 4819 acquisitionis,
1286 4765 1405 4820 qua:
1444 4759 1570 4805 sunt
1608 4762 1747 4821 apta:
1774 4753 1843 4809 ad

232 4847 614 4921 gener-sudum
642 4862 656 4897 :
685 4855 810 4900 sunt
849 4858 978 4898 vero
1006 4842 1148 4910 alite,
1178 4858 1299 4912 qua:
1344 4853 1565 4914 propter
1605 4847 1841 4915 senium,

232 4938 336 4995 vel
360 4948 577 5009 prapter
595 4937 928 4992 sterilitatem
966 4944 1093 4989 sunt
1125 4942 1330 4988 tantum
1365 4936 1526 4993 utiles
1551 4937 1619 4993 ad
1655 4954 1843 4997 come-

233 5030 504 5089 dendum.
535 5030 600 5086 Et
624 5027 765 5101 quod
802 5036 884 5083 est
908 5026 1333 5093 acerbissimum,
1369 5028 1423 5082 in
1461 5040 1651 5098 gentes
1689 5046 1846 5089 erant

231 5124 506 5193 dispersi;
534 5121 781 5194 quodque
803 5119 911 5175 illis
931 5119 1173 5173 omnium
1206 5120 1582 5190 gravissimum
1605 5134 1744 5189 erat,
1779 5141 1846 5182 ne

231 5218 422 5283 legem
440 5213 651 5287 quidem
668 5220 918 5284 poterant
939 5209 1047 5270 illic
1060 5220 1309 5266 accurate
1322 5226 1539 5277 servare
1550 5224 1603 5270 et
1615 5231 1645 5270 a
1661 5218 1847 5286 patriae

234 5306 550 5377 retpublicze
575 5304 834 5361 institutis
855 5300 1186 5359 exciderant.
1217 5301 1287 5358 Et
1312 5319 1417 5359 non
1447 5305 1500 5361 in
1524 5323 1686 5364 unam
1712 5326 1848 5381 geu-

236 5412 380 5464 tetn,
400 5396 494 5453 sed
517 5396 737 5468 ubique,
767 5393 959 5466 inquit,
982 5392 1210 5463 dispersi
1235 5409 1444 5461 sumus.
1466 5398 1533 5454 ad
1566 5417 1728 5456 unum
1756 5418 1849 5457 so-

237 5493 382 5556 lum,
400 5503 594 5558 nempe
612 5487 751 5542 male
767 5484 1098 5558 patiendum,
1118 5487 1286 5555 parati
1306 5505 1317 5539 :
1336 5489 1517 5545 ulcisci
1535 5502 1738 5558 autem,
1759 5506 1851 5551 aut

236 5599 441 5641 ntattas
458 5582 718 5639 extollere
737 5596 845 5637 non
866 5593 1171 5651 possumus.
1192 5579 1302 5635 lloc
1320 5584 1465 5639 enim
1483 5587 1751 5657 signiﬁcat
1770 5592 1850 5646 si-

236 5675 495 5732 militudo
508 5675 708 5731 ovium.
724 5673 813 5730 l5.
828 5668 1112 5726 Vendidisti
1124 5676 1372 5744 populum
1389 5688 1530 5734 tuum
1543 5680 1653 5737 sine
1664 5687 1846 5753 pretio.

309 5834 327 5865 ι
364 5838 497 5883 Unus
518 5832 687 5895 habet,
710 5845 870 5899 pauci,
894 5848 999 5899 pro,
1022 5833 1243 5890 humiles.

1304 384 1669 447 EXPOSITIO
1708 380 1772 437 IN
1813 376 2138 436 PSALMUM
2176 372 2362 432 XLlll.

3453 362 3554 422 l73

1934 495 2109 562 Alius,
2130 491 2198 547 1η
2221 508 2322 546 non
2349 488 2653 545 substantia.
2682 485 2852 551 Alius,
2882 482 3002 539 Non
3024 480 3337 538 substantiae.
3366 479 3431 535 Et
3451 496 3555 533 non

1930 586 2030 659 fuit
2052 582 2325 639 multitudo
2345 583 2398 635 in
2424 577 2906 634 commutationibus
2928 576 3136 629 nostris.
3162 573 3339 639 Alius,
3362 569 3429 624 Et
3449 586 3552 624 non

1934 679 2149 732 multum
2170 676 2333 749 fecisti
2355 674 2571 745 pretium
2600 686 2794 727 eorum.
2818 667 2971 737 Quod
2995 674 3174 722 autem
3198 667 3275 720 ait
3298 671 3383 719 est
3407 661 3551 731 ejus-

1933 770 2080 825 modi
2115 766 2133 821 ξ
2163 768 2377 822 videtur
2423 766 2568 821 enim
2609 764 2811 818 dictum
2840 776 2965 816 esse
3002 758 3159 814 valde
3207 758 3498 813 obscurum
3532 772 3547 809 :

1927 861 2024 916 sed
2056 859 2339 923 attendite,
2372 865 2431 912 ut
2456 855 2702 929 psallatis
2737 868 2860 909 cum
2890 850 3261 922 intelligentia.
3296 847 3433 917 Quid
3464 856 3552 901 est

1928 967 2059 1023 ergo
2090 951 2234 1022 quod
2262 949 2499 1005 dicitur?
2530 948 2700 1016 Quam
2745 947 2856 1000 sint
2886 945 3021 1000 viles
3047 954 3105 1000 et
3134 942 3330 1013 abiecti
3356 952 3550 997 osten-

1930 1043 2028 1111 dit,
2063 1058 2257 1112 ncmpe
2284 1042 2483 1097 nullius
2508 1040 2667 1110 pretii
2693 1059 2706 1093 :
2738 1048 3011 1108 tamquam
3034 1038 3179 1101 vilis,
3206 1036 3400 1108 inquit,
3427 1054 3551 1109 pre-

1933 1136 2012 1198 tii,
2042 1134 2286 1204 abiectus
2316 1140 2373 1188 ‘et
2399 1130 2827 1187 contemnendos
2868 1145 2968 1184 nos
2997 1128 3268 1184 dimisisti.
3308 1129 3424 1185 lloc
3450 1147 3549 1186 au-

1935 1237 2044 1281 tem
2077 1225 2209 1280 dicit
2234 1240 2385 1279 more
2415 1224 2653 1278 humano
2682 1240 2695 1275 :
2726 1223 2967 1277 solemus
2987 1221 3130 1275 enim
3167 1234 3397 1291 qumque
3427 1224 3553 1278 vilia

1933 1316 2065 1372 dare
2093 1316 2175 1371 vel
2207 1315 2323 1369 sine
2362 1312 2555 1385 pretio.
2588 1311 2720 1380 Quae
2744 1326 2904 1382 porro
2927 1310 3106 1381 magni
3130 1308 3379 1375 facimus,
3410 1327 3474 1369 ea
3506 1313 3554 1367 si

1933 1408 2249 1474 vendamus,
2280 1420 2476 1476 magno
2503 1407 2678 1475 pretio
2705 1402 2988 1457 vendimus
3018 1421 3029 1453 :
3066 1418 3187 1473 qua:
3216 1417 3345 1457 vero
3372 1405 3546 1473 parvi,

1928 1514 1991 1554 ea
2020 1497 2105 1554 vel
2141 1496 2330 1568 gratis.
2369 1495 2650 1564 Improbos
2680 1495 2861 1564 itaque
2886 1507 3073 1547 servos
3094 1494 3184 1547 alii
3212 1494 3429 1563 quidem
3465 1494 3554 1550 di-

1930 1588 2097 1644 midio
2124 1589 2317 1659 pretio,
2341 1587 2432 1642 alii
2463 1600 2592 1641 vero
2618 1585 2770 1639 nullo
2804 1593 3027 1653 accepto
3058 1585 3235 1653 pretio
3259 1582 3551 1639 dederunt.

1930 1681 1987 1738 Si
2017 1682 2214 1736 minori
2244 1690 2429 1735 autem
2462 1679 2637 1750 pretio
2664 1678 2877 1734 tradere
2900 1678 3135 1734 ostendit
3162 1695 3323 1748 quam
3351 1680 3421 1734 sit
3448 1682 3555 1736 vile

1930 1773 2072 1844 quod
2112 1771 2399 1827 venditur:
2431 1771 2583 1826 nullo
2614 1771 2741 1825 dato
2768 1771 2944 1841 pretio
2984 1770 3253 1840 accipere,
3305 1770 3400 1825 sed
3433 1769 3555 1826 sine

1930 1866 2125 1936 pretio,
2168 1864 2341 1919 multo
2368 1864 2564 1933 magis.
2615 1862 2732 1927 Hoc
2780 1878 2912 1933 ergo
2940 1862 3070 1918 dicit
3101 1881 3116 1919 :
3150 1862 3382 1918 Perinde
3413 1878 3478 1918 ac
3506 1864 3555 1918 si

1930 1956 2095 2011 homo
2125 1954 2390 2026 quispiam
2415 1954 2578 2010 rebus
2600 1954 2711 2008 suis
2740 1953 2896 2009 cedat
2919 1956 3038 2009 sine
3066 1954 3261 2024 pretio,
3290 1954 3361 2008 ita
3389 1953 3555 2010 etiam

1933 2050 2049 2119 ipse
2084 2062 2182 2102 nos
2225 2055 2499 2117 tamquam
2522 2046 2725 2100 nullius
2767 2048 2923 2115 pretii
2957 2046 3232 2110 dimisisti,
3267 2061 3366 2099 nos
3397 2046 3557 2101 valde

1930 2140 2326 2210 emitempsisti.
2355 2140 2467 2194 lloc
2502 2140 2683 2209 itaque
2708 2141 2976 2210 signiﬁcat
3002 2141 3164 2195 etiam
3197 2155 3296 2210 per
3325 2139 3378 2194 id
3407 2139 3553 2209 quad

1932 2231 2205 2302 subjungit
2234 2249 2248 2285 :
2282 2231 2350 2285 Et
2390 2247 2492 2285 non
2517 2232 2614 2302 fuit
2658 2231 2940 2285 multitudo
2978 2230 3034 2285 in
3069 2232 3557 2286 commutationibus

1936 2324 2160 2388 nostris;
2205 2322 2309 2377 hoc
2352 2333 2459 2386 est,
2502 2322 2559 2376 in
2609 2323 2883 2392 emptione
2914 2332 3120 2377 nostra.
3168 2322 3235 2377 Et
3265 2321 3388 2377 ideo
3417 2321 3557 2376 dicit

1934 2417 2093 2483 alius,
2143 2414 2211 2469 In
2245 2415 2621 2487 appretiatione
2660 2424 2859 2483 nostra,
2906 2415 2955 2470 id
2994 2424 3099 2482 est,
3160 2414 3213 2469 in
3245 2413 3558 2470 venditione

1936 2518 2141 2566 nostra.
2191 2509 2429 2564 Pretium
2482 2510 2627 2563 enim
2686 2518 2773 2564 est
2817 2509 3357 2579 permutatio:s:epe
3409 2508 3554 2564 enim

1934 2613 2155 2655 servum
2190 2600 2405 2666 damus,
2450 2608 2505 2654 et
2552 2614 2743 2653 aurum
2786 2599 2868 2654 vel
2909 2608 3193 2670 argentum
3235 2600 3555 2671 accipimus.

1938 2693 2026 2747 Η.
2063 2689 2291 2745 Posuisti
2333 2707 2425 2745 nos
2455 2690 2790 2760 cpprobrium
2819 2690 2996 2746 vicinis
3023 2692 3234 2756 nostris,
3268 2692 3558 2747 subsanna-

1938 2785 2123 2839 tionem
2152 2793 2196 2837 et
2224 2783 2450 2837 derisum
2478 2783 2541 2837 iis
2569 2786 2659 2855 qui
2688 2783 2742 2837 in
2782 2784 3001 2837 circuitu
3031 2794 3205 2838 nostra
3237 2794 3375 2839 sunt.
3406 2784 3559 2839 Alius

1936 2877 2086 2941 dicit,
2120 2875 2377 2943 Pompam
2407 2876 2471 2930 iis
2511 2876 2598 2946 qui
2627 2877 2678 2929 in
2708 2875 2928 2930 circuitu
2956 2885 3131 2930 nostra
3158 2886 3297 2930 sunt.
3332 2876 3421 2931 15.
3458 2873 3569 2929 Po?

1937 2969 2081 3023 suisti
2103 2985 2194 3023 nos
2216 2968 2269 3022 in
2297 2968 2597 3038 parabolam
2625 2968 2681 3022 in
2704 2966 2956 3039 gentibus.
2989 2966 3166 3025 Grave
3188 2978 3271 3025 est
3300 2967 3404 3025 ltoc
3429 2985 3561 3041 sup-

1937 3061 2156 3132 plicium
2201 3070 2257 3116 et
2302 3060 2667 3126 intolerabile,
2723 3060 2793 3115 ab
2841 3060 3021 3131 impiis
3060 3062 3299 3117 maxime
3346 3062 3559 3131 probris

1937 3152 2101 3219 allici,
2129 3152 2198 3206 ab
2233 3151 2464 3207 inimicis
2497 3150 2617 3207 hzec
2646 3151 2777 3223 pati,
2823 3165 2947 3207 esse
2975 3152 3325 3208 circumcirca
3357 3152 3448 3224 qui
3476 3153 3561 3207 in.

1937 3246 2157 3307 sultent,
2182 3254 2236 3299 et
2266 3242 2502 3314 undique
2527 3243 2803 3298 circumiri
2834 3243 2903 3298 ab
2934 3244 3000 3299 iis
3028 3244 3118 3314 qui
3161 3244 3357 3315 probra
3402 3245 3555 3317 inge-

1940 3342 2084 3390 runt.
2121 3334 2260 3401 Quid
2295 3344 2379 3392 est
2420 3343 2603 3389 autem
2646 3332 2898 3404 parabqu
2921 3333 2946 3388 ?
2971 3333 3242 3401 Narratio,
3273 3334 3552 3406 probrum.

1939 3429 2112 3484 Emnt
2158 3428 2303 3482 enim
2341 3427 2697 3483 circumcirca
2728 3425 2950 3497 quidam
2987 3428 3257 3492 scelerati,
3292 3428 3557 3499 nulloque

1939 3536 2103 3577 sensu
2134 3520 2366 3592 prmditi,
2393 3522 2484 3591 qui
2511 3535 2619 3575 non
2647 3520 2823 3576 solum
2870 3536 2976 3575 non
3008 3521 3426 3586 miserebantur,
3456 3524 3553 3577 sed

1939 3614 2152 3685 probris
2188 3614 2350 3669 etiam
2396 3622 2451 3668 et
2494 3613 2838 3668 contumeliis
2890 3612 3218 3679 allicit-bant,
3273 3615 3419 3686 quod
3463 3631 3560 3670 eos

1940 3706 2175 3761 maxime
2203 3705 2455 3776 augebat.
2479 3704 2605 3760 Mihi
2632 3714 2812 3759 autem
2843 3705 3054 3762 videtur
3086 3706 3172 3760 hic
3210 3706 3392 3763 dicere
3418 3712 3556 3762 Ara-

1939 3798 2058 3863 bas,
2102 3797 2196 3868 qui
2223 3812 2393 3868 prope
2417 3811 2516 3851 eos
2553 3796 2889 3851 habitabant.
2928 3796 3330 3852 Commotionem
3374 3800 3560 3872 capitis

1938 3891 1991 3945 in
2033 3890 2260 3962 populis.
2301 3889 2477 3956 Alius,
2514 3887 2955 3944 Transmotioncm
2984 3905 3004 3945 :
3034 3888 3294 3944 llebrmus
3342 3901 3552 3954 autem,

1943 3982 2199 4039 Manoud.
2231 3982 2328 4037 Vel
2375 3982 2481 4037 hoc
2504 3997 2636 4052 ergo
2661 3982 2809 4048 dicit,
2839 3981 3233 4037 Trausmovisti
3285 3997 3424 4047 nos;
3473 3986 3557 4036 vel

1942 4091 2039 4146 per
2078 4084 2289 4146 gestum
2320 4083 2501 4129 motus
2527 4073 2721 4142 capitis
2748 4073 2987 4129 ostendit
3020 4075 3175 4130 valde
3203 4075 3438 4131 laetantis
3475 4075 3558 4130 iu-

1942 4168 2250 4223 solentiam.
2276 4167 2364 4223 16.
2399 4165 2526 4221 Tota
2552 4166 2637 4222 die
2674 4167 2980 4222 verecundia
3007 4184 3119 4222 mea
3143 4179 3323 4224 contra
3351 4184 3433 4221 me
3457 4180 3555 4223 cst.

1942 4260 2115 4323 Alius,
2138 4258 2432 4330 Ignominia
2451 4274 2579 4314 mea.
2614 4257 2682 4313 Et
2698 4260 2934 4332 confusio
2960 4261 3112 4331 [aciei
3134 4277 3259 4316 mete
3283 4263 3549 4332 coeperuit

1944 4366 2043 4414 me,
2082 4350 2167 4405 l7.
2200 4366 2232 4403 α
2257 4365 2377 4404 voce
2418 4350 2775 4421 exprobrantis
2819 4358 2867 4404 et
2893 4351 3231 4422 obloquentis.
3283 4351 3457 4416 Alius,
3488 4349 3559 4404 Et

1944 4442 2362 4513 blasphemantis.
2391 4442 2436 4495 Α
2463 4445 2599 4513 [acie
2622 4442 2816 4496 inimici
2841 4453 2888 4497 et
2912 4444 3277 4515 persequentis.
3308 4443 3436 4499 ΙΙωο
3463 4457 3561 4499 eos

1945 4533 2115 4603 magis
2136 4548 2296 4603 quam
2328 4533 2593 4603 supplicia
2620 4533 2957 4589 cruciabam.
2986 4533 3120 4603 Quia
3145 4535 3288 4590 enim
3317 4533 3397 4590 eis
3417 4550 3562 4590 sem-

1946 4645 2044 4700 per
2068 4638 2124 4685 et
2145 4629 2362 4685 assidue
2391 4630 2714 4686 eveniebant
2740 4645 2829 4685 res
2854 4630 3130 4697 secundm,
3154 4642 3209 4686 et
3234 4629 3419 4685 hostes
3442 4630 3559 4684 vin-

1946 4725 2163 4792 cebant,
2188 4724 2429 4779 omnium
2465 4733 2591 4778 tunc
2618 4738 2713 4778 ora
2757 4733 2943 4792 aperta
2982 4733 3256 4779 suntcum
3288 4722 3389 4793 ipsi
3416 4724 3563 4779 ceci-

1948 4816 2179 4882 dissent,
2208 4814 2502 4885 afﬂictique
2526 4824 2579 4869 et
2614 4815 2869 4885 prosuati
2899 4824 3121 4871 essent:
3153 4831 3253 4872 nec
3284 4815 3559 4887 rcSpirarc

1948 4909 2171 4981 quidem
2202 4916 2474 4978 poterant,
2502 4906 2599 4962 sed
2647 4915 2968 4978 perpetuum
3013 4906 3336 4976 supplicium
3365 4922 3564 4977 exspe-

1947 5002 2184 5056 ctabant.
2218 4999 2305 5057 18.
2339 4998 2464 5053 Htec
2488 4999 2659 5052 omnia
2684 5009 2925 5053 venerunt
2964 5017 3120 5070 super
3161 5016 3271 5061 nos,
3302 4991 3398 5055 nec
3418 5000 3564 5055 obliti

1949 5109 2125 5147 sumus
2150 5102 2217 5157 te,
2237 5101 2283 5146 et
2310 5091 2481 5161 inique
2506 5107 2610 5144 non
2630 5090 2824 5162 egimus
2854 5091 2907 5143 in
2930 5100 3229 5145 testamento
3257 5103 3361 5145 tuo.
3388 5091 3565 5157 Alius,

1954 5185 2068 5240 Nec
2103 5184 2340 5256 fraudant
2390 5184 2605 5257 [erimus
2648 5192 2797 5251 pacto
2846 5193 2951 5238 tuo.
3000 5183 3132 5252 Nos,
3193 5185 3387 5257 inquit,
3438 5186 3564 5240 aliis

1951 5278 2221 5335 contraria
2253 5278 2335 5331 via
2358 5276 2583 5347 ingressi
2612 5292 2821 5332 sumus.
2852 5276 2935 5331 Illi
2964 5278 3131 5340 enim,
3152 5289 3442 5350 antequam
3474 5296 3567 5335 res

1951 5371 2077 5424 ulla:
2098 5369 2339 5424 adversa:
2369 5370 2701 5434 evenissent,
2735 5370 2993 5439 prostrati
3041 5379 3165 5425 sunt
3195 5387 3208 5424 :
3238 5386 3339 5425 nos
3360 5378 3567 5428 ‘autem

1955 5469 2077 5531 post
2099 5475 2188 5514 res
2213 5459 2470 5515 adversas
2492 5475 2790 5530 gravesque
2820 5460 3158 5516 calamitates
3197 5462 3356 5516 llrmo
3382 5472 3437 5518 et
3467 5460 3571 5517 lm-

1956 5552 2143 5608 mobili
2165 5553 2349 5606 animo
2377 5552 2743 5607 constitimus.
2776 5550 2905 5605 Haec
2932 5560 3111 5606 autem
3146 5550 3355 5615 dicunt,
3386 5562 3439 5606 ut
3464 5553 3564 5609 bo-

1957 5658 2081 5698 nam
2105 5657 2256 5713 spem
2283 5642 2590 5712 eoucipiant
2626 5642 2713 5712 qui
2742 5656 2865 5696 cum
2894 5643 2971 5697 eis
3001 5652 3126 5697 sunt
3155 5642 3458 5699 hortantes.
3506 5646 3575 5701 Et

1959 5734 2079 5790 ideo
2108 5750 2231 5789 cum
2275 5733 2463 5789 Daniel
2508 5742 2563 5789 et
2612 5742 2721 5788 tres
2750 5734 2903 5805 pueri
2946 5733 3175 5790 dicant:
3210 5736 3567 5804 Peccavimus,

1966 5829 2154 5900 injuste
2191 5829 2402 5900 fecimus
2426 5827 2589 5901 (Dan.
2623 5829 2676 5885 3.
2707 5828 2805 5900 9.9)
2834 5846 2847 5884 :
2898 5827 2953 5883 hi
2982 5828 3164 5885 dicunt
3194 5848 3207 5883 :
3240 5829 3361 5885 Non
3406 5831 3579 5902 inique
