4070 6432
728 404 831 463 173

728 516 916 590 egimus
958 516 1011 571 in
1058 524 1350 572 testamento
1381 524 1466 570 tuo
1492 530 1511 569 :
1537 514 1959 570 commilitonum
2004 512 2215 567 animos
2252 520 2307 568 et

724 607 944 677 spiritus
988 607 1302 661 excitantes.
1351 604 1406 661 Si
1458 606 1623 669 enim,
1670 605 1859 676 inquit,
1907 603 2136 659 maxima
2168 602 2306 671 passi

724 712 931 764 sumus,
962 709 1016 753 et
1043 698 1111 752 ab
1137 699 1217 753 eis
1240 698 1499 767 originem
1526 699 1789 759 ducimus.
1826 698 1913 765 qui
1944 697 2150 765 magnis
2177 694 2308 749 affe-

724 790 796 843 cti
826 799 951 844 sunt
989 789 1282 856 beneficiis,
1310 799 1367 845 et
1395 791 1445 844 in
1469 789 1860 844 calamitatibus
1898 789 2115 843 minime
2140 788 2309 843 decli-

727 880 994 945 navimus,
1025 894 1147 948 spes
1173 890 1256 935 est
1284 880 1438 935 nobis
1476 896 1680 950 magna:
1706 881 1911 933 salutis.

798 971 851 1026 8.
892 971 1044 1038 Quod
1079 986 1209 1040 ergo
1233 972 1340 1027 dixi
1377 988 1406 1025 a
1452 973 1728 1041 principio,
1774 970 1877 1026 hoc
1917 984 2131 1041 quoque
2167 984 2307 1023 nunc

723 1062 867 1124 dico.
892 1078 985 1119 eos
1006 1064 1121 1118 vice
1144 1063 1463 1132 precationis
1485 1063 1589 1117 illis
1608 1064 1807 1118 addere
1826 1065 2053 1128 ultimos,
2088 1061 2307 1131 perinde

724 1168 788 1209 ac
813 1156 857 1208 si
886 1156 964 1209 eis
993 1154 1233 1209 dicerent
1273 1174 1285 1207 :
1329 1154 1571 1222 Quanam
1616 1154 1683 1209 de
1725 1168 1883 1209 causa
1924 1168 2072 1221 spem
2120 1154 2306 1207 salutis

724 1243 1032 1313 abjecistis?
1078 1243 1242 1300 Deum
1276 1246 1533 1300 habemus
1571 1247 1659 1315 qui
1696 1261 1791 1299 nos
1820 1246 2059 1301 defendit
2103 1264 2117 1300 :
2168 1257 2222 1301 et
2258 1246 2304 1301 si

728 1338 853 1405 quid
881 1338 1234 1408 peccavimus,
1265 1339 1395 1391 satis
1425 1354 1696 1406 pinnarum
1737 1338 2016 1408 pendimus
2048 1356 2062 1389 :
2104 1340 2155 1392 in
2189 1348 2305 1392 ten-

725 1429 1011 1482 tationibus
1049 1428 1252 1483 fortiter
1276 1430 1573 1483 restitimus
1615 1449 1627 1483 :
1671 1444 1790 1484 eum
1818 1430 1905 1498 qui
1932 1431 2089 1483 etiam
2116 1444 2300 1497 pecca-

723 1530 896 1575 torum
924 1536 1137 1590 semper
1164 1535 1345 1574 curam
1366 1522 1521 1590 gerit,
1556 1522 1653 1575 viae
1690 1521 1879 1575 ducem
1924 1521 2201 1584 habemus,
2250 1530 2304 1576 et

722 1610 844 1667 ideo
880 1611 1049 1665 bonus
1093 1612 1270 1665 exitus
1312 1623 1394 1666 est
1444 1611 1596 1665 nobis
1638 1615 1856 1665 omnino
1887 1613 2298 1682 exspectandus.

722 1700 856 1768 Quid
881 1710 965 1755 est
989 1712 1165 1755 autem
1191 1718 1203 1751 :
1237 1698 1356 1754 Non
1380 1700 1550 1770 inique
1570 1703 1778 1771 fecimus
1797 1702 1848 1753 in
1870 1711 2162 1755 testamento
2182 1703 2303 1757 tuo?

724 1794 836 1847 lloe
863 1802 965 1855 est,
995 1791 1108 1847 Non
1151 1793 1329 1861 inique
1364 1808 1461 1847 nos
1502 1793 1763 1859 gessimus
1803 1793 1853 1845 in
1899 1794 1962 1846 iis
1993 1808 2111 1861 quze
2152 1794 2302 1848 nobis

720 1881 921 1936 credita
949 1891 1093 1947 sunt,
1125 1882 1218 1936 sed
1255 1897 1319 1937 ea
1349 1881 1582 1952 perfecte
1610 1882 2011 1938 custodivimus.
2045 1883 2135 1937 Est
2158 1885 2299 1939 enim

721 1974 946 2027 maxima
977 1973 1243 2040 iniquitas.
1274 1972 1487 2043 quando
1526 1973 1642 2043 quis
1681 1974 2065 2045 transgreditur
2108 1975 2298 2045 legem,

718 2080 836 2134 qu:e
861 2064 1115 2130 vindicat,
1143 2079 1261 2133 quze
1290 2079 1393 2117 non
1438 2064 1565 2117 sinit
1603 2073 1657 2117 ut
1687 2064 1769 2117 vel
1801 2081 1830 2117 a
1868 2065 2174 2136 propinquis
2218 2067 2301 2120 iu—

714 2155 855 2225 juria
884 2154 1198 2221 afliciamur,
1229 2166 1283 2211 et
1314 2157 1496 2210 vitium
1527 2157 1798 2225 prohibet;
1843 2161 2054 2227 quando
2080 2160 2198 2228 quis
2219 2166 2302 2215 est

722 2247 962 2316 ingratus
1001 2248 1053 2300 in
1092 2260 1215 2301 cum
1255 2246 1345 2317 qui
1376 2258 1451 2302 tot
1480 2248 1633 2302 nobis
1670 2249 1804 2303 bona
1847 2250 2065 2317 praebet.
2100 2249 2186 2304 l9.
2236 2249 2301 2303 Et

719 2355 819 2393 non
849 2340 1046 2393 recessit
1070 2350 1205 2393 retro
1224 2356 1311 2395 cor
1330 2351 1575 2395 nostrum.
1608 2341 1775 2407 Alius,
1810 2340 1928 2395 Non
1949 2341 2207 2396 abscessit.
2235 2341 2302 2395 Et

719 2444 820 2483 non
845 2428 1107 2483 declinasti
1143 2432 1344 2485 semitas
1387 2440 1583 2485 nostras
1629 2448 1661 2483 a
1706 2431 1786 2483 ria
1838 2440 1944 2484 tua.
1985 2431 2157 2497 Alius,
2193 2431 2301 2485 Nec

718 2518 966 2573 inclinato
990 2530 1106 2573 sunt
1131 2536 1244 2591 qua:
1268 2538 1358 2574 nos
1387 2523 1608 2591 erigunt.
1639 2521 1810 2587 Alius,
1847 2521 1911 2575 Et
1943 2539 2043 2575 non
2071 2539 2302 2577 auersum

718 2618 791 2663 est
812 2618 945 2663 retro
970 2626 1057 2663 cor
1075 2623 1321 2673 nostrum,
1349 2628 1439 2663 nec
1464 2612 1778 2665 declinarunt
1804 2628 2000 2681 gressus
2025 2613 2182 2666 nostri
2199 2615 2296 2683 (α).

721 2698 873 2765 Quod
904 2701 1050 2767 prius
1076 2700 1229 2765 dixit,
1269 2699 1371 2754 hoc
1410 2702 1568 2754 etiam
1606 2701 1691 2757 hic
1720 2702 1868 2767 dicit,
1906 2717 2000 2757 eos
2048 2704 2098 2756 in
2143 2704 2301 2757 tantis

724 2789 986 2844 malorum
1024 2788 1270 2844 ﬂuctibus
1310 2807 1376 2844 ne
1420 2792 1679 2845 tantillum
1712 2793 1923 2861 quidem
1957 2793 2132 2863 lapsos
2157 2808 2297 2850 esse.

720 2878 947 2934 Pulchre
984 2890 1162 2935 autem
1208 2881 1285 2935 sic
1332 2881 1480 2936 dicit.
1532 2882 1988 2947 Quemadmodum
2027 2886 2167 2940 enim
2214 2888 2300 2943 lex

716 2968 867 3023 ducit
896 2972 946 3023 in
989 2970 1277 3035 anteriora,
1323 2972 1391 3024 ita
1428 2973 1677 3042 iniquitas
1708 2983 1853 3029 retro
1896 2978 2150 3031 transfert
2192 2996 2205 3032 :
2247 2987 2303 3032 et

718 3054 1171 3128 quemadmodum
1192 3059 1280 3115 lex
1305 3061 1457 3129 jubet
1482 3074 1623 3117 recta
1652 3064 1731 3118 via
1776 3066 1999 3136 ingredi,
2039 3068 2109 3123 ita
2138 3070 2297 3125 etiam

720 3152 971 3221 iniquitas
1020 3153 1248 3208 traducit
1297 3153 1567 3210 hominem
1606 3156 1657 3211 in
1702 3158 1876 3213 locum
1920 3159 2190 3216 desertum
2245 3172 2300 3218 et

720 3246 1073 3302 inaccessam.
1109 3244 1255 3300 Viam
1287 3263 1417 3317 ergo
1452 3248 1537 3303 hic
1564 3248 1693 3305 dicit
1723 3254 1911 3321 legem.
1940 3254 2069 3309 Illud
2094 3267 2293 3326 autem,

720 3335 1020 3405 Declinasti,
1052 3338 1191 3408 quod
1235 3340 1324 3394 alii
1368 3340 1569 3406 dicunt,
1616 3341 1725 3397 Nec
1758 3345 1999 3399 inclinata
2044 3358 2159 3402 sunt
2187 3366 2298 3418 quia

720 3445 810 3482 nos
838 3430 1055 3499 erigunt,
1084 3445 1115 3482 α
1138 3431 1216 3483 uia
1245 3440 1332 3484 tua
1364 3447 1382 3483 :
1412 3431 1667 3488 Hebr.eus
1693 3434 1839 3501 dicit,
1878 3436 2052 3493 Vathet
2109 3443 2296 3497 ascitu-

719 3536 842 3573 renu
868 3520 1001 3573 meni
1028 3520 1182 3590 oracli
1210 3522 1310 3590 (ὁ).
1336 3520 1390 3576 Si
1422 3524 1540 3591 quis
1574 3536 1751 3580 autem
1784 3529 1909 3583 velit
1942 3532 2091 3601 sequi
2133 3534 2297 3591 inter-

719 3610 1069 3680 pretationem
1098 3608 1461 3682 Septuaginta,
1503 3622 1556 3668 et
1601 3632 1704 3669 non
1736 3618 1981 3683 aliorum,
2009 3622 2159 3683 illud.
2193 3624 2293 3680 De-

716 3702 919 3758 clinain
945 3703 1149 3758 semitas
1174 3715 1369 3760 nostras
1403 3723 1435 3759 a
1466 3707 1544 3759 via
1592 3718 1699 3773 tua,
1739 3709 1841 3765 hoc
1884 3725 1986 3775 est,
2036 3714 2222 3770 Procul
2263 3734 2293 3774 a

716 3795 915 3864 templo
944 3806 1033 3848 tuo
1062 3810 1157 3849 uos
1183 3796 1479 3863 collocasti,
1505 3808 1559 3851 et
1590 3797 1640 3851 in
1670 3800 1840 3853 aliena
1884 3810 2022 3856 terra
2062 3805 2297 3863 habitare

713 3886 911 3939 curasti
943 3904 955 3938 :
993 3886 1135 3956 quod
1172 3902 1275 3941 non
1314 3890 1675 3955 permittebat,
1712 3902 1762 3943 ut
1808 3892 1984 3947 cultus
2012 3910 2295 3967 peragere-

716 3986 819 4031 tur.
861 3977 950 4033 20.
985 3978 1236 4045 Quoniam
1284 3980 1560 4034 humiliasti
1605 3999 1698 4037 nos
1742 3984 1793 4037 in
1834 3986 1945 4040 loco
1983 3989 2291 4058 alflictionis.

714 4068 885 4133 Alius,
916 4067 979 4123 In
1020 4070 1131 4123 loco
1166 4071 1465 4126 inhubituto.
1497 4073 1675 4138 Alius,
1704 4074 1770 4128 In
1798 4077 1907 4129 loco
1937 4077 2191 4133 Sirenum.
2225 4082 2293 4136 Et

715 4160 972 4230 coeperuit
1018 4175 1110 4213 nos
1157 4161 1332 4213 umbra
1376 4163 1566 4216 mortis.
1619 4164 1788 4231 Alius,
1842 4166 2144 4224 Obstruxisti
2177 4189 2289 4229 nos.

718 4250 842 4303 lla'c
870 4248 997 4302 mihi
1026 4264 1146 4303 esse
1176 4249 1387 4305 videtur
1414 4253 1714 4317 retributio,
1747 4271 1812 4310 eo
1841 4259 1980 4327 quod
2023 4263 2288 4331 superius,

713 4354 834 4392 cum
862 4339 997 4393 mala
1024 4350 1318 4405 narrarent,
1351 4342 1591 4398 dicerent
1622 4361 1634 4399 :
1670 4344 1731 4398 Et
1757 4350 1984 4416 confusio
2004 4351 2152 4420 [aciei
2172 4372 2294 4410 metu

715 4428 972 4497 cooperuit
996 4444 1095 4490 me,
1122 4446 1152 4482 a
1180 4446 1297 4484 voce
1336 4432 1683 4502 exprobrantis
1711 4445 1755 4489 et
1780 4439 2086 4510 obloquentis
2106 4461 2124 4497 :
2156 4445 2295 4512 Quo-

714 4521 848 4572 niam
870 4518 1148 4575 humiliasti
1181 4537 1291 4578 nos.

789 4609 979 4666 Umbra
1008 4612 1180 4666 mortis
1204 4614 1325 4684 quid
1344 4614 1450 4668 2-
1468 4614 1523 4670 Si
1550 4618 1669 4687 quis
1694 4618 1762 4672 ita
1803 4624 2066 4693 acceperit
2108 4636 2163 4681 ut
2203 4643 2286 4682 re-

719 4703 918 4757 feratur
942 4702 1007 4756 ad
1038 4702 1186 4767 illud,
1221 4703 1496 4759 Declinain
1519 4708 1721 4763 semitas
1743 4722 1940 4767 nostras
1963 4731 1996 4767 α
2025 4716 2104 4770 via
2149 4728 2235 4771 tua
2274 4736 2293 4774 :

719 4793 875 4847 habet
908 4792 992 4847 hic
1015 4797 1447 4865 consequentiam
1473 4800 1875 4856 convenientem
1914 4809 2093 4861 sensui
2134 4824 2290 4878 quem

716 4885 964 4939 diximus.
994 4884 1265 4955 Significat
1290 4888 1431 4942 enim
1462 4891 1727 4959 quomodo
1757 4910 1849 4949 eos
1875 4911 1903 4948 a
1933 4896 2030 4953 viis
2068 4901 2178 4957 suis
2209 4920 2295 4958 re-

717 4976 944 5048 polerit;
975 4978 1197 5048 legibus,
1228 4979 1464 5048 inquam,
1488 4993 1543 5037 et
1564 4983 1845 5053 institutis;
1872 5004 2070 5060 eosque
2093 4992 2147 5047 in
2174 4992 2289 5051 loca

658 5104 661 5105 ν
719 5069 928 5124 deserta
956 5068 1256 5136 abduxerit,
1298 5080 1353 5125 ct
1394 5072 1533 5128 inter
1577 5073 1821 5133 inimicos
1854 5079 2136 5138 dimiserit.
2180 5068 2293 5143 Hoc

716 5159 860 5215 enim
904 5159 1167 5230 significat
1205 5160 1333 5217 illud
1377 5180 1390 5215 :
1432 5163 1699 5235 Coopernit
1744 5185 1835 5225 nos
1874 5173 2051 5227 umbra
2079 5177 2291 5241 mortis;

720 5251 950 5320 pericula
971 5250 1172 5316 dicens,
1195 5267 1315 5322 qua:
1336 5264 1563 5311 mortem
1594 5258 1820 5329 pariunt,
1850 5274 1903 5317 et
1928 5266 2120 5334 quibus
2144 5284 2291 5326 mors

716 5356 797 5399 est
825 5344 1085 5413 proxima,
1117 5360 1221 5413 quo
1260 5359 1420 5403 sensu
1452 5348 1665 5406 dolores
1703 5356 1887 5410 mortis
1914 5367 1967 5412 et
1998 5358 2287 5415 inferorum

720 5446 901 5504 portas
927 5443 1079 5489 vocat
1107 5432 1400 5505 Scriptura.
1444 5436 1761 5495 lnevitabilia
1795 5455 1971 5501 autem
1998 5466 2118 5505 esse
2153 5454 2286 5506 mala

720 5526 804 5581 hic
833 5541 927 5596 per
968 5524 1208 5581 umbram
1242 5538 1296 5582 et
1323 5530 1709 5598 Operimentum
1752 5538 2005 5608 ostendit,
2037 5558 2065 5596 a
2098 5546 2289 5615 quibus

781 5684 853 5749 in)
884 5683 1340 5745 ttaeinterpretatio
1360 5692 1437 5749 est
1459 5691 1736 5749 Symmachi.

784 5745 856 5819 (li)
890 5751 996 5819 nec
1014 5748 1336 5819 praetermissa
1352 5745 1553 5819 luet-ein
1576 5752 1801 5819 llexaplls
1815 5760 2010 5811 nostris.
2028 5765 2289 5819 chraicus

709 5817 873 5857 [cattus
891 5809 959 5856 sic
984 5807 1153 5869 habet,
1180 5812 1333 5886 ’την
1352 5814 1638 5887 maia-ica
1659 5807 1789 5872 iam.

1498 398 1553 455 Sy
1598 396 1879 455 JOANNIS
1910 390 2379 451 CIIRYSOSTUMI
2419 390 2736 450 ABClilEP.
2776 391 3308 454 CONSTANTlNOP.
3932 404 4004 464 ιε

2414 524 2516 565 nec
2545 511 2783 581 liberari,
2813 530 2910 571 nec
2933 518 3015 572 vel
3042 521 3322 576 minimum
3346 522 3563 591 quidem
3593 523 3864 593 respirare
3910 541 4004 593 p0

2410 609 2548 659 seni.
2576 604 2668 661 21.
2701 606 2761 661 Si
2781 608 2923 662 obliti
2945 626 3119 666 sumus
3139 630 3320 667 nomen
3342 611 3441 668 Dei
3460 614 3639 678 nostri,
3674 627 3720 667 et
3743 616 3785 669 si
3820 632 4003 687 θάψαι

2411 696 2576 753 dimus
2606 716 2783 753 manus
2808 714 3005 758 nostras
3029 706 3099 757 ad
3139 708 3286 760 deum
3322 708 3547 760 aliarum
3575 724 3594 761 :
3623 707 3713 761 ἓξ.
3755 728 4003 779 nunrqm

2412 786 2549 842 Deus
2578 793 2789 859 rrqniret
2818 793 2952 846 ista?
2979 793 3006 847 l
3013 812 3101 865 pse
3140 798 3273 850 enim
3317 799 3453 850 novit
3482 798 3775 851 abscondita
3806 802 4004 853 cordi.

2411 878 2521 933 lloc
2550 890 2630 935 est
2660 882 2917 936 bonorum
2949 898 3246 944 servorum.
3272 887 3411 943 male
3438 890 3702 958 patientes
3721 892 4004 945 deminm

2409 972 2589 1025 colere
2616 982 2667 1025 ct
2696 988 3040 1040 perseverare
3074 996 3086 1029 :
3128 976 3245 1033 ha-c
3273 988 3399 1033 sunt
3426 980 3741 1037 documenta
3769 982 4004 1052 philoss

2412 1062 2570 1130 phite.
2607 1063 2701 1117 llic
2731 1063 2890 1118 etiam
2916 1068 3112 1122 docent
3140 1068 3431 1134 auditores,
3464 1088 3569 1127 non
3596 1074 3876 1140 simulare,
3924 1092 4004 1128 su

2410 1154 2575 1208 Deum
2609 1166 2717 1209 toto
2744 1158 2905 1213 corde
2927 1158 3171 1216 adorare.
3201 1162 3355 1217 Novit
3381 1164 3547 1228 enim,
3573 1166 3761 1235 inquit,
3787 1170 4004 1223 οὐδε-οη

2409 1243 2515 1295 dita
2535 1246 2719 1299 cordis.
2740 1244 2865 1301 Htec
2886 1259 3063 1304 autem
3093 1250 3295 1316 dicunt,
3320 1252 3442 1307 illos
3465 1263 3748 1320 terrentes,
3781 1275 3851 1313 ne
3872 1262 4003 1327 qui

2409 1334 2518 1389 Deo
2550 1337 2819 1406 indignum
2847 1341 3101 1411 cngitent.
3136 1343 3266 1398 Vide
3294 1355 3470 1400 autem
3502 1363 3750 1418 magnum
3786 1351 4004 1407 virtuti

2408 1424 2793 1483 incrementum
2820 1448 2834 1484 :
2866 1432 3137 1504 subiungit
3162 1436 3302 1489 enim
3329 1437 3514 1493 dicens
3544 1458 3557 1491 :
3590 1435 3845 1506 Quoniam
3882 1458 4004 1511 pro

2407 1526 2518 1585 pter
2546 1528 2593 1571 te
2618 1521 2986 1588 mortiﬁcamur
3010 1532 3114 1577 tota
3139 1523 3255 1580 die:
3278 1527 3514 1581 aestimati
3537 1546 3708 1583 smnus
3736 1528 3867 1585 sicut
3896 1548 4004 1590 ore

2406 1610 2689 1665 occisionis.
2724 1609 2967 1683 Magnum
2993 1626 3075 1671 est
3114 1617 3256 1672 enim
3287 1634 3502 1675 manere
3534 1616 3622 1676 Dei
3658 1624 3932 1692 cultores,
3980 1642 4004 1683 ε

2405 1701 2470 1753 ad
2497 1701 2658 1754 alium
2688 1719 2792 1757 non
2814 1703 3076 1761 defecisse
3105 1726 3118 1760 :
3152 1709 3318 1763 multo
3346 1721 3523 1765 autem
3548 1710 3719 1781 majus
3742 1726 3849 1778 est,
3880 1732 4003 1770 cur

2406 1807 2552 1846 mors
2580 1792 2809 1859 assidue,
2841 1806 2894 1850 et
2922 1796 3227 1866 quotidiana
3278 1800 3512 1869 pericula
3543 1798 3884 1868 immineant,
3942 1818 4004 1862 tu

2404 1882 2509 1935 lem
2538 1898 2860 1941 conservare
2885 1886 3245 1943 dilectionem.
3289 1887 3580 1947 Considera
3621 1904 3797 1950 autem
3826 1911 4004 1965 qu.m

2407 1984 2517 2028 tum
2549 1976 2618 2029 sit
2640 1992 2808 2047 genus
2839 1976 3211 2049 philosophiae,
3240 1998 3360 2037 cum
3404 1984 3520 2053 ipse
3547 2002 3758 2055 quoque
3802 1987 4004 2043 Pauli:

2404 2079 2470 2120 eo
2510 2075 2705 2130 utatur,
2754 2068 3165 2137 apostolicorum
3215 2074 3569 2142 periculorum
3616 2078 3880 2145 procellas
3940 2082 4004 2147 (η

2403 2170 2727 2213 enumerans
2772 2160 2823 2213 in
2873 2159 3109 2230 Epistula
3148 2163 3213 2217 ad
3259 2163 3529 2219 Romanos
3558 2165 3732 2236 (Rom.
3783 2168 3838 2223 8.
3886 2170 4004 2239 36)

2405 2248 2546 2314 Quot
2570 2266 2696 2321 ergo
2728 2251 2780 2305 hi
2810 2254 3023 2307 coronis
3048 2254 3191 2325 digni
3234 2254 3450 2322 fuerint,
3486 2259 3701 2327 quando
3728 2262 3780 2314 in
3816 2260 4004 2318 Veter

2405 2338 2750 2396 Testamento
2777 2344 2844 2397 ad
2874 2345 3115 2399 eamdem
3140 2361 3444 2402 mensuram
3475 2351 3844 2417 certaminum,
3881 2370 4004 2423 qm

2405 2432 2741 2500 suscipienda
2769 2436 3001 2490 erantin
3034 2436 3202 2503 Novo,
3241 2437 3618 2509 pervenerint?
3657 2444 3807 2509 Quod
3854 2452 4004 2501 min

2406 2523 2534 2577 dicit
2558 2522 2771 2591 Paulus,
2808 2526 3043 2591 Quotidie
3066 2532 3254 2583 moriar
3280 2531 3355 2591 (1.
3384 2530 3502 2586 Cor.
3534 2535 3616 2589 15.
3640 2534 3754 2606 3i),
3785 2537 3836 2589 lii
3868 2556 4004 2605 qum

2405 2627 2511 2681 que
2528 2614 2706 2669 dicunt
2728 2658 2742 2680 ,
2777 2632 2879 2669 non
2911 2619 3234 2699 experientia
3253 2662 3269 2687 ,
3299 2637 3396 2677 nec
3424 2635 3647 2689 eventu,
3671 2628 3765 2681 sed
3791 2631 4003 2683 animo

2405 2702 2581 2769 Quare
2620 2714 2797 2761 autem
2828 2707 2976 2775 dicit,
3008 2705 3224 2781 PrOpter
3244 2713 3333 2765 te?
3354 2708 3573 2770 Liceliat
3603 2714 3774 2779 nobis,
3800 2720 4003 2791 inquit

2404 2797 2654 2865 deiicere,
2687 2815 2716 2853 a
2745 2805 2925 2869 patria:
2974 2803 3280 2872 reipublica:
3330 2808 3584 2863 institutis
3622 2813 3899 2877 recedere,
3961 2836 3997 2870 ε

2407 2898 2549 2944 tutos
2575 2906 2714 2955 esse,
2742 2894 2834 2947 sed
2863 2895 3129 2951 malumus
3161 2900 3300 2955 male
3330 2902 3459 2970 pati,
3482 2913 3530 2956 et
3556 2905 3725 2972 patria
3757 2908 4004 2965 instituta

2405 2997 2643 3050 servare,
2672 3001 2829 3055 quam
2864 2997 3141 3058 postquam
3171 3005 3199 3043 a
3228 2992 3410 3061 patriis
3442 2994 3697 3051 institutis
3723 3001 4004 3056 excideri.

2406 3090 2544 3138 mus,
2581 3076 2632 3129 in
2666 3093 2801 3146 pace
2823 3078 2983 3133 vitam
3011 3097 3192 3151 agere.
3221 3082 3487 3139 (Estimati
3518 3103 3694 3143 sumus
3719 3092 3845 3144 sicut
3884 3110 4004 3150 ove:

2405 3166 2693 3221 occisionis.
2744 3168 2873 3223 Tam
2922 3169 3096 3237 facile,
3141 3174 3327 3243 inquit,
3372 3189 3470 3229 nos
3514 3178 3841 3235 interimunt.
3904 3186 4004 3243 1ἒί(

2402 3272 2578 3316 autem
2626 3266 2859 3321 ostendit
2902 3283 3090 3325 eorum
3130 3276 3610 3332 mansuetudinem.
3660 3280 3764 3335 Sed
3810 3292 4004 3338 tamen

2402 3360 2643 3424 quamvis
2684 3360 2852 3416 simus
2897 3372 3003 3417 tam
3045 3364 3200 3421 facile
3242 3370 3492 3438 expositi,
3531 3370 3685 3427 [irino
3714 3383 3895 3431 tamen
3949 3388 4004 3433 et

2406 3445 2666 3503 immobili
2696 3452 2877 3507 animo
2909 3468 3306 3523 permanemus.
3346 3459 3443 3516 ilic
3467 3462 3629 3518 etiam
3659 3464 3780 3534 jure
3820 3466 4004 3521 admi-

2402 3539 2565 3591 randa
2594 3547 2676 3593 est
2703 3540 2793 3596 Dei
2825 3547 3079 3611 potentia,
3112 3549 3252 3617 quod
3279 3565 3373 3607 eos
3401 3553 3490 3622 qui
3532 3563 3798 3625 tamquam
3842 3561 4004 3614 occi-

2399 3626 2563 3681 sionis
2590 3644 2719 3685 oves
2755 3641 2910 3688 erant
2935 3637 3186 3706 expositi,
3214 3644 3631 3705 conservare-rit,
3661 3656 3717 3699 et
3753 3649 4004 3714 quotidie

2401 3718 2689 3775 morientes
2706 3737 2813 3777 non
2826 3724 3008 3781 siverit
3030 3728 3082 3780 in
3101 3738 3326 3784 mortem
3342 3732 3596 3788 incidere.
3616 3735 3707 3791 εδ.
3732 3736 4004 3809 Exsurge,

2400 3825 2557 3879 quare
2604 3812 2877 3878 obdormis,
2920 3815 3171 3872 Domine?
3219 3822 3386 3887 Alius,
3423 3822 3593 3889 Quare
3635 3842 3687 3880 es
3732 3836 4004 3897 tamquam

2399 3901 2652 3957 dormiens
2670 3905 2696 3957 Ρ
2714 3908 2883 3973 Alius,
2905 3909 3281 3981 Eapergiscers.
3302 3915 3469 3979 Alius,
3497 3916 3711 3990 Evigilo.
3734 3919 4003 3991 Exsurge,

2399 4002 2447 4043 et
2473 4009 2533 4045 ne
2559 3997 2773 4063 repellas
2800 3998 2851 4051 in
2876 4000 3045 4068 ﬁnem.
3075 4002 3167 4056 24.
3198 4003 3367 4069 Quare
3389 4009 3569 4077 faciem
3598 4019 3736 4063 tuam
3765 4015 3958 4068 avertis
3978 4015 4004 4066 .9

2398 4084 2569 4149 Alius,
2597 4088 2895 4144 Abscondis.
2927 4091 3246 4150 Oblivisceris
3272 4097 3458 4164 inopia:
3482 4110 3670 4155 nostra:
3697 4113 3744 4156 et
3776 4103 4004 4158 tributu-

2399 4177 2547 4229 tionis
2576 4182 2802 4234 nostrw.’
2830 4184 3001 4250 Alius,
3037 4184 3252 4241 Malitia
3279 4199 3482 4245 nostra.
3511 4191 3666 4260 Quod
3692 4202 3866 4249 autem
3905 4197 3999 4250 di-

2397 4267 2490 4334 cit,
2525 4278 2607 4322 est
2632 4274 2892 4337 ejusmodi
2933 4291 2944 4327 :
2981 4276 3140 4333 Potes
3171 4279 3308 4333 mala
3336 4282 3546 4338 solvere
3576 4300 3591 4337 :
3633 4294 3806 4355 neque
3838 4291 3995 4342 enim

2399 4371 2615 4428 propter
2641 4371 2782 4415 tuam
2812 4364 3249 4435 imbecillitatem,
3282 4371 3375 4427 sed
3403 4388 3467 4427 ex
3502 4385 3589 4428 tua
3630 4378 3997 4446 permissione

2399 4450 2513 4505 haec
2531 4452 2680 4506 linnt.
2696 4453 2953 4509 Somnum
2976 4456 3060 4513 hic
3075 4459 3203 4513 dicit
3218 4463 3480 4530 quietem;
3499 4469 3989 4534 exsurrectionem,

2399 4545 2834 4613 retributionem;
2866 4548 3057 4606 faciem
3083 4568 3231 4619 vero,
3268 4558 3674 4625 protectionem,
3697 4561 3990 4630 providen-

2398 4638 2544 4705 tiam,
2575 4656 2777 4707 curam,
2807 4645 3083 4701 auxilium.

2469 4729 2521 4785 9.
2564 4731 2669 4787 Cur
2685 4734 2989 4791 oblivisceris
3013 4738 3201 4809 inopia
3226 4744 3447 4797 nostris?
3471 4742 3605 4799 Vide
3631 4760 3814 4801 rursus
3837 4747 3990 4817 pium

2398 4835 2450 4879 et
2473 4836 2681 4896 gratum
2714 4831 2970 4884 animum.
3004 4831 3120 4888 Non
3146 4833 3301 4899 dixit,
3336 4834 3499 4893 Recte
3536 4836 3827 4904 factorum;
3858 4857 3986 4917 non

2397 4919 2549 4983 dixit,
2583 4921 2761 4975 Animi
2792 4924 2929 4977 lirmi
2975 4934 3030 4978 et
3070 4924 3389 4992 immobilis;
3434 4942 3539 4982 non
3584 4928 3734 4994 dixit,
3773 4932 3986 4987 Anim-.e

2400 5009 2633 5079 probatae
2657 5012 2711 5066 in
2744 5013 3127 5070 teutatiouibus
3163 5033 3177 5067 :
3220 5016 3314 5071 sed
3348 5018 3564 5089 quando
3599 5019 3814 5091 quidam
3862 5037 3985 5078 sese

2398 5112 2644 5172 purgant,
2674 5104 2759 5157 illa
2786 5114 3019 5175 ponunt;
3049 5106 3265 5177 quando
3284 5118 3461 5164 autem
3493 5119 3680 5181 petunt
3703 5113 3979 5178 auxilium,

2396 5207 2463 5248 ex
2490 5195 2551 5253 iis
2579 5205 2634 5249 ut
2662 5195 2800 5250 salvi
2846 5195 2977 5251 ﬂant
3019 5200 3308 5269 postulant,
3341 5217 3408 5256 ex
3450 5203 3643 5273 quibus
3671 5205 3706 5259 ii
3734 5206 3820 5275 qui
3857 5218 3980 5261 sunt

2396 5285 2759 5341 condemnati.
2786 5286 3075 5356 Quoniam,
3116 5290 3309 5359 inquit,
3340 5293 3470 5347 satis
3512 5309 3784 5363 prunarum
3811 5297 3976 5354 dede.—

2399 5386 2544 5444 rnnt,
2570 5378 2820 5449 quoniam
2851 5389 3091 5436 extrema
3123 5384 3267 5454 passi
3293 5394 3438 5439 sunt.
3480 5386 3593 5443 lloc
3634 5390 3794 5444 etiam
3835 5407 3975 5463 δωρεὴ

2459 5593 2532 5666 (a)
2566 5600 2615 5643 tn
2636 5600 2853 5666 Crteco,_
2870 5601 2935 5666 τξις
2957 5599 3106 5666 usus“
3125 5610 3197 5666 τῳ
3215 5604 3461 5666 sumat-as
3495 5601 3678 5666 stadim».
3703 5602 3815 5666 Qua}.
3836 5609 3973 5645 voce.-

2396 5655 2590 5726 melius,
2613 5667 2722 5704 mea
2739 5656 2941 5726 quidem
2960 5655 3234 5726 sententia,
3263 5662 3596 5726 verterentur,
3618 5655 3971 5726 apestotz'cormn

2398 5714 2721 5789 pericidorum
2748 5714 3118 5789 _'muttituduteni
3148 5717 3378 5789 :_eteui_m
3411 5714 3709 5789 reseratis,
3732 5726 3872 5781 νιςωκ
3902 5722 3963 5789 fa-

2397 5778 2597 5843 miliaris
2616 5787 2693 5829 est
2714 5778 3044 5843 Carysostomo
3068 5780 3117 5829 in
3163 5778 3401 5842 Epistolis,
3426 5786 3479 5829 ut
3500 5778 3797 5831 inmunes-mn
3817 5782 3967 5833 multi-

2403 5840 2613 5892 tudinem
2631 5840 2888 5905 signiticet.
