4154 6418
748 376 842 430 £8!

738 487 925 559 ελεγον
946 480 1110 553 οῦτοι,
1134 487 1342 541 οὐδέπω
1363 485 1489 558 περὶ
1504 485 1727 555 γεέννης
1764 481 1966 544 ειδότες
1992 477 2163 539 οὐδὲν,
2187 471 2310 527 οῦδὲ

744 590 872 657 περὶ
902 584 1195 653 βασιλείας,
1214 584 1333 638 οὐδέ
1354 583 1579 637 τοιαῦτα
1606 577 1945 650 διδαχθέντες
1982 572 2312 663 φιλοσοφεῖν,

744 676 897 753 [1581
916 683 1009 736 καὶ
1024 682 1201 736 πάντα
1218 680 1412 751 ἔφερον
1436 678 1652 751 ῥαδίως.
1684 677 1814 730 Ὀτι
1839 666 2199 735 ἐταπεινώὼ
2228 669 2317 733 εις

742 780 897 848 χοῦν
928 782 966 847 ἡ
994 779 1162 849 ψυχὴ
1184 778 1351 848 ἡμῶν
1373 794 1386 809 ·
1412 776 1714 843 ἐκολλήθη
1753 776 1841 839 εις
1873 772 1993 843 γῆν
2024 771 2062 839 ἡ
2084 768 2315 840 γαστὴρ

743 870 929 941 ἡμῶν.
948 870 1161 940 Ἐπειδὴ
1173 870 1279 942 γὰρ
1292 864 1463 923 εἶπενο
1482 865 1878 932 Ἑπιλανθάνῃ
1897 862 2005 931 τῆς
2020 860 2317 929 πτωχείας

744 963 911 1032 ἡμῶν
933 981 946 995 ’
988 965 1233 1017 τουτέστι
1258 1005 1273 1029 ,
1304 964 1403 1033 τῆς
1448 962 1745 1025 κακώσεως
1764 1002 1779 1023 ,
1820 960 1969 1028 λέγει
1999 957 2189 1011 λοιπὸν
2214 956 2313 1026 τὴν

742 1062 1006 1113 κάκωσιν.
1061 1060 1124 1114 '0
1164 1060 1221 1113 δὲ
1260 1060 1429 1128 λέγει,
1485 1056 1645 1111 τοῦτό
1688 1059 1851 1109 ἐστιν’
1902 1052 2311 1121 ’Δπολώλαμιν,

744 1148 1159 1219 κατωρύγημεν,
1193 1147 1298 1201 τῶν
1319 1146 1528 1217 νεκρῶν
1554 1146 1707 1200 οὐδὲν
1731 1145 1951 1214 ἄμεινον
1969 1140 2309 1211 διακείμεθα.

740 1245 975 1307 Δικαίως
1000 1243 1044 1296 δ’
1065 1243 1130 1297 ἀν
1158 1261 1243 1306 τις
1264 1244 1405 1296 εἴποι
1433 1244 1526 1298 καὶ
1554 1242 1663 1296 τῶν
1686 1242 1799 1304 τοῖς
1819 1239 2056 1312 παροῦσι
2085 1253 2314 1309 προστε-

742 1340 985 1409 τηκότων
1006 1339 1103 1410 τὴν
1122 1339 1321 1410 ψυχὴν,
1349 1342 1429 1403 είς
1458 1338 1586 1409 χοῦν
1610 1335 2058 1402 τεταπεινῶσθαι,
2088 1334 2184 1389 καὶ
2202 1332 2315 1386 τῶν

744 1436 1169 1507 γαστριμάργων
1228 1436 1309 1499 είς
1365 1434 1464 1505 τὴν
1512 1435 1617 1505 γῆν
1676 1432 1774 1503 τὴν
1826 1430 2071 1503 γαστέρα
2118 1428 2311 1485 κεκολ-

742 1531 958 1601 λῆσθαι.

814 1630 923 1683 Καὶ
956 1631 1063 1701 γάρ
1085 1632 1114 1683 6
1150 1629 1312 1700 ἔρωτι
1337 1626 1778 1699 προσδεδεμένας,
1801 1626 1897 1680 καὶ
1920 1624 2057 1695 πρὸς
2086 1624 2177 1677 τὸν
2208 1639 2315 1693 πη-

742 1725 833 1777 λὸν
863 1725 1127 1795 κεχηνὼς,
1157 1726 1251 1779 καὶ
1270 1725 1368 1795 τὴν
1394 1724 1685 1793 ἀσώματον
1708 1721 1939 1791 δύναμιν
1957 1720 2056 1789 τὴν
2078 1721 2135 1774 ἐν
2164 1718 2314 1789 αὐτῷ

746 1820 1085 1873 καταὼυλῶν
1109 1823 1174 1891 τῇ
1198 1818 1395 1890 σποδῷ,
1423 1817 1651 1881 εἰκότως
1687 1818 1753 1871 ἀν
1775 1816 1948 1871 ταῦτα
1970 1816 2181 1883 λέγοιτο
2210 1814 2314 1867 πά-

746 1932 912 1985 σχειν.
960 1914 1026 1967 Τί
1067 1916 1177 1985 γάρ
1214 1916 1361 1968 ἐστιν
1392 1915 1519 1969 ἀλλο
1558 1914 1755 1977 κάλλος
1792 1912 2078 1984 σώματος,
2121 1912 2236 1965 ἀλλ’
2277 1911 2311 1981 ἢ

744 2010 871 2078 χοῦς
906 2011 999 2064 καὶ
1026 2010 1196 2081 πηλὸς
1219 2051 1234 2075 ,
1270 2009 1470 2079 μᾶλλον
1520 2010 1577 2061 δὲ
1611 2010 1703 2062 καὶ
1730 2009 1938 2063 τούτων
1978 2009 2311 2079 είδεχθέστε-

747 2122 873 2175 ρον;
908 2107 969 2158 Et
1010 2106 1067 2158 δὲ
1101 2107 1365 2169 ἀπιστεῖς,
1419 2106 1783 2178 περιεργάζου
1809 2107 1936 2170 τοὺς
1968 2106 2175 2175 τάφους
2203 2103 2313 2158 τῶν

741 2200 1068 2271 ἀνθρώπων,
1103 2203 1197 2255 καὶ
1225 2202 1344 2272 ὄψει
1371 2203 1460 2256 τὸν
1488 2203 1658 2271 πηλὸν
1686 2203 1781 2256 καὶ
1806 2203 1907 2273 τὴν
1936 2201 2107 2255 κόνιν.
2140 2202 2311 2254 Ὅταν

742 2297 851 2367 γάρ
872 2297 1141 2366 ἀποθῆται
1162 2298 1222 2350 τὸ
1254 2298 1545 2368 πρόσωπον
1572 2298 1671 2368 τὴν
1693 2297 1976 2366 παροῦσαν
1995 2297 2162 2368 ζωὴν,
2192 2298 2313 2351 τότε

744 2394 993 2461 φαίνεται
1015 2394 1150 2463 ὅπερ
1180 2393 1327 2447 ἐστί·
1358 2394 1557 2464 μᾶλλον
1577 2393 1633 2447 δὲ
1654 2394 1747 2448 καὶ
1777 2393 1881 2464 πρὸ
1905 2394 2004 2465 τῆς
2033 2395 2313 2465 τελευτῆς.

746 2488 915 2543 Ὅταν
942 2490 1051 2558 γάρ
1070 2489 1133 2541 τὸ
1156 2489 1331 2560 γῆρας
1358 2488 1582 2560 ἐπέλθῃ,
1614 2490 1741 2543 ὅταν
1764 2491 1797 2559 ἡ
1821 2489 1977 2552 νόσος
2008 2491 2314 2563 ἐπισκήψῃ,

744 2585 867 2639 τότε
895 2586 1015 2655 ὕψει
1048 2586 1109 2638 τὸ
1145 2587 1467 2655 φαινόμενον
1488 2604 1499 2614 ·
1530 2585 1701 2654 πηλὸς
1733 2586 1843 2656 γάρ
1876 2588 2025 2639 ἐστιν
2047 2604 2062 2617 ·
2097 2588 2213 2642 ἀλλ’
2241 2589 2316 2651 ὡς

751 2681 913 2749 σοφὸς
937 2680 1286 2752 δημιουργὸς,
1312 2682 1404 2734 καὶ
1432 2679 1491 2744 ἐξ
1513 2680 1763 2743 εὐτελοῦς
1793 2680 1925 2751 ὕλης
1951 2682 2144 2746 κάλλος
2176 2685 2315 2753 ἀμή-

749 2793 909 2846 χανον
935 2776 1189 2846 ἐποίησεν
1212 2776 1581 2843 ἐπιγενέσθαι,
1611 2776 1708 2845 οὐχ
1737 2777 1823 2829 ἵνα
1850 2778 2174 2851 πορνεύσῃς,
2199 2778 2315 2832 ἀλλ’
2332 2788 2347 2801 ‘

748 2870 835 2926 ῖνα
861 2873 960 2942 τῆς
974 2873 1179 2935 οἰκείας
1204 2873 1395 2940 σοφίας
1419 2870 1692 2937 ἀπόδειξίν
1722 2888 1802 2925 σοι
1825 2874 2192 2945 παράσχηται.
2225 2877 2317 2948 Μὴ

748 2968 925 3020 τοίνυν
972 2967 1198 3038 ύδρίσῃς
1230 2967 1321 3019 τὸν
1360 2966 1629 3037 τεχνίτην,
1674 2968 1808 3037 μηδέ
1843 2970 1904 3021 τὸ
1945 2970 2105 3041 ἔργον
2152 2972 2317 3025 αὑτοῦ

749 3065 848 3134 τῆς
874 3065 1082 3133 σοφίας,
1119 3063 1405 3130 ἀσελγείας
1434 3064 1527 3115 καὶ
1558 3064 1811 3133 πορνείας
1850 3065 2105 3120 ὑπόθεσιν
2136 3067 2314 3123 ποιοῦ.

747 3160 926 3230 Μέχρι
972 3158 1222 3212 τοσούτου
1258 3158 1501 3228 θαύμαζε
1539 3158 1638 3230 τὴν
1678 3159 1851 3230 ὤραν,
1901 3161 2061 3233 μέχρι
2103 3163 2195 3217 τοῦ
2235 3165 2323 3219 δο-

749 3256 909 3321 ξάσαι
942 3255 1033 3309 τὸν
1061 3255 1330 3325 τεχνίτην,
1374 3256 1685 3326 περαιτέρω
1725 3256 1781 3309 δὲ
1823 3258 1897 3329 μὴ
1930 3259 2220 3331 προέλθῃς,
2258 3262 2321 3315 τὸ

750 3350 921 3414 πάθος
960 3350 1211 3418 ἀλείφων.
1245 3350 1424 3404 Καλὸν
1452 3351 1513 3404 τὸ
1534 3350 1691 3421 ἔργον
1715 3368 1728 3382 ·
1756 3353 1951 3407 ούκοῦν
1970 3355 2059 3408 τὸν
2084 3357 2322 3427 ἐργασά-

755 3463 914 3515 μενον
960 3449 1311 3517 προσκυνεῖν,
1357 3447 1472 3501 ἀλλ’
1515 3447 1611 3517 οὐχ
1663 3446 1904 3518 ὑϐρίζειν
1948 3452 2075 3523 χρή.
2119 3453 2187 3505 Εἴ
2213 3470 2318 3521 τις,

755 3540 876 3592 εἰπέ
908 3558 1017 3610 μοι,
1062 3542 1299 3610 χρυσοῦν
1322 3543 1611 3614 ἀνδριάντα
1642 3545 1788 3606 τινὸς
1833 3546 1927 3598 καὶ
1953 3547 2138 3600 είκόνα
2169 3547 2323 3616 βασι-

752 3635 910 3708 λικὴν
936 3635 1133 3699 λαϐὼν,
1162 3638 1462 3708 κατῄσχυνε
1499 3620 1743 3710 βορϐόρῳ
1783 3642 1877 3693 καὶ
1910 3642 2117 3713 ἑτέροις
2149 3644 2321 3697 τοιού·

752 3749 899 3794 τοις.
926 3732 1026 3784 οὐκ
1062 3731 1127 3784 ἂν
1165 3732 1262 3803 τὴν
1307 3735 1541 3803 ἐσχάτην
1590 3737 1757 3789 ἔδωκε
1787 3738 1975 3809 δίκην;
2016 3740 2077 3792 El
2106 3741 2163 3793 δὲ
2195 3743 2224 3795 6
2266 3742 2323 3795 ἐν

751 3829 865 3890 τοῖς
908 3827 1265 3897 ἀνθρωπίνοις
1318 3840 1343 3868 α
1400 3829 1668 3900 ἀγνώμων
1719 3832 1985 3901 τοσαύτης
2025 3835 2325 3902 ὑπεύθυνός

755 3927 871 3976 ἐστι
900 3924 1195 3994 τιμωρίας,
1229 3926 1257 3977 6
1298 3926 1358 3976 τὸ
1400 3925 1560 3995 ἔργον
1594 3928 1685 3981 τοῦ
1717 3929 1851 3981 Θεοῦ
1891 3931 2128 4005 τοσαύτῃ
2165 3950 2323 4004 περι-

754 4018 933 4074 ϐαλὼν
969 4020 1163 4090 ἀτιμίᾳ
1189 4059 1203 4084 ,
1237 4021 1289 4072 τί
1324 4022 1609 4086 πείσεται,
1654 4025 1749 4077 καὶ
1783 4024 2015 4093 μάλιστα
2060 4027 2187 4081 ὅταν
2231 4030 2324 4083 καὶ

753 4116 985 4182 γυναῖκα
1026 4114 1164 4183 έχων
1198 4115 1452 4186 φαίνηται
1490 4118 1518 4168 6
1550 4117 1719 4171 ταῦτα
1754 4120 1922 4172 ποιῶν
1965 4121 2033 4188 1’;
2084 4124 2175 4195 Μὴ
2216 4126 2324 4196 γάρ

757 4224 845 4277 μοι
873 4208 997 4275 λέγε
1027 4210 1125 4279 τῆς
1160 4210 1372 4277 φύσεως
1401 4212 1500 4281 τὴν
1547 4212 1859 4284 ἐπιθυμίαν.
1896 4214 1996 4267 Διὰ
2022 4216 2179 4269 τοῦτο
2218 4219 2325 4289 γὰρ

753 4302 929 4371 γάμος
975 4304 1290 4375 ἐπετράπη,
1335 4306 1422 4359 ἴνα
1471 4306 1545 4377 μὴ
1594 4307 1736 4377 πέρα
1784 4306 1893 4361 τῶν
1925 4309 2138 4363 οίκείων
2184 4314 2325 4381 ὅρων

754 4396 1073 4467 προόαίνῃς.
1121 4400 1229 4451 Θέα
1276 4400 1384 4470 γάρ
1415 4400 1547 4470 ὅσης
1580 4401 1728 4465 άξιος
1786 4403 1880 4474 ἔσῃ
1929 4406 2216 4474 τιμωρίας.
2269 4407 2327 4459 Ὀ

758 4492 857 4559 μὲν
878 4490 984 4563 γὰρ
1014 4493 1143 4555 Θεὸς
1172 4495 1265 4547 καὶ
1290 4496 1389 4565 τῆς
1419 4496 1776 4561 ἀναπαύσεώς
1806 4517 1897 4552 σου
1928 4502 2019 4553 καὶ
2048 4502 2145 4572 τῆς
2171 4503 2327 4573 δόξης

756 4588 1101 4657 προενόησεν,
1129 4588 1213 4641 ἴνα
1244 4591 1337 4643 καὶ
1365 4590 1597 4662 ἐκλύσῃς
1626 4593 1724 4663 τὴν
1751 4593 1945 4647 λύτταν
1976 4596 2075 4666 τῆς
2114 4599 2329 4667 φύσεως

753 4682 841 4733 διά
889 4682 990 4751 τῆς
1028 4685 1285 4751 γυναικὸς
1310 4724 1323 4747 ,
1359 4687 1452 4739 καὶ
1497 4687 1793 4751 ἀκινδύνως
1824 4690 1980 4743 τοῦτο
1998 4696 2202 4762 γποιῇς,
2234 4696 2322 4749 καὶ

756 4778 935 4848 πάσης
968 4779 1283 4851 ἀπαλλαγῇς
1312 4770 1715 4852 ἀσχημοσύνης.
1748 4786 1819 4838 Σὺ
1852 4787 1907 4838 δὲ
1939 4788 2028 4840 τὸν
2057 4790 2198 4843 οὕτω
2233 4809 2324 4844 σου

757 4874 1087 4946 προνοοῦντα
1110 4878 1173 4931 ἐκ
1197 4881 1508 4951 περιουσίας
1534 4880 1807 4952 ὑϐρίξεις;
1837 4885 1972 4937 Εἰπὲ
2002 4887 2110 4958 γάρ
2140 4907 2249 4958 μοι,
2279 4893 2326 4943 εί

759 4971 833 5042 μὴ
859 4970 1125 5045 ἐδουλήθη
1160 4974 1525 5046 νομοθετῆσαι
1563 4979 1761 5048 γάμον,
1792 4979 1963 5049 πόσην
1999 4981 2063 5035 ἂν
2090 4984 2328 5054 ὑπέστης

756 5064 910 5135 βίαν;
956 5068 1129 5138 πόσην
1165 5071 1416 5135 κόλασιν;
1456 5073 1584 5125 Δέον
1618 5069 1709 5126 οὖν
1761 5090 1817 5126 σε
1861 5076 2201 5147 εὐχαριστεῖν
2235 5082 2328 5135 καὶ

755 5160 1014 5225 δοξάζειν,
1044 5165 1124 5217 ὅτι
1154 5166 1213 5217 τὸ
1242 5166 1400 5219 πλέον
1424 5167 1728 5236 ύπετέμετό
1753 5186 1835 5221 σοι
1862 5170 1970 5223 τῶν
2000 5172 2197 5238 πόνων,
2226 5194 2330 5229 πα-

757 5251 1025 5329 ραμυθίαν
1057 5260 1117 5313 ού
1155 5262 1252 5333 τὴν
1284 5262 1549 5333 τυχοῦσαν
1583 5265 1877 5337 ἐπινοήσας
1900 5308 1914 5332 ,
1945 5269 2009 5321 σὺ
2031 5268 2088 5321 δέ
2119 5271 2329 5343 ἐνυϐρί-

757 5351 870 5417 ζεις
898 5356 1245 5427 ἀγνωμόνως,
1261 5360 1353 5411 καὶ
1373 5363 1768 5431 ἀναισχυντεῖς,
1789 5363 2023 5427 καὶτοὺς
2048 5367 2328 5436 κειμένους

758 5445 1263 5525 ὑπερδαίνειςμῦθ]
1283 5456 1459 5524 ὄρους,
1495 5458 1585 5509 καὶ
1609 5457 1706 5527 τὴν
1729 5458 1921 5511 ἐαυτοῦ
1954 5464 2328 5534 καταισχύνεις

820 5606 847 5679 ς
882 5602 1076 5679 ιτοῖς
1098 5607 1353 5679 ἀνθρώποις
1375 5612 1500 5679 Reg.

821 5663 1017 5736 {Colit}.
1063 5663 1257 5726 γυναῗκα
1296 5663 1400 5734 ἔχῃ,
1451 5663 1573 5737 Reg.
1626 5676 1717 5725 θδι
1747 5679 1858 5725 ὅταν
1893 5684 2088 5742 γυναῖκα
2113 5686 2138 5733 ὁ
2181 5688 2329 5738 ταῦτα

759 5740 907 5773 ποιων
922 5743 1161 5784 κεκτηται.

1479 371 1539 428 5.
1573 366 1857 426 JOANNIS
1894 354 2384 420 CHRYSOSTOHI
2422 358 2737 416 ABCIIIEP.
2778 359 3321 418 CONSTANTINOP.

3891 358 4003 414 18‘)

2414 470 2608 541 δόξαν;
2638 476 2752 529 Ούκ
2780 474 2997 537 ἀκούεις
3034 475 3249 529 Παύλου
3281 473 3527 543 λέγοντος
3557 471 3650 525 κει
3670 471 3784 538 νῦν,
3812 474 3905 526 καὶ
3938 475 4005 527 ἐν

2415 566 2493 638 τῷ
2523 570 2674 641 μέσῳ
2712 568 2978 640 βοῶντος,
3009 570 3261 639 Φεύγετε
3291 569 3406 637 τὴν
3432 568 3716 637 πορνείαν
3738 609 3755 632 ,
3791 570 4005 639 μᾶλλον

2414 663 2473 718 δέ
2516 663 2610 717 τοῦ
2648 664 2885 737 Χριστοῦ
2925 661 3019 717 τοῦ
3056 663 3155 734 τὴν
3205 663 3415 717 ἐκείνου
3456 662 3633 733 ψυχὴν
3676 662 4001 731 κινοῦντος;

2416 761 2481 815 Τί
2506 761 2941 833 καταμανθάνεις
2990 760 3186 823 κάλλος
3220 759 3534 831 ἀλλότριον;
3569 759 3621 813 τί
3650 761 4005 833 περιεργάζῃ

2416 857 2705 928 πρόσωπον
2738 857 2799 909 οὑ
2834 855 2965 919 σόν;
3014 854 3070 909 τί
3109 854 3250 928 φέρῃ
3288 853 3433 907 κατά
3462 853 3754 924 κρημνῶνς
3796 854 3852 907 τί
3879 858 4005 917 τοῖς

2415 926 2655 1014 δικτύοις
2680 950 2973 1020 ἐμϐάλλεις
2998 926 3194 1002 σαυτόν
3216 966 3230 1014 ;
3262 948 3513 1019 Τείχισόν
3544 966 3637 1002 σου
3662 951 3783 1011 τοὺς
3799 949 4001 1017 ὀφθαλ-

2418 1046 2587 1115 μοὺς,
2636 1044 2973 1115 περίφραξόν
3014 1060 3108 1097 σου
3150 1041 3212 1095 τὸ
3251 1042 3441 1113 ὸμμα,
3480 1042 3621 1095 τίθει
3669 1042 3831 1112 νόμον
3878 1045 4005 1107 τοῖς

2413 1140 2729 1210 ὀφθαλμοῖς.
2770 1142 3035 1191 Ἀκουσον
3067 1137 3413 1201 ἀπειλοῦντος
3458 1136 3552 1189 τοῦ
3588 1137 3823 1207 Χριστοῦ
3847 1175 3864 1199 ,
3899 1139 4003 1190 καὶ

2412 1236 2513 1304 τὴν
2539 1235 2833 1289 ἀκόλαστον
2854 1232 2974 1301 ὄψιν
2999 1233 3057 1287 ἐν
3080 1234 3179 1301 ίσῳ
3211 1232 3454 1302 μοιχείας
3483 1230 3779 1303 κρίνοντος.
3804 1233 3870 1285 Τί
3895 1233 4001 1301 τῆς

2414 1330 2604 1401 ἡδονῆς
2632 1329 2823 1399 ὄφελος
2844 1367 2858 1392 ,
2889 1330 3018 1382 ὅταν
3058 1326 3320 1398 σκώληκα
3345 1326 3540 1399 τίκτῃ;
3592 1328 3722 1381 ὅταν
3768 1327 4005 1397 διηνεκῆ

2414 1425 2605 1494 φόδονς
2628 1425 2757 1478 ὅταν
2790 1423 3060 1478 ἀθάνατον
3091 1422 3170 1493 τῷ
3202 1422 3462 1493 δράσαντι
3496 1423 3803 1494 τιμωρίαν;
3834 1422 4009 1491 Πόσῳ

2414 1520 2620 1592 βέλτιον
2653 1520 2843 1590 μικρὸν
2902 1518 3269 1589 ἀνασχόμενον
3294 1518 3398 1587 τῆς
3439 1516 3560 1587 βίας
3602 1517 3701 1585 τῆς
3743 1518 3854 1571 ἀπὸ
3886 1518 4006 1572 τῶν

2412 1616 2695 1688 ἡμετέρων
2711 1615 3004 1685 λογισμῶν,
3017 1593 3309 1677 διαπαντὸς
3323 1615 3380 1665 ἐν
3395 1612 3577 1665 ἀνέσει
3595 1608 3753 1679 εἶναι,
3782 1614 3816 1684 ἢ
3836 1613 4007 1681 ὀλίγοι.

2414 1712 2773 1783 χαρισάμενον
2798 1712 2919 1773 ταῖς
2943 1711 3167 1771 ἀτόποις
3192 1708 3514 1777 ἐπιθυμίαις
3542 1706 3786 1761 ἀθάνατα
3816 1725 3969 1778 τιμω
3988 1740 4003 1747 -

2417 1806 2623 1878 ρεῖσθαι
2644 1822 2658 1870 ;
2680 1805 2776 1873 Μὴ
2810 1805 3013 1867 τέκνα,
3039 1802 3127 1873 μὴ
3160 1801 3380 1857 ποιεῖτε
3411 1803 3596 1866 οὕτως
3618 1819 3632 1833 ο
3660 1805 3771 1856 οὐκ
3798 1804 4005 1871 ἀγαθὴ

2412 1903 2451 1969 ἡ
2477 1882 2629 1971 ἀκοὴ
2646 1943 2659 1965 ,
2688 1901 2767 1969 ῆν
2791 1901 2905 1971 ἐγὼ
2929 1901 3129 1955 ἀκούω
3152 1900 3285 1969 περὶ
3311 1897 3497 1969 ὑμῶν.
3526 1897 3655 1953 Οἶδα
3682 1899 3815 1970 πρὸς
3840 1900 4007 1964 τίνας

2412 1998 2441 2049 6
2486 1997 2640 2065 λόγος
2680 1996 3057 2059 ἀποτείνεται,
3105 1995 3167 2048 ού
3217 1993 3352 2065 πρὸς
3381 1994 3626 2058 ἅπαντας
3653 2012 3665 2023 ·
3703 1995 3817 2048 ἀλλ’
3864 1995 4005 2049 ἔνθα.

2413 2094 2481 2148 ἂν
2518 2093 2651 2167 εῦρῃ
2684 2094 2744 2147 τὸ
2789 2093 3032 2163 τραῦμα,
3090 2093 3207 2144 ἐκεῖ
3254 2092 3448 2159 ἐπάγει
3483 2091 3544 2144 τὸ
3578 2091 3893 2162 φάρμακον.
3930 2091 4003 2144 Τί

2411 2190 2503 2243 τὸν
2534 2190 2711 2259 γάμον
2750 2188 3027 2255 ὑϐρίξεις
3058 2187 3111 2239 τί
3142 2186 3237 2256 τὴν
3262 2187 3421 2257 εὐνὴν
3454 2187 3694 2251 ἀδικεῖς;
3727 2187 3779 2238 τί
3804 2187 3865 2239 τὸ
3901 2184 4005 2256 μὲ-

2414 2280 2503 2344 λος
2532 2281 2592 2333 τὸ
2622 2282 2713 2333 σὸν
2749 2278 3116 2349 ἐπηρεάζειςς
3154 2278 3207 2331 τί
3240 2278 3337 2348 τὴν
3375 2277 3534 2344 δόξαν
3572 2295 3667 2330 σου
3704 2276 4005 2346 καταισχῦ-

2415 2392 2558 2439 νεις;
2585 2376 2859 2444 Ἐκκοψον
2892 2375 2953 2427 τὸ
2988 2372 3177 2437 πάθος,
3212 2372 3368 2427 ἄνελε
3406 2375 3505 2436 τὰς
3535 2373 3767 2444 τρυφάς.
3800 2373 4003 2443 Τρυφὴ

2416 2472 2509 2531 καὶ
2555 2471 2691 2541 μέθη
2725 2471 2900 2540 πηγαὶ
2940 2468 3215 2539 πορνείας.
3252 2469 3347 2521 Ἂν
3388 2471 3454 2540 τῇ
3493 2468 3673 2522 ἀνέσει
3705 2467 3779 2539 μὴ
3812 2470 4003 2540 χρήσῃ

2415 2569 2494 2628 είς
2533 2565 2669 2629 δέον,
2726 2565 2921 2633 ἐπάγει
2958 2582 3039 2617 σοι
3081 2564 3276 2633 θλίψιν.
3313 2566 3578 2618 ’Δκουσον
3618 2566 3670 2617 τί
3703 2565 3907 2620 ἔπαθον
3947 2568 4004 2619 οἱ

2427 2662 2665 2714 Ἰουδαῖοι
2692 2660 3109 2732 πορνεύσαντες,
3135 2663 3185 2713 οἱ
3215 2661 3289 2731 μὴ
3320 2660 3714 2730 μεταλαϐόντες
3744 2662 4003 2731 σώματος

2416 2758 2672 2829 Χριστοῦ,
2693 2759 2740 2810 οί
2758 2757 3037 2829 τραπέζης
3070 2757 3143 2828 μὴ
3168 2756 3573 2823 ἀπολαύσαντες
3595 2757 4001 2827 πνευματικῆς.

2416 2854 2583 2921 Μηδὲ
2602 2854 3005 2923 πορνεύωμεν,
3026 2854 3180 2923 φησὶ,
3204 2853 3396 2917 καθώς
3415 2869 3574 2917 τινες
3595 2852 3794 2906 αὐτῶν
3816 2854 4004 2921 ἐπέρ.

2418 2965 2681 3015 νευσαν,
2722 2952 2817 3003 καὶ
2859 2951 3086 3004 ἔπεσον
3117 2930 3187 3001 ἐν
3216 2948 3326 3018 μιᾷ
3362 2948 3552 3018 ἡμέρᾳ
3599 2949 3793 3002 εἴκοσι
3840 2949 4006 3016 τρεῖς

2419 3045 2703 3114 χιλιάδες.
2756 3045 3026 3108 Ἀνάστα,
3078 3046 3275 3113 Κύριε,
3307 3044 3628 3111 ,βοήθησον
3679 3044 3846 3113 ἡμῖν,
3896 3044 4003 3098 καὶ

2418 3140 2717 3206 λύτρωσαι
2743 3140 2897 3209 ἡμᾶς
2922 3140 3129 3194 ἕνεκεν
3155 3140 3262 3194 τοῦ
3286 3142 3577 3209 ὀνόματός
3607 3154 3744 3194 σου.
3778 3138 4005 3204 "ANJK.

2421 3234 2598 3303 Στῆθι
2614 3236 3197 3304 ἀντααμϐανύμενος
3215 3234 3402 3305 ήμῶν,
3421 3236 3518 3289 καὶ
3528 3236 3713 3305 ῥῦσαι
3728 3234 3886 3304 ἡμᾶς
3900 3236 4011 3291 διὰ

2420 3330 2487 3384 τὸ
2524 3331 2697 3397 ἔλεός
2735 3348 2872 3385 σου.
2911 3316 3054 3401 ’Ὅρα
3100 3330 3200 3385 ποῦ
3257 3332 3347 3384 τὸν
3395 3331 3551 3399 λόγον
3604 3330 4002 3383 κατέκλεισανο

2426 3425 2567 3494 μετά
2598 3426 2771 3496 μυρία
2803 3425 2983 3479 αὐτῶν
3010 3425 3430 3496 κατορθώματα,
3456 3426 3619 3478 πόθεν
3646 3425 3854 3489 ἀξιοῦσι
3892 3424 4007 3477 σπώ-

2422 3522 2645 3586 ζεσθαι;
2681 3520 2813 3573 Ἀπὸ
2842 3521 3045 3584 ἐλέους,
3060 3523 3166 3573 ἀπὸ
3190 3520 3619 3591 φιλανθρωπίας,
3639 3521 3798 3573 διὰτὸ
3826 3520 4005 3592 ὄνομα

2421 3615 2515 3668 τοῦ
2554 3616 2711 3669 Θεοῦ.
2760 3616 2825 3667 Τί
2862 3618 3033 3677 ἐστιν,
3068 3616 3322 3670 Ἕνεκεν
3362 3615 3467 3668 τοῦ
3509 3616 3800 3683 ὀνόματός
3839 3630 4002 3677 σου;

2426 3712 2542 3764 ἰνα
2576 3714 2649 3781 μὴ
2683 3711 2815 3764 αὐτὸ
2842 3711 3143 3781 βεϐηλωθῇ,
3175 3711 3202 3763 ὃ
3231 3711 3325 3763 καὶ
3347 3710 3508 3773 αὐτὸς
3542 3709 3799 3771 πολλάκις
3828 3708 4003 3778 λέγει,

2424 3808 2505 3859 ὅτι
2530 3806 2682 3860 Ποιῶ
2704 3806 2911 3859 ἕνεκεν
2954 3806 3058 3860 τοῦ
3091 3807 3382 3875 ὀνόματός
3405 3824 3542 3875 μου.
3575 3798 3726 3869 Εἶδες
3748 3822 4007 3861 ταπεινο-

2424 3900 2698 3972 φροσύνην
2744 3902 2837 3954 καὶ
2884 3901 3349 3971 συντετριμμένην
3380 3900 3653 3964 διάνοιαν;
3693 3902 3806 3955 Καὶ
3835 3901 4006 3955 πόθεν

2425 3996 2635 4061 ἀξιοῦσι
2681 3999 2955 4067 σωθῆναι;
2997 3997 3128 4049 ’Δπὸ
3157 3995 3566 4066 φιλανθρωπίας
3589 4037 3605 4061 ,
3636 3997 3743 4049 ἀπὸ
3780 3997 4003 4062 ἐλέουςο

2425 4093 2500 4155 ὡς
2525 4095 2573 4145 οί
2609 4093 2806 4164 ἔρημοι
2855 4091 3313 4162 κατορθωμάτων,
3349 4091 3423 4154 ὡς
3448 4092 3498 4142 οί
3527 4093 3659 4163 μηδέ
3704 4110 3756 4145 τι
3787 4092 4005 4162 ἔχοντες

2425 4186 2697 4257 δικαίωμα
2731 4190 3023 4256 σωτηρίας,
3052 4187 3230 4239 καίτοι
3273 4186 3546 4249 τοσούτοις
3584 4185 3857 4257 κομῶντες
3905 4188 4004 4241 πό-

2427 4300 2539 4345 νοις
2572 4284 2665 4335 καὶ
2708 4282 2975 4345 κινδύνοις
2997 4321 3011 4345 ,
3052 4284 3132 4345 είς
3163 4283 3254 4335 τὸν
3292 4282 3425 4335 Θεὸν
3472 4281 3533 4334 τὸ
3564 4284 3670 4335 πᾶν
3716 4283 4003 4354 ἀνέφερον.

2427 4376 2662 4439 Τούτους
2700 4377 2764 4447 δὴ
2796 4377 2889 4429 καὶ
2929 4379 3089 4447 ἡμεῖς
3119 4379 3169 4428 οί
3209 4379 3266 4429 ἐν
3294 4380 3358 4447 τῇ
3391 4377 3571 4447 χάριτι
3613 4376 4005 4448 μιμησώμεθα,

2430 4474 2524 4526 καὶ
2552 4471 2708 4537 δόξαν
2739 4473 3147 4543 ἀναπέμῷωμεν
3176 4471 3253 4541 τῷ
3281 4471 3400 4542 θεῷ
3418 4514 3434 4541 ,
3458 4465 3501 4540 ᾧ
3542 4473 3575 4543 ἡ
3610 4471 3735 4536 δόξα
3767 4474 3846 4536 είς
3876 4476 4005 4537 τοὺς

2430 4564 2631 4632 αἰῶνας
2669 4568 2776 4621 τῶν
2813 4567 3041 4621 αἰώνων.
3088 4569 3278 4638 Ἀμήν.

2697 4736 2850 4811 [160]
2891 4738 2997 4791 ΕΙΣ
3030 4737 3167 4790 TON
3205 4737 3315 4789 MA'
3367 4737 3685 4792 ‘P'AAMON.

2441 4906 2752 4970 Ἐπινίκιος
2784 4906 2933 4971 ὑπὲρ
2971 4904 3088 4973 τῶν
3114 4905 3312 4957 ἀνθῶν
3348 4905 3466 4957 τῶν
3496 4906 3640 4958 υἱῶν
3669 4909 3838 4973 Κορὲ.
3877 4907 4002 4960 "Al-

2500 4977 2607 5038 λος,
2673 4977 2755 5038 Τῴ
2799 4972 3081 5036 νικοποιῷ
3131 4974 3227 5024 ἐπὶ
3263 4974 3387 5039 τοῖς
3422 4976 3648 5040 κρίνοις
3692 4972 3811 5028 τῶν
3857 4977 4004 5031 rubr

2498 5046 2665 5112 Κορὲ.
2708 5045 2765 5097 '0
2794 5044 2849 5096 δὲ
2892 5044 3137 5111 Ἐϐραῖος
3165 5043 3289 5112 ἀντὶ
3316 5044 3434 5106 τοῦ,
3460 5046 3713 5110 Κρίνοις,
3758 5046 3861 5099 Ἀλ
3882 5062 4005 5099 σω-

2498 5106 2666 5168 adre)
2671 5134 2735 5183 μ,
2752 5106 3235 5183 λέγει’Σὺνέσεως
3254 5106 3417 5181 ᾆσμα
3439 5106 3525 5179 εἰς
3545 5118 3651 5168 τὸν
3670 5106 4001 5182 ἀγαπητόν.

2502 5180 2715 5247 Ἄλλος,
2756 5183 3180 5250 Ἑπιστήμονος
3200 5180 3363 5253 ᾆσμα
3384 5186 3531 5250 πριῑς
3556 5180 3760 5252 φιλίας
3792 5196 3839 5236 ο.
3860 5180 4003 5237 ν”Αλο

2497 5256 2607 5316 λος.
2658 5254 2781 5318 Τοῖς
2811 5253 3216 5320 ἠγαπημένοις
3238 5272 3250 5284 ·
3275 5255 3303 5305 6
3331 5254 3387 5305 δέ
3426 5253 3697 5323 Ἐὁραῖος,
3739 5253 3965 5309 Ἰδοθὼθ
3986 5296 4003 5314 .

2500 5325 2682 5393 φησίν.
2702 5326 2764 5376 υἱ
2785 5324 2840 5375 δὲ
2869 5323 3285 5392 Ἐδδομήκοντα.
3306 5326 3409 5393 Είς
3436 5326 3499 5375 τὸ
3522 5324 3695 5389 τέλος
3717 5325 3869 5391 ὑπὲρ
3887 5324 4003 5379 τῶν

2498 5392 3072 5461 ἀλλοιωθησομένων
3096 5394 3218 5459 τοῖς
3242 5392 3395 5456 υἱοῖς
3424 5394 3590 5462 Κορὲ,
3618 5397 3704 5460 είς
3723 5395 4001 5459 σύνεσιν,

2497 5464 2619 5532 ᾠδὴ
2654 5465 2806 5530 ὑπὲρ
2835 5462 2937 5516 τοῦ
2966 5463 3296 5530 ἀγαπητοῦ.

2491 5622 2511 5649 ε
2556 5617 2693 5681 Illud?
2720 5626 2797 5665 est
2832 5616 3046 5681 Aqui_lm;
3093 5618 3175 5665 οἵῆ
3205 5630 3306 5681 ιιιιο
3341 5629 3459 5681 voce
3502 5618 3678 5681 legtgnl
3702 5618 3996 5681 ποοσφιλίσς.

2432 5680 2601 5728 Lectio
2620 5680 2718 5733 τοῖς
2740 5676 3059 5738 ἠγαπημένοις
3092 5687 3170 5729 Est
3203 5676 3577 5728 'l‘heodotiouis:
3604 5676 3800 5741 Ίδιθώθ,
3822 5676 4011 5736 melius

2432 5743 2607 5802 ἶδιδὼθ,
2630 5741 2871 5790 llcbruice
2910 5747 3081 5797 m‘v.
3961 5774 4008 5809 ο
